1909 3228
327 552 394 596 68

457 210 543 252 638
871 209 1337 249 HERODOTI

459 318 615 369 ἐούσας
645 319 850 368 σπανίας,
898 318 970 360 καὶ
999 317 1102 368 τούς
1141 318 1327 370 λύκους,
1377 318 1431 363 οὐ
1463 324 1609 378 πολλῷ
1638 322 1719 380 τέῳ

457 396 608 447 ἐόντας
638 395 875 439 ἀλωπέκων
904 396 1111 452 μέζονας,
1166 395 1305 442 αὐτοῦ
1333 397 1554 443 θάπτουσι
1582 405 1635 458 τῇ
1666 400 1720 444 ἂν

457 473 691 530 εὑρεθέωσι
721 477 922 530 κείμενοι.

569 557 669 597 Τῶν
703 553 748 598 δὲ
780 557 1073 610 κροκοδείλων
1102 554 1235 612 φύσις
1273 555 1363 599 ἐστὶ
1399 555 1560 612 τοιήδε.
1616 558 1720 611 τούς
1762 568 1841 607 136

124 614 272 642 (Ἲι-οοοᾱῐῐί
314 619 402 643 natu-

123 657 176 675 ra:
214 658 315 684 pacem
335 651 400 676 avit

121 690 188 710 cum
205 684 267 711 solo
287 687 351 711 troc
376 683 399 711 i-

121 715 161 744 lo.

397 775 600 825 Aegyptios
636 774 791 812 diximus
820 774 868 811 ad
907 773 964 821 Il,
986 774 1052 816 75.

396 833 481 869 Hoc
514 831 592 868 loco
619 831 707 867 illud
732 832 961 882 potissimum
996 835 1053 869 te-

396 889 474 925 neri
501 888 691 935 volumus,
720 889 819 936 quod
850 888 944 936 Ibis,
974 902 1052 926 eum

398 945 563 982 Niliacae
602 945 849 981 inundationis
879 949 977 982 esset
1005 946 1054 981 si-

397 1015 509 1051 gnum
539 1015 580 1038 ac
607 1001 810 1051 symbolum
829 1030 838 1048 ‚
869 1001 1051 1039 Mercurio

397 1072 545 1108 quoque
565 1071 666 1094 sacra
689 1059 968 1106 perhibebatur,
989 1059 1051 1107 qui

397 1116 489 1152 deus
508 1118 643 1165 primus
654 1115 727 1151 Nili
743 1115 937 1151 crescentis
948 1128 1052 1152 men-

397 1184 500 1209 suras
522 1172 685 1221 percepit
711 1176 747 1208 et
766 1172 961 1217 indicavit,
995 1172 1049 1207 in-

393 1229 515 1277 deque
538 1228 643 1264 ibidis
661 1228 779 1279 capite
799 1228 970 1277 imposito
992 1242 1051 1265 re-

392 1288 647 1335 praesentatus
680 1289 870 1334 comparet
898 1285 932 1321 in
962 1298 1050 1321 ana-

393 1341 538 1391 glyphis
562 1354 603 1377 ac
613 1341 760 1390 picturis
774 1341 1048 1390 Aegyptiorum.

394 1398 520 1440 Quare
542 1398 757 1447 Hermopoli
784 1398 805 1434 i.
828 1412 857 1435 e.
878 1398 1048 1433 Mercurii

394 1454 432 1490 in
453 1454 566 1500 urbe,
605 1466 742 1490 sacram
768 1466 871 1491 avem
904 1453 1047 1501 sepeliri

395 1522 438 1546 ac
458 1510 585 1559 reponi
612 1514 905 1547 consentaneum.
937 1511 1044 1546 Cous.

396 1566 568 1603 Creuzeri
590 1566 740 1614 symbol.
762 1566 775 1601 I
796 1580 830 1615 p.
844 1565 1043 1607 486487.

451 1619 521 1668 τοὶς
534 1619 574 1660 δὲ
589 1619 758 1670 ἄρκτους
769 1651 778 1667 ‚
792 1619 933 1667 ἐούσας
948 1634 1043 1659 σπα-

394 1679 485 1724 νίας
507 1677 641 1728 κ.τ.λ.]
671 1678 806 1715 Auctor
824 1684 878 1716 est
889 1678 1046 1728 Prosper

394 1735 549 1785 Alpinus
569 1735 649 1771 hist.
678 1740 752 1772 nat.
784 1734 956 1784 Aegyptt.
986 1734 1046 1781 lV,

395 1794 421 1832 9
443 1805 529 1841 pag.
556 1793 655 1838 132,
686 1804 810 1837 ursos,
831 1792 949 1840 lupos,
971 1790 1048 1826 vul-

393 1861 460 1898 pes
480 1849 515 1884 in
531 1847 628 1896 Aeg)
640 1852 701 1897 pto
725 1848 894 1896 reperiri,
921 1860 1049 1895 quam-

395 1917 503 1953 quam
533 1904 631 1940 haud
673 1916 806 1950 magna
839 1904 885 1940 sit
923 1916 1048 1940 eorum

393 1961 509 2010 copia.
571 1960 686 1997 Ursos
712 1961 807 1996 idem
839 1960 943 1996 addit
972 1959 1049 1995 ovi-

394 2018 462 2054 bus
500 2017 631 2053 nostris
666 2017 761 2053 haud
787 2017 939 2053 maiores
967 2028 1048 2052 esse

393 2074 592 2122 itidemque
611 2073 716 2122 lupos
739 2077 774 2110 et
793 2073 918 2123 vulpes
936 2072 1047 2122 duplo

392 2131 549 2167 minores
579 2142 686 2178 quam
717 2130 816 2178 apud
848 2143 914 2166 nos
950 2130 1048 2165 inve-

392 2187 471 2223 niri.
539 2186 591 2223 Ac
619 2190 801 2223 testantur
829 2185 1045 2222 Aristoteles

391 2244 504 2291 (hist.
538 2255 595 2279 an.
616 2243 720 2289 Vlll,
740 2243 824 2290 26)
854 2247 889 2279 et
909 2242 1046 2279 Plinius

391 2300 473 2336 hist.
498 2303 569 2336 nat.
590 2300 697 2346 vlu,
729 2303 805 2346 22,
848 2298 952 2348 lupos
981 2310 1047 2348 per

392 2356 603 2405 Aegyptum
630 2357 788 2392 minores
822 2369 902 2392 esse
935 2367 1045 2404 quam

393 2413 431 2449 in
451 2413 618 2449 Graecia.
678 2413 800 2456 Quum
828 2425 913 2449 vero
935 2411 1045 2447 hodie

392 2470 430 2505 in
457 2468 626 2518 Aegypto
655 2468 760 2518 lupos
790 2469 940 2518 reperiri
968 2467 1045 2518 ple-

391 2526 494 2573 rique
522 2529 679 2573 negent,
709 2525 787 2561 aliis
816 2525 978 2574 quamvis
1005 2536 1045 2560 se

390 2581 446 2618 vel
478 2582 615 2619 vidisse
648 2581 750 2631 lupos
776 2581 832 2618 vel
867 2580 1044 2617 ululantes

392 2638 551 2675 audiisse
571 2638 816 2675 asserentibus
829 2665 840 2683 ‚
861 2650 926 2684 ea,
950 2648 1044 2685 quae

395 2694 442 2730 de
462 2694 516 2730 his
541 2694 751 2731 animalibus
783 2694 881 2744 apud
903 2696 1044 2730 veteres

395 2753 623 2796 enarrantur,
664 2751 712 2787 ad
743 2751 841 2799 lupos
873 2751 1044 2786 cervarios

396 2817 423 2839 s.
444 2804 604 2842 chamlos
624 2806 736 2843 relata
759 2806 907 2853 volunt,
937 2806 1045 2855 quip-

394 2872 443 2908 pe
457 2872 611 2909 quorum
630 2863 826 2900 etiamnum
845 2862 942 2900 haud
951 2875 1043 2913 pau-

1123 788 1187 812 cae
1215 775 1442 825 reperiantur
1463 777 1641 824 mumiae,
1671 779 1775 815 testi-

1122 832 1190 868 bus
1213 832 1381 868 Iomardo
1402 833 1442 880 (l.
1465 832 1486 869 l.
1507 833 1541 869 Χ
1562 832 1596 884 §.
1611 836 1775 884 8p.353

1123 902 1151 925 s.
1167 888 1298 926 recueil
1319 893 1386 926 etc.
1407 903 1441 939 p.
1455 892 1660 940 317.314)
1681 892 1776 928 aliis—

1121 958 1193 993 que
1209 974 1219 992 ,
1249 958 1340 994 quos
1359 945 1483 982 laudat
1502 947 1716 984 Reinhardt.
1738 949 1774 984 in

1121 1002 1304 1038 dissertat.
1326 1002 1422 1038 laud.
1445 1015 1527 1051 pag.
1544 1006 1603 1044 16.
1623 1007 1671 1044 17
1693 1004 1772 1041 coll.

1119 1060 1156 1098 7.
1203 1058 1301 1094 Add.
1334 1058 1546 1107 Langguth.
1586 1061 1632 1097 de
1665 1061 1773 1097 bestt.

1118 1113 1292 1164 Aegyptt.
1314 1119 1380 1151 etc.
1412 1128 1447 1164 p.
1469 1118 1522 1156 36
1541 1129 1616 1164 seq.
1660 1116 1774 1165 Equi-

1119 1171 1203 1208 dem
1223 1171 1271 1207 nil
1303 1171 1503 1208 discernam
1526 1172 1560 1207 in
1583 1172 1648 1218 iis,
1678 1185 1774 1221 quae

1118 1241 1176 1265 me
1195 1228 1426 1278 peritioribus
1448 1232 1553 1265 erunt
1570 1228 1775 1265 diiudican-

1119 1286 1178 1320 da.
1235 1284 1319 1320 Hoc
1340 1284 1449 1320 modo
1483 1285 1639 1331 addam,
1668 1284 1773 1335 lupos

1116 1341 1406 1389 frequentissime
1477 1345 1773 1390 repraesentatos

1116 1397 1307 1433 memorari
1332 1397 1369 1432 in
1392 1396 1655 1446 Aegyptiorum
1686 1410 1775 1434 ana-

1116 1454 1261 1502 gl)phis
1291 1457 1401 1501 atque
1428 1454 1639 1490 mumiarum
1669 1453 1772 1489 invo-

1114 1509 1246 1553 lueris3
1277 1522 1349 1558 qua
1375 1509 1420 1546 de
1442 1522 1482 1547 re
1498 1510 1591 1546 conf.
1612 1513 1704 1546 nott.
1723 1510 1772 1546 ad

1115 1565 1170 1612 11,
1195 1569 1286 1606 122.

1291 1649 1321 1686 c
1335 1661 1398 1700 ap.
1428 1648 1597 1687 vaul.

1169 1734 1250 1770 τῶν
1278 1729 1320 1770 δὲ
1352 1733 1616 1782 κροκοδείλων
1647 1729 1772 1783 φύσις

1117 1788 1195 1828 ἐστὶ
1218 1784 1374 1838 τοιήδε]
1407 1788 1603 1826 Articulum
1633 1788 1661 1837 ἦ
1685 1795 1770 1827 ante

1118 1841 1240 1894 φύσις
1266 1846 1441 1881 excidisse
1469 1850 1575 1896 putat
1597 1847 1770 1884 Schaese-
1801 1886 1814 1897 μ

1116 1915 1175 1938 rus
1196 1903 1232 1937 in
1255 1901 1396 1939 Melea.
1421 1915 1455 1952 p.
1480 1905 1542 1942 11.
1567 1906 1629 1944 12.
1670 1902 1770 1940 Libri

1116 1959 1247 1995 vetusti
1267 1958 1364 1994 illum
1382 1959 1551 2006 ignorant
1571 1964 1607 1995 et
1626 1958 1694 1996 hoc
1715 1959 1770 1995 lo-

1116 2028 1157 2051 co
1177 2019 1212 2052 et
1232 2014 1324 2061 alio,
1355 2028 1462 2064 quem
1491 2016 1569 2065 ipse
1594 2016 1769 2053 Schaefe-

1115 2084 1175 2108 rus
1196 2071 1328 2107 attulit.
1351 2092 1407 2098 ——-
1429 2070 1567 2108 Locum
1583 2072 1768 2109 Herodoti

1116 2129 1163 2165 de
1209 2127 1398 2164 crocodilis
1438 2127 1542 2164 valde
1588 2128 1766 2175 insignem

1114 2184 1216 2221 multi
1246 2188 1281 2220 et
1300 2188 1459 2220 veterum
1473 2188 1508 2220 et
1526 2185 1767 2220 recentiorum

1113 2240 1170 2276 vel
1212 2241 1414 2287 attigerunt
1450 2239 1505 2275 vel
1553 2244 1764 2276 tractarunt.

1114 2296 1234 2344 Atque
1261 2297 1331 2332 iam
1354 2300 1438 2331 ante
1457 2296 1688 2332 Herodotum
1718 2297 1766 2334 de

1113 2352 1300 2389 crocodilis
1320 2351 1554 2401 Aegyptiacis
1583 2352 1765 2401 quaedam

1113 2409 1366 2459 perscripsisse
1395 2409 1534 2445 videtur
1553 2409 1762 2445 Hecataeus

1113 2465 1296 2511 Milesius,
1327 2477 1371 2501 ex
1397 2478 1470 2513 quo
1489 2465 1568 2515 ipso
1589 2464 1764 2501 nonnulla

1112 2521 1290 2559 Nostrum
1317 2522 1488 2558 sumsisse
1523 2523 1664 2558 veteres
1690 2525 1765 2557 sta-

1111 2579 1274 2615 tuebant.
1332 2577 1415 2613 Vid.
1435 2578 1600 2626 sragmm.
1622 2578 1762 2625 antiqq.

1112 2634 1290 2671 historice.
1333 2646 1417 2684 pag.
1450 2637 1499 2675 19
1540 2634 1597 2671 ed.
1631 2634 1761 2670 Creuz.

1112 2692 1201 2728 Post
1219 2690 1446 2727 Herodotum
1473 2690 1535 2739 qui
1563 2690 1610 2727 de
1637 2701 1763 2726 croco-

1112 2747 1194 2784 dilis
1213 2750 1378 2795 egerunt,
1391 2760 1453 2784 eos
1464 2746 1594 2783 excitat
1608 2745 1760 2783 Schnei-

1111 2804 1189 2841 der.
1217 2803 1255 2840 in
1289 2802 1402 2850 libro,
1442 2803 1503 2852 qui
1532 2801 1758 2839 inscribitur:

1110 2860 1235 2898 histor.
1266 2859 1478 2910 amphibior.
1519 2856 1691 2896 naturalis
1721 2859 1758 2893 et
