1877 3223
621 223 923 263 cL10.1.

1318 227 1399 268 161

148 335 283 391 σφέας
312 332 447 378 αὐτοῦ
422 351 493 386 v3,
523 335 595 377 καὶ
623 335 801 386 ξείνοισι
830 333 1127 392 ἀπρόσμικτοι.
1167 334 1400 391 μετέβαλον

120 413 197 457 4ὁὲ
226 409 308 456 ὦδε
350 414 392 464 ἒς
420 415 639 470 εονομίην.

689 412 979 469 Λυκούργου,
1022 418 1111 457 τῶν
1138 414 1400 470 Σπαρτιητέ<

148 508 211 535 ων
252 494 437 549 δοκίμου
478 491 658 547 ἀνδρὸς,
707 491 913 544 ἐλθόντος
952 493 994 543 ἐς
1025 493 1224 549 Δελφοὺς
1254 493 1320 536 ἐπὶ
1348 492 1397 536 τὸ

145 571 429 628 χρηστήριον,
461 570 519 624 ὥς
549 572 662 628 ἐσήιε
692 572 733 624 ἐς
761 572 809 616 τό
840 573 1053 629 μέγαρον,
1085 570 1220 624 εὐθὺς
1248 571 1274 628 ἦ
1298 575 1395 616 Πυ-

145 651 223 706 θίη
252 650 362 706 λέγει
392 652 514 695 τάδε·

88 858 166 882 rum
182 847 341 894 pessimis
360 845 496 894 legibus
506 846 625 897 fuisse
648 861 738 896 usos,

88 906 185 949 tum,
215 903 305 952 quod
323 903 370 939 acl
389 917 424 939 se
447 907 540 953 ipsos
570 908 738 954 ipsorum-

89 970 153 1008 que
171 962 328 995 mutuum
347 961 437 996 inter
449 973 484 996 se
505 964 738 998 commercium

86 1016 235 1061 attinet,
266 1020 341 1052 tum
360 1029 444 1053 vero
471 1017 599 1064 etiam,
629 1020 666 1054 in
684 1031 738 1053 co-

87 1083 164 1107 rum
176 1083 253 1107 cum
264 1074 392 1108 exieris
412 1075 619 1120 commercio,
638 1075 738 1122 quod

85 1127 219 1164 scilicet
237 1141 377 1165 omnem
401 1142 479 1165 cum
509 1130 564 1165 his
594 1143 738 1167 recusa-

87 1184 176 1220 bant
217 1186 522 1221 consociationem
557 1198 736 1235 omneque

87 1241 346 1276 commercium.
352 1243 376 1260 ‘⁴
442 1242 550 1278 Unde
582 1246 737 1292 appalet

86 1296 140 1333 vis
164 1297 418 1345 particulzffum
454 1312 506 1336 τε
527 1319 583 1324 ——
602 1299 696 1336 καί

145 1352 306 1398 ξείνοισι
345 1349 631 1403 τῖποόσιιικτοι]
674 1354 736 1390 Sic

85 1409 270 1455 dicuntur,
308 1410 369 1458 qui
400 1410 530 1446 nullam
563 1423 641 1446 cum
673 1423 734 1447 ex—

84 1465 171 1502 teris
192 1467 316 1502 ineunt
335 1470 396 1502 aut
414 1467 627 1515 permittunt
649 1475 734 1502 con*—

83 1521 310 1558 suetudinem
326 1550 336 1569 ‚
367 1523 428 1570 qui
447 1535 553 1559 omne
577 1535 655 1558 cum
667 1536 733 1572 pe-

84 1578 237 1625 regrinis
261 1578 449 1615 excludunt
470 1580 731 1615 commercium.

83 1633 166 1670 Yid.
207 1647 299 1682 quae
337 1634 528 1671 laudantur
570 1635 607 1671 in
642 1639 732 1671 nott.

85 1688 318 1738 W'esselingii
347 1695 382 1728 et
414 1690 614 1739 Schweigh.
672 1691 732 1728 De

84 1746 166 1796 ipsa
192 1760 231 1783 re
264 1747 407 1795 longior
440 1748 486 1783 ad
504 1748 538 1783 h.
562 1747 584 1784 l.
616 1751 733 1784 exstat

83 1802 289 1851 Bellangeri
299 1804 493 1852 disputatio
506 1805 541 1840 in
558 1802 731 1841 Larcheri

84 1860 190 1895 notis.
251 1859 402 1902 Quaerit
431 1859 524 1896 enim
551 1859 629 1906 ille,
659 1871 731 1908 quo

83 1915 157 1951 fine
185 1916 373 1965 Spartanis
415 1928 522 1953 omne
547 1917 652 1952 fuerit
681 1917 737 1951 in.-

82 1971 273 2009 terdicttun
297 1985 374 2008 cum
394 1972 596 2021 peregrinis
618 1971 738 2020 genti-

81 2028 151 2064 bus
199 2029 469 2075 commercium,
531 2040 603 2076 quo
647 2026 736 2064 illud

83 2084 229 2120 omnino
249 2085 441 2133 spectarit,
471 2084 560 2131 quid
579 2083 663 2120 inde
676 2096 735 2120 se-

81 2144 202 2177 cutum
221 2140 337 2177 fuerit.
375 2140 451 2177 Sed
469 2140 649 2176 Herodoti
666 2139 735 2176 hoc

85 2208 129 2232 ex
155 2196 234 2232 loco
263 2196 406 2233 minime
438 2195 556 2243 colligi
585 2196 733 2245 poterit,

83 2255 123 2287 ut
151 2251 332 2287 nonnullis
364 2253 478 2288 visum
508 2255 583 2299 est,
624 2251 732 2301 ξενη-

84 2307 224 2354 λασίας
245 2308 341 2356 quod
361 2312 509 2344 vocatur
528 2308 732 2344 institutum

83 2364 157 2400 iam
185 2367 269 2400 ante
298 2362 503 2411 Lycurgum
524 2363 731 2411 invaluisse,

85 2433 193 2469 quem
221 2419 328 2467 vulgo
354 2419 457 2455 istius
486 2419 640 2456 instituti
669 2432 734 2456 au-

85 2480 220 2513 ctorem
240 2475 442 2525 perhibent.
498 2474 631 2524 Neque
647 2487 732 2512 vero

86 2544 194 2570 omne
219 2531 414 2582 hospitium
449 2542 627 2579 omneque
653 2544 733 2568 cum

86 2588 216 2626 exteris
272 2587 439 2636 gentibus
485 2587 734 2624 commercium

85 2644 277 2694 Spartanis
291 2644 516 2679 interdictum
527 2644 638 2680 fuisse
657 2656 734 2680 cre-

86 2700 192 2748 dam,
225 2713 305 2736 cum
329 2699 427 2735 haud
455 2710 570 2748 pauca
595 2699 733 2747 reperi-

86 2760 193 2792 antur
236 2754 392 2803 vestigia
434 2753 581 2804 hospitii
619 2754 732 2803 Spar-

85 2815 251 2848 tanorum
271 2824 351 2848 cum
374 2810 504 2847 exteris
525 2809 620 2856 initi,
640 2822 730 2858 quos

86 2866 186 2917 ipsos
217 2867 319 2905 festis
355 2866 510 2916 Spartae
542 2865 729 2904 celebratis

142 2922 347 2961 Hnnonor.
378 2921 407 2960 Ι.

806 849 904 886 haud
941 860 1022 885 raro
1052 849 1262 886 interfuisse
1286 846 1451 896 legimus.

806 905 1025 954 Peregrinae
1038 906 1159 955 stirpis
1178 903 1314 941 incolas
1329 904 1452 953 potius

804 961 940 1011 Sparta
966 966 1123 999 remotos
1143 961 1300 998 voluisse
1325 960 1452 996 viden-

804 1021 886 1064 tur,
917 1019 978 1067 qui
1008 1031 1086 1055 cum
1113 1017 1203 1055 alius
1234 1019 1358 1054 essent
1387 1028 1452 1064 ge-

805 1074 925 1120 neris,
971 1075 1162 1123 ipsumque
1205 1073 1300 1110 vitae
1333 1084 1450 1120 genus

803 1133 1025 1166 sectarentur
1060 1130 1224 1176 mollius,
1259 1127 1452 1178 periculum

806 1191 883 1222 erat
904 1199 949 1222 ne
966 1187 1091 1222 civium
1103 1186 1363 1236 Spartanorum
1373 1197 1451 1220 mo-

802 1254 861 1278 res
879 1243 1058 1290 frequenti
1085 1255 1163 1279 cum
1184 1241 1252 1277 illis
1278 1253 1452 1278 commer-

802 1297 858 1333 cio
891 1299 1185 1347 depravarentur.
1246 1295 1300 1334 Ac
1331 1296 1452 1347 prisca

802 1353 986 1400 instituta,
1016 1356 1155 1403 priscos
1182 1366 1302 1391 mores
1335 1365 1452 1401 quan-

801 1412 929 1457 topere
982 1422 1196 1446 conservare
1247 1408 1451 1445 studuerint

801 1464 945 1512 Dores,
974 1478 1082 1502 nemo
1103 1464 1229 1502 nescit.
1285 1463 1345 1501 Ad
1373 1464 1451 1501 He-

800 1522 971 1557 rodotum
1009 1525 1050 1557 ut
1078 1525 1260 1567 rev,e1tar
1289 1519 1376 1556 nihil
1406 1532 1450 1557 ex

800 1576 869 1613 hoc
914 1577 1089 1627 scriptore
1137 1577 1257 1625 colligi
1302 1577 1448 1627 poterit,

800 1633 899 1682 quod
940 1647 1164 1671 communem
1197 1634 1244 1670 de
1279 1631 1449 1681 Lycurgo

801 1690 1032 1739 ξενηλασίας
1066 1691 1270 1726 institutore
1301 1692 1449 1726 senten-

798 1747 883 1782 tiam
903 1742 1058 1791 evertat,
1090 1747 1198 1782 immo
1214 1749 1298 1782 ante
1310 1744 1449 1794 Lycur-

800 1813 886 1849 gum
906 1801 962 1839 xel
992 1802 1108 1849 magis
1136 1801 1273 1838 alienos
1302 1802 1347 1837 ab
1374 1800 1447 1836 ullo

805 1871 886 1894 cum
907 1857 1118 1906 alienigenis
1136 1857 1348 1894 commercio
1372 1855 1448 1892 La-

805 1915 1058 1950 cedaemonios
1089 1913 1232 1950 dixeris.
1288 1912 1346 1949 De
1367 1912 1448 1961 ipsa

804 1969 1015 2022 ξενηλασίᾳ
1052 1969 1118 2005 Cr.
1154 1969 1294 2006 confert
1326 1968 1368 2004 C.
1400 1968 1446 2004 O.

802 2024 943 2063 Miiller.
977 2025 1085 2062 Dorr.
1121 2024 1155 2061 ΙΙ
1193 2037 1277 2073 pag.
1306 2024 1331 2063 8
1369 2027 1445 2060 not.

801 2094 888 2132 pag.
919 2080 999 2122 411
1035 2081 1113 2118 coll.
1151 2082 1241 2121 157.
1269 2082 1361 2121 229.
1389 2101 1445 2106 -—-

803 2138 916 2181 Quod
925 2150 1008 2174 vero
1022 2141 1105 2175 ante
1116 2135 1321 2185 Lycurgum
1333 2136 1449 2186 Spar·-

800 2197 907 2230 tanos
928 2193 1065 2230 Noster
1094 2192 1206 2230 fuisse
1229 2192 1351 2229 scribit
1376 2206 1444 2230 κα-

801 2244 1102 2300 κονομωτάι-ους
1119 2248 1141 2285 i.
1164 2261 1193 2285 e.
1216 2250 1373 2297 pessimis
1394 2247 1444 2285 le-

799 2307 904 2354 gibus
922 2309 1074 2352 utentes,
1110 2305 1148 2340 id
1182 2304 1278 2341 idem
1301 2303 1443 2342 Miiller.

801 2362 894 2409 (1.1.
927 2362 961 2399 ΙΙ
990 2375 1025 2412 p.
1050 2361 1113 2402 15.
1139 2361 1220 2409 16)
1259 2362 1369 2398 refert
1396 2355 1445 2398 ad

799 2418 922 2469 priora
937 2418 1075 2455 Dorum
1096 2417 1279 2463 instituta,
1302 2420 1445 2466 tempo-

800 2474 849 2511 ris
881 2475 1033 2511 decursu
1058 2473 1280 2517 labefactata,
1301 2473 1444 2509 turbata

802 2534 838 2567 et
860 2530 897 2566 in
918 2530 1074 2567 deterius
1093 2528 1207 2579 lapsa.
1266 2528 1370 2572 Quae
1382 2540 1443 2565 ea-

800 2586 884 2623 dem
904 2585 1092 2634 Lyeurgus
1121 2597 1164 2622 ex
1182 2584 1273 2621 illius
1293 2585 1359 2621 viri
1376 2585 1444 2620 do-

800 2642 847 2679 cti
867 2642 1066 2688 sententia,
1088 2640 1229 2689 integra
1244 2640 1444 2678 restituisse

800 2709 842 2734 ac
859 2710 1048 2734 revocasse
1066 2697 1134 2734 erit
1152 2697 1365 2744 censendus,
1374 2696 1443 2733 mi-

798 2754 895 2790 nime
914 2766 999 2790 vero
1021 2764 1147 2791 recens
1165 2752 1359 2789 induxisse.

856 2807 896 2854 ἐς
915 2806 957 2848 τὸ
973 2805 1167 2861 μέγαρον]
1198 2806 1368 2859 μέγαρον
1386 2811 1444 2845 est

798 2865 946 2903 interius
990 2865 1113 2916 templi
1158 2864 1348 2913 sacellum,
1379 2863 1442 2900 ubi
