1877 3223
631 196 934 236 cL10.1.

1333 198 1418 238 223

161 306 285 367 μῶνά
314 322 358 351 τε
386 307 738 364 καταρραγῆναι,
769 306 842 351 καὶ
865 300 970 350 ὗσαι
995 305 1126 351 ὕδατι
1145 305 1412 364 λαβροτάτῳ,
1428 314 1470 347 10

159 389 505 444 κατασβεσθῆναί
542 402 587 430 τε
623 385 703 443 τήν
746 386 904 444 πυρήν.
963 384 1079 430 οὕτω
1119 383 1171 441 δὴ
1211 383 1413 440 μαθόντα

157 467 237 511 τόν
275 470 449 520 Κῦρον,
507 464 565 517 ὥς
604 468 668 522 ε’ίη
706 464 730 509 ὁ
766 469 959 521 Κροῖσος
991 463 1065 508 καὶ
1101 463 1312 520 θεοφιλὴς
1340 464 1414 508 καὶ

159 544 272 602 ἀνὴρ
303 544 496 602 ἀγαθός,
539 544 893 601 καταβιβάσαντα
930 541 1070 588 αὐτόν
1107 540 1193 586 ἀπὸ
1223 547 1299 602 τῆς
1325 559 1413 588 πυ-

130 630 262 682 3ρῆς,
313 626 506 679 εἴρεσθαι
544 624 666 668 τάδε·
724 627 943 679 ,,Κροῖσε,
981 626 1045 676 τίς
1082 635 1128 667 σε
1165 621 1414 680 ἀνθρώπων

158 738 182 756 ,,
194 703 430 759 ἀνέγνωσε,
460 704 530 747 ἐπὶ
560 707 642 759 γῆν
671 702 752 759 τὴν
781 703 889 760 ἐμήν
918 703 1308 759 στρατευσάμενον,
1339 719 1413 747 πο-

158 782 345 839 ,,λε’μιον
374 780 468 825 ἀντὶ
499 785 630 839 φίλου
661 782 755 837 ἐμοὶ
784 788 1098 841 καταστῆναι,·“
1149 782 1199 827 Ὁ
1230 784 1276 827 δὲ
1307 783 1411 827 εἶπε·
1427 790 1470 824 15

154 855 234 911 ,,Ὡ
264 863 466 916 βασιλεῦ,
516 859 598 917 ἐγώ
628 865 763 905 ταῦτα
804 862 964 920 ἔπρηξα
1000 867 1054 919 τῇ
1084 867 1140 920 σῇ
1169 863 1246 919 μὲν
1275 862 1414 907 εὐδαι-

153 941 347 996 ,,μονίῃ,
395 944 449 997 τῇ
478 939 696 996 ἐμεωυτοῦ
736 942 783 985 δὲ
811 943 1157 998 κακοδαιμονίῃ,
1202 944 1339 993 αἴτιος
1367 942 1413 986 δὲ
1470 939 1524 981 45

152 1051 176 1070 ,,
189 1017 358 1062 τούτων
383 1018 550 1076 ἐγένετο
572 1018 595 1064 ὁ
613 1019 831 1078 Ἑλλήνων
853 1021 980 1075 θεὸς,
1010 1021 1172 1080 ἐπᾴρας
1194 1021 1264 1078 ἐμὲ
1285 1032 1410 1077 στρα-

125 1100 182 1149 4,,
197 1096 413 1142 τεύεσθαι.
463 1098 607 1150 οὐδεὶς
635 1100 716 1155 γὰρ
747 1100 862 1144 οὕτω
893 1099 1078 1157 ἀνόητός
1105 1101 1216 1152 ἐστι,
1268 1099 1317 1152 ὅς
1347 1117 1411 1152 τις

150 1209 174 1228 ,,
186 1175 381 1232 πόλεμον
409 1177 494 1232 πρὸ
525 1178 696 1235 εἰρήνης
726 1179 922 1235 αἱρέεται.
954 1180 1001 1224 ἐν
1029 1179 1107 1236 μὲν
1135 1177 1220 1235 γάρ
1248 1182 1323 1236 τῇ,
1367 1180 1467 1222 οίΞΟ

149 1287 174 1306 ,,
187 1258 339 1307 παῖδες
367 1256 473 1308 τούς
502 1257 691 1313 πατέρας
718 1257 961 1303 θάπτουσι·
1001 1260 1047 1304 ἐν
1077 1258 1122 1302 δὲ
1150 1262 1232 1317 τῷ,
1262 1259 1306 1302 οἰ
1333 1274 1410 1302 πα-

147 1334 296 1389 ,,τέρες
324 1334 430 1386 τούς
458 1338 626 1387 παῖδας.
682 1334 792 1381 ἄλλα
831 1343 967 1382 ταῦτα
1003 1339 1178 1394 δαίμοσί
1217 1354 1302 1381 κου
1339 1338 1407 1393 φί-

147 1417 266 1464 „lov
295 1408 350 1470 ἦν
380 1414 495 1458 οὕτω
526 1414 771 1470 γενέσθαι.“

86 1653 180 1759 geg}
218 1666 262 1691 ex
301 1654 482 1692 Pausania
513 1656 561 1693 ad
591 1656 647 1706 H,
685 1660 740 1700 29

143 1793 360 1850 ἀνέγνωσε]
414 1800 436 1838 i.
473 1814 504 1838 e.
548 1805 738 1851 persuasit.

85 1854 167 1891 Vid.
191 1856 347 1904 Gregor.
371 1856 535 1893 Corinth.
558 1871 643 1907 pag.
658 1859 739 1900 505

85 1911 170 1960 ibiq.
188 1911 372 1949 Schaefer.
406 1912 483 1949 coll.
504 1912 635 1951 Matth.
670 1915 736 1952 Gr.

85 1967 150 2004 Gr.
178 1965 214 2018 ὅ.
235 1969 317 2009 228
339 1981 425 2019 pag.
445 1968 539 2010 443.

142 2066 290 2120 ἔπρηξα
312 2070 363 2123 τῇ
383 2069 439 2122 σῇ
464 2067 537 2120 μὲν
554 2065 735 2122 εὔδαιμο-

80 2124 147 2179 νίῃ
162 2154 172 2171 ,
202 2127 254 2180 τῇ
270 2124 472 2175 ἐμεωυτοῦ
494 2125 536 2164 δὲ
552 2128 736 2166 κακοδαι.

80 2179 221 2234 μονίῃ]
270 2181 382 2218 Haud
422 2182 515 2219 male
557 2183 734 2221 Matthiae

81 2235 118 2287 ἓ.
140 2241 244 2284 398,
275 2250 297 2273 a
333 2250 419 2287 pag.
450 2241 532 2280 728
564 2240 656 2286 (ubi
686 2241 734 2277 de

78 2293 189 2330 dativi
208 2306 275 2330 usu
306 2293 342 2329 in
362 2307 471 2331 causa
493 2297 656 2344 quamvis
676 2309 734 2334 re-

77 2350 221 2386 motiori
241 2349 474 2398 indicanda):
499 2351 644 2398 „durch
659 2353 733 2389 dez·-

76 2417 142 2441 nen
164 2405 373 2443 Gliiclcstern
399 2406 472 2443 und
500 2411 630 2446 meinen
656 2408 732 2447 Un-

79 2463 170 2497 stem
189 2462 403 2510 getriehen.“

134 2557 283 2615 ἕπᾴρας
326 2560 394 2614 ἐμὲ
433 2558 731 2616 στρατεύεσθαι]

77 2615 263 2667 ἐπαείρας
294 2623 442 2656 recentt.
484 2621 602 2667 editt„
642 2625 682 2658 ut
703 2622 734 2669 I,

77 2673 172 2720 204,
183 2674 243 2710 ubi
253 2674 330 2711 sine
340 2675 410 2712 ulla
420 2676 594 2713 varietate
603 2675 731 2717 ἐπαεί-

76 2743 197 2777 ροντα
214 2730 386 2780 scriptum
407 2731 618 2769 invenimus.
653 2734 730 2772 Sed

78 2783 237 2821 hocloco
258 2785 374 2823 nullus
386 2787 600 2837 sicpraebet
618 2788 728 2836 liber;

76 2852 167 2877 unus
197 2842 328 2880 modo:
369 2840 570 2895 ἐπαήρας,
599 2844 725 2895 reliqui

809 1653 981 1713 ε’πᾷρας,
1011 1658 1111 1708 quod
1137 1658 1234 1696 idem
1255 1670 1335 1694 cum
1351 1656 1389 1702 Ι,
1410 1658 1466 1698 90

809 1716 888 1752 sine
909 1715 981 1752 ulla
1017 1715 1180 1752 lectionis
1200 1715 1376 1752 varietate
1404 1726 1466 1750 oc-

809 1776 951 1818 currat,
980 1772 1038 1808 hie
1063 1785 1211 1821 quoque
1234 1771 1465 1807 retinendmn

809 1828 944 1864 censui.
968 1827 1027 1863 Ad
1042 1827 1345 1875 significationem
1364 1825 1465 1863 verbi

810 1882 876 1919 Cr.
898 1883 1094 1933 adscripsit
1113 1883 1148 1920 T
1151 1883 1258 1920 imaei
1288 1882 1406 1918 locum
1425 1881 1463 1917 in

804 1937 894 1975 Lex.
935 1938 1077 1975 Platon.
1102 1952 1140 1988 p.
1175 1940 1253 1979 119
1284 1932 1465 1991 (ἐπᾴρας

805 1994 827 2030 i.
863 2007 898 2043 q.
931 1989 1204 2043 α’ναπείσας),
1259 1994 1321 2031 ubi
1357 1993 1463 2045 plura

803 2049 999 2088 Ruhnken.

861 2177 881 2201 ο
894 2157 994 2201 firm
1017 2157 1294 2212 α’νόητόςέστι,
1307 2156 1363 2208 ὅς
1382 2176 1458 2208 τις

801 2233 837 2257 κ.
858 2233 891 2257 τ.
912 2217 962 2269 λ.]
1013 2219 1086 2255 Pro
1115 2214 1160 2264 ὅς
1184 2233 1242 2264 τις
1271 2222 1460 2268 exspecta-

802 2275 868 2311 bas
888 2271 999 2314 ὥστε.
1058 2275 1135 2312 Sed
1151 2275 1222 2311 vid.
1245 2274 1375 2311 Matth.
1390 2274 1457 2310 Gr.

802 2331 866 2369 Gr.
891 2330 927 2382 ξ.
949 2332 1030 2373 479
1052 2336 1128 2368 not.
1154 2333 1176 2372 1
1204 2343 1290 2381 pag.
1308 2331 1402 2373 895.

860 2441 981 2491 φίλον
1020 2435 1077 2493 ἦν
1121 2438 1224 2482 οὕτω
1255 2439 1457 2494 γενέσθαι]

801 2497 845 2535 In
867 2499 998 2548 quibus
1028 2499 1244 2536 Homericae
1266 2498 1456 2535 locutionis

802 2555 1061 2602 imitationem,
1091 2555 1168 2592 aliis
1204 2568 1351 2604 quoque
1368 2555 1456 2592 scri-

800 2612 968 2661 ptoribus
980 2613 1230 2660 frequentatae
1240 2612 1453 2649 invenimus.

800 2667 929 2704 Monui
983 2668 1031 2704 ad
1090 2667 1268 2705 Plutarch.
1324 2667 1453 2716 Pyrrh.

797 2737 885 2774 pag.
916 2727 1006 2765 190.
1055 2723 1144 2761 Inde
1173 2724 1315 2761 Seneca
1350 2723 1453 2761 Med.

797 2780 899 2821 553:
929 2784 1111 2828 „gratum
1133 2781 1223 2817 estf‘
