1909 3228
421 176 505 216 768
831 172 1298 212 HERODOTI

89 302 192 356 ffirff
216 292 369 363 '‘iliiggffl
425 285 650 340 Αἴγυπτον
678 281 884 338 μεγάλως.
930 282 1034 338 μετὰ
1063 282 1110 326 δὲ
1137 285 1320 334 τοῦτον,
1367 282 1681 338 βασιλεύσαντά
1694 290 1738 324 85

90 362 210 397 operis,
229 365 259 387 et
277 362 369 388 maxi-

89 395 368 458 fflfflsssssslflss'ss

88 462 223 493 aedibus.

396 371 579 418 26q>emv
610 361 781 414 Χέοπα,
830 361 874 412 ἐς
902 365 1048 404 πᾶσαν
1085 358 1301 416 κακότητα
1329 359 1491 404 ἐλάσαι.
1547 379 1680 406 κατα-

423 444 658 497 κληΐσαντα
685 438 770 495 γάρ
800 456 875 494 μιν
903 439 1046 483 πάντα
1071 438 1122 484 τοὶ
1149 438 1247 494 ἱροὶ,
1281 444 1431 494 πρῶτα
1451 429 1532 495 μέν·
1549 451 1682 496 σφεας

420 519 616 563 θυσιέων
646 518 848 573 ἀπέρξαι·
906 518 1011 574 μετὰ
1041 519 1108 571 δὲ,
1152 517 1406 574 ἐργάζεσθαι
1436 519 1583 577 ἑωυτῷ
1612 535 1681 562 κε-

390 605 411 639 3
421 597 566 642 λεύειν
605 597 770 649 πάντας
801 600 1080 654 Αἰγυπτίους.

1140 603 1253 641 τοῖσι
1286 598 1364 653 μὲν
1395 596 1447 653 δὴ
1480 596 1682 640 ἀποδεδέ-

419 683 547 733 χθαι,
600 677 645 720 ἐκ
674 681 761 720 τῶν
789 677 1076 732 λιθοτομιέων
1105 680 1193 720 τῶν
1231 676 1277 720 ἐν
1302 680 1363 733 τῷ
1388 673 1573 732 Ἀραβίῳ
1604 674 1681 719 οὕ-

422 765 508 812 ρεϊ,
547 756 594 800 ἐκ
624 757 812 801 τουτέων
850 757 988 801 ἕλκειν
1026 758 1180 808 λίθους
1215 756 1339 812 μέχρι
1373 759 1456 799 τοῦ
1491 757 1738 799 Νείλου·90

365 980 424 1004 ειν
444 966 539 1002 conf.
558 964 596 1012 I,
623 966 677 1006 66
700 964 824 1013 ibique
840 968 931 1002 nott.
962 987 1018 993 --

364 1022 550 1059 Diodorus
589 1021 625 1068 I,
656 1024 710 1062 62
741 1021 802 1057 fin.
831 1021 914 1058 huic
939 1021 1019 1070 regi

363 1079 450 1114 boni
478 1078 624 1126 quidem
653 1078 913 1128 dispensatoris
941 1078 1019 1115 lau-

363 1135 447 1171 dem
477 1134 576 1171 haud
612 1135 794 1182 denegat,
834 1134 1018 1182 ceteroqui

362 1203 449 1227 vero
496 1192 682 1227 sordidum
721 1194 832 1238 atque
870 1203 1017 1228 avarum

361 1246 544 1284 hominem
566 1248 676 1284 fuisse
696 1247 829 1283 scribit.

422 1298 711 1353 βασιλεύσαντα
738 1314 873 1351 σφεων
901 1301 1016 1342 Χέο-

363 1373 393 1397 π
405 1358 443 1409 α]
470 1360 527 1396 Ex
542 1359 715 1397 Larcheri
733 1359 875 1396 calculis
889 1360 1017 1409 Clieops

363 1428 517 1464 regnum
536 1417 654 1453 tenuit
671 1416 756 1452 inde
782 1417 828 1452 ab
853 1429 885 1453 a.
908 1418 1014 1456 1178

363 1484 396 1508 a.
416 1473 501 1508 Chr.
522 1485 555 1508 n.
577 1486 643 1522 per
659 1472 924 1521 quinquaginta
948 1484 1015 1508 an-

363 1541 429 1564 nos
448 1528 675 1577 (chronolog.
698 1528 873 1564 d’Herod.
895 1532 920 1564 t.
930 1528 961 1565 V
966 1527 1015 1565 ΙΙΙ

361 1597 398 1635 p.
421 1586 514 1631 90),
545 1598 635 1633 quos
662 1584 809 1622 eosdem
832 1584 1016 1621 Diodorus

365 1641 414 1688 (I,
426 1642 498 1689 63)
511 1640 662 1677 Chemmi
676 1640 801 1677 tribuit
820 1641 897 1688 regi
916 1645 1014 1677 octa-

363 1710 409 1733 vo
431 1697 516 1734 inde
541 1709 562 1733 a
583 1696 839 1745 Rhampsinito
859 1709 885 1732 s.
903 1697 1016 1732 Rem-

362 1752 445 1804 phi,
484 1766 562 1789 cum
591 1753 639 1788 ad
664 1756 805 1802 septem
830 1752 1015 1788 hominum

362 1812 502 1846 aetates
523 1821 590 1859 per
611 1808 871 1845 successionem
883 1820 1016 1856 regna-

362 1865 480 1902 verint
499 1878 605 1914 reges
626 1877 773 1914 prorsus
793 1865 936 1912 ignavi,
953 1864 1015 1913 qui

361 1920 450 1958 nihil
483 1925 687 1958 memoratu
724 1921 877 1969 dignum
910 1925 949 1958 et
977 1920 1016 1956 in

361 1978 461 2014 libris
489 1979 598 2015 sacris
623 1981 838 2014 annotatum
863 1977 1017 2026 praesti-

364 2035 485 2079 terint,
503 2047 576 2070 uno
595 2038 747 2083 excepto
765 2032 887 2079 Nileo‚
906 2046 927 2069 a
942 2045 1015 2082 quo

364 2103 498 2127 nomen
526 2091 635 2127 fluvio
659 2091 706 2126 sit
732 2089 898 2126 inditum.
955 2089 1015 2127 De

365 2147 531 2184 Chemmi
552 2159 646 2195 quae
674 2147 844 2195 deinceps
864 2158 1017 2183 narran-

363 2206 442 2249 tur,
482 2203 693 2251 Pyramides
730 2202 874 2251 aliaque
904 2215 1018 2253 opera

362 2259 527 2308 ingentia
546 2262 750 2296 exstruente
761 2286 771 2304 ,
791 2271 834 2295 ea
849 2273 927 2296 cum
941 2259 1019 2296 He-

363 2315 486 2352 rodoti
523 2315 674 2365 Cheope
707 2328 850 2365 prorsus
885 2328 1016 2352 conve-

365 2372 481 2409 niunt.
539 2371 597 2409 De
623 2371 858 2419 chronologia
889 2372 1016 2408 horum

364 2441 492 2477 regum
510 2429 604 2464 conf.
614 2428 725 2464 Beck.
746 2427 886 2476 allgem.
898 2427 1016 2464 Welt-

365 2485 485 2533 gesch.
509 2484 524 2521 Ι
543 2497 628 2534 pag.
647 2486 729 2525 716
750 2497 825 2532 seq.
841 2482 1015 2524 coll.694

365 2546 404 2578 et
421 2545 498 2578 not.
518 2542 565 2578 ad
585 2541 723 2577 Herod.
752 2540 804 2586 ΙΙ,
828 2543 906 2581 127
935 2540 1014 2576 init.

422 2597 462 2643 ἐς
478 2599 609 2635 πᾶσαν
639 2591 837 2645 κακότητα
863 2591 1013 2642 ἐλάσαι]

366 2653 527 2699 Poterit,
547 2657 719 2690 monente
735 2652 1015 2701 Schweighaeu-

367 2722 468 2754 sero,
507 2704 643 2748 ἐλάσαι
671 2709 894 2746 intransitive
921 2709 1015 2745 acci-

366 2765 423 2815 pi,
450 2766 698 2803 subintellecto
719 2764 776 2802 vel
799 2765 1015 2815 pronomine

369 2817 516 2860 ἒωυτόν
535 2849 545 2868 ,
585 2826 626 2858 ut
657 2834 781 2858 sensus
818 2823 884 2859 sit:
923 2822 1017 2858 omni

1084 968 1243 1015 nequitia
1269 979 1295 1002 s.
1322 967 1504 1015 pravitate
1531 967 1736 1013 grassatum

1085 1035 1155 1059 esse
1178 1035 1314 1071 regem,
1344 1022 1399 1059 vel
1420 1019 1544 1070 σφέας
1569 1022 1642 1058 sive
1663 1017 1737 1070 τὴν

1083 1079 1313 1130 Αἴγυπτους
1342 1080 1380 1115 in
1402 1090 1528 1115 omnem
1547 1076 1736 1113 calamita-

1084 1139 1149 1172 tem
1171 1148 1283 1184 regem
1307 1136 1516 1184 protrusisse
1539 1133 1738 1183 Aegyptum

1084 1193 1158 1229 sive
1183 1194 1274 1229 omni
1294 1191 1497 1228 calamitate
1517 1203 1540 1226 a
1559 1202 1638 1238 rege
1666 1189 1736 1226 Ae-

1081 1252 1230 1298 gyptum
1274 1260 1428 1298 pressam
1459 1246 1587 1297 fuisse.
1645 1245 1738 1282 Mihi

1082 1306 1181 1355 prior
1202 1305 1319 1354 magis
1347 1304 1485 1341 arridet
1509 1304 1602 1339 ratio
1623 1304 1738 1353 potis-

1083 1362 1213 1398 simum
1230 1365 1382 1411 propter
1402 1373 1466 1405 ea,
1497 1372 1592 1408 quae
1608 1358 1736 1407 legun-

1083 1421 1143 1454 tur
1170 1418 1223 1462 ΙΙ,
1256 1419 1352 1457 126:
1384 1415 1422 1461 ἐς
1457 1417 1574 1454 τοῦτο
1604 1412 1646 1453 ὁὲ
1676 1413 1733 1454 ἕλ-

1082 1476 1174 1512 θεῐν
1196 1471 1332 1511 Χέοπα
1351 1467 1576 1521 κακότητος.

1141 1533 1242 1568 τοῖσι
1268 1526 1340 1578 μὲν
1373 1525 1422 1578 δὴ
1450 1522 1733 1577 α’ττοδεδέχθαι]

1082 1587 1103 1623 i.
1125 1599 1155 1623 e.
1177 1586 1231 1622 his
1251 1587 1496 1632 constitutum,
1515 1584 1733 1630 mandatum,

1081 1645 1287 1692 imperatum
1315 1642 1443 1691 fuisse.
1511 1639 1608 1677 Nam
1638 1635 1733 1678 oino-

1083 1693 1289 1736 δεικνύναι
1309 1697 1365 1733 hic
1383 1700 1440 1734 est
1458 1698 1675 1744 constituere,
1693 1701 1734 1733 ut

1082 1754 1137 1800 ΙΙ,
1158 1753 1222 1794 65.
1242 1755 1295 1793 77
1315 1757 1382 1790 etc.

1139 1808 1182 1848 ἐκ
1205 1811 1285 1847 τῶν
1313 1805 1576 1858 λιθοτομιέων
1606 1827 1662 1835 --
1692 1805 1734 1846 ἔκ

1082 1863 1253 1904 τουτέων
1285 1879 1318 1902 κ.
1337 1880 1368 1903 τ.
1391 1863 1439 1914 λ.]
1479 1864 1596 1900 Simili
1625 1864 1734 1901 modo

1083 1922 1120 1959 in
1151 1934 1273 1971 seqq.:
1323 1918 1450 1972 πρός
1489 1917 1541 1959 τό
1578 1921 1734 1971 Λιβυ-

1084 1975 1175 2017 κόν
1203 1980 1288 2016 καλ.
1319 1975 1433 2026 ὅρος,
1477 1973 1598 2026 πρὸς
1626 1979 1734 2016 τοῦ-

1083 2049 1135 2073 το
1165 2033 1300 2073 ἕλκειν.
1330 2034 1414 2071 Vid.
1434 2033 1567 2070 Matth.
1589 2033 1652 2070 Gr.
1667 2034 1734 2070 Gr.

1083 2105 1118 2142 p.
1140 2094 1221 2131 877
1253 2094 1290 2127 et
1310 2091 1402 2127 conf.
1424 2089 1562 2137 Iaeger.
1582 2089 1733 2139 disputt.

1082 2147 1247 2184 Herodd.
1278 2160 1313 2197 p.
1338 2149 1413 2192 17,
1449 2146 1511 2194 qui
1540 2158 1582 2182 ex
1615 2146 1734 2182 istius-

1083 2204 1182 2240 modi
1201 2203 1474 2251 repetitionibus
1493 2201 1640 2250 colligit,
1656 2202 1734 2240 He-

1083 2259 1253 2296 rodotum
1271 2271 1392 2296 senem
1413 2271 1504 2308 opus
1524 2271 1627 2295 suum
1647 2271 1733 2295 con-

1082 2316 1276 2365 scripsisse.
1344 2314 1575 2351 Herodotum
1613 2315 1651 2351 in
1679 2315 1733 2351 his

1081 2386 1149 2422 pro
1182 2384 1281 2408 more
1306 2371 1468 2407 imitatus
1506 2375 1562 2407 est
1596 2370 1733 2407 Pausa-

1082 2429 1185 2474 nias,
1215 2432 1364 2464 notante
1387 2427 1518 2464 Siebel.
1547 2427 1594 2463 ad
1619 2427 1654 2474 Ι,
1680 2429 1731 2468 19

1084 2483 1121 2534 §.
1142 2483 1177 2524 4.
1236 2484 1293 2520 De
1310 2487 1432 2520 monte
1451 2483 1602 2520 Arabico
1622 2488 1732 2531 atque

1082 2540 1218 2590 Libyco
1239 2540 1310 2576 vid.
1329 2543 1420 2575 nott.
1441 2540 1488 2575 ad
1506 2539 1562 2586 ΙΙ,
1583 2541 1620 2580 3.
1652 2539 1732 2575 Eti-

1083 2609 1227 2634 amnum
1246 2596 1283 2632 in
1308 2595 1487 2645 lapidibus
1506 2596 1662 2644 vestigia
1680 2595 1730 2632 la-

1080 2653 1271 2689 tomiarum
1319 2664 1509 2702 superesse
1551 2655 1731 2689 testantur

1081 2709 1291 2746 recentioris
1320 2709 1449 2745 aetatis
1481 2709 1730 2758 peregrinato-

1081 2779 1159 2811 res,
1190 2778 1339 2814 quorum
1358 2764 1454 2801 locos
1475 2765 1613 2813 profert
1633 2763 1730 2799 Zoe-

1081 2835 1129 2871 ga
1150 2822 1196 2860 de
1215 2820 1380 2859 obeliscc.
1409 2833 1446 2871 p.
1465 2820 1546 2860 400
1564 2823 1639 2856 not.
1663 2821 1728 2860 20.
