1909 3228
666 235 968 276 CL10.1.

160 340 274 387 εὸσα
309 342 494 390 ἐδύνατο
531 341 726 400 μάλιστα.

1360 238 1444 289 411

786 348 948 401 Πρῶτα
982 345 1061 403 μὲν
1095 344 1174 390 τὸν
1201 341 1444 401 Εὐφρήτην

188 422 409 479 ποταμόν,
458 423 614 478 ῥέοντα
650 422 868 479 πρότερον
909 426 1033 477 ἰθύν,
1074 423 1121 476 ὅς
1147 435 1226 482 σφι
1261 423 1332 469 δια
1371 427 1500 480 τῆς35

188 500 342 554 πόλιος
370 503 501 559 μέσης
529 502 634 558 ῥέει,
674 507 852 557 τοῦτον,
890 504 1062 550 ἄνωθεν
1095 502 1310 559 διώρυχας
1339 500 1447 558 ὀρύ-

191 581 322 635 ξασα,
369 581 485 626 οὕτω
516 581 568 639 δή
597 600 636 626 τι
668 583 840 639 ἐποίησε
880 583 1082 635 σκολιόν,
1133 581 1240 627 ὥστε
1271 580 1323 638 δὴ
1354 581 1447 635 τρὶς

192 660 236 711 ἐς
264 665 354 704 τῶν
381 661 479 704 τινα
510 662 689 718 κωμέων
716 667 806 706 τῶν
850 663 897 706 ἐν
937 667 990 720 τῇ
1019 661 1221 718 Ἀσσυρίῃ
1252 658 1448 704 ἀπικνέε-

164 745 264 782 3ται
294 739 417 796 ῥέων.

126 908 235 961 Ἵνα,
263 917 303 951 ut
321 926 365 951 ea
380 914 465 951 urbs
484 914 720 966 intelligatur,
741 915 789 955 de

136 981 209 1021 qua
227 982 336 1021 supra
356 970 511 1017 l,179.

193 1022 356 1066 ἄνωθεν
376 1023 573 1079 διῶουχας
598 1023 784 1078 ὀρύξασα]

138 1078 301 1122 ἄνωθεν
343 1084 420 1121 scil.
452 1086 524 1134 τῆς
549 1087 787 1137 Βαβυλῶνος

138 1135 302 1188 πόλιος,
341 1144 381 1176 ut
410 1140 478 1178 iam
510 1142 705 1191 Breigerus
739 1143 787 1180 de

138 1195 272 1234 difficil.
308 1196 448 1234 Herod.
487 1210 570 1246 geo‹
561 1199 688 1250 g.raph
719 1197 787 1236 loc.

138 1264 225 1315 pag.
244 1254 300 1293 42
318 1251 411 1290 bene
430 1261 629 1292 monuerat.

196 1303 294 1347 ω’στε
322 1305 373 1358 δη
401 1308 485 1361 τρὶς
514 1309 554 1356 ἐς
588 1313 671 1349 τῶν
698 1307 788 1351 nvo?

137 1362 304 1414 κωμέων
335 1366 416 1403 τῶν
450 1364 493 1405 ἐν
517 1368 569 1419 τῇ
603 1362 789 1434 Ἀσσυρίῃ

139 1415 367 1459 ἀπικνέεται
403 1443 460 1448 ——
499 1420 523 1462 ὁ
555 1419 790 1474 Εὐφρήτης,

135 1471 388 1528 Ἀρδέρικκα]
428 1477 570 1515 Primus
587 1479 790 1517 Larcherus

138 1532 208 1571 hoc
227 1533 404 1582 explicare
429 1538 466 1571 et
486 1535 611 1573 addita
629 1535 791 1574 delinea-

137 1589 238 1627 tione
257 1589 435 1628 illustrare
451 1593 668 1629 sententiam
688 1605 791 1629 suam

139 1649 289 1684 conatus
315 1650 382 1684 est.
439 1648 576 1685 Statuit
602 1650 698 1686 enim
722 1650 792 1686 flu-

139 1702 236 1738 vium
247 1705 562 1752 praeterfluentem
582 1705 631 1742 ita
645 1706 792 1742 ductum

141 1758 278 1805 fuisse,
316 1763 355 1795 ut
393 1760 506 1798 altera
537 1765 675 1798 tantum
713 1762 793 1811 ripa

141 1814 258 1850 w'cum
276 1815 471 1863 attingeret
485 1817 651 1865 adeoque
663 1816 793 1868 triplici

142 1870 201 1907 vel
232 1871 456 1921 quadruplici
488 1874 691 1910 curvamine
725 1875 795 1909 fiu-

141 1926 221 1963 vius
265 1927 346 1976 ipse
393 1929 610 1966 flecteretur.
676 1929 795 1972 Quem

143 1986 230 2034 post
248 1988 390 2020 secutus
410 1989 466 2021 est
486 1984 594 2020 Italus
613 1984 794 2022 Herodoti

144 2040 334 2089 interpres.
381 2039 494 2076 Paulo
516 2040 618 2078 aliter
638 2054 714 2078 rem
735 2053 797 2078 ex·-

144 2095 274 2147 pedire
313 2097 451 2133 studuit
487 2096 684 2146 Breigerus
718 2096 741 2135 l.
772 2095 796 2133 l.

143 2164 232 2203 pag.
252 2150 318 2193 41.
376 2153 468 2200 Qui,
498 2153 630 2191 reiecta
652 2166 694 2191 ea
714 2166 798 2190 sen-

144 2208 283 2256 tentia,
332 2221 427 2257 quae
464 2210 574 2246 toties
615 2214 798 2246 curvatum

145 2264 261 2302 fuisse
298 2265 374 2302 vult
406 2266 573 2313 fluvium,
616 2265 798 2303 Herodoti

145 2321 266 2358 verbis
296 2320 345 2358 nil
382 2321 479 2359 aliud
511 2322 684 2359 contineri
711 2335 799 2359 con-

147 2377 287 2424 tendit,
312 2377 382 2413 nisi
402 2382 457 2415 ter
481 2379 529 2414 ad
562 2380 717 2416 eundem
744 2378 799 2415 lo-

149 2445 231 2468 cum
263 2434 414 2471 rediisse
449 2434 620 2482 fluvium,
655 2435 801 2472 minime

149 2499 239 2524 vero
255 2491 310 2525 ter
326 2503 408 2527 eum
424 2492 555 2528 flexum
568 2504 660 2528 esse.
681 2490 802 2540 Atque

151 2542 219 2579 hoc
246 2544 297 2581 sic
322 2546 456 2582 factum
488 2559 570 2584 esse
599 2547 665 2583 sibi
685 2547 802 2596 fingit,

153 2602 193 2634 ut
216 2599 333 2648 primo
361 2602 489 2638 fluvius
512 2615 670 2652 superne
687 2603 801 2640 vicum

153 2653 325 2703 allueret,
354 2658 513 2694 secundo
535 2670 621 2695 vero
641 2658 719 2696 loco
742 2672 801 2697 se·-

153 2709 226 2747 mel
245 2710 396 2750 inflexus
425 2726 492 2763 per
511 2714 670 2752 medium
687 2715 802 2753 vicum

153 2767 304 2814 flueret,
333 2769 431 2805 cuius
460 2769 508 2806 ad
534 2770 683 2808 alteram
716 2784 803 2821 par-

155 2825 230 2859 tem
250 2823 381 2862 deinde
401 2823 529 2862 iterum
544 2831 709 2864 curvatus
726 2830 801 2864 ter-

153 2877 206 2916 tio
224 2877 304 2918 loeo
320 2879 368 2919 ad
386 2881 502 2920 vicum
521 2882 673 2932 rediret,
694 2895 803 2935 quem

474 744 528 797 τῇ
558 741 604 785 δὲ
641 740 767 799 κώμῃ
807 739 977 799 οὕνομα
1014 740 1126 795 ἐστι,
1173 740 1216 792 ἐς
1244 740 1323 797 τὴν
1353 738 1448 784 ἀπι-

855 915 924 954 hae
955 915 1033 954 vice
1070 915 1164 953 insta
1204 913 1337 952 alluere
1365 916 1505 965 posset.

855 973 932 1011 Sed
976 973 1110 1019 fateor,
1148 970 1234 1008 mihi
1270 970 1360 1007 haec
1389 970 1506 1018 magis

854 1028 1020 1079 quaesita
1043 1029 1235 1077 minusque
1252 1025 1428 1077 simplicia
1454 1025 1508 1062 vi-

855 1086 933 1123 deri
960 1098 1049 1135 prae
1077 1084 1136 1122 illa
1173 1084 1372 1130 sententia,
1412 1094 1508 1131 quae

854 1141 998 1178 fluvium
1022 1146 1079 1178 ter
1097 1144 1278 1178 curvatum
1296 1151 1378 1176 esse
1389 1138 1509 1186 docet,

854 1198 1068 1249 praesertim
1120 1209 1201 1234 cum
1244 1194 1331 1232 nihil
1367 1193 1509 1243 legatur

856 1255 956 1305 apud
989 1253 1240 1300 Herodotum,
1269 1251 1415 1288 fluvium
1441 1262 1510 1301 per

856 1311 1015 1349 medium
1047 1310 1163 1347 vicum
1198 1308 1435 1358 perfluxisse3
1471 1306 1511 1344 id

858 1367 958 1416 quod
988 1368 1092 1417 ponit
1120 1365 1328 1413 BreigeruS.
1392 1362 1510 1400 Addi-

857 1436 938 1461 mus
959 1423 1056 1460 hisce
1080 1421 1301 1458 Heerenium
1322 1419 1376 1456 in:
1398 1418 1511 1456 Ideen

858 1479 898 1526 I,
918 1482 945 1520 2
973 1491 1059 1529 pag.
1079 1478 1159 1518 138
1179 1489 1257 1525 seq.
1276 1476 1323 1512 de
1340 1475 1410 1512 hoc
1430 1473 1511 1511 loco

859 1535 1110 1573 disserentem.
1130 1533 1204 1570 Ubi
1224 1532 1403 1570 existimat
1417 1543 1511 1581 opus

857 1591 928 1629 hoc
947 1591 1045 1628 fluvii
1063 1589 1199 1628 curvati
1227 1589 1271 1625 iis
1299 1589 1335 1624 in
1353 1586 1512 1636 regioni-

857 1647 928 1685 bus
950 1649 1083 1685 sactum
1102 1658 1203 1693 esse,
1230 1644 1291 1681 ubi
1305 1643 1511 1694 Euphrates
1533 1651 1536 1655 ’

859 1704 1018 1754 scopulis
1046 1703 1215 1751 saxisque
1241 1700 1402 1751 repletus
1422 1699 1514 1736 labi-

859 1764 918 1797 tur
937 1760 1042 1798 celeri
1062 1771 1168 1797 cursu
1194 1758 1354 1806 indeque
1372 1755 1515 1806 pericu-

862 1816 942 1853 losa
965 1817 1042 1853 eius
1061 1814 1258 1863 navigatio.
1288 1813 1358 1849 Cui
1375 1816 1414 1848 ut
1426 1811 1515 1847 sub-

860 1872 1001 1909 veniret
1036 1870 1273 1922 probabiliter
1309 1867 1514 1905 institutum

862 1927 952 1965 illud
970 1940 1052 1964 esse
1088 1926 1207 1975 (quod
1230 1924 1316 1961 inde
1341 1935 1515 1971 magnum

862 1984 975 2021 fuisse
1003 2012 1028 2030 „
1037 1979 1354 2019 Schleussenwerk
1363 1980 1388 1998 “
1404 1978 1515 2016 conii-

863 2040 973 2088 cias),
995 2037 1171 2087 simulque
1191 2037 1312 2083 etlam,
1330 2048 1410 2073 cum
1427 2047 1516 2085 pro-

862 2099 946 2147 pter
981 2096 1190 2144 frequentes
1221 2091 1355 2130 canalis
1388 2103 1517 2128 curva-

863 2153 981 2189 tiones
1018 2150 1124 2202 plura
1169 2148 1347 2187 eiusmodi
1380 2159 1516 2197 opera,

866 2221 962 2257 quae
988 2220 1057 2244 nos
1093 2205 1320 2257 appellamus
1346 2202 1516 2241 Schleus-

865 2277 953 2311 sen,
993 2263 1215 2314 permeanda
1251 2263 1393 2307 essent,
1429 2259 1516 2296 illud

865 2321 916 2357 sic
939 2320 1121 2357 diductum
1146 2318 1283 2364 fuisse,
1308 2320 1349 2353 ut
1366 2316 1517 2364 naviga-

865 2378 916 2414 tio
945 2389 1011 2427 per
1035 2376 1150 2413 vicum
1180 2373 1373 2411 Ardericca
1410 2372 1517 2409 trium

867 2434 975 2471 fuerit
995 2433 1156 2478 dierum,
1185 2435 1262 2467 tum
1286 2432 1437 2479 propter
1457 2440 1518 2465 ca-

867 2489 990 2537 nales,
1038 2488 1193 2525 fluminis
1230 2486 1374 2536 lapsum
1409 2484 1518 2521 vehe-

867 2550 1025 2584 mentem
1046 2558 1117 2595 quo
1136 2544 1361 2588 minuerent,
1381 2541 1432 2577 ita
1450 2540 1518 2577 cir-

868 2602 1075 2640 cumductos
1088 2630 1098 2649 ,
1116 2604 1155 2637 ut
1171 2603 1329 2637 extrema
1344 2597 1412 2634 vici
1430 2608 1516 2647 pars

867 2663 1018 2708 utraque
1047 2662 1238 2705 utrumque
1277 2654 1384 2692 etiam
1410 2665 1519 2690 cana-

866 2713 938 2752 lem
964 2714 1178 2762 attfflgeret,
1214 2710 1429 2758 mediusque
1458 2720 1520 2745 ca-

867 2770 959 2808 nalis
988 2771 1106 2821 ipsam
1141 2768 1266 2805 urbem
1302 2768 1516 2817 permearet,

867 2831 943 2864 tum
980 2829 1131 2890 propter
1175 2822 1324 2861 multum
1359 2825 1517 2871 tempus,

867 2881 995 2935 quod
987 2882 1032 2921 1is
1051 2881 1303 2920 insumendum
1321 2877 1443 2926 fuerit,
1456 2876 1518 2927 qui
