1909 3228
663 244 883 284 CL10‚
940 245 968 284 1.
1363 245 1448 287 425

68 357 164 403 191
189 351 454 410 πρηγμάτων
493 355 872 411 προκοπτομένων.
932 355 1036 399 Ε’ίτε
1064 354 1117 412 δὴ
1148 347 1211 397 ὧν
1239 352 1369 405 ἄλλος
1398 356 1442 398 οἱ
1453 360 1652 401 50Enphrate
1676 367 1705 393 fn
1732 366 1775 393 ia-

1500 408 1604 426 cunam
1629 400 1776 433 derivato,

188 430 422 486 ἀπορέοντι
459 431 735 490 ὖπεθήκατο,
795 435 835 477 εἴ
870 450 915 477 τε
953 435 1026 478 καὶ
1060 433 1190 485 αὐτὸς
1228 433 1362 490 ἔμαθε
1391 434 1439 477 τὸ
1497 435 1612 460 ‘mmm
1648 442 1702 467 ¹³⁹¹
1731 434 1775 460 ‘¹¹'

1498 475 1585 493 veum
1599 487 1607 499 ,
1624 468 1776 493 —incautos

1500 505 1529 526 et
1540 500 1575 525 ob
1585 500 1691 527 festum
1701 500 1777 526 dicul

161 510 395 569 Ξποιητέον
426 515 470 556 οἱ
495 508 575 570 ἦν,
606 513 744 556 ἐποίεε
779 513 831 568 δὴ
860 513 1042 557 τοιόνδε.
1071 511 1201 566 τάξας
1221 513 1301 570 τὴν
1319 525 1442 570 στρα-
1499 534 1635 560 laetitiae
1660 533 1776 560 deditos

1498 568 1654 601 opprimit,
1683 576 1710 595 a.
1727 568 1776 594 536

187 590 285 647 τιὴν
314 591 486 635 ἅπασαν
516 593 557 646 ἐξ
586 593 768 649 ἐμβολῆς
797 596 879 635 τοῦ
914 597 1136 649 ποταμοῦ,
1194 597 1248 650 τῇ
1284 593 1327 644 ἐς
1365 592 1441 649 τὴν
1498 605 1640 628 ememo.

188 670 317 714 πόλιν
345 670 560 727 ἐσβάλλει,
590 672 663 715 καὶ
694 670 850 715 ὄπισθε
881 667 1001 722 αὖτις
1030 676 1105 727 τῆς
1133 670 1284 723 πόλιος
1313 673 1441 724 τάξας

512 732 529 750 0

188 749 382 804 ἑτέρους,
410 754 464 807 τῇ
493 751 591 802 ἐξίει
621 751 667 794 έκ
696 754 770 806 τῆς
799 751 951 802 πόλιος
979 749 1002 794 ὁ
1022 750 1237 807 ποταμός·
1266 756 1446 806 προεῖπε

189 832 249 885 τῷ
279 832 470 886 στρατῷ,
501 828 608 872 ὅταν
639 829 849 886 διαβατὸν
878 830 926 874 τὸ
958 829 1142 886 ῥέεθρον
1172 831 1351 874 ἴδωνται
1380 838 1502 887 γε-55

159 905 403 962 δυόμενον,
444 907 603 952 ἐσιέναι
631 910 766 967 ταύτῃ
796 910 839 961 ἐς
871 909 949 966 τὴν
978 909 1116 953 πόλιν.
1176 909 1289 953 οὕτω
1320 926 1363 954 τε
1393 910 1446 966 δὴ

188 985 340 1040 τάξας,
388 988 460 1031 καὶ
490 989 599 1032 κατὰ
627 993 763 1034 ταῦτα
791 988 1083 1044 παραινέσας,
1124 987 1343 1045 ἀπήλαυνε
1374 987 1448 1032 αὐ-

159 1066 265 1118 4τός
303 1066 387 1110 σὺν
423 1070 483 1124 τῷ
523 1066 686 1126 ἀχρηΐῳ
725 1072 805 1112 τοῦ
843 1072 1043 1123 στρατοῦ.
1096 1066 1372 1124 Ἀπικόμενος
1401 1067 1447 1111 δὲ

187 1145 257 1189 ἐπὶ
285 1144 365 1202 τὴν
392 1147 573 1203 λίμνην,
622 1146 677 1190 τά
706 1163 785 1204 περ
815 1145 843 1205 ἡ
872 1151 962 1191 τῶν
990 1148 1286 1203 Βαβυλωνίων
1314 1149 1444 1203 βασί-

187 1228 281 1268 λεια
318 1225 491 1282 ἐποίησε
530 1224 642 1269 κατά
678 1243 722 1270 τε
746 1226 838 1271 ’τόν
872 1226 1069 1283 ποταμὸν
1103 1227 1176 1270 καὶ
1219 1225 1329 1270 κατὰ
1365 1225 1500 1282 τὴνὸο

159 1305 364 1360 5λίμνην,
396 1305 534 1348 ἐποίεε
565 1306 638 1348 καὶ
669 1305 691 1348 ὁ
723 1309 872 1360 Κῦρος
901 1306 1024 1361 ἕτερα
1042 1309 1236 1350 τοιαῦτα.
1268 1305 1345 1350 τὸν
1360 1305 1443 1362 γὰρ

136 1430 138 1432 ,
187 1381 386 1438 ποταμὸν
417 1382 597 1439 διώρυχι
635 1384 858 1440 ἐσαγαγών
897 1385 941 1437 ές
977 1384 1057 1440 τὴν
1095 1387 1251 1441 λίμνην
1289 1386 1449 1429 έοῦσαν

187 1460 308 1514 ἕλος,
348 1460 397 1505 τὸ
427 1461 612 1518 ἀρχαῖον
651 1461 835 1519 ῥέεθρον
872 1463 1082 1520 διαβατὸν
1116 1462 1228 1508 εἶναι
1258 1463 1443 1520 ἐποίησε,

319 1657 351 1696 C
364 1671 385 1696 a
397 1671 434 1710 p.
468 1657 602 1696 CXCI.

187 1743 240 1795 τῇ
271 1739 364 1789 ἐξίει
402 1740 445 1781 ἐκ
481 1744 552 1792 τῆς
595 1736 731 1788 πόλιος
765 1740 786 1781 ὃ

132 1793 331 1847 ποταμός]
361 1798 419 1836 De
435 1799 550 1836 forma
571 1797 664 1846 ἐξίει
690 1799 784 1835 conf.

134 1853 238 1901 adl,
263 1855 354 1895 180.

192 1931 312 1983 αὕτός
341 1934 416 1976 σύν
444 1939 502 1988 τῷ
531 1933 680 1992 ἄχρηΐῳ
713 1939 786 1976 τοῦ

135 1991 326 2045 στρατοῦ]
379 1994 551 2043 Intelligit
582 1993 784 2033 Larcherus

133 2050 212 2098 „les
236 2055 384 2100 troupes
411 2050 462 2088 les
490 2050 606 2088 moins
630 2051 783 2098 bonneS,

135 2106 187 2143 les
214 2107 331 2143 moins
360 2107 565 2155 aguerries,
594 2106 646 2145 les
669 2108 784 2144 moins

135 2162 470 2212 experimenteeS,“
514 2177 594 2200 cum
632 2164 725 2201 infra
753 2163 784 2210 l,

135 2221 215 2260 211
255 2219 383 2257 eadem
410 2220 612 2257 inveniatur
641 2220 786 2266 locutio,

136 2287 231 2324 quae
266 2274 306 2323 Ι,
334 2279 416 2317 207
452 2275 650 2326 explicetur
683 2276 786 2326 quasi

135 2331 274 2368 verbis:
311 2334 384 2382 τῆς
409 2335 592 2384 στρατιῆς
615 2329 657 2372 τό
687 2348 787 2382 φαυ-

136 2382 308 2426 λότατον.
357 2386 488 2439 Nuper
515 2390 713 2427 admodum
748 2390 787 2426 in

137 2448 407 2493 programmate
431 2446 659 2493 academico,
689 2446 790 2496 quod

137 2497 320 2547 Erlangae
339 2501 475 2550 prodiit
489 2504 595 2543 1827
616 2507 652 2539 et
666 2502 789 2540 lectio-

140 2567 227 2591 num
238 2554 508 2593 Homericarum
530 2559 688 2595 continet
706 2572 790 2608 spe-

142 2611 258 2647 cimen
280 2611 316 2658 Ι,
344 2612 586 2650 Doederlinus
610 2615 656 2651 de
677 2615 789 2663 signi-

143 2667 311 2704 ficatione
339 2672 375 2705 et
410 2681 478 2705 usu
512 2670 609 2707 vocis
636 2665 788 2721 εἷχρεῖος

143 2723 321 2771 quaesivit
347 2736 433 2774 pag.
454 2726 480 2765 6
501 2739 577 2774 seq.
621 2721 789 2777 Ἀχρεῖος

144 2779 238 2816 enim
266 2780 442 2829 (inutilis)
479 2786 604 2819 monet
630 2783 677 2820 de
711 2784 790 2820 ani-

144 2835 322 2872 mantibus
354 2837 446 2883 dici,
486 2850 529 2874 ac
557 2839 709 2888 primum
742 2841 789 2877 de

147 2903 298 2942 corpore
321 2893 368 2930 ad
397 2906 488 2944 opus
506 2895 694 2944 quodlibet
710 2896 790 2933 inu-

850 1660 925 1709 tili,
947 1659 996 1698 ita
1016 1663 1056 1697 ut
1070 1659 1342 1698 imbecillitatem
1366 1659 1503 1698 indicet

851 1730 977 1754 eorum
998 1717 1174 1764 maxime,
1204 1718 1266 1766 qui
1279 1716 1426 1754 militiae
1447 1721 1505 1753 to-

850 1771 1024 1810 lerandae
1065 1772 1121 1810 vel
1159 1774 1268 1810 armis
1303 1773 1500 1810 tractandis

851 1829 1009 1877 impares
1045 1828 1128 1865 sint.
1191 1829 1266 1866 Ubi
1291 1828 1407 1865 nostri
1433 1828 1503 1864 loci

853 1897 929 1921 non
952 1884 1081 1921 oblitus
1102 1889 1158 1922 est
1177 1886 1230 1921 vir
1250 1885 1388 1922 doctus.

910 1936 1114 1992 ἐσαγαγών
1160 1939 1200 1986 ἐς
1238 1937 1313 1990 τήν
1358 1939 1503 1990 λίμνην

851 1993 999 2036 ἐοῦσαν
1036 1994 1149 2042 ἕλος]
1211 1996 1307 2033 Olim
1350 1995 1504 2046 εἰσαγα-

851 2048 955 2104 γών,-
978 2052 1043 2089 sed
1056 2049 1255 2105 ἐσαγαγών
1274 2052 1356 2089 libri
1379 2052 1503 2102 scripti

853 2108 1147 2158 suppeditabant.
1209 2107 1270 2145 Ad
1307 2120 1504 2157 argumen-

852 2169 929 2202 tum
958 2164 1220 2213 W‘esselingius
1257 2166 1368 2202 refert
1402 2164 1503 2201 Iere-

853 2222 947 2259 miae
967 2220 1082 2257 locum
1109 2220 1185 2268 LI,
1213 2223 1288 2268 32,
1317 2220 1380 2257 ubi
1409 2233 1503 2257 non-

853 2277 954 2315 nulla
966 2277 1114 2314 Grotius
1134 2281 1170 2314 et
1191 2277 1320 2327 Camp.
1334 2276 1503 2325 Vitringa

855 2334 1035 2371 Observv.
1055 2334 1174 2370 Sacrr.
1198 2333 1272 2381 VI,
1303 2334 1328 2375 5
1351 2346 1387 2383 p.
1405 2334 1501 2380 298,

856 2390 1035 2427 Gesenius
1062 2389 1188 2437 (cuius
1221 2389 1339 2427 locum
1367 2389 1504 2426 adseri-

853 2447 927 2497 psit
948 2446 1014 2483 Cr.
1049 2447 1086 2482 in
1112 2446 1332 2483 Commentt.
1359 2445 1408 2482 ad
1433 2445 1502 2482 Ies.

855 2508 882 2540 t.
897 2502 929 2539 ll
947 2516 983 2553 p.
996 2504 1067 2549 88)
1088 2502 1224 2539 lesaiae
1242 2502 1358 2539 locum
1368 2500 1503 2549 XLIV,

855 2561 929 2606 27,
959 2559 1019 2595 ubi
1035 2559 1105 2595 w'd.
1142 2558 1253 2602 Quod
1277 2570 1361 2595 vero
1379 2558 1504 2594 discri-

854 2628 939 2652 men
967 2614 1230 2663 W'esselingius
1259 2614 1383 2651 statuit
1410 2614 1505 2651 inter

854 2671 1000 2722 λίμνην
1032 2675 1069 2708 et
1108 2669 1210 2718 ἕλος,
1246 2683 1401 2720 quorum
1434 2670 1503 2707 hoc

856 2728 903 2765 sit
917 2731 1079 2775 stagnum
1109 2731 1202 2764 terra
1218 2727 1369 2777 undique
1385 2726 1501 2763 incla-

857 2797 932 2821 sum
966 2787 998 2820 et
1029 2786 1128 2820 exitu
1164 2796 1336 2833 aquarum
1371 2795 1503 2830 carens,

856 2840 944 2877 illud
957 2839 1086 2890 palus,
1102 2842 1139 2877 in
1160 2853 1263 2890 quam
1284 2843 1348 2877 aut
1361 2841 1502 2890 fluvius

854 2898 1035 2945 incurrat,
1071 2900 1136 2936 aut
1160 2896 1269 2936 ducta
1288 2896 1394 2949 fossa
1424 2908 1502 2934 cum
