1909 3228
645 215 949 256 cL10.1.

1347 219 1431 260 417

171 327 396 381 ποταμοῦ,
445 326 518 369 καὶ
551 325 604 369 τὰ
641 326 742 380 περὶ
789 325 868 383 τὴν
908 326 1108 383 γέφυραν
1151 325 1428 383 ἐκεκόσμητο,

170 402 250 447 τὸν
285 402 524 461 Εὐφρήτην
563 405 761 462 ποταμὸν
800 405 843 457 ἐς
879 405 931 449 τοὶ
978 403 1135 462 ἀρχαῖα
1172 403 1332 462 ῥέεθρα
1381 406 1429 450 ἐκ

168 485 246 539 τῆς
283 484 434 539 λίμνης
469 483 662 541 ἐξήγαγε·
719 485 794 527 καὶ
828 483 944 528 οὕτω
983 483 1032 528 τό
1075 483 1281 541 ὀρυχθὲν,
1329 484 1426 536 ἕλος

168 561 423 618 γενόμενον,
455 563 497 614 ἐς
527 564 629 607 δέον
658 563 802 607 ἐδόκεε
830 562 1074 619 γεγονέναι,
1104 564 1177 607 καὶ
1205 569 1318 607 τοῖσι
1347 581 1423 608 πο-
1436 571 1480 606 85

48 650 146 695 187
169 640 338 698 λιήτῃσι
367 641 538 698 γέφυρα
566 646 622 698 ἡν
650 642 1031 699 κατεσκευασμένη.
1056 642 1115 685 H
1136 641 1179 686 δ’
1211 642 1318 700 αὐτὴ
1352 642 1424 688 αὕ-
1480 645 1615 681 S·¹³¹¹¹¹
1608 655 1654 674 ¹¹¹¹
1657 647 1755 709 3031}

167 738 219 777 τη
248 724 442 777 βασίλεια
471 722 544 765 καὶ
574 720 744 778 ἀπάτην
771 721 944 778 τοιηνδε
979 720 1075 765 two?
1115 721 1422 778 ἐμηχανήσατο.

165 798 293 855 Ὑπὲρ
331 804 419 843 τῶν
457 799 641 856 μάλιστα
677 800 918 857 λεωφόρων
955 800 1126 845 πυλέων
1160 804 1241 844 τοῦ
1276 799 1427 853 ἄστεος

167 878 313 934 τάφον
342 878 484 937 ἑωυτῇ
511 878 856 924 κατεσκευάσατο
886 881 1105 936 μετέωρον
1127 880 1332 937 ἐπιπολῆς
1353 877 1428 924 αὖ-

138 956 280 1001 Ξτὲων
306 961 394 1001 τῶν
421 958 606 1002 πυλέων.
636 957 867 1010 ἐνεκόλαψε
898 960 943 1003 δὲ
963 958 1006 1010 ἐς
1032 957 1110 1002 τὸν
1124 959 1275 1016 τάφον
1294 958 1426 1016 γράμ-
1437 967 1483 1001 90

167 1053 281 1092 ματα
301 1036 482 1093 λέγοντα
498 1037 597 1081 τάδε
613 1053 622 1062 ·

657 1041 788 1081 ΤΩΝ
814 1042 917 1082 ΤΙΣ
940 1042 1117 1081 EMEY
1133 1036 1431 1083 οΤΣΤΕΡΟΝ

166 1119 553 1159 ΓΙΝΟΜΕΝῼΝ
576 1119 692 1159 ΒΑΒ
703 1121 952 1162 ΤΛΩΝΟΣ
978 1121 1307 1172 ΒΑΣΙΛΕΩΝ,
1334 1120 1432 1161 ΗΝ

166 1199 212 1238 Σ
216 1198 470 1239 ΠΑΝΙΣΗι

167 1278 243 1317 ΤΑ
251 1277 395 1325 ΦΟΝ,

527 1199 896 1250 ᾸΠἾΠᾺΑἘΩΔᾸ
963 1199 1243 1247 ,ΑΝΟᾸΞΑΣ

425 1275 1427 1320 AABETss‘oKozu‚BorAETArzffffr

1304 1200 1433 1241 TON

165 1356 354 1396 MATA.
411 1356 512 1396 ΜΗ
538 1358 792 1398 MENTOI
824 1358 921 1409 ΓΕ,
967 1358 1073 1398 ΜΗ
1104 1359 1482 1401 ΣΠΑΝΙΣΛΣ95

107 1570 259 1608 edentes
286 1564 461 1623 ἐξήγαγε.
509 1569 566 1607 Ex
583 1568 665 1608 Ald.
684 1570 762 1608 vul-

107 1633 231 1675 gatum
260 1627 413 1664 fluxerat
439 1622 626 1679 ἐξάγαγε,
665 1628 763 1665 haud

107 1683 258 1732 quidem
286 1687 411 1720 contra
439 1683 621 1720 Heiodoti
644 1696 762 1731 usum,

110 1739 177 1775 sed
205 1738 302 1774 libris
334 1740 632 1786 adversantibus,
667 1753 760 1789 quos

109 1795 146 1830 in
165 1794 219 1830 his
250 1795 357 1831 rebus
371 1823 382 1841 ‚
407 1795 469 1831 ubi
494 1796 654 1832 variasse
674 1797 762 1832 scri-

108 1854 251 1900 ptorem
263 1850 320 1885 vix
334 1851 541 1898 negandum
560 1851 639 1898 erit,
657 1851 762 1889 unice

110 1906 214 1954 sequi
251 1905 426 1943 volumus.
495 1905 554 1943 Ad
591 1905 631 1952 ἐς
668 1905 761 1946 δέον

110 1962 204 1999 conf.
224 1961 263 2007 I,
287 1964 366 2003 119
385 1962 471 2011 ibiq.
491 1966 567 1998 not.

166 2016 233 2056 καὶ
254 2021 356 2056 τοῖσι
376 2012 586 2069 πολιήτῃσι
608 2016 761 2069 γέφυρα

109 2088 164 2123 ην
184 2072 536 2125 κατεσκευασμένη]
552 2075 659 2112 Hunc
669 2086 762 2124 pon-

108 2134 182 2167 tem
225 2131 385 2179 quinque
423 2131 623 2167 stadiorum
647 2131 762 2168 fuisse

108 2185 337 2235 longitudine
362 2187 493 2224 asserit
510 2186 695 2224 Diodorus
713 2187 760 2233 ΙΙ,

110 2243 149 2283 8.
198 2242 268 2278 Cui
297 2256 377 2280 cum
407 2243 539 2280 Strabo
577 2242 762 2280 adversari

109 2299 294 2345 videatur,
326 2299 386 2348 qui
410 2298 633 2349 Euphratem
657 2300 760 2335 unius

108 2357 251 2391 tantum
270 2356 377 2391 stadii
394 2368 600 2392 mensuram
615 2355 761 2405 explere

109 2414 233 2446 narrat
262 2410 379 2458 (XVI
409 2424 495 2461 pag.
531 2413 657 2457 1073,
687 2410 762 2459 Α),

111 2469 236 2502 monet
255 2465 480 2513 Larcherus,
513 2468 550 2503 in
571 2471 761 2504 exstruen-

112 2521 160 2557 do
176 2525 288 2570 ponte
304 2535 378 2558 non
401 2536 624 2560 communem
644 2536 686 2559 ac
703 2535 764 2558 so-

113 2576 267 2613 lemnem
296 2577 492 2627 Euphratis
527 2578 666 2615 alveum
706 2591 764 2616 re-

113 2633 277 2682 spexisse
323 2634 509 2681 reginam,
565 2646 688 2671 verum
725 2634 764 2670 id

112 2701 259 2737 quoque
288 2693 455 2738 tempus,
497 2702 568 2739 quo
600 2690 668 2726 iste
694 2691 763 2726 flu-

112 2745 190 2780 vius
207 2757 273 2794 pro
301 2757 402 2782 more
433 2758 498 2781 suo
523 2745 624 2782 alveo
655 2744 762 2782 solito

113 2801 287 2838 excedere
316 2804 352 2836 et
372 2800 451 2837 loca
469 2801 631 2851 proxima
658 2801 763 2838 inun-

114 2856 203 2893 dare
218 2855 343 2892 soleat.
383 2856 592 2895 Recentiori
616 2870 762 2910 quoque

171 2911 380 2950 Hfinonor.
414 2912 440 2950 Ι.

830 1575 951 1610 aetate
977 1573 1104 1619 fuere,
1135 1573 1196 1622 qui
1221 1572 1344 1623 pontis
1374 1572 1480 1610 huius

830 1629 962 1666 rudera
993 1629 1099 1666 valde
1133 1629 1251 1666 solida
1280 1630 1481 1678 eximieque

830 1689 1036 1721 constructa
1067 1698 1110 1722 se
1141 1686 1278 1723 vidisse
1308 1686 1480 1723 dicerent.

830 1741 938 1777 Conf.
969 1753 1064 1790 quae
1084 1743 1194 1778 refert
1214 1741 1479 1790 Buckingham.

828 1796 866 1832 in
881 1796 1045 1833 Itinerar.
1072 1809 1183 1848 supra
1199 1797 1334 1834 laudat.
1345 1811 1382 1849 p.
1397 1797 1480 1838 482

829 1864 908 1901 seq.
932 1853 968 1888 in
988 1856 1064 1888 not.

953 1934 1356 1985 Cap.cLXXXVH.

883 2012 937 2068 ἢν
957 2017 1129 2072 σπανίσῃ
1146 2013 1377 2068 χρημάτων]
1390 2014 1481 2070 χρή-

830 2088 931 2124 ματα
963 2074 1109 2122 quidam
1139 2073 1220 2110 libri
1252 2079 1378 2112 contra
1406 2077 1483 2112 usi-

828 2134 942 2166 tatam
966 2130 1066 2166 verbi
1094 2129 1295 2176 σπανίζειν
1316 2144 1396 2168 cum
1417 2144 1479 2169 se·

829 2187 948 2222 cundo
970 2198 1056 2222 casu
1075 2189 1308 2233 structuram,
1338 2187 1385 2224 de
1405 2199 1479 2236 qua

829 2242 901 2278 vid.
915 2241 1111 2291 Spanhem.
1131 2242 1178 2278 ad
1189 2241 1373 2292 Aristoph.
1382 2242 1482 2280 Nub.

833 2299 940 2338 1288
961 2298 1110 2346 (1275)
1130 2311 1167 2348 p.
1188 2297 1269 2340 418
1290 2299 1347 2336 ed.
1367 2298 1481 2335 Beck.

829 2355 888 2392 De
908 2355 988 2403 ipso
1020 2355 1129 2391 verbo
1159 2353 1222 2390 Cr.
1251 2355 1389 2392 confert
1404 2354 1482 2391 Zo-

830 2424 907 2448 nar.
928 2409 1048 2447 Lexic.
1067 2423 1104 2460 p.
1127 2408 1247 2451 1665.

889 2462 941 2517 μὴ
962 2463 1095 2515 μέντοι
1117 2480 1181 2517 γε,
1213 2461 1266 2516 μὴ
1286 2464 1482 2512 σπανίσας

831 2536 896 2574 γε,
927 2518 1053 2568 ἄλλως
1074 2517 1241 2575 α’νοίξῃ]
1279 2521 1401 2559 Verba
1429 2522 1482 2558 ita

831 2578 1037 2627 iungenda,
1067 2582 1174 2628 prout
1207 2578 1256 2614 ad
1284 2577 1480 2615 faciliorem

831 2634 1106 2682 intelligentiam
1134 2637 1310 2671 commate
1339 2646 1382 2670 ea
1425 2633 1481 2669 di-

831 2691 1032 2726 stinximus,
1081 2689 1155 2726 Iam
1172 2688 1394 2738 intelligetur
1412 2689 1482 2725 du-

828 2746 912 2796 plex
942 2746 1102 2793 negandi
1124 2744 1319 2796 particula,
1349 2748 1384 2781 et
1413 2744 1482 2780 du-

829 2802 914 2852 plex
931 2776 1030 2837 ἰεῒιιῠιί
1052 2815 1117 2854 γε,
1148 2802 1246 2849 quod
1264 2801 1380 2850 primo
1400 2799 1480 2837 loco

830 2858 878 2896 ad
900 2857 1047 2896 verbum
1075 2852 1218 2910 α’νοίξῃ
1238 2856 1480 2903 referendum,

1150 2914 1207 2954 27

1498 688 1546 739 ulm
1571 680 1608 707 do
1613 681 1654 707 19

1498 714 1603 753 criptio
1695 715 1754 741 Dn-

1558 723 1757 784 10319001,οΜ

1479 747 1613 811 (101505.
