1877 3223
335 814 401 858 40

333 1128 399 1174 41

128 1193 166 1220 Ei
200 1191 318 1221 additur
352 1200 404 1221 cu·

127 1230 190 1255 utos
216 1226 370 1257 Adrastus.

445 248 527 290 100

856 244 1325 286 HERODOTI

420 354 566 414 2,,φῄς
593 370 661 400 τοι
690 354 739 399 τὸ
770 353 943 410 ὄνειρον
973 353 1061 398 ὑπὸ
1088 355 1238 411 αἰχμῆς
1268 353 1463 412 σιδηρέης
1493 353 1632 412 φάναι
1656 355 1727 411 ἐμὲ

443 433 763 491 ,,τελευτήσειν·
799 431 878 485 ὑός
908 434 954 478 δὲ
981 438 1101 478 κοῖαι
1138 432 1217 489 μέν
1251 435 1331 477 εἰσι
1359 438 1513 489 χεῖρες,
1551 436 1650 490 κοίη
1681 433 1727 477 δὲ

441 546 466 564 ‚‚
479 513 606 570 αἰχμὴ
635 512 835 567 σιδηρέη,
857 511 914 568 ἢν
945 513 999 557 σύ
1029 512 1209 569 φοβέαι;
1240 514 1276 555 εἰ
1291 511 1369 567 μὲν
1389 511 1470 568 γὰρ
1487 510 1576 556 ὑπὸ
1597 510 1728 556 ὀδόν-

441 625 466 643 ,,
477 609 552 643 τος
577 607 647 634 τοι
676 588 766 634 εἷπε
794 591 1060 648 τελευτήσειν
1088 607 1159 646 με,
1188 589 1215 646 ἢ
1244 589 1378 634 ἄλλου
1405 606 1480 634 τευ
1510 589 1535 634 ὅ
1562 606 1604 634 τι
1631 588 1729 634 τού-

441 703 466 722 „
456 687 535 727 ,τῳ
571 669 706 719 ἔοικε,
744 673 853 726 χρῆν
886 668 939 726 δή
978 681 1025 714 σε
1062 669 1224 713 ποιέειν
1261 668 1314 711 τὰ
1353 667 1531 719 ποιέεις·
1570 670 1655 711 νῦν
1683 666 1775 710 δε3ο

444 747 564 801 »υπὸ
594 748 758 803 αἰχμῆς.
815 747 906 791 ἐπεί
935 764 979 792 τε
1008 743 1070 791 ὦν
1091 745 1144 791 οὐ
1170 747 1281 802 πρὸς
1311 747 1473 802 ἄνδρας
1491 745 1596 803 ἡμῖν
1620 747 1732 803 γίνε-

444 842 549 878 ,,τοει
580 824 608 880 ἡ
634 823 766 881 μάχη,
812 827 940 881 μέθες
966 843 1029 882 με
1044 832 1069 852 “
1125 825 1357 883 Ἀμείβεται
1396 830 1608 881 Κροῖσος·
1647 858 1672 877 ,,
1677 827 1732 867 Ὠ

445 938 469 958 ,,
460 909 586 957 ,παῖ,
616 904 703 947 ἔστι,
720 906 773 960 τῆ
791 919 842 959 με
869 908 1013 961 νικᾷς,
1042 903 1222 960 γνώμην
1251 905 1512 960 ἀποφαίνων
1528 903 1624 958 περὶ
1651 906 1732 946 τοῦ

446 983 703 1035 ,,ένυπνίου.
764 980 823 1034 ὥς
852 978 915 1026 ὧν
944 982 1222 1038 νενικημένος
1250 982 1337 1026 ὑπὸ
1369 983 1466 1035 σέο,
1496 979 1731 1038 μεταγινώ-

444 1073 583 1116 „menz
612 1061 783 1119 μετίημί
810 1077 855 1105 τε
885 1072 931 1105 σε
960 1061 1071 1104 ἰέναι
1102 1061 1172 1104 ἐπὶ
1199 1059 1279 1116 τήν
1309 1059 1487 1117 ἄγρην.“

558 1144 701 1193 Ε’ίπας
730 1140 942 1184 δὲταῦτα
981 1138 1006 1183 ὁ
1046 1143 1262 1194 Κροῖσος,
1302 1138 1617 1195 μεταπέμπεται
1654 1138 1777 1184 vemas

453 1220 609 1277 Φρύγα
627 1218 880 1276 Ἄδρηστον,
901 1217 1149 1277 ἀπικομένῳ
1163 1218 1207 1262 δέ
1227 1220 1270 1262 οί
1284 1218 1395 1275 λέγει
1412 1216 1534 1262 τάδε·
1563 1213 1733 1273 ,ζἈδρη-

448 1311 576 1355 ,,στε,
608 1297 691 1357 ἐγώ
721 1309 769 1343 σε
798 1301 1005 1356 συμφορῇ
1036 1297 1335 1355 πεπληγμένον
1364 1293 1517 1353 ἀχάρι,
1558 1293 1639 1352 τήν
1664 1312 1734 1340 τοι

407 1486 453 1523 ab
490 1485 569 1522 aliis
596 1486 772 1522 mutatum
808 1482 846 1520 in
880 1480 1056 1535 φοβέεαι.

404 1541 580 1580 Voculam
609 1538 663 1590 ἣν
701 1541 738 1576 in
775 1537 850 1590 τήν
880 1545 1058 1578 mutatam

405 1598 480 1635 vult
497 1598 628 1635 Struve
643 1596 799 1646 Specim.
822 1596 977 1639 Quaest.
992 1601 1058 1634 etc.

405 1667 444 1705 p.
475 1654 539 1695 23.
597 1653 675 1691 Sed
704 1652 801 1689 libris
841 1654 1059 1703 praesertim

408 1709 529 1747 invitis
550 1709 712 1760 recipere
731 1721 802 1744 non
819 1707 927 1745 licuit.

466 1767 600 1816 χρῆν
631 1760 680 1813 δή
712 1775 753 1802 σε
779 1762 953 1815 ποιέειν]
1003 1763 1062 1802 De

410 1821 529 1871 ellipsi
556 1819 753 1870 particulae
780 1816 858 1867 ἂν,
913 1821 951 1857 in
994 1821 1063 1857 hoc

408 1878 520 1914 verbo
551 1877 650 1913 haud
691 1887 794 1922 rara,
836 1876 962 1913 laudat
997 1876 1064 1913 Cr.

411 1931 599 1970 Schaeferi
621 1930 761 1968 Melett.
783 1931 911 1969 critice.
931 1946 967 1982 p.
985 1933 1065 1972 130

412 1992 450 2026 et
469 1987 613 2025 Dissen.
627 1987 812 2035 Disquiss.
835 1987 934 2036 phill.
946 2001 982 2038 p.
997 1990 1063 2027 12.

412 2044 476 2081 Tu
493 2044 586 2080 conf.
607 2043 716 2080 etiam
746 2041 878 2080 Matth.
909 2042 947 2095 ἓ.
969 2042 1065 2091 505,

415 2104 444 2142 2
466 2103 540 2137 not.
560 2111 597 2150 p.
617 2099 712 2141 958.

621 2182 733 2232 Cap.
762 2180 861 2221 XLI.

473 2256 547 2314 ἐγώ
569 2271 611 2299 σε
636 2263 827 2314 συμφορῇ
847 2259 1064 2313 πεπληγμέ-

417 2332 491 2356 νον
512 2312 649 2368 οἷχάρι,
678 2313 753 2367 τήν
778 2332 840 2356 τοι
866 2314 944 2358 ου’κ,
969 2315 1066 2357 ὄνει-

418 2373 534 2420 δίζω,
564 2369 766 2426 ἐκάθηρα]
801 2374 863 2410 Sic
886 2375 1064 2412 edidimus

418 2442 499 2466 cum
526 2428 692 2478 Scliwgh.
721 2433 758 2466 et
781 2429 896 2467 Gaisf.
926 2430 1063 2480 Vulgo·

422 2481 612 2536 ἅχαρίτην
633 2500 693 2523 τοι
716 2480 790 2524 οὐκ
809 2499 845 2523 κ.
865 2500 898 2524 τ.
920 2488 953 2524 λ.
974 2487 1064 2524 etin

422 2540 572 2578 Aldina:
603 2537 720 2592 ἅχαρί
740 2541 777 2579 τί
796 2556 856 2581 τοι
882 2537 955 2580 οὔκ
965 2537 1064 2581 ὄνει-

422 2596 561 2644 δίζων,
601 2598 700 2660 quod
729 2597 800 2635 iam
838 2598 1058 2647 Wesseling.

422 2656 623 2689 mutaverat
646 2653 682 2688 in
704 2648 879 2705 α’χοὶριτι,
905 2649 979 2704 τήν
1001 2669 1062 2693 τοι

424 2702 499 2746 ov'n
552 2703 748 2757 ὀνειδίζω,
823 2711 1063 2760 praecedente

423 2763 621 2810 Geinozio,
647 2765 708 2813 qui
724 2769 845 2803 tamen
863 2767 969 2803 scribi
987 2778 1063 2804 ma-

421 2817 572 2856 luerat’
555 2817 582 2858 a'
593 2835 649 2869 χα
662 2835 707 2871 ρι
718 2836 730 2868 ,-
759 2822 858 2870 quod
876 2834 923 2859 an
943 2823 1062 2860 dativo

420 2887 507 2914 casu
531 2876 643 2927 accipi
662 2882 789 2925 queat,
820 2878 896 2916 iure
920 2878 1062 2917 dubita-

1121 1486 1223 1521 verat
1241 1481 1461 1530 wesseling.
1501 1479 1599 1519 Nam
1619 1480 1782 1519 seriben-

1124 1541 1211 1577 dum
1242 1544 1319 1576 erat
1349 1533 1486 1589 ἀχάρι,
1524 1538 1627 1587 quod
1658 1538 1779 1588 ipsum

1125 1597 1199 1633 duo
1229 1594 1310 1632 libri
1339 1595 1539 1645 praebent3
1576 1593 1707 1642 reliqui
1736 1589 1779 1631 ἅ-

1125 1666 1227 1703 χαρι.
1284 1650 1354 1687 Est
1381 1662 1466 1688 vero
1493 1646 1612 1700 ἀχάρι
1637 1649 1780 1686 dativus

1126 1709 1255 1746 Ionum
1279 1718 1322 1744 ex
1334 1719 1457 1753 more,
1485 1710 1526 1743 ut
1544 1701 1782 1752 11,40”1σι

1129 1769 1166 1802 et
1182 1762 1286 1809 VIII,
1317 1764 1369 1803 61
1400 1757 1540 1809 ἀπόλι,
1569 1764 1719 1798 accentu
1743 1761 1781 1798 in

1129 1818 1328 1871 penultima
1373 1818 1494 1868 posito
1532 1817 1579 1854 ob
1622 1816 1783 1854 ultimam

1131 1876 1308 1924 syllabam
1328 1875 1562 1924 productam,
1600 1873 1736 1924 quippe
1758 1886 1780 1910 e

1131 1932 1374 1969 contractione
1415 1934 1541 1967 ortam.
1571 1929 1644 1967 vid.
1674 1930 1783 1966 Butt-

1133 2000 1254 2024 mann.
1272 1988 1309 2023 in
1331 1986 1366 2022 d.
1393 1985 1566 2024 ausfuhrl.
1582 1985 1782 2023 Grammat.

1133 2043 1150 2080 I
1169 2056 1254 2093 pag.
1283 2044 1378 2084 211.
1416 2040 1545 2080 Matth.
1572 2040 1610 2092 §.
1632 2041 1736 2089 114,
1753 2042 1781 2082 3

1131 2112 1170 2149 p-
1192 2101 1283 2140 231
1315 2093 1491 2144 ὀνειδίζω
1511 2098 1549 2135 in
1569 2109 1673 2146 seqq.
1702 2111 1781 2135 me-

1132 2155 1241 2192 liores
1281 2154 1361 2191 libri
1408 2154 1607 2204 praebent,
1647 2154 1779 2202 quibus

1130 2211 1248 2246 invitis
1268 2210 1291 2245 W
1302 2209 1525 2246 alckenarius
1543 2209 1595 2246 sic
1610 2209 1782 2260 scriptum

1131 2279 1214 2304 esse
1234 2265 1468 2302 iudicav:erat
1500 2259 1576 2331 ἐγώ
1608 2276 1650 2303 σε
1683 2275 1779 2316 συμ-

1132 2336 1237 2386 φορῃ
1228 2319 1524 2386 πεπληγμένον
1544 2316 1598 2371 οἷχ
1609 2336 1634 2360 α
1646 2335 1668 2371 ρ
1680 2321 1778 2375 ίτω,

1130 2392 1206 2427 την
1225 2392 1286 2416 τοι
1307 2391 1380 2415 ουκ
1405 2373 1601 2424 ὀνειδίζω,
1631 2362 1780 2428 ἐκάθη-

1131 2447 1203 2485 ρα.·
1235 2446 1330 2482 „ego
1348 2437 1380 2470 te
1398 2435 1494 2470 tmti
1501 2445 1657 2483 pressum
1675 2433 1776 2471 cala-

1129 2491 1271 2537 mitafe,
1306 2502 1409 2539 quam
1429 2490 1496 2526 tibi
1513 2502 1582 2526 non
1600 2490 1777 2538 exprobro,

1128 2545 1316 2583 lustratam
1349 2547 1530 2595 expiavi.⁶‘
1587 2545 1700 2582 Cuius
1724 2546 1778 2584 le-

1128 2603 1257 2639 ctionis
1287 2602 1524 2652 patrocinium
1547 2601 1634 2639 inde
1671 2603 1776 2653 petit,

1127 2659 1227 2706 quod
1258 2657 1459 2695 Herodotei
1495 2657 1637 2695 codices
1665 2670 1774 2708 prae-

1127 2714 1237 2750 beant
1257 2709 1284 2752 οἷ
1293 2729 1314 2764 χ
1325 2709 1349 2752 οἱ
1361 2729 1383 2765 ρ
1395 2728 1408 2752 ι
1419 2727 1440 2752 τ
1451 2729 1476 2752 α
1502 2709 1722 2764 παθήματα
1743 2714 1773 2762 Ι,

1128 2772 1209 2810 207
1229 2775 1265 2807 et
1286 2765 1676 2821 ἀχαριτώτατον
1693 2770 1774 2817 Vn,

1132 2826 1230 2871 1563
1250 2839 1317 2864 nec
1332 2827 1529 2876 quidquam
1547 2825 1692 2863 omnino
1702 2826 1774 2863 dis-

1128 2882 1240 2930 serat,
1269 2887 1387 2920 utrum
1399 2877 1568 2936 ᾰχαρίτῳ
1583 2882 1773 2930 scribatur,
