<?xml version="1.0" encoding="UTF-8"?>
<!DOCTYPE html PUBLIC "-//W3C//DTD XHTML 1.0 Transitional//EN"
    "http://www.w3.org/TR/xhtml1/DTD/xhtml1-transitional.dtd">
<html xmlns="http://www.w3.org/1999/xhtml" xml:lang="en" lang="en">
 <head>
  <title>
</title>
<meta http-equiv="Content-Type" content="text/html;charset=utf-8" />
  <meta name='ocr-system' content='tesseract 3.04.00' />
  <meta name='ocr-capabilities' content='ocr_page ocr_carea ocr_par ocr_line ocrx_word'/>
</head>
<body>
  <div class='ocr_page' id='page_1' title='image "./musaeherodoto01hero/musaeherodoto01hero_0311.png"; bbox 0 0 1909 3228; ppageno 0'>
   <div class='ocr_carea' id='block_1_1' title="bbox 688 168 985 207">
    <p class='ocr_par' dir='ltr' id='par_1_1' title="bbox 688 168 985 207">
     <span class='ocr_line' id='line_1_1' title="bbox 688 168 985 207; baseline -0.003 0"><span class='ocrx_word' id='word_1_1' title='bbox 688 168 985 207; x_wconf 86' lang='lat' dir='ltr'>CL10.1.</span> 
     </span>
    </p>
   </div>
   <div class='ocr_carea' id='block_1_2' title="bbox 1383 171 1465 211">
    <p class='ocr_par' dir='ltr' id='par_1_2' title="bbox 1383 171 1465 211">
     <span class='ocr_line' id='line_1_2' title="bbox 1383 171 1465 211; baseline 0 0"><span class='ocrx_word' id='word_1_2' title='bbox 1383 171 1465 211; x_wconf 77' lang='lat'>297</span> 
     </span>
    </p>
   </div>
   <div class='ocr_carea' id='block_1_3' title="bbox 177 276 1466 336">
    <p class='ocr_par' dir='ltr' id='par_1_3' title="bbox 177 276 1466 336">
     <span class='ocr_line' id='line_1_3' title="bbox 177 276 1466 336; baseline 0 -14"><span class='ocrx_word' id='word_1_3' title='bbox 177 281 254 325; x_wconf 65' lang='lat'>263⁵</span> <span class='ocrx_word' id='word_1_4' title='bbox 291 279 405 324; x_wconf 78' lang='grc' dir='ltr'><strong><em>τάδε.</em></strong></span> <span class='ocrx_word' id='word_1_5' title='bbox 463 277 639 334; x_wconf 70' lang='grc' dir='ltr'><em>γράψας</em></span> <span class='ocrx_word' id='word_1_6' title='bbox 679 278 721 329; x_wconf 79' lang='grc' dir='ltr'>ἐς</span> <span class='ocrx_word' id='word_1_7' title='bbox 761 279 932 334; x_wconf 82' lang='grc' dir='ltr'><strong><em>βιβλίον</em></strong></span> <span class='ocrx_word' id='word_1_8' title='bbox 964 277 1019 322; x_wconf 84' lang='grc' dir='ltr'>τὰ</span> <span class='ocrx_word' id='word_1_9' title='bbox 1059 276 1286 335; x_wconf 81' lang='grc' dir='ltr'><em>ἐβούλετο,</em></span> <span class='ocrx_word' id='word_1_10' title='bbox 1337 276 1466 336; x_wconf 78' lang='grc' dir='ltr'><em>ἁλίην</em></span> 
     </span>
    </p>
   </div>
   <div class='ocr_carea' id='block_1_4' title="bbox 202 357 820 414">
    <p class='ocr_par' dir='ltr' id='par_1_4' title="bbox 202 357 820 414">
     <span class='ocr_line' id='line_1_4' title="bbox 202 357 820 414; baseline -0.003 -11"><span class='ocrx_word' id='word_1_11' title='bbox 202 363 293 403; x_wconf 78' lang='grc' dir='ltr'>τῶν</span> <span class='ocrx_word' id='word_1_12' title='bbox 329 357 533 413; x_wconf 82' lang='grc' dir='ltr'><em>Περσέων</em></span> <span class='ocrx_word' id='word_1_13' title='bbox 562 358 797 414; x_wconf 80' lang='grc' dir='ltr'><em>ἐποιήσατο</em></span> <span class='ocrx_word' id='word_1_14' title='bbox 812 373 820 382; x_wconf 94' lang='grc'><em>·</em></span> 
     </span>
    </p>
   </div>
   <div class='ocr_carea' id='block_1_5' title="bbox 881 355 1464 413">
    <p class='ocr_par' dir='ltr' id='par_1_5' title="bbox 881 355 1464 413">
     <span class='ocr_line' id='line_1_5' title="bbox 881 355 1464 413; baseline 0.003 -13"><span class='ocrx_word' id='word_1_15' title='bbox 881 356 986 413; x_wconf 73' lang='grc' dir='ltr'><em>μετα</em></span> <span class='ocrx_word' id='word_1_16' title='bbox 1023 357 1092 410; x_wconf 83' lang='grc' dir='ltr'>δὲ,</span> <span class='ocrx_word' id='word_1_17' title='bbox 1140 355 1388 413; x_wconf 79' lang='grc' dir='ltr'><strong><em>ἀναπτύξας</em></strong></span> <span class='ocrx_word' id='word_1_18' title='bbox 1415 357 1464 402; x_wconf 85' lang='grc' dir='ltr'>τό</span> 
     </span>
    </p>
   </div>
   <div class='ocr_carea' id='block_1_6' title="bbox 205 434 1466 495">
    <p class='ocr_par' dir='ltr' id='par_1_6' title="bbox 205 434 1466 495">
     <span class='ocr_line' id='line_1_6' title="bbox 205 434 1466 495; baseline 0 -14"><span class='ocrx_word' id='word_1_19' title='bbox 205 439 379 495; x_wconf 82' lang='grc' dir='ltr'><em>βιβλίον</em></span> <span class='ocrx_word' id='word_1_20' title='bbox 408 437 483 480; x_wconf 81' lang='grc' dir='ltr'>καὶ</span> <span class='ocrx_word' id='word_1_21' title='bbox 513 437 835 493; x_wconf 76' lang='grc' dir='ltr'><strong><em>ἐπιλεγόμενος,</em></strong></span> <span class='ocrx_word' id='word_1_22' title='bbox 867 437 951 493; x_wconf 77' lang='grc' dir='ltr'>ἔφη</span> <span class='ocrx_word' id='word_1_23' title='bbox 976 434 1207 493; x_wconf 78' lang='grc' dir='ltr'>Ἀστυάγεά</span> <span class='ocrx_word' id='word_1_24' title='bbox 1235 453 1311 493; x_wconf 87' lang='grc' dir='ltr'>μιν</span> <span class='ocrx_word' id='word_1_25' title='bbox 1341 448 1466 493; x_wconf 82' lang='grc' dir='ltr'><em>στρα-</em></span> 
     </span>
    </p>
   </div>
   <div class='ocr_carea' id='block_1_7' title="bbox 174 514 1522 574">
    <p class='ocr_par' dir='ltr' id='par_1_7' title="bbox 174 514 1522 574">
     <span class='ocr_line' id='line_1_7' title="bbox 174 514 1522 574; baseline -0.001 -15"><span class='ocrx_word' id='word_1_26' title='bbox 174 516 340 573; x_wconf 81' lang='grc' dir='ltr'><em>3τηγόν</em></span> <span class='ocrx_word' id='word_1_27' title='bbox 371 516 575 572; x_wconf 83' lang='grc' dir='ltr'><em>Περσέων</em></span> <span class='ocrx_word' id='word_1_28' title='bbox 606 514 928 561; x_wconf 70' lang='grc' dir='ltr'><em>ἀποδεικνύναι.</em></span> <span class='ocrx_word' id='word_1_29' title='bbox 986 518 1147 568; x_wconf 83' lang='grc' dir='ltr'><em>,,Νῦν,</em></span> <span class='ocrx_word' id='word_1_30' title='bbox 1194 515 1278 574; x_wconf 73' lang='grc' dir='ltr'>ἔφη</span> <span class='ocrx_word' id='word_1_31' title='bbox 1312 532 1358 560; x_wconf 85' lang='grc' dir='ltr'>τε</span> <span class='ocrx_word' id='word_1_32' title='bbox 1396 516 1458 560; x_wconf 86' lang='grc' dir='ltr'>λέ-</span> <span class='ocrx_word' id='word_1_33' title='bbox 1477 524 1522 558; x_wconf 88' lang='grc'>30</span> 
     </span>
    </p>
   </div>
   <div class='ocr_carea' id='block_1_8' title="bbox 204 591 1466 652">
    <p class='ocr_par' dir='ltr' id='par_1_8' title="bbox 204 591 1466 652">
     <span class='ocr_line' id='line_1_8' title="bbox 204 591 1466 652; baseline 0.001 -13"><span class='ocrx_word' id='word_1_34' title='bbox 204 612 356 652; x_wconf 57' lang='lat' dir='ltr'>„ynam</span> <span class='ocrx_word' id='word_1_35' title='bbox 387 591 423 640; x_wconf 69' lang='grc' dir='ltr'>(ὅ</span> <span class='ocrx_word' id='word_1_36' title='bbox 441 595 627 651; x_wconf 83' lang='grc' dir='ltr'><em>Πέρσαι,</em></span> <span class='ocrx_word' id='word_1_37' title='bbox 660 598 945 651; x_wconf 76' lang='grc' dir='ltr'><em>προαγορεύω</em></span> <span class='ocrx_word' id='word_1_38' title='bbox 975 594 1106 651; x_wconf 78' lang='grc' dir='ltr'><em>ὑμῖν,</em></span> <span class='ocrx_word' id='word_1_39' title='bbox 1137 600 1339 652; x_wconf 84' lang='grc' dir='ltr'><em>παρεῖναι</em></span> <span class='ocrx_word' id='word_1_40' title='bbox 1365 595 1466 640; x_wconf 78' lang='grc' dir='ltr'><em>ἕκα-</em></span> 
     </span>
    </p>
   </div>
   <div class='ocr_carea' id='block_1_9' title="bbox 204 673 810 732">
    <p class='ocr_par' dir='ltr' id='par_1_9' title="bbox 204 673 810 732">
     <span class='ocr_line' id='line_1_9' title="bbox 204 673 810 732; baseline -0.002 -14"><span class='ocrx_word' id='word_1_41' title='bbox 204 686 345 726; x_wconf 81' lang='grc' dir='ltr'><em>,,στον</em></span> <span class='ocrx_word' id='word_1_42' title='bbox 373 675 524 732; x_wconf 76' lang='grc' dir='ltr'><em>ἔχοντα</em></span> <span class='ocrx_word' id='word_1_43' title='bbox 553 673 810 729; x_wconf 82' lang='grc' dir='ltr'><em>δρέπανον.“</em></span> 
     </span>
    </p>
   </div>
   <div class='ocr_carea' id='block_1_10' title="bbox 866 674 1462 734">
    <p class='ocr_par' dir='ltr' id='par_1_10' title="bbox 866 674 1462 734">
     <span class='ocr_line' id='line_1_10' title="bbox 866 674 1462 734; baseline 0.008 -18"><span class='ocrx_word' id='word_1_44' title='bbox 866 677 1016 729; x_wconf 79' lang='grc' dir='ltr'><em>Κῦρος</em></span> <span class='ocrx_word' id='word_1_45' title='bbox 1049 674 1128 730; x_wconf 76' lang='grc' dir='ltr'>μὲν</span> <span class='ocrx_word' id='word_1_46' title='bbox 1162 679 1298 719; x_wconf 84' lang='grc' dir='ltr'><em>ταῦτα</em></span> <span class='ocrx_word' id='word_1_47' title='bbox 1330 692 1462 734; x_wconf 84' lang='grc' dir='ltr'><em>προη-</em></span> 
     </span>
    </p>
   </div>
   <div class='ocr_carea' id='block_1_11' title="bbox 178 752 1466 811">
    <p class='ocr_par' dir='ltr' id='par_1_11' title="bbox 178 752 1466 811">
     <span class='ocr_line' id='line_1_11' title="bbox 178 752 1466 811; baseline 0.005 -18"><span class='ocrx_word' id='word_1_48' title='bbox 178 753 401 810; x_wconf 79' lang='grc' dir='ltr'><em>4γόρευσε.</em></span> <span class='ocrx_word' id='word_1_49' title='bbox 456 752 579 796; x_wconf 82' lang='grc' dir='ltr'><em>Ἔστι</em></span> <span class='ocrx_word' id='word_1_50' title='bbox 619 752 665 796; x_wconf 80' lang='grc' dir='ltr'>δὲ</span> <span class='ocrx_word' id='word_1_51' title='bbox 703 753 908 811; x_wconf 78' lang='grc' dir='ltr'><em>Περσέων</em></span> <span class='ocrx_word' id='word_1_52' title='bbox 943 754 1079 809; x_wconf 79' lang='grc' dir='ltr'><em>συχνὰ</em></span> <span class='ocrx_word' id='word_1_53' title='bbox 1115 753 1263 809; x_wconf 71' lang='grc' dir='ltr'><em>γένεα·</em></span> <span class='ocrx_word' id='word_1_54' title='bbox 1309 756 1383 800; x_wconf 78' lang='grc' dir='ltr'>καὶ</span> <span class='ocrx_word' id='word_1_55' title='bbox 1411 755 1466 799; x_wconf 77' lang='grc' dir='ltr'>τοὶ</span> 
     </span>
    </p>
   </div>
   <div class='ocr_carea' id='block_1_12' title="bbox 151 873 419 879">
    <p class='ocr_par' dir='ltr' id='par_1_12' title="bbox 151 873 419 879">
     <span class='ocr_line' id='line_1_12' title="bbox 151 873 419 879; baseline 0 0"><span class='ocrx_word' id='word_1_56' title='bbox 151 873 419 879; x_wconf 95' lang='lat' dir='ltr'> </span> 
     </span>
    </p>
   </div>
   <div class='ocr_carea' id='block_1_13' title="bbox 146 955 806 2866">
    <p class='ocr_par' dir='ltr' id='par_1_13' title="bbox 146 955 800 1236">
     <span class='ocr_line' id='line_1_13' title="bbox 204 955 798 1012; baseline 0.002 -14"><span class='ocrx_word' id='word_1_57' title='bbox 204 955 324 1010; x_wconf 68' lang='grc' dir='ltr'><em>ἁλίην</em></span> <span class='ocrx_word' id='word_1_58' title='bbox 340 980 396 988; x_wconf 81' lang='lat'>—-</span> <span class='ocrx_word' id='word_1_59' title='bbox 414 955 649 1011; x_wconf 78' lang='grc' dir='ltr'><em>ἐποιήσατο]</em></span> <span class='ocrx_word' id='word_1_60' title='bbox 681 958 798 1012; x_wconf 74' lang='grc' dir='ltr'><em>ἁλίην</em></span> 
     </span>
     <span class='ocr_line' id='line_1_14' title="bbox 147 1015 800 1068; baseline 0.005 -16"><span class='ocrx_word' id='word_1_61' title='bbox 147 1016 168 1052; x_wconf 90' lang='lat' dir='ltr'>i.</span> <span class='ocrx_word' id='word_1_62' title='bbox 190 1029 221 1054; x_wconf 90' lang='lat' dir='ltr'>e.</span> <span class='ocrx_word' id='word_1_63' title='bbox 251 1015 462 1068; x_wconf 80' lang='grc' dir='ltr'><em>ἐκκλησίαν</em></span> <span class='ocrx_word' id='word_1_64' title='bbox 486 1017 740 1065; x_wconf 74' lang='lat' dir='ltr'>(concionem),</span> <span class='ocrx_word' id='word_1_65' title='bbox 760 1022 800 1055; x_wconf 90' lang='lat' dir='ltr'>ut</span> 
     </span>
     <span class='ocr_line' id='line_1_15' title="bbox 146 1072 799 1124; baseline 0.006 -16"><span class='ocrx_word' id='word_1_66' title='bbox 146 1072 351 1121; x_wconf 82' lang='lat' dir='ltr'>Hesychius</span> <span class='ocrx_word' id='word_1_67' title='bbox 395 1074 554 1124; x_wconf 82' lang='lat' dir='ltr'>exponit.</span> <span class='ocrx_word' id='word_1_68' title='bbox 620 1073 701 1110; x_wconf 84' lang='lat' dir='ltr'>Alia</span> <span class='ocrx_word' id='word_1_69' title='bbox 755 1086 799 1112; x_wconf 87' lang='lat' dir='ltr'>ex</span> 
     </span>
     <span class='ocr_line' id='line_1_16' title="bbox 147 1128 798 1180; baseline 0.005 -16"><span class='ocrx_word' id='word_1_70' title='bbox 147 1128 444 1179; x_wconf 83' lang='lat' dir='ltr'><strong>inscriptionibus</strong></span> <span class='ocrx_word' id='word_1_71' title='bbox 464 1131 604 1180; x_wconf 85' lang='lat' dir='ltr'><strong>profert</strong></span> <span class='ocrx_word' id='word_1_72' title='bbox 622 1130 722 1169; x_wconf 86' lang='lat' dir='ltr'>Rose</span> <span class='ocrx_word' id='word_1_73' title='bbox 740 1130 798 1168; x_wconf 92' lang='lat' dir='ltr'>ln-</span> 
     </span>
     <span class='ocr_line' id='line_1_17' title="bbox 150 1185 507 1236; baseline 0.011 -16"><span class='ocrx_word' id='word_1_74' title='bbox 150 1185 288 1235; x_wconf 87' lang='lat' dir='ltr'>scriptt.</span> <span class='ocrx_word' id='word_1_75' title='bbox 309 1199 396 1236; x_wconf 86' lang='lat' dir='ltr'>pag.</span> <span class='ocrx_word' id='word_1_76' title='bbox 412 1188 507 1227; x_wconf 79' lang='lat'>280.</span> 
     </span>
    </p>

    <p class='ocr_par' dir='ltr' id='par_1_14' title="bbox 148 1239 806 2866">
     <span class='ocr_line' id='line_1_18' title="bbox 209 1239 798 1294; baseline 0.003 -15"><span class='ocrx_word' id='word_1_77' title='bbox 209 1240 288 1280; x_wconf 73' lang='grc' dir='ltr'><em>ἔστι</em></span> <span class='ocrx_word' id='word_1_78' title='bbox 306 1239 348 1280; x_wconf 80' lang='grc' dir='ltr'>δὲ</span> <span class='ocrx_word' id='word_1_79' title='bbox 375 1240 565 1294; x_wconf 79' lang='grc' dir='ltr'><em>Περσέων</em></span> <span class='ocrx_word' id='word_1_80' title='bbox 589 1239 710 1292; x_wconf 68' lang='grc' dir='ltr'><em>συχνοὶ</em></span> <span class='ocrx_word' id='word_1_81' title='bbox 729 1257 752 1293; x_wconf 80' lang='grc' dir='ltr'><em>γ</em></span> <span class='ocrx_word' id='word_1_82' title='bbox 765 1241 798 1281; x_wconf 83' lang='grc' dir='ltr'>ε’-</span> 
     </span>
     <span class='ocr_line' id='line_1_19' title="bbox 150 1296 797 1348; baseline -0.003 -11"><span class='ocrx_word' id='word_1_83' title='bbox 150 1313 174 1336; x_wconf 87' lang='grc' dir='ltr'><em>ν</em></span> <span class='ocrx_word' id='word_1_84' title='bbox 188 1296 261 1348; x_wconf 87' lang='grc' dir='ltr'>εα]</span> <span class='ocrx_word' id='word_1_85' title='bbox 294 1298 516 1336; x_wconf 74' lang='lat' dir='ltr'>Niebuhrius</span> <span class='ocrx_word' id='word_1_86' title='bbox 549 1299 585 1335; x_wconf 88' lang='lat' dir='ltr'>in</span> <span class='ocrx_word' id='word_1_87' title='bbox 605 1299 700 1336; x_wconf 88' lang='lat' dir='ltr'>Hist.</span> <span class='ocrx_word' id='word_1_88' title='bbox 719 1299 797 1335; x_wconf 77' lang='lat' dir='ltr'>Ro-</span> 
     </span>
     <span class='ocr_line' id='line_1_20' title="bbox 148 1354 800 1405; baseline 0.002 -15"><span class='ocrx_word' id='word_1_89' title='bbox 148 1367 244 1391; x_wconf 84' lang='lat' dir='ltr'>man.</span> <span class='ocrx_word' id='word_1_90' title='bbox 272 1354 287 1391; x_wconf 97' lang='lat' dir='ltr'>I</span> <span class='ocrx_word' id='word_1_91' title='bbox 315 1368 352 1405; x_wconf 93' lang='lat' dir='ltr'>p.</span> <span class='ocrx_word' id='word_1_92' title='bbox 375 1356 460 1396; x_wconf 84' lang='lat'>308</span> <span class='ocrx_word' id='word_1_93' title='bbox 481 1355 539 1393; x_wconf 85' lang='lat' dir='ltr'>ed.</span> <span class='ocrx_word' id='word_1_94' title='bbox 565 1356 713 1392; x_wconf 82' lang='lat' dir='ltr'>secuml.</span> <span class='ocrx_word' id='word_1_95' title='bbox 743 1355 800 1392; x_wconf 88' lang='lat' dir='ltr'>hie</span> 
     </span>
     <span class='ocr_line' id='line_1_21' title="bbox 148 1411 800 1462; baseline 0.003 -16"><span class='ocrx_word' id='word_1_96' title='bbox 148 1413 283 1459; x_wconf 81' lang='lat' dir='ltr'><strong><em>gentem</em></strong></span> <span class='ocrx_word' id='word_1_97' title='bbox 306 1411 394 1461; x_wconf 89' lang='lat' dir='ltr'>poni</span> <span class='ocrx_word' id='word_1_98' title='bbox 410 1411 483 1448; x_wconf 85' lang='lat' dir='ltr'>vult</span> <span class='ocrx_word' id='word_1_99' title='bbox 506 1424 573 1462; x_wconf 91' lang='lat' dir='ltr'>pro</span> <span class='ocrx_word' id='word_1_100' title='bbox 594 1411 708 1455; x_wconf 45' lang='lat' dir='ltr'>triban-</span> <span class='ocrx_word' id='word_1_101' title='bbox 728 1412 800 1460; x_wconf 66' lang='lat' dir='ltr'>qua</span> 
     </span>
     <span class='ocr_line' id='line_1_22' title="bbox 149 1467 800 1516; baseline 0.003 -13"><span class='ocrx_word' id='word_1_102' title='bbox 149 1467 296 1516; x_wconf 89' lang='lat' dir='ltr'>quidem</span> <span class='ocrx_word' id='word_1_103' title='bbox 311 1480 398 1505; x_wconf 88' lang='lat' dir='ltr'>voce</span> <span class='ocrx_word' id='word_1_104' title='bbox 409 1467 496 1505; x_wconf 89' lang='lat' dir='ltr'>alias</span> <span class='ocrx_word' id='word_1_105' title='bbox 516 1468 675 1505; x_wconf 90' lang='lat' dir='ltr'>reddunt</span> <span class='ocrx_word' id='word_1_106' title='bbox 682 1468 800 1505; x_wconf 88' lang='lat' dir='ltr'>Grae-</span> 
     </span>
     <span class='ocr_line' id='line_1_23' title="bbox 150 1523 800 1577; baseline 0 -17"><span class='ocrx_word' id='word_1_107' title='bbox 150 1536 275 1561; x_wconf 91' lang='lat' dir='ltr'>corum</span> <span class='ocrx_word' id='word_1_108' title='bbox 304 1523 514 1577; x_wconf 70' lang='grc' dir='ltr'><em>φρήτρηνς</em></span> <span class='ocrx_word' id='word_1_109' title='bbox 564 1525 663 1574; x_wconf 89' lang='lat' dir='ltr'>quod</span> <span class='ocrx_word' id='word_1_110' title='bbox 690 1524 800 1575; x_wconf 83' lang='lat' dir='ltr'>paulo</span> 
     </span>
     <span class='ocr_line' id='line_1_24' title="bbox 150 1580 801 1631; baseline 0.002 -15"><span class='ocrx_word' id='word_1_111' title='bbox 150 1583 236 1630; x_wconf 91' lang='lat' dir='ltr'>post</span> <span class='ocrx_word' id='word_1_112' title='bbox 253 1580 455 1618; x_wconf 80' lang='lat' dir='ltr'>invenimus</span> <span class='ocrx_word' id='word_1_113' title='bbox 470 1585 643 1630; x_wconf 84' lang='lat' dir='ltr'>tanquam</span> <span class='ocrx_word' id='word_1_114' title='bbox 660 1584 801 1631; x_wconf 87' lang='lat' dir='ltr'>partem</span> 
     </span>
     <span class='ocr_line' id='line_1_25' title="bbox 150 1636 801 1687; baseline 0.006 -16"><span class='ocrx_word' id='word_1_115' title='bbox 150 1637 276 1685; x_wconf 52' lang='lat' dir='ltr'>genti&amp;</span> <span class='ocrx_word' id='word_1_116' title='bbox 305 1636 362 1673; x_wconf 88' lang='lat' dir='ltr'>Ex</span> <span class='ocrx_word' id='word_1_117' title='bbox 380 1638 423 1673; x_wconf 90' lang='lat' dir='ltr'>iis</span> <span class='ocrx_word' id='word_1_118' title='bbox 441 1650 529 1676; x_wconf 86' lang='lat' dir='ltr'>vero</span> <span class='ocrx_word' id='word_1_119' title='bbox 541 1667 551 1685; x_wconf 92' lang='lat'>,</span> <span class='ocrx_word' id='word_1_120' title='bbox 563 1650 657 1687; x_wconf 86' lang='lat' dir='ltr'>quae</span> <span class='ocrx_word' id='word_1_121' title='bbox 669 1637 801 1675; x_wconf 89' lang='lat' dir='ltr'>hoclo-</span> 
     </span>
     <span class='ocr_line' id='line_1_26' title="bbox 151 1692 802 1741; baseline 0.003 -13"><span class='ocrx_word' id='word_1_122' title='bbox 151 1705 194 1729; x_wconf 88' lang='lat' dir='ltr'>co</span> <span class='ocrx_word' id='word_1_123' title='bbox 207 1692 252 1729; x_wconf 85' lang='lat' dir='ltr'>ab</span> <span class='ocrx_word' id='word_1_124' title='bbox 270 1693 463 1730; x_wconf 82' lang='lat' dir='ltr'>Herodoto</span> <span class='ocrx_word' id='word_1_125' title='bbox 480 1694 726 1741; x_wconf 88' lang='lat' dir='ltr'>disseruntur,</span> <span class='ocrx_word' id='word_1_126' title='bbox 745 1693 802 1730; x_wconf 91' lang='lat' dir='ltr'>in-</span> 
     </span>
     <span class='ocr_line' id='line_1_27' title="bbox 151 1748 803 1800; baseline -0.002 -14"><span class='ocrx_word' id='word_1_127' title='bbox 151 1748 345 1797; x_wconf 86' lang='lat' dir='ltr'>telligimus</span> <span class='ocrx_word' id='word_1_128' title='bbox 355 1778 366 1795; x_wconf 95' lang='lat'>‚</span> <span class='ocrx_word' id='word_1_129' title='bbox 382 1749 516 1787; x_wconf 79' lang='lat' dir='ltr'>Persas</span> <span class='ocrx_word' id='word_1_130' title='bbox 536 1750 701 1800; x_wconf 89' lang='lat' dir='ltr'>primitus</span> <span class='ocrx_word' id='word_1_131' title='bbox 712 1750 803 1785; x_wconf 89' lang='lat' dir='ltr'>fuis-</span> 
     </span>
     <span class='ocr_line' id='line_1_28' title="bbox 153 1805 802 1854; baseline 0.002 -13"><span class='ocrx_word' id='word_1_132' title='bbox 153 1817 195 1842; x_wconf 87' lang='lat' dir='ltr'>se</span> <span class='ocrx_word' id='word_1_133' title='bbox 221 1805 415 1842; x_wconf 87' lang='lat' dir='ltr'>nomadum</span> <span class='ocrx_word' id='word_1_134' title='bbox 436 1808 582 1854; x_wconf 80' lang='lat' dir='ltr'>gentem</span> <span class='ocrx_word' id='word_1_135' title='bbox 599 1810 636 1842; x_wconf 87' lang='lat' dir='ltr'>et</span> <span class='ocrx_word' id='word_1_136' title='bbox 656 1805 802 1853; x_wconf 88' lang='lat' dir='ltr'>quidem</span> 
     </span>
     <span class='ocr_line' id='line_1_29' title="bbox 153 1861 803 1911; baseline 0 -14"><span class='ocrx_word' id='word_1_137' title='bbox 153 1873 324 1910; x_wconf 83' lang='lat' dir='ltr'>magnam</span> <span class='ocrx_word' id='word_1_138' title='bbox 355 1866 496 1911; x_wconf 80' lang='lat' dir='ltr'>partem</span> <span class='ocrx_word' id='word_1_139' title='bbox 520 1866 664 1898; x_wconf 89' lang='lat' dir='ltr'>montes</span> <span class='ocrx_word' id='word_1_140' title='bbox 697 1861 803 1897; x_wconf 93' lang='lat' dir='ltr'>inco-</span> 
     </span>
     <span class='ocr_line' id='line_1_30' title="bbox 152 1917 803 1967; baseline 0 -13"><span class='ocrx_word' id='word_1_141' title='bbox 152 1917 303 1963; x_wconf 83' lang='lat' dir='ltr'>lentem3</span> <span class='ocrx_word' id='word_1_142' title='bbox 339 1917 452 1955; x_wconf 84' lang='lat' dir='ltr'>fuisse</span> <span class='ocrx_word' id='word_1_143' title='bbox 481 1917 560 1953; x_wconf 88' lang='lat' dir='ltr'>illos</span> <span class='ocrx_word' id='word_1_144' title='bbox 597 1930 664 1967; x_wconf 91' lang='lat' dir='ltr'>pro</span> <span class='ocrx_word' id='word_1_145' title='bbox 702 1929 803 1954; x_wconf 82' lang='lat' dir='ltr'>more</span> 
     </span>
     <span class='ocr_line' id='line_1_31' title="bbox 152 1973 803 2023; baseline 0 -13"><span class='ocrx_word' id='word_1_146' title='bbox 152 1974 357 2011; x_wconf 86' lang='lat' dir='ltr'>istiusmodi</span> <span class='ocrx_word' id='word_1_147' title='bbox 376 1975 565 2010; x_wconf 83' lang='lat' dir='ltr'>nationum</span> <span class='ocrx_word' id='word_1_148' title='bbox 582 1973 718 2010; x_wconf 89' lang='lat' dir='ltr'>divisos</span> <span class='ocrx_word' id='word_1_149' title='bbox 737 1986 803 2023; x_wconf 90' lang='lat' dir='ltr'>per</span> 
     </span>
     <span class='ocr_line' id='line_1_32' title="bbox 153 2029 801 2081; baseline -0.003 -15"><span class='ocrx_word' id='word_1_150' title='bbox 153 2030 276 2081; x_wconf 87' lang='lat' dir='ltr'>plures</span> <span class='ocrx_word' id='word_1_151' title='bbox 307 2034 460 2078; x_wconf 81' lang='lat' dir='ltr'>gentes,</span> <span class='ocrx_word' id='word_1_152' title='bbox 490 2042 582 2078; x_wconf 85' lang='lat' dir='ltr'>quas</span> <span class='ocrx_word' id='word_1_153' title='bbox 607 2029 712 2066; x_wconf 89' lang='lat' dir='ltr'>nobis</span> <span class='ocrx_word' id='word_1_154' title='bbox 746 2030 801 2065; x_wconf 89' lang='lat' dir='ltr'>di-</span> 
     </span>
     <span class='ocr_line' id='line_1_33' title="bbox 153 2085 800 2133; baseline -0.003 -10"><span class='ocrx_word' id='word_1_155' title='bbox 153 2099 234 2124; x_wconf 86' lang='lat' dir='ltr'>cere</span> <span class='ocrx_word' id='word_1_156' title='bbox 274 2086 374 2124; x_wconf 89' lang='lat' dir='ltr'>licet:</span> <span class='ocrx_word' id='word_1_157' title='bbox 422 2086 601 2133; x_wconf 65' lang='grc' dir='ltr'>δ’ἰίίιηηιε,</span> <span class='ocrx_word' id='word_1_158' title='bbox 637 2085 800 2132; x_wconf 66' lang='grc' dir='ltr'><em>Ηοϊᾶεη,</em></span> 
     </span>
     <span class='ocr_line' id='line_1_34' title="bbox 153 2142 803 2181; baseline -0.003 -1"><span class='ocrx_word' id='word_1_159' title='bbox 153 2143 316 2180; x_wconf 84' lang='lat' dir='ltr'>diversas</span> <span class='ocrx_word' id='word_1_160' title='bbox 337 2143 431 2181; x_wconf 87' lang='lat' dir='ltr'>inter</span> <span class='ocrx_word' id='word_1_161' title='bbox 450 2155 492 2180; x_wconf 89' lang='lat' dir='ltr'>se</span> <span class='ocrx_word' id='word_1_162' title='bbox 509 2146 585 2178; x_wconf 90' lang='lat' dir='ltr'>tum</span> <span class='ocrx_word' id='word_1_163' title='bbox 602 2142 740 2179; x_wconf 88' lang='lat' dir='ltr'>honore</span> <span class='ocrx_word' id='word_1_164' title='bbox 767 2146 803 2180; x_wconf 88' lang='lat' dir='ltr'>et</span> 
     </span>
     <span class='ocr_line' id='line_1_35' title="bbox 153 2198 804 2250; baseline 0 -15"><span class='ocrx_word' id='word_1_165' title='bbox 153 2199 271 2248; x_wconf 86' lang='lat' dir='ltr'>gradu</span> <span class='ocrx_word' id='word_1_166' title='bbox 303 2203 378 2236; x_wconf 89' lang='lat' dir='ltr'>tum</span> <span class='ocrx_word' id='word_1_167' title='bbox 408 2200 504 2236; x_wconf 86' lang='lat' dir='ltr'>vitae</span> <span class='ocrx_word' id='word_1_168' title='bbox 532 2198 647 2250; x_wconf 88' lang='lat' dir='ltr'>ipsius</span> <span class='ocrx_word' id='word_1_169' title='bbox 669 2211 804 2247; x_wconf 83' lang='lat' dir='ltr'>genere</span> 
     </span>
     <span class='ocr_line' id='line_1_36' title="bbox 152 2254 804 2304; baseline -0.002 -12"><span class='ocrx_word' id='word_1_170' title='bbox 152 2256 340 2304; x_wconf 88' lang='lat' dir='ltr'>victusque</span> <span class='ocrx_word' id='word_1_171' title='bbox 376 2256 526 2292; x_wconf 89' lang='lat' dir='ltr'>ratione.</span> <span class='ocrx_word' id='word_1_172' title='bbox 591 2254 714 2303; x_wconf 84' lang='lat' dir='ltr'>Atque</span> <span class='ocrx_word' id='word_1_173' title='bbox 747 2267 804 2291; x_wconf 82' lang='lat' dir='ltr'>re·-</span> 
     </span>
     <span class='ocr_line' id='line_1_37' title="bbox 154 2310 806 2361; baseline -0.003 -13"><span class='ocrx_word' id='word_1_174' title='bbox 154 2312 332 2349; x_wconf 89' lang='lat' dir='ltr'>centiores</span> <span class='ocrx_word' id='word_1_175' title='bbox 361 2312 464 2349; x_wconf 89' lang='lat' dir='ltr'>huius</span> <span class='ocrx_word' id='word_1_176' title='bbox 492 2315 611 2349; x_wconf 85' lang='lat' dir='ltr'>terrae</span> <span class='ocrx_word' id='word_1_177' title='bbox 641 2310 806 2361; x_wconf 85' lang='lat' dir='ltr'>peregri-</span> 
     </span>
     <span class='ocr_line' id='line_1_38' title="bbox 156 2368 805 2417; baseline -0.002 -13"><span class='ocrx_word' id='word_1_178' title='bbox 156 2371 303 2405; x_wconf 85' lang='lat' dir='ltr'>natores</span> <span class='ocrx_word' id='word_1_179' title='bbox 320 2368 504 2417; x_wconf 87' lang='lat' dir='ltr'>hodieque</span> <span class='ocrx_word' id='word_1_180' title='bbox 524 2369 651 2405; x_wconf 81' lang='lat' dir='ltr'>eadem</span> <span class='ocrx_word' id='word_1_181' title='bbox 664 2369 805 2405; x_wconf 86' lang='lat' dir='ltr'>ferere-</span> 
     </span>
     <span class='ocr_line' id='line_1_39' title="bbox 156 2423 805 2473; baseline 0.002 -13"><span class='ocrx_word' id='word_1_182' title='bbox 156 2428 347 2473; x_wconf 86' lang='lat' dir='ltr'>pererunt,</span> <span class='ocrx_word' id='word_1_183' title='bbox 376 2437 471 2473; x_wconf 89' lang='lat' dir='ltr'>quae</span> <span class='ocrx_word' id='word_1_184' title='bbox 488 2428 564 2461; x_wconf 90' lang='lat' dir='ltr'>tam</span> <span class='ocrx_word' id='word_1_185' title='bbox 586 2423 698 2461; x_wconf 86' lang='lat' dir='ltr'>multo</span> <span class='ocrx_word' id='word_1_186' title='bbox 720 2428 805 2461; x_wconf 84' lang='lat' dir='ltr'>ante</span> 
     </span>
     <span class='ocr_line' id='line_1_40' title="bbox 158 2479 806 2518; baseline 0 -3"><span class='ocrx_word' id='word_1_187' title='bbox 158 2479 328 2516; x_wconf 83' lang='lat' dir='ltr'>retulerat</span> <span class='ocrx_word' id='word_1_188' title='bbox 365 2480 591 2518; x_wconf 85' lang='lat' dir='ltr'>Herodotus.</span> <span class='ocrx_word' id='word_1_189' title='bbox 645 2479 806 2516; x_wconf 87' lang='lat' dir='ltr'>Maxima</span> 
     </span>
     <span class='ocr_line' id='line_1_41' title="bbox 159 2535 805 2587; baseline 0.002 -15"><span class='ocrx_word' id='word_1_190' title='bbox 159 2535 255 2572; x_wconf 89' lang='lat' dir='ltr'>enim</span> <span class='ocrx_word' id='word_1_191' title='bbox 271 2535 468 2573; x_wconf 88' lang='lat' dir='ltr'>incolarum</span> <span class='ocrx_word' id='word_1_192' title='bbox 488 2548 596 2586; x_wconf 87' lang='lat' dir='ltr'>pars,</span> <span class='ocrx_word' id='word_1_193' title='bbox 626 2548 693 2587; x_wconf 86' lang='lat' dir='ltr'>per</span> <span class='ocrx_word' id='word_1_194' title='bbox 715 2548 805 2585; x_wconf 88' lang='lat' dir='ltr'>gen-</span> 
     </span>
     <span class='ocr_line' id='line_1_42' title="bbox 159 2591 806 2642; baseline 0.002 -15"><span class='ocrx_word' id='word_1_195' title='bbox 159 2596 214 2628; x_wconf 86' lang='lat' dir='ltr'>tes</span> <span class='ocrx_word' id='word_1_196' title='bbox 235 2591 445 2642; x_wconf 85' lang='lat' dir='ltr'>dispertita,</span> <span class='ocrx_word' id='word_1_197' title='bbox 475 2604 627 2641; x_wconf 88' lang='lat' dir='ltr'>quarum</span> <span class='ocrx_word' id='word_1_198' title='bbox 654 2592 806 2641; x_wconf 85' lang='lat' dir='ltr'>singulis</span> 
     </span>
     <span class='ocr_line' id='line_1_43' title="bbox 159 2647 805 2697; baseline 0.003 -14"><span class='ocrx_word' id='word_1_199' title='bbox 159 2647 291 2696; x_wconf 85' lang='lat' dir='ltr'>singuli</span> <span class='ocrx_word' id='word_1_200' title='bbox 311 2652 485 2697; x_wconf 88' lang='lat' dir='ltr'>praesunt</span> <span class='ocrx_word' id='word_1_201' title='bbox 500 2648 612 2685; x_wconf 88' lang='lat' dir='ltr'>duces</span> <span class='ocrx_word' id='word_1_202' title='bbox 624 2677 634 2695; x_wconf 92' lang='lat'>‚</span> <span class='ocrx_word' id='word_1_203' title='bbox 652 2652 728 2685; x_wconf 91' lang='lat' dir='ltr'>tum</span> <span class='ocrx_word' id='word_1_204' title='bbox 745 2662 805 2686; x_wconf 87' lang='lat' dir='ltr'>se-</span> 
     </span>
     <span class='ocr_line' id='line_1_44' title="bbox 160 2704 805 2751; baseline 0 -10"><span class='ocrx_word' id='word_1_205' title='bbox 160 2705 226 2741; x_wconf 86' lang='lat' dir='ltr'>des</span> <span class='ocrx_word' id='word_1_206' title='bbox 250 2704 340 2740; x_wconf 80' lang='lat' dir='ltr'>fixas</span> <span class='ocrx_word' id='word_1_207' title='bbox 375 2708 496 2751; x_wconf 90' lang='lat' dir='ltr'>tenet,</span> <span class='ocrx_word' id='word_1_208' title='bbox 532 2707 609 2740; x_wconf 85' lang='lat' dir='ltr'>tum</span> <span class='ocrx_word' id='word_1_209' title='bbox 636 2705 805 2742; x_wconf 87' lang='lat' dir='ltr'>taberna-</span> 
     </span>
     <span class='ocr_line' id='line_1_45' title="bbox 158 2760 805 2807; baseline 0 -10"><span class='ocrx_word' id='word_1_210' title='bbox 158 2760 246 2797; x_wconf 92' lang='lat' dir='ltr'>culis</span> <span class='ocrx_word' id='word_1_211' title='bbox 263 2773 349 2807; x_wconf 86' lang='lat' dir='ltr'>usa,</span> <span class='ocrx_word' id='word_1_212' title='bbox 377 2760 456 2797; x_wconf 84' lang='lat' dir='ltr'>loca</span> <span class='ocrx_word' id='word_1_213' title='bbox 475 2760 660 2797; x_wconf 78' lang='lat' dir='ltr'>habitandi</span> <span class='ocrx_word' id='word_1_214' title='bbox 681 2761 805 2798; x_wconf 87' lang='lat' dir='ltr'>crebro</span> 
     </span>
     <span class='ocr_line' id='line_1_46' title="bbox 159 2816 806 2866; baseline 0.002 -12"><span class='ocrx_word' id='word_1_215' title='bbox 159 2820 376 2863; x_wconf 75' lang='lat' dir='ltr'>conmnutat3</span> <span class='ocrx_word' id='word_1_216' title='bbox 414 2817 465 2854; x_wconf 84' lang='lat' dir='ltr'>ita</span> <span class='ocrx_word' id='word_1_217' title='bbox 498 2820 538 2854; x_wconf 89' lang='lat' dir='ltr'>ut</span> <span class='ocrx_word' id='word_1_218' title='bbox 568 2816 806 2866; x_wconf 81' lang='lat' dir='ltr'>agricolarum</span> 
     </span>
    </p>
   </div>
   <div class='ocr_carea' id='block_1_14' title="bbox 866 961 1525 2697">
    <p class='ocr_par' dir='ltr' id='par_1_15' title="bbox 866 961 1525 2697">
     <span class='ocr_line' id='line_1_47' title="bbox 866 961 1520 1000; baseline 0.002 -1"><span class='ocrx_word' id='word_1_219' title='bbox 866 973 1038 999; x_wconf 89' lang='lat' dir='ltr'>numerus</span> <span class='ocrx_word' id='word_1_220' title='bbox 1064 961 1212 999; x_wconf 89' lang='lat' dir='ltr'>inferior</span> <span class='ocrx_word' id='word_1_221' title='bbox 1239 961 1287 998; x_wconf 92' lang='lat' dir='ltr'>sit</span> <span class='ocrx_word' id='word_1_222' title='bbox 1324 962 1520 1000; x_wconf 90' lang='lat' dir='ltr'>nomadum</span> 
     </span>
     <span class='ocr_line' id='line_1_48' title="bbox 867 1019 1522 1067; baseline 0 -12"><span class='ocrx_word' id='word_1_223' title='bbox 867 1030 1038 1063; x_wconf 82' lang='lat' dir='ltr'>numero3</span> <span class='ocrx_word' id='word_1_224' title='bbox 1083 1031 1238 1067; x_wconf 88' lang='lat' dir='ltr'>quorum</span> <span class='ocrx_word' id='word_1_225' title='bbox 1265 1019 1361 1056; x_wconf 76' lang='lat' dir='ltr'>vitae</span> <span class='ocrx_word' id='word_1_226' title='bbox 1396 1020 1522 1067; x_wconf 86' lang='lat' dir='ltr'>generi</span> 
     </span>
     <span class='ocr_line' id='line_1_49' title="bbox 867 1074 1522 1125; baseline 0 -13"><span class='ocrx_word' id='word_1_227' title='bbox 867 1074 949 1125; x_wconf 88' lang='lat' dir='ltr'>ipsa</span> <span class='ocrx_word' id='word_1_228' title='bbox 987 1078 1107 1112; x_wconf 89' lang='lat' dir='ltr'>terrae</span> <span class='ocrx_word' id='word_1_229' title='bbox 1135 1074 1278 1112; x_wconf 89' lang='lat' dir='ltr'>indoles</span> <span class='ocrx_word' id='word_1_230' title='bbox 1312 1086 1354 1111; x_wconf 88' lang='lat' dir='ltr'>ac</span> <span class='ocrx_word' id='word_1_231' title='bbox 1391 1080 1522 1113; x_wconf 83' lang='lat' dir='ltr'>natura</span> 
     </span>
     <span class='ocr_line' id='line_1_50' title="bbox 867 1130 1523 1169; baseline 0.003 -3"><span class='ocrx_word' id='word_1_232' title='bbox 867 1130 1018 1167; x_wconf 81' lang='lat' dir='ltr'>multum</span> <span class='ocrx_word' id='word_1_233' title='bbox 1049 1131 1157 1168; x_wconf 85' lang='lat' dir='ltr'>favet.</span> <span class='ocrx_word' id='word_1_234' title='bbox 1216 1130 1279 1168; x_wconf 91' lang='lat' dir='ltr'>Tu</span> <span class='ocrx_word' id='word_1_235' title='bbox 1305 1132 1400 1168; x_wconf 88' lang='lat' dir='ltr'>conf.</span> <span class='ocrx_word' id='word_1_236' title='bbox 1434 1145 1523 1169; x_wconf 86' lang='lat' dir='ltr'>eun-</span> 
     </span>
     <span class='ocr_line' id='line_1_51' title="bbox 867 1186 1522 1237; baseline 0 -14"><span class='ocrx_word' id='word_1_237' title='bbox 867 1187 950 1224; x_wconf 90' lang='lat' dir='ltr'>dem</span> <span class='ocrx_word' id='word_1_238' title='bbox 971 1187 1192 1225; x_wconf 83' lang='lat' dir='ltr'>Heerenium</span> <span class='ocrx_word' id='word_1_239' title='bbox 1213 1187 1235 1224; x_wconf 85' lang='lat' dir='ltr'>l.</span> <span class='ocrx_word' id='word_1_240' title='bbox 1256 1187 1280 1224; x_wconf 91' lang='lat' dir='ltr'>l.</span> <span class='ocrx_word' id='word_1_241' title='bbox 1304 1186 1320 1223; x_wconf 89' lang='lat' dir='ltr'>I</span> <span class='ocrx_word' id='word_1_242' title='bbox 1340 1200 1426 1237; x_wconf 80' lang='lat' dir='ltr'>pag.</span> <span class='ocrx_word' id='word_1_243' title='bbox 1437 1189 1522 1229; x_wconf 85' lang='lat'>396</span> 
     </span>
     <span class='ocr_line' id='line_1_52' title="bbox 867 1243 1523 1292; baseline 0.003 -13"><span class='ocrx_word' id='word_1_244' title='bbox 867 1256 970 1292; x_wconf 75' lang='lat' dir='ltr'>seq,</span> <span class='ocrx_word' id='word_1_245' title='bbox 1001 1244 1063 1292; x_wconf 89' lang='lat' dir='ltr'>qui</span> <span class='ocrx_word' id='word_1_246' title='bbox 1094 1243 1192 1280; x_wconf 87' lang='lat' dir='ltr'>idem</span> <span class='ocrx_word' id='word_1_247' title='bbox 1221 1243 1304 1280; x_wconf 90' lang='lat' dir='ltr'>bina</span> <span class='ocrx_word' id='word_1_248' title='bbox 1330 1243 1416 1281; x_wconf 87' lang='lat' dir='ltr'>inde</span> <span class='ocrx_word' id='word_1_249' title='bbox 1436 1257 1523 1281; x_wconf 88' lang='lat' dir='ltr'>con-</span> 
     </span>
     <span class='ocr_line' id='line_1_53' title="bbox 867 1299 1523 1347; baseline 0.003 -12"><span class='ocrx_word' id='word_1_250' title='bbox 867 1299 995 1347; x_wconf 81' lang='lat' dir='ltr'>cludit,</span> <span class='ocrx_word' id='word_1_251' title='bbox 1025 1312 1093 1336; x_wconf 90' lang='lat' dir='ltr'>nec</span> <span class='ocrx_word' id='word_1_252' title='bbox 1112 1300 1218 1336; x_wconf 88' lang='lat' dir='ltr'>nobis</span> <span class='ocrx_word' id='word_1_253' title='bbox 1251 1300 1299 1336; x_wconf 87' lang='lat' dir='ltr'>ad</span> <span class='ocrx_word' id='word_1_254' title='bbox 1317 1299 1523 1337; x_wconf 83' lang='lat' dir='ltr'>universam</span> 
     </span>
     <span class='ocr_line' id='line_1_54' title="bbox 867 1355 1521 1393; baseline 0.002 -1"><span class='ocrx_word' id='word_1_255' title='bbox 867 1355 1049 1392; x_wconf 87' lang='lat' dir='ltr'>Herodoti</span> <span class='ocrx_word' id='word_1_256' title='bbox 1095 1355 1141 1392; x_wconf 90' lang='lat' dir='ltr'>de</span> <span class='ocrx_word' id='word_1_257' title='bbox 1177 1355 1301 1393; x_wconf 88' lang='lat' dir='ltr'>Persis</span> <span class='ocrx_word' id='word_1_258' title='bbox 1341 1357 1521 1393; x_wconf 86' lang='lat' dir='ltr'>narratio-</span> 
     </span>
     <span class='ocr_line' id='line_1_55' title="bbox 868 1410 1523 1461; baseline -0.002 -12"><span class='ocrx_word' id='word_1_259' title='bbox 868 1424 972 1457; x_wconf 86' lang='lat' dir='ltr'>nem,</span> <span class='ocrx_word' id='word_1_260' title='bbox 1003 1423 1096 1460; x_wconf 80' lang='lat' dir='ltr'>quae</span> <span class='ocrx_word' id='word_1_261' title='bbox 1116 1411 1184 1448; x_wconf 90' lang='lat' dir='ltr'>hoe</span> <span class='ocrx_word' id='word_1_262' title='bbox 1205 1410 1323 1461; x_wconf 88' lang='lat' dir='ltr'>primo</span> <span class='ocrx_word' id='word_1_263' title='bbox 1335 1410 1426 1448; x_wconf 88' lang='lat' dir='ltr'>libro</span> <span class='ocrx_word' id='word_1_264' title='bbox 1438 1425 1523 1448; x_wconf 91' lang='lat' dir='ltr'>con-</span> 
     </span>
     <span class='ocr_line' id='line_1_56' title="bbox 868 1466 1521 1518; baseline 0.002 -13"><span class='ocrx_word' id='word_1_265' title='bbox 868 1468 1025 1514; x_wconf 89' lang='lat' dir='ltr'>tinetur,</span> <span class='ocrx_word' id='word_1_266' title='bbox 1063 1466 1336 1515; x_wconf 84' lang='lat' dir='ltr'>intelligendam</span> <span class='ocrx_word' id='word_1_267' title='bbox 1355 1471 1521 1518; x_wconf 86' lang='lat' dir='ltr'>praeter-</span> 
     </span>
     <span class='ocr_line' id='line_1_57' title="bbox 868 1523 1523 1571; baseline -0.002 -9"><span class='ocrx_word' id='word_1_268' title='bbox 868 1524 1057 1562; x_wconf 86' lang='lat' dir='ltr'>mittenda.</span> <span class='ocrx_word' id='word_1_269' title='bbox 1115 1523 1242 1571; x_wconf 85' lang='lat' dir='ltr'>Negat</span> <span class='ocrx_word' id='word_1_270' title='bbox 1266 1523 1363 1560; x_wconf 90' lang='lat' dir='ltr'>enim</span> <span class='ocrx_word' id='word_1_271' title='bbox 1391 1523 1523 1562; x_wconf 90' lang='lat' dir='ltr'>Persa-</span> 
     </span>
     <span class='ocr_line' id='line_1_58' title="bbox 869 1579 1525 1631; baseline 0 -13"><span class='ocrx_word' id='word_1_272' title='bbox 869 1592 946 1618; x_wconf 91' lang='lat' dir='ltr'>rum</span> <span class='ocrx_word' id='word_1_273' title='bbox 959 1580 1144 1618; x_wconf 81' lang='lat' dir='ltr'>nationem</span> <span class='ocrx_word' id='word_1_274' title='bbox 1162 1580 1231 1616; x_wconf 88' lang='lat' dir='ltr'>sibi</span> <span class='ocrx_word' id='word_1_275' title='bbox 1248 1579 1436 1629; x_wconf 86' lang='lat' dir='ltr'>aequalem</span> <span class='ocrx_word' id='word_1_276' title='bbox 1456 1594 1525 1631; x_wconf 82' lang='lat' dir='ltr'>pa-</span> 
     </span>
     <span class='ocr_line' id='line_1_59' title="bbox 868 1636 1523 1687; baseline -0.002 -13"><span class='ocrx_word' id='word_1_277' title='bbox 868 1637 974 1687; x_wconf 87' lang='lat' dir='ltr'>rique</span> <span class='ocrx_word' id='word_1_278' title='bbox 1014 1638 1125 1673; x_wconf 90' lang='lat' dir='ltr'>modo</span> <span class='ocrx_word' id='word_1_279' title='bbox 1169 1636 1344 1674; x_wconf 81' lang='lat' dir='ltr'>excultam</span> <span class='ocrx_word' id='word_1_280' title='bbox 1388 1637 1523 1684; x_wconf 87' lang='lat' dir='ltr'>fuisse·,</span> 
     </span>
     <span class='ocr_line' id='line_1_60' title="bbox 869 1693 1524 1745; baseline -0.003 -13"><span class='ocrx_word' id='word_1_281' title='bbox 869 1706 950 1732; x_wconf 88' lang='lat' dir='ltr'>cum</span> <span class='ocrx_word' id='word_1_282' title='bbox 972 1693 1049 1731; x_wconf 88' lang='lat' dir='ltr'>eius</span> <span class='ocrx_word' id='word_1_283' title='bbox 1065 1706 1152 1745; x_wconf 86' lang='lat' dir='ltr'>pars</span> <span class='ocrx_word' id='word_1_284' title='bbox 1172 1696 1313 1731; x_wconf 84' lang='lat' dir='ltr'>tantum</span> <span class='ocrx_word' id='word_1_285' title='bbox 1340 1693 1390 1730; x_wconf 88' lang='lat' dir='ltr'>ad</span> <span class='ocrx_word' id='word_1_286' title='bbox 1405 1693 1524 1730; x_wconf 88' lang='lat' dir='ltr'>domi-</span> 
     </span>
     <span class='ocr_line' id='line_1_61' title="bbox 870 1747 1522 1800; baseline -0.002 -13"><span class='ocrx_word' id='word_1_287' title='bbox 870 1750 1056 1787; x_wconf 85' lang='lat' dir='ltr'>nationem</span> <span class='ocrx_word' id='word_1_288' title='bbox 1081 1749 1301 1798; x_wconf 89' lang='lat' dir='ltr'>reliquorum</span> <span class='ocrx_word' id='word_1_289' title='bbox 1318 1747 1430 1786; x_wconf 85' lang='lat' dir='ltr'>Asiae</span> <span class='ocrx_word' id='word_1_290' title='bbox 1454 1762 1522 1800; x_wconf 87' lang='lat' dir='ltr'>po-</span> 
     </span>
     <span class='ocr_line' id='line_1_62' title="bbox 870 1805 1522 1856; baseline 0 -15"><span class='ocrx_word' id='word_1_291' title='bbox 870 1805 1037 1856; x_wconf 87' lang='lat' dir='ltr'>pulorum</span> <span class='ocrx_word' id='word_1_292' title='bbox 1074 1806 1282 1856; x_wconf 83' lang='lat' dir='ltr'>pervenerit</span> <span class='ocrx_word' id='word_1_293' title='bbox 1326 1809 1364 1842; x_wconf 88' lang='lat' dir='ltr'>et</span> <span class='ocrx_word' id='word_1_294' title='bbox 1393 1805 1439 1842; x_wconf 90' lang='lat' dir='ltr'>ab</span> <span class='ocrx_word' id='word_1_295' title='bbox 1478 1805 1522 1841; x_wconf 89' lang='lat' dir='ltr'>iis</span> 
     </span>
     <span class='ocr_line' id='line_1_63' title="bbox 871 1861 1524 1911; baseline 0.002 -14"><span class='ocrx_word' id='word_1_296' title='bbox 871 1861 961 1911; x_wconf 84' lang='lat' dir='ltr'>ipsis</span> <span class='ocrx_word' id='word_1_297' title='bbox 974 1890 984 1907; x_wconf 88' lang='lat'>,</span> <span class='ocrx_word' id='word_1_298' title='bbox 1004 1874 1096 1910; x_wconf 90' lang='lat' dir='ltr'>quos</span> <span class='ocrx_word' id='word_1_299' title='bbox 1117 1862 1251 1897; x_wconf 78' lang='lat' dir='ltr'>vicerat</span> <span class='ocrx_word' id='word_1_300' title='bbox 1267 1861 1524 1909; x_wconf 84' lang='lat' dir='ltr'>subiectosque</span> 
     </span>
     <span class='ocr_line' id='line_1_64' title="bbox 871 1916 1523 1965; baseline 0 -12"><span class='ocrx_word' id='word_1_301' title='bbox 871 1917 1006 1963; x_wconf 86' lang='lat' dir='ltr'>tenuit,</span> <span class='ocrx_word' id='word_1_302' title='bbox 1056 1916 1182 1953; x_wconf 88' lang='lat' dir='ltr'>cultior</span> <span class='ocrx_word' id='word_1_303' title='bbox 1220 1916 1364 1953; x_wconf 88' lang='lat' dir='ltr'>reddita</span> <span class='ocrx_word' id='word_1_304' title='bbox 1402 1918 1523 1965; x_wconf 84' lang='lat' dir='ltr'>fuerit,</span> 
     </span>
     <span class='ocr_line' id='line_1_65' title="bbox 869 1972 1522 2022; baseline 0.002 -13"><span class='ocrx_word' id='word_1_305' title='bbox 869 1972 1016 2022; x_wconf 87' lang='lat' dir='ltr'>reliquis</span> <span class='ocrx_word' id='word_1_306' title='bbox 1060 1973 1098 2009; x_wconf 89' lang='lat' dir='ltr'>in</span> <span class='ocrx_word' id='word_1_307' title='bbox 1130 1973 1261 2010; x_wconf 87' lang='lat' dir='ltr'>eodem</span> <span class='ocrx_word' id='word_1_308' title='bbox 1286 1976 1407 2019; x_wconf 89' lang='lat' dir='ltr'>statu,</span> <span class='ocrx_word' id='word_1_309' title='bbox 1449 1986 1522 2022; x_wconf 90' lang='lat' dir='ltr'>quo</span> 
     </span>
     <span class='ocr_line' id='line_1_66' title="bbox 869 2029 1522 2077; baseline 0.002 -12"><span class='ocrx_word' id='word_1_310' title='bbox 869 2033 954 2066; x_wconf 89' lang='lat' dir='ltr'>ante</span> <span class='ocrx_word' id='word_1_311' title='bbox 998 2029 1164 2076; x_wconf 87' lang='lat' dir='ltr'>fuerant,</span> <span class='ocrx_word' id='word_1_312' title='bbox 1213 2029 1522 2077; x_wconf 85' lang='lat' dir='ltr'>permanentibus,</span> 
     </span>
     <span class='ocr_line' id='line_1_67' title="bbox 868 2085 1523 2134; baseline 0 -13"><span class='ocrx_word' id='word_1_313' title='bbox 868 2086 1049 2134; x_wconf 78' lang='lat' dir='ltr'>vitamque</span> <span class='ocrx_word' id='word_1_314' title='bbox 1073 2085 1264 2122; x_wconf 84' lang='lat' dir='ltr'>barbaram</span> <span class='ocrx_word' id='word_1_315' title='bbox 1284 2086 1362 2122; x_wconf 88' lang='lat' dir='ltr'>sere</span> <span class='ocrx_word' id='word_1_316' title='bbox 1381 2086 1523 2134; x_wconf 84' lang='lat' dir='ltr'>agenti-</span> 
     </span>
     <span class='ocr_line' id='line_1_68' title="bbox 869 2140 1523 2191; baseline 0.002 -14"><span class='ocrx_word' id='word_1_317' title='bbox 869 2141 949 2178; x_wconf 85' lang='lat' dir='ltr'>bus.</span> <span class='ocrx_word' id='word_1_318' title='bbox 1007 2141 1168 2178; x_wconf 86' lang='lat' dir='ltr'>Alterum</span> <span class='ocrx_word' id='word_1_319' title='bbox 1209 2140 1298 2176; x_wconf 86' lang='lat' dir='ltr'>illud</span> <span class='ocrx_word' id='word_1_320' title='bbox 1330 2142 1434 2191; x_wconf 92' lang='lat' dir='ltr'>ponit</span> <span class='ocrx_word' id='word_1_321' title='bbox 1468 2142 1523 2179; x_wconf 88' lang='lat' dir='ltr'>vir</span> 
     </span>
     <span class='ocr_line' id='line_1_69' title="bbox 870 2196 1521 2247; baseline -0.002 -12"><span class='ocrx_word' id='word_1_322' title='bbox 870 2198 1021 2245; x_wconf 85' lang='lat' dir='ltr'>doctus,</span> <span class='ocrx_word' id='word_1_323' title='bbox 1049 2198 1148 2247; x_wconf 88' lang='lat' dir='ltr'>apud</span> <span class='ocrx_word' id='word_1_324' title='bbox 1182 2196 1315 2234; x_wconf 84' lang='lat' dir='ltr'>Persas</span> <span class='ocrx_word' id='word_1_325' title='bbox 1356 2198 1521 2247; x_wconf 84' lang='lat' dir='ltr'>primitus</span> 
     </span>
     <span class='ocr_line' id='line_1_70' title="bbox 871 2253 1523 2304; baseline 0 -13"><span class='ocrx_word' id='word_1_326' title='bbox 871 2255 991 2291; x_wconf 88' lang='lat' dir='ltr'>omnia</span> <span class='ocrx_word' id='word_1_327' title='bbox 1009 2253 1225 2304; x_wconf 80' lang='lat' dir='ltr'>pertinuisse</span> <span class='ocrx_word' id='word_1_328' title='bbox 1247 2253 1295 2289; x_wconf 87' lang='lat' dir='ltr'>ad</span> <span class='ocrx_word' id='word_1_329' title='bbox 1312 2258 1440 2301; x_wconf 85' lang='lat' dir='ltr'>gentes</span> <span class='ocrx_word' id='word_1_330' title='bbox 1461 2267 1523 2291; x_wconf 85' lang='lat' dir='ltr'>ea-</span> 
     </span>
     <span class='ocr_line' id='line_1_71' title="bbox 873 2308 1523 2359; baseline 0 -12"><span class='ocrx_word' id='word_1_331' title='bbox 873 2323 1025 2359; x_wconf 84' lang='lat' dir='ltr'>rumque</span> <span class='ocrx_word' id='word_1_332' title='bbox 1051 2310 1214 2346; x_wconf 86' lang='lat' dir='ltr'>instituta</span> <span class='ocrx_word' id='word_1_333' title='bbox 1252 2308 1423 2357; x_wconf 81' lang='lat' dir='ltr'>(Stamm</span> <span class='ocrx_word' id='word_1_334' title='bbox 1448 2311 1523 2347; x_wconf 88' lang='lat' dir='ltr'>und</span> 
     </span>
     <span class='ocr_line' id='line_1_72' title="bbox 873 2366 1522 2416; baseline 0 -13"><span class='ocrx_word' id='word_1_335' title='bbox 873 2366 1281 2414; x_wconf 86' lang='lat' dir='ltr'>Stammversassung),</span> <span class='ocrx_word' id='word_1_336' title='bbox 1320 2378 1365 2404; x_wconf 86' lang='lat' dir='ltr'>ex</span> <span class='ocrx_word' id='word_1_337' title='bbox 1392 2368 1522 2416; x_wconf 87' lang='lat' dir='ltr'>quibus</span> 
     </span>
     <span class='ocr_line' id='line_1_73' title="bbox 874 2422 1521 2474; baseline 0 -15"><span class='ocrx_word' id='word_1_338' title='bbox 874 2423 925 2460; x_wconf 88' lang='lat' dir='ltr'>rei</span> <span class='ocrx_word' id='word_1_339' title='bbox 943 2422 1111 2473; x_wconf 87' lang='lat' dir='ltr'>publicae</span> <span class='ocrx_word' id='word_1_340' title='bbox 1131 2422 1222 2458; x_wconf 88' lang='lat' dir='ltr'>ordo</span> <span class='ocrx_word' id='word_1_341' title='bbox 1244 2426 1354 2471; x_wconf 84' lang='lat' dir='ltr'>atque</span> <span class='ocrx_word' id='word_1_342' title='bbox 1380 2423 1521 2474; x_wconf 86' lang='lat' dir='ltr'>imperii</span> 
     </span>
     <span class='ocr_line' id='line_1_74' title="bbox 872 2478 1522 2529; baseline 0.002 -13"><span class='ocrx_word' id='word_1_343' title='bbox 872 2480 965 2516; x_wconf 84' lang='lat' dir='ltr'>ratio</span> <span class='ocrx_word' id='word_1_344' title='bbox 991 2479 1125 2516; x_wconf 85' lang='lat' dir='ltr'>sensim</span> <span class='ocrx_word' id='word_1_345' title='bbox 1157 2478 1365 2527; x_wconf 88' lang='lat' dir='ltr'>sensimque</span> <span class='ocrx_word' id='word_1_346' title='bbox 1389 2492 1522 2529; x_wconf 85' lang='lat' dir='ltr'>prove-</span> 
     </span>
     <span class='ocr_line' id='line_1_75' title="bbox 873 2535 1521 2573; baseline 0.002 -1"><span class='ocrx_word' id='word_1_347' title='bbox 873 2536 978 2573; x_wconf 89' lang='lat' dir='ltr'>nerit.</span> <span class='ocrx_word' id='word_1_348' title='bbox 1035 2536 1173 2572; x_wconf 50' lang='lat' dir='ltr'>Rostra</span> <span class='ocrx_word' id='word_1_349' title='bbox 1220 2538 1341 2572; x_wconf 88' lang='lat' dir='ltr'>aetate</span> <span class='ocrx_word' id='word_1_350' title='bbox 1386 2535 1521 2573; x_wconf 89' lang='lat' dir='ltr'>similes</span> 
     </span>
     <span class='ocr_line' id='line_1_76' title="bbox 873 2591 1521 2643; baseline 0 -15"><span class='ocrx_word' id='word_1_351' title='bbox 873 2592 973 2643; x_wconf 86' lang='lat' dir='ltr'>apud</span> <span class='ocrx_word' id='word_1_352' title='bbox 999 2591 1132 2629; x_wconf 83' lang='lat' dir='ltr'>Persas</span> <span class='ocrx_word' id='word_1_353' title='bbox 1160 2591 1390 2628; x_wconf 77' lang='lat' dir='ltr'>inveniuntur</span> <span class='ocrx_word' id='word_1_354' title='bbox 1408 2592 1521 2628; x_wconf 86' lang='lat' dir='ltr'>tribus</span> 
     </span>
     <span class='ocr_line' id='line_1_77' title="bbox 873 2647 1522 2697; baseline 0.002 -13"><span class='ocrx_word' id='word_1_355' title='bbox 873 2662 903 2685; x_wconf 90' lang='lat' dir='ltr'>s.</span> <span class='ocrx_word' id='word_1_356' title='bbox 925 2651 1053 2697; x_wconf 87' lang='lat' dir='ltr'>gentes</span> <span class='ocrx_word' id='word_1_357' title='bbox 1066 2676 1076 2694; x_wconf 88' lang='lat'>‚</span> <span class='ocrx_word' id='word_1_358' title='bbox 1105 2651 1144 2684; x_wconf 93' lang='lat' dir='ltr'>ut</span> <span class='ocrx_word' id='word_1_359' title='bbox 1161 2649 1379 2685; x_wconf 88' lang='lat' dir='ltr'>recentiores</span> <span class='ocrx_word' id='word_1_360' title='bbox 1397 2647 1522 2685; x_wconf 89' lang='lat' dir='ltr'>harum</span> 
     </span>
    </p>
   </div>
   <div class='ocr_carea' id='block_1_15' title="bbox 872 2704 1522 2797">
    <p class='ocr_par' dir='ltr' id='par_1_16' title="bbox 872 2704 1522 2797">
     <span class='ocr_line' id='line_1_78' title="bbox 872 2704 1522 2754; baseline 0 -13"><span class='ocrx_word' id='word_1_361' title='bbox 872 2718 990 2741; x_wconf 87' lang='lat' dir='ltr'>rerum</span> <span class='ocrx_word' id='word_1_362' title='bbox 1015 2707 1194 2741; x_wconf 83' lang='lat' dir='ltr'>testantur</span> <span class='ocrx_word' id='word_1_363' title='bbox 1225 2704 1431 2754; x_wconf 78' lang='lat' dir='ltr'>scriptores,</span> <span class='ocrx_word' id='word_1_364' title='bbox 1462 2704 1522 2741; x_wconf 84' lang='lat' dir='ltr'>Cf.</span> 
     </span>
     <span class='ocr_line' id='line_1_79' title="bbox 872 2759 1522 2797; baseline 0 0"><span class='ocrx_word' id='word_1_365' title='bbox 872 2761 1059 2797; x_wconf 86' lang='lat' dir='ltr'>Hammer.</span> <span class='ocrx_word' id='word_1_366' title='bbox 1076 2760 1113 2796; x_wconf 89' lang='lat' dir='ltr'>in</span> <span class='ocrx_word' id='word_1_367' title='bbox 1133 2760 1255 2797; x_wconf 65' lang='lat' dir='ltr'>W&#39;ien.</span> <span class='ocrx_word' id='word_1_368' title='bbox 1274 2759 1424 2797; x_wconf 90' lang='lat' dir='ltr'>Jahrbb.</span> <span class='ocrx_word' id='word_1_369' title='bbox 1437 2760 1522 2797; x_wconf 65' lang='lat' dir='ltr'>Vlll</span> 
     </span>
    </p>
   </div>
   <div class='ocr_carea' id='block_1_16' title="bbox 873 2816 1520 2868">
    <p class='ocr_par' dir='ltr' id='par_1_17' title="bbox 873 2816 1520 2868">
     <span class='ocr_line' id='line_1_80' title="bbox 873 2816 1520 2868; baseline 0 -14"><span class='ocrx_word' id='word_1_370' title='bbox 873 2829 911 2867; x_wconf 86' lang='lat' dir='ltr'>p.</span> <span class='ocrx_word' id='word_1_371' title='bbox 932 2819 1014 2859; x_wconf 87' lang='lat'>319</span> <span class='ocrx_word' id='word_1_372' title='bbox 1040 2829 1144 2867; x_wconf 88' lang='lat' dir='ltr'>seqq.</span> <span class='ocrx_word' id='word_1_373' title='bbox 1162 2816 1245 2859; x_wconf 87' lang='grc'>395</span> <span class='ocrx_word' id='word_1_374' title='bbox 1259 2829 1378 2868; x_wconf 74' lang='lat' dir='ltr'>seqq,</span> <span class='ocrx_word' id='word_1_375' title='bbox 1395 2817 1456 2868; x_wconf 89' lang='lat' dir='ltr'>qui</span> <span class='ocrx_word' id='word_1_376' title='bbox 1475 2817 1520 2854; x_wconf 83' lang='lat' dir='ltr'>ab</span> 
     </span>
    </p>
   </div>
  </div>
 </body>
</html>
