1877 3223
431 226 515 266 216

821 215 1283 257 HERODOTI

435 331 548 376 σέων
583 327 856 384 ἀλλογνώσας
894 330 1088 382 Κροῖσον
1129 324 1187 376 ὠς
1223 324 1510 375 ἀποκτενέων,
1551 327 1680 379 Κροῖ-

436 422 513 462 σος
540 408 617 466 μέν
645 424 728 451 νυν
764 406 904 461 ὁρέων
941 404 1140 456 ἐπιόντα,
1204 402 1290 446 ὑπὸ
1331 407 1404 459 τῆς
1438 405 1682 461 παρεούσης

437 490 664 545 συμφορῆς
691 484 1003 542 παρημελήκεε,
1036 482 1134 526 οὐδὲ
1160 499 1199 525 τι
1227 483 1270 524 οἱ
1292 481 1457 537 ὁιέφερε
1481 484 1682 539 πληγέντι
1695 490 1737 525 55

440 565 699 611 ἀποθανέειν
711 579 719 588 ·

784 564 807 608 ὁ
837 565 882 610 δὲ
910 568 1009 613 παῖς
1049 557 1176 612 οὗτος
1206 559 1229 604 ὁ
1262 558 1462 616 ἄφωνος,
1513 561 1570 613 ὠς
1599 561 1685 607 εἶδε

441 644 615 690 ἐπιόντα
643 642 720 686 τὸν
749 643 941 700 Πέρσην,
988 640 1076 684 ὑπὸ
1114 641 1239 691 δέους
1277 656 1319 683 τε
1356 641 1429 683 καὶ
1458 646 1595 685 κακοῦ
1625 642 1688 696 ἔῤ-

443 726 540 780 ρηξε
571 722 742 778 φωνὴν,
775 721 863 766 εἶπε
895 721 960 765 δέ·

1017 720 1273 774 ,ξΏνθρωπε
1287 753 1297 771 ,
1329 721 1386 777 μὴ
1407 725 1542 763 κτεῖνε
1559 723 1688 774 Κροῖ-

415 806 596 855 5,,σον.“
659 795 797 852 Οὗτος
844 801 921 857 μὲν
960 800 1010 856 δὴ
1052 804 1179 842 τοῦτο
1227 803 1401 852 πρῶτον
1441 799 1689 854 ἐφθέγξατο·

445 881 548 937 μετὰ
577 878 622 924 δὲ
649 884 780 923 τοῦτο
809 879 890 936 ἤδη
921 878 1082 935 ἐφώνεε
1123 879 1198 922 τὸν
1238 877 1379 922 πάντα
1418 878 1579 934 χρόνον
1617 883 1748 936 τῆς60

395 1125 568 1175 Κροῖσος
597 1117 668 1172 μὲν
700 1133 773 1158 νυν
797 1117 920 1170 »ἱρέων
945 1133 979 1157 κ.
1008 1131 1038 1156 τ.

394 1182 426 1218 λ.
438 1194 449 1226 ,-
490 1190 585 1228 quae
622 1178 705 1227 ipsa
743 1175 828 1212 dum
863 1175 1043 1212 scribebat

394 1239 540 1281 auctor,
581 1244 706 1271 eorum
732 1231 843 1268 modo
870 1232 1042 1268 memine-

395 1296 471 1339 rat,
517 1302 613 1340 quae
649 1288 814 1339 proxime
851 1288 1044 1324 antecede-

398 1348 512 1395 bant,
550 1346 696 1382 inducta
732 1356 799 1394 per
835 1343 1045 1393 particulam

400 1399 488 1455 γάρ.
547 1401 649 1439 Solet
666 1400 760 1438 enim
787 1399 939 1436 causalis
963 1412 1046 1436 sen-

401 1458 515 1496 tentia
544 1459 600 1504 ei,
639 1457 739 1494 euius
769 1467 913 1492 causam
950 1468 1047 1492 com-

402 1514 566 1566 plectitur
579 1542 590 1560 ,
618 1511 812 1561 anteponi,
833 1512 1049 1548 observante

402 1570 571 1609 N‘Verfero
589 1569 626 1605 in
646 1567 739 1605 Actt.
769 1567 867 1616 phill.
885 1567 1048 1603 Monacc.

403 1627 442 1674 I,
465 1629 486 1668 1
518 1638 604 1676 pag.
623 1626 697 1671 79,
731 1623 791 1660 ubi
818 1636 939 1660 veram
970 1623 1004 1659 h.
1028 1622 1049 1658 l.

405 1682 559 1721 restituit
599 1680 874 1717 distinctinnem.
945 1679 1052 1716 Conf.

406 1738 536 1776 Mauh.
550 1737 688 1773 Gr.Gr.
707 1734 743 1785 S.
756 1737 850 1782 631,
861 1740 932 1784 41).
947 1736 1054 1775 1300

408 1794 484 1832 coll.
515 1791 551 1843 ᾖ.
584 1792 664 1834 615
708 1804 793 1841 pag.
826 1792 935 1832 1242
976 1803 1054 1838 seq.

410 1851 479 1893 Qu
474 1861 535 1885 ire
546 1847 722 1897 displicet,
743 1847 843 1895 quod
853 1847 958 1883 Schw
962 1846 1055 1894 eigh.

410 1905 640 1943 coniieielrit:
673 1905 846 1953 Κροῖσος
876 1903 946 1952 μέν
974 1917 1057 1953 μιν

411 1963 498 2012 (pio
525 1960 618 2008 νυν)
638 1957 763 2010 ὁρέων
785 1955 957 1998 ἐπιόντα.
982 1958 1059 1996 Ne-

412 2031 482 2067 que
495 2017 563 2054 huc
579 2015 778 2065 quidquam
788 2017 808 2052 1
803 2016 873 2053 1cit
881 2015 1059 2053 Sancrost

416 2073 495 2111 libri
514 2072 618 2110 lectio
641 2071 711 2122 μέν
734 2086 822 2120 νιν,
853 2072 990 2122 quippe
1017 2084 1060 2109 ex

417 2128 494 2195 μέν
508 2143 583 2168 νυν
604 2134 693 2164 orta.
752 2128 928 2174 Conf.11‚
948 2128 1013 2169 42.

470 2181 588 2237 ἄλλο,
591 2180 736 2233 νώσεις]
748 2184 849 2233 Hes>
853 2185 904 2220 ch.
916 2157 975 2233 lp,
981 2183 1061 2225 242

417 2242 565 2293 exponit
592 2235 809 2293 οἷγυοησας,
840 2241 900 2277 ubi
919 2241 989 2277 vid.
1008 2241 1061 2276 in-

418 2302 650 2348 te1··1›1ett.—-—
667 2294 732 2348 ’ἤϊε
749 2318 804 2324 -
824 2311 877 2342 ως
899 2293 1061 2335 ἀποκτε-

419 2354 521 2393 νέων
541 2354 639 2390 haud
664 2353 957 2391 confundendum
983 2365 1061 2389 cum

422 2410 595 2448 eiusmodi
633 2409 893 2456 locutionibus,
939 2408 1066 2458 quales

423 2480 454 2503 v.
479 2480 508 2504 e.
529 2466 563 2512 1,
588 2469 685 2508 122:
715 2463 779 2516 ἤϊε
800 2461 948 2515 ταύτην
965 2462 1066 2503 αἰνέ-

427 2537 492 2560 ων.
549 2522 645 2559 Bam
688 2521 756 2559 hoe
802 2521 880 2558 loco
920 2522 1066 2559 verbum

427 2577 528 2616 ἰέναι
547 2591 650 2614 suam
673 2579 803 2615 retinet
821 2578 901 2614 vim.
923 2598 979 2604 —
1009 2577 1068 2628 Ad

427 2631 505 2672 ὑπὸ
527 2655 580 2660 ——
601 2636 810 2684 συμφορῆς
840 2635 943 2684 (prae
969 2632 1067 2670 cala-

429 2689 576 2736 nu'tate)
616 2691 708 2727 conf.
740 2689 869 2727 Matth.
901 2691 967 2727 Gr.
1004 2690 1068 2726 Gr.

431 2743 468 2794 ᾗ.
491 2745 592 2791 592,
614 2757 635 2782 a
663 2758 748 2796 pag.
772 2747 890 2787 1186.

493 2796 584 2839 ου’ὁὲ
602 2816 638 2840 τι
658 2801 698 2840 οῖ
719 2800 898 2854 διέφερε]
928 2803 950 2839 i.
964 2817 994 2841 e.
1015 2815 1074 2840 nec

435 2856 621 2908 quidquam
638 2860 746 2907 ipsias
766 2860 942 2897 intererat.
979 2859 1076 2897 Lau-

1107 1118 1171 1154 dat
1206 1116 1407 1155 Larcherus
1443 1116 1594 1155 similem
1638 1116 1755 1154 locum

1108 1174 1343 1212 Demosthen.
1363 1186 1429 1224 pro
1451 1174 1586 1211 Coron.
1604 1187 1640 1224 p.
1660 1175 1756 1219 520,
1814 1202 1821 1208 2

1109 1229 1155 1267 A.
1175 1251 1230 1258 -
1260 1230 1365 1272 Quae
1381 1236 1599 1279 sequuntur,
1625 1229 1757 1279 partim

1112 1287 1148 1324 in
1175 1287 1424 1336 quaestionem
1446 1291 1571 1323 vocatu
1600 1289 1685 1323 sunt
1713 1285 1758 1321 ab

1111 1343 1177 1390 iis,
1219 1343 1280 1392 qui
1307 1342 1396 1379 haec
1433 1356 1511 1379 cuni
1537 1342 1626 1390 illis,
1666 1353 1760 1390 quae

1115 1412 1225 1448 supra
1261 1398 1300 1445 Ι,
1329 1398 1395 1439 34.
1415 1399 1469 1439 38
1498 1402 1644 1434 narrata
1661 1400 1761 1443 sunt,

1114 1456 1231 1492 minus
1244 1454 1335 1491 bene
1355 1455 1545 1491 convenire
1563 1454 1761 1491 crederent.

1116 1511 1173 1548 De
1188 1511 1316 1559 quibus
1337 1514 1456 1548 tacere
1468 1523 1511 1547 eo
1529 1511 1646 1558 magis
1658 1521 1764 1559 prae-

1118 1571 1212 1612 stat,
1243 1580 1314 1615 quo
1342 1567 1398 1613 id,
1429 1567 1527 1615 quod
1548 1566 1760 1603 Herodotus

1118 1623 1245 1669 tradit,
1275 1636 1296 1658 a
1316 1635 1434 1660 rerum
1467 1628 1594 1659 natura
1621 1621 1766 1658 minime

1121 1679 1300 1716 abhorret.
1357 1678 1437 1716 Nec
1457 1679 1552 1726 sugit
1579 1678 1685 1715 etiam
1705 1676 1767 1712 Ci-

1122 1747 1289 1771 ceronem
1311 1735 1356 1771 de
1374 1734 1492 1771 Divin.
1515 1734 1552 1781 Ι,
1575 1734 1639 1775 53.
1670 1733 1768 1770 ham

1123 1790 1231 1827 Plinii
1262 1790 1377 1827 locum
1406 1790 1443 1826 in
1466 1790 1514 1826 H.
1539 1789 1587 1827 N.
1619 1789 1693 1836 XI,
1715 1789 1770 1829 50

1124 1846 1280 1883 hucnon
1306 1846 1506 1896 pertinere,
1536 1846 1606 1883 iam
1635 1845 1771 1883 dudum

1124 1906 1341 1939 monuerunt
1358 1902 1422 1938 viri
1439 1903 1546 1939 docti.
1594 1901 1652 1939 Ad
1674 1901 1772 1938 locu-

1095 2005 1097 2007 1
1125 1959 1261 1996 tionem
1281 1957 1418 2011 ἕςῖᾇηξε
1439 1955 1606 2010 φωνήν,
1626 1957 1773 2008 aptissi-

1127 2028 1221 2052 mam
1256 2015 1350 2051 illam
1376 2015 1540 2064 quidem,
1587 2025 1776 2064 compara-

1128 2085 1208 2108 mus
1228 2071 1321 2108 infra
1339 2072 1391 2118 ll,
1404 2075 1450 2113 2:
1472 2067 1612 2121 ἥντινα
1631 2065 1775 2120 φωνήν

1130 2123 1296 2178 ῥήξουσι
1331 2128 1377 2165 de
1418 2128 1614 2163 infantibus
1650 2137 1774 2162 reeens

1129 2185 1222 2220 natis
1241 2183 1338 2220 haud
1360 2183 1437 2219 sine
1465 2182 1640 2219 industria
1656 2186 1696 2217 ut
1723 2180 1775 2215 vi-

1129 2241 1255 2285 detur,
1285 2240 1427 2276 dictuni.
1486 2238 1594 2275 Cous.
1624 2237 1693 2274 illic
1711 2248 1776 2272 no-

1128 2300 1192 2332 tat.

1189 2347 1221 2389 ὤ
1233 2365 1256 2389 ν
1267 2354 1425 2401 θρωπε,
1449 2347 1503 2402 μή
1520 2353 1647 2389 κτεῖνε
1659 2350 1777 2398 Κροῖ-

1133 2409 1224 2453 σον]
1269 2405 1467 2458 ὤνθρωπε
1506 2406 1669 2458 plerique
1701 2404 1780 2442 libri

1134 2477 1212 2502 cum
1236 2464 1391 2512 Gregor.
1411 2464 1497 2500 Cor.
1527 2463 1574 2501 de
1600 2461 1683 2499 dial.
1702 2461 1779 2498 Ion.

1135 2519 1173 2571 ἓ.
1209 2523 1274 2562 29.
1332 2519 1431 2557 Male
1477 2519 1537 2557 alii
1582 2515 1782 2569 ἄνθρωπε.

1136 2577 1244 2614 Cous.
1276 2577 1306 2612 si
1335 2576 1426 2613 tanti
1447 2581 1524 2623 est,
1573 2576 1781 2612 Buttmann.

1137 2634 1173 2669 iu
1195 2633 1357 2670 Gramm.
1379 2634 1505 2670 maior.
1522 2632 1538 2669 I
1553 2645 1590 2682 p.
1605 2631 1696 2673 115·
1725 2630 1785 2668 De

1139 2691 1342 2739 praesentis
1353 2689 1564 2739 imperativo
1586 2688 1622 2724 in
1641 2685 1787 2725 vetandi

1140 2746 1302 2782 soimulis
1321 2746 1498 2784 subtiliter
1514 2744 1683 2782 disseruit
1693 2743 1786 2780 Her-

1143 2814 1262 2839 mann.
1273 2803 1320 2839 ad
1332 2803 1486 2852 Gregor.
1495 2800 1701 2851 Corinth-p.
1705 2797 1786 2840 865

1144 2859 1201 2896 ed.
1222 2858 1364 2897 Schaef.
