1909 3228
477 246 563 286 486

889 238 1349 278 HERODOTI

483 365 589 405 σαν,
619 353 825 408 ἑξήκοντα
855 353 1045 404 σχοῖνοι,
1075 347 1183 391 κατὰ
1205 347 1330 403 ἡμέες
1352 347 1596 405 διαιρέομεν
1619 347 1730 391 εἶναι

482 434 704 487 Αἴγυπτον
740 427 825 472 ἀπὸ
858 431 937 471 τοῦ
959 425 1259 482 Πλινθινήτεω
1288 424 1454 470 κόλπου
1483 427 1604 483 μέχρι
1615 431 1729 482 Σερ-

425 635 582 686 applicat
608 636 831 684 Larcherus,
869 649 936 673 nec
957 640 1079 672 tamen

425 697 564 729 tantum
585 699 689 743 putat
711 694 803 731 inter
822 691 1002 730 Herodoti
1022 696 1078 728 at-

428 761 500 797 que
516 749 705 787 Strabonis
725 749 806 798 (qui
818 748 950 786 scilicet
969 748 1081 785 maio·

428 805 525 842 ribus
573 806 699 843 stadiis
737 805 938 856 Olympicis
975 803 1084 842 suerit

429 862 532 909 usus)
560 874 729 899 numeros
761 861 984 899 intercedere
1007 860 1081 896 ‹lis-

428 917 596 966 criminis,
625 920 713 967 quin
729 918 919 955 convenire
932 918 970 953 in
988 928 1084 952 sum-

428 986 488 1010 ma
531 975 607 1012 sere
652 979 804 1024 uterque
853 973 1084 1011 existimetur.

430 1030 553 1074 Quare
575 1031 876 1081 acquiescendum
897 1030 1025 1079 opinor
1046 1028 1084 1064 in

428 1086 494 1133 iis,
524 1099 619 1135 quae
656 1086 855 1125 Danvillius
892 1085 1083 1133 (Memoir.

429 1155 491 1179 sur
508 1141 668 1193 l’Egypt.
689 1157 727 1194 p.
753 1144 821 1192 ll)
844 1142 983 1193 posuit,
1010 1139 1083 1178 Ae-

430 1200 534 1248 gypti
570 1199 834 1248 longitudinem
869 1198 1082 1235 maritimam

430 1267 453 1292 a
465 1254 682 1293 Plinthinete
701 1257 781 1292 sinu
800 1267 916 1304 usque
935 1254 983 1291 ad
997 1253 1084 1290 Ser-

431 1311 601 1349 bonidem
624 1312 739 1349 lacum
757 1324 883 1361 parem
909 1323 988 1348 esse
1016 1308 1083 1346 du-

431 1369 540 1404 centis
561 1368 800 1418 quadraginta
817 1380 878 1404 sex
896 1367 1082 1404 Romano-

430 1435 509 1459 rum
529 1424 716 1471 milliariis3
745 1436 767 1460 a
789 1436 861 1472 quo
890 1435 964 1459 non
992 1420 1083 1458 mul-

431 1483 507 1515 tum
534 1480 687 1517 discedit
713 1480 946 1525 Herodotus,
974 1489 1082 1526 quem

431 1535 549 1571 minus
579 1540 742 1573 accurate
765 1534 997 1582 caeteroquin
1018 1533 1083 1570 de-

432 1591 569 1628 finiisse
615 1590 773 1641 Aegypti
821 1589 1084 1639 longitudinem

432 1647 620 1684 contendit
677 1645 947 1684 Schlichthorst.
997 1644 1020 1681 l.
1061 1644 1084 1681 l.

432 1715 517 1753 pag.
536 1704 602 1750 24,
621 1704 682 1740 ubi
694 1703 765 1739 vid.
786 1703 900 1752 plura.
931 1701 1003 1745 Qui
1018 1713 1085 1736 nu-

433 1759 588 1808 perrime
605 1759 809 1807 disquisivit
831 1758 989 1794 Iomard.
1006 1756 1084 1792 loco

433 1815 526 1850 infra
562 1813 745 1851 laudando
773 1826 859 1864 pag.
891 1814 973 1854 508
1008 1824 1084 1860 seq.

434 1871 516 1911 657
537 1874 573 1907 et
591 1871 669 1920 ipse
689 1882 763 1906 non
792 1868 942 1906 multum
961 1880 983 1904 a
1001 1880 1086 1905 vero

434 1925 630 1964 abhorrere
658 1926 794 1962 iudicat
823 1936 1011 1962 mensuras
1040 1924 1085 1960 ab

433 1981 625 2019 Herodoto
642 1982 823 2031 proditas,
852 1981 963 2018 modo
981 1979 1088 2017 intel-

434 2037 527 2086 ligas
568 2039 686 2075 stadia
712 2042 853 2076 centum
893 2041 1089 2074 metrorum

435 2095 627 2142 (metres)·,
657 2094 708 2131 ita
729 2098 769 2130 ut
798 2105 937 2130 summa
959 2093 1089 2130 evadat

435 2153 616 2196 360‚000
636 2155 841 2188 metrorum.
881 2149 1004 2193 Quare
1024 2148 1089 2184 mi-

435 2207 532 2243 nime
543 2207 744 2244 audiendus
756 2205 939 2243 Mannert.
952 2205 986 2241 in
1001 2217 1089 2253 geo-

436 2263 564 2312 graph.
599 2263 636 2299 d.
672 2264 737 2299 Gr.
772 2275 806 2299 u.
837 2262 944 2299 Rom.
971 2261 1026 2308 X,
1065 2263 1087 2300 1

435 2330 520 2368 pag.
533 2320 613 2361 253
639 2332 753 2368 seqq„
776 2318 836 2367 qui
855 2318 960 2354 ullam
972 2317 1093 2354 Hero-

436 2374 554 2411 doteis
584 2376 762 2412 mensuris
792 2374 902 2411 fidem
928 2373 1091 2410 tribuen-

437 2431 522 2467 dam
544 2444 625 2469 esse
653 2435 785 2480 negat,
814 2431 950 2480 quippe
973 2429 1089 2465 minus

437 2488 610 2523 accuratis
622 2487 844 2535 multumque
864 2498 1005 2535 semper
1030 2497 1089 2521 ex-

437 2544 635 2591 aggerati-s,
658 2543 815 2581 confusis
831 2546 1018 2592 praeterea
1027 2552 1090 2576 va-

438 2598 498 2634 riis
516 2603 551 2636 et
568 2600 767 2635 stadiorum
784 2602 821 2636 et
833 2597 976 2635 schoeni
989 2609 1090 2633 men-

440 2653 543 2691 suris.
585 2655 689 2698 Quae
706 2654 792 2692 talia
811 2654 895 2702 sint,
925 2659 966 2689 ut
984 2652 1090 2690 resel-

439 2707 513 2746 lere
535 2712 702 2759 putidum
720 2711 776 2748 sit.

497 2763 594 2803 κατὰ
612 2764 729 2817 ἡμέες
747 2781 781 2804 κ.
797 2780 829 2804 τ.
842 2764 890 2816 λ.]
910 2762 1008 2804 κατά
1023 2778 1091 2816 pro

444 2815 543 2856 καθ’
575 2817 624 2869 ἃ,
655 2827 694 2859 ut
715 2822 743 2868 1,
767 2825 860 2864 208.

501 2870 579 2915 dno*
600 2879 672 2916 τοῦ
696 2872 976 2930 Πλινθινήτεω
1003 2871 1091 2916 κόλ-

1134 649 1214 674 που
1235 633 1345 686 μὲχρι
1362 633 1614 686 Σερβωνίδος
1629 632 1785 685 λίμνης]

1138 686 1419 742 Πλινθινήτης
1445 692 1543 727 sinus
1571 703 1704 729 nomen
1729 704 1788 728 ac-

1136 749 1233 798 cepit
1257 749 1302 785 ab
1323 747 1410 785 urbe
1435 747 1662 797 Πλινθίνῃ,
1694 759 1789 796 quae

1137 809 1195 843 est
1220 805 1399 841 maritima
1419 804 1457 841 in
1484 807 1645 842 extrema
1663 802 1788 852 Aegy—

1136 863 1191 912 pti
1211 874 1275 897 ora
1292 860 1448 908 Libyam
1467 873 1588 897 versus
1607 861 1677 897 sita
1695 860 1788 896 inter

1139 917 1175 954 T
1178 917 1338 967 aposirin
1366 921 1402 953 et
1426 916 1521 954 Nicii
1551 928 1709 966 pagum,
1751 918 1790 952 et

1139 973 1229 1010 lacui
1247 972 1460 1020 Mareotico,
1489 972 1543 1009 cui
1565 973 1679 1009 vicina
1700 975 1790 1018 erat,

1143 1024 1420 1077 Πλινθινήτου
1435 1041 1566 1065 nomen
1587 1029 1701 1066 dedit.
1732 1027 1790 1065 De

1139 1087 1229 1123 urbe
1247 1086 1341 1122 conf.
1354 1085 1486 1122 Strabo
1502 1084 1604 1120 XVII
1620 1097 1656 1133 p.
1669 1085 1792 1130 1150,

1140 1142 1171 1179 B
1193 1156 1220 1179 s.
1244 1155 1280 1192 p.
1301 1143 1395 1183 799.
1443 1141 1570 1177 Sinum
1595 1139 1794 1177 Plinthine-

1139 1202 1205 1236 tem
1233 1197 1344 1234 hodie
1374 1196 1534 1234 Arabum
1572 1197 1687 1233 sinum
1723 1195 1794 1233 dici

1141 1255 1265 1293 scribit
1292 1253 1493 1291 Danvillius
1522 1251 1566 1300 (l.
1597 1252 1620 1290 l.
1644 1266 1680 1303 p.
1704 1252 1791 1300 63).

1140 1312 1248 1349 Conf.
1266 1310 1447 1347 Mannert.
1468 1309 1606 1358 Geogr.
1627 1309 1663 1346 d.
1675 1308 1741 1346 Gr.
1758 1320 1793 1345 u.

1137 1367 1244 1406 Rom.
1266 1366 1313 1413 X,
1337 1369 1363 1407 2
1381 1379 1467 1416 pag.
1488 1364 1554 1407 24.

1197 1423 1361 1460 Serbonz's
1382 1422 1500 1468 lacus,
1529 1421 1577 1460 de
1596 1433 1669 1471 qno
1700 1421 1794 1457 infra

1138 1479 1212 1525 ΙΙΙ,
1241 1480 1289 1525 5,
1321 1477 1528 1528 Aegyptum
1559 1478 1655 1515 inter
1684 1480 1794 1525 atque

1139 1535 1385 1572 Palaestinam
1397 1540 1454 1571 est
1475 1535 1565 1571 situs
1588 1534 1633 1571 ab
1653 1534 1794 1570 oriente

1142 1592 1242 1628 Casii
1261 1592 1406 1637 montis,
1424 1590 1470 1627 ab
1482 1591 1669 1628 occidente
1679 1600 1794 1640 prope

1140 1646 1419 1686 Rhinocoluram
1448 1646 1561 1695 (quae
1587 1646 1697 1683 hodie
1728 1657 1795 1694 ap-

1140 1703 1296 1753 pellatur
1322 1702 1561 1750 Al-Arisch).
1613 1702 1795 1751 Perquam

1141 1763 1338 1807 angustum
1352 1759 1459 1796 fuisse
1477 1758 1591 1795 lacum
1605 1762 1730 1795 auctor
1739 1760 1796 1794 est

1140 1814 1324 1851 Diodorus
1346 1814 1375 1860 I,
1393 1816 1468 1860 30,
1500 1814 1566 1851 sed
1580 1814 1691 1851 mirae
1708 1825 1796 1863 pro-

1141 1871 1332 1907 funditatis
1355 1875 1390 1908 et
1416 1870 1654 1907 ducentorum
1682 1870 1796 1906 ferme

1145 1927 1341 1963 stadiorum
1352 1926 1590 1974 longitudinis
1601 1940 1611 1973 3
1622 1925 1690 1963 alia
1699 1925 1796 1962 idem

1147 1983 1270 2020 scribit
1297 1983 1343 2020 de
1369 1984 1521 2021 exitiosa
1556 1983 1711 2033 palude,
1741 1981 1796 2018 cui

1144 2043 1343 2089 perpetuus
1366 2039 1478 2076 austri
1495 2040 1603 2076 flatus
1625 2049 1796 2087 magnam

1144 2096 1288 2144 ingerat
1307 2108 1438 2132 arenae
1454 2095 1536 2131 vim.
1573 2094 1707 2131 Plinius
1728 2093 1796 2139 (H.

1145 2151 1193 2189 N·
1206 2151 1250 2197 V,
1275 2152 1345 2199 13)
1369 2151 1516 2197 15,ΟΟΟ
1537 2163 1709 2200 passuum
1729 2149 1797 2186 cir-

1146 2207 1278 2244 cuitum
1291 2206 1467 2254 quosdam
1479 2206 1525 2242 illi
1537 2207 1694 2243 tribuere
1710 2217 1795 2242 nar-

1145 2268 1217 2307 rat3
1248 2263 1313 2299 sed
1333 2275 1427 2299 nunc
1444 2263 1618 2299 modicam
1640 2274 1721 2299 esse
1731 2274 1797 2311 pa-

1145 2318 1279 2356 ludem.
1330 2317 1377 2354 Et
1400 2320 1459 2366 qui
1489 2322 1581 2355 teste
1611 2318 1797 2355 Strabone

1146 2375 1234 2412 le
1253 2387 1288 2424 p.
1310 2376 1429 2421 1102,
1448 2374 1478 2411 B
1499 2388 1535 2425 p.
1553 2376 1648 2421 760,
1665 2373 1697 2410 A
1718 2387 1798 2410 cum

1148 2431 1238 2468 mari
1259 2435 1399 2467 tantum
1425 2443 1492 2480 per
1521 2429 1694 2483 ἔκρηγμα
1712 2442 1799 2467 con-

1146 2487 1288 2523 iunctus
1307 2492 1383 2523 erat
1407 2486 1525 2533 lacus,
1554 2492 1680 2524 nostra
1698 2490 1800 2523 aeta·

1147 2548 1185 2581 te
1208 2544 1305 2579 sinus
1325 2543 1434 2580 maris
1459 2544 1580 2593 potius
1609 2555 1718 2592 quam
1746 2541 1800 2579 la-

1147 2613 1209 2636 cus
1239 2599 1305 2635 erit
1333 2599 1539 2646 vocandus,
1576 2599 1631 2636 cui
1667 2610 1800 2636 nomen

1147 2654 1299 2693 Sebaket
1318 2653 1483 2692 Barduil.
1514 2655 1595 2692 Vid.
1622 2654 1799 2692 Schlicht-

1147 2711 1250 2748 horst
1280 2710 1302 2748 l.
1322 2711 1344 2747 l.
1372 2724 1457 2761 pag.
1483 2711 1548 2753 50.
1579 2710 1796 2749 Hartmann.

1148 2767 1172 2804 l.
1192 2767 1214 2803 l.
1243 2779 1329 2817 pag.
1357 2768 1438 2809 867
1461 2767 1538 2804 coll.
1569 2765 1750 2805 Mannert.
1772 2765 1796 2802 l.

1148 2823 1172 2860 1.
1186 2823 1233 2869 Χ,
1247 2826 1267 2863 1
1289 2836 1374 2873 pag.
1387 2827 1481 2870 497,
1500 2824 1561 2872 qui
1579 2822 1693 2860 lacum
1703 2834 1797 2858 nunc

1148 2892 1296 2930 prorsus
1327 2880 1563 2927 exsiccatum,
1611 2891 1654 2917 ex
1683 2878 1797 2916 muria
