<?xml version="1.0" encoding="UTF-8"?>
<!DOCTYPE html PUBLIC "-//W3C//DTD XHTML 1.0 Transitional//EN"
    "http://www.w3.org/TR/xhtml1/DTD/xhtml1-transitional.dtd">
<html xmlns="http://www.w3.org/1999/xhtml" xml:lang="en" lang="en">
 <head>
  <title>
</title>
<meta http-equiv="Content-Type" content="text/html;charset=utf-8" />
  <meta name='ocr-system' content='tesseract 3.04.00' />
  <meta name='ocr-capabilities' content='ocr_page ocr_carea ocr_par ocr_line ocrx_word'/>
</head>
<body>
  <div class='ocr_page' id='page_1' title='image "./musaeherodoto01hero/musaeherodoto01hero_0199.png"; bbox 0 0 1877 3223; ppageno 0'>
   <div class='ocr_carea' id='block_1_1' title="bbox 682 204 977 245">
    <p class='ocr_par' dir='ltr' id='par_1_1' title="bbox 682 204 977 245">
     <span class='ocr_line' id='line_1_1' title="bbox 682 204 977 245; baseline 0 -1"><span class='ocrx_word' id='word_1_1' title='bbox 682 204 977 245; x_wconf 83' lang='lat' dir='ltr'><strong>CL10.1.</strong></span> 
     </span>
    </p>
   </div>
   <div class='ocr_carea' id='block_1_2' title="bbox 1371 207 1454 248">
    <p class='ocr_par' dir='ltr' id='par_1_2' title="bbox 1371 207 1454 248">
     <span class='ocr_line' id='line_1_2' title="bbox 1371 207 1454 248; baseline 0 0"><span class='ocrx_word' id='word_1_2' title='bbox 1371 207 1454 248; x_wconf 83' lang='lat'>185</span> 
     </span>
    </p>
   </div>
   <div class='ocr_carea' id='block_1_3' title="bbox 203 313 1453 372">
    <p class='ocr_par' dir='ltr' id='par_1_3' title="bbox 203 313 1453 372">
     <span class='ocr_line' id='line_1_3' title="bbox 203 313 1453 372; baseline 0 -12"><span class='ocrx_word' id='word_1_3' title='bbox 203 316 381 371; x_wconf 80' lang='grc' dir='ltr'><strong><em>τιηνούς</em></strong></span> <span class='ocrx_word' id='word_1_4' title='bbox 419 313 498 370; x_wconf 73' lang='grc' dir='ltr'>μὲν</span> <span class='ocrx_word' id='word_1_5' title='bbox 526 313 572 358; x_wconf 82' lang='grc' dir='ltr'>ἐν</span> <span class='ocrx_word' id='word_1_6' title='bbox 603 315 718 372; x_wconf 83' lang='grc' dir='ltr'><em>δεξιῇ</em></span> <span class='ocrx_word' id='word_1_7' title='bbox 746 315 828 370; x_wconf 75' lang='grc' dir='ltr'><strong><em>ἔχει</em></strong></span> <span class='ocrx_word' id='word_1_8' title='bbox 868 314 1002 371; x_wconf 81' lang='grc' dir='ltr'><strong><em>ῥέων,</em></strong></span> <span class='ocrx_word' id='word_1_9' title='bbox 1043 314 1090 359; x_wconf 78' lang='grc' dir='ltr'>ἐκ</span> <span class='ocrx_word' id='word_1_10' title='bbox 1120 314 1166 358; x_wconf 80' lang='grc' dir='ltr'>δὲ</span> <span class='ocrx_word' id='word_1_11' title='bbox 1195 317 1274 357; x_wconf 85' lang='grc' dir='ltr'>τοῦ</span> <span class='ocrx_word' id='word_1_12' title='bbox 1304 313 1453 371; x_wconf 72' lang='grc' dir='ltr'><em>ἐτέρου</em></span> 
     </span>
    </p>
   </div>
   <div class='ocr_carea' id='block_1_4' title="bbox 209 392 1454 451">
    <p class='ocr_par' dir='ltr' id='par_1_4' title="bbox 209 392 1454 451">
     <span class='ocr_line' id='line_1_4' title="bbox 209 392 1454 451; baseline 0.001 -14"><span class='ocrx_word' id='word_1_13' title='bbox 209 393 406 451; x_wconf 80' lang='grc' dir='ltr'><em>Φρύγας·</em></span> <span class='ocrx_word' id='word_1_14' title='bbox 436 392 813 450; x_wconf 81' lang='grc' dir='ltr'><strong><em>παραμειβόμενος</em></strong></span> <span class='ocrx_word' id='word_1_15' title='bbox 833 394 878 438; x_wconf 81' lang='grc' dir='ltr'>δὲ</span> <span class='ocrx_word' id='word_1_16' title='bbox 898 393 1102 445; x_wconf 79' lang='grc' dir='ltr'><em>τούτους,</em></span> <span class='ocrx_word' id='word_1_17' title='bbox 1133 394 1205 437; x_wconf 79' lang='grc' dir='ltr'>καὶ</span> <span class='ocrx_word' id='word_1_18' title='bbox 1229 395 1341 449; x_wconf 80' lang='grc' dir='ltr'><strong><em>ῥέων</em></strong></span> <span class='ocrx_word' id='word_1_19' title='bbox 1361 395 1454 439; x_wconf 77' lang='grc' dir='ltr'>ἅνω</span> 
     </span>
    </p>
   </div>
   <div class='ocr_carea' id='block_1_5' title="bbox 203 471 1452 530">
    <p class='ocr_par' dir='ltr' id='par_1_5' title="bbox 203 471 1452 530">
     <span class='ocr_line' id='line_1_5' title="bbox 203 471 1452 530; baseline 0 -13"><span class='ocrx_word' id='word_1_20' title='bbox 203 472 315 529; x_wconf 78' lang='grc' dir='ltr'><strong><em>πρὸς</em></strong></span> <span class='ocrx_word' id='word_1_21' title='bbox 343 473 501 530; x_wconf 80' lang='grc' dir='ltr'><strong><em>βορέην</em></strong></span> <span class='ocrx_word' id='word_1_22' title='bbox 532 471 715 530; x_wconf 81' lang='grc' dir='ltr'><strong><em>ἄνεμον,</em></strong></span> <span class='ocrx_word' id='word_1_23' title='bbox 765 473 894 517; x_wconf 76' lang='grc' dir='ltr'><strong><em>ἔνθεν</em></strong></span> <span class='ocrx_word' id='word_1_24' title='bbox 922 473 1002 528; x_wconf 81' lang='grc' dir='ltr'>μὲν</span> <span class='ocrx_word' id='word_1_25' title='bbox 1041 475 1237 527; x_wconf 78' lang='grc' dir='ltr'><em>Συρίους</em></span> <span class='ocrx_word' id='word_1_26' title='bbox 1265 476 1452 517; x_wconf 88' lang='grc' dir='ltr'><strong><em>Καππα-</em></strong></span> 
     </span>
    </p>
   </div>
   <div class='ocr_carea' id='block_1_6' title="bbox 174 550 1451 608">
    <p class='ocr_par' dir='ltr' id='par_1_6' title="bbox 174 550 1451 608">
     <span class='ocr_line' id='line_1_6' title="bbox 174 550 1451 608; baseline 0.003 -15"><span class='ocrx_word' id='word_1_27' title='bbox 174 551 338 603; x_wconf 77' lang='grc' dir='ltr'><strong><em>Βδόκας</em></strong></span> <span class='ocrx_word' id='word_1_28' title='bbox 368 550 559 608; x_wconf 72' lang='grc' dir='ltr'><strong><em>ἀπέργει,</em></strong></span> <span class='ocrx_word' id='word_1_29' title='bbox 591 552 633 604; x_wconf 76' lang='grc' dir='ltr'>ἐξ</span> <span class='ocrx_word' id='word_1_30' title='bbox 662 551 891 608; x_wconf 79' lang='grc' dir='ltr'>εὐωνύμου</span> <span class='ocrx_word' id='word_1_31' title='bbox 921 552 967 597; x_wconf 81' lang='grc' dir='ltr'>δὲ</span> <span class='ocrx_word' id='word_1_32' title='bbox 997 550 1302 608; x_wconf 78' lang='grc' dir='ltr'><strong><em>Παφλαγόνας.</em></strong></span> <span class='ocrx_word' id='word_1_33' title='bbox 1335 553 1451 597; x_wconf 80' lang='grc' dir='ltr'><em>οὕτω</em></span> 
     </span>
    </p>
   </div>
   <div class='ocr_carea' id='block_1_7' title="bbox 204 629 1454 690">
    <p class='ocr_par' dir='ltr' id='par_1_7' title="bbox 204 629 1454 690">
     <span class='ocr_line' id='line_1_7' title="bbox 204 629 1454 690; baseline 0.001 -15"><span class='ocrx_word' id='word_1_34' title='bbox 204 631 227 675; x_wconf 90' lang='grc' dir='ltr'>ὁ</span> <span class='ocrx_word' id='word_1_35' title='bbox 247 632 375 683; x_wconf 69' lang='grc' dir='ltr'>Ἅλυς</span> <span class='ocrx_word' id='word_1_36' title='bbox 409 629 599 687; x_wconf 80' lang='grc' dir='ltr'><strong><em>ποταμὸς</em></strong></span> <span class='ocrx_word' id='word_1_37' title='bbox 629 629 862 687; x_wconf 75' lang='grc' dir='ltr'><strong><em>ἀποτάμνει</em></strong></span> <span class='ocrx_word' id='word_1_38' title='bbox 892 630 1045 687; x_wconf 80' lang='grc' dir='ltr'><strong><em>σχεδὸν</em></strong></span> <span class='ocrx_word' id='word_1_39' title='bbox 1063 631 1202 675; x_wconf 74' lang='grc' dir='ltr'><strong><em>πάντα</em></strong></span> <span class='ocrx_word' id='word_1_40' title='bbox 1223 636 1298 688; x_wconf 77' lang='grc' dir='ltr'>τῆς</span> <span class='ocrx_word' id='word_1_41' title='bbox 1318 632 1454 690; x_wconf 80' lang='grc' dir='ltr'><em>Ἀσίης</em></span> 
     </span>
    </p>
   </div>
   <div class='ocr_carea' id='block_1_8' title="bbox 202 709 1508 767">
    <p class='ocr_par' dir='ltr' id='par_1_8' title="bbox 202 709 1508 767">
     <span class='ocr_line' id='line_1_8' title="bbox 202 709 1508 767; baseline -0.001 -12"><span class='ocrx_word' id='word_1_42' title='bbox 202 711 256 755; x_wconf 80' lang='grc' dir='ltr'>τὰ</span> <span class='ocrx_word' id='word_1_43' title='bbox 283 709 397 754; x_wconf 81' lang='grc' dir='ltr'><em>κάτω</em></span> <span class='ocrx_word' id='word_1_44' title='bbox 426 710 472 754; x_wconf 79' lang='grc' dir='ltr'>ἐκ</span> <span class='ocrx_word' id='word_1_45' title='bbox 509 709 729 767; x_wconf 79' lang='grc' dir='ltr'><strong><em>θαλάσσης</em></strong></span> <span class='ocrx_word' id='word_1_46' title='bbox 767 714 841 767; x_wconf 79' lang='grc' dir='ltr'>τῆς</span> <span class='ocrx_word' id='word_1_47' title='bbox 882 709 1030 754; x_wconf 77' lang='grc' dir='ltr'><strong><em>ἀντίον</em></strong></span> <span class='ocrx_word' id='word_1_48' title='bbox 1065 709 1253 767; x_wconf 82' lang='grc' dir='ltr'><em>Κύπρου</em></span> <span class='ocrx_word' id='word_1_49' title='bbox 1291 711 1334 763; x_wconf 82' lang='grc' dir='ltr'>ἐς</span> <span class='ocrx_word' id='word_1_50' title='bbox 1373 711 1508 756; x_wconf 84' lang='grc' dir='ltr'>τόν85</span> 
     </span>
    </p>
   </div>
   <div class='ocr_carea' id='block_1_9' title="bbox 138 886 794 2116">
    <p class='ocr_par' dir='ltr' id='par_1_9' title="bbox 138 886 794 2116">
     <span class='ocr_line' id='line_1_9' title="bbox 144 886 789 924; baseline 0.002 -2"><span class='ocrx_word' id='word_1_51' title='bbox 144 886 242 923; x_wconf 90' lang='lat' dir='ltr'>tione</span> <span class='ocrx_word' id='word_1_52' title='bbox 275 886 390 923; x_wconf 86' lang='lat' dir='ltr'>minus</span> <span class='ocrx_word' id='word_1_53' title='bbox 423 890 588 924; x_wconf 85' lang='lat' dir='ltr'>accurata</span> <span class='ocrx_word' id='word_1_54' title='bbox 621 899 664 924; x_wconf 90' lang='lat' dir='ltr'>ac</span> <span class='ocrx_word' id='word_1_55' title='bbox 697 886 789 924; x_wconf 84' lang='lat' dir='ltr'>defi-</span> 
     </span>
     <span class='ocr_line' id='line_1_10' title="bbox 143 942 789 991; baseline 0 -13"><span class='ocrx_word' id='word_1_56' title='bbox 143 942 220 978; x_wconf 91' lang='lat' dir='ltr'>nita</span> <span class='ocrx_word' id='word_1_57' title='bbox 274 943 500 991; x_wconf 83' lang='lat' dir='ltr'>designarint</span> <span class='ocrx_word' id='word_1_58' title='bbox 540 943 789 987; x_wconf 76' lang='lat' dir='ltr'>Antitaurum5</span> 
     </span>
     <span class='ocr_line' id='line_1_11' title="bbox 142 1000 789 1048; baseline 0 -13"><span class='ocrx_word' id='word_1_59' title='bbox 142 1003 333 1048; x_wconf 86' lang='lat' dir='ltr'>utrumque</span> <span class='ocrx_word' id='word_1_60' title='bbox 359 1000 395 1036; x_wconf 92' lang='lat' dir='ltr'>in</span> <span class='ocrx_word' id='word_1_61' title='bbox 415 1000 692 1036; x_wconf 84' lang='lat' dir='ltr'>occidentalibus</span> <span class='ocrx_word' id='word_1_62' title='bbox 714 1000 789 1037; x_wconf 88' lang='lat' dir='ltr'>eius</span> 
     </span>
     <span class='ocr_line' id='line_1_12' title="bbox 141 1057 790 1106; baseline 0.002 -16"><span class='ocrx_word' id='word_1_63' title='bbox 141 1058 260 1093; x_wconf 85' lang='lat' dir='ltr'>terrae</span> <span class='ocrx_word' id='word_1_64' title='bbox 283 1069 363 1093; x_wconf 83' lang='lat' dir='ltr'>esse</span> <span class='ocrx_word' id='word_1_65' title='bbox 381 1057 533 1105; x_wconf 73' lang='lat' dir='ltr'>tinibus,</span> <span class='ocrx_word' id='word_1_66' title='bbox 564 1070 656 1106; x_wconf 87' lang='lat' dir='ltr'>quae</span> <span class='ocrx_word' id='word_1_67' title='bbox 677 1057 790 1092; x_wconf 85' lang='lat' dir='ltr'>serius</span> 
     </span>
     <span class='ocr_line' id='line_1_13' title="bbox 142 1111 789 1150; baseline 0.003 -3"><span class='ocrx_word' id='word_1_68' title='bbox 142 1111 324 1148; x_wconf 73' lang='lat' dir='ltr'><em>Armeniae</em></span> <span class='ocrx_word' id='word_1_69' title='bbox 352 1115 491 1148; x_wconf 68' lang='lat' dir='ltr'>minoris</span> <span class='ocrx_word' id='word_1_70' title='bbox 521 1126 653 1150; x_wconf 90' lang='lat' dir='ltr'>nomen</span> <span class='ocrx_word' id='word_1_71' title='bbox 686 1125 789 1149; x_wconf 90' lang='lat' dir='ltr'>acce-</span> 
     </span>
     <span class='ocr_line' id='line_1_14' title="bbox 142 1169 791 1219; baseline 0 -15"><span class='ocrx_word' id='word_1_72' title='bbox 142 1169 256 1217; x_wconf 81' lang='lat' dir='ltr'>perit,</span> <span class='ocrx_word' id='word_1_73' title='bbox 286 1174 347 1205; x_wconf 88' lang='lat' dir='ltr'>aut</span> <span class='ocrx_word' id='word_1_74' title='bbox 376 1170 494 1218; x_wconf 84' lang='lat' dir='ltr'>potius</span> <span class='ocrx_word' id='word_1_75' title='bbox 523 1171 559 1206; x_wconf 91' lang='lat' dir='ltr'>in</span> <span class='ocrx_word' id='word_1_76' title='bbox 589 1169 668 1219; x_wconf 84' lang='lat' dir='ltr'>ipsa</span> <span class='ocrx_word' id='word_1_77' title='bbox 691 1169 791 1217; x_wconf 82' lang='lat' dir='ltr'>Cap-</span> 
     </span>
     <span class='ocr_line' id='line_1_15' title="bbox 143 1225 791 1273; baseline 0.002 -13"><span class='ocrx_word' id='word_1_78' title='bbox 143 1225 317 1273; x_wconf 74' lang='lat' dir='ltr'>padocia,</span> <span class='ocrx_word' id='word_1_79' title='bbox 355 1226 402 1261; x_wconf 92' lang='lat' dir='ltr'>ad</span> <span class='ocrx_word' id='word_1_80' title='bbox 433 1238 539 1273; x_wconf 86' lang='lat' dir='ltr'>quam</span> <span class='ocrx_word' id='word_1_81' title='bbox 571 1239 686 1273; x_wconf 89' lang='lat' dir='ltr'>usque</span> <span class='ocrx_word' id='word_1_82' title='bbox 714 1225 791 1261; x_wconf 87' lang='lat' dir='ltr'>He-</span> 
     </span>
     <span class='ocr_line' id='line_1_16' title="bbox 141 1281 792 1331; baseline 0.002 -16"><span class='ocrx_word' id='word_1_83' title='bbox 141 1281 261 1316; x_wconf 89' lang='lat' dir='ltr'>rodoti</span> <span class='ocrx_word' id='word_1_84' title='bbox 288 1281 458 1317; x_wconf 84' lang='lat' dir='ltr'>Armenia</span> <span class='ocrx_word' id='word_1_85' title='bbox 484 1281 792 1331; x_wconf 85' lang='lat' dir='ltr'>pertineat.-—ln</span> 
     </span>
     <span class='ocr_line' id='line_1_17' title="bbox 140 1337 792 1385; baseline 0.002 -14"><span class='ocrx_word' id='word_1_86' title='bbox 140 1337 301 1385; x_wconf 78' lang='lat' dir='ltr'>proxime</span> <span class='ocrx_word' id='word_1_87' title='bbox 320 1338 616 1374; x_wconf 80' lang='lat' dir='ltr'>antecedentibus</span> <span class='ocrx_word' id='word_1_88' title='bbox 639 1338 685 1372; x_wconf 93' lang='lat' dir='ltr'>ad</span> <span class='ocrx_word' id='word_1_89' title='bbox 712 1349 792 1373; x_wconf 84' lang='lat' dir='ltr'>ver-</span> 
     </span>
     <span class='ocr_line' id='line_1_18' title="bbox 142 1388 793 1442; baseline -0.003 -13"><span class='ocrx_word' id='word_1_90' title='bbox 142 1392 188 1428; x_wconf 87' lang='lat' dir='ltr'>ba</span> <span class='ocrx_word' id='word_1_91' title='bbox 218 1390 241 1431; x_wconf 83' lang='lat' dir='ltr'>o‘</span> <span class='ocrx_word' id='word_1_92' title='bbox 258 1388 378 1438; x_wconf 70' lang='grc' dir='ltr'>ΓἈλυς</span> <span class='ocrx_word' id='word_1_93' title='bbox 396 1390 569 1442; x_wconf 78' lang='grc' dir='ltr'><strong><em>ποταμός</em></strong></span> <span class='ocrx_word' id='word_1_94' title='bbox 589 1394 705 1438; x_wconf 70' lang='lat' dir='ltr'>confi,</span> <span class='ocrx_word' id='word_1_95' title='bbox 735 1404 793 1427; x_wconf 85' lang='lat' dir='ltr'>ar-</span> 
     </span>
     <span class='ocr_line' id='line_1_19' title="bbox 139 1448 791 1496; baseline -0.002 -11"><span class='ocrx_word' id='word_1_96' title='bbox 139 1449 235 1485; x_wconf 88' lang='lat' dir='ltr'>ticuli</span> <span class='ocrx_word' id='word_1_97' title='bbox 273 1462 400 1496; x_wconf 88' lang='lat' dir='ltr'>causa,</span> <span class='ocrx_word' id='word_1_98' title='bbox 458 1449 588 1486; x_wconf 89' lang='lat' dir='ltr'>Matth.</span> <span class='ocrx_word' id='word_1_99' title='bbox 628 1448 692 1485; x_wconf 90' lang='lat' dir='ltr'>Gr.</span> <span class='ocrx_word' id='word_1_100' title='bbox 725 1448 791 1485; x_wconf 89' lang='lat' dir='ltr'>Gr.</span> 
     </span>
     <span class='ocr_line' id='line_1_20' title="bbox 138 1505 520 1556; baseline 0.008 -15"><span class='ocrx_word' id='word_1_101' title='bbox 138 1518 176 1556; x_wconf 89' lang='lat' dir='ltr'>p.</span> <span class='ocrx_word' id='word_1_102' title='bbox 207 1505 286 1546; x_wconf 87' lang='lat'>559</span> <span class='ocrx_word' id='word_1_103' title='bbox 319 1505 396 1542; x_wconf 90' lang='lat' dir='ltr'>coll.</span> <span class='ocrx_word' id='word_1_104' title='bbox 427 1506 520 1547; x_wconf 82' lang='lat'><strong>543.</strong></span> 
     </span>
     <span class='ocr_line' id='line_1_21' title="bbox 197 1559 794 1615; baseline -0.002 -15"><span class='ocrx_word' id='word_1_105' title='bbox 197 1559 597 1613; x_wconf 72' lang='grc' dir='ltr'><strong><em>Ματιηνοῦςμὲν</em></strong></span> <span class='ocrx_word' id='word_1_106' title='bbox 621 1559 663 1600; x_wconf 79' lang='grc' dir='ltr'>ἔν</span> <span class='ocrx_word' id='word_1_107' title='bbox 684 1560 794 1615; x_wconf 78' lang='grc' dir='ltr'><strong><em>δεξιῇ</em></strong></span> 
     </span>
     <span class='ocr_line' id='line_1_22' title="bbox 142 1615 791 1668; baseline -0.002 -13"><span class='ocrx_word' id='word_1_108' title='bbox 142 1615 218 1667; x_wconf 71' lang='grc' dir='ltr'><strong><em>ἔχει</em></strong></span> <span class='ocrx_word' id='word_1_109' title='bbox 242 1616 356 1668; x_wconf 78' lang='grc' dir='ltr'><strong><em>ῥέων]</em></strong></span> <span class='ocrx_word' id='word_1_110' title='bbox 390 1618 546 1656; x_wconf 58' lang='lat' dir='ltr'>Matrem·</span> <span class='ocrx_word' id='word_1_111' title='bbox 574 1631 791 1655; x_wconf 91' lang='lat' dir='ltr'>commemo-</span> 
     </span>
     <span class='ocr_line' id='line_1_23' title="bbox 141 1675 790 1724; baseline 0 -15"><span class='ocrx_word' id='word_1_112' title='bbox 141 1678 263 1710; x_wconf 84' lang='lat' dir='ltr'>rantur</span> <span class='ocrx_word' id='word_1_113' title='bbox 292 1675 353 1721; x_wconf 75' lang='lat' dir='ltr'>IV,</span> <span class='ocrx_word' id='word_1_114' title='bbox 370 1675 434 1717; x_wconf 83' lang='lat'>94.</span> <span class='ocrx_word' id='word_1_115' title='bbox 462 1676 506 1722; x_wconf 89' lang='lat' dir='ltr'>V,</span> <span class='ocrx_word' id='word_1_116' title='bbox 528 1675 601 1722; x_wconf 82' lang='lat'>49,</span> <span class='ocrx_word' id='word_1_117' title='bbox 631 1678 790 1724; x_wconf 84' lang='lat' dir='ltr'>partem-</span> 
     </span>
     <span class='ocr_line' id='line_1_24' title="bbox 142 1730 791 1778; baseline 0 -13"><span class='ocrx_word' id='word_1_118' title='bbox 142 1742 213 1778; x_wconf 88' lang='lat' dir='ltr'>que</span> <span class='ocrx_word' id='word_1_119' title='bbox 247 1730 393 1768; x_wconf 80' lang='lat' dir='ltr'>Mediae</span> <span class='ocrx_word' id='word_1_120' title='bbox 417 1732 577 1769; x_wconf 90' lang='lat' dir='ltr'>tenuisse</span> <span class='ocrx_word' id='word_1_121' title='bbox 614 1731 791 1777; x_wconf 88' lang='lat' dir='ltr'>dicuntur,</span> 
     </span>
     <span class='ocr_line' id='line_1_25' title="bbox 143 1786 788 1836; baseline 0.006 -15"><span class='ocrx_word' id='word_1_122' title='bbox 143 1786 323 1823; x_wconf 80' lang='lat' dir='ltr'>Strabone</span> <span class='ocrx_word' id='word_1_123' title='bbox 341 1788 476 1824; x_wconf 86' lang='lat' dir='ltr'>testell</span> <span class='ocrx_word' id='word_1_124' title='bbox 506 1801 541 1836; x_wconf 92' lang='lat' dir='ltr'>p.</span> <span class='ocrx_word' id='word_1_125' title='bbox 564 1788 616 1827; x_wconf 80' lang='lat'>73</span> <span class='ocrx_word' id='word_1_126' title='bbox 636 1800 663 1822; x_wconf 84' lang='lat' dir='ltr'>S·</span> <span class='ocrx_word' id='word_1_127' title='bbox 699 1788 788 1826; x_wconf 78' lang='lat'>124-</span> 
     </span>
     <span class='ocr_line' id='line_1_26' title="bbox 142 1841 790 1892; baseline 0 -15"><span class='ocrx_word' id='word_1_128' title='bbox 142 1841 195 1877; x_wconf 87' lang='lat' dir='ltr'>XI</span> <span class='ocrx_word' id='word_1_129' title='bbox 221 1856 258 1892; x_wconf 87' lang='lat' dir='ltr'>p.</span> <span class='ocrx_word' id='word_1_130' title='bbox 288 1844 368 1884; x_wconf 85' lang='grc'>509</span> <span class='ocrx_word' id='word_1_131' title='bbox 395 1857 423 1880; x_wconf 80' lang='lat' dir='ltr'>S.</span> <span class='ocrx_word' id='word_1_132' title='bbox 451 1846 543 1884; x_wconf 89' lang='grc'><strong>776.</strong></span> <span class='ocrx_word' id='word_1_133' title='bbox 584 1843 656 1886; x_wconf 88' lang='lat' dir='ltr'>Qui</span> <span class='ocrx_word' id='word_1_134' title='bbox 682 1843 790 1878; x_wconf 90' lang='lat' dir='ltr'>iidem</span> 
     </span>
     <span class='ocr_line' id='line_1_27' title="bbox 143 1898 790 1946; baseline -0.002 -13"><span class='ocrx_word' id='word_1_135' title='bbox 143 1899 243 1946; x_wconf 91' lang='lat' dir='ltr'>quod</span> <span class='ocrx_word' id='word_1_136' title='bbox 272 1899 308 1934; x_wconf 90' lang='lat' dir='ltr'>in</span> <span class='ocrx_word' id='word_1_137' title='bbox 337 1899 424 1935; x_wconf 82' lang='lat' dir='ltr'>Asia</span> <span class='ocrx_word' id='word_1_138' title='bbox 455 1900 582 1936; x_wconf 92' lang='lat' dir='ltr'>minori</span> <span class='ocrx_word' id='word_1_139' title='bbox 602 1898 790 1935; x_wconf 84' lang='lat' dir='ltr'>inveniun-</span> 
     </span>
     <span class='ocr_line' id='line_1_28' title="bbox 141 1955 790 2001; baseline 0 -11"><span class='ocrx_word' id='word_1_140' title='bbox 141 1958 221 2001; x_wconf 86' lang='lat' dir='ltr'>tur,</span> <span class='ocrx_word' id='word_1_141' title='bbox 288 1955 347 1991; x_wconf 90' lang='lat' dir='ltr'>ubi</span> <span class='ocrx_word' id='word_1_142' title='bbox 403 1955 586 1992; x_wconf 89' lang='lat' dir='ltr'>Larchero</span> <span class='ocrx_word' id='word_1_143' title='bbox 645 1958 790 1990; x_wconf 88' lang='lat' dir='ltr'>auctore</span> 
     </span>
     <span class='ocr_line' id='line_1_29' title="bbox 141 2010 790 2060; baseline -0.003 -14"><span class='ocrx_word' id='word_1_144' title='bbox 141 2010 209 2057; x_wconf 85' lang='lat' dir='ltr'>(T.</span> <span class='ocrx_word' id='word_1_145' title='bbox 233 2010 316 2047; x_wconf 81' lang='lat' dir='ltr'>Vlss</span> <span class='ocrx_word' id='word_1_146' title='bbox 344 2025 380 2060; x_wconf 90' lang='lat' dir='ltr'>p.</span> <span class='ocrx_word' id='word_1_147' title='bbox 410 2012 511 2057; x_wconf 76' lang='lat'>324)</span> <span class='ocrx_word' id='word_1_148' title='bbox 542 2024 622 2049; x_wconf 90' lang='lat' dir='ltr'>eam</span> <span class='ocrx_word' id='word_1_149' title='bbox 643 2011 790 2058; x_wconf 79' lang='lat' dir='ltr'>Cappa-</span> 
     </span>
     <span class='ocr_line' id='line_1_30' title="bbox 142 2067 791 2116; baseline 0.003 -14"><span class='ocrx_word' id='word_1_150' title='bbox 142 2067 268 2103; x_wconf 83' lang='lat' dir='ltr'>dociae</span> <span class='ocrx_word' id='word_1_151' title='bbox 316 2073 456 2116; x_wconf 87' lang='lat' dir='ltr'>partem</span> <span class='ocrx_word' id='word_1_152' title='bbox 497 2072 642 2113; x_wconf 87' lang='lat' dir='ltr'>tenent,</span> <span class='ocrx_word' id='word_1_153' title='bbox 696 2078 791 2114; x_wconf 74' lang='lat' dir='ltr'>quae</span> 
     </span>
    </p>
   </div>
   <div class='ocr_carea' id='block_1_10' title="bbox 141 2121 790 2903">
    <p class='ocr_par' dir='ltr' id='par_1_10' title="bbox 141 2121 790 2903">
     <span class='ocr_line' id='line_1_31' title="bbox 142 2121 789 2170; baseline -0.002 -12"><span class='ocrx_word' id='word_1_154' title='bbox 142 2121 334 2159; x_wconf 66' lang='lat' dir='ltr'>Illorimene</span> <span class='ocrx_word' id='word_1_155' title='bbox 387 2137 407 2161; x_wconf 90' lang='lat' dir='ltr'>a</span> <span class='ocrx_word' id='word_1_156' title='bbox 457 2124 638 2160; x_wconf 76' lang='lat' dir='ltr'>Strabone</span> <span class='ocrx_word' id='word_1_157' title='bbox 692 2121 789 2170; x_wconf 82' lang='lat' dir='ltr'>(XII</span> 
     </span>
     <span class='ocr_line' id='line_1_32' title="bbox 141 2177 788 2229; baseline 0 -10"><span class='ocrx_word' id='word_1_158' title='bbox 141 2192 177 2229; x_wconf 82' lang='lat' dir='ltr'>p.</span> <span class='ocrx_word' id='word_1_159' title='bbox 206 2181 307 2226; x_wconf 82' lang='grc'>808,</span> <span class='ocrx_word' id='word_1_160' title='bbox 337 2179 379 2216; x_wconf 84' lang='grc' dir='ltr'>Β.</span> <span class='ocrx_word' id='word_1_161' title='bbox 418 2182 511 2226; x_wconf 89' lang='grc'>811,</span> <span class='ocrx_word' id='word_1_162' title='bbox 540 2180 584 2217; x_wconf 91' lang='grc' dir='ltr'>Β.</span> <span class='ocrx_word' id='word_1_163' title='bbox 615 2178 709 2225; x_wconf 81' lang='grc'>814,</span> <span class='ocrx_word' id='word_1_164' title='bbox 737 2177 788 2225; x_wconf 88' lang='grc' dir='ltr'>Α)</span> 
     </span>
     <span class='ocr_line' id='line_1_33' title="bbox 143 2234 788 2283; baseline 0.003 -11"><span class='ocrx_word' id='word_1_165' title='bbox 143 2239 180 2272; x_wconf 87' lang='lat' dir='ltr'>et</span> <span class='ocrx_word' id='word_1_166' title='bbox 208 2234 324 2272; x_wconf 84' lang='lat' dir='ltr'>Plinio</span> <span class='ocrx_word' id='word_1_167' title='bbox 370 2236 493 2283; x_wconf 87' lang='lat' dir='ltr'>(Hist.</span> <span class='ocrx_word' id='word_1_168' title='bbox 529 2235 616 2273; x_wconf 85' lang='lat' dir='ltr'>Nat.</span> <span class='ocrx_word' id='word_1_169' title='bbox 656 2235 724 2280; x_wconf 80' lang='lat' dir='ltr'>vl,</span> <span class='ocrx_word' id='word_1_170' title='bbox 760 2235 788 2274; x_wconf 84' lang='lat'><strong>3</strong></span> 
     </span>
     <span class='ocr_line' id='line_1_34' title="bbox 144 2290 790 2341; baseline -0.002 -15"><span class='ocrx_word' id='word_1_171' title='bbox 144 2290 179 2327; x_wconf 86' lang='grc' dir='ltr'>Τ</span> <span class='ocrx_word' id='word_1_172' title='bbox 183 2304 250 2327; x_wconf 86' lang='lat' dir='ltr'>om.</span> <span class='ocrx_word' id='word_1_173' title='bbox 272 2291 289 2327; x_wconf 95' lang='lat' dir='ltr'>I</span> <span class='ocrx_word' id='word_1_174' title='bbox 309 2305 345 2341; x_wconf 89' lang='lat' dir='ltr'>p.</span> <span class='ocrx_word' id='word_1_175' title='bbox 367 2293 449 2333; x_wconf 81' lang='lat'>303</span> <span class='ocrx_word' id='word_1_176' title='bbox 481 2292 536 2329; x_wconf 88' lang='lat' dir='ltr'>ed.</span> <span class='ocrx_word' id='word_1_177' title='bbox 558 2292 694 2340; x_wconf 87' lang='lat' dir='ltr'>Hard.)</span> <span class='ocrx_word' id='word_1_178' title='bbox 723 2302 790 2339; x_wconf 85' lang='lat' dir='ltr'>ap-</span> 
     </span>
     <span class='ocr_line' id='line_1_35' title="bbox 143 2346 787 2398; baseline -0.002 -16"><span class='ocrx_word' id='word_1_179' title='bbox 143 2346 315 2396; x_wconf 87' lang='lat' dir='ltr'>pellatur,</span> <span class='ocrx_word' id='word_1_180' title='bbox 346 2348 382 2384; x_wconf 92' lang='lat' dir='ltr'>id</span> <span class='ocrx_word' id='word_1_181' title='bbox 401 2349 437 2384; x_wconf 93' lang='lat' dir='ltr'>in</span> <span class='ocrx_word' id='word_1_182' title='bbox 457 2352 567 2396; x_wconf 81' lang='lat' dir='ltr'>gente</span> <span class='ocrx_word' id='word_1_183' title='bbox 578 2349 706 2398; x_wconf 90' lang='lat' dir='ltr'>opinor</span> <span class='ocrx_word' id='word_1_184' title='bbox 720 2358 787 2395; x_wconf 89' lang='lat' dir='ltr'>pa-</span> 
     </span>
     <span class='ocr_line' id='line_1_36' title="bbox 143 2403 790 2454; baseline 0.003 -17"><span class='ocrx_word' id='word_1_185' title='bbox 143 2403 280 2439; x_wconf 87' lang='lat' dir='ltr'>storitia</span> <span class='ocrx_word' id='word_1_186' title='bbox 301 2404 522 2453; x_wconf 86' lang='lat' dir='ltr'>multumque</span> <span class='ocrx_word' id='word_1_187' title='bbox 548 2405 693 2454; x_wconf 87' lang='lat' dir='ltr'>palante</span> <span class='ocrx_word' id='word_1_188' title='bbox 721 2415 790 2439; x_wconf 90' lang='lat' dir='ltr'>nec</span> 
     </span>
     <span class='ocr_line' id='line_1_37' title="bbox 146 2459 786 2498; baseline 0.006 -5"><span class='ocrx_word' id='word_1_189' title='bbox 146 2462 261 2493; x_wconf 88' lang='lat' dir='ltr'>certas</span> <span class='ocrx_word' id='word_1_190' title='bbox 291 2460 396 2497; x_wconf 90' lang='lat' dir='ltr'>sedes</span> <span class='ocrx_word' id='word_1_191' title='bbox 426 2465 573 2498; x_wconf 85' lang='lat' dir='ltr'>tenente</span> <span class='ocrx_word' id='word_1_192' title='bbox 607 2473 650 2498; x_wconf 93' lang='lat' dir='ltr'>eo</span> <span class='ocrx_word' id='word_1_193' title='bbox 670 2459 786 2497; x_wconf 80' lang='lat' dir='ltr'>minus</span> 
     </span>
     <span class='ocr_line' id='line_1_38' title="bbox 147 2513 787 2565; baseline 0.002 -16"><span class='ocrx_word' id='word_1_194' title='bbox 147 2513 332 2552; x_wconf 88' lang='lat' dir='ltr'>offendere</span> <span class='ocrx_word' id='word_1_195' title='bbox 350 2516 480 2563; x_wconf 87' lang='lat' dir='ltr'>debet,</span> <span class='ocrx_word' id='word_1_196' title='bbox 498 2529 569 2565; x_wconf 90' lang='lat' dir='ltr'>quo</span> <span class='ocrx_word' id='word_1_197' title='bbox 587 2516 704 2564; x_wconf 83' lang='lat' dir='ltr'>magis</span> <span class='ocrx_word' id='word_1_198' title='bbox 726 2515 787 2563; x_wconf 89' lang='lat' dir='ltr'>qui</span> 
     </span>
     <span class='ocr_line' id='line_1_39' title="bbox 147 2569 786 2609; baseline 0.003 -5"><span class='ocrx_word' id='word_1_199' title='bbox 147 2581 244 2605; x_wconf 91' lang='lat' dir='ltr'>nunc</span> <span class='ocrx_word' id='word_1_200' title='bbox 273 2569 511 2609; x_wconf 83' lang='lat' dir='ltr'>Matienorum</span> <span class='ocrx_word' id='word_1_201' title='bbox 542 2572 579 2608; x_wconf 95' lang='lat' dir='ltr'>in</span> <span class='ocrx_word' id='word_1_202' title='bbox 609 2572 688 2609; x_wconf 85' lang='lat' dir='ltr'>loca</span> <span class='ocrx_word' id='word_1_203' title='bbox 707 2584 786 2607; x_wconf 80' lang='lat' dir='ltr'>suc-</span> 
     </span>
     <span class='ocr_line' id='line_1_40' title="bbox 146 2626 786 2675; baseline 0.005 -16"><span class='ocrx_word' id='word_1_204' title='bbox 146 2630 330 2662; x_wconf 83' lang='lat' dir='ltr'>cesserunt</span> <span class='ocrx_word' id='word_1_205' title='bbox 355 2627 489 2675; x_wconf 74' lang='lat' dir='ltr'>Kurde‘,</span> <span class='ocrx_word' id='word_1_206' title='bbox 519 2628 647 2665; x_wconf 88' lang='lat' dir='ltr'>eodem</span> <span class='ocrx_word' id='word_1_207' title='bbox 678 2626 786 2664; x_wconf 90' lang='lat' dir='ltr'>modo</span> 
     </span>
     <span class='ocr_line' id='line_1_41' title="bbox 147 2684 785 2728; baseline 0.006 -13"><span class='ocrx_word' id='word_1_208' title='bbox 147 2685 323 2728; x_wconf 70' lang='lat' dir='ltr'>vagantur</span> <span class='ocrx_word' id='word_1_209' title='bbox 350 2696 416 2720; x_wconf 87' lang='lat' dir='ltr'>nec</span> <span class='ocrx_word' id='word_1_210' title='bbox 442 2684 511 2719; x_wconf 88' lang='lat' dir='ltr'>ulla</span> <span class='ocrx_word' id='word_1_211' title='bbox 526 2684 661 2722; x_wconf 90' lang='lat' dir='ltr'>habent</span> <span class='ocrx_word' id='word_1_212' title='bbox 689 2687 785 2721; x_wconf 78' lang='lat' dir='ltr'>certa</span> 
     </span>
     <span class='ocr_line' id='line_1_42' title="bbox 145 2736 783 2786; baseline 0.003 -14"><span class='ocrx_word' id='word_1_213' title='bbox 145 2736 333 2774; x_wconf 83' lang='lat' dir='ltr'>domicilia.</span> <span class='ocrx_word' id='word_1_214' title='bbox 427 2739 538 2777; x_wconf 90' lang='lat' dir='ltr'>Unde</span> <span class='ocrx_word' id='word_1_215' title='bbox 583 2740 783 2786; x_wconf 81' lang='lat' dir='ltr'>Herodoto,</span> 
     </span>
     <span class='ocr_line' id='line_1_43' title="bbox 146 2795 784 2845; baseline 0.003 -16"><span class='ocrx_word' id='word_1_216' title='bbox 146 2805 305 2829; x_wconf 89' lang='lat' dir='ltr'>errorum</span> <span class='ocrx_word' id='word_1_217' title='bbox 328 2798 436 2843; x_wconf 90' lang='lat' dir='ltr'>atque</span> <span class='ocrx_word' id='word_1_218' title='bbox 456 2795 615 2834; x_wconf 80' lang='lat' dir='ltr'>inscitiae</span> <span class='ocrx_word' id='word_1_219' title='bbox 637 2800 784 2845; x_wconf 85' lang='lat' dir='ltr'>propter</span> 
     </span>
     <span class='ocr_line' id='line_1_44' title="bbox 143 2847 782 2903; baseline 0.005 -18"><span class='ocrx_word' id='word_1_220' title='bbox 143 2847 232 2886; x_wconf 84' lang='lat' dir='ltr'>haec</span> <span class='ocrx_word' id='word_1_221' title='bbox 284 2849 445 2888; x_wconf 87' lang='lat' dir='ltr'>incusato</span> <span class='ocrx_word' id='word_1_222' title='bbox 488 2852 782 2903; x_wconf 89' lang='lat' dir='ltr'>patrocinandum</span> 
     </span>
    </p>
   </div>
   <div class='ocr_carea' id='block_1_11' title="bbox 855 883 1508 937">
    <p class='ocr_par' dir='ltr' id='par_1_11' title="bbox 855 883 1508 937">
     <span class='ocr_line' id='line_1_45' title="bbox 855 883 1508 937; baseline 0.002 -14"><span class='ocrx_word' id='word_1_223' title='bbox 855 889 960 937; x_wconf 86' lang='lat' dir='ltr'>putat</span> <span class='ocrx_word' id='word_1_224' title='bbox 1015 883 1146 923; x_wconf 81' lang='lat' dir='ltr'>Ritter.</span> <span class='ocrx_word' id='word_1_225' title='bbox 1214 884 1417 924; x_wconf 88' lang='lat' dir='ltr'>Erdkunde</span> <span class='ocrx_word' id='word_1_226' title='bbox 1473 885 1508 923; x_wconf 90' lang='grc' dir='ltr'>Π</span> 
     </span>
    </p>
   </div>
   <div class='ocr_carea' id='block_1_12' title="bbox 850 956 1508 2904">
    <p class='ocr_par' dir='ltr' id='par_1_12' title="bbox 850 956 1508 2904">
     <span class='ocr_line' id='line_1_46' title="bbox 855 956 1508 1049; baseline -0.002 -12"><span class='ocrx_word' id='word_1_227' title='bbox 855 956 880 994; x_wconf 75' lang='lat' dir='ltr'><strong>p</strong></span> <span class='ocrx_word' id='word_1_228' title='bbox 915 993 1133 1048; x_wconf 77' lang='grc' dir='ltr'><strong><em>οἷποτοὶμνει</em></strong></span> <span class='ocrx_word' id='word_1_229' title='bbox 1154 995 1287 1048; x_wconf 77' lang='grc' dir='ltr'><strong><em>σχεδὸν</em></strong></span> <span class='ocrx_word' id='word_1_230' title='bbox 1299 993 1508 1049; x_wconf 70' lang='grc' dir='ltr'><strong><em>πάντατῆς</em></strong></span> 
     </span>
     <span class='ocr_line' id='line_1_47' title="bbox 857 1050 1508 1105; baseline 0.002 -12"><span class='ocrx_word' id='word_1_231' title='bbox 857 1050 986 1105; x_wconf 80' lang='grc' dir='ltr'><strong><em>Ἀσίης</em></strong></span> <span class='ocrx_word' id='word_1_232' title='bbox 1016 1052 1063 1092; x_wconf 80' lang='grc' dir='ltr'>τοὶ</span> <span class='ocrx_word' id='word_1_233' title='bbox 1091 1051 1196 1093; x_wconf 75' lang='grc' dir='ltr'><strong><em>κάτω</em></strong></span> <span class='ocrx_word' id='word_1_234' title='bbox 1226 1070 1261 1093; x_wconf 80' lang='grc' dir='ltr'>κ.</span> <span class='ocrx_word' id='word_1_235' title='bbox 1292 1070 1323 1093; x_wconf 85' lang='grc' dir='ltr'>τ.</span> <span class='ocrx_word' id='word_1_236' title='bbox 1345 1057 1394 1100; x_wconf 81' lang='grc' dir='ltr'>λ.]</span> <span class='ocrx_word' id='word_1_237' title='bbox 1436 1058 1508 1105; x_wconf 81' lang='grc' dir='ltr'>τῆς</span> 
     </span>
     <span class='ocr_line' id='line_1_48' title="bbox 856 1107 1507 1161; baseline 0.002 -12"><span class='ocrx_word' id='word_1_238' title='bbox 856 1107 987 1161; x_wconf 82' lang='grc' dir='ltr'><strong><em>Ἀσίης</em></strong></span> <span class='ocrx_word' id='word_1_239' title='bbox 1003 1107 1049 1148; x_wconf 59' lang='lat' dir='ltr'>w*</span> <span class='ocrx_word' id='word_1_240' title='bbox 1068 1107 1172 1149; x_wconf 65' lang='grc' dir='ltr'><em>κάτω</em></span> <span class='ocrx_word' id='word_1_241' title='bbox 1188 1116 1243 1148; x_wconf 75' lang='lat' dir='ltr'>est</span> <span class='ocrx_word' id='word_1_242' title='bbox 1255 1124 1297 1148; x_wconf 92' lang='lat' dir='ltr'>ea</span> <span class='ocrx_word' id='word_1_243' title='bbox 1309 1112 1384 1148; x_wconf 89' lang='lat' dir='ltr'>fere</span> <span class='ocrx_word' id='word_1_244' title='bbox 1396 1111 1507 1150; x_wconf 73' lang='lat' dir='ltr'>Asiae</span> 
     </span>
     <span class='ocr_line' id='line_1_49' title="bbox 858 1168 1507 1217; baseline 0.005 -14"><span class='ocrx_word' id='word_1_245' title='bbox 858 1181 965 1217; x_wconf 88' lang='lat' dir='ltr'>pars,</span> <span class='ocrx_word' id='word_1_246' title='bbox 997 1180 1104 1215; x_wconf 87' lang='lat' dir='ltr'>quam</span> <span class='ocrx_word' id='word_1_247' title='bbox 1125 1180 1191 1204; x_wconf 84' lang='lat' dir='ltr'>nos</span> <span class='ocrx_word' id='word_1_248' title='bbox 1207 1168 1328 1205; x_wconf 72' lang='lat' dir='ltr'>Asiam</span> <span class='ocrx_word' id='word_1_249' title='bbox 1346 1170 1507 1206; x_wconf 71' lang='lat' dir='ltr'>minorem</span> 
     </span>
     <span class='ocr_line' id='line_1_50' title="bbox 861 1223 1507 1271; baseline 0.003 -11"><span class='ocrx_word' id='word_1_250' title='bbox 861 1224 979 1261; x_wconf 86' lang='lat' dir='ltr'>dicere</span> <span class='ocrx_word' id='word_1_251' title='bbox 1007 1223 1186 1271; x_wconf 89' lang='lat' dir='ltr'>solemus,</span> <span class='ocrx_word' id='word_1_252' title='bbox 1228 1225 1325 1261; x_wconf 89' lang='lat' dir='ltr'>cuius</span> <span class='ocrx_word' id='word_1_253' title='bbox 1352 1225 1435 1261; x_wconf 85' lang='lat' dir='ltr'>finis</span> <span class='ocrx_word' id='word_1_254' title='bbox 1463 1238 1507 1262; x_wconf 84' lang='lat' dir='ltr'>ex</span> 
     </span>
     <span class='ocr_line' id='line_1_51' title="bbox 858 1280 1507 1327; baseline 0 -10"><span class='ocrx_word' id='word_1_255' title='bbox 858 1280 1037 1317; x_wconf 83' lang='lat' dir='ltr'>Herodoti</span> <span class='ocrx_word' id='word_1_256' title='bbox 1058 1285 1201 1327; x_wconf 87' lang='lat' dir='ltr'>mente,</span> <span class='ocrx_word' id='word_1_257' title='bbox 1232 1281 1405 1318; x_wconf 85' lang='lat' dir='ltr'>orientem</span> <span class='ocrx_word' id='word_1_258' title='bbox 1428 1295 1507 1318; x_wconf 84' lang='lat' dir='ltr'>ver-</span> 
     </span>
     <span class='ocr_line' id='line_1_52' title="bbox 859 1336 1506 1385; baseline 0.003 -14"><span class='ocrx_word' id='word_1_259' title='bbox 859 1350 922 1372; x_wconf 78' lang='lat' dir='ltr'>sus</span> <span class='ocrx_word' id='word_1_260' title='bbox 943 1341 999 1372; x_wconf 81' lang='lat' dir='ltr'>est</span> <span class='ocrx_word' id='word_1_261' title='bbox 1018 1336 1133 1383; x_wconf 74' lang='lat' dir='ltr'>Halys</span> <span class='ocrx_word' id='word_1_262' title='bbox 1154 1337 1280 1372; x_wconf 80' lang='lat' dir='ltr'>fluvius</span> <span class='ocrx_word' id='word_1_263' title='bbox 1295 1366 1304 1382; x_wconf 91' lang='lat'>,</span> <span class='ocrx_word' id='word_1_264' title='bbox 1337 1338 1409 1385; x_wconf 88' lang='lat' dir='ltr'>qui,</span> <span class='ocrx_word' id='word_1_265' title='bbox 1427 1350 1506 1374; x_wconf 90' lang='lat' dir='ltr'>cum</span> 
     </span>
     <span class='ocr_line' id='line_1_53' title="bbox 861 1391 1507 1442; baseline 0 -13"><span class='ocrx_word' id='word_1_266' title='bbox 861 1405 881 1429; x_wconf 88' lang='lat' dir='ltr'>e</span> <span class='ocrx_word' id='word_1_267' title='bbox 900 1391 1046 1428; x_wconf 76' lang='lat' dir='ltr'>Ciliciae</span> <span class='ocrx_word' id='word_1_268' title='bbox 1075 1393 1256 1428; x_wconf 86' lang='lat' dir='ltr'>montibus</span> <span class='ocrx_word' id='word_1_269' title='bbox 1287 1405 1360 1428; x_wconf 86' lang='lat' dir='ltr'>non</span> <span class='ocrx_word' id='word_1_270' title='bbox 1382 1393 1507 1442; x_wconf 84' lang='lat' dir='ltr'>procul</span> 
     </span>
     <span class='ocr_line' id='line_1_54' title="bbox 860 1448 1507 1498; baseline 0 -14"><span class='ocrx_word' id='word_1_271' title='bbox 860 1448 905 1484; x_wconf 88' lang='lat' dir='ltr'>ab</span> <span class='ocrx_word' id='word_1_272' title='bbox 929 1448 1009 1496; x_wconf 84' lang='lat' dir='ltr'>ipso</span> <span class='ocrx_word' id='word_1_273' title='bbox 1029 1448 1292 1484; x_wconf 88' lang='lat' dir='ltr'>mediterraneo</span> <span class='ocrx_word' id='word_1_274' title='bbox 1313 1450 1401 1484; x_wconf 85' lang='lat' dir='ltr'>mari</span> <span class='ocrx_word' id='word_1_275' title='bbox 1421 1462 1507 1498; x_wconf 85' lang='lat' dir='ltr'>pro-</span> 
     </span>
     <span class='ocr_line' id='line_1_55' title="bbox 859 1505 1506 1552; baseline 0 -11"><span class='ocrx_word' id='word_1_276' title='bbox 859 1506 976 1541; x_wconf 84' lang='lat' dir='ltr'>fluens</span> <span class='ocrx_word' id='word_1_277' title='bbox 999 1505 1281 1552; x_wconf 83' lang='lat' dir='ltr'>septentrionem</span> <span class='ocrx_word' id='word_1_278' title='bbox 1307 1517 1433 1541; x_wconf 83' lang='lat' dir='ltr'>versus</span> <span class='ocrx_word' id='word_1_279' title='bbox 1451 1506 1506 1542; x_wconf 89' lang='lat' dir='ltr'>in-</span> 
     </span>
     <span class='ocr_line' id='line_1_56' title="bbox 859 1560 1504 1609; baseline 0.002 -12"><span class='ocrx_word' id='word_1_280' title='bbox 859 1561 906 1597; x_wconf 91' lang='lat' dir='ltr'>de</span> <span class='ocrx_word' id='word_1_281' title='bbox 935 1561 971 1596; x_wconf 91' lang='lat' dir='ltr'>in</span> <span class='ocrx_word' id='word_1_282' title='bbox 999 1560 1155 1597; x_wconf 87' lang='lat' dir='ltr'>Pontum</span> <span class='ocrx_word' id='word_1_283' title='bbox 1184 1560 1363 1597; x_wconf 86' lang='lat' dir='ltr'>Euxinum</span> <span class='ocrx_word' id='word_1_284' title='bbox 1387 1566 1504 1609; x_wconf 83' lang='lat' dir='ltr'>exeat,</span> 
     </span>
     <span class='ocr_line' id='line_1_57' title="bbox 859 1615 1505 1656; baseline 0.005 -4"><span class='ocrx_word' id='word_1_285' title='bbox 859 1629 1001 1653; x_wconf 89' lang='lat' dir='ltr'>omnem</span> <span class='ocrx_word' id='word_1_286' title='bbox 1037 1619 1114 1653; x_wconf 87' lang='lat' dir='ltr'>fere</span> <span class='ocrx_word' id='word_1_287' title='bbox 1161 1615 1284 1653; x_wconf 84' lang='lat' dir='ltr'>Asiam</span> <span class='ocrx_word' id='word_1_288' title='bbox 1330 1618 1505 1656; x_wconf 87' lang='lat' dir='ltr'>minorem</span> 
     </span>
     <span class='ocr_line' id='line_1_58' title="bbox 857 1673 1505 1724; baseline 0.003 -15"><span class='ocrx_word' id='word_1_289' title='bbox 857 1673 991 1710; x_wconf 89' lang='lat' dir='ltr'>hancce</span> <span class='ocrx_word' id='word_1_290' title='bbox 1017 1686 1038 1709; x_wconf 90' lang='lat' dir='ltr'>a</span> <span class='ocrx_word' id='word_1_291' title='bbox 1068 1673 1206 1721; x_wconf 90' lang='lat' dir='ltr'>reliqua</span> <span class='ocrx_word' id='word_1_292' title='bbox 1235 1674 1343 1720; x_wconf 87' lang='lat' dir='ltr'>Asia,</span> <span class='ocrx_word' id='word_1_293' title='bbox 1394 1675 1505 1724; x_wconf 78' lang='lat' dir='ltr'>inpri-</span> 
     </span>
     <span class='ocr_line' id='line_1_59' title="bbox 856 1728 1506 1780; baseline 0.003 -16"><span class='ocrx_word' id='word_1_294' title='bbox 856 1730 924 1765; x_wconf 87' lang='lat' dir='ltr'>mis</span> <span class='ocrx_word' id='word_1_295' title='bbox 944 1729 989 1765; x_wconf 83' lang='lat' dir='ltr'>al)</span> <span class='ocrx_word' id='word_1_296' title='bbox 1010 1728 1180 1766; x_wconf 85' lang='lat' dir='ltr'>Armenia</span> <span class='ocrx_word' id='word_1_297' title='bbox 1210 1730 1251 1777; x_wconf 92' lang='lat' dir='ltr'>(a</span> <span class='ocrx_word' id='word_1_298' title='bbox 1272 1731 1386 1778; x_wconf 80' lang='lat' dir='ltr'>Syriis</span> <span class='ocrx_word' id='word_1_299' title='bbox 1405 1731 1506 1780; x_wconf 86' lang='lat' dir='ltr'>Cap-</span> 
     </span>
     <span class='ocr_line' id='line_1_60' title="bbox 857 1785 1505 1836; baseline 0.003 -16"><span class='ocrx_word' id='word_1_300' title='bbox 857 1785 1085 1834; x_wconf 84' lang='lat' dir='ltr'>padocibus)</span> <span class='ocrx_word' id='word_1_301' title='bbox 1116 1799 1287 1836; x_wconf 82' lang='lat' dir='ltr'>separare</span> <span class='ocrx_word' id='word_1_302' title='bbox 1328 1787 1404 1823; x_wconf 90' lang='lat' dir='ltr'>iure</span> <span class='ocrx_word' id='word_1_303' title='bbox 1434 1788 1505 1823; x_wconf 90' lang='lat' dir='ltr'>dici</span> 
     </span>
     <span class='ocr_line' id='line_1_61' title="bbox 857 1841 1504 1891; baseline 0.008 -17"><span class='ocrx_word' id='word_1_304' title='bbox 857 1844 990 1889; x_wconf 84' lang='lat' dir='ltr'>potest.</span> <span class='ocrx_word' id='word_1_305' title='bbox 1048 1841 1171 1888; x_wconf 86' lang='lat' dir='ltr'>Mare,</span> <span class='ocrx_word' id='word_1_306' title='bbox 1201 1844 1300 1890; x_wconf 90' lang='lat' dir='ltr'>quod</span> <span class='ocrx_word' id='word_1_307' title='bbox 1319 1855 1339 1879; x_wconf 90' lang='lat' dir='ltr'>e</span> <span class='ocrx_word' id='word_1_308' title='bbox 1354 1843 1504 1891; x_wconf 84' lang='lat' dir='ltr'>regione</span> 
     </span>
     <span class='ocr_line' id='line_1_62' title="bbox 858 1896 1502 1945; baseline 0.005 -14"><span class='ocrx_word' id='word_1_309' title='bbox 858 1896 972 1945; x_wconf 78' lang='lat' dir='ltr'>Cypri</span> <span class='ocrx_word' id='word_1_310' title='bbox 996 1902 1072 1943; x_wconf 79' lang='lat' dir='ltr'>est,</span> <span class='ocrx_word' id='word_1_311' title='bbox 1102 1898 1402 1935; x_wconf 89' lang='lat' dir='ltr'>mediterraneum</span> <span class='ocrx_word' id='word_1_312' title='bbox 1433 1903 1502 1945; x_wconf 85' lang='lat' dir='ltr'>est,</span> 
     </span>
     <span class='ocr_line' id='line_1_63' title="bbox 856 1953 1503 2000; baseline 0.006 -14"><span class='ocrx_word' id='word_1_313' title='bbox 856 1953 955 1999; x_wconf 88' lang='lat' dir='ltr'>quod</span> <span class='ocrx_word' id='word_1_314' title='bbox 985 1953 1144 1989; x_wconf 86' lang='lat' dir='ltr'>Ciliciam</span> <span class='ocrx_word' id='word_1_315' title='bbox 1173 1954 1292 2000; x_wconf 86' lang='lat' dir='ltr'>alluit,</span> <span class='ocrx_word' id='word_1_316' title='bbox 1337 1954 1374 1990; x_wconf 91' lang='lat' dir='ltr'>in</span> <span class='ocrx_word' id='word_1_317' title='bbox 1403 1954 1503 1990; x_wconf 89' lang='lat' dir='ltr'>cuius</span> 
     </span>
     <span class='ocr_line' id='line_1_64' title="bbox 856 2008 1504 2058; baseline 0.006 -14"><span class='ocrx_word' id='word_1_318' title='bbox 856 2008 1038 2044; x_wconf 84' lang='lat' dir='ltr'>montibus</span> <span class='ocrx_word' id='word_1_319' title='bbox 1072 2008 1193 2056; x_wconf 77' lang='lat' dir='ltr'>Halyn</span> <span class='ocrx_word' id='word_1_320' title='bbox 1225 2009 1401 2058; x_wconf 81' lang='lat' dir='ltr'>originem</span> <span class='ocrx_word' id='word_1_321' title='bbox 1444 2023 1504 2048; x_wconf 91' lang='lat' dir='ltr'>ca-</span> 
     </span>
     <span class='ocr_line' id='line_1_65' title="bbox 856 2065 1504 2114; baseline 0.006 -14"><span class='ocrx_word' id='word_1_322' title='bbox 856 2077 944 2114; x_wconf 88' lang='lat' dir='ltr'>pere</span> <span class='ocrx_word' id='word_1_323' title='bbox 962 2069 1068 2102; x_wconf 85' lang='lat' dir='ltr'>antea</span> <span class='ocrx_word' id='word_1_324' title='bbox 1080 2065 1218 2102; x_wconf 86' lang='lat' dir='ltr'>dixerat</span> <span class='ocrx_word' id='word_1_325' title='bbox 1228 2065 1375 2104; x_wconf 84' lang='lat' dir='ltr'>Noster.</span> <span class='ocrx_word' id='word_1_326' title='bbox 1397 2067 1504 2104; x_wconf 88' lang='lat' dir='ltr'>Hanc</span> 
     </span>
     <span class='ocr_line' id='line_1_66' title="bbox 856 2122 1502 2173; baseline 0.006 -17"><span class='ocrx_word' id='word_1_327' title='bbox 856 2133 940 2157; x_wconf 84' lang='lat' dir='ltr'>vero</span> <span class='ocrx_word' id='word_1_328' title='bbox 959 2124 1091 2158; x_wconf 86' lang='lat' dir='ltr'>terram</span> <span class='ocrx_word' id='word_1_329' title='bbox 1112 2122 1205 2159; x_wconf 90' lang='lat' dir='ltr'>inter</span> <span class='ocrx_word' id='word_1_330' title='bbox 1221 2127 1409 2173; x_wconf 81' lang='lat' dir='ltr'>utrumque</span> <span class='ocrx_word' id='word_1_331' title='bbox 1425 2136 1502 2160; x_wconf 88' lang='lat' dir='ltr'>ma-</span> 
     </span>
     <span class='ocr_line' id='line_1_67' title="bbox 855 2178 1502 2228; baseline 0.008 -16"><span class='ocrx_word' id='word_1_332' title='bbox 855 2189 914 2223; x_wconf 86' lang='lat' dir='ltr'>re,</span> <span class='ocrx_word' id='word_1_333' title='bbox 950 2178 1252 2216; x_wconf 84' lang='lat' dir='ltr'>mediterraneum</span> <span class='ocrx_word' id='word_1_334' title='bbox 1280 2180 1360 2216; x_wconf 91' lang='lat' dir='ltr'>dico</span> <span class='ocrx_word' id='word_1_335' title='bbox 1394 2184 1502 2228; x_wconf 85' lang='lat' dir='ltr'>atque</span> 
     </span>
     <span class='ocr_line' id='line_1_68' title="bbox 855 2232 1502 2287; baseline 0.011 -19"><span class='ocrx_word' id='word_1_336' title='bbox 855 2232 1010 2270; x_wconf 87' lang='lat' dir='ltr'>Pontum</span> <span class='ocrx_word' id='word_1_337' title='bbox 1034 2234 1232 2282; x_wconf 84' lang='lat' dir='ltr'>Euxinum,</span> <span class='ocrx_word' id='word_1_338' title='bbox 1263 2241 1369 2273; x_wconf 82' lang='lat' dir='ltr'>vocat</span> <span class='ocrx_word' id='word_1_339' title='bbox 1390 2233 1502 2287; x_wconf 68' lang='grc' dir='ltr'><strong><em>αὐχέ-</em></strong></span> 
     </span>
     <span class='ocr_line' id='line_1_69' title="bbox 855 2293 1501 2342; baseline 0.006 -16"><span class='ocrx_word' id='word_1_340' title='bbox 855 2304 906 2327; x_wconf 90' lang='grc' dir='ltr'>να</span> <span class='ocrx_word' id='word_1_341' title='bbox 935 2293 1119 2338; x_wconf 70' lang='grc' dir='ltr'>εενυίεειη,</span> <span class='ocrx_word' id='word_1_342' title='bbox 1161 2293 1200 2329; x_wconf 92' lang='lat' dir='ltr'>id</span> <span class='ocrx_word' id='word_1_343' title='bbox 1227 2297 1283 2329; x_wconf 85' lang='lat' dir='ltr'>est</span> <span class='ocrx_word' id='word_1_344' title='bbox 1307 2298 1501 2342; x_wconf 84' lang='lat' dir='ltr'>angustum</span> 
     </span>
     <span class='ocr_line' id='line_1_70' title="bbox 853 2350 1501 2397; baseline 0.009 -15"><span class='ocrx_word' id='word_1_345' title='bbox 853 2351 1031 2394; x_wconf 86' lang='lat' dir='ltr'>meatum,</span> <span class='ocrx_word' id='word_1_346' title='bbox 1089 2350 1333 2397; x_wconf 87' lang='lat' dir='ltr'>angustiorem</span> <span class='ocrx_word' id='word_1_347' title='bbox 1381 2355 1501 2388; x_wconf 87' lang='lat' dir='ltr'>terrae</span> 
     </span>
     <span class='ocr_line' id='line_1_71' title="bbox 851 2405 1501 2456; baseline 0.008 -18"><span class='ocrx_word' id='word_1_348' title='bbox 851 2406 1021 2450; x_wconf 86' lang='lat' dir='ltr'>tractum,</span> <span class='ocrx_word' id='word_1_349' title='bbox 1058 2406 1203 2442; x_wconf 89' lang='lat' dir='ltr'>cervicis</span> <span class='ocrx_word' id='word_1_350' title='bbox 1231 2405 1347 2442; x_wconf 87' lang='lat' dir='ltr'>instar</span> <span class='ocrx_word' id='word_1_351' title='bbox 1374 2420 1501 2456; x_wconf 86' lang='lat' dir='ltr'>porre-</span> 
     </span>
     <span class='ocr_line' id='line_1_72' title="bbox 854 2461 1500 2505; baseline 0.006 -9"><span class='ocrx_word' id='word_1_352' title='bbox 854 2462 971 2505; x_wconf 90' lang='lat' dir='ltr'>ctum,</span> <span class='ocrx_word' id='word_1_353' title='bbox 1003 2464 1044 2496; x_wconf 88' lang='lat' dir='ltr'>ut</span> <span class='ocrx_word' id='word_1_354' title='bbox 1068 2461 1139 2498; x_wconf 87' lang='lat' dir='ltr'>iam</span> <span class='ocrx_word' id='word_1_355' title='bbox 1168 2474 1243 2498; x_wconf 86' lang='lat' dir='ltr'>non</span> <span class='ocrx_word' id='word_1_356' title='bbox 1273 2463 1320 2499; x_wconf 90' lang='lat' dir='ltr'>de</span> <span class='ocrx_word' id='word_1_357' title='bbox 1346 2464 1500 2501; x_wconf 87' lang='lat' dir='ltr'>termino</span> 
     </span>
     <span class='ocr_line' id='line_1_73' title="bbox 853 2514 1498 2567; baseline 0.009 -17"><span class='ocrx_word' id='word_1_358' title='bbox 853 2514 1034 2553; x_wconf 81' lang='lat' dir='ltr'>Asiaticae</span> <span class='ocrx_word' id='word_1_359' title='bbox 1054 2517 1156 2554; x_wconf 87' lang='lat' dir='ltr'>istius</span> <span class='ocrx_word' id='word_1_360' title='bbox 1178 2518 1337 2566; x_wconf 82' lang='lat' dir='ltr'>regionis</span> <span class='ocrx_word' id='word_1_361' title='bbox 1357 2523 1498 2567; x_wconf 81' lang='lat' dir='ltr'>agatur,</span> 
     </span>
     <span class='ocr_line' id='line_1_74' title="bbox 854 2572 1498 2621; baseline 0.009 -14"><span class='ocrx_word' id='word_1_362' title='bbox 854 2573 921 2608; x_wconf 84' lang='lat' dir='ltr'>sed</span> <span class='ocrx_word' id='word_1_363' title='bbox 938 2585 1009 2621; x_wconf 94' lang='lat' dir='ltr'>quo</span> <span class='ocrx_word' id='word_1_364' title='bbox 1029 2572 1088 2609; x_wconf 87' lang='lat' dir='ltr'>illa</span> <span class='ocrx_word' id='word_1_365' title='bbox 1111 2575 1182 2612; x_wconf 82' lang='lat' dir='ltr'>situ</span> <span class='ocrx_word' id='word_1_366' title='bbox 1206 2575 1334 2621; x_wconf 82' lang='lat' dir='ltr'>fuerit⁷</span> <span class='ocrx_word' id='word_1_367' title='bbox 1364 2576 1425 2612; x_wconf 87' lang='lat' dir='ltr'>ubi</span> <span class='ocrx_word' id='word_1_368' title='bbox 1452 2577 1498 2613; x_wconf 88' lang='lat' dir='ltr'>ab</span> 
     </span>
     <span class='ocr_line' id='line_1_75' title="bbox 853 2627 1499 2682; baseline 0.009 -19"><span class='ocrx_word' id='word_1_369' title='bbox 853 2627 974 2676; x_wconf 81' lang='lat' dir='ltr'>Halye</span> <span class='ocrx_word' id='word_1_370' title='bbox 997 2637 1101 2666; x_wconf 80' lang='lat' dir='ltr'>amne</span> <span class='ocrx_word' id='word_1_371' title='bbox 1121 2631 1286 2679; x_wconf 87' lang='lat' dir='ltr'>radatur,</span> <span class='ocrx_word' id='word_1_372' title='bbox 1317 2644 1499 2682; x_wconf 86' lang='lat' dir='ltr'>quamque</span> 
     </span>
     <span class='ocr_line' id='line_1_76' title="bbox 851 2687 1498 2732; baseline 0.009 -13"><span class='ocrx_word' id='word_1_373' title='bbox 851 2688 1007 2732; x_wconf 81' lang='lat' dir='ltr'>anguste</span> <span class='ocrx_word' id='word_1_374' title='bbox 1045 2696 1067 2722; x_wconf 88' lang='lat' dir='ltr'>a</span> <span class='ocrx_word' id='word_1_375' title='bbox 1101 2687 1247 2725; x_wconf 83' lang='lat' dir='ltr'>Ciliciae</span> <span class='ocrx_word' id='word_1_376' title='bbox 1291 2688 1423 2724; x_wconf 88' lang='lat' dir='ltr'>finibus</span> <span class='ocrx_word' id='word_1_377' title='bbox 1460 2689 1498 2726; x_wconf 89' lang='lat' dir='ltr'>in</span> 
     </span>
     <span class='ocr_line' id='line_1_77' title="bbox 850 2741 1499 2781; baseline 0.005 -3"><span class='ocrx_word' id='word_1_378' title='bbox 850 2741 1004 2778; x_wconf 86' lang='lat' dir='ltr'>Pontum</span> <span class='ocrx_word' id='word_1_379' title='bbox 1049 2742 1098 2779; x_wconf 85' lang='lat' dir='ltr'>sit</span> <span class='ocrx_word' id='word_1_380' title='bbox 1140 2747 1299 2781; x_wconf 85' lang='lat' dir='ltr'>extensa.</span> <span class='ocrx_word' id='word_1_381' title='bbox 1356 2743 1499 2781; x_wconf 86' lang='lat' dir='ltr'>Monuit</span> 
     </span>
     <span class='ocr_line' id='line_1_78' title="bbox 852 2798 1495 2849; baseline 0.006 -15"><span class='ocrx_word' id='word_1_382' title='bbox 852 2798 1140 2847; x_wconf 61' lang='lat' dir='ltr'>lVesselingius,</span> <span class='ocrx_word' id='word_1_383' title='bbox 1170 2800 1322 2837; x_wconf 85' lang='lat' dir='ltr'>laudans</span> <span class='ocrx_word' id='word_1_384' title='bbox 1347 2800 1410 2849; x_wconf 87' lang='lat' dir='ltr'>IV,</span> <span class='ocrx_word' id='word_1_385' title='bbox 1430 2803 1495 2843; x_wconf 85' lang='lat'>85.</span> 
     </span>
     <span class='ocr_line' id='line_1_79' title="bbox 851 2855 1496 2904; baseline 0.008 -13"><span class='ocrx_word' id='word_1_386' title='bbox 851 2857 916 2897; x_wconf 87' lang='grc'>89.</span> <span class='ocrx_word' id='word_1_387' title='bbox 934 2855 998 2901; x_wconf 79' lang='lat' dir='ltr'>vl,</span> <span class='ocrx_word' id='word_1_388' title='bbox 1014 2857 1080 2899; x_wconf 86' lang='lat'>36.</span> <span class='ocrx_word' id='word_1_389' title='bbox 1095 2855 1176 2904; x_wconf 84' lang='lat' dir='ltr'>VII,</span> <span class='ocrx_word' id='word_1_390' title='bbox 1196 2859 1276 2900; x_wconf 80' lang='lat'>223</span> <span class='ocrx_word' id='word_1_391' title='bbox 1297 2858 1377 2897; x_wconf 84' lang='lat' dir='ltr'>alia.</span> <span class='ocrx_word' id='word_1_392' title='bbox 1401 2858 1496 2896; x_wconf 85' lang='lat' dir='ltr'>Cum</span> 
     </span>
    </p>
   </div>
  </div>
 </body>
</html>
