1877 3223
64 705 127 752 51

662 199 959 238 CLIO.1.

1371 200 1451 240 121

153 310 386 356 5ἕλκουσαν
416 310 610 366 σταθμὸν
638 308 826 354 τάλαντα
864 309 978 354 δέκα.
1011 302 1137 358 οὗτος
1167 305 1190 351 ὁ
1211 306 1333 359 λέων,
1363 308 1453 351 ἐπεί

175 404 219 432 τε
238 390 485 433 κατεκαίετο
526 389 549 433 ὁ
580 390 626 434 ἐν
640 393 853 445 Δελφοῖσι
877 387 1000 444 νηὸς,
1031 385 1231 431 κατέπεσε
1252 383 1335 428 ἀπὸ
1366 390 1453 429 τῶν

174 466 484 524 ἡμιπλινθίων·
525 468 593 511 ἐπὶ
621 467 704 524 γάρ
735 466 929 511 τούτοισι
956 469 1128 522 ἵδρυτο·
1159 465 1233 508 καὶ
1261 469 1347 508 νῦν
1372 470 1497 508 κεῖ-65

175 562 246 590 ται
273 547 320 590 ἐν
348 551 408 606 τῷ
429 549 682 602 Κορινθίων
701 550 927 603 θησαυρῷ,
959 546 1095 590 ἕλκων
1116 543 1313 600 σταθμόν
1332 544 1452 600 ἕβδο-

174 642 259 681 μον
287 625 589 683 ἡμιτάλαντον.
632 625 821 683 ἀπετάκη
852 624 935 682 γὰρ
965 623 1102 669 αὐτοῦ
1131 624 1335 678 τέταρτον
1362 621 1455 680 ἡμι-

174 705 400 749 τάλαντον.
428 706 692 758 Ἐπιτελέσας
721 706 766 750 δὲ
797 704 819 748 ὁ
848 708 1041 759 Κροῖσος
1070 708 1205 748 ταῦτα
1236 702 1453 759 ἀπέπεμπε

174 784 217 834 ἐς
240 784 461 839 Δελφούς·
493 786 565 828 καὶ
592 785 694 829 τάδε
724 784 832 828 ἄλλα
863 784 952 840 ἅμα
971 789 1093 828 τοῖσι·
1123 787 1337 841 κρητῆρας
1368 781 1497 827 δύο7ο

172 862 354 918 μεγάθεϊ
377 864 611 920 μεγάλους,
642 865 828 921 χρύσεον
851 865 924 908 καὶ
953 862 1189 919 ἀργύρεον·
1219 867 1307 906 τῶν
1330 861 1353 906 ὁ
1373 861 1451 917 μὲν
1495 869 1550 911 24

174 940 356 998 χρύσεος
383 943 523 988 ἓκέετο
555 945 622 988 ἐπὶ
653 944 768 997 δεξιὰ
799 942 958 988 ἐσιόντι
999 943 1040 994 ἐς
1069 942 1145 986 τὸν
1173 940 1306 999 νηὸν,
1350 939 1373 986 ὁ
1405 941 1452 985 δὲ

152 1021 390 1077 Ξοέργύρεος
426 1021 496 1067 ἐπ’
528 1020 746 1079 ἄριστεροὲ.
783 1021 1123 1080 μετεκινήθησαν
1152 1023 1199 1066 δὲ
1227 1020 1301 1065 καὶ
1329 1014 1452 1064 οὗτοι

133 1207 226 1244 infra
244 1207 282 1255 Ι,
302 1208 354 1249 84
376 1208 666 1258 relatalegimus.
686 1208 782 1247 Nam

133 1264 182 1299 ad
210 1263 363 1301 solarem
394 1265 523 1301 cultum
554 1267 784 1314 siderumque

131 1321 400 1356 venerationem
411 1320 552 1358 leonem
565 1323 694 1368 facere,
712 1334 783 1369 quo

132 1374 246 1412 solem
276 1376 420 1424 signum
450 1376 587 1414 Leonis
617 1379 653 1414 in
682 1376 782 1414 coelo

131 1433 325 1469 intrantem
366 1433 590 1481 designarint
628 1438 783 1480 veteres,

131 1500 228 1524 nunc
246 1489 334 1525 satis
365 1493 517 1526 constat.
575 1491 679 1527 Haec
708 1490 783 1525 sus-

131 1543 254 1581 ficiant
276 1557 390 1595 pauca
412 1546 449 1582 in
467 1559 529 1594 re,
558 1560 652 1596 quae
680 1546 783 1583 altio-

131 1600 180 1637 ris
203 1604 259 1637 est
294 1602 499 1650 indaginiS‚
530 1616 639 1652 quam
663 1606 702 1638 ut
726 1602 784 1640 hic

133 1657 281 1706 copiose
298 1659 428 1708 exponi
453 1664 583 1708 queat,
610 1659 671 1696 ubi
690 1658 782 1694 ratio

136 1716 213 1750 erat
232 1713 418 1751 afferenda
429 1744 439 1762 ,
470 1729 551 1753 cum
566 1716 706 1753 leonem
717 1727 784 1764 po-

135 1768 312 1805 tissimum
334 1783 355 1806 a
375 1771 514 1808 Croeso
523 1771 687 1821 Delphos
698 1771 783 1808 mis—

137 1837 240 1870 sum,
268 1837 335 1862 nec
364 1825 464 1863 aliud
493 1828 678 1878 quidpiam
707 1840 784 1864 cre-

137 1879 247 1917 dibile
267 1881 324 1918 sit.
377 1881 438 1918 Tu
457 1883 592 1919 consul.
614 1884 784 1920 Creuzer.

138 1935 175 1972 in
193 1936 355 1985 Symbol.
374 1937 407 1974 II
426 1950 511 1988 pag.
538 1941 619 1980 230
645 1951 747 1987 seqq.

194 2019 386 2060 ἕλκουσαν
415 2018 596 2072 σταθμὸν
618 2017 789 2060 τάλαντα

138 2073 255 2122 δέκα]
295 2077 338 2114 In
380 2078 540 2115 Bekkeri
577 2077 740 2116 Anecdd.
771 2077 788 2113 I

137 2145 174 2182 p.
194 2132 271 2179 94,
295 2135 349 2174 26
385 2133 474 2171 haec
509 2133 697 2182 leguntur:
732 2132 786 2172 ἕλ-

137 2202 198 2226 κει
215 2185 405 2239 σταθμόν·
420 2184 508 2227 α’ντὶ
521 2192 598 2228 τοῦ
611 2187 706 2243 ἄγει·
730 2188 788 2228 ἐκ·

140 2240 355 2294 βάλλουσιν
375 2243 428 2292 ὥς
445 2241 659 2298 ἀδόκιμον·
680 2240 789 2297 Ἡρό-

141 2300 254 2348 δοτος
274 2297 432 2357 πρώτῳ.

197 2397 282 2437 ἐπεί
301 2413 341 2437 τε
362 2398 585 2437 κατεκαίετο
599 2395 622 2437 o‘
643 2395 686 2436 ἐν
696 2400 789 2436 Λελ-

145 2457 257 2503 φοῖσι
274 2452 388 2505 νηὸς]
416 2455 449 2492 Α
476 2454 725 2492 Phocensibus
753 2455 789 2491 in

143 2510 237 2546 bello
255 2523 356 2547 sacro
382 2512 471 2548 haec
493 2511 643 2548 donaria
670 2510 789 2547 ablata

145 2578 227 2603 esse
246 2571 368 2603 auctor
381 2572 436 2604 est
444 2567 595 2604 Diodor.
610 2566 709 2612 XVI,
723 2567 786 2607 56.

145 2622 202 2659 De
211 2621 342 2671 templo
351 2622 527 2673 Delphico
538 2622 692 2659 fiammis
703 2634 788 2658 con-

146 2681 264 2713 sumto
284 2677 422 2715 Noster
448 2678 503 2724 II,
521 2680 620 2726 180,
637 2678 698 2715 ubi
715 2678 786 2714 vid.

146 2737 221 2769 not.
250 2732 348 2771 Nam
364 2733 486 2770 incidit
502 2734 571 2771 hoc
587 2735 625 2770 in
641 2733 785 2784 Olymp.

145 2788 286 2835 LVIII,
308 2791 330 2829 1
350 2789 518 2826 archonte
528 2788 697 2827 Erxilide.
714 2790 787 2828 Ve-

146 2849 204 2881 tus
224 2844 395 2897 templum
414 2857 436 2883 a
448 2845 660 2897 Trophonio
679 2849 787 2898 atque

850 1207 1038 1258 Agamede
1062 1211 1278 1246 exstructum
1306 1206 1497 1245 serebatur.

850 1265 994 1303 Recens
1047 1265 1146 1314 quod
1194 1264 1499 1314 Amphictyonum

851 1321 950 1357 iussu
978 1320 1023 1357 ab
1056 1320 1322 1358 Alcmaeonidis
1359 1323 1499 1356 exstru-

850 1382 945 1414 ctum
965 1380 1020 1413 est
1037 1376 1207 1425 templum
1219 1405 1229 1423 ,
1243 1376 1362 1426 priore
1373 1374 1495 1424 splen-

850 1433 969 1469 didius
991 1444 1033 1467 ac
1049 1431 1359 1478 magnificentius,
1389 1443 1499 1480 supra

850 1489 974 1525 urbem
998 1488 1063 1524 suit
1091 1489 1196 1523 situm
1218 1487 1418 1537 amplisque
1438 1500 1499 1523 ve-

851 1544 992 1581 stibulis
1012 1545 1156 1581 atriisve
1179 1549 1354 1581 ornatum.
1414 1542 1496 1579 Vid.

849 1601 972 1638 Kruse
991 1600 1116 1637 Hellas
1134 1600 1180 1648 Π,
1203 1605 1228 1642 2
1243 1613 1328 1651 pag.
1347 1601 1411 1640 36.
1432 1601 1497 1640 37.

907 1665 972 1706 ἐπὶ
1009 1664 1082 1718 γαρ
1123 1663 1297 1706 τούτοισι
1338 1667 1498 1717 ἵδρυτο]

852 1724 963 1768 Quod
990 1724 1187 1772 lateribus,
1232 1737 1300 1761 nec
1330 1723 1388 1760 alii
1421 1723 1502 1759 basi

851 1780 988 1816 solidae
1007 1793 1039 1817 v,
1063 1794 1092 1817 c.
1113 1780 1224 1830 lapidi
1240 1779 1429 1817 nietallove
1441 1791 1500 1813 so-

852 1836 925 1872 lido
946 1835 1002 1872 leo
1019 1837 1088 1873 iste
1109 1835 1406 1886 superimpositus
1422 1834 1501 1881 suit,

852 1892 889 1928 in
911 1904 954 1928 eo
976 1892 1106 1941 respici
1130 1891 1256 1927 volunt
1283 1903 1418 1927 morem
1439 1902 1501 1927 ae-

854 1947 1044 1993 dificandi,
1075 1948 1136 1995 qui
1161 1947 1336 1982 Sardibus
1355 1945 1500 1983 omnino

856 2002 1028 2049 obtinuit,
1086 2002 1148 2038 ubi
1187 2001 1349 2051 singulae
1388 2003 1498 2039 aedes

856 2071 930 2094 non
949 2057 1146 2107 lapidibus,
1175 2059 1243 2095 sed
1272 2058 1416 2095 calamis
1444 2058 1502 2095 vel

854 2114 1024 2151 lateribus
1043 2114 1151 2151 coctis
1171 2118 1369 2152 exstructae
1386 2118 1498 2151 erant.

856 2170 940 2206 vid.
967 2171 1146 2207 Herodot.
1168 2170 1214 2219 V,
1245 2172 1334 2211 101.
1359 2168 1502 2206 Antho-

856 2226 929 2274 log.
953 2226 1014 2262 ΒΓ.
1032 2226 1086 2274 Π,
1108 2227 1199 2268 157.
1237 2227 1344 2264 Hunc
1362 2239 1501 2263 morem

857 2286 1002 2320 secutus
1019 2283 1179 2320 Croesus
1196 2282 1309 2319 leonis
1331 2283 1433 2320 basin
1452 2282 1500 2318 si-

858 2339 931 2376 mili
966 2339 1075 2376 modo
1112 2352 1132 2377 e
1168 2338 1338 2376 lateribus
1367 2338 1499 2385 effecit,

858 2408 982 2433 verum
1010 2408 1084 2432 non
1114 2395 1243 2443 coctis,
1273 2396 1339 2433 sed
1369 2395 1497 2431 aureis.

861 2453 1026 2495 Quatuor
1043 2452 1173 2489 lateres
1189 2452 1269 2501 puri
1289 2451 1365 2488 auri
1390 2464 1499 2500 supe-

858 2509 989 2545 riorem
1009 2509 1044 2544 in
1077 2508 1157 2544 basi
1181 2507 1318 2555 locum,
1347 2507 1402 2544 cui
1426 2506 1497 2556 ipsi

857 2565 912 2602 leo
933 2567 1196 2614 superstructus
1217 2568 1311 2610 erat,
1338 2563 1498 2600 tenuisse

856 2622 1041 2667 videntur,
1069 2620 1196 2668 reliqui
1224 2619 1354 2657 lateres
1376 2619 1499 2656 inferi-

855 2690 964 2714 orem.
976 2698 1030 2704 -
1049 2675 1108 2714 De
1130 2676 1398 2713 Corinthiorum
1418 2675 1496 2712 the-

854 2746 962 2770 sauro
980 2733 1051 2770 vid.
1075 2736 1165 2769 nott.
1198 2733 1245 2768 ad
1272 2731 1306 2779 Ι,
1337 2731 1389 2773 14
1418 2731 1496 2769 coll.

853 2789 1032 2827 Plutarch.
1047 2789 1093 2827 de
1102 2787 1206 2838 Pyth.
1220 2789 1347 2827 Gracc.
1356 2801 1394 2840 p.
1403 2787 1498 2835 400,
