1909 3228
549 215 966 257 EUTERPE.
1022 216 1068 256 11.
1340 219 1424 260 497

287 324 454 382 Ταύτης
483 320 545 369 ὦν
568 329 643 382 τῆς
670 324 810 383 χώρης
846 329 922 383 τῆς
956 324 1180 383 εἰρημένης
1207 324 1234 382 ἡ
1262 326 1414 384 πολλὴ,
1472 334 1568 363 Terra
1579 336 1746 367 intermon-

1471 373 1530 396 tem
1543 371 1696 399 Arabicum
1716 377 1746 400 et

169 403 358 459 κατάπερ
399 406 442 449 οἱ
480 403 587 458 ἱρέες
622 404 792 461 ἔλεγον,
838 404 980 451 ἐδόκεε
1014 404 1060 448 δὲ
1087 403 1161 448 καὶ
1190 403 1308 463 αὐτῷ
1336 401 1745 467 uorssfflbuffffigieffiffl

51 330 117 375 10

141 480 288 526 Ξεῖναι
315 483 537 540 ἐπίκτητος
565 485 850 540 Αἰγυπτίοισι.
907 487 997 526 τῶν
1023 482 1106 538 γάρ
1138 480 1307 537 οὐρέων
1335 488 1420 528 τῶν

169 561 406 617 εἰρημένων
440 567 528 606 τῶν
573 560 680 618 ὑπὲρ
729 562 912 618 Μέμφιν
948 560 1076 605 πόλιν
1118 561 1326 617 κειμένων
1367 563 1414 607 τὸ

166 641 324 695 μεταξὺ
362 640 561 697 ἐφαίνετό
598 657 672 698 μοι
710 637 821 684 εἶναί
854 655 953 685 κοτε
991 639 1154 692 κόλπος
1181 639 1418 698 θαλάσσης,

335 835 448 885 Cap.
485 833 532 872 X.

162 912 306 968 ταύτης
341 910 398 956 οἷν
423 919 495 968 τῆς
520 913 650 969 χώρης
685 920 755 969 τῆς

108 972 316 1024 εἰρημένης
334 972 363 1024 ’ἡ
381 971 528 1024 πολλή]
555 975 676 1013 Secuti
696 989 754 1012 su-

106 1043 184 1067 mus
200 1030 401 1078 Schweigh.
422 1035 458 1068 et
481 1031 595 1068 Gaisf.
634 1031 753 1080 Vulgo

106 1085 199 1123 male
219 1086 387 1123 omittunt
397 1087 468 1136 τῆς
480 1082 609 1137 χώρης
625 1091 660 1124 et
668 1101 753 1125 mox

104 1142 314 1192 particulam
343 1139 385 1180 δὲ
413 1147 497 1192 post
531 1138 670 1182 ἐδόκεε.
697 1165 754 1174 —-

105 1198 163 1236 De
181 1211 220 1236 re
236 1199 316 1249 ipsa
337 1200 430 1236 conf.
448 1203 539 1235 nott.
556 1200 603 1236 ad
622 1200 667 1247 II,
685 1198 722 1241 5.

159 1278 202 1321 τό
232 1279 374 1332 μεταξύ
400 1278 585 1330 ἐφαίνετό
607 1297 674 1332 μοι
700 1279 751 1322 εἶ-

103 1336 173 1377 ναί
206 1352 301 1377 ποτε
336 1332 483 1384 κόλπος
521 1335 749 1390 θαλάσσης]

100 1393 261 1430 Aliorum
283 1395 492 1440 sententias,
523 1407 617 1443 quae
633 1395 751 1432 exhoc

101 1450 180 1499 ipso
201 1449 279 1486 loco
299 1451 497 1496 fluxerunt,
525 1449 595 1487 iam
612 1451 752 1488 notavit

102 1504 321 1553 VVesseling.
357 1505 425 1541 Est
444 1505 654 1556 praecipuus
675 1506 750 1543 Pli-

100 1561 150 1597 nii
167 1561 263 1599 locus
283 1562 332 1598 H.
350 1560 398 1598 N.
421 1561 473 1608 ΙΙ,
490 1561 542 1602 85
554 1591 564 1609 ,
595 1562 656 1611 qui
672 1562 749 1600 He-

99 1618 219 1654 rodoti
237 1618 345 1655 verba
363 1618 507 1667 repetit,
518 1617 595 1654 coll.
607 1618 747 1656 Arrian.

99 1673 239 1723 Exped.
266 1673 367 1711 AleX.
384 1673 437 1721 V,
469 1676 494 1713 6
515 1678 551 1711 et
578 1674 747 1712 Strabon.

100 1729 187 1765 XIII
207 1743 243 1779 p.
263 1731 370 1770 1013
397 1742 425 1766 s.
443 1732 538 1776 691,
569 1731 629 1779 qui
650 1730 748 1768 idem

101 1785 328 1822 Herodotum
349 1785 472 1821 laudat
499 1790 609 1834 atque
626 1785 746 1822 Near-

100 1840 214 1877 chum.
246 1840 439 1890 Impugnat
455 1841 600 1888 quidem
617 1840 746 1877 Nostri

100 1897 316 1933 sententiam
332 1896 512 1932 Mannert.
528 1896 549 1931 l.
562 1895 584 1932 l.
601 1896 649 1943 X,
673 1899 691 1936 1
707 1909 744 1946 p.

100 1952 182 1993 245
205 1964 321 2000 seqq„
342 1952 396 1988 cui
422 1952 635 2001 opponimus
651 1964 745 2000 quae

100 2008 149 2044 ad
180 2006 234 2054 II,
266 2007 292 2048 4
322 2011 358 2045 et
390 2007 414 2048 5
443 2008 616 2044 adnotata
651 2011 744 2044 sunt.

100 2063 260 2101 Maxime
268 2075 353 2100 vero
365 2063 433 2100 huc
443 2064 575 2099 faciunt
586 2075 639 2110 ea,
652 2076 747 2112 quae

100 2119 232 2156 Ritter.
264 2119 431 2156 disseruit
456 2117 492 2154 in
516 2119 706 2155 Erdkund.
732 2118 749 2156 I

100 2188 185 2225 pag.
198 2175 290 2216 852.
304 2175 440 2212 Rerum
455 2174 666 2211 naturalium
683 2187 748 2225 pe-

100 2231 187 2267 ritos
207 2230 264 2268 ille
290 2231 433 2278 scribit,
462 2230 522 2279 qui
540 2229 749 2281 Aegyptum

100 2286 170 2323 huc
202 2299 316 2335 usque
353 2286 567 2333 inviserint,
592 2299 671 2323 eam
711 2286 748 2322 in

101 2343 317 2379 sententiam
345 2343 520 2379 adductos
538 2342 670 2389 fuisse,
711 2345 750 2378 ut

102 2410 245 2434 omnem
262 2397 336 2434 Nili
361 2397 555 2435 convallem
574 2398 682 2435 maris
702 2398 751 2434 si-

101 2465 186 2489 num
207 2452 290 2489 olim
320 2454 431 2490 fuisse
458 2454 612 2503 (pariter
640 2458 750 2502 atque

101 2520 197 2543 nunc
222 2508 336 2544 sinum
361 2507 569 2556 Arabicum)
589 2508 749 2559 suspica-

102 2567 243 2609 rentur,
280 2563 315 2600 in
338 2575 443 2611 quem
463 2576 562 2602 mare
584 2577 650 2614 per
669 2577 748 2601 eam

101 2618 242 2655 intrarit
275 2618 483 2666 regionem,
527 2632 621 2668 quae
656 2632 751 2657 nunc

101 2673 214 2711 Delta
240 2673 489 2723 perhibeatur,
530 2676 574 2712 ab
592 2674 749 2713 Alexan-

103 2729 183 2766 dria
197 2724 313 2778 usque
331 2730 378 2766 ad
396 2730 574 2767 Pelusium
585 2735 750 2780 porrecta

102 2785 195 2822 intra
214 2784 420 2822 Mokattam
438 2790 474 2823 et
491 2785 628 2834 Libyae
647 2798 750 2824 mon-

102 2845 157 2878 tes
179 2841 436 2890 prominentes.
463 2840 584 2892 Atque
603 2842 691 2894 ipsis
711 2843 748 2880 in

153 2895 361 2934 Hunonor.
391 2895 419 2935 1.

822 834 1076 885 praecipitibus
1103 835 1197 872 saxis
1229 837 1359 873 montis
1385 836 1468 875 Mo·

822 890 961 927 kattam
987 892 1115 941 (supra
1133 891 1339 942 Memphin)
1361 895 1468 930 vesti-

822 946 883 995 gia
903 951 999 985 certa
1014 948 1192 996 quaedam
1203 949 1378 986 undarum
1389 962 1467 986 ma-

820 1003 868 1038 ris
888 1003 1047 1053 reperiri.
1079 1003 1154 1041 Sed
1169 1003 1318 1040 multum
1342 1005 1466 1054 utique

819 1059 1001 1097 effluxisse
1020 1059 1215 1109 temporis,
1244 1059 1302 1096 vix
1321 1072 1466 1098 accura-

820 1114 890 1151 tius
912 1114 1162 1163 indicandum,
1192 1116 1279 1152 dum
1298 1116 1408 1154 Delta
1426 1129 1469 1154 ex

820 1170 924 1207 undis
944 1172 1051 1208 maris
1069 1172 1286 1222 provenerit.
1315 1172 1468 1210 Faciunt

818 1239 964 1276 quoque
983 1227 1068 1275 huc,
1100 1241 1193 1277 quae
1210 1228 1305 1265 idem
1328 1230 1467 1279 profert

817 1281 950 1320 Ritter.
980 1282 1002 1319 l.
1027 1283 1050 1320 l.
1074 1296 1159 1333 pag.
1179 1285 1261 1324 858
1281 1297 1357 1333 seq.
1383 1286 1465 1325 860

816 1351 920 1387 seqq.
939 1351 982 1376 ex
1004 1339 1189 1376 Gallorum
1209 1340 1393 1376 doctorum
1411 1342 1466 1377 in-

815 1395 1124 1442 vestigationibus.
1155 1395 1241 1432 Veri
1254 1396 1347 1432 enim
1366 1396 1465 1432 simi-

815 1448 849 1486 le
868 1450 979 1486 videri
990 1477 1000 1495 ‚
1017 1449 1152 1496 Nilum,
1172 1454 1364 1499 antequam
1378 1451 1466 1488 Del-

815 1508 889 1541 tam
917 1504 1001 1542 limo
1024 1510 1060 1542 et
1081 1518 1191 1543 arena
1220 1505 1464 1556 compleverit,

816 1560 885 1598 alia
910 1562 966 1598 via
993 1573 1060 1611 per
1089 1561 1228 1611 Libyae
1257 1562 1399 1600 deserta
1424 1564 1461 1599 in

814 1629 914 1655 mare
934 1618 1051 1654 undas
1071 1630 1153 1655 suas
1170 1618 1323 1655 volvisse
1339 1623 1373 1656 et
1383 1619 1464 1668 qui-

815 1673 896 1710 dem
926 1687 992 1723 per
1015 1686 1093 1711 eam
1121 1674 1339 1721 convallem,
1369 1688 1462 1724 quae

812 1741 908 1766 nunc
926 1733 1072 1767 vocetur
1100 1729 1194 1767 Thac
1221 1730 1281 1767 cler
1302 1729 1459 1767 Natron-

812 1797 887 1821 seen
904 1790 940 1822 et
963 1785 1057 1821 Thal
1078 1785 1135 1822 des
1147 1785 1459 1822 Baler-behz-md

811 1840 853 1887 (i.
868 1854 898 1877 e.
916 1841 1014 1876 vallis
1026 1841 1123 1877 fluvii
1134 1854 1306 1890 aquarum
1320 1843 1458 1891 inopis)

813 1909 840 1932 s.
860 1894 962 1931 Bahr
987 1899 1019 1932 et
1048 1895 1187 1944 Farz'glae
1218 1897 1269 1944 (i.
1300 1910 1330 1934 e.
1360 1898 1458 1933 fluvii

810 1951 958 1999 vacui),
987 1951 1033 1988 ab
1053 1955 1225 1990 euronoto
1246 1952 1294 1989 ad
1313 1958 1458 2002 septen-

812 2008 964 2044 trionem
983 2011 1019 2043 et
1038 2008 1258 2044 occidentem
1275 2020 1460 2055 conversa,

813 2062 862 2098 ita
881 2067 919 2098 ut
938 2075 958 2099 a
976 2063 1125 2100 meridie
1141 2062 1265 2100 vallem
1284 2063 1458 2101 Moeridis

813 2118 1021 2156 continuare
1043 2119 1216 2155 videatur.
1247 2119 1287 2155 In
1298 2120 1459 2169 quaipsa

813 2178 890 2210 tum
911 2173 979 2210 alia
999 2186 1077 2211 esse
1096 2174 1252 2222 inventa,
1274 2178 1348 2211 tum
1362 2177 1461 2224 frag-

814 2234 936 2266 menta
956 2229 1043 2278 ligni
1058 2230 1257 2279 petrificata
1286 2231 1460 2280 ipsosque

812 2290 959 2322 truncos
975 2286 1193 2335 petrificatos
1214 2287 1300 2323 satis
1316 2286 1460 2336 longos,

814 2341 965 2392 piscium
986 2353 1068 2378 ossa
1085 2341 1297 2391 petr-ificata,
1316 2346 1353 2380 et
1366 2354 1459 2391 quae

815 2397 868 2434 his
892 2401 974 2434 sunt
993 2396 1126 2433 similia.
1166 2397 1275 2434 Conf.
1300 2402 1390 2434 nott.
1411 2397 1460 2434 ad

814 2452 862 2500 ll,
884 2455 936 2494 12
953 2453 1028 2489 init.
1049 2456 1085 2490 et
1107 2452 1153 2500 ΙΙ,
1172 2455 1237 2494 99.
1265 2452 1359 2490 Eam
1378 2465 1461 2490 sen-

814 2509 963 2546 tentiam
993 2509 1124 2558 probat
1155 2507 1324 2545 Minutoli
1348 2508 1459 2547 Reise

815 2564 905 2601 nach
923 2565 1005 2601 dem
1026 2563 1179 2614 Tempel
1190 2564 1225 2600 d.
1243 2564 1326 2614 Jup.
1341 2562 1458 2601 Amm.

815 2633 900 2670 pag.
922 2622 1000 2660 190
1019 2632 1094 2668 seq.
1124 2619 1173 2656 Et
1191 2620 1461 2657 communicavit

814 2689 953 2712 mecum
977 2674 1006 2712 C
1012 2688 1039 2711 r.
1057 2675 1295 2725 scriptionem,
1317 2676 1360 2712 ab
1377 2675 1460 2712 Rit-

814 2735 892 2768 tero
912 2744 1057 2780 quoque
1074 2730 1267 2778 laudatam,
1289 2731 1350 2768 ubi
1368 2730 1458 2768 haec

815 2799 872 2824 res
891 2788 1087 2824 accuratius
1106 2790 1258 2824 tractata
1273 2791 1346 2824 est:
1374 2786 1457 2824 Me-

814 2843 927 2881 moire
944 2856 1003 2880 sur
1020 2842 1056 2881 la
1072 2843 1184 2938 vallgg
1202 2843 1267 2881 des
1291 2841 1385 2880 Lacs
1410 2843 1458 2881 de
