1877 3223
417 207 501 248 22ss
812 200 1278 241 HERODOTI

419 314 672 372 ,,κατοὲσχῃ,
701 316 860 358 τοῦτον
886 311 1206 367 προσδέκεσθαί
1233 324 1302 352 τοι
1330 306 1671 364 ἐπαναστησόμε-
1682 308 1728 347 45

394 397 449 448 4,,
461 411 555 438 νον.
585 399 670 437 νῦν
698 389 762 437 ὦν
790 394 976 448 ποίησον
1004 386 1111 444 ὦδε,
1143 390 1184 433 εἴ
1207 404 1277 431 τοι
1307 386 1476 442 ἀρέσκει
1505 386 1557 430 τὰ
1588 384 1670 441 ἐγώ

422 474 580 530 ,,λέγω.
637 471 818 516 κάτισον
846 475 934 514 τῶν
963 468 1231 526 δορυφόρων
1270 466 1339 509 ἐπὶ
1374 465 1538 522 πάσῃσι
1574 468 1672 522 τῇσι

422 552 616 608 „animoa
647 550 892 606 φυλάκους,
943 552 987 592 οἳ
1014 546 1229 603 λεγόντων
1257 543 1370 599 πρὸς
1407 544 1511 595 τοὺς
1547 542 1673 599 ἐκφέ-

419 664 444 682 ,,
464 646 620 685 ροντας
647 629 700 672 τὰ
727 629 921 685 χρήματα
952 625 1278 681 ἀπαιρεόμενοι,
1311 623 1370 675 ὥς
1401 636 1513 679 σφεα
1542 620 1676 677 ἄναγ-

391 709 591 760 5,,καίως
620 707 702 763 ἔχει
743 709 1058 762 δεκατευθῆναι
1094 708 1156 763 τῷ
1185 706 1275 749 Διΐ.
1334 703 1407 747 καὶ
1435 699 1491 746 σύ
1519 717 1564 744 τε
1593 711 1672 756 σφι
1686 706 1732 740 50

419 784 538 838 ,,οὐκ
577 783 844 842 ἀπεχθήσεαι
887 787 961 842 βίῃ
1004 782 1319 839 ἀπαιρεόμενος
1358 780 1411 825 τοὶ
1460 779 1673 837 χρήματα·

420 864 526 917 »καὶ
555 863 737 916 ἐκεῖνοι,
770 863 1030 921 συγγνόντες
1060 862 1222 906 ποιέειν
1241 873 1286 905 σε
1305 862 1475 912 δίκαια,
1506 858 1677 908 ἑκόντες

302 954 369 1000 90
427 942 733 999 ,,ποιήσουσι.“
786 947 931 986 Ταῦτα
961 941 1137 986 ἁκούων
1169 938 1192 984 ὁ
1223 944 1392 994 Κῦρος,
1421 936 1676 994 ὑπερήδετο,

91 1019 231 1049 lnfensns
241 1018 371 1047 Graeco-

95 1063 160 1081 rum
186 1055 248 1081 Deo
280 1054 337 1080 Oro
322 1060 371 1079 oe-

92 1095 161 1127 eus,
167 1087 256 1127 Gyri
280 1086 368 1114 venia

93 1121 131 1148 mi
135 1129 173 1147 ssi
167 1120 190 1147 's
215 1120 334 1160 legatis,

93 1154 172 1181 mala
191 1162 246 1181 uua.
257 1153 302 1182 ini
318 1159 367 1181 ex-

93 1187 225 1224 probi-at.

428 1022 488 1074 ὥς
527 1023 570 1066 οἱ
611 1020 754 1067 ἐδόκεε
794 1017 844 1066 εὖ
885 1022 1188 1065 ὑποτίθεσθαι.
1249 1018 1422 1068 αἰνέσας
1452 1017 1497 1060 δὲ
1525 1014 1678 1067 πολλοὶ,

423 1101 496 1146 καὶ
525 1100 820 1157 ἐντειλάμενος
844 1106 957 1145 τοῖσι
988 1097 1279 1155 δορυφόροισι
1299 1096 1350 1139 τὰ
1370 1099 1560 1151 Κροῖσος
1578 1094 1682 1138 ὑπε-

397 1178 595 1236 Ξθήκατο
628 1180 878 1229 ἐπιτελέειν,
911 1177 1002 1224 εἶπε
1018 1177 1128 1233 πρὸς
1148 1180 1345 1233 Κροῖσον
1361 1174 1483 1219 τάδε·
1516 1176 1738 1229 ,,Κροῖ-55

422 1270 528 1313 ,,σε,
557 1255 863 1317 ἀναρτημένου
901 1262 978 1304 σεῦ
1008 1256 1170 1313 ἀνδρὸς
1200 1254 1400 1313 βασιλέος
1428 1251 1589 1311 χρηστοὶ
1619 1252 1683 1308 ἕρ-

423 1353 515 1393 ,,γα
543 1339 616 1382 καὶ
646 1338 748 1383 ἔπεα
773 1339 959 1392 ποιέειν,
990 1337 1106 1382 αἰτέο
1133 1334 1258 1381 δόσιν
1282 1332 1362 1391 τήν
1389 1350 1487 1378 τινα
1506 1329 1685 1389 βούλεαί

367 1551 577 1620 γενέσθαι]
609 1552 771 1602 ἐπίδοξα
788 1554 953 1592 dicuntur
967 1549 1019 1592 τὰ
1088 1556 1217 1590 rentur
1222 1551 1246 1570 “
1274 1549 1333 1589 De
1354 1547 1628 1589 ’ὑποτίθεσθαι
1646 1547 1741 1586 conf.

368 1607 613 1675 προςδόκιμα
646 1624 676 1648 s·
696 1606 1017 1662 προςδοκώμενα,
1083 1609 1122 1657 1,
1153 1610 1190 1649 8

370 1662 620 1718 ἐλπιζόμενα,
653 1679 739 1716 quae
765 1670 934 1716 tanquam
949 1666 1019 1716 fu-

371 1727 455 1760 tura
478 1723 704 1774 probabiliter
727 1727 870 1772 possunt
899 1735 1019 1772 exspe-

371 1781 473 1817 ctari.
529 1779 627 1817 Hinc
651 1780 795 1816 additur
822 1779 1019 1816 infinitivus

371 1835 429 1874 vel
450 1836 558 1873 futuri
577 1835 634 1874 vel
652 1836 786 1872 aoristi.
827 1836 859 1872 V
863 1836 912 1873 id.
934 1835 1020 1872 Val-

371 1891 516 1930 ckenar.
542 1891 589 1928 ad
607 1891 747 1928 Herod.
773 1891 836 1939 IV,
863 1895 924 1933 11.
944 1891 1021 1928 Lo-

373 1946 477 1986 beck.
495 1947 542 1984 ad
563 1946 752 1995 Phrynich.
770 1961 806 1997 p.
823 1949 904 1989 132
929 1960 1023 1996 seq.‚

373 2016 528 2053 quorum
549 2007 676 2041 neuter
704 2003 808 2040 huius
838 2004 907 2041 loci
944 2007 1022 2041 erat

372 2059 515 2098 oblitus.
542 2080 598 2087 -—
636 2053 798 2098 αὐτῶν
835 2059 892 2096 hic
917 2060 1022 2097 dedi-

371 2128 475 2163 muS,
512 2119 553 2152 ut
582 2115 774 2165 aliquoties
801 2115 871 2152 iam
901 2127 1022 2164 supra,

371 2184 439 2222 pro
457 2166 620 2210 αὐτέων.
635 2171 765 2209 Itidem
783 2171 881 2208 libris
897 2171 1023 2208 iuben-

371 2227 470 2264 tibus
491 2227 619 2279 scripsi
643 2222 761 2280 αρέσκ
773 2241 811 2266 ει
839 2240 906 2277 pro
926 2226 1022 2275 v.ulg

373 2279 496 2348 οἷρέσκ
505 2297 526 2323 ο
537 2298 563 2323 ι.
611 2282 671 2321 De
693 2284 810 2320 forma
824 2282 1023 2334 imperativi

376 2334 634 2391 (λεγόντων)
693 2339 830 2376 consul.
894 2338 1023 2376 Matth.

375 2394 413 2446 §.
447 2397 550 2443 198,
589 2398 611 2438 1
648 2408 737 2446 pag
770 2397 864 2436 396
950 2394 1025 2438 Qui

373 2453 471 2490 idem
505 2424 574 2490 alio
602 2452 682 2489 loco
711 2450 777 2502 (§.
798 2453 900 2498 511,
924 2451 974 2498 5,
1001 2451 1023 2487 b

372 2520 459 2558 Pag-
469 2509 570 2558 973)
601 2508 696 2548 bene
715 2512 819 2545 notat
836 2508 1025 2545 transitum

374 2576 419 2602 ex
452 2565 617 2603 oratione
647 2563 794 2613 obliqua
817 2564 853 2601 in
875 2568 1024 2609 rectam,

373 2619 587 2670 imperativo
601 2621 723 2672 posito
734 2624 820 2672 post
837 2619 1024 2658 relativum

373 2687 586 2725 pronomen.

588 2733 619 2770 C
635 2744 703 2784 ap.
734 2731 816 2769 XC.

424 2782 459 2826 ὅ
461 2802 480 2834 ς
491 2787 532 2827 οἱ
541 2785 672 2828 ἐδόκεε
684 2782 730 2827 εὖ
742 2784 1022 2836 ὑποτίθεσθαι]

373 2854 486 2890 „cum
505 2843 588 2882 haec
616 2847 651 2883 ei
672 2844 753 2884 bene
776 2846 908 2883 monita
926 2842 1023 2882 vide-

1145 1659 1421 1715 οἷναρτημένου
1472 1663 1542 1701 σεῦ
1592 1655 1742 1711 ανδρος

1089 1719 1270 1772 βασιλέος
1290 1735 1324 1758 κ.
1337 1735 1369 1758 τ.
1381 1718 1431 1769 λ.]
1464 1715 1741 1770 α’ναρτημένου

1087 1777 1254 1826 neglecto
1287 1780 1481 1825 augmento
1514 1774 1682 1812 meliores
1700 1772 1742 1810 Ιί-

1087 1834 1156 1880 bri,
1179 1834 1315 1883 quippe
1334 1832 1453 1880 magis
1474 1831 1601 1868 Ionum
1623 1841 1742 1868 econ-

1089 1890 1292 1927 suetudine.
1348 1888 1420 1926 Alii
1450 1883 1742 1939 ἀνηρτημένον.

1089 1945 1249 1983 Verbum
1268 1945 1386 1996 ipsum
1405 1939 1659 1996 ἅναρτᾶσθαι
1681 1953 1743 1980 ex-

1089 2006 1247 2053 ponunt:
1288 2004 1443 2039 animum
1469 2000 1651 2047 inducere,
1686 2000 1744 2036 in-

1090 2061 1243 2095 stituere.
1282 2058 1389 2094 Cons.
1409 2056 1481 2104 Vl,
1500 2058 1565 2098 88.
1595 2055 1676 2102 vll,
1696 2056 1743 2099 8;

1091 2115 1138 2151 (le
1169 2117 1347 2150 structura
1384 2112 1497 2159 (nam
1527 2115 1745 2161 exspectan-

1091 2170 1176 2206 dum
1194 2173 1290 2206 certe
1314 2173 1409 2206 erat:
1441 2164 1679 2219 ἅναρτημέν
1692 2179 1744 2212 ος

1092 2222 1150 2263 σύ
1181 2220 1294 2275 οἷνήρ
1326 2220 1743 2275 βασιλεὺς-αἰτέο)

1090 2286 1289 2332 provocant
1312 2282 1360 2317 ad
1391 2280 1543 2318 similem
1571 2280 1687 2317 locum
1714 2278 1743 2326 1,

1091 2339 1140 2384 3,
1178 2337 1238 2373 nbi
1266 2338 1374 2375 etiam
1401 2338 1580 2386 genitivus
1615 2347 1745 2374 conse·

1092 2394 1262 2443 quentiae
1300 2394 1368 2430 hoc
1413 2394 1523 2431 modo
1571 2392 1744 2430 occurrit:

1092 2446 1185 2496 τούς
1212 2447 1255 2488 δὲ
1282 2447 1581 2501 προϊσχομένων
1608 2449 1746 2494 ταῦτα,

1092 2504 1309 2557 προφέρειν
1337 2517 1409 2555 σφι
1437 2520 1473 2544 κ.
1499 2521 1531 2544 τ.
1555 2508 1609 2553 λ.;
1659 2515 1745 2542 nam

1091 2567 1242 2613 propter
1262 2562 1348 2599 hoc'
1341 2575 1457 2612 ipsum
1471 2574 1542 2612 σφι
1558 2563 1746 2612 exspecta-

1092 2619 1158 2656 bas
1190 2617 1503 2669 προὶσχομένοις.
1560 2619 1637 2656 Sed
1670 2615 1743 2654 vid.

1091 2675 1141 2712 ibi
1163 2679 1254 2712 nott.
1277 2697 1332 2702 ——
1365 2675 1406 2712 ln
1429 2687 1532 2724 seqq.
1556 2686 1682 2711 vocem
1702 2666 1744 2710 ἆ-

1092 2727 1167 2782 νήρ
1191 2744 1266 2768 non
1293 2732 1372 2769 sine
1393 2731 1543 2769 consilio
1563 2730 1742 2768 adiectum

1090 2788 1206 2838 quivis
1225 2788 1369 2825 sentiet.

1147 2841 1289 2883 αἰτέο
1305 2839 1442 2890 δόσιν]
1463 2840 1570 2883 αἰτέο
1598 2842 1654 2879 est
1674 2838 1742 2876 im-

1866 0 1877 189 1
