1877 3223
279 788 344 833 92

71 854 205 882 Donat-la
246 852 351 881 Croesi

71 888 165 914 multa
197 887 227 913 in
257 886 350 913 variis

73 920 223 947 Graeciae
276 923 350 945 tern-

73 954 141 987 plis.
177 952 350 987 Pantaleon,

74 986 176 1014 Croesi
204 986 298 1012 frater
317 994 351 1012 ex

398 198 483 238 232
788 195 1255 235 HERODOTI

372 313 393 346 8
401 337 426 358 ‚,
437 308 544 349 κεε.“

604 306 748 348 Ταῦτα
785 304 864 361 μὲν
900 304 928 360 ἡ
959 307 1108 361 Πυθίη
1137 303 1397 359 ὑπεκρίνατο
1426 308 1539 348 τοῖσι
1568 307 1651 347 Λυ-

400 385 536 427 δοῖσι·
579 383 622 426 οἱ
651 384 696 426 δὲ
727 381 963 439 ἀνήνεικαν
992 384 1033 434 ἐς
1062 382 1251 436 Σάρδις,
1290 383 1363 426 καὶ
1392 382 1653 440 ἀπήγγειλαν

400 465 461 521 τῷ
489 462 677 519 Κροίσῳ.
735 460 758 505 ὁ
789 462 835 506 δὲ
861 460 1079 514 ἀκούσας,
1121 460 1315 516 συνέγνω
1345 460 1510 504 ἑωυτοῦ
1541 460 1653 505 εἶναι

398 540 479 596 τήν
509 537 759 594 ἁμαρτάδα,
803 540 875 584 καὶ
922 540 976 584 οὐ
1016 544 1097 584 τοῦ
1136 543 1260 584 θεοῦ.
1317 539 1445 582 Κατὰ
1480 540 1558 595 μὲν
1598 539 1652 597 δή
1671 546 1712 579 10

399 617 480 674 τὴν
507 618 705 671 Κροίσου
733 634 778 662 τε
807 617 964 675 ἀρχὴν,
994 620 1069 663 καὶ
1094 618 1256 675 Ἰωνίης
1285 619 1364 675 τὴν
1387 617 1565 675 πρώτην
1585 634 1657 663 κα-

402 694 657 751 ταστροφήν
667 727 677 745 ,
707 697 797 753 ἔσχε
827 697 955 741 οὕτω.

72 1023 169 1054 patre.
185 1020 277 1052 Quam
289 1018 351 1045 soe-

73 1053 111 1080 de
144 1053 273 1079 Croesus
307 1052 351 1078 in-

72 1086 227 1113 teremerit
251 1085 356 1114 fratrIS

74 1119 230 1148 fautorem.

352 1151 516 1188 omm'bus.
579 1150 638 1189 De
691 1150 770 1188 loco
821 1152 1002 1191 invenitur

349 1205 510 1258 ἔνερθε,
540 1207 713 1244 adiuncto
743 1209 925 1256 genitivo,
954 1209 1001 1256 Π,

350 1264 414 1303 13.
445 1263 509 1310 lv,
531 1262 597 1304 65.
656 1264 716 1301 De
749 1265 871 1301 dativo
902 1269 1004 1304 τοῖσι

349 1315 476 1357 ἅπασι
496 1319 634 1357 consul.
657 1319 787 1357 Matth.
813 1320 851 1371 ᾗ.
870 1321 1002 1369 4ΟΟ,7

349 1387 437 1425 pag.
460 1376 544 1416 732
569 1379 606 1412 et
631 1377 725 1412 conf.
745 1377 884 1414 Herod.
906 1377 942 1423 Ι,
968 1379 1003 1417 1.

349 1450 407 1458 --
425 1429 484 1467 Ad
505 1425 572 1470 ὑπ’
595 1430 781 1471 ἐκείνοισι
799 1434 893 1470 cons.
908 1432 937 1479 Ι,
952 1432 1006 1474 94

353 1485 415 1527 fin.

550 1569 616 1607 ea
625 1583 662 1621 p.
694 1569 810 1607 Xon.

406 1651 450 1692 ἐν
482 1649 553 1703 μὲν
599 1651 674 1706 γάρ
719 1649 878 1707 Θήβῃσι
913 1654 1006 1707 τῇσι

352 1711 539 1748 Βοιωτῶν
551 1711 717 1761 τρίπους
737 1707 915 1761 χρύσεος]
932 1710 1007 1747 Lo-

354 1778 435 1802 cum
462 1764 648 1803 classicum
672 1766 849 1803 Athenaei
871 1766 918 1804 de
943 1767 1007 1802 tri-

354 1821 512 1871 podibus
541 1826 702 1859 veterum
742 1822 798 1868 II,
827 1825 854 1863 2
887 1836 924 1872 p.
943 1824 1009 1870 37,

352 1877 385 1914 F
407 1889 485 1925 seq.
509 1876 580 1913 iam
615 1878 809 1927 adscripsit
838 1877 1008 1916 Larcher.

353 1933 440 1971 Duo
461 1932 645 1983 tripodum
658 1947 794 1981 genera
813 1935 1012 1983 antiquitus

356 1989 474 2026 fuisse
490 1988 548 2026 ille
565 1990 690 2036 refert,
711 1990 861 2028 alterum
875 2004 1012 2037 eorum,

358 2044 397 2081 in
445 2045 577 2092 quibus
625 2045 748 2083 vinum
794 2047 1014 2094 miscuerint,

359 2099 495 2149 quique
521 2097 668 2152 ἄπυροι
705 2102 891 2149 dicantur,
922 2102 1012 2140 alte-

357 2168 439 2193 rum
464 2169 612 2204 eorum,
652 2157 690 2193 in
722 2157 853 2206 quibus
883 2170 1014 2207 aquam

360 2211 588 2249 calefecerint
606 2240 618 2259 ,
664 2214 879 2262 praesertim
921 2227 1015 2261 eam,

361 2268 436 2316 qua
453 2269 502 2305 ad
523 2267 716 2305 lavandum
735 2273 931 2306 uterentur.
961 2270 1015 2306 Ac

362 2323 525 2373 tripodes
566 2324 716 2362 omnino
756 2326 939 2375 pertinent
969 2325 1018 2362 ad

362 2379 624 2430 suppellectilia
633 2384 806 2428 veterum,
827 2382 1019 2430 variosque

363 2435 414 2472 ad
431 2448 520 2473 usus
550 2436 771 2474 domesticos
798 2437 1020 2475 adhibeban-

365 2495 437 2528 tur.
513 2491 686 2530 Primitus
739 2493 863 2544 procul
910 2494 1020 2530 dubio

369 2545 626 2597 simplicissimi
654 2549 798 2588 suerunt
830 2551 951 2600 specie
980 2562 1022 2586 ae

369 2603 486 2639 sorma
500 2632 511 2650 ,
540 2616 609 2641 nec
631 2617 715 2644 aere
734 2606 804 2642 fusi
818 2634 829 2653 ‚
848 2606 915 2643 sed
934 2605 1022 2643 mal-

368 2657 426 2695 leo
449 2658 545 2696 ducti
565 2664 676 2708 atque
707 2662 814 2699 clavis
836 2662 1021 2713 compacti.

369 2712 464 2751 Tale
492 2715 678 2765 tripodtnn
707 2731 823 2767 genus
851 2718 1024 2755 describi-

369 2773 426 2806 tur
442 2775 577 2820 poetae
599 2771 636 2808 in
662 2772 762 2811 Iliad.
782 2774 923 2823 XVIII,
943 2774 1025 2815 374

370 2823 450 2863 coll.
499 2827 636 2876 Odyss.
674 2828 748 2877 lv,
783 2831 874 2872 131.
933 2831 1027 2869 Hinc

513 775 693 829 Κροίσῳ
724 776 769 819 δὲ
799 776 885 820 ἔστι
914 776 986 820 καὶ
1014 776 1122 820 ἄλλα
1151 775 1413 833 ἀναθήματα
1433 776 1479 819 ἐν
1501 778 1555 831 τῇ
1571 773 1659 819 Ἑλ-

405 853 506 898 aaz&
534 851 697 904 πολλοὶ,
729 855 803 897 καὶ
832 853 886 899 οὐ
916 854 967 898 τὰ
998 856 1198 912 εἰρημένα
1227 859 1381 912 μοῦνα.
1413 855 1458 898 ἐν
1478 854 1556 910 μὲν
1575 853 1660 910 γὰρ

411 931 579 990 Θήβῃσι
611 935 712 988 τῇσι
750 936 956 979 Βοιωτῶν
994 936 1175 990 τρίπους
1211 933 1412 990 χρύσεος,
1461 933 1539 978 τόν
1569 930 1662 977 ἀνέ-

1067 1152 1348 1202 frequentissimi
1367 1155 1555 1189 occurrunt
1572 1151 1609 1188 in
1625 1151 1724 1188 aedi-

1069 1210 1138 1247 bus
1170 1209 1319 1260 privatis
1352 1209 1573 1246 Graecorum
1609 1220 1724 1256 aeque

1071 1279 1114 1303 ac
1134 1265 1349 1315 templorum
1370 1265 1405 1300 in
1440 1263 1627 1301 vestibulis
1670 1267 1724 1300 at-

1073 1335 1145 1371 que
1166 1322 1267 1358 atriis
1283 1350 1293 1367 ‚
1321 1320 1368 1357 illi
1387 1333 1430 1357 ex
1450 1320 1563 1356 viliori
1594 1319 1723 1369 opinor

1073 1377 1218 1415 metallo
1253 1376 1430 1421 confecti;
1458 1376 1519 1423 hi,
1549 1376 1611 1424 qui
1634 1380 1725 1412 tem-

1074 1434 1137 1484 pla
1159 1434 1360 1478 ornabant,
1398 1432 1543 1482 saepius
1565 1444 1608 1469 ex
1638 1443 1726 1467 auro

1076 1489 1221 1527 conflati
1264 1489 1453 1534 dicuntur,
1504 1488 1565 1523 ubi
1606 1491 1727 1524 tamen

1076 1557 1152 1582 non
1172 1545 1290 1581 solido
1311 1556 1397 1580 auro
1427 1543 1632 1581 elaboratos
1667 1556 1728 1581 ve-

1078 1614 1158 1638 nun
1180 1613 1268 1637 auro
1300 1600 1468 1636 inductos
1493 1600 1568 1637 sive
1587 1600 1729 1635 inaura-

1074 1661 1133 1694 tos
1173 1656 1338 1706 tripodes
1385 1655 1536 1704 intelligi
1580 1655 1727 1692 malunt.

1074 1712 1290 1762 Delphicum
1329 1711 1500 1762 templum
1527 1711 1730 1760 tripodibus

1075 1769 1164 1806 varii
1184 1768 1328 1817 generis
1353 1767 1507 1805 maxime
1535 1768 1646 1805 fuisse
1674 1767 1731 1804 in-

1076 1825 1203 1874 signe,
1233 1837 1338 1861 nemo
1368 1824 1537 1872 ignorat3
1574 1828 1614 1859 ut
1646 1824 1731 1861 inde

1077 1881 1306 1932 potissimum
1325 1880 1527 1930 tripodum,
1551 1884 1733 1929 quotquot

1079 1951 1146 1988 per
1163 1937 1250 1974 alias
1266 1937 1444 1973 Graeciae
1466 1939 1589 1986 partes
1609 1949 1733 1973 occur-

1079 1997 1184 2040 runt,
1229 1993 1383 2042 vestigia
1412 1993 1613 2042 repetenda
1649 2005 1732 2030 esse

1080 2050 1292 2097 videantur,
1333 2062 1413 2086 cum
1445 2049 1608 2097 primitus
1636 2053 1733 2085 certe

1082 2107 1131 2143 ad
1148 2105 1325 2155 Apollinis
1356 2116 1458 2140 sacra
1489 2104 1537 2139 illi
1571 2104 1733 2153 inprimis

1082 2162 1332 2212 pertinuerint.
1363 2160 1473 2197 Unde
1496 2172 1570 2195 non
1593 2160 1733 2205 mirum,

1083 2216 1372 2265 antiquissimum
1396 2214 1572 2264 Apollinis
1588 2215 1734 2253 Ismenii

1084 2272 1256 2321 templum
1284 2271 1467 2321 tripodum
1496 2272 1654 2308 donariis
1685 2273 1737 2308 ita

1087 2332 1252 2365 ornatinn
1283 2328 1423 2374 fuisse,
1456 2332 1541 2364 uta
1578 2328 1737 2365 Pindaro

1091 2383 1229 2432 Pythie.
1250 2384 1325 2431 XI,
1344 2387 1368 2424 7
1398 2384 1588 2421 thesaurus
1609 2397 1737 2422 aureo-

1087 2453 1165 2478 rum
1196 2441 1378 2491 tripodum
1408 2440 1595 2478 diceretur.
1655 2441 1738 2484 Quo

1089 2496 1196 2534 etiam
1212 2525 1222 2545 ,
1253 2497 1313 2546 qni
1334 2497 1401 2533 hoc
1422 2495 1501 2533 loco
1525 2509 1741 2535 commemo-

1089 2556 1214 2590 rantur
1251 2553 1434 2603 tripode5‚
1469 2554 1603 2591 referre
1629 2566 1741 2603 posse

1090 2608 1173 2645 mihi
1194 2609 1329 2648 videor.
1387 2607 1440 2645 Ac
1466 2622 1555 2648 saue
1585 2610 1739 2660 tripodi-

1091 2666 1159 2701 bus
1193 2666 1230 2702 in
1263 2667 1495 2703 donariorum
1525 2679 1741 2704 commemo-

1094 2720 1233 2759 ratione
1270 2721 1354 2760 nihil
1390 2723 1625 2772 frequentius.
1681 2722 1741 2760 De

1094 2777 1223 2824 quibus
1257 2779 1406 2829 copiose
1434 2780 1602 2829 exposuit
1624 2778 1667 2815 C.
1692 2777 1737 2813 Ο-

1095 2832 1233 2873 Miiller.
1265 2835 1302 2872 in
1325 2835 1525 2885 Boettigeri
1549 2830 1700 2873 Amalth.
1720 2831 1737 2868 Ι
