1909 3228
310 307 409 351 103
470 307 710 357 ἀνάλκιδες.

136 373 296 406 Quousque
314 371 343 398 in
353 371 415 398 Eu-

139 413 241 439 ropam
259 413 342 432 arnna
367 409 414 431 tu-

137 439 216 467 lerit.

468 200 552 240 714

863 197 1331 237 HERODOTI

774 309 919 348 Ταῦτα
949 306 1002 361 δὴ
1032 306 1212 358 ποιέων,
1244 305 1397 363 διεξήϊε
1428 308 1505 364 τήν
1525 307 1785 364 ἤπειρον-10

472 388 515 439 ές
546 387 570 430 ὃ
599 386 644 429 ἐκ
673 388 746 440 τῆς
770 383 911 440 Ἀσίης
951 385 993 436 ἐς
1029 385 1109 441 τὴν
1139 384 1360 441 Εὐρώπην
1396 386 1572 442 διαβὰς,
1625 385 1729 437 τούς

442 475 514 510 Ξτε
545 464 728 514 Σκύθας
758 466 1073 518 κατεστρέψατο
1104 465 1176 508 καὶ
1205 463 1308 516 τούς
1329 463 1530 520 Θρήϊκας.
1563 465 1603 516 ές
1625 465 1726 508 τού-

466 561 570 595 τους
609 543 653 587 δέ
692 560 767 598 μοι
797 544 935 587 δοκέει
966 545 1039 587 καὶ
1069 543 1122 588 οὐ
1153 542 1411 599 προσώτατα
1441 542 1674 587 ἀπικέσθαι
1704 543 1727 587 ὁ

468 622 705 678 Αἰγύπτιος
744 623 941 678 στρατός·

470 703 703 758 φαίνονται
741 707 964 745 σταθεῖσαι
1001 704 1046 746 αἱ
1082 706 1252 757 στῆλαι·

1001 624 1047 666 έν
1087 623 1164 679 μὲν
1203 622 1286 678 γὰρ
1325 627 1377 680 τῇ
1416 623 1582 666 τούτων
1611 621 1728 678 χώρῃ

1312 701 1361 746 τό
1395 701 1440 745 δὲ
1470 702 1729 758 προσωτέρω

440 782 667 834 3τούτων,
700 780 854 826 οὐκέτι,
885 782 1087 825 ἐνθεῦτεν
1117 781 1162 824 δὲ
1192 781 1446 837 ἐπιστρέψας
1476 779 1614 824 ὀπίσω
1643 779 1785 837 ἤϊε·15

468 862 540 904 καὶ
570 861 659 904 ἐπεί
694 878 738 904 τε
769 861 933 916 ἐγένετο
965 861 1030 904 έπὶ
1064 861 1177 904 Φάσι
1205 865 1406 918 ποταμῷ,
1460 858 1540 905 οὐκ
1571 861 1651 916 ἔχω
1680 859 1730 903 τὸ

469 942 672 984 ἐνθεῦτεν
713 939 925 994 ἀτρεκέως
974 941 1126 991 εἰπεῖν,
1185 942 1265 983 εἴτε
1304 939 1436 990 αὐτὸς
1474 940 1497 982 ὁ
1530 938 1731 995 βασιλεὺς

469 1019 713 1075 Σέσωστρις
744 1019 1076 1074 ἀποδασάμενος
1114 1023 1189 1075 τῆς
1219 1020 1385 1062 ἑωυτοῦ
1416 1022 1618 1074 στρατιῆς
1648 1017 1727 1073 μό-

471 1117 568 1154 ριον
599 1099 706 1143 ὅσον
734 1099 810 1156 δὴ,
843 1098 980 1142 αὐτοῦ
1000 1099 1195 1141 κατέλιπε
1225 1103 1298 1154 τῆς
1321 1097 1461 1153 χώρης
1481 1097 1729 1153 οἰκήτορας·

470 1181 553 1223 εἴτε
582 1183 670 1222 τῶν
700 1180 812 1230 τινὲς
842 1178 1139 1233 στρατιωτέων
1174 1182 1226 1234 τῇ
1257 1177 1398 1234 πλάνῃ
1431 1174 1572 1220 αὐτοῦ
1602 1174 1788 1232 ἅχθε-ΞΟ

618 1552 648 1589 C
661 1565 727 1601 ap.
771 1551 866 1588 CIII.

479 1638 604 1675 ταῦτα
657 1633 706 1685 δή
753 1633 922 1684 ποιέων]
966 1631 1015 1684 δή
1045 1648 1066 1671 a

410 1693 614 1741 Schweigh.
639 1697 675 1729 et
688 1692 872 1728 Gaissord.
894 1691 1065 1727 librorum

412 1750 639 1798 quorundam
653 1761 697 1785 ex
717 1747 928 1785 auctoritate
947 1752 1067 1783 muta-

411 1811 487 1842 tum
522 1810 577 1842 est
606 1805 643 1840 in
669 1803 731 1852 65,-
764 1805 840 1841 sine
866 1816 997 1849 causa,
1029 1807 1066 1839 ut

411 1862 579 1911 equidem
597 1861 776 1898 existimo.

469 1931 536 1970 καὶ
558 1927 604 1970 οὐ
625 1927 878 1982 προσώτατα]
913 1926 969 1969 ου’
985 1943 1064 1967 cum

411 1989 505 2025 absit
521 2002 542 2024 a
562 1988 703 2025 duobus
721 1988 826 2024 codd.
843 2017 853 2035 ‚
883 1987 1066 2024 eiecerunt

412 2044 614 2093 Schweigh.
644 2048 680 2081 et
708 2045 825 2080 Gaisf.
884 2044 1065 2092 Equidem

411 2101 625 2151 particulam
662 2101 888 2138 retinendam
931 2099 1065 2136 censui.

413 2156 631 2254 A‹14re}kiqua
652 2158 746 2194 conf.
764 2156 894 2193 Matth.
911 2156 976 2193 Gr.
1001 2156 1065 2192 Gr.

415 2211 453 2264 ᾗ.
501 2216 524 2254 6
558 2242 565 2250 .

471 2278 776 2334 ἀποδασάμενος
817 2285 888 2333 τῆς
918 2280 1069 2321 ἑωυτοῦ

417 2343 599 2390 στρατιῆς
613 2337 751 2390 μόριον
771 2335 864 2378 ὅσον
887 2336 952 2389 δή]
972 2340 1068 2376 Scri-

414 2398 470 2445 psi
492 2410 570 2433 cum
592 2402 742 2434 reeentt.
765 2397 952 2434 seiunctim
972 2391 1067 2434 ὅσον

414 2449 479 2502 δή.
548 2453 668 2501 Vulgo
707 2453 933 2489 coniunctim.
1005 2451 1066 2488 'su

414 2510 507 2545 conf.
525 2509 564 2556 I,
590 2513 668 2550 160
688 2510 773 2558 ibiq.
792 2515 882 2545 nott.
903 2530 957 2535 ——
970 2503 1066 2546 εἷπο-

415 2561 636 2615 δασάμενος
666 2571 738 2602 est:
777 2565 1066 2610 uba·‹livulse1-at‚

415 2624 615 2659 seiunxerat
632 2635 653 2658 a
667 2622 797 2671 reliquo
815 2625 969 2658 exercitu
983 2634 1066 2670 par-

417 2682 481 2713 tem
519 2678 796 2728 qualemcunque.
862 2678 1069 2715 Memoran-

418 2738 474 2769 tur
509 2733 714 2771 Phocenses
753 2730 999 2782 α’ποδοὲσμιοι
1041 2733 1068 2780 Ῐ,

423 2788 522 2835 146,
550 2791 609 2826 ubi
628 2792 722 2827 conf.
744 2795 834 2827 nott.
875 2791 932 2827 Ad
952 2791 1067 2839 ipsam

419 2845 595 2881 Herodoti
624 2848 865 2884 narrationem
891 2848 976 2884 sacit
998 2846 1067 2883 Va-

308 1263 407 1307 10-1·
465 1258 663 1311 σθέντες,
694 1258 793 1312 περὶ
825 1257 966 1300 Φάσιν
996 1256 1194 1312 ποταμόν
1223 1256 1490 1310 κατέμειναν.
1537 1257 1730 1299 Φαίνον-

139 1326 242 1354 Colchi
260 1327 296 1354 nb
317 1329 413 1361 Aegy—

136 1362 207 1395 ptiis
267 1361 385 1388 oriundi
406 1371 412 1387 :

137 1403 215 1428 quae
240 1400 343 1429 gentes
371 1395 416 1421 vi-

138 1429 206 1454 rilia
261 1427 415 1455 circumci-

138 1461 219 1488 daut.

470 1355 540 1381 ται
569 1338 648 1394 μὲν
685 1337 768 1394 γὰρ
809 1335 951 1388 ἐόντες
995 1339 1039 1380 οἱ
1066 1336 1229 1393 Κόλχοι
1259 1335 1511 1392 Αἰγύπτιοι·
1570 1333 1733 1391 νοήσας

1135 1550 1241 1587 lerius
1269 1551 1420 1587 Flaccus
1449 1548 1586 1597 Argon.
1611 1548 1668 1595 V,
1704 1547 1785 1589 418

1135 1620 1252 1655 seqq„
1281 1608 1341 1643 uhi
1359 1607 1454 1643 canit
1471 1606 1668 1652 Sesoetrin,
1683 1605 1785 1641 Getis

1135 1663 1268 1699 bellum
1304 1664 1517 1700 inferentem
1538 1691 1548 1709 ‚
1603 1662 1786 1711 repulsam

1136 1719 1284 1764 tulisse3
1315 1732 1423 1767 quam
1449 1719 1602 1755 eandem
1631 1718 1667 1754 in
1701 1717 1788 1754 Col-

1136 1775 1209 1812 chis
1229 1776 1307 1823 regi
1318 1775 1500 1824 Aegyptio
1522 1775 1700 1811 accidisse
1715 1778 1788 1809 tra-

1136 1832 1189 1868 dit
1214 1831 1350 1868 Plinius
1381 1832 1414 1867 h.
1445 1844 1480 1867 n.
1506 1830 1690 1876 ΧΧΧΙΙΙ,
1725 1830 1789 1875 13,

1133 1892 1304 1925 monente
1322 1887 1545 1936 Wesseling.
1571 1887 1619 1923 ad
1637 1886 1790 1924 Diodor.

1133 1943 1173 1992 Ι,
1202 1944 1268 1986 55.

1342 2027 1454 2078 Cap.
1487 2026 1583 2064 CIV.

1191 2111 1403 2162 φαίνονται
1443 2108 1513 2161 μὲν
1547 2107 1620 2164 γάρ
1656 2105 1790 2156 ἐόντες

1137 2169 1177 2208 οἵ
1197 2164 1341 2218 Κόλχοι
1361 2163 1586 2218 Αἰγύπτιοι]
1613 2168 1676 2211 lis,
1693 2178 1789 2214 quae

1137 2238 1180 2262 ex
1211 2224 1365 2262 Theone
1397 2225 1483 2260 citat
1513 2223 1789 2270 wesselingius,

1137 2281 1339 2330 Schweigh.
1359 2281 1461 2316 addit
1478 2280 1645 2330 Apollon.
1666 2279 1786 2315 Rhod.

1137 2338 1273 2386 Argon.
1313 2336 1374 2382 lv,
1395 2340 1477 2377 272
1505 2349 1631 2385 seqq„
1661 2335 1720 2371 ubi
1751 2336 1788 2371 iu

1139 2394 1279 2431 scholiis
1338 2392 1504 2429 laudatur
1562 2393 1785 2429 Herodotus.

1135 2449 1344 2500 Disputavit
1366 2450 1411 2486 de
1432 2449 1498 2485 hac
1526 2448 1786 2498 Aegyptiorum

1136 2506 1275 2543 colonia
1310 2506 1346 2541 in
1375 2505 1549 2542 Colchide
1584 2505 1786 2542 Heerenius

1136 2563 1247 2599 ldeen
1276 2561 1312 2609 Ι,
1338 2564 1358 2601 1
1390 2574 1473 2611 pag.
1495 2561 1575 2602 405
1598 2566 1674 2597 not.
1697 2574 1788 2610 seq.‚

1136 2632 1216 2656 earn
1235 2624 1402 2668 repetens
1423 2631 1465 2655 ex
1483 2618 1542 2654 illo
1563 2618 1786 2654 orientalium

1137 2688 1257 2721 inore,
1289 2687 1360 2723 quo
1393 2679 1522 2723 gentes
1545 2675 1654 2710 victas
1675 2686 1785 2723 saepe

1136 2733 1296 2779 integras
1319 2731 1355 2766 in
1385 2731 1472 2767 alias
1492 2743 1639 2780 prorsus
1667 2731 1787 2778 regio-

1136 2802 1200 2824 nes
1222 2788 1457 2823 transducant
1483 2787 1634 2835 aliisque
1658 2786 1693 2822 in
1714 2791 1785 2823 ter-

1137 2845 1184 2881 ris
1215 2856 1326 2880 novas
1350 2843 1417 2879 illis
1453 2844 1558 2881 sedes
1587 2843 1780 2890 assignent.
