1909 3228
624 247 922 288 CL10.1.

1310 248 1395 288 465

149 365 335 417 Δαρεῖος
368 358 684 417 πρεσβύτατος,
732 358 815 402 ἐών
841 357 936 402 τότε
972 357 1142 415 ἡλικίην
1177 357 1220 408 ἐς
1259 358 1394 401 εἴκοσι’

148 458 233 485 κου
263 439 446 497 μάλιστα
474 439 578 482 ἔτεα.
628 438 700 482 καὶ
730 432 858 489 οὗτος
883 437 1182 481 καταλέλειπτο
1211 436 1257 480 ἐν
1285 436 1394 492 Πέρ-

119 522 272 575 4σῃσι·
323 516 376 562 οὐ
405 517 488 572 γάρ
519 514 601 572 εἶχε
629 533 691 560 κω
728 514 898 573 ἡλικίην
926 513 1249 570 στρατεύεσθαι.
1305 516 1395 559 ἐπεὶ

151 592 213 640 ὦν
243 597 295 653 δὴ
324 597 522 652 ἐξεγέρθη
546 593 569 638 ὁ
590 599 757 650 Κῦρος,
789 596 933 639 ἐδίδου
962 593 1094 650 λόγον
1123 594 1269 652 ἑωυτῷ
1297 594 1396 649 περὶ

149 681 223 733 τῆς
252 677 389 727 ὄψιος.

449 674 507 725 ὠς
544 674 590 718 δέ
634 676 677 718 οἱ
712 673 856 718 ἐδόκεε
893 673 1051 730 μεγάλη
1089 671 1201 717 εἶναι
1228 672 1255 729 ἡ
1284 672 1397 726 ὄψις,

150 754 333 806 καλέσας
363 752 624 805 Ὑστάσπεα,
671 753 744 796 καὶ
773 751 1007 808 ἀπολαβών
1035 756 1224 807 μοῦνον,
1282 750 1422 796 εἷπε·1

121 833 439 886 5,,”Υστασπες,
488 837 589 883 παῖς
618 831 690 883 σὸς
720 830 1010 887 ἐπιβουλεύων
1045 832 1138 887 ἐμοί
1174 847 1218 874 τε
1246 831 1318 875 καὶ
1345 834 1400 888 τῇ

151 945 175 963 ,,
189 913 268 969 ἐμῇ
307 910 416 968 ἀρχῇ
456 909 634 955 ἑάλωκε·

697 908 756 962 ὥς
793 911 838 954 δὲ
869 914 1003 954 ταῦτα
1040 909 1248 966 ἀτρεκέως
1278 908 1398 961 οἶδα,

123 990 271 1046 6,,ἐγώ
302 990 512 1047 σημανέω.
553 991 655 1046 ἐμεῦ
683 990 777 1033 θεοὶ
801 987 1027 1046 κήδονται,
1058 991 1132 1034 καί
1159 1006 1235 1045 μοι
1261 986 1402 1032 πάντα

151 1069 527 1123 »προδεικνύουσι
556 1069 608 1112 τὰ
638 1067 947 1126 ἐπιφερόμενα·
978 1066 1061 1124 ἤδη
1091 1063 1154 1112 ὧν
1184 1068 1230 1112 ἐν
1249 1071 1302 1124 τῇ
1318 1075 1430 1110 πα-5

154 1148 423 1205 ,,ροιχομε’νῃ
463 1149 588 1192 νυκτὶ
629 1148 788 1201 εὕδων,

847 1146 966 1191 εἶδον
999 1151 1088 1189 τῶν
1115 1151 1204 1190 σῶν
1235 1147 1406 1190 παίδων

154 1227 267 1278 ,,το“ν
295 1226 592 1283 πρεσβύτατον
621 1227 772 1282 ἔχοντα
801 1226 869 1270 ἐπὶ
901 1229 990 1269 τῶν
1020 1225 1148 1281 ὤμων
1168 1225 1405 1281 πτέρυγας·

247 1306 256 1321 l
400 1306 414 1330 g
543 1310 561 1318 α
624 1306 634 1319 ἱ
731 1307 740 1319 X
800 1304 811 1320 2
880 1306 889 1321 Ι
1033 1308 1051 1316 ’ν
1107 1303 1118 1317 ἱ
1189 1303 1198 1316 ἱ
1313 1303 1322 1317 5
1375 1302 1386 1317 Ι

155 1323 262 1356 „noct
290 1323 481 1350 τουτέων
508 1323 560 1363 τῃ
590 1323 668 1362 μεν
695 1322 774 1362 την
807 1309 968 1361 Ασιην,
995 1321 1047 1360 τῃ
1079 1306 1125 1347 δε
1152 1320 1232 1360 την
1257 1308 1407 1358 Ευρω-

128 1390 180 1435 7,,
194 1401 279 1440 πην
309 1384 575 1438 ἐπισκιάζειν.
608 1383 755 1428 οὔκων
786 1383 873 1427 ἐστὶ
901 1382 1067 1439 μηχανὴ
1084 1380 1169 1425 dno*
1187 1386 1261 1437 τῆς
1280 1382 1408 1434 ὄψιος

156 1461 353 1519 ,,ταύτης
383 1462 585 1519 οὐδεμία,
638 1462 685 1506 τό
718 1461 776 1518 μὴ
805 1466 952 1506 κεῖνον
981 1459 1273 1516 ἐπιβουλεύειν
1301 1462 1407 1517 ἐμοί.

156 1541 248 1593 ,,σύ
282 1544 434 1586 τοίνυν
469 1542 549 1599 τὴν
585 1543 786 1598 ταχίστην
821 1539 1007 1596 πορεύεο
1045 1537 1184 1585 ὀπίσω
1221 1539 1264 1591 ἐς
1304 1538 1412 1596 Πέρ-

104 1775 145 1808 ut
172 1771 262 1820 Vll,
296 1775 360 1815 11.
385 1771 480 1815 224.
534 1772 594 1811 De
623 1772 752 1811 eodem

103 1827 218 1864 Persa
235 1829 366 1878 opinor
396 1829 539 1866 Ctesias
567 1828 660 1875 1.1.,
691 1828 753 1864 ubi

106 1883 178 1919 w'd.
201 1888 339 1921 annott.
359 1898 395 1935 p.
419 1883 512 1925 244.
542 1883 600 1921 Ad
620 1880 755 1933 Ἀχαι-

108 1938 247 1991 μενίδῃ
266 1941 358 1976 conf.
381 1940 421 1986 I,
448 1939 538 1980 125.
596 1940 655 1978 De
673 1940 755 1989 ipso

109 1995 247 2031 somnio
262 1994 478 2042 wesseling.
497 1996 582 2032 citat
599 1994 757 2032 Artemi-

109 2052 235 2087 dorum
255 2050 291 2086 in
312 2051 499 2088 Oneirocr.
527 2049 580 2097 ΙΙ,
602 2054 656 2093 72
686 2056 759 2087 sta-

108 2111 286 2153 tuentem,
313 2106 382 2143 hoc
402 2107 622 2143 somniorum
643 2119 757 2156 genus

108 2166 191 2208 τοῖς
220 2162 426 2208 πλουσίοις
455 2160 523 2201 καὶ
551 2166 634 2209 τοῖς
662 2160 759 2214 μέγα

110 2216 346 2269 δυναμένοις
372 2214 495 2271 οἷρχὰς
525 2222 758 2270 περιποιεῖν.

110 2295 165 2302 —-
188 2275 248 2312 De
276 2274 410 2322 Dario,
448 2275 643 2325 Hystaspis
671 2274 758 2321 filio,

113 2330 175 2379 qui
208 2335 294 2380 post
314 2332 362 2368 ad
388 2331 579 2368 Persarum
605 2344 760 2379 regnum

113 2390 170 2423 est
187 2390 328 2424 evectus
338 2416 348 2434 ‚
359 2387 416 2424 hic
431 2387 663 2437 cogitandum
679 2400 762 2425 esse

114 2453 221 2479 nemo
243 2454 319 2479 non
338 2443 448 2480 videt.

170 2555 266 2599 παῖς
295 2549 366 2600 σὸς
404 2549 682 2605 ἐπιβουλεύ
697 2568 763 2593 ων

116 2629 172 2636 ——
184 2608 200 2646 ἓ
211 2605 235 2646 ά
247 2612 267 2646 λ
280 2623 310 2647 ω
321 2623 345 2647 κ
357 2612 397 2655 ε]
431 2608 666 2649 ἁλίσκεσθαι
684 2611 763 2658 (ar-

115 2665 201 2713 gui,
225 2666 399 2711 convinci)
428 2667 616 2717 participio
645 2667 765 2715 iungi-

116 2725 197 2767 tur,
222 2723 371 2757 notante
393 2719 523 2757 Matth.
542 2735 627 2770 pag.
642 2724 763 2761 1078.

120 2798 168 2804 —
188 2776 230 2813 In
250 2788 366 2825 seqq„
388 2776 513 2813 ordine
527 2776 664 2825 vulgari
682 2789 762 2813 mu-

116 2837 193 2870 tato
205 2861 217 2880 ,
252 2845 272 2870 e
301 2831 505 2869 melioribus
535 2831 634 2870 libris
652 2832 763 2869 refin-

117 2889 251 2926 ximus:
270 2889 394 2926 ταῦτα
409 2883 611 2941 οἷτρεκέως.
640 2887 761 2938 Vulgo

175 2944 384 2983 Hnaonor.
416 2945 444 2981 Ι.

820 1765 1012 1822 ἀτρεκέως
1039 1772 1172 1810 ταῦτα.
1218 1769 1292 1807 Pro
1323 1765 1468 1821 κήδον-

820 1841 884 1865 ται
903 1827 940 1863 in
961 1839 1064 1875 seqq.
1083 1840 1175 1864 unus
1196 1825 1287 1864 liber
1305 1825 1469 1877 κηδέαν-

820 1896 907 1929 ται,
960 1882 1049 1919 alter
1103 1882 1468 1919 Schellershemianus

822 1934 1031 1987 κηδὲαται,·
1070 1938 1170 1986 quod
1197 1950 1241 1975 eo
1271 1937 1388 1985 magis
1414 1940 1472 1974 te-

824 1994 984 2030 nendum
1002 1992 1144 2029 videtur
1162 1992 1377 2040 Schweigh„
1397 2005 1471 2041 quo

824 2050 917 2086 infra
948 2048 980 2084 II
992 2077 1002 2094 ,
1033 2047 1087 2088 47
1123 2048 1217 2085 idem
1255 2049 1369 2086 codex
1403 2061 1472 2098 pro

825 2102 875 2156 ὁὶγ
887 2119 907 2143 ο
921 2117 942 2142 ν
954 2118 1017 2142 ται
1048 2104 1178 2141 afferat
1219 2099 1269 2154 οἷγ
1282 2101 1335 2143 έα
1345 2119 1407 2143 ται
1436 2108 1474 2141 et

825 2161 881 2208 11,
900 2162 953 2201 67
983 2172 1050 2210 pro
1076 2154 1342 2211 ἀπάγονται,
1374 2155 1476 2199 α’πα-

826 2231 849 2269 γ
862 2215 880 2255 ε’
893 2231 918 2254 α
930 2230 1005 2254 ται.
1062 2216 1193 2253 Itidem
1228 2215 1279 2263 II,
1297 2216 1350 2258 47
1372 2215 1474 2256 ἐκδι-

827 2274 850 2313 δ
863 2268 883 2312 ό
896 2288 920 2311 α
933 2286 996 2310 ται
1015 2285 1082 2323 pro
1102 2270 1212 2312 ἐκδίδ
1221 2286 1241 2311 ο
1254 2286 1363 2311 νται.

885 2380 1020 2424 οὔκων
1047 2381 1125 2422 ἐστὶ
1155 2380 1312 2436 μηχανή
1337 2403 1388 2411 -
1410 2379 1474 2424 ού-

829 2440 964 2491 δεμία,
994 2435 1038 2479 τό
1072 2435 1124 2490 μὴ
1155 2443 1289 2479 κεῖνον
1316 2439 1475 2492 ε’πιβου-

829 2493 991 2546 λεύειν]
1031 2492 1213 2546 ου’δεμία
1240 2496 1405 2535 meliores
1432 2496 1475 2534 li-

830 2554 886 2591 bri
907 2552 1072 2590 obtulere
1089 2564 1155 2603 pro
1173 2551 1267 2602 vulg.
1287 2548 1428 2604 ου’δεμί
1436 2567 1474 2603 η.

832 2631 881 2638 -—
910 2609 969 2646 Ad
992 2622 1096 2646 usum
1131 2609 1228 2645 vocis
1257 2606 1413 2660 μηχανή
1436 2610 1474 2644 in

828 2666 960 2703 talibus
994 2666 1088 2702 conf.
1131 2665 1242 2701 modo
1273 2666 1393 2712 Viget.
1428 2664 1474 2701 de

829 2720 1003 2757 Idiotism.
1022 2732 1108 2769 pag.
1132 2722 1209 2759 113
1230 2731 1273 2756 ac
1289 2719 1335 2758 de
1354 2719 1474 2757 infini-

829 2777 904 2813 tivo
941 2775 1105 2824 sequenti
1145 2771 1200 2813 τό
1238 2771 1304 2826 μή
1340 2779 1474 2815 κεῖνον

828 2825 1099 2882 ἐπιβουλεύειν
1126 2829 1302 2869 Matthiae
1321 2832 1386 2871 Gr.
1407 2833 1473 2870 Gr.

827 2901 915 2939 pag.
940 2887 1059 2930 1056.

1148 2943 1205 2983 30
