1909 3228
548 159 970 201 EUTERPE.
1019 159 1066 198 ΙΙ.

135 279 157 313 6
166 270 381 327 ἀνέδησαν
411 268 584 321 αὐτούς.

1339 160 1424 199 815

645 270 844 325 Πίρωμις
880 269 927 312 δέ
965 269 1054 312 ἐστι
1092 266 1193 310 κατ’
1238 265 1423 311 Ἑλλάδα

40 352 140 398 144
165 354 367 406 γλῶσσαν
400 350 530 401 καλὸς
559 348 763 404 κάγαθός.
811 346 923 403 ’Ήδη
956 343 1040 398 ὦν,
1069 350 1157 390 τῶν
1188 348 1234 389 αἱ
1263 345 1426 397 εἰκόνες
1481 350 1757 420 ῌξξξυῌῑῑιζξῇξζξ

1501 427 1519 444 ιι
1550 419 1664 454 osiris,
1693 420 1754 455 'ry-

163 425 301 485 ἦσαν,
343 427 574 479 τοιούτους
605 426 923 471 α’πεδείκνυσοὲν
966 438 1101 481 σφεας
1131 425 1294 476 πάντας
1326 423 1558 486 ἐόν-ὃοῖξὴω,
1595 457 1625 478 0,
1660 455 1755 485 (mm

135 515 264 560 Ξτας,
305 512 422 551 θεῶν
455 509 500 551 δὲ
536 506 700 550 πολλόν
734 504 1101 560 ἀπαλλαγμένους.

1160 505 1210 548 τό
1240 506 1285 548 δὲ
1313 503 1423 559 πρό-

162 603 289 642 τερον
329 591 419 630 τῶν
462 585 638 642 ἀνδρῶν
686 584 854 628 τούτων
893 583 1026 635 θεοὺς
1069 582 1182 628 εἶναι
1229 584 1335 636 τούς
1376 583 1422 628 ἐν

105 787 175 830 est,
195 783 240 820 ab
259 783 454 819 Herodoto
472 782 656 819 confusam
676 793 757 818 esse

104 841 245 877 dixerat
265 851 343 875 cum
369 837 505 875 Pirama·
522 839 544 874 i.
564 852 594 875 e.
613 838 758 884 homine,

104 897 138 933 ei
162 896 363 932 sententiae
384 894 605 942 suffragatur
619 895 755 932 Gesen.

104 952 152 989 ad
171 951 275 988 Iesai.
298 951 408 997 XIX,
433 953 481 991 11
505 964 540 1000 p.
562 953 644 992 620
665 955 757 997 not.‚

104 1007 313 1056 obloquitur
331 1007 547 1054 Larcherus,
568 1008 678 1056 idque
699 1007 757 1044 vix

102 1064 180 1102 fieri
217 1064 382 1113 potuisse
411 1064 447 1099 in
476 1063 649 1100 vocabulo
681 1068 756 1100 tam

101 1120 249 1168 vulgato
283 1120 479 1157 contendit.
545 1120 660 1157 Recte
676 1149 687 1167 ‚
727 1121 756 1156 si

102 1177 191 1226 quid
217 1177 336 1214 video.
394 1175 446 1212 Ac
465 1175 578 1213 lucem
600 1177 757 1213 arbitror

101 1233 225 1269 afferri
242 1245 351 1282 posse
378 1232 459 1268 huic
485 1232 563 1269 loco
585 1232 757 1270 Herodo-

100 1294 185 1335 teo,
216 1289 244 1325 si
275 1288 470 1326 contuleris
490 1288 637 1325 Maxim.
665 1288 755 1337 Tyr.

101 1346 245 1382 dissert.
268 1345 373 1390 VIII,
402 1346 427 1385 5
459 1357 544 1394 pag.
571 1346 650 1385 137
678 1358 755 1393 seq.

100 1400 250 1447 Reisk.,
289 1401 388 1437 cuius
427 1401 537 1437 verba
574 1402 756 1449 insignem

100 1456 365 1506 Aegyptiarum
387 1456 680 1505 Graecarumque
699 1470 758 1494 re·-

97 1512 275 1562 ligionum
302 1512 432 1549 indolis
454 1513 755 1561 significationem

99 1569 248 1606 habent.
305 1569 380 1605 Iam
400 1569 480 1617 quis
503 1569 655 1616 dubitet,
677 1569 755 1606 He-

100 1630 284 1672 cataeum,
306 1626 366 1674 qui
386 1625 483 1662 deum
505 1626 598 1663 adeo
622 1628 756 1663 fecerat

101 1683 245 1730 generis
277 1682 331 1717 sui
361 1677 597 1732 ἀρχηγέτην,
629 1683 675 1720 de
697 1696 755 1720 re-

100 1738 208 1787 liquis
243 1738 415 1787 deinceps
449 1738 642 1775 maioribus
681 1739 754 1775 suis

101 1794 188 1831 item
224 1794 513 1842 magnificentius
549 1807 628 1832 esse
654 1794 754 1831 locu-

102 1854 206 1897 tum,
248 1854 288 1886 ut
313 1862 375 1887 eos
407 1850 533 1887 saltem
558 1850 687 1888 heroas
713 1863 755 1888 ac

106 1907 346 1957 Κρείττονας
367 1906 576 1957 appellaret.
624 1907 756 1944 Cuius-

100 1963 202 2000 modi
242 1962 397 1998 orationi
432 1964 639 2000 sacerdotes
666 1962 755 1999 nibil

101 2019 222 2069 aptius
241 2031 428 2068 apponere
447 2024 629 2069 poterant,
645 2032 754 2068 quam

100 2075 187 2112 illud
202 2088 211 2111 :
270 2103 294 2122 „
305 2103 329 2121 ‚,
340 2075 481 2112 Horum
527 2076 753 2125 pontificum,

99 2144 255 2181 quorum
273 2131 451 2179 imagines
462 2132 629 2181 adspicis,
643 2145 755 2169 unus-

99 2188 254 2237 quisque
274 2187 342 2224 fuit
358 2190 415 2224 vir
432 2190 613 2238 quantivis
632 2185 753 2236 καλός

99 2239 296 2295 κάγαθὸς,
333 2256 454 2293 neque
478 2249 600 2282 tamen
624 2258 753 2294 quem-

100 2312 209 2349 quam
228 2298 376 2336 dicimus
397 2313 439 2337 ex
458 2301 529 2338 deo
546 2301 601 2339 vel
621 2315 664 2339 ex
686 2301 751 2339 he-

100 2358 165 2393 roe
184 2369 265 2394 esse
286 2359 570 2404 generatum.““
590 2357 752 2395 Attende

101 2417 278 2450 extrema:
308 2432 364 2440 —-
377 2410 467 2451 οὕτε
485 2412 524 2460 ἐς
544 2410 664 2462 θεὸν,
686 2411 751 2453 οὔ-

100 2482 141 2506 τε
171 2467 212 2515 ἐς
236 2465 349 2518 ἥρωα
369 2464 566 2520 ἀνέδησαν
594 2465 749 2516 αὐτούς.

100 2524 200 2562 Nihil
227 2525 335 2573 igitur
361 2526 509 2572 certius,
539 2539 648 2575 quam
674 2527 753 2563 He-

101 2585 263 2618 cataeum
281 2607 293 2626 ‚
331 2582 392 2630 qui
428 2582 536 2619 deum
568 2587 752 2620 auctorem

100 2637 156 2673 sui
195 2637 339 2685 generis
377 2639 554 2686 proferret
574 2667 584 2685 ,
632 2638 752 2676 heroas

99 2693 208 2730 etiam
229 2693 323 2730 inter
347 2692 506 2730 Milesios
528 2707 612 2731 suos
639 2695 752 2732 maio-

100 2761 159 2786 res
194 2750 364 2796 iactasse,
405 2750 480 2787 sive
501 2750 749 2800 Κρείττονας.

101 2805 242 2850 Quibus
266 2805 362 2843 salse
382 2805 559 2844 Thebaici
581 2808 752 2845 sacerdo-

823 785 878 818 tes
900 780 1146 817 obtrudebant
1164 781 1241 818 illos
1259 794 1342 817 suos
1356 810 1366 827 ,
1385 793 1477 830 quos

824 838 1077 874 tantummodo
1098 832 1276 888 ἅγαθούς
1294 838 1476 875 dicebant.

824 916 878 920 —
911 894 1016 936 Quae
1041 906 1117 929 cum
1145 894 1196 930 ita
1225 895 1319 939 sint,
1357 894 1478 931 Hero-

825 950 950 986 dotum
982 962 1131 998 prorsus
1163 957 1330 987 accurate
1365 951 1478 1001 expli-

825 1019 930 1043 casse
960 1006 1112 1043 dixerim
1137 1008 1402 1057 Aegyptiacuin
1432 1007 1476 1043 il-

823 1062 884 1099 lud
910 1062 1129 1112 Πίρωμις.“
1194 1063 1316 1112 Atque
1340 1063 1476 1100 Lacro-

824 1120 919 1165 zius,
958 1120 1137 1157 referente
1158 1118 1364 1166 Larchero‚
1393 1133 1475 1157 cum

822 1175 1008 1225 Aegyptio
1038 1175 1149 1213 hocce
1179 1177 1325 1214 nomine
1363 1178 1474 1214 etiam

824 1231 996 1268 Indorum
1025 1234 1248 1282 comparavit
1274 1232 1476 1281 Bz‘roumas,

824 1287 984 1324 Bmhma
1022 1288 1216 1337 (Bc‘rma).
1291 1288 1398 1327 Adde
1433 1303 1476 1328 ex

825 1343 1054 1393 l‘l'esselingii
1079 1346 1127 1381 ad
1152 1345 1186 1381 h.
1205 1345 1226 1381 l.
1248 1351 1359 1392 nota,
1389 1347 1477 1383 Kir-

824 1400 931 1437 chero
951 1401 1189 1447 observante,
1223 1403 1383 1453 Πίρωμι
1401 1403 1477 1438 Co-

823 1457 897 1506 ptis
915 1469 993 1493 esse
1013 1459 1126 1493 virum
1138 1457 1269 1506 fortem
1282 1487 1291 1504 ,
1324 1459 1476 1503 heroem,-

824 1512 908 1549 alibi
947 1517 1069 1549 tamen
1108 1514 1314 1563 simpliciter
1349 1517 1477 1563 virum,

821 1569 986 1605 hominem
1018 1570 1095 1606 sine
1125 1569 1196 1606 ullo
1226 1571 1311 1607 boni
1345 1572 1475 1609 malive

821 1626 1083 1662 additamento.
1136 1626 1185 1663 Ac
1203 1629 1408 1677 nuperrime
1431 1641 1474 1665 ex

822 1682 1005 1719 WVelckeri
1023 1682 1188 1731 prolegg.
1206 1684 1252 1719 ad
1265 1684 1299 1720 T
1302 1684 1475 1733 heognid.

821 1750 906 1787 pag.
938 1738 1061 1774 XXIV
1101 1739 1239 1775 notavit
1271 1740 1475 1778 Heerenius

822 1794 965 1840 (Ideen
988 1794 1018 1830 II
1034 1822 1044 1840 ‚
1065 1798 1091 1835 2
1112 1807 1196 1845 pag.
1219 1798 1325 1844 128)
1354 1797 1475 1834 Hero-

823 1851 952 1888 doteas
987 1863 1093 1887 voces
1132 1849 1248 1898 καλὸς
1284 1848 1475 1904 κάγαθὸς,

823 1908 951 1955 quibus
971 1906 1186 1957 Aegyptium
1207 1921 1340 1946 nomen
1362 1910 1476 1960 expli-

823 1968 945 2010 cetur,
977 1964 1122 2001 minime
1141 1965 1189 2000 ad
1220 1978 1358 2002 morum
1387 1979 1475 2016 pro-

823 2020 972 2058 bitatem
1001 2024 1111 2068 atque
1138 2021 1387 2070 integritatem
1416 2035 1478 2060 re·-

821 2077 991 2113 ferendas
1010 2090 1108 2123 esse,
1134 2091 1258 2115 verum
1280 2079 1328 2115 ad
1350 2079 1474 2130 stirpis

820 2133 1047 2170 nobilitatem
1071 2146 1114 2170 ac
1135 2136 1408 2184 praestantiam.

999 2218 1030 2255 C
1041 2229 1106 2268 ap.
1138 2218 1304 2257 CXLIV.

875 2298 1000 2348 θεούς
1029 2298 1130 2340 εἶναι
1157 2300 1250 2350 τούς
1285 2301 1328 2342 ἒν
1348 2297 1470 2354 Αἰγύ-

819 2372 902 2410 πτῳ
924 2354 1114 2408 ἄρχοντας
1132 2373 1165 2397 κ.
1185 2375 1216 2397 τ.
1235 2358 1282 2410 λ.]
1313 2359 1371 2397 De
1401 2360 1470 2397 diis

819 2415 856 2451 in
877 2416 1047 2464 Aegypto
1084 2417 1318 2463 regnantibus
1346 2416 1468 2453 scribit

819 2483 965 2520 quoque
984 2471 1133 2508 Diodor.
1164 2472 1199 2519 I,
1220 2476 1283 2513 12.
1306 2471 1378 2517 44,
1408 2472 1469 2509 ubi

819 2527 890 2563 vid.
919 2528 1135 2576 Wesseling.
1190 2527 1391 2565 Larcherus
1422 2529 1470 2566 ad

820 2582 907 2619 illud
946 2584 1049 2632 regni
1089 2597 1204 2632 genus
1235 2585 1324 2621 haec
1355 2585 1470 2622 relata

818 2639 916 2685 vult,
948 2641 1047 2688 quod
1070 2641 1220 2677 deorum
1238 2641 1383 2689 quidem
1398 2654 1467 2678 no-

819 2707 902 2732 men
934 2695 1093 2743 habeat,
1137 2709 1263 2734 revera
1290 2702 1413 2735 autem
1445 2710 1468 2735 a

819 2752 1063 2788 sacerdotibus
1076 2753 1468 2801 administretur,theo-

817 2807 988 2845 craticum
1003 2808 1109 2858 vulgo
1130 2809 1324 2861 appellant.
1354 2810 1468 2861 Equi-

1483 486 1582 512 osirin
1607 486 1756 514 Bacchum

1481 527 1566 550 esum
1587 520 1698 556 otum,
1719 522 1754 547 A-

1478 552 1630 589 poIIIuein.
