1877 3223
657 207 876 246 CLlO.
934 208 962 245 1.
1398 210 1427 249 9

145 331 218 363 σαι,
246 322 328 362 τοῦ
366 316 564 374 βασιλέος
590 318 671 373 τὴν
709 315 929 373 θυγατέρα
958 313 1194 373 Εὐρώπην.

1254 318 1430 372 (εἴησαν

122 395 187 442 36’
220 395 275 440 ἂν
306 392 429 440 οὗτοι
449 397 651 454 Κρῆτες.)
677 400 813 440 ταῦτα
835 395 914 453 μὲν
944 394 997 452 δὴ
1028 397 1101 439 ἴσα
1127 407 1208 451 σφι
1229 394 1338 449 πρὸς
1358 398 1431 440 ἰ’σα

146 477 363 533 γενέσθαι.

106 725 340 762 vetustissimi
395 726 527 775 poetae
573 724 760 775 Europam

108 781 317 830 simpliciter
345 781 534 818 Phoenicis
562 781 671 818 filiam
695 794 760 832 ap-

108 837 264 887 pellent,
299 838 526 875 Herodotum
569 838 643 874 vult
694 851 761 887 pro

109 893 281 930 historiae
307 895 446 931 ratione
471 894 761 942 (historisirend)

109 950 263 1000 primmn
320 951 415 1000 patri
481 950 580 999 regis
629 963 762 988 nomen

110 1007 298 1043 indidisse.
333 1006 403 1043 Est
423 1006 546 1055 utique
566 1007 690 1043 fabula
714 1007 761 1043 de

110 1062 276 1112 Europa,
334 1076 443 1111 quam
488 1062 649 1112 luppiter
695 1063 761 1098 sub

110 1119 204 1156 tauri
225 1119 346 1168 specie
363 1119 529 1168 rapuisse
551 1120 674 1166 fertur,
705 1132 763 1156 ce-

111 1175 350 1213 lebratissima
375 1188 442 1211 nec
468 1176 585 1211 minus
609 1176 657 1211 ad
679 1174 763 1212 reli-

112 1232 257 1279 gionem
277 1244 383 1279 quam
409 1232 457 1267 ad
480 1231 667 1267 historiam
699 1244 763 1268 an-

110 1287 349 1336 tiquissimam
363 1288 559 1336 pertinens.
617 1287 676 1324 De
693 1299 766 1335 qua

111 1343 207 1380 idem
238 1342 302 1379 Cr.
325 1356 393 1378 nos
416 1344 587 1379 amandat
607 1343 653 1378 ad
674 1343 765 1378 Bist-

111 1400 267 1448 tigerum
299 1399 435 1447 (Ideen
470 1412 534 1435 zur
563 1399 766 1446 Kunstmy-

111 1455 274 1504 thologie
326 1469 361 1505 p.
404 1457 487 1495 307
534 1456 664 1503 sqq.)‚
702 1455 763 1503 qui

112 1512 221 1549 hacce
256 1511 378 1548 fabula
412 1511 516 1547 nihil'
542 1511 639 1548 aliud
692 1510 763 1547 nisi

113 1569 272 1605 colonias
304 1568 342 1604 in
377 1567 526 1605 Cretam
554 1567 706 1603 insulam
744 1579 766 1602 a

112 1624 352 1662 Phoenicibus
419 1625 592 1661 deductas
651 1623 767 1672 signi-

113 1680 211 1718 ficari
252 1681 447 1718 contendit.
504 1680 669 1717 Pluribus
699 1692 766 1730 po-

113 1741 193 1774 stea
233 1737 271 1773 in
309 1737 467 1774 fabulam
508 1737 554 1774 de
597 1738 767 1786 Europae

115 1797 221 1842 raptu
241 1794 468 1842 inquisivisse
489 1794 594 1831 video
622 1792 764 1830 Hoeck.

115 1850 152 1885 in
195 1849 307 1886 Creta
347 1850 363 1885 I
405 1863 440 1898 p.
482 1851 534 1890 83
567 1864 667 1899 sqq.,
718 1849 765 1885 ad

116 1906 365 1943 commercium
384 1905 602 1942 Phoenicum
623 1906 767 1953 religio-

117 1974 255 2010 nesque
278 1961 322 1997 ab
351 1961 416 1996 illis
445 1962 621 1998 Graeciae
649 1962 767 1997 illatas

116 2018 345 2069 potissimum
371 2018 632 2066 respicientem.
672 2017 769 2053 lnter

116 2079 275 2120 veteres,
305 2074 365 2122 qui
402 2073 559 2110 fabulam
592 2073 770 2122 explicare

116 2131 347 2175 studuerunt,
386 2130 501 2179 primo
523 2128 601 2165 loco
622 2129 681 2166 ille
703 2142 770 2178 po-

118 2187 172 2223 nit
187 2186 428 2232 Herodotum,
449 2199 555 2234 quem
576 2189 697 2222 tamen
715 2186 769 2220 in-

118 2247 259 2280 ternam
282 2242 424 2279 fabulae
456 2242 634 2278 rationem
652 2241 770 2278 minus

120 2298 351 2349 perspexisse
366 2299 550 2335 contendit
570 2298 613 2345 (‚‚
623 2311 662 2334 er
676 2299 770 2334 sass-

121 2359 159 2392 te
192 2356 264 2391 ‹len
297 2353 443 2401 Mythus
472 2354 600 2391 hochst
630 2356 772 2391 ausser—

121 2411 249 2459 lieh“)
296 2423 371 2447 non
413 2411 482 2447 alio
533 2412 609 2448 fere
649 2411 774 2456 niodo,

124 2479 233 2516 quam
252 2480 323 2515 quo
342 2467 562 2516 posteriores
578 2467 771 2516 scriptores

124 2522 180 2560 vel
209 2535 229 2558 a
252 2536 442 2572 parasemo
466 2523 559 2559 tauri
586 2523 643 2560 vel
675 2536 696 2559 a
715 2535 773 2558 ra-

126 2583 249 2628 ptore,
287 2580 342 2615 cui
366 2592 499 2616 nomen
527 2579 689 2626 Taurus,
719 2580 774 2615 fa-

125 2634 230 2671 bulae
247 2635 402 2682 origines
418 2636 639 2684 repetierint.
660 2635 774 2683 Equi-

125 2691 209 2727 dem
226 2694 347 2728 tamen
366 2691 487 2728 malim
513 2692 556 2727 iis
582 2691 776 2737 accenseri,

125 2747 187 2795 qui
214 2760 293 2782 cmii
323 2747 512 2784 Herodoto
541 2748 658 2784 minus
692 2760 775 2797 per-

126 2804 287 2852 spicaces
311 2808 412 2849 sunt,
443 2816 551 2852 quam
568 2805 626 2852 qui
649 2805 694 2840 (le
711 2804 773 2840 hu-

127 2859 279 2897 iusmodi
323 2860 428 2897 rebus
469 2860 639 2897 historiae
671 2866 776 2911 patre

423 475 547 520 Mau}
600 476 646 520 δὲ
690 478 856 529 ταῦτα,
890 473 1100 532 ’Έλληνας
1146 476 1308 527 αἰτίους
1356 479 1475 532 τῆς35

816 724 935 762 verius
971 737 1012 762 se
1047 728 1207 760 statuere
1245 734 1357 773 posse
1395 722 1476 771 opi-

817 785 956 818 nentur.

877 836 1015 887 εἴησαν
1036 830 1074 874 δ’
1103 830 1154 872 ἂν
1177 827 1287 874 οὗτοι
1302 835 1474 885 Κρῆτες]

818 894 930 930 Haud
964 893 1044 929 sine
1072 891 1220 929 consilio
1248 892 1339 929 haec
1369 891 1474 926 addi-

820 951 917 987 disse
963 949 1105 985 videtur
1137 951 1243 997 pater
1290 947 1475 993 historiae,

819 1020 898 1042 cum
919 1005 1039 1055 prisco
1061 1004 1258 1040 admodum
1275 1016 1363 1040 aevo
1384 1003 1476 1039 Cre-

817 1067 968 1108 tenses,
1015 1060 1207 1098 calliditate
1245 1072 1287 1095 ac
1320 1058 1477 1095 versutia

818 1117 1012 1169 postmodo
1046 1118 1220 1161 infames,
1259 1128 1299 1152 re
1334 1115 1477 1151 nautica

818 1176 913 1212 inter
946 1172 1102 1221 reliquas
1131 1171 1308 1208 Graeciae
1345 1175 1475 1220 gentes

820 1229 1029 1268 excelluisse
1065 1232 1217 1265 constet.
1285 1228 1405 1271 Quam
1438 1227 1477 1263 in

820 1301 897 1324 rem
941 1285 971 1322 C
977 1299 1005 1322 r
1047 1286 1132 1322 citat
1175 1283 1340 1332 Thucy.d
1384 1283 1418 1330 Ι,
1447 1282 1474 1323 4

819 1347 930 1391 atque
976 1340 1205 1391 proverbium
1240 1337 1263 1378 ὁ
1292 1336 1406 1389 Κρης
1434 1335 1478 1377 δὲ

819 1413 888 1437 τον
909 1392 1078 1443 πόντον,
1115 1396 1213 1432 cuius
1235 1396 1393 1431 rationes
1415 1407 1478 1431 ex-

818 1454 942 1505 posuit
985 1451 1104 1490 Schol.
1149 1450 1318 1487 Aristidis
1362 1463 1479 1500 nuper

821 1510 987 1559 vulgatus
1018 1522 1039 1545 a
1072 1507 1291 1545 Frommelio
1326 1520 1362 1556 p.
1397 1505 1477 1547 185

822 1581 876 1616 sq
885 1597 895 1614 ‚
926 1565 1005 1602 coll.
1017 1565 1159 1601 Eiasm.
1168 1563 1313 1612 Adagg.
1328 1577 1363 1613 p.
1383 1562 1478 1603 653.

821 1623 904 1660 Alia
936 1623 984 1659 de
1022 1594 1274 1658 CretensiumD
1281 1622 1479 1657 θαλασσο-

822 1678 963 1732 κρατία
983 1677 1225 1727 adEphorum
1240 1676 1360 1713 citavit
1376 1674 1478 1711 Mar-

823 1738 899 1774 xius
929 1736 966 1771 in
997 1736 1126 1782 siagm.
1163 1747 1199 1783 p.
1226 1735 1316 1773 162.
1344 1731 1480 1769 ——De

824 1792 974 1843 optativi
1000 1804 1066 1826 usu
1089 1790 1214 1826 addita
1235 1783 1444 1839 particula
1427 1801 1480 1826 αν

824 1852 892 1895 (see
907 1848 1061 1884 miichten
1078 1846 1272 1893 υιεῖΙθιεΙιΐ)
1292 1847 1336 1882 cf.
1347 1842 1478 1880 Matth.

824 1905 861 1957 ἓ.
887 1904 1030 1950 514,2
1055 1917 1090 1952 p.
1110 1906 1204 1944 977

880 1963 1004 1998 ταῦτα
1031 1956 1101 2008 μὲν
1125 1955 1174 2006 δή
1202 1956 1268 1994 ἴσα
1289 1967 1364 2007 σφι
1385 1950 1481 2004 πρὸς

826 2016 893 2055 ἰ’σα
913 2013 1116 2067 γενέσθαι]
1148 2013 1191 2049 ln
1209 2013 1336 2049 ordine
1350 2011 1480 2047 verbo-

826 2086 904 2109 rum
930 2072 1005 2108 iure
1021 2070 1133 2106 secuti
1157 2082 1279 2105 sumus
1303 2067 1417 2104 Schw.
1443 2071 1479 2104 et

827 2129 945 2165 Gaisf.
982 2127 1045 2163 Vir
1086 2126 1210 2162 doctus
1251 2124 1397 2173 quidam
1442 2123 1480 2158 in

826 2184 980 2234 Ephem.
1006 2182 1168 2219 Ienenss.
1191 2182 1297 2221 1817
1324 2193 1376 2215 nr.
1399 2180 1479 2220 163

827 2255 863 2292 p.
888 2241 971 2281 362
1004 2238 1140 2275 mavult
1175 2238 1366 2287 pristinum
1400 2247 1480 2271 ver—

830 2299 958 2334 bolum
992 2295 1157 2331 ordinem
1200 2293 1363 2330 retineri.
1413 2290 1480 2329 ι’σα

828 2350 925 2402 πρὸς
954 2351 1019 2390 ἰ’σα
1042 2362 1133 2399 σφι,
1163 2363 1209 2387 ne
1236 2349 1372 2385 scilicet
1396 2360 1482 2397 pro-

828 2409 996 2446 verbialis
1014 2406 1200 2443 locutionis
1226 2418 1319 2454 quae
1339 2406 1385 2440 sit
1406 2405 1482 2440 for»

829 2479 889 2503 ma
907 2466 992 2511 (der
1004 2461 1315 2513 spriichwortliche
1329 2460 1480 2500 Schein)

829 2524 992 2558 intereat.
1034 2519 1187 2555 Confert
1209 2516 1365 2554 Wessel.
1386 2516 1483 2552 infra

829 2578 901 2624 lx
931 2577 1000 2617 48:
1032 2574 1112 2614 ἰ’σοι
1127 2570 1220 2625 πρὸς
1241 2572 1351 2619 ἰ’σους
1367 2569 1482 2624 ἅριθ-

831 2648 908 2685 μον
929 2627 1200 2683 μαχεσόμεθα,
1230 2630 1390 2677 aliosque
1413 2629 1482 2664 So·-

830 2690 967 2741 phoclis
993 2689 1108 2735 locos,
1138 2686 1372 2750 Antig.146.
1396 2684 1483 2721 Phi-

831 2747 911 2783 loct.
932 2745 1024 2786 695.
1056 2744 1110 2780 Ut
1127 2744 1222 2780 enim
1240 2743 1276 2778 in
1293 2740 1482 2778 sententiis

831 2803 927 2840 haud
952 2814 1033 2837 raro
1058 2801 1151 2837 inter
1180 2804 1372 2846 utrumque
1396 2797 1482 2833 scri-

832 2863 973 2910 ptorem
993 2856 1177 2903 convenit,
1207 2856 1252 2893 de
1273 2868 1345 2904 quo
1370 2863 1484 2903 nuper
