1909 3228
698 217 1000 258 cL10.1.
1395 222 1479 263 239

460 326 469 340 ἱ
531 328 542 342 ἱ
616 324 625 340 Ι
818 328 828 342 ἱ
1134 328 1144 343 Ι
1323 328 1332 343 Ι
1598 338 1606 347 ι
1679 339 1688 346 -
1719 339 1728 347 -
1795 356 1806 360 -

335 328 474 370 Λυδοι
503 328 548 372 δε
575 338 750 384 νομοισι
784 345 864 384 μεν
892 331 1233 385 παραπλησιοισι
1260 344 1467 385 χρεωνται
1479 335 1741 407 ⁵53⁴J1ss¹0t¹3¹=2=¹2¹n
1744 348 1807 401 3¹21„

1532 407 1707 439 signarunt:
1720 407 1807 442 primi

1532 448 1684 475 cauponas
1723 442 1807 468 insti-

1529 476 1671 500 tuerunt:
1718 474 1806 510 primi

1528 506 1614 533 ludos
1634 507 1727 534 omnis
1755 515 1807 542 ge—

1527 540 1609 567 neris
1620 541 1806 568 invenerunt.

1528 573 1679 607 Lydorum
1691 575 1808 601 colonia

1528 608 1583 634 sub
1648 607 1807 642 Tyrrheno

1532 641 1616 674 Atyis
1640 641 1720 675 regia
1745 641 1808 668 filio

1531 673 1620 702 ducta
1636 675 1668 702 in
1692 674 1807 702 Umbri-

1530 715 1590 737 am.

102 338 170 383 94

225 405 299 449 καὶ
317 405 535 462 Ἕλληνες·
564 408 695 463 χωρὶς
723 407 751 465 ἢ
780 408 846 452 ὅτι
875 407 927 451 τοὶ
957 407 1098 464 θήλεα
1120 406 1246 451 τέκνα
1261 424 1479 463 καταπορ-

221 485 412 529 νεύουσι.
469 491 634 541 πρῶτοι
664 488 710 532 δὲ
740 485 1010 543 ἀνθρώπων,
1057 491 1146 529 τῶν
1179 485 1300 543 ἡμεῖς
1335 489 1471 543 ἴδμεν,

221 563 411 622 νόμισμα
440 571 606 622 χρυσοῦ
635 568 710 612 καὶ
737 566 936 624 ἀργύρου
961 565 1201 623 κοψάμενοι
1221 566 1470 624 ἐχρήσαντο·

167 795 248 819 eum
270 783 336 820 suit
353 783 478 822 lacum.
508 785 609 823 Vidit
631 785 816 824 Chandle-

166 850 225 874 rus
253 839 366 877 lacum
397 846 433 878 et
461 843 581 879 ruinas
609 843 705 880 haud
729 856 816 893 pro-

164 895 219 931 cul
240 895 339 933 sitas.
381 897 445 934 Cr.
464 898 585 936 laudat
604 899 754 937 Homer.
776 899 815 936 ll.

164 949 217 998 ΙΙ,
247 954 327 994 863
360 954 483 1003 ibique
511 955 631 1004 Heyn.
661 956 739 993 coll.
767 957 815 992 ad

165 1006 255 1055 XX,
278 1011 371 1050 391.
403 1011 521 1048 Strab.
543 1012 628 1049 XIII
655 1026 690 1063 p.
720 1015 815 1059 626,

162 1062 206 1100 B·
238 1069 339 1113 627,
362 1067 418 1113 Β,
448 1081 520 1116 quo
547 1069 583 1105 in
601 1068 679 1106 loco
700 1070 813 1106 citan-

161 1124 220 1156 tur
246 1135 340 1170 quae
370 1125 468 1173 apud
498 1124 727 1163 Herodotum
755 1125 813 1162 hic

161 1175 340 1226 leguntur.
408 1180 516 1217 Conf.
564 1183 720 1219 eundem
758 1181 812 1218 XI

162 1229 519 1284 εΧῐΓ.--οἷείναος,
559 1238 675 1286 qualis
710 1238 809 1275 locus

161 1289 229 1328 iste
248 1303 270 1327 a
296 1290 413 1340 Lydis
437 1294 678 1342 praedicatur,
708 1293 813 1332 Lati-

158 1358 287 1383 norum
307 1352 363 1384 est
377 1351 536 1397 perennis
549 1378 559 1396 ‚
578 1362 620 1387 ac
634 1350 744 1399 vulgo
765 1351 812 1387 de

158 1403 276 1439 fluviis
297 1404 447 1451 dicitur,
477 1410 516 1442 ut
540 1405 632 1443 infra
660 1406 698 1453 I,
730 1405 809 1447 145

157 1456 330 1510 ποταμὸς
350 1455 518 1508 οἷένναος
537 1462 641 1511 (nam
661 1463 711 1499 sic
731 1462 810 1499 libri

157 1516 348 1565 offerunt),
376 1517 530 1567 aliisque
558 1518 647 1556 locis
669 1519 808 1555 similia.

157 1571 253 1610 Hinc
273 1573 441 1610 Ciceroni
461 1575 508 1612 de
528 1588 568 1612 re
586 1575 685 1625 publ.
712 1576 759 1622 ll,
782 1575 808 1616 5

158 1627 304 1666 Tiberis
322 1634 378 1667 est
400 1633 561 1681 perennis
589 1633 731 1679 amnis3
761 1632 809 1668 ad

157 1697 266 1732 quem
311 1685 426 1723 locum
471 1688 577 1737 plura
615 1689 722 1725 etiam
762 1689 809 1725 de

159 1740 301 1778 Graeco
309 1743 484 1779 vocabula
493 1744 685 1794 adscripsit
695 1746 810 1782 Creu-

158 1810 263 1834 zerus
287 1810 372 1848 pag.
400 1798 493 1840 214.
551 1800 690 1836 Vocula
717 1802 811 1851 ipsa,

158 1855 358 1903 composita
381 1867 424 1891 ex
447 1850 510 1893 οἷεὶ
543 1859 580 1892 et
609 1852 716 1904 νοῖω,
744 1856 812 1892 At-

155 1910 233 1947 ticis
278 1911 454 1947 formatur
509 1906 670 1959 οἷείνωςς
734 1916 809 1949 not.

154 1966 365 2004 Buttmann.
422 1967 636 2004 Grammatt.
685 1969 811 2004 maior.

155 2036 192 2073 p.
203 2023 285 2065 250
305 2028 342 2061 et
356 2022 487 2061 Matth.
509 2023 546 2075 g.
571 2023 651 2065 124
664 2037 702 2075 p.
715 2024 811 2066 247.

342 2107 373 2144 c
390 2120 412 2144 a
426 2121 464 2158 p.
494 2107 628 2145 XCIV.

209 2213 265 2220 —-
282 2190 473 2243 χρέωνται
503 2189 569 2230 καὶ
594 2188 808 2243 Ι’Ἰῖἰλληνες]

154 2246 243 2286 Non
268 2249 477 2299 scripsimus
501 2247 705 2299 χρέονται,
734 2263 808 2299 quo

154 2309 277 2343 tamen
298 2305 497 2343 inclinabat
520 2305 660 2342 animus
693 2306 763 2353 (cf.
777 2306 806 2353 Ι,

153 2362 242 2410 34),
282 2362 455 2411 quoniam
479 2361 575 2398 nullo
608 2363 719 2400 modo
751 2363 808 2400 hic

154 2429 177 2452 a
194 2417 341 2466 vulgata
363 2419 537 2455 recedunt
565 2417 658 2455 libri.
697 2419 806 2456 Conf.

153 2471 284 2510 Matth.
302 2472 339 2524 ἓ.
353 2476 404 2514 11
423 2487 510 2524 pag.
530 2476 662 2516 51.—
678 2474 807 2511 Proxi-

153 2541 251 2564 mum
270 2529 336 2567 καὶ
359 2534 485 2579 atque,
515 2543 617 2580 quam
637 2535 722 2581 post
741 2544 806 2567 vo-

153 2584 283 2621 cabula
308 2586 550 2622 similitudinis
570 2588 659 2622 satis
678 2591 804 2624 notum

153 2652 174 2677 e
194 2640 316 2689 Viger.
338 2643 468 2690 p.522
483 2647 519 2679 et
530 2642 661 2679 Matth.
673 2641 708 2693 ἓ.
720 2645 803 2685 620

151 2708 238 2745 pag.
269 2698 388 2738 1258.
417 2697 526 2735 Conf.
544 2698 581 2745 I,
600 2698 666 2739 35.
696 2698 805 2736 Plura

151 2752 283 2789 Struve
305 2753 463 2803 Specim.
492 2754 644 2798 Quaest.
664 2754 804 2793 Herod.

150 2820 186 2854 p.
207 2809 261 2849 25
281 2822 359 2858 seq.

210 2862 327 2912 χωρὶς
341 2860 372 2917 ἦ
393 2860 452 2906 ὅτι
471 2862 519 2906 τοὶ
539 2861 669 2918 θήλεα
687 2864 804 2907 τέκνα

883 782 1244 838 καταπορνεύουσι]
1265 784 1533 842 καταπορνεύ-

886 854 974 881 ουσι
990 842 1106 891 (quod
1128 857 1318 894 perperam
1334 850 1533 884 verterant:

886 901 994 936 vitam
1014 902 1242 937 meretriciam
1263 904 1409 950 agunt),
1438 916 1534 940 nunc

882 956 1012 992 rectius
1040 957 1218 994 reddunt:
1255 961 1350 994 vitae
1376 962 1532 996 meretri-

883 1014 959 1048 ciae
978 1013 1134 1050 tradant.
1193 1014 1254 1050 Sic
1268 1014 1360 1051 infra
1383 1015 1425 1062 Ι,
1449 1018 1531 1057 196

880 1073 990 1117 atque
1011 1069 1172 1106 Thomas
1192 1069 1368 1119 Magister
1386 1085 1422 1121 p.
1446 1073 1530 1113 376

881 1124 1083 1174 explicans:
1123 1125 1179 1172 εἰς
1208 1127 1398 1179 πορνείαν
1426 1127 1529 1169 ἐκδι-

881 1176 1008 1220 &ovam

934 1239 1085 1288 πρῶτοι
1100 1235 1142 1277 δὲ
1153 1232 1385 1291 ἀνθρώπων
1397 1236 1531 1281 -νό-

879 1305 1003 1344 μισμα
1050 1297 1202 1352 χρυσοῦ
1239 1294 1306 1335 καὶ
1355 1292 1532 1349 οἷργύρου

877 1345 1105 1399 κοψάμενοι
1135 1347 1375 1403 ἐχρήσαντο]
1425 1354 1532 1401 Sunt,

878 1406 940 1454 qui
974 1406 1180 1444 Phidonem
1216 1407 1436 1456 Argivorum
1474 1414 1533 1458 ty-

877 1474 1030 1498 rannum
1049 1463 1202 1512 primum
1219 1468 1402 1501 monetam
1418 1464 1533 1514 Aegi-

877 1530 947 1555 nae
966 1519 1169 1556 cudendam
1191 1524 1336 1558 c'urassc
1355 1525 1530 1569 statuant,

877 1586 973 1611 anno
995 1576 1076 1616 869
1103 1588 1135 1612 a.
1161 1576 1246 1612 Chr.
1273 1590 1309 1613 n.
1366 1577 1426 1615 De
1454 1591 1529 1628 quo

877 1630 1042 1669 Phidone
1078 1632 1158 1681 ipse
1188 1632 1400 1670 Herodotus
1433 1647 1529 1671 non-

877 1687 974 1724 nulla
1002 1689 1125 1738 prodit
1162 1688 1234 1736 vl,
1266 1692 1366 1738 177,
1419 1703 1529 1740 quem

879 1749 1003 1781 tamen
1030 1745 1171 1782 veriora
1204 1745 1261 1782 hic
1289 1748 1433 1784 tradere
1460 1761 1530 1797 pu-

879 1804 959 1836 tant
979 1801 1025 1837 de
1054 1806 1201 1839 moneta
1227 1803 1393 1839 cudenda
1412 1815 1434 1839 a
1451 1802 1529 1852 Ly-

880 1856 937 1891 dis
965 1856 1122 1893 inventa.
1183 1857 1289 1900 Quae
1318 1859 1414 1895 enim
1441 1858 1530 1896 Plu-

879 1912 1023 1948 tarchus
1043 1913 1089 1949 de
1109 1912 1228 1948 numis
1249 1926 1270 1949 a
1291 1913 1439 1951 Theseo
1465 1928 1529 1952 cu-

880 1967 929 2002 sis
958 1972 993 2004 et
1008 1967 1110 2004 bovis
1133 1969 1255 2016 effigie
1277 1970 1430 2017 signatis
1441 1984 1529 2020 pro-

879 2023 1014 2059 diderit
1041 2023 1134 2071 (Vit.
1151 2024 1265 2062 Thes.
1287 2038 1343 2075 cp.
1365 2024 1448 2076 [24]
1473 2026 1528 2068 25

879 2091 965 2129 pag.
989 2080 1059 2125 11)
1090 2093 1133 2117 ea
1163 2080 1209 2117 ab
1239 2082 1337 2118 omni
1359 2082 1529 2120 historia-

878 2148 957 2172 rum
975 2136 1048 2173 fide
1077 2140 1114 2173 et
1139 2137 1191 2173 rei
1219 2137 1444 2186 antiquariae
1468 2152 1528 2176 ra-

877 2191 978 2228 tione
1006 2205 1156 2241 prorsus
1188 2193 1381 2232 abhorrere
1403 2199 1528 2233 censet

877 2248 1046 2296 (notante
1079 2249 1173 2297 Cr.)
1210 2249 1366 2297 Payne-
1385 2251 1529 2300 Knight

876 2304 914 2340 in
931 2304 1103 2354 Prolegg.
1123 2305 1327 2343 Homericc.
1358 2305 1528 2357 §.LVHI

874 2374 961 2411 pag.
985 2362 1037 2402 55
1061 2362 1118 2399 ed.
1138 2360 1262 2411 Lips,
1292 2375 1372 2399 cum
1388 2364 1528 2402 Home-

875 2418 957 2453 rieis
973 2418 1081 2455 etiam
1100 2419 1345 2468 temporibus,
1365 2420 1426 2456 diu
1441 2423 1528 2471 post

874 2473 1013 2511 Thesei
1041 2479 1215 2521 aetatem,
1253 2484 1359 2512 omne
1389 2477 1529 2513 numis-

873 2531 978 2567 matis
1011 2543 1126 2579 genus
1157 2531 1308 2569 Graecis
1331 2531 1441 2582 plane
1472 2533 1528 2570 in-

872 2587 1059 2634 cognitum
1076 2588 1194 2625 fuerit.
1251 2588 1335 2625 Hoc
1361 2590 1526 2627 additum

871 2642 977 2680 velim
993 2672 1004 2690 ‚
1060 2657 1138 2680 cum
1177 2644 1369 2682 Herodoto
1407 2645 1525 2695 Lydis

872 2699 1118 2737 inventionem
1147 2704 1315 2738 monetae
1336 2702 1525 2740 cudendae

872 2756 1032 2793 tribuere
1055 2756 1320 2806 Xenophanem
1338 2758 1526 2809 Colopho-

872 2812 971 2848 nium
989 2814 1087 2862 apud
1106 2813 1239 2850 Polluc.
1262 2813 1335 2861 IX,
1354 2816 1379 2855 6
1412 2814 1448 2866 ἓ.
1471 2815 1524 2855 83

874 2871 910 2905 et
940 2867 1170 2908 Eustathium
1202 2870 1250 2907 ad
1271 2868 1426 2919 Dionys.
1454 2871 1525 2909 Pe-
