1877 3223
52 405 116 452 52

642 212 946 255 cL10.1.

1361 214 1444 257 125

162 325 283 372 εἶναι.
323 327 430 380 πρὸς
455 325 522 378 δὲ,
553 324 626 370 καὶ
652 327 729 382 τῆς
759 322 925 368 ἑωυτοῦ
950 321 1158 380 γυναικὸς
1184 320 1237 365 τοὶ
1260 319 1343 365 ἀπὸ
1366 326 1486 379 τῆς95

160 409 305 463 δειρῆς
337 404 521 461 ἀνέθηκε
552 401 574 446 ὁ
605 406 819 459 Κροῖσος,
864 403 939 446 καὶ
973 404 1049 453 τὰς
1080 399 1229 455 ζώνας.

159 486 238 542 μὲν
266 484 310 536 ἐς
339 482 542 540 Δελφοὺς
572 481 800 538 ἀπέπεμψε.
842 486 904 538 τῷ
934 483 980 526 δὲ
1005 478 1272 539 Ἀμφιάρεῳ,
1301 485 1440 524 πυθο-

158 579 286 620 μενος
319 562 457 607 αὐτοῦ
487 561 567 618 τήν
597 577 640 605 τε
670 560 826 618 ἀρετήν
854 561 927 605 καὶ
955 561 1034 618 τὴν
1061 559 1221 617 πάθην,
1254 557 1439 616 ἀνέθηκε

160 642 294 695 σάκος
321 658 366 686 τε
393 641 578 698 χρύσεον
605 644 715 692 πᾶν,
755 639 916 696 ὁμοίως
956 640 1031 684 καὶ
1069 638 1225 696 αἰχμήν
1264 638 1439 697 στερεὴν

159 726 304 766 πᾶσαν
330 720 538 777 χρυσέην,
577 718 625 763 τό
658 719 814 772 ξυστόν
843 723 941 776 τῇσι
969 717 1146 776 λόγχῃσι
1175 717 1248 763 ἐόν
1279 718 1439 775 ὁμοίως

157 798 341 857 χρύσεον
350 815 359 824 ·

113 987 234 1037 ipsum
254 988 397 1024 fuerant
425 984 486 1034 qui
516 985 553 1022 in
583 985 766 1036 discepta*

113 1045 248 1081 tionem
276 1047 457 1080 vocarent.
515 1041 585 1079 Alii
607 1044 764 1091 denique

113 1098 326 1137 vocabulum
362 1093 584 1149 α’ρτοκόπος
614 1100 765 1135 damna-

115 1160 220 1201 runt,
263 1159 304 1192 ut
330 1154 519 1202 ΡῘιΓ)-ΠίοΙι.
548 1155 584 1192 in
608 1154 763 1203 Eelogg.

114 1226 151 1263 p-
167 1215 249 1253 222
277 1211 371 1248 Lol).
399 1205 646 1276 α’ρτοκόπος,
677 1207 764 1250 οἷόὁ-

114 1282 243 1318 κιμον.
282 1282 356 1318 χρη
396 1263 439 1304 δὲ
483 1260 708 1319 οἷρτοπόπος
737 1263 765 1317 ἢ

115 1319 328 1374 οἷρτοποιὸς
357 1320 505 1373 Mysum
544 1323 604 1359 ubi
643 1326 766 1360 tamen

113 1378 300 1417 Lobeckio
332 1391 416 1429 pag.
440 1379 521 1419 223
551 1391 765 1428 persuasum

113 1440 191 1483 est,
229 1448 354 1473 vocem
376 1429 592 1485 ἀρτοκόπος
619 1438 765 1484 postre-

113 1505 173 1529 mo
192 1492 272 1528 loco
291 1491 418 1541 reponi
446 1491 601 1536 debere,
635 1495 671 1527 et
695 1485 764 1541 α’ρ-

112 1543 275 1594 τοποιός
295 1548 411 1598 primo
433 1546 534 1592 loco3
564 1547 601 1583 in
620 1547 764 1595 quoille

113 1606 224 1642 utitur
250 1603 472 1641 Herodoteis
509 1602 595 1640 locis
628 1603 667 1650 I,
710 1603 763 1644 51

115 1665 152 1698 et
162 1661 226 1707 IX,
241 1662 307 1707 82,
327 1661 396 1696 nisi
416 1659 560 1697 omnino
575 1660 766 1696 Gramma-

114 1717 245 1762 ticum,
274 1720 314 1752 ut
335 1716 440 1763 alibi,
469 1716 518 1752 ita
538 1716 596 1752 hic
619 1729 766 1764 quoque

118 1773 253 1809 rariora
265 1785 286 1807 v
278 1772 438 1808 ocabula
454 1771 718 1809 locutionesve
711 1785 766 1808 m-

115 1828 206 1864 iuria
230 1828 456 1893 vituperasse
479 1828 686 1865 credideris.
715 1828 765 1864 Et

117 1888 305 1921 occurrunt
325 1877 540 1935 αρτοκόποι
560 1897 589 1919 s.
608 1884 765 1946 pistores

117 1941 155 1976 in
176 1940 368 1977 Persarum
389 1952 533 1988 quoque
549 1939 630 1975 aula
645 1940 767 1986 legia3

116 1997 188 2033 vid.
209 1995 442 2045 Xenophont.
460 1994 604 2031 Hellen.
625 1994 705 2039 ΠΙ,
729 1995 765 2039 1,

115 2056 170 2094 26
181 2052 258 2088 coll.
271 2051 525 2100 CyropaedN,
537 2050 644 2095 5‚39.
656 2050 767 2086 Unde

115 2109 215 2159 apud
234 2106 438 2145 Iuvenalem
455 2106 532 2142 Sat.
555 2106 600 2153 V,
622 2109 677 2146 72
698 2106 767 2142 Ar-

116 2166 230 2214 tocopz‘
253 2163 396 2201 retineri
437 2161 581 2208 malim,
621 2161 768 2199 lubens—

118 2234 189 2270 que
209 2221 257 2257 ad.
287 2219 436 2257 VVeberi
465 2217 661 2268 nuperrimi
690 2217 768 2254 edi-

116 2277 208 2314 toris
225 2275 440 2313 sententiam
458 2275 611 2320 accedo,
642 2273 709 2310 hoc
720 2274 768 2310 de

115 2332 196 2370 loco
228 2331 409 2383 copiosius
449 2302 648 2397 s'DcribentiS.
707 2328 768 2366 Ad

117 2389 417 2438 significationem
447 2381 657 2453 οἷρτοποιος
692 2398 768 2422 non

119 2446 254 2482 distare
276 2445 321 2482 ab
350 2439 592 2496 ἀρτοκόπος,
623 2455 666 2480 eo
701 2442 768 2479 mi-

119 2512 188 2537 nus
211 2501 365 2537 dubitari
377 2500 529 2549 poterit
562 2512 641 2535 cum
653 2496 767 2536 Athe-

118 2568 232 2592 naeus
250 2556 322 2603 IV,
343 2556 406 2597 15.
437 2555 489 2596 41
520 2554 669 2592 alterum
689 2554 768 2591 He-

121 2612 239 2677 lpdoti
269 2611 385 2648 locum
407 2611 602 2675 respiciens
625 2610 768 2661 scripsit

122 2662 335 2720 οἷρτοποιός
350 2680 418 2717 pro
441 2661 673 2719 ἀρτοκόπος.

176 2742 225 2784 τοὶ
254 2741 330 2785 οῗπό
350 2747 419 2796 τῆς
441 2745 574 2797 δειρῆς
585 2740 767 2811 οἷνὲθηκε

116 2800 142 2842 o‘
162 2804 346 2853 Κροῖσος,
367 2799 433 2840 καὶ
453 2816 522 2848 τας
544 2796 689 2851 ζωνας]
719 2799 767 2840 τοὶ

123 2854 204 2899 ἄπο
229 2860 302 2910 τῆς
329 2859 462 2911 δειρῆς
500 2862 585 2896 sunt
612 2859 766 2907 mentha,

418 797 470 843 τὰ
509 799 570 843 ἔτι
605 799 679 843 καὶ
719 796 948 856 ἀμφότερα
986 798 1029 850 ἐς
1068 797 1139 855 ἐμὲ
1175 792 1230 854 ἦν
1264 799 1438 854 κείμενα

832 984 919 1022 collo
949 984 1069 1022 uxoris
1102 981 1282 1031 detracta,
1320 996 1367 1021 ne
1395 983 1483 1032 quid

832 1042 965 1079 scilicet
984 1040 1140 1090 Apollini
1159 1053 1318 1088 negasse
1341 1040 1485 1077 videre-

830 1102 909 1144 tur,
938 1101 978 1134 ut
1003 1096 1183 1134 existimat
1202 1096 1483 1145 wesselingius,

832 1158 917 1204 apte
960 1154 1160 1190 admonens
1210 1151 1387 1189 Athenaei
1431 1151 1484 1189 VI

830 1223 867 1261 p.
888 1212 970 1251 232
992 1210 1037 1247 de
1067 1208 1171 1244 simili
1194 1210 1351 1257 quodam
1371 1210 1483 1254 dono,

835 1271 870 1303 et
889 1265 1070 1302 Eustathii
1092 1266 1140 1301 ad
1169 1264 1318 1303 Homer.
1347 1265 1483 1313 Odyss.

832 1335 868 1373 p.
890 1321 995 1368 453,
1024 1323 1078 1362 23
1098 1320 1210 1357 Basil.

1050 1432 1162 1483 Cap.
1191 1431 1272 1470 LII.

889 1506 1121 1561 πυθόμενος
1163 1506 1288 1549 αὐτοῦ
1331 1505 1405 1560 τήν
1443 1523 1484 1548 τε

833 1563 976 1619 ἄρετήν
994 1566 1061 1605 καὶ
1087 1564 1162 1618 τὴν
1187 1562 1356 1616 πάθην]
1387 1567 1482 1616 Spe-

833 1629 930 1662 ctant
948 1624 1036 1661 haec
1056 1625 1103 1660 ad
1123 1637 1165 1661 ea
1178 1652 1187 1670 ,
1220 1636 1313 1672 quae
1333 1624 1378 1660 de
1394 1623 1481 1659 Am-

832 1681 971 1731 phiarai
1006 1681 1090 1717 satis
1132 1680 1263 1717 Graeci
1305 1680 1483 1717 ferebant.

831 1738 915 1773 vid.
933 1749 1043 1786 supra
1063 1736 1109 1773 ad
1129 1736 1166 1783 Ι,
1189 1736 1256 1777 46

887 1789 930 1831 τό
956 1789 1095 1840 ξυστον
1119 1794 1209 1846 τῆσι
1238 1786 1396 1844 λόγχῃσι
1417 1787 1483 1829 ε’ὀν

833 1846 977 1898 ὁμοίως
1015 1845 1206 1899 χρύσεον]
1267 1862 1311 1888 το
1342 1843 1484 1894 ξυστόν

834 1909 891 1941 est
918 1905 1041 1950 hasta,
1071 1917 1099 1939 s
1134 1904 1282 1947 hastzffle
1319 1901 1347 1953 ἡ
1368 1898 1483 1955 λογχη

833 1960 953 1995 hastae
983 1959 1153 2007 spiculum
1197 1972 1226 1995 s.
1264 1971 1400 2008 cuspes,
1445 1962 1484 1995 ut

833 2015 920 2061 Vll,
953 2017 1017 2054 69.
1052 2017 1118 2055 77.
1182 2012 1278 2051 Add.
1315 2014 1482 2051 Ammon.

834 2072 880 2108 de
899 2071 1093 2107 differentt.
1115 2070 1263 2107 vocabb.
1293 2083 1377 2120 pag.
1401 2072 1482 2111 100

832 2126 1099 2175 ibiq.Valcken.
1113 2125 1338 2162 Animadvss.
1351 2141 1387 2176 p.
1400 2128 1482 2167 170

834 2187 870 2221 et
892 2195 984 2231 quae
1011 2182 1080 2218 alia
1105 2182 1229 2218 laudat
1259 2182 1479 2231 W'Vesseling.

889 2238 1050 2288 mimam
1071 2237 1113 2277 ἐν
1125 2235 1292 2291 Θήβῃσι,
1313 2238 1379 2277 καὶ
1398 2240 1480 2289 Θη-

835 2295 961 2346 βαίων
996 2294 1038 2333 ἐν
1069 2297 1123 2347 τῷ
1152 2293 1259 2346 νηῷ]
1308 2295 1479 2331 Barthius

833 2351 1008 2389 maluerat
1028 2351 1188 2401 κείιιενα
1215 2350 1258 2389 ἐν
1279 2346 1346 2402 θή
1359 2366 1418 2405 κῃ
1433 2362 1480 2389 σι

837 2407 1050 2457 Θηβαίων,’
1079 2419 1291 2457 perperam,
1321 2411 1361 2444 ut
1386 2408 1481 2446 bene

833 2464 923 2500 vidit
959 2463 1178 2512 W'esseling.
1235 2463 1331 2501 Nam
1366 2459 1480 2515 θήκη

835 2524 891 2557 est
911 2520 1065 2566 bustum,
1095 2519 1226 2556 loculus
1253 2520 1343 2568 (vid.
1365 2519 1411 2566 ΙΙ,
1425 2522 1479 2560 67

834 2576 920 2624 ibiq.
944 2577 1074 2624 nott),
1103 2576 1247 2613 minime
1285 2589 1390 2623 vero,
1439 2579 1480 2612 ut

833 2632 1002 2669 Barthius
1021 2632 1211 2669 arbitratus
1228 2636 1308 2679 est,
1338 2633 1480 2669 thesau-

834 2701 894 2725 rus
916 2701 1105 2737 rerumque
1130 2701 1311 2724 sacrarum
1332 2689 1476 2725 savissa.

833 2744 914 2782 Nec
941 2745 1056 2793 magis
1084 2745 1347 2791 necessarium,
1378 2745 1478 2794 quod

833 2800 1004 2838 Reiskius
1040 2800 1248 2850 proposuit:
1294 2799 1361 2839 καὶ
1401 2801 1476 2850 Θη-

833 2854 957 2908 βέων,
986 2869 1064 2896 cum
1083 2856 1286 2896 huiusmodi
1305 2856 1477 2895 transitus

1290 404 1438 445 Ταῦτα
1483 409 1568 442 Quae
1593 408 1666 436 item
1691 409 1755 435 Am-

1483 443 1609 479 pliiarao
