1909 3228
675 217 979 260 cL10.1.

1376 222 1461 263 377

177 328 366 383 7ὤμοισι
395 329 691 385 περικείμενοι.
750 328 873 373 Μετὰ
903 328 972 382 δὲ,
999 327 1101 380 τούς
1130 329 1281 382 Κᾶρας
1308 328 1454 387 χρόνῳ

203 405 392 461 ὕστερον
427 412 573 467 πολλῷ
611 408 799 464 Δωριέες
838 424 883 452 τε
912 409 984 453 καὶ
1002 407 1148 459 Ἴωνες
1177 408 1460 465 ἐξανέστησαν

204 486 252 530 ἐκ
280 491 369 530 τῶν
400 487 572 544 νήσων·
603 488 676 531 καὶ
707 487 820 531 οὕτω
850 488 891 539 ἐς
919 487 999 545 τὴν
1027 487 1210 545 ἤπειρον
1238 485 1457 531 ἀπίκοντο.

177 565 331 609 8Κατοὲ
361 566 439 621 μὲν
469 566 520 623 δὴ
542 569 695 620 Κᾶρας
721 566 835 610 οὕτω
858 569 1024 623 Κρῆτες
1043 567 1217 624 λέγουσι
1241 567 1458 623 γενέσθαι.
1470 573 1517 609 20

207 643 262 689 οὐ
293 644 439 700 μέντοι
469 644 595 689 αὐτοί
621 661 668 701 γε
698 644 983 702 ὁμολογέουσι
1011 645 1206 690 τούτοισι
1232 647 1274 690 οἱ
1301 649 1459 701 Κᾶρες·

206 722 314 767 ἀλλὰ
350 725 578 780 νομίζουσι
624 721 749 768 αὐτοὶ
799 724 990 776 ἑωυτοὺς
1030 723 1142 768 εἶναι
1188 722 1461 780 αὐτόχθονας

204 801 468 858 ἠπειρώτας,
498 803 571 846 καὶ
599 806 661 861 τῷ
688 801 900 859 οὐνόματι
928 807 990 862 τῷ
1020 802 1140 864 αὐτῷ
1171 801 1235 847 ἀεὶ
1256 806 1461 860 διαχρεω-

176 881 364 937 9μένους
391 886 533 939 τῷπερ
562 886 658 926 νῦν.
716 881 998 927 ἀποδεικνῦσι
1038 883 1084 927 δὲ
1123 882 1171 926 ἐν
1208 882 1462 927 Μυλάσοισι

203 958 313 1011 Διὸς
341 962 515 1017 Καρίου
558 961 656 1018 ἷρὸν
685 960 890 1019 α’ρχαῖον,
935 965 1015 1007 τοῦ
1045 966 1244 1007 Μυσοῖσι
1280 962 1358 1020 μὲν
1387 961 1459 1006 καὶ
1471 964 1517 1001 25

148 1178 242 1214 vices
271 1176 490 1229 humerosque
520 1181 674 1217 sinistris
715 1179 798 1218 alli-

149 1237 241 1282 gata
270 1234 440 1272 habentes.
490 1234 549 1273 Ad
568 1237 715 1274 verbum
735 1251 801 1276 πε-

151 1290 365 1341 ρικείμενοι
383 1291 502 1341 suppl.
527 1289 596 1338 τας
617 1288 799 1342 dammae,

148 1350 189 1382 ut
211 1346 305 1383 bene
332 1347 508 1397 praecipit
533 1348 710 1386 Matthiae
731 1349 797 1386 Gr.

150 1402 216 1439 Gr·
236 1400 272 1452 ἓ
295 1401 397 1450 424,
420 1405 446 1442 2
471 1416 556 1453 pag.
578 1407 671 1446 781.
702 1404 799 1442 Nam

148 1458 296 1506 quaevis
319 1459 524 1496 emendatio
548 1460 605 1499 hic
627 1473 799 1512 superva-

148 1526 217 1551 cua
239 1518 305 1552 est.

204 1566 300 1621 μετοὲ
323 1567 386 1618 δὲ,
415 1565 511 1618 τούς
540 1573 680 1625 Κᾶρας
706 1566 800 1624 χρό-

149 1641 206 1679 νῳ
239 1622 405 1679 ὕστερον
443 1630 577 1681 πολλῷ
607 1644 642 1668 κ.
671 1644 705 1668 τ.
736 1628 796 1680 λ.]

149 1683 286 1720 Sensus
306 1683 373 1720 loci
391 1697 466 1720 non
487 1685 671 1733 obscurus,
688 1687 798 1723 modo

151 1742 248 1776 recte
285 1740 512 1789 distinxeris,
561 1741 612 1778 ita
643 1746 683 1779 ut
715 1745 802 1792 post

152 1791 247 1845 μετὰ
267 1793 309 1833 δὲ
329 1801 485 1845 ponatur
511 1809 661 1834 comma.
702 1797 801 1835 Nam

151 1851 361 1888 Herodotus
372 1852 445 1888 vult
452 1856 581 1902 postea
588 1853 801 1903 (postquam

153 1907 286 1944 scilicet
308 1906 423 1944 Minoi
446 1909 579 1945 subditi
598 1913 719 1946 essent
746 1910 802 1946 sa-

155 1963 202 1999 cti
220 1963 353 2012 Cares)
366 1967 402 2000 et
422 1964 566 2013 quidem
588 1964 699 2013 longo
717 1968 804 2016 post

153 2022 317 2069 tempore
346 2020 460 2057 Cares
492 2033 514 2057 a
545 2020 706 2058 Doribus
742 2020 803 2057 Io·-

153 2076 331 2124 nibusque
347 2076 470 2113 insulis
489 2076 576 2123 illis,
607 2090 697 2126 quas
718 2077 804 2114 inde

154 2143 177 2168 a
204 2131 338 2168 Minois
374 2136 493 2170 aetate
529 2133 698 2182 adeoque
732 2133 803 2169 iam

154 2192 265 2225 antea
299 2192 512 2235 tenuerant,
555 2188 676 2238 pulsos
711 2201 804 2236 esse,

156 2248 372 2294 coactosque
407 2249 446 2281 ut
485 2245 569 2282 inde
606 2245 643 2281 in
672 2249 805 2283 terram

155 2298 264 2337 Asiae
277 2301 519 2338 continentem
531 2301 710 2338 cederent.
729 2301 807 2338 Do-

158 2367 234 2391 rum
253 2369 338 2394 vero
367 2361 403 2394 et
421 2357 547 2394 Ionum
566 2357 733 2406 migratio
763 2369 807 2395 ea

160 2416 236 2457 est,
256 2412 301 2450 de
320 2425 392 2462 qua
413 2418 520 2452 antea
542 2417 758 2465 exposuerat
777 2413 807 2462 I,

163 2466 243 2507 142
265 2481 366 2517 seqq.

215 2524 418 2574 νομίζουσι
440 2518 553 2564 αὐτοὶ
565 2520 736 2572 ἓωυτούς
753 2521 804 2564 εἷ-

161 2592 230 2617 ναι
270 2575 517 2630 αὐτόχθονας
558 2576 802 2633 ἠπειρώτας]

161 2634 221 2671 De
248 2639 422 2672 structura
441 2638 628 2674 accusativi
652 2650 731 2674 cum
749 2640 804 2674 in-

162 2691 323 2738 finitivo,
356 2692 417 2728 ubi
445 2693 662 2729 nominativo
684 2694 805 2743 potius

162 2746 261 2783 locus
290 2752 387 2794 erat,
416 2749 553 2784 monuit
582 2748 711 2785 Matth.
736 2750 803 2787 Gr.

165 2803 230 2840 Gr.
256 2801 292 2853 ἓ.
314 2804 393 2844 536
424 2808 498 2840 not.
537 2804 643 2841 Conf.
673 2804 730 2852 II,
766 2809 804 2847 2.

162 2860 222 2899 Ad
257 2865 505 2912 argumentum
544 2860 665 2900 verbb.
701 2873 805 2912 seqq.

866 1179 1070 1219 Larcherus
1115 1182 1289 1228 annotat,
1328 1177 1518 1230 probabile

867 1251 947 1276 esse
967 1250 1006 1275 re
1017 1248 1101 1274 vera
1112 1236 1225 1273 Cares
1245 1234 1341 1272 nullo
1360 1235 1429 1272 alio
1449 1247 1518 1271 un-

866 1305 976 1343 quam
994 1306 1078 1329 usos
1094 1305 1175 1330 esse
1196 1292 1363 1339 nomine,
1391 1303 1518 1328 verum

866 1350 913 1386 ab
934 1349 1064 1385 exteris
1084 1347 1247 1398 potuisse
1266 1347 1517 1395 diciLeleges,

867 1417 977 1454 quum
999 1404 1186 1452 utriusque
1211 1404 1330 1451 gentis
1353 1403 1517 1440 homines

865 1461 1030 1497 inunum
1051 1458 1258 1497 coaluerint.

922 1508 1182 1555 ἅποδὲικνῦσι
1212 1511 1256 1553 δὲ
1296 1512 1339 1554 ἐν
1374 1507 1519 1552 Μυλά-

866 1584 972 1613 σοισι
1004 1568 1102 1618 Διός
1136 1570 1291 1622 Καρίου
1326 1566 1411 1622 ἷρὸν
1442 1564 1519 1621 029-

865 1627 993 1681 χαῖον]
1018 1622 1250 1666 Μυλάσοισι
1269 1639 1348 1664 cum
1366 1629 1516 1663 recentt.

866 1686 1072 1737 scripsimus
1103 1689 1179 1721 tum
1206 1684 1372 1720 binorum
1408 1682 1520 1719 libro-

866 1755 947 1780 rum
973 1754 1016 1780 ex
1041 1740 1254 1778 auctoritate
1273 1744 1348 1776 tum
1367 1739 1521 1775 Strabo-

867 1799 924 1835 nis
942 1797 1071 1835 eloco.
1111 1796 1233 1844 Vulgo
1260 1789 1518 1833 Mvtctasoa-

870 1865 921 1893 σι.
976 1852 1036 1890 De
1066 1851 1235 1903 IlIylasa,
1266 1851 1397 1888 Cariae
1427 1851 1517 1887 urbe

869 1909 956 1947 satis
982 1909 1103 1958 ampla
1142 1911 1183 1944 ut
1205 1907 1348 1944 videtur
1371 1906 1519 1943 ornata-

870 1978 964 2014 que,
993 1964 1065 2000 vid.
1086 1963 1256 1999 Strabon.
1278 1960 1364 1998 XIV
1382 1974 1419 2011 p.
1436 1960 1519 2002 658

869 2034 907 2072 p.
928 2022 1008 2061 973
1043 2031 1120 2068 seq.
1177 2018 1220 2055 In
1248 2016 1308 2054 illa
1345 2016 1519 2066 templum

870 2076 938 2113 fuit
955 2075 1050 2111 Iovis
1081 2074 1200 2122 Carii,
1230 2086 1338 2123 quem
1362 2073 1520 2110 eundem

871 2136 981 2180 atque
999 2131 1172 2168 Stratium
1191 2125 1414 2180 (στράτιον)
1434 2141 1520 2179 per-

871 2188 973 2225 hibet
993 2186 1161 2224 Aelianus
1180 2186 1226 2223 de
1245 2185 1332 2223 Nat.
1352 2184 1517 2222 Animall.

871 2243 964 2291 XII,
985 2244 1051 2284 30.
1108 2242 1254 2279 Rectius
1275 2241 1408 2278 Strabo
1427 2241 1520 2278 inter

872 2304 1065 2347 utrumque
1085 2298 1294 2347 distinguit,
1313 2297 1412 2334 varia
1429 2297 1520 2333 utri-

873 2368 988 2405 usque
1006 2355 1064 2392 dei
1084 2355 1218 2405 templa
1234 2365 1518 2391 commemorans

875 2416 1006 2450 etcum
1029 2411 1220 2448 Herodoto
1251 2410 1399 2458 egregie
1432 2421 1520 2445 con-

875 2468 1038 2519 spirans,
1074 2467 1133 2504 lib.
1163 2465 1249 2503 XIV
1277 2479 1313 2515 p.
1341 2466 1445 2511 973,
1474 2464 1519 2502 C.

871 2523 976 2571 974,
1000 2522 1044 2560 A.
1100 2521 1197 2560 Nam
1215 2522 1300 2559 facit
1334 2534 1378 2559 eo
1400 2521 1520 2558 Hero-

872 2582 979 2618 dotus
1001 2591 1146 2629 quoque
1164 2578 1210 2625 V,
1234 2578 1326 2618 119.
1380 2577 1519 2620 Quam-

871 2649 980 2687 quam
1017 2636 1127 2684 igitur
1152 2634 1209 2671 hic
1249 2633 1421 2681 distingui
1452 2645 1520 2669 ne-

871 2705 972 2731 cesse
999 2695 1074 2737 est,
1104 2702 1151 2728 ne
1171 2690 1243 2727 dua
1261 2688 1394 2739 templa
1412 2688 1517 2725 unius

872 2749 1017 2798 quidem
1033 2747 1092 2784 dei
1119 2746 1185 2784 sed
1205 2746 1313 2783 variis
1333 2744 1518 2793 cognomi-

872 2805 977 2842 nibus
1005 2802 1121 2840 ornati
1153 2802 1432 2848 confundamus,
1462 2804 1518 2837 ta·-

872 2872 955 2900 men
987 2859 1017 2897 si
1055 2858 1160 2898 altius
1202 2858 1382 2911 inquirere
1417 2854 1517 2905 velis,
