1909 3228
548 149 973 189 EUTERPE.
1025 149 1072 188 Π.

1344 150 1428 191 769

166 260 561 315 διαπεραιωθέντας
598 260 643 303 δὲ
678 258 757 302 τόν
785 258 982 314 ποταμόν
1010 259 1201 302 πλοίοισι
1228 257 1333 308 τούς
1361 259 1425 301 λί-

166 345 276 391 θους
307 339 487 392 ἑτέροισι
521 339 637 390 ἔταξε
669 338 935 387 ἐκδέκεσθαι,
966 339 1039 381 καὶ
1069 337 1178 393 πρὸς
1206 336 1256 381 τὸ
1287 339 1424 392 Λιβυ-

135 419 245 463 4κόν
275 418 541 473 καλεύμενον
572 418 700 472 ὄρος,
731 419 839 472 πρὸς
863 421 993 460 τοῦτο
1015 417 1165 460 ἕλκειν.
1195 417 1424 473 ἐργάζοιντο

165 499 210 542 δὲ
241 498 351 542 κατὰ
388 498 492 541 δέκα
530 495 746 553 μυριάδας
778 495 1028 550 ἀνθρώπων
1057 497 1138 539 αἰεὶ
1165 496 1243 551 τὴν
1272 497 1480 552 τρίμη-95

135 587 156 620 5
169 595 248 622 νον
280 577 476 632 ἑκάστην.

163 662 276 714 λαῷ.

538 577 700 632 χρόνον
730 576 775 618 δὲ
818 576 1066 630 ἐγγενέσθαι
1095 574 1335 632 τριβομένῳ
1364 579 1425 634 τῷ

338 657 441 699 δέκα
479 655 558 710 μὲν
599 656 692 698 ἔτεα
731 659 804 710 τῆς
849 653 960 697 ὁδοῦ
1009 655 1118 698 κατὰ
1164 654 1241 711 τὴν
1280 651 1425 697 εἷλκον

163 738 264 787 τοὺς
304 738 480 787 λίθους,
530 734 611 791 τήν
649 735 846 789 ἔδειμαν·
905 733 1034 788 ἔργον
1076 733 1147 777 ἐὸν
1184 731 1238 776 οὐ
1274 737 1424 790 πολλῷ

135 815 245 868 ὅτεῳ
277 814 459 858 ἔλασσον
489 818 563 869 τῆς
592 813 854 866 πυραμίδος,
895 812 954 863 ὥς
982 811 1078 868 ἐμοὶ
1107 810 1293 855 δοκέειν·
1333 814 1424 868 (τῆς

160 894 244 950 γάρ
275 897 413 949 μῆκος
442 893 520 949 μέν
550 893 630 936 εἰσι
660 891 784 935 πέντε
815 890 1007 936 στάδιοι·
1058 885 1187 946 εὖρος
1218 892 1280 943 δὲ,
1320 891 1423 934 δέκα

104 1111 176 1154 Qui
205 1111 302 1148 idem
336 1125 372 1161 p.
401 1109 480 1152 411
509 1112 672 1148 coniicit:
710 1112 757 1149 de

103 1168 144 1203 iis
165 1172 306 1204 tantum
326 1168 520 1218 lapidibus,
543 1169 670 1216 quibus
690 1182 758 1218 py-

102 1224 280 1260 ramidum
316 1225 426 1261 facies
464 1225 597 1261 fuerint
631 1230 757 1261 conte-

102 1285 184 1317 ctae
222 1280 305 1326 (ll,
333 1280 462 1327 125),
502 1280 756 1329 intelligendos

103 1349 183 1373 esse
205 1341 345 1373 veteres
366 1337 572 1386 scriptores,
588 1337 648 1384 qui
666 1350 755 1374 una-

102 1393 216 1429 nimes
237 1394 312 1429 sere
339 1397 524 1438 asserant,
555 1393 757 1441 lapicidinis

102 1449 138 1484 in
174 1448 328 1484 Arabico
371 1448 485 1485 latere
530 1450 756 1498 potissimum

101 1517 185 1541 usos
217 1505 326 1541 fuisse
354 1504 496 1542 illarum
527 1506 754 1551 conditores3

100 1573 184 1598 nam
214 1561 374 1610 lapidem
409 1562 495 1598 inde
531 1565 754 1610 protractum

101 1618 148 1654 ob
173 1618 477 1666 praestantiorem
501 1630 543 1654 ac
573 1618 753 1668 politurae

101 1675 218 1721 magis
238 1674 407 1711 idoneam
433 1679 597 1710 naturam
616 1675 662 1710 ad
682 1688 751 1724 py-

100 1731 258 1766 ramidas
294 1731 500 1767 vestiendas
554 1730 753 1780 praelatum

101 1787 212 1823 fuisse
226 1813 237 1831 ,
266 1799 345 1822 cum
366 1786 414 1822 ad
441 1785 573 1823 molem
592 1799 754 1823 coarcer-

101 1843 257 1878 vandam
275 1843 480 1879 sufficerent
503 1855 588 1878 saxa
608 1856 650 1879 ex
673 1843 753 1892 ipso

101 1902 248 1943 monte,
279 1900 335 1935 cui
359 1903 623 1948 superstructae
643 1900 725 1936 sint.

158 1950 366 2005 ἐργάζοντο
416 1953 458 1993 δὲ
497 1952 621 1993 κατά
662 1953 756 1993 δέκα

103 2007 313 2061 μυριάδας]
328 2012 430 2048 Haec
447 2011 657 2061 explicanda
671 2016 755 2048 sunt

103 2068 302 2103 secundum
322 2080 377 2113 ea,
397 2080 491 2116 quae
510 2069 648 2104 monuit
659 2068 755 2104 Mat-

101 2123 200 2160 thiae
228 2122 263 2174 ἓ.
286 2126 380 2169 298,
404 2127 426 2164 1
454 2137 540 2173 pag.
563 2124 656 2165 596.
716 2124 757 2160 In

102 2183 183 2228 ipso
214 2180 397 2216 hominum
439 2193 611 2226 numero,
648 2194 758 2229 quem

99 2235 236 2272 Plinius
274 2237 307 2272 h.
338 2250 372 2272 n.
414 2237 594 2284 XXXU,
627 2239 698 2282 17,
728 2238 755 2277 3

99 2293 273 2329 maiorem
321 2293 415 2330 adeo
462 2294 571 2330 fuisse
619 2297 755 2338 narrat,

102 2361 180 2384 cum
201 2348 396 2385 Herodoto
414 2349 595 2387 consentit
612 2349 756 2386 Diodo-

101 2417 161 2440 rus
187 2404 222 2450 Ι,
241 2405 305 2445 63.

159 2455 302 2510 χρόνον
336 2458 377 2498 δὲ
407 2459 638 2511 ἐγγενέσθαι
678 2476 755 2512 τρι-

103 2515 258 2569 βομένῳ
290 2519 344 2569 τῷ
374 2517 475 2570 λαῷ]
517 2518 624 2554 Conf.
656 2517 756 2554 Mat-

102 2573 201 2610 thiae
224 2573 288 2609 Gr.
310 2574 374 2609 Gr.
398 2587 482 2623 pag.
506 2577 585 2614 711
617 2578 653 2611 et
673 2574 755 2610 Sie-

101 2628 169 2665 bel.
190 2630 237 2665 ad
259 2629 413 2666 Pausan.
427 2630 475 2676 X,
500 2632 549 2669 18
570 2628 604 2680 ἓ.
624 2633 670 2675 2,
692 2630 755 2678 qui

101 2690 227 2722 monet
252 2687 287 2721 in
311 2687 420 2723 verbo
442 2684 672 2737 ἐγγενέσθαι
696 2687 752 2722 in-

102 2754 183 2779 esse
231 2742 533 2790 significationem
580 2743 753 2791 temporis

101 2797 294 2846 longioris,
325 2799 453 2835 addito
473 2799 593 2835 dativo
613 2798 670 2836 vel
688 2798 754 2833 ho-

145 2856 356 2893 HERODOT.
390 2856 417 2893 l.

825 1111 952 1158 minis,
982 1111 1058 1157 cui,
1089 1110 1145 1148 vel
1172 1111 1244 1157 rei,
1272 1111 1310 1147 in
1336 1122 1409 1160 qua
1436 1110 1479 1147 il-

824 1168 886 1204 lud
913 1171 1153 1204 consumatur.
1190 1188 1246 1194 —
1283 1166 1342 1203 Ad
1369 1179 1478 1216 argu-

825 1228 984 1261 mentum
1014 1224 1082 1260 loci
1121 1224 1258 1260 faciunt
1291 1222 1479 1260 Aristotel.

825 1282 939 1331 politt.
962 1280 1007 1325 V,
1034 1283 1079 1319 11
1107 1280 1172 1327 (9)
1200 1292 1286 1329 pag.
1307 1282 1388 1320 229
1419 1279 1476 1316 ed.

825 1337 1037 1373 Schnelder.
1058 1340 1095 1372 et
1115 1335 1256 1384 Ioseph.
1279 1336 1418 1383 antiqq.
1431 1334 1477 1383 II,

826 1396 874 1438 9,
905 1395 938 1432 1.
1000 1392 1105 1434 Quae
1141 1392 1337 1440 respiciens
1366 1391 1478 1438 Hirt.‚

825 1449 914 1485 libro
933 1460 1015 1484 mox
1030 1447 1214 1484 laudando
1223 1459 1307 1497 pag.
1324 1448 1374 1486 17
1386 1459 1477 1494 seq.,

822 1504 1029 1555 pyramides
1052 1507 1175 1540 censet
1200 1506 1400 1540 exstructas
1420 1515 1478 1539 es-

822 1575 861 1599 se
891 1574 935 1598 eo
961 1559 1131 1606 consilio,
1163 1572 1211 1596 ne
1234 1571 1347 1608 egens
1374 1557 1477 1608 plebs

821 1618 897 1655 otio
928 1617 1119 1666 langueret
1146 1628 1240 1653 neve
1269 1615 1391 1665 inopia
1423 1614 1478 1652 la-

821 1675 978 1711 boraret.
1045 1672 1127 1709 Alia
1154 1676 1194 1709 tu
1223 1672 1307 1709 vide
1341 1671 1389 1708 ad
1418 1670 1475 1719 H,

824 1732 916 1771 128.

876 1782 950 1835 τήν
981 1782 1029 1822 ἕδ
1045 1780 1222 1833 ειμαν]
1255 1779 1388 1832 δέμειν
1412 1794 1477 1819 eo-

823 1842 907 1879 dem
935 1841 1044 1877 modo
1069 1840 1157 1889 poni
1183 1840 1373 1885 docemur,
1403 1850 1476 1887 quo

823 1898 922 1948 apud
968 1896 1119 1933 Latinos
1154 1897 1233 1932 vias
1271 1899 1475 1941 construere,

824 1957 1002 1991 instruere.
1061 1952 1144 1989 vid.
1164 1951 1253 1997 Vll,
1275 1953 1357 1992 200
1386 1951 1473 1999 ibiq.

823 2010 1040 2057 W'esseling.
1098 2007 1211 2044 Paulo
1240 2011 1326 2043 ante
1349 2006 1476 2055 reliqui

825 2080 905 2104 cum
926 2066 1041 2102 Gaisf.
1060 2062 1159 2102 κατά
1177 2060 1271 2113 τήν,
1299 2063 1396 2099 cuius
1420 2062 1476 2099 lo-

825 2137 867 2160 co
887 2123 1020 2159 Struve
1039 2133 1134 2171 spec.
1158 2122 1299 2168 quaest.
1323 2119 1369 2156 de
1389 2118 1474 2155 dial.

825 2180 913 2216 Her.
931 2193 966 2228 p.
986 2179 1040 2218 36
1062 2176 1262 2226 repositam
1280 2175 1356 2211 vult
1373 2179 1475 2212 vete-

824 2249 899 2273 rem
916 2235 1107 2272 lectionem
1136 2227 1236 2270 κατ’
1258 2228 1286 2281 ἢ
1296 2246 1318 2269 ν
1349 2231 1409 2279 (ut
1427 2230 1474 2278 ll,

828 2292 890 2333 15.
912 2292 1006 2338 90),
1037 2302 1080 2327 ex
1110 2302 1180 2326 uno
1210 2288 1300 2324 libro
1329 2290 1474 2324 vetusto

824 2352 1002 2385 mutatam
1026 2347 1062 2382 in
1080 2360 1102 2383 κ
1116 2361 1138 2383 α
1150 2360 1169 2382 τ
1184 2341 1207 2382 α’
1237 2358 1257 2381 τ
1269 2339 1297 2393 η’
1309 2358 1341 2382 ν.
1374 2343 1475 2386 Quid

824 2404 953 2452 reliqui
989 2402 1069 2439 libri
1116 2400 1307 2438 recentiori
1352 2402 1475 2436 aetate

824 2460 945 2497 collati
969 2459 1143 2504 afferant,
1174 2469 1247 2493 non
1275 2456 1360 2492 satis
1379 2455 1474 2491 indi-

822 2520 944 2563 catur,
964 2514 1125 2564 quamvis
1146 2526 1188 2550 ex
1206 2512 1349 2549 silentio
1369 2523 1473 2548 sane-

822 2585 932 2621 quam
954 2570 1126 2619 colligas,
1162 2569 1336 2618 scriptum
1364 2567 1474 2605 fuisse

821 2628 942 2665 inillis
974 2624 1096 2665 κατά
1126 2621 1228 2676 τήν.

876 2686 948 2735 τῆς
969 2679 1042 2734 γάρ
1063 2684 1189 2732 μῆκος
1210 2677 1280 2731 μέν
1294 2678 1368 2717 εἰσι
1381 2676 1472 2716 πέν-

821 2754 861 2779 τε
896 2735 1064 2788 στάδιοι]
1108 2738 1247 2786 Vulgo:
1277 2737 1349 2784 τῆς
1379 2732 1472 2784 μὲν

820 2793 894 2849 γάρ
917 2798 1052 2847 μῆκος.
1110 2794 1191 2832 Nos
1211 2790 1413 2839 Schweigh.
1434 2795 1472 2828 et

1168 2851 1223 2890 49
