1909 3228
264 198 347 237 906
736 200 1302 243 EXCURSUSV

262 308 365 346 huius
386 309 520 349 brachii
547 324 665 362 aquae
695 314 731 350 in
753 314 788 350 T
791 314 959 350 aniticum
985 316 1214 365 transierint,
1244 321 1283 354 ut
1301 318 1355 356 vel
1375 319 1527 369 vestigia
1549 323 1645 359 fluvii
1665 323 1774 362 Pelu-

262 378 347 414 siaci
376 378 555 418 difficilius
587 395 682 418 nunc
706 381 855 418 inveniri
881 386 1025 430 queant.
1084 382 1138 421 Ac
1163 386 1279 423 ventis
1305 391 1495 436 praeterea
1524 391 1693 438 omnique
1716 405 1774 429 re-

255 445 372 493 gionis
403 447 514 484 indoli
540 449 676 497 aliquid
709 450 941 487 tribuendum
981 463 1060 488 esse
1092 456 1179 503 apte
1212 458 1335 492 monet
1375 454 1504 493 Ritter.
1532 455 1725 495 Erdkund.
1758 459 1772 495 1

252 526 288 563 p.
311 516 404 555 826.
464 514 543 552 Alia
574 517 670 554 idem
701 517 823 566 attigit
851 530 937 567 pag.
963 517 1056 559 834.

367 582 578 632 Canopicum
607 585 763 634 ostium,
804 586 904 623 cuius
934 586 1070 625 Noster
1099 588 1263 626 meminit
1287 589 1340 637 ΙΙ,
1369 589 1431 631 15.
1466 592 1556 632 113.
1583 594 1662 634 179
1691 592 1771 630 coll.

255 651 329 698 97,
360 652 583 689 occidentem
606 666 731 690 versus
753 654 907 691 maxime
929 656 1135 704 spectabat,
1166 656 1312 694 nomine
1331 658 1488 695 deducto
1515 659 1561 696 ab
1582 660 1693 709 urbe,
1723 662 1771 698 ad

253 728 362 765 quam
391 719 517 755 ssuvius
547 720 581 756 in
612 734 712 759 mare
749 722 842 759 exiit.
911 720 1053 759 Dicitur
1080 723 1161 771 illa,
1201 729 1372 762 monente
1402 726 1670 764 Schlichthorst.
1701 727 1724 765 l.
1747 728 1770 766 l.

251 797 339 834 pag.
363 785 429 834 40,
459 786 602 825 Latinis
623 791 855 840 scriptoribus
877 788 1056 839 Canopus,
1089 791 1238 835 Graecis
1263 793 1440 841 Canobus,
1463 807 1558 843 quae
1577 796 1625 832 ad
1651 800 1771 834 extre-

251 865 347 890 mam
368 852 530 906 Aegypti
563 869 664 894 oram
693 858 917 895 occidentem
941 870 1064 894 versus
1105 859 1197 908 sita,
1237 862 1303 898 soli
1337 862 1523 900 fertilitate
1550 876 1624 899 non
1651 864 1768 900 minus

251 934 360 969 quam
378 925 592 962 commercio
616 925 699 962 olim
721 926 786 963 suit
812 925 986 973 insignis,
1016 938 1127 975 quum
1152 941 1219 978 per
1243 929 1466 979 Canopicum
1492 931 1623 967 ostium
1653 931 1767 969 solum

251 991 381 1027 exteris
404 992 538 1030 intrare
557 991 697 1030 licuerit
723 994 759 1030 in
784 992 1004 1043 Aegyptum.
1063 995 1115 1031 Ac
1133 995 1188 1031 vel
1208 1000 1292 1045 post
1309 995 1564 1034 Alexandriam
1585 999 1766 1037 conditam

250 1058 329 1095 loco
362 1072 436 1096 non
465 1060 569 1098 valde
599 1066 740 1098 remoto
764 1063 848 1100 urbs
871 1061 1007 1111 templo
1033 1062 1239 1112 Serapidis,
1270 1066 1378 1101 sacris
1405 1065 1768 1116 incubationibusque

250 1127 355 1164 valde
387 1127 533 1165 illustris
565 1130 643 1167 suit.
702 1129 811 1168 Nunc
840 1142 958 1180 pauca
990 1131 1159 1167 ruderum
1190 1133 1339 1181 vestigia
1368 1146 1389 1170 a
1414 1133 1528 1170 Gallis
1560 1134 1675 1171 doctis
1701 1134 1769 1171 de-

250 1198 346 1231 tecta
366 1196 462 1232 urbis
490 1198 622 1235 veteris
651 1198 769 1236 locum
798 1204 1002 1249 occupant,
1041 1200 1153 1238 horae
1184 1201 1333 1237 dimidio
1356 1205 1497 1239 remota
1523 1214 1544 1239 a
1569 1201 1649 1238 loco
1677 1201 1767 1238 Gal-

249 1261 364 1299 lorum
386 1264 489 1301 clade
511 1265 643 1315 insigni
665 1265 824 1314 Abukir,
855 1268 1077 1305 occidentem
1104 1282 1228 1306 versus
1258 1269 1512 1320 proficiscenti.
1570 1269 1765 1306 Brachium

249 1331 476 1382 Canopicum
503 1333 589 1371 locis
617 1335 863 1373 adiacentibus
896 1340 932 1372 et
957 1335 1239 1373 Heracleoticum
1270 1337 1474 1387 appellatur
1500 1341 1536 1374 et
1565 1335 1766 1374 Naucrati-

247 1411 334 1435 cum.
405 1399 516 1450 Apud
542 1401 792 1440 Ptolemaeum
819 1407 969 1440 vocatur
996 1398 1159 1455 Ἀγαθός
1192 1404 1345 1454 δαίμων
1356 1421 1367 1453 ,·
1413 1406 1512 1454 quod
1549 1418 1705 1453 nomen,
1734 1406 1766 1442 si

245 1480 359 1516 penes
386 1468 700 1518 Champollionem
732 1471 824 1507 fides
855 1469 951 1517 (1.1.
973 1484 1009 1520 p.
1031 1473 1085 1511 23
1108 1473 1230 1521 seq.),
1258 1472 1441 1522 Aegyptio
1469 1472 1604 1508 nomini
1639 1471 1764 1509 Schet-

244 1536 341 1584 noufi
359 1537 579 1586 respondet,
612 1551 684 1586 quo
706 1539 787 1588 ipso
813 1538 881 1573 hoc
901 1537 1084 1574 brachium
1106 1551 1127 1575 a
1146 1540 1331 1577 veteribus
1350 1539 1541 1589 Aegyptiis
1567 1540 1763 1577 indicatum

241 1603 375 1649 suerit,
401 1606 614 1653 praesertim
634 1618 713 1642 cum
744 1607 873 1642 eadem
897 1605 964 1642 vici
993 1607 1179 1643 cuiusdam
1204 1608 1350 1644 brachio
1379 1607 1461 1643 huic
1490 1607 1686 1644 adiacentis
1718 1606 1763 1643 sit

240 1670 449 1719 appellatio.
510 1672 724 1710 Schetnoufi
764 1674 859 1710 enim
902 1673 960 1710 ille
1000 1674 1076 1710 vult
1114 1673 1379 1724 Aegyptiorum
1419 1687 1585 1711 sermone
1623 1674 1759 1712 valere:

242 1736 347 1774 bonne
365 1738 535 1785 branche,
566 1740 672 1776 bonne
696 1740 857 1777 division.
901 1740 958 1776 Ex
980 1740 1169 1790 Canopico
1199 1740 1291 1776 ostio
1311 1740 1407 1776 aliud
1430 1741 1612 1778 brachium
1639 1743 1761 1779 orien-

241 1808 314 1841 tem
342 1818 467 1843 versus
503 1819 576 1842 non
609 1807 735 1856 procul
770 1808 816 1844 ab
852 1808 932 1857 ipso
963 1808 1052 1844 mari
1078 1821 1195 1858 prope
1231 1808 1410 1845 Deironth
1439 1809 1641 1846 derivatum
1670 1813 1760 1857 erat,

240 1872 458 1911 Bolbitimtm
474 1888 501 1911 s.
521 1873 738 1911 Bolbitz'cum
767 1875 868 1924 quod
891 1875 1142 1925 appellabatur
1171 1877 1217 1912 ab
1245 1876 1355 1923 urbe,
1385 1889 1494 1926 quam
1523 1879 1760 1927 praeterflue-

240 1942 314 1979 bat.
372 1942 604 1981 Ptolemaeus
634 1942 726 1980 hunc
754 1942 916 1980 canalem
941 1948 1047 1980 vocat
1076 1942 1192 1993 Taly;
1233 1956 1327 1992 quae
1355 1944 1451 1980 haud
1489 1945 1562 1982 scio
1595 1958 1642 1982 an
1673 1958 1758 1983 vera

239 2009 504 2060 Aegyptiorum
532 2012 642 2048 suerit
675 2012 934 2048 denominatio.
1009 2011 1118 2049 Nunc
1153 2011 1265 2049 hocce
1300 2012 1505 2062 brachium,
1545 2015 1644 2063 quod
1674 2014 1758 2051 olim

237 2077 433 2115 invalidum
466 2079 552 2126 suit,
583 2079 742 2116 omnium
772 2080 887 2117 fertur
916 2079 1195 2125 validissimum3
1225 2080 1458 2118 Rosettanmn
1484 2081 1595 2130 vulgo
1628 2082 1757 2118 dicitur

237 2148 388 2194 propter
411 2146 537 2183 urbem
555 2147 728 2195 Rosette,
759 2148 820 2185 ubi
843 2148 933 2185 mari
955 2149 1136 2185 miscetur.
1170 2147 1256 2184 Vid.
1274 2149 1323 2184 du
1342 2147 1583 2197 Bois-Ayme'
1603 2163 1639 2199 p.
1660 2149 1756 2190 284.

240 2212 352 2249 Vetus
373 2214 601 2264 Canopicum
624 2216 807 2253 brachium
827 2229 923 2253 nunc
953 2216 1085 2252 siccum
1107 2219 1162 2252 est
1184 2216 1374 2264 rariusque
1403 2215 1477 2253 Nili
1503 2216 1607 2265 aquis
1627 2216 1756 2267 imple-

235 2283 313 2327 tur,
343 2280 425 2318 licet
444 2283 518 2319 eius
536 2284 690 2331 vestigia
710 2288 875 2321 accurate
893 2284 1072 2334 persequi
1092 2283 1209 2320 liceat.
1254 2284 1337 2320 vid.
1357 2284 1407 2320 du
1424 2283 1665 2332 Bois-Ayme
1689 2283 1711 2321 l.
1730 2284 1751 2321 l.

234 2359 319 2396 pag.
339 2351 419 2389 281
446 2363 523 2398 seq.
561 2350 716 2388 Rennel.
739 2352 761 2388 l.
782 2351 804 2388 l.
833 2366 870 2402 p.
892 2351 973 2392 614
994 2364 1097 2401 seqq.
1141 2351 1324 2389 Mannert.
1342 2352 1365 2389 1.
1386 2352 1407 2389 l.
1437 2364 1522 2402 pag.
1544 2352 1627 2394 540
1648 2365 1752 2401 seqq.

235 2415 367 2452 ltitter.
395 2417 584 2454 Erdkund.
609 2419 624 2455 Ι
644 2432 680 2469 p.
700 2421 781 2461 816
803 2432 880 2469 seq.
939 2419 1045 2463 Quae
1065 2432 1143 2455 cum
1166 2421 1215 2456 ita
1235 2433 1273 2457 se
1303 2420 1486 2467 habeant,
1517 2419 1751 2457 Rosettanum

233 2483 378 2520 fluvium
404 2485 441 2520 in
465 2485 632 2534 Canopica·
650 2487 778 2524 veteris
802 2487 920 2524 locum
939 2500 1034 2524 nnnc
1053 2487 1267 2524 successisse
1287 2486 1396 2535 vulgo
1424 2493 1578 2538 ponunt.

347 2550 512 2589 Tertium
550 2553 625 2590 Nili
662 2554 844 2591 brachium
867 2584 878 2602 ,
929 2555 1089 2592 omnium
1123 2555 1200 2591 sere
1229 2555 1441 2602 maximum,
1481 2554 1748 2605 Sebennyticum

233 2619 278 2653 ab
302 2618 498 2656 Herodoto
518 2621 720 2670 appellatur
735 2650 745 2667 ‚
776 2623 876 2671 quod
892 2622 1040 2660 Deltam
1067 2623 1225 2660 mediam
1256 2623 1463 2669 dissecans,
1495 2623 1531 2659 in
1557 2623 1636 2673 ipso
1653 2623 1744 2661 Del-

233 2691 291 2722 tae
313 2686 416 2735 apice
435 2689 705 2737 septentrionali
730 2690 767 2726 in
793 2703 893 2728 mare
924 2692 1069 2736 effluat,
1101 2695 1298 2740 postquam
1318 2690 1443 2728 urbem
1469 2689 1585 2727 Butus
1611 2690 1745 2728 lacum-

232 2766 303 2801 que
320 2755 556 2803 praeterierit.
616 2758 727 2801 Quod
756 2758 785 2794 si
811 2759 1009 2807 antiquitus
1031 2771 1159 2795 revera
1184 2758 1258 2795 tale
1274 2757 1342 2794 suit
1374 2758 1462 2805 (nec
1490 2757 1598 2794 ullum
1622 2758 1745 2795 obstat

228 2821 491 2869 testimouium,
522 2836 594 2871 quo
623 2825 740 2861 minus
773 2827 1015 2875 credamus),
1044 2826 1160 2876 ipsam
1191 2825 1349 2862 locorum
1376 2828 1541 2862 naturam
1573 2825 1743 2875 fluviique
