1877 3223
649 239 863 279 CLIO.
919 241 947 279 1.

1344 246 1426 286 149

169 348 435 406 λογήσαντος
465 350 532 394 ἐπὶ
557 347 750 394 τούτοισι
781 349 1117 406 Πεισιστράτου,
1149 354 1424 407 μηχανῶνται

169 428 223 485 δὴ
253 428 321 472 ἐπὶ
348 433 402 486 τῇ
430 428 598 487 κατόδῳ
628 432 803 485 πρῆγμα
833 426 1146 485 εὐηθέστατον,
1176 427 1234 481 ὥς
1250 428 1330 485 ἐγώ
1352 429 1420 473 εὖ·

169 509 328 564 ρι’σκω,
361 513 530 567 μακρῷ·
564 509 652 552 ἐπεί
680 524 726 564 γε
757 507 973 565 ἀπεκρίθη
999 509 1045 552 ἐκ
1061 507 1322 564 παλαιτέρου
1343 511 1424 552 τοῦ

166 587 395 644 βαρβάρου
425 587 573 638 ἔθνεος
603 588 651 632 τὸ
685 585 966 644 Ἑλληνικόν,
1024 586 1099 633 ἐὰν
1133 587 1207 632 καὶ
1236 585 1423 640 δεξιώτε-

111 750 361 799 frequeutaw't.
414 750 522 787 Cous.
572 749 766 789 Ruhnken.

110 807 159 843 ad
180 806 275 843 Tim.
300 805 390 843 Lex.
409 806 501 843 Plat.
534 819 569 856 p.
604 808 694 848 132.

165 861 252 902 ἐπεί
270 876 314 914 γε
335 858 537 914 ἀπεκρίθη
561 861 602 901 ἐκ
624 867 762 903 παλαι-

109 916 222 970 τέρου
250 920 323 957 τοῦ
353 919 598 969 βαρβαρικοῦ
622 918 762 966 ἔθνεος

108 973 152 1014 τό
179 972 424 1026 Ἑλληνικὸν]
456 976 609 1014 Multum
637 977 692 1013 hic
719 976 761 1012 li-

108 1031 163 1068 bri
208 1033 367 1078 variant3
414 1032 535 1082 plures
572 1032 759 1070 exhibent:

108 1084 152 1126 ‘ro'
191 1083 395 1139 βάρβαρον
427 1087 547 1135 ἔθνος
579 1091 649 1127 τοῦ
679 1087 758 1128 Ἑλ-

108 1146 302 1193 ληνικοῦ,
360 1157 452 1181 unus
489 1142 531 1183 τὸ
568 1145 758 1197 βαρβαρι-

108 1196 181 1239 κόν
230 1199 349 1246 ἔθνος
398 1203 474 1240 τοῦ
510 1199 756 1251 Ἑλληνικοῦ,

106 1269 198 1293 unus
252 1255 392 1302 ἔθνεος
439 1259 511 1296 τοῦ
551 1255 756 1309 βαρβάρου

104 1309 150 1350 τό
205 1310 435 1362 Ἑλληνικόν
453 1343 463 1359 ,
531 1314 590 1350 alii
656 1315 758 1352 deni-

105 1381 177 1417 que
227 1370 299 1406 τοῦ
355 1365 561 1421 βαρβάρου
617 1369 757 1416 ἔθνεος

104 1421 149 1463 τό
187 1422 430 1474 Ἑλληνικὸν,
481 1426 582 1474 quod
637 1426 757 1476 ipsum

105 1480 305 1529 Schweigh.
357 1486 393 1518 et
447 1482 562 1519 Gaisf.
611 1483 755 1531 placuit.

105 1536 186 1573 Nos
218 1551 300 1574 cum
326 1536 456 1575 Matth.
485 1538 569 1574 olim
598 1539 757 1576 retinen-

106 1593 188 1629 dam
215 1594 451 1631 censebamus
472 1595 631 1645 priorum
654 1596 754 1632 editt.

105 1649 310 1687 lectionem:
380 1652 453 1689 τοῦ
509 1651 756 1702 βαρβαρικοῦ

107 1703 246 1751 ἔθνεος
271 1703 313 1745 τὸ
329 1704 575 1757 Ἑλληνικὸν,
605 1708 659 1744 his
688 1721 756 1757 po-

105 1761 283 1799 tissimum
338 1764 492 1812 permoti
545 1764 756 1811 rationibus,

105 1818 207 1865 quod
234 1818 281 1855 de
306 1818 371 1865 iis,
402 1831 496 1867 quae
523 1832 589 1856 nec
614 1819 756 1856 Graeca

106 1877 191 1909 sunt
209 1886 276 1911 nec
297 1875 345 1910 ad
365 1874 555 1912 Graeciam
573 1876 756 1924 pertinent

105 1930 271 1978 adeoque
319 1930 469 1966 Graecis
524 1935 756 1980 opponuntur

107 1986 166 2032 (ut
196 1985 265 2022 hoc
294 1987 370 2023 sere
391 1985 488 2029 loco)
520 1987 672 2023 subinde
699 1986 755 2022 in-

104 2041 244 2077 venitur
261 2039 521 2093 βαρβαρικός,
553 2055 632 2079 cum
661 2038 754 2091 βάρ-

104 2097 226 2148 βαρος
264 2098 381 2135 locum
419 2098 572 2145 habeat,
612 2099 673 2134 ubi
708 2099 754 2135 de

103 2154 262 2190 moribus
289 2167 407 2191 sermo
438 2158 548 2203 atque
569 2154 753 2190 institutis.

105 2209 164 2247 De
191 2222 283 2258 quo,
312 2214 482 2247 monente
518 2209 548 2246 C
556 2223 597 2256 r.‚
623 2223 754 2246 consu-

106 2265 198 2302 latur
219 2266 399 2303 Schaefer.
426 2267 463 2302 in
489 2265 627 2303 Melett.
661 2266 757 2303 critt.

106 2334 190 2371 pag.
213 2324 283 2370 40,
307 2323 363 2360 cui
387 2323 471 2359 add.
501 2322 755 2359 HemsterhuS.

107 2378 156 2413 ad
172 2377 404 2428 Xenophont.
423 2379 559 2428 Ephes.
574 2391 660 2428 pag.
675 2380 754 2418 180

109 2433 166 2468 ed.
198 2432 332 2471 Locell.
361 2434 470 2472 Nunc
498 2439 619 2471 tamen
645 2435 755 2471 Gais-

108 2488 263 2526 fordium
283 2491 386 2539 sequi
409 2490 535 2538 malui,
563 2495 638 2527 tum
666 2503 754 2540 pro-

108 2546 190 2592 pter
209 2543 378 2583 librorum
403 2547 617 2596 scriptorum
644 2551 755 2594 atque

110 2598 307 2636 editionum
365 2603 632 2649 auctoritatem,
679 2606 754 2639 tum

108 2656 207 2704 quod
229 2656 315 2693 illud
334 2658 524 2695 discrimen
546 2658 637 2695 inter
662 2658 753 2708 βαρ-

107 2708 266 2763 βαρικός
296 2716 332 2750 et
356 2708 556 2766 βάρβαρος
585 2714 640 2750 vix
676 2715 755 2750 ubi-

106 2782 177 2816 que
210 2773 382 2806 servatur.
440 2769 495 2806 Itu
527 2770 564 2806 in
592 2770 754 2806 Platonis

105 2825 195 2872 loco,
222 2838 329 2873 quem
354 2825 383 2861 C
393 2838 420 2861 r.
440 2826 654 2875 adscripsit,
683 2826 755 2862 Po-

107 2881 188 2918 litic.
219 2894 256 2932 p.
292 2884 374 2924 262
404 2895 432 2918 s,
462 2895 498 2933 p.
522 2883 602 2923 257
634 2881 752 2919 Bekk.

825 751 894 787 sibi
926 750 1122 801 opponitur
1168 747 1212 792 td
1257 746 1480 801 Ἑλληνικὸν

832 808 902 854 (sc.
924 805 1055 858 γένος)
1073 811 1181 856 atque
1199 803 1241 846 τὸ
1261 803 1476 859 βάρβαρον.

830 863 899 901 Est
924 876 1007 900 vero
1033 863 1122 900 haec
1149 864 1263 900 nostri
1300 864 1368 901 loci
1395 877 1479 901 sen-

829 920 959 956 tentia:
991 948 1013 966 „
1026 918 1105 955 illos
1125 919 1196 956 tale
1218 920 1402 956 consilium
1430 920 1479 956 de

827 976 1033 1013 reducendo
1083 974 1272 1012 Pisistrato
1325 976 1478 1025 cepisse,

827 1030 938 1080 longe
976 1030 1153 1077 omnium,
1206 1035 1245 1068 ut
1285 1031 1477 1068 Herodoto

827 1087 989 1135 videtur,
1019 1087 1304 1136 ineptissimum,
1333 1088 1364 1123 si
1396 1087 1479 1135 qui-

828 1144 911 1181 dem
936 1156 979 1181 ex
1008 1144 1157 1191 antiquo
1185 1143 1254 1179 iam
1273 1156 1361 1180 aevo
1388 1143 1479 1180 Hel-

826 1199 926 1236 lenes
958 1212 1046 1249 prae
1076 1199 1237 1236 barbaris
1271 1199 1477 1235 nationibus

825 1255 1060 1302 excellerent,
1089 1259 1164 1291 tum
1192 1256 1404 1292 dexteritate
1421 1255 1478 1290 in-

825 1311 944 1359 genii,
974 1316 1050 1348 tum
1078 1324 1120 1348 eo
1148 1311 1247 1360 quod
1273 1324 1295 1347 a
1328 1310 1478 1347 ridicula

826 1367 1111 1415 (barbarorum)
1164 1366 1313 1402 stultitia
1358 1367 1477 1414 magis

824 1423 952 1459 remoti
973 1427 1116 1469 essent,
1145 1426 1254 1471 atque
1286 1435 1380 1459 nunc
1405 1421 1477 1472 ipsi

823 1477 1089 1525 Athenienses,
1127 1478 1188 1526 qui
1225 1478 1401 1527 sapientia
1420 1477 1477 1514 vel

825 1534 971 1583 reliquis
982 1533 1195 1571 Hellenibus
1214 1538 1402 1583 praestare
1422 1534 1477 1570 di-

824 1596 1001 1638 cerentur,
1022 1591 1094 1627 tale
1120 1590 1208 1638 quid
1228 1590 1476 1627 comminisce-

824 1651 967 1693 rentur,
996 1660 1068 1696 quo
1090 1647 1215 1694 utique
1243 1646 1353 1683 rudes
1384 1658 1474 1695 gen-

824 1707 879 1739 tes
901 1716 943 1739 ac
962 1703 1138 1740 barbarae
1158 1703 1234 1739 sere
1266 1702 1384 1752 decipi
1407 1715 1476 1752 po-

823 1759 968 1805 tuerint,
986 1759 1131 1796 minime
1149 1771 1234 1795 vero
1252 1759 1336 1795 culti
1356 1758 1474 1794 Grae-

825 1815 856 1851 ci
885 1815 1181 1862 Graecorumque
1211 1813 1266 1851 vel
1287 1813 1475 1850 cultis-simi

824 1870 1066 1907 Athenienses
1107 1869 1223 1918 decipi
1254 1869 1475 1907 debebant.“

823 1925 877 1962 Ut
908 1926 1002 1963 enim
1034 1926 1166 1962 Graeci
1200 1925 1384 1971 barbaris,
1423 1924 1475 1960 ita

824 1981 975 2017 Graecis
1037 1981 1171 2017 cunctis
1233 1979 1473 2018 Athenienses

821 2042 1009 2087 praestare
1056 2036 1124 2072 sibi
1154 2035 1366 2073 videbantur
1413 2049 1472 2072 sa-

822 2093 958 2142 pientia
996 2092 1164 2141 omnique
1204 2092 1339 2139 ingenii
1366 2091 1473 2138 cultu,

820 2149 980 2197 reliquae
1006 2149 1182 2186 Graeciae
1213 2161 1253 2184 se
1280 2148 1472 2196 magistros

822 2218 903 2242 esse
929 2206 1115 2242 iactantes.
1175 2204 1285 2242 Unde
1311 2204 1472 2241 Athena-

823 2274 903 2297 rum
936 2261 1061 2298 urbem
1097 2260 1252 2297 Pericles
1288 2260 1376 2297 dixit
1401 2261 1472 2309 τῆς

820 2312 1005 2364 Ἑλλάδος
1024 2316 1244 2364 παίδευσιν,
1265 2315 1470 2364 Thucydid.

821 2373 878 2420 ll,
918 2374 983 2414 41.
1040 2372 1098 2410 De
1135 2385 1207 2422 quo
1240 2372 1334 2409 dicto
1368 2372 1472 2421 plura

825 2429 855 2467 C
860 2443 885 2466 r.
907 2431 954 2466 ad
973 2429 1124 2466 oration.
1147 2428 1329 2466 decivitat.
1339 2427 1469 2465 Athen.

821 2499 908 2537 pag.
942 2487 996 2527 56
1028 2486 1084 2523 ed.
1116 2498 1190 2522 set:²
1213 2484 1393 2533 Equidem
1414 2497 1471 2522 me

821 2542 1013 2579 continebo
1064 2542 1100 2578 iu
1152 2554 1225 2577 uno
1262 2540 1471 2578 Dicaearchi

822 2599 914 2645 loco,
944 2598 1004 2646 qui
1027 2611 1069 2634 ex
1089 2597 1301 2634 Herodoteo
1324 2609 1471 2646 expres—

822 2669 884 2691 sus
903 2655 1086 2701 videatur,
1115 2666 1151 2702 p.
1176 2655 1226 2693 10
1259 2653 1316 2699 (in
1338 2653 1470 2689 Creuz.

821 2711 962 2748 Melett.
988 2710 1039 2746 Ill
1069 2722 1153 2759 pag.
1190 2710 1306 2757 1830:
1346 2705 1390 2747 τὸ
1405 2723 1471 2746 κα-

822 2763 943 2806 θόλου
972 2761 1012 2804 δ’
1047 2762 1144 2804 ὅσον
1165 2765 1209 2803 αἱ
1229 2763 1365 2804 λοιπαὶ
1395 2760 1471 2803 πό-

822 2827 900 2869 λεις
922 2818 1017 2873 πρός
1046 2836 1086 2860 τε
1104 2817 1259 2871 ἡδονὴν
1284 2819 1350 2859 καὶ
1379 2820 1471 2871 βίου

822 2876 1040 2931 διόρθωσιν
1066 2880 1147 2917 τῶν
1176 2873 1307 2931 ἀγρῶν
1335 2875 1469 2926 διαφέ-
