1909 3228
601 198 1023 238 EUTERPE.
1073 199 1120 236 11.
1393 200 1477 240 603

222 309 541 366 ὀνομασθῆναι,
588 307 701 365 πλὴν
745 308 1052 359 Ποσειδέωνος.
1110 309 1271 350 τοῦτον
1318 306 1364 348 δὲ
1400 305 1479 350 τόν

191 390 330 433 4θεόυ
360 388 478 443 παρὰ
508 388 686 444 Λιβύων
715 387 943 431 ἐπύθοντο.
975 387 1163 442 ου’ὃαμοὶ
1183 386 1265 440 γὰρ
1291 383 1366 427 ἀπ’
1397 383 1477 439 ἀρ-

220 472 294 524 χῆς
331 468 628 517 Ποσειδέωνος
663 464 834 521 οὕνομα
873 466 1091 521 ἔκτηνται,
1142 467 1178 508 εἰ
1208 464 1265 520 μὴ
1295 466 1534 519 Λίβυες·ὃὸ

222 547 294 590 καὶ
323 548 494 602 τιμέωσι
523 548 600 589 τὸν
626 545 734 589 θεὸν
763 550 918 589 τοῦτον
950 547 1045 588 αἰεί.
1083 547 1312 599 νομίζουσι
1342 542 1385 587 δ’
1417 539 1480 587 οἷν

99 624 163 671 51
224 624 454 681 Αἰγύπτιοι
485 624 582 670 οὐδ’
618 625 758 682 ἥρωσι
794 623 934 668 οὐδὲν.

224 704 332 747 ἄλλα
361 705 468 759 πρὸς
497 704 688 749 τούτοισι
716 704 769 748 τοὶ
810 704 892 761 ἐγώ
930 703 1109 761 φράσω,
1154 703 1358 760 “Έλληυες
1397 701 1474 746 ἀπ’

222 932 327 984 πλήν
354 933 626 983 Ποσειδέωνος
654 951 688 975 κ.
708 952 739 976 τ.
763 934 812 987 λ.]

166 990 377 1041 Neptunum
396 993 596 1042 Aegyptios
623 999 814 1032 veneratos

166 1060 248 1085 esse
264 1049 410 1087 minime
430 1050 616 1098 probabile
633 1056 701 1098 est,
735 1064 814 1088 cum

165 1117 264 1142 mare
284 1135 295 1153 ,
343 1110 380 1142 ut
415 1106 450 1142 Τ
453 1106 649 1155 yphonium
671 1136 681 1153 ,
726 1107 814 1144 ode-

164 1162 248 1198 rint.
305 1162 417 1199 Cuius
437 1163 509 1199 odii
527 1176 654 1200 causas
669 1164 816 1200 investi-

166 1231 255 1266 gare
283 1218 387 1255 huius
417 1219 484 1255 loci
509 1232 582 1256 non
613 1224 681 1256 est.
738 1220 815 1257 Sed

166 1274 309 1311 accolae
331 1281 458 1323 gentes
479 1275 640 1324 Libycae
664 1276 815 1313 multum

166 1344 231 1380 per
255 1332 367 1368 maria
390 1332 574 1382 palantes,
606 1333 712 1370 deiun
735 1345 815 1370 ma-

167 1387 214 1423 ris
253 1387 406 1425 coluisse
437 1389 671 1437 eiusdemque
714 1401 816 1425 sacra

166 1445 215 1480 ad
243 1443 330 1480 alias
358 1444 526 1482 nationes
559 1445 725 1481 attulisse
764 1444 818 1480 vi-

165 1501 306 1536 dentur.
364 1499 426 1537 Tu
459 1502 531 1537 vid.
556 1501 728 1538 Creuzer.
749 1500 771 1537 l.
795 1500 818 1538 l.

166 1557 181 1592 l
209 1570 244 1606 p.
261 1558 353 1597 821.
384 1556 418 1593 ΙΙ
437 1570 473 1607 p.
494 1559 595 1604 293,
626 1558 689 1606 qui
722 1570 818 1594 nunc

166 1613 214 1650 ad
236 1612 417 1650 Herodoti
432 1613 548 1650 locum
570 1615 723 1651 conferri
742 1613 818 1650 vult

166 1670 260 1706 infra
282 1669 343 1717 IV,
366 1671 444 1711 188
473 1670 551 1707 coll.
576 1670 746 1707 Eustath.
769 1670 817 1706 ad

167 1726 317 1763 Homer.
338 1726 473 1774 odyss.
493 1727 522 1773 I,
541 1727 593 1768 25
614 1741 650 1777 p.
673 1728 736 1773 13,
763 1726 816 1767 46

168 1783 226 1820 ed.
245 1782 330 1818 Bas.
353 1788 389 1819 et
416 1782 627 1832 Apollodor.
655 1783 727 1828 111,
752 1783 816 1830 15,

169 1837 216 1885 4,
260 1838 321 1874 ubi
354 1838 426 1875 vid.
465 1839 601 1887 Heynii
647 1839 817 1876 observv.

168 1907 205 1944 p.
229 1895 325 1935 338.

225 1950 430 2000 νομίζουσι
461 1944 502 1988 δ’
531 1944 587 1989 ὦν
604 1945 819 2002 Αἰγύπτιοι

171 2001 263 2045 οὐδ’
293 2002 419 2057 ἥρωσι
442 2001 583 2052 οὐδέν]
614 2007 634 2043 i.
659 2020 689 2044 e.
713 2020 818 2056 porro

169 2076 228 2099 nec
247 2063 366 2099 heroas
385 2062 458 2099 ullo
492 2063 587 2099 cultu
602 2076 817 2112 prosequim-

171 2122 228 2156 tur
248 2120 428 2169 Aegyptii.
484 2119 540 2156 Ita
560 2120 761 2156 Creuzerus
783 2121 819 2156 in

171 2175 375 2213 Comment.
396 2176 536 2213 Herod.
559 2190 594 2225 p.
619 2176 698 2216 205
712 2205 722 2222 ,
757 2177 819 2213 ubi

171 2232 239 2269 hoc
255 2232 376 2269 addit:
399 2245 497 2282 „quo
512 2232 645 2269 deloco
659 2232 747 2281 quid
761 2232 819 2269 alii

169 2289 382 2335 iudicarint,
412 2293 453 2325 ut
479 2288 694 2326 Meinersius
723 2289 758 2325 in
777 2288 819 2324 li-

172 2345 237 2381 bro
279 2357 419 2382 vernae.
455 2345 580 2382 histor.
607 2346 682 2382 crit.
723 2358 816 2382 omn.

172 2400 297 2449 religg.
317 2401 333 2437 I
351 2402 502 2451 p.327,
534 2401 698 2438 consulto
710 2415 817 2451 prae-

171 2457 342 2493 termitto.
397 2457 487 2494 Illud
512 2458 673 2507 inprimis
704 2458 820 2495 teneri

173 2511 277 2559 volo,
308 2514 408 2562 quod
428 2513 497 2563 ipsi
524 2515 731 2551 sacerdotes
764 2514 820 2550 hi-

173 2568 304 2605 storico
331 2569 466 2605 diserte
486 2570 688 2617 declarant,
719 2583 753 2606 se
774 2566 818 2620 ἤ-

175 2639 277 2674 ρωας
305 2624 380 2662 sive
400 2625 562 2662 semideos
586 2628 623 2662 in
655 2628 729 2662 suis
762 2640 821 2662 sa-

175 2682 244 2717 cris
264 2694 330 2717 non
351 2693 544 2729 agnoscere.
589 2682 735 2730 Zo'ega,
759 2682 820 2731 qui

174 2737 290 2787 probe
327 2737 496 2782 sentiret,
534 2750 660 2788 parum
700 2739 822 2776 favere

175 2793 242 2830 hoc
270 2793 513 2830 testimonium
553 2806 639 2831 suae
678 2795 822 2841 rationi,

175 2850 225 2886 ita
245 2850 354 2887 vertit
378 2849 446 2897 (de
464 2849 631 2887 obeliscc.
649 2864 686 2902 p.
707 2852 820 2900 302):

883 965 907 984 „
920 964 945 982 ,‚
960 933 1082 985 Neque
1100 934 1257 972 heroibus
1285 935 1309 971 cl
1318 935 1429 985 esan
1442 937 1532 971 ctis

881 992 1053 1042 Aegyptii
1077 992 1214 1041 aliquid
1241 992 1364 1040 offerre
1391 1004 1532 1028 consue-

882 1050 1078 1086 verunt.““
1108 1049 1262 1096 (Statuit
1282 1049 1376 1086 enim
1397 1049 1448 1084 vir
1468 1049 1535 1084 do-

882 1110 959 1142 ctus
971 1134 981 1152 ,
993 1105 1190 1154 Aegyptios
1202 1106 1319 1155 prisco
1338 1118 1426 1142 aevo
1437 1104 1534 1141 haud

883 1161 984 1198 aliter
1005 1174 1046 1198 ac
1065 1162 1218 1211 reliquas
1238 1163 1313 1200 fere
1333 1166 1461 1210 gentes
1480 1161 1535 1196 in-

882 1219 979 1255 feriis
1000 1223 1210 1267 prosecutos
1240 1232 1320 1256 esse
1345 1219 1535 1256 defunctos

883 1275 1212 1324 documentumque
1226 1274 1330 1312 huius
1348 1275 1457 1311 moris
1477 1286 1535 1310 re-

882 1331 975 1381 petit
1002 1344 1045 1368 ex
1096 1331 1252 1368 Osiridis
1284 1331 1536 1377 religionibus,

885 1400 992 1436 quem
1010 1399 1124 1434 regem
1150 1388 1313 1436 primitus
1341 1386 1536 1423 Pln‘lensem

883 1446 968 1492 post
986 1448 1138 1480 mortem
1151 1448 1257 1491 grata
1266 1443 1449 1479 hominum
1459 1455 1536 1480 me-

885 1499 999 1536 moria
1015 1499 1063 1535 ad
1082 1500 1171 1536 deos
1196 1504 1357 1536 evectum
1375 1513 1456 1536 esse
1468 1512 1537 1549 pu·-

884 1556 969 1602 tat.)
1000 1555 1210 1592 Herodotus
1231 1560 1350 1592 autem
1378 1556 1424 1593 de
1443 1568 1534 1592 mor-

885 1613 958 1648 tuis
980 1611 1013 1648 h.
1032 1611 1055 1648 1.
1094 1612 1143 1648 nil
1170 1611 1344 1661 loquitur,
1376 1612 1442 1649 sed
1467 1624 1536 1662 po-

886 1672 1075 1717 steaquam
1120 1669 1209 1706 deos
1262 1668 1402 1718 posuit,
1443 1681 1534 1717 quos

887 1725 1019 1762 Graeci
1043 1724 1099 1762 vel
1124 1738 1168 1762 ex
1188 1724 1358 1775 Aegypto
1390 1724 1445 1761 vel
1472 1724 1538 1761 ali-

887 1782 985 1818 unde
1004 1781 1240 1827 adsciverint,
1254 1781 1461 1831 simpliciter
1474 1782 1541 1817 ad-

886 1837 958 1873 iicit
986 1836 1062 1873 illa:
1093 1837 1304 1883 „Heroibus
1333 1837 1425 1873 m'lu'l
1447 1838 1543 1873 sacri

888 1892 1004 1929 cultus
1024 1893 1182 1929 tribuunt
1200 1893 1378 1942 Aegyptii.
1392 1894 1416 1912 “
1461 1893 1541 1929 Nee

887 1948 992 1985 aliam
1004 1962 1090 1986 sane
1109 1949 1441 1999 interpretationem
1453 1962 1539 1998 per-

887 2005 1032 2041 mittunt
1049 2006 1191 2042 Graeca
1219 2005 1401 2054 scriptoris
1423 2005 1538 2042 nostri

886 2062 1018 2108 verba,
1047 2061 1083 2097 in
1110 2061 1238 2109 quibus
1267 2062 1429 2098 dativum
1468 2062 1537 2098 ob-

888 2130 1070 2168 servamus
1100 2118 1210 2154 verbo
1236 2118 1410 2167 νομίζειν
1433 2117 1538 2154 addi-

885 2180 978 2220 tum,
1013 2177 1052 2210 ut
1077 2186 1185 2223 supra
1219 2174 1274 2221 II,
1293 2174 1346 2215 42
1381 2178 1417 2210 et
1436 2174 1536 2223 apud

887 2230 1091 2278 Thucydid.
1112 2230 1166 2276 H,
1196 2231 1273 2277 38,
1311 2230 1372 2266 ubi
1400 2229 1536 2266 consul.

886 2288 1088 2336 interprett.
1108 2290 1143 2324 et
1158 2286 1281 2335 Viger.
1300 2286 1346 2324 de
1364 2286 1535 2323 idiotism.

885 2356 971 2394 pag.
999 2345 1093 2384 267.
1153 2342 1211 2380 De
1231 2347 1443 2391 argumento
1469 2341 1537 2379 loci

886 2401 979 2438 conf.
1004 2400 1110 2436 etiam
1142 2399 1310 2436 Creuzer.
1339 2398 1499 2447 Symbol.
1520 2397 1536 2435 I

885 2469 970 2508 pag.
994 2456 1074 2497 295
1095 2468 1197 2505 seqq.

1106 2539 1218 2590 Cap.
1256 2538 1319 2576 LI.

929 2621 1119 2675 ’Έλληνες
1144 2618 1218 2662 ἐπ’
1238 2622 1466 2674 Αἰγυπτίων
1479 2636 1538 2661 νε-

887 2679 1096 2731 νομίκασι]
1143 2680 1174 2716 Ε
1209 2693 1312 2729 seqq.
1343 2679 1538 2728 cogitando

888 2739 945 2775 hic
967 2738 1052 2775 addi
1069 2737 1195 2773 volunt
1221 2732 1440 2786 μαθόντες,
1469 2736 1537 2772 hoc

888 2796 965 2832 sere
986 2807 1115 2831 sensu:
1146 2793 1188 2829 ab
1214 2793 1399 2842 Aegyptiis
1426 2791 1538 2829 edocti

889 2864 930 2888 ea
968 2852 1193 2888 instituerunt
1226 2852 1456 2899 institutaque
1485 2853 1535 2885 te-

995 629 1140 667 Ταῦτα
1167 624 1246 679 μέν
1274 640 1372 674 νυν,
1404 624 1477 667 καὶ
1532 622 1810 690 {flammantum

1708 658 1810 684 fac-ere

1532 690 1642 718 Graeci
1668 698 1686 716 a
1704 691 1809 725 quibus

1532 724 1710 753 didicerint:
1752 725 1809 752 Pe<
