1877 3223
433 220 489 259 56
834 217 1302 256 HERODOTI

327 334 391 377 2-1-
438 328 610 370 Τοῦτον
635 326 712 370 τόν
735 325 909 382 Ἀρίονα
938 327 1128 382 λέγουσι,
1158 325 1234 370 τὸν
1263 326 1420 368 πολλὸν
1446 329 1524 368 τοῦ
1542 325 1704 381 χρόνου

435 407 710 460 διατρίβοντα
749 407 866 461 παρὰ
907 405 1185 461 Περιάνδρῳ,
1238 404 1499 458 ἐπιθυμῆσαι
1538 409 1751 454 πλῶσαι3ο

434 484 479 535 ἐς
514 482 694 539 Ἰταλίην
731 501 774 528 τε
814 486 887 528 καὶ
927 485 1153 538 Σικελίην·
1192 482 1485 537 ἐργασάμενον
1524 482 1568 525 δὲ
1607 481 1707 538 χρή-

437 579 550 618 ματα
573 562 755 617 μεγάλα,
784 566 963 619 θελῆσαι
991 560 1127 606 ὀπίσω
1149 561 1190 612 ἐς
1215 560 1441 614 Κόρινθον
1462 558 1704 604 ἀπικέσθαι.

397 758 506 795 luisse
526 758 636 794 modo
667 756 929 805 dithyrambum
954 770 1039 795 con-

395 814 570 860 tendunt,
598 813 734 863 quippe
753 813 907 850 saltandi
927 814 1041 850 forma

394 872 553 916 mutata,
593 869 787 906 carminum
808 870 946 907 ratione
965 882 1040 906 me-

395 925 463 961 lius
484 925 642 972 exculta,
673 924 749 962 aliis
770 925 875 961 huius
897 925 1041 974 generis

395 981 589 1029 institutis,
623 993 715 1029 qnae
745 982 941 1018 inventoris
975 993 1041 1016 no-

392 1050 475 1074 men
515 1037 563 1073 illi
600 1036 873 1074 conciliaverint.
933 1036 1042 1072 Conf.

393 1093 519 1129 Plehn.
538 1093 572 1128 in
585 1091 769 1129 Lesbiacc.
787 1093 865 1129 libr.
887 1106 923 1143 p.
950 1094 1042 1133 168.

393 1149 473 1185 Nec
510 1153 630 1185 tamen
658 1149 747 1186 haec
783 1162 862 1186 cum
896 1148 1040 1185 disertis

393 1204 573 1241 Herodoti
590 1205 708 1241 verbis
725 1234 735 1252 ‚
764 1206 801 1241 in
823 1205 952 1254 quibus
971 1216 1040 1252 ego

392 1260 692 1309 acquiescendum
722 1273 852 1298 censeo
869 1290 880 1308 ,
910 1273 1042 1297 conve-

392 1316 470 1352 nire
498 1329 632 1365 posse,
662 1329 768 1353 nemo
802 1329 877 1353 non
912 1316 1042 1353 intelli-

392 1372 469 1420 git,
505 1384 571 1408 nec
599 1371 685 1408 mihi
710 1373 889 1409 Herodoti
918 1385 1042 1408 narra-

393 1427 528 1464 tionem
542 1456 552 1473 ,
581 1428 697 1475 utqui
717 1429 851 1477 optime
870 1427 1041 1475 inquisie-

394 1483 439 1519 rit
460 1496 615 1531 vereque
638 1487 674 1519 et
695 1484 848 1520 candide
871 1483 1041 1529 retulerit,

394 1539 510 1575 minus
523 1538 747 1589 probabilem
759 1540 948 1588 quisquam
960 1539 1043 1575 red-

394 1595 535 1632 diderit.
615 1594 726 1637 Quod
780 1609 865 1632 vero
918 1595 1043 1641 Arion,

393 1650 663 1701 BIetleymnaeus
696 1665 724 1687 5.
743 1650 891 1688 Lesbius
924 1652 1044 1696 homo,

394 1707 609 1755 ditliyranibi
630 1707 794 1744 inventor
825 1708 1045 1757 perhibetur,

394 1764 433 1799 id
454 1763 681 1799 referendum
709 1765 756 1800 ad
777 1764 898 1813 prisca
915 1762 1045 1799 Bacchi

396 1831 499 1855 sacra
516 1819 614 1868 apud
632 1818 908 1867 Methyinnaeos
931 1833 960 1855 5.
973 1818 1046 1855 Le-

396 1875 517 1919 sbios,
547 1887 630 1910 nani
651 1875 698 1910 ad
708 1876 888 1912 Bacchum
907 1879 945 1910 nt
957 1875 1049 1911 inter

399 1943 526 1967 onmes
566 1934 730 1977 constat,
788 1930 1049 1978 dithyrambica

397 1986 521 2037 poesis
556 1986 671 2021 omnis
712 1986 956 2031 referebatur,
1002 1986 1049 2022 de

400 2055 471 2089 quo
492 2041 661 2077 Creuzer.
681 2042 716 2077 in
738 2042 890 2090 Dionys.
909 2043 1048 2091 p.249.

402 2096 608 2134 Excelluere
656 2111 803 2146 quoque
849 2097 972 2135 Lesbii
1014 2098 1050 2132 in

401 2153 505 2203 poesi
539 2165 581 2188 ae
612 2154 749 2189 musica
786 2153 855 2189 iam
884 2153 968 2190 inde
1004 2154 1050 2188 ab

402 2209 651 2256 antiquissimo
673 2222 781 2256 aevo,
807 2214 847 2245 nt
864 2210 957 2246 bene
974 2221 1051 2244 ino-

406 2265 481 2301 nuit
499 2264 623 2302 Plehn.
651 2264 673 2301 l.
699 2264 720 2301 l.
742 2278 798 2315 cp.
819 2264 851 2300 V
873 2267 1052 2315 pag.132

405 2333 509 2369 seqq.

462 2398 574 2441 Quod
582 2400 703 2443 restat,
713 2397 822 2434 verbo
835 2399 1055 2435 monendum

407 2455 455 2491 de
482 2466 569 2491 voce
601 2448 820 2501 διδάσκειν,
858 2455 956 2503 quod
988 2454 1055 2491 hoc

348 2546 350 2548 ,
410 2523 521 2547 sensu
541 2510 587 2546 de
616 2510 735 2558 poetis
764 2510 976 2559 plerumque
1000 2511 1055 2547 di-

411 2567 502 2603 citur
527 2565 672 2614 tragicis
703 2571 763 2602 aut
793 2566 956 2613 comicis,
995 2567 1056 2614 qui

412 2621 552 2659 fabulas
575 2634 658 2657 suas
687 2635 715 2657 5.
751 2622 914 2659 dramata
936 2622 1055 2659 docent

413 2679 477 2725 (cf.
506 2677 684 2714 Herodot.
711 2678 782 2725 w,
804 2680 888 2726 21).
947 2678 1056 2716 Unde

413 2737 515 2784 patet
559 2733 913 2783 interpretamentum
964 2747 1057 2781 esse,

414 2790 512 2837 quod
532 2802 596 2839 pro
625 2786 836 2837 διδάξαντα
854 2804 946 2828 unus
969 2790 1057 2829 liber

415 2846 522 2883 oss'ert
552 2845 744 2894 δείξαντα.
803 2847 899 2888 Nain
941 2847 1058 2898 dithy-

1106 756 1252 794 rambici
1272 759 1402 806 poetae
1423 767 1498 791 non
1521 754 1590 792 alia
1612 755 1687 792 fere
1697 766 1755 792 ra-

1107 815 1157 850 tio
1170 842 1181 860 ,
1219 817 1328 862 atque
1361 812 1487 861 tragici
1519 816 1581 847 aut
1610 811 1757 855 comici3

1108 876 1147 907 ut
1168 882 1247 907 eum
1269 880 1412 917 qnoque
1432 863 1670 906 διδάσκαλον
1692 880 1757 903 vo-

1111 926 1182 962 cari
1202 924 1248 960 nil
1260 924 1385 960 mirum
1408 925 1463 960 sit.
1522 922 1668 961 Laudat
1689 922 1719 959 C
1728 935 1754 958 r.

1110 981 1325 1029 Harpocrat.
1346 980 1421 1015 s.h.
1440 980 1644 1028 v.pag.51.
1662 977 1756 1015 Add.

1109 1034 1481 1072 Blomsield.Praefat.
1512 1035 1560 1069 ad
1589 1033 1757 1082 Aeschyl.

1110 1091 1212 1128 Pers.
1229 1104 1265 1140 p.
1282 1089 1403 1126 XVllI
1435 1090 1548 1140 (pag.
1572 1089 1674 1126 XVII
1700 1090 1758 1127 ed.

1110 1147 1246 1198 Lips.).

1286 1230 1316 1267 C
1331 1242 1396 1280 ap.
1426 1229 1559 1266 XXIV.

1164 1316 1305 1353 τοῦτον
1323 1309 1564 1363 τόνἈρίονα
1588 1310 1759 1364 λέγουσι]

1111 1371 1230 1414 Quam
1251 1370 1307 1405 hic
1323 1370 1507 1406 desiderat
1519 1369 1662 1418 Steger.
1678 1381 1762 1418 par-

1109 1426 1251 1463 ticulam
1275 1422 1346 1475 δὴ,
1389 1438 1431 1462 ea
1454 1425 1558 1462 nobis
1582 1425 1680 1462 haud
1698 1437 1763 1461 ne-

1110 1483 1266 1520 cessaria
1300 1482 1450 1518 videtur.
1513 1481 1570 1517 Ad
1618 1481 1764 1529 linguae

1112 1539 1275 1575 Graecae
1307 1550 1410 1574 usum
1457 1538 1493 1573 in
1525 1537 1644 1575 verbis
1677 1533 1764 1575 τὸν

1111 1591 1295 1633 πολλὸν
1317 1596 1389 1632 τοῦ
1408 1588 1554 1644 χρόνον
1586 1594 1673 1643 (pro
1695 1589 1763 1631 τὸν

1112 1647 1260 1690 πολλόν
1299 1663 1328 1685 5.
1366 1653 1548 1687 πλεῖστον
1593 1644 1762 1700 χρόνον)

1113 1708 1207 1744 cons.
1220 1705 1349 1742 Matth.
1368 1704 1403 1755 ἓ.
1416 1707 1511 1753 442,
1525 1709 1550 1745 2
1569 1718 1655 1755 pag.
1668 1707 1763 1746 827.

1169 1772 1417 1822 ἐπιθυμῆσαι
1448 1771 1626 1822 πλῶσαι]
1659 1773 1765 1810 πλῶ-

1115 1840 1181 1868 σαι
1200 1829 1322 1865 Ionica
1339 1830 1455 1866 fornia
1469 1858 1479 1875 ,
1508 1829 1705 1875 illustrata,
1726 1831 1766 1864 ut

1118 1885 1182 1922 Cr.
1203 1889 1348 1931 monet,
1378 1899 1399 1922 a
1421 1885 1592 1921 Maittair.
1619 1885 1667 1922 de
1688 1884 1765 1921 dia-

1115 1942 1208 1978 lectt.
1232 1955 1268 1990 p.
1291 1943 1384 1982 484.
1415 1941 1522 1977 lones
1542 1940 1635 1977 enim
1646 1936 1765 1979 πλώω

1118 1998 1285 2034 dicebant
1321 2010 1435 2045 aeque
1471 2010 1513 2033 ac
1554 1994 1681 2045 πλέως
1719 1997 1766 2034 de

1118 2066 1189 2102 quo
1211 2057 1251 2088 tu
1267 2054 1389 2090 confer
1407 2053 1456 2089 sis
1477 2052 1606 2090 Matth.
1635 2051 1671 2104 ἓ.
1684 2055 1766 2094 248

1118 2123 1152 2159 p.
1176 2110 1269 2150 485.

1174 2170 1442 2226 ἐργασάμενον
1484 2172 1527 2213 δὲ
1563 2170 1765 2225 χρήματα]

1118 2232 1139 2267 i.
1160 2245 1190 2268 e.
1214 2234 1422 2280 „postquam
1451 2243 1597 2279 magnas
1627 2244 1702 2280 opes
1735 2246 1764 2267 s.

1114 2289 1283 2337 pecunias
1340 2287 1408 2323 sibe:
1459 2290 1728 2336 comparaverat.
1742 2289 1765 2306 “

1116 2338 1375 2393 Ἐργάζεσθαι
1392 2343 1460 2379 hoc
1481 2357 1591 2381 sensu
1611 2343 1766 2380 illustra-

1120 2403 1216 2445 tum,
1246 2404 1393 2435 notante
1415 2399 1482 2436 Cr.
1496 2429 1506 2446 ,
1535 2400 1606 2437 iam
1629 2400 1766 2435 dudum

1121 2466 1143 2491 a
1175 2454 1331 2491 Graevio
1372 2456 1409 2491 iu
1438 2455 1556 2495 Lectt.
1583 2456 1765 2493 Hesiodd.

1121 2524 1177 2560 cp.
1208 2510 1279 2561 lp.
1302 2513 1327 2551 9
1361 2512 1410 2548 ad
1435 2525 1529 2549 vers,
1550 2512 1618 2552 43.
1659 2512 1768 2559 Eine,

1122 2567 1249 2604 eodem
1269 2567 1299 2604 C
1306 2581 1332 2603 r.
1352 2572 1533 2615 monente,
1563 2564 1763 2619 ἐργαζόμε-

1124 2638 1187 2661 νοι
1208 2624 1374 2671 leguntur
1404 2625 1440 2660 in
1470 2637 1648 2662 marmore
1675 2625 1767 2661 anti-

1123 2692 1195 2727 qno
1221 2679 1339 2718 Musei
1378 2679 1547 2720 Academ.
1595 2679 1767 2729 Lugdun-

1124 2735 1220 2783 But„
1241 2737 1299 2773 ubi
1312 2736 1370 2774 Te
1382 2735 1519 2774 Water.
1540 2737 1646 2774 vertit
1663 2748 1766 2785 nego-

1126 2794 1286 2839 tiatores,
1320 2796 1523 2830 mercatores
1549 2794 1639 2830 sicut
1658 2791 1766 2843 ἔργα-

1126 2847 1235 2904 σταὶ-
1262 2849 1297 2887 iu
1345 2849 1517 2889 Marmor.
1567 2849 1763 2887 Oxoniens.
