1909 3228
477 218 560 258 664

476 323 626 368 σκέλεα
654 320 967 372 θυσανωτούς,
1009 319 1087 370 οὓς
1116 319 1318 363 καλέουσι
1356 321 1602 373 καλασίρις·

860 210 1335 250 HERODOTI

1896 72 1898 85 .

1662 320 1730 364 ἐπὶ
1895 0 1909 378 l

477 401 673 446 τούτοισι
702 400 748 443 δὲ
777 401 935 456 εἰρίνεα
968 400 1120 454 εἵματα
1150 398 1284 442 λευκοὶ
1317 399 1621 455 ἐπαναβληδὸν
1644 416 1727 454 φο-
1742 407 1786 439 90

449 481 638 534 Ξρέουσι.

447 557 584 602 3οὐδὲ
615 557 1017 614 συγκαταθάπτεταί
1047 569 1144 612 σφι·
1177 556 1231 600 οὐ
1261 555 1345 612 γάρ
1379 556 1512 599 ὅσιον.

698 477 752 522 οὐ
780 477 927 534 μέντοι
957 478 998 529 ἔς
1026 494 1073 534 γε
1107 477 1159 521 τοὶ
1200 477 1272 532 ίρα
1303 476 1525 533 ἐσφέρεται
1557 480 1729 533 εἰρίνεα,

1573 555 1730 612 ὁμολο-

474 636 624 693 γέουσι
653 636 698 680 δὲ
735 640 870 680 ταῦτα
907 641 1020 680 τοῖσι
1057 634 1302 693 Ὀρφικοῖσι
1331 635 1630 691 καλεομένοισι
1658 637 1732 679 καὶ

476 849 497 873 ο
506 830 533 872 ὓ
542 849 560 880 ς
574 830 772 882 καλέουσι]
783 831 939 868 Miratur
949 831 1070 869 Struv.

421 903 518 954 spec.
548 894 688 940 quaest.
715 888 854 925 Herod.
887 901 973 938 pag.
1001 892 1068 935 20,

419 947 476 984 cui
505 947 543 983 in
576 945 704 996 plurali
739 958 890 982 numero
929 958 1071 994 semper

418 1002 593 1053 placuerit
612 1016 697 1041 του
711 1017 751 1049 ς,
780 1016 800 1039 τ
813 1017 835 1039 α
849 1016 897 1066 33
915 1015 934 1038 τ
949 998 987 1048 τὶ,
1007 1015 1068 1037 cur

418 1059 489 1096 hoc
514 1058 592 1095 loco
632 1058 813 1108 scripserit
849 1053 930 1103 ου’ς.
988 1056 1068 1094 Nec

418 1115 534 1163 magis
555 1118 675 1152 tamen
704 1114 872 1163 equidem
894 1110 966 1160 οὓς
985 1113 1021 1150 h.
1044 1113 1067 1150 l.

418 1171 583 1208 mutarim
604 1171 641 1207 in
660 1167 774 1216 τούς,
798 1183 905 1219 quam
927 1170 973 1217 ll,
990 1171 1068 1209 113

420 1223 443 1266 ὃ
472 1228 509 1263 in
533 1224 596 1275 τὸ,
626 1231 666 1264 ut
701 1228 830 1264 eodem
859 1227 935 1263 viro
962 1227 1069 1262 docto

418 1282 548 1334 placet.
614 1283 646 1319 E
673 1282 771 1320 libris
801 1283 940 1332 scriptis
971 1282 1070 1319 nulla

418 1340 570 1376 affertur
594 1338 756 1377 lectionis
782 1339 948 1376 varietas.

477 1391 525 1434 οὗ
550 1393 683 1446 μέντοι
702 1395 740 1442 ἔς
758 1409 801 1446 γε
815 1392 861 1433 τοὶ
881 1392 944 1445 ἱροὶ
957 1392 1070 1443 ἐσφέ-

421 1465 528 1503 ρεται
545 1451 716 1503 εἰρίνεα]
747 1452 843 1488 Hinc
862 1452 1068 1488 sacerdotes

418 1507 592 1557 Aegyptii
626 1509 842 1545 vestimenta
878 1507 974 1543 linea
1003 1520 1069 1554 ge-

421 1568 535 1610 stant,
566 1576 710 1614 semper
738 1576 863 1600 recens
890 1563 984 1609 lota,
1014 1563 1070 1597 id-

420 1632 492 1668 que
523 1632 632 1667 quam
663 1620 818 1655 maxime
844 1623 994 1664 curant,
1029 1622 1069 1654 ut

419 1675 558 1713 Noster
575 1676 698 1712 scribit
720 1675 773 1722 ll,
792 1677 866 1722 37,
896 1675 956 1710 ubi
975 1676 1070 1711 cons.

419 1735 495 1768 not.
553 1731 723 1778 „Scribit
760 1731 1004 1778 Hieronymus
1032 1731 1068 1766 in

420 1787 524 1824 catal.
544 1787 679 1836 scriptt.
702 1787 826 1823 eccles.
855 1800 891 1836 p.
918 1789 1017 1832 170,
1036 1786 1067 1822 F

421 1844 478 1880 ed.
497 1843 666 1879 Francof.
692 1844 739 1879 de
760 1843 891 1879 Iacobo
908 1842 1069 1892 Aposto-

418 1899 475 1936 10:
496 1897 591 1944 ε’θος
610 1896 652 1937 δὲ
671 1913 724 1949 ην
747 1894 855 1952 αὕτῳ
875 1898 1069 1937 εἰσελθεῖν

422 1954 478 2001 εἰς
497 1970 544 1994 τα
565 1951 657 2023 α’για
679 1970 761 1993 των
780 1953 904 2008 αγίων
926 1954 1069 2005 ἐσθῆτι

421 2010 552 2064 ερεΐνῃ
590 2027 643 2062 μη
685 2010 931 2065 κεχρημένῳ,
974 2007 1071 2049 ἄλλα

420 2070 523 2122 λινῇ.
528 2069 551 2088 “
583 2067 647 2105 Cr.
677 2088 733 2096 —
761 2068 849 2104 Mox
868 2081 935 2131 pro
963 2063 1069 2116 ου’ὁὲ,

421 2123 470 2161 W'
474 2126 628 2161 erferum
678 2124 708 2161 si
744 2126 871 2161 audias
911 2125 947 2160 in
987 2129 1070 2161 actt.

420 2180 519 2230 phill.
538 2179 702 2217 Monacc.
724 2180 739 2217 I
760 2194 846 2230 pag.
867 2181 962 2228 250,
984 2182 1071 2218 scri-

420 2237 579 2274 bendum
601 2233 650 2275 ου’
670 2234 733 2284 δὲ,
764 2238 958 2275 seiunctim.

477 2291 734 2344 ὁμολογέουσι
759 2290 802 2331 δὲ
830 2296 953 2331 ταῦτα
970 2296 1073 2332 τοῖσι

419 2344 648 2400 Ὀρφικοῖσι
674 2364 708 2388 κ.
732 2364 763 2387 τ.
785 2351 832 2395 λ.]
863 2349 986 2387 Verba
1004 2348 1072 2388 καὶ

421 2407 653 2455 Βακχικοῖσι
670 2436 681 2452 ,
723 2404 832 2444 εὀῦσι
868 2404 912 2444 δὲ
951 2406 1072 2458 Αἰγυ-

421 2461 570 2500 πτίοισι
596 2462 689 2499 male
717 2462 754 2498 in
783 2463 1001 2510 quibusdam
1031 2463 1072 2498 li-

421 2517 495 2554 bris
519 2518 659 2567 scriptis
682 2519 828 2564 omissa,
848 2519 1071 2565 retinuimus,

421 2576 462 2609 ut
481 2574 616 2610 dudum
635 2578 851 2611 monuerunt
872 2574 1073 2611 Valckena-

422 2628 517 2675 rius,
547 2629 628 2676 alii,
658 2643 700 2666 ac
734 2643 850 2680 nuper
876 2632 1071 2668 admodum

424 2683 627 2722 Creuzerus
657 2690 863 2723 commentt.
904 2687 1069 2724 Herodd.

423 2751 459 2786 p-
484 2742 584 2786 167,
614 2741 675 2789 qui
696 2742 733 2778 in
758 2742 824 2779 hac
845 2744 1070 2790 quorundam

422 2792 593 2831 librorum
612 2797 740 2833 lacuna
757 2799 950 2835 manifesta
962 2800 1070 2836 vesti-

425 2848 487 2896 gia
507 2851 677 2889 audaciae
701 2853 980 2902 Graeculorum,
1009 2856 1070 2905 qui

1136 831 1311 869 Bacchica
1332 844 1397 869 sua
1418 844 1518 869 sacra
1536 832 1580 869 ab
1597 829 1786 882 Aegyptiis

1137 889 1253 938 repeti
1284 889 1443 935 nollent,
1491 888 1557 925 sibi
1584 889 1789 939 deprehen-

1139 946 1235 982 disse
1251 946 1400 983 videtur.
1432 945 1501 981 Est
1520 946 1614 982 enim
1636 947 1786 994 insignis

1136 1000 1264 1038 Nostri
1290 1002 1410 1048 locus,
1441 1015 1519 1038 cum
1541 1001 1610 1037 alio
1639 1002 1786 1049 (l{,49)

1136 1059 1404 1106 quodaminodo
1416 1059 1703 1105 coniungendus,
1715 1072 1787 1107 quo

1136 1118 1291 1163 utroque
1314 1115 1618 1151 necessitudinem
1630 1115 1788 1151 declarat

1137 1171 1349 1221 disciplinae
1363 1199 1373 1216 ,
1393 1171 1465 1218 qua
1484 1170 1707 1207 Graecorum
1726 1183 1790 1207 va-

1137 1230 1193 1263 tes
1217 1240 1258 1264 ac
1289 1226 1492 1276 philosophi
1516 1231 1688 1275 tanquam
1710 1228 1789 1263 alu-

1138 1284 1212 1320 mni
1233 1297 1312 1320 eum
1339 1283 1600 1332 Aegyptiorum
1620 1284 1790 1320 sacerdo-

1137 1340 1234 1376 tibus
1267 1345 1309 1376 nt
1332 1340 1404 1375 suis
1433 1339 1614 1388 magistris
1635 1340 1791 1389 iungan-

1137 1399 1207 1432 tur.
1247 1397 1357 1439 Quod
1380 1409 1423 1433 eo
1442 1396 1557 1442 magis
1577 1398 1787 1441 tenendum,

1137 1465 1210 1500 quo
1229 1452 1395 1488 illibatior
1414 1451 1549 1488 Noster
1575 1452 1621 1488 sit
1646 1453 1691 1488 ab
1714 1452 1787 1497 illa,

1137 1521 1230 1556 quae
1259 1508 1451 1558 postmodo
1482 1508 1621 1554 floruit,
1650 1509 1789 1556 cupidi-

1136 1568 1213 1599 tate
1261 1565 1524 1600 miscendarum
1562 1563 1787 1612 religionum,

1136 1632 1281 1668 qnoque
1314 1620 1508 1669 impensius
1541 1620 1578 1656 id
1606 1627 1691 1669 agat
1721 1621 1788 1657 hoc

1136 1676 1172 1711 in
1193 1676 1304 1721 libro,
1335 1681 1375 1711 ut
1394 1689 1486 1724 qnae
1510 1676 1663 1723 Graeca,
1695 1690 1788 1726 qnae

1136 1731 1320 1780 Aegyptia
1343 1733 1435 1778 sint,
1467 1732 1634 1780 seiungat
1664 1746 1706 1770 ac
1733 1734 1789 1769 ‹li-

1139 1788 1233 1835 sting
1231 1794 1298 1824 nat
1328 1788 1452 1834 (cons.
1472 1788 1691 1825 Creuzerum
1723 1789 1745 1825 l.
1764 1789 1788 1825 l.

1136 1858 1172 1894 p.
1197 1845 1287 1884 168.
1313 1846 1392 1885 172
1412 1845 1519 1892 seq).
1580 1845 1704 1888 Quare
1729 1846 1790 1893 qui

1136 1900 1408 1949 antiquissimos
1423 1901 1599 1938 Graeciae
1622 1903 1791 1939 sacerdo-

1136 1960 1193 1993 tes
1230 1956 1422 2006 Aegyptiis
1453 1957 1646 1995 simillimos
1678 1959 1789 1996 fuisse

1138 2013 1267 2050 dixerit
1287 2014 1367 2050 unis
1372 2026 1452 2051 ersa
1473 2014 1565 2051 vitae
1589 2015 1727 2052 ratione
1747 2028 1788 2052 ac

1137 2068 1325 2118 disciplina
1342 2100 1351 2117 ‚
1391 2071 1420 2107 is
1449 2084 1471 2107 a
1496 2083 1580 2106 vero
1601 2083 1674 2106 non
1699 2071 1790 2107 mul-

1137 2129 1212 2162 tum
1244 2126 1463 2163 aberraverit
1498 2127 1587 2172 (vid.
1618 2127 1788 2164 Creuzeri

1139 2182 1299 2230 Symbol.
1330 2183 1343 2218 l
1364 2196 1447 2232 pag.
1467 2184 1587 2227 254).
1653 2182 1787 2231 Neque

1139 2239 1247 2276 etiam
1268 2238 1432 2275 doctrina
1455 2251 1497 2275 ac
1528 2238 1697 2286 religione
1717 2240 1788 2276 dis-

1138 2295 1325 2341 serebant,
1357 2295 1492 2331 adscita
1510 2294 1568 2331 illa
1587 2295 1730 2343 quidem
1751 2300 1787 2333 et

1138 2350 1291 2399 repetita
1314 2364 1356 2387 ex
1376 2351 1557 2400 Aegypto.
1596 2350 1690 2387 Nam
1716 2352 1789 2388 Or-

1138 2407 1270 2457 pheum
1300 2406 1519 2456 Aegyptium
1547 2407 1654 2455 vulgo
1694 2409 1789 2446 sere-

1141 2463 1227 2499 bant
1241 2492 1250 2509 ,
1271 2464 1526 2512 Orphicosque
1548 2464 1632 2500 inde
1651 2476 1788 2512 aequa-

1138 2518 1189 2555 les
1209 2531 1250 2555 ac
1261 2532 1367 2569 pares
1378 2519 1592 2569 Aegyptii53
1612 2520 1788 2556 Bacchica

1138 2587 1224 2612 vero
1257 2588 1357 2611 sacra
1386 2589 1428 2613 ex
1447 2576 1615 2625 Aegypto
1637 2577 1788 2613 advecta

1141 2644 1249 2681 supra
1267 2631 1299 2667 11
1312 2660 1322 2678 ,
1345 2631 1398 2672 49
1416 2632 1486 2668 iam
1506 2632 1642 2669 Noster
1666 2631 1786 2668 decla-

1136 2691 1299 2734 raverat,
1330 2693 1366 2725 et
1381 2688 1449 2725 hoc
1469 2688 1597 2725 iterum
1615 2688 1787 2725 admonet

1137 2743 1215 2780 loco
1230 2773 1240 2790 ,
1290 2744 1408 2781 verbis
1447 2744 1544 2780 haud
1583 2743 1784 2780 inconsulto

1137 2800 1289 2836 additis:
1320 2798 1428 2838 ἐοῦσι
1459 2797 1501 2838 δὲ
1520 2799 1782 2850 Αἰγυπτίοισι.

1137 2855 1250 2898 Quod
1268 2856 1426 2906 denique
1435 2855 1676 2906 Pythagorica
1686 2866 1783 2891 com-
