1877 3223
627 220 841 259 CLIO.
898 222 925 259 Ι.
1358 225 1411 264 91

35 331 100 378 35
141 330 409 386 κρεμάμενον
456 333 515 386 τῷ
551 330 670 372 παιδὶ
715 329 888 387 ἐμπέσῃ.

138 408 254 464 χερσὶ
281 412 362 451 τοῦ
391 407 545 460 παιδὸς
574 407 651 452 τὸν
678 406 839 464 γάμον,
871 407 1115 452 ἀπικνέεται
1143 408 1185 460 ἐς
1201 408 1277 460 τὰς
1296 409 1412 463 Σάρ-

138 490 203 539 δις
229 486 339 543 ἀνὴρ
369 490 573 544 συμφορῇ
601 486 820 544 ἐχόμενος,
855 487 928 531 καὶ
958 486 1012 531 ου’
1041 487 1236 543 καθαρὸς
1271 492 1460 544 χεῖραςδο

96 668 179 708 hist.
205 682 240 719 p.
261 671 365 715 2113
397 668 457 716 qui
490 679 582 704 nunc
618 665 742 702 laudat

95 725 246 763 Homeri
268 726 405 773 odyss,
428 723 509 770 XV,
529 725 612 764 322
642 722 741 774 (πῦρ

94 775 125 819 τ’
154 775 201 820 εὖ
225 780 400 832 νηῆσαι)
451 753 537 828 ibi⁹q.
574 778 740 815 Eustath.

93 851 128 887 p.
150 837 254 885 577,
277 838 340 906 18
365 836 450 902 Bas.
471 856 527 863 —
554 834 596 871 In
616 848 741 884 seqq.:

93 908 147 944 μη
181 908 218 932 τι
241 891 290 932 οἷ
309 888 741 944 κρεμαμενον-ἒμπὲ-

93 961 142 1003 σῃ
156 978 167 997 ,
197 950 244 987 de
262 963 329 986 usu
344 948 567 999 pronominis
590 963 628 986 οι
618 947 742 996 ‘'-pleo

92 1006 232 1043 nastico
260 1007 355 1043 conf.
381 1005 516 1042 Matth.
552 1002 588 1054 §.
607 1005 708 1051 389,
731 1004 749 1040 f

92 1076 130 1113 p
159 1063 251 1103 713

267 1145 380 1195 Cap.
412 1144 564 1182 xxxv.

151 1224 250 1281 οἷνήρ
269 1231 461 1283 συμφορῇ
479 1223 688 1279 ἐχόμενος]
719 1228 740 1263 i.

93 1300 123 1324 e.
151 1289 241 1334 „vir
274 1285 477 1322 calamitate
495 1298 653 1334 pressus,
685 1284 742 1319 ob-

91 1342 271 1378 strictusf‘
330 1341 402 1377 Ubi
429 1337 615 1390 ‹5quon
639 1339 741 1376 aliter

91 1403 200 1447 atque
219 1398 257 1444 I,
283 1398 337 1438 32
363 1402 418 1433 est
439 1397 645 1442 calamitas,
666 1407 740 1432 ma—

90 1455 171 1492 lum.
227 1453 370 1490 Eodem
395 1455 469 1491 sere
498 1466 608 1491 sensu
636 1464 737 1502 συμ-

91 1512 201 1565 φορᾷ
227 1511 423 1561 χρᾶσθαι,
462 1511 508 1548 de
543 1522 613 1558 quo
645 1509 737 1558 ipso,

90 1567 315 1604 Herodotum
326 1580 470 1615 quoque
492 1565 737 1616 respicienteS,

89 1624 241 1661 diximus
279 1624 326 1659 ad
364 1623 539 1659 Plutarch.
575 1621 732 1659 Flamin.

89 1693 144 1729 cp-
171 1683 220 1720 19
255 1682 404 1729 p.122;
434 1683 495 1716 aut
526 1673 623 1732 τύχῃ
644 1679 733 1728 χρῆ-

92 1739 210 1782 σθαι,
249 1737 294 1772 de
325 1749 396 1784 quo
429 1736 498 1772 vid.
527 1735 575 1771 ad
614 1734 735 1772 Philo-

89 1805 210 1842 pocm.
235 1793 394 1831 1notatt.
410 1805 448 1841 p.
473 1793 511 1832 3.
531 1791 736 1830 4.—Ver-

91 1849 167 1895 bis,
198 1860 290 1896 quae
314 1848 481 1883 continuo
510 1848 735 1895 subsequun-

88 1908 164 1940 tur:
209 1901 276 1941 καὶ
316 1900 365 1942 ου’
395 1899 567 1953 καθαρὸς
608 1905 736 1952 χεῖρας

90 1957 189 2008 ἐών,
225 1959 422 2006 indicatur,
452 1962 622 1996 monente
652 1958 734 2003 Cr.,

90 2017 189 2053 illum
220 2016 333 2053 fuisse
377 2011 629 2067 ἀνδροφόνον
662 2013 737 2050 sive

89 2072 322 2123 parricidam,
369 2071 446 2108 coll.
488 2070 650 2118 Bergler.
690 2069 737 2105 ad

90 2127 244 2179 Alciphr.
267 2127 280 2163 l
297 2141 332 2177 p.
345 2127 398 2167 48
409 2129 465 2165 ed.
479 2127 613 2175 W'agn.
642 2125 738 2161 Hinc

90 2198 156 2235 pro
176 2184 267 2220 illius
297 2184 424 2220 aetatis
455 2196 554 2220 more
580 2196 601 2219 a
624 2182 737 2218 Croe-

91 2254 132 2276 so
158 2240 342 2290 expiatur,
380 2240 429 2275 ad
451 2252 559 2288 quein
586 2237 737 2287 supplex

91 2298 312 2344 confugerat.
369 2295 450 2333 Nec
474 2295 594 2341 aliter,
624 2296 737 2330 fratre

91 2353 226 2402 quippe
259 2352 469 2399 interfecto,
508 2351 660 2399 Tydeus
689 2350 737 2386 ad

92 2407 308 2456 Adrastum,
346 2407 452 2445 Talai
485 2407 602 2453 ,filium
628 2405 737 2454 Argi-

92 2476 288 2513 vorumque
321 2477 444 2512 regem
475 2462 661 2512 confugit,
699 2465 736 2499 et

93 2519 138 2554 ab
167 2519 275 2556 hocce
316 2521 500 2570 expiatur,
548 2525 587 2556 ut
613 2521 736 2555 monet

95 2574 126 2610 C
132 2587 174 2621 r.,
184 2580 326 2613 auctore
337 2576 544 2624 Pherecyde
555 2573 735 2622 (inSehol.

92 2630 241 2667 Homer.
263 2632 309 2667 ad
331 2631 370 2667 ll.
389 2632 486 2679 XIV,
511 2635 612 2677 1203
641 2630 735 2667 Phe-

92 2687 213 2734 recyd.
236 2685 421 2735 Fragmm.
450 2689 506 2724 ed.
536 2687 595 2724 alt.
616 2687 734 2723 Sturz.

92 2755 129 2792 p-
152 2742 230 2783 156
248 2743 357 2790 seq),
386 2743 564 2780 Herodoti
580 2744 655 2780 fere
673 2755 734 2780 ae-

93 2798 187 2846 quali
237 2811 353 2835 rerum
403 2799 595 2848 scriptore,
636 2799 734 2848 apud

92 2867 198 2903 quem
230 2855 357 2892 verba:
411 2850 569 2908 φεύγων
605 2850 640 2895 δ’
679 2854 734 2902 εἰς

796 661 940 717 ’Ἁργος
962 662 1059 717 πρός
1075 661 1317 717 ’Ἀδραστον,
1347 665 1454 716 βασι-

808 719 876 760 λέα
891 724 961 773 τῆς
982 718 1113 775 χώρας
1133 744 1187 749 --
1187 722 1455 787 καθαρσί-

810 793 877 817 ων
934 793 985 818 τε
1040 793 1092 817 τυ
1108 792 1284 831 γχανει
1334 775 1456 829 πρὸς

810 830 969 875 αὐτοῦ
1006 836 1097 872 bene
1121 848 1200 871 cum
1236 835 1456 872 Herodoteis

808 893 1034 930 conveniunt.
1092 891 1272 956 Expiandi
1291 904 1376 928 vero
1398 904 1457 928 ra-

809 949 945 986 tionem
975 947 1033 997 (5.
1061 962 1108 986 τα
1127 941 1385 997 νομιζόμενα,
1417 952 1457 983 ut

809 1004 902 1041 infra
916 1005 998 1052 ait),
1027 1017 1132 1053 quam
1152 1003 1266 1052 Lydis
1285 1007 1320 1040 et
1339 1004 1455 1040 Grae-

811 1061 860 1098 cis
883 1062 1037 1098 eandem
1057 1062 1132 1097 fere
1152 1072 1234 1097 esse
1250 1058 1358 1109 paulo
1370 1063 1455 1109 post

809 1117 938 1154 asserit
983 1116 1217 1163 Herodotus,
1275 1116 1455 1166 copiosius

810 1174 980 1211 describit
995 1172 1114 1209 Schol.
1137 1171 1304 1221 Apollon.
1335 1172 1455 1207 Rhod.

809 1230 871 1277 IV,
890 1231 970 1271 693
996 1242 1100 1278 seqq.
1120 1228 1198 1265 coll.
1222 1227 1387 1263 Eustath.
1408 1228 1455 1264 ad

806 1286 907 1323 Iliad.
954 1285 1096 1332 XXIV,
1137 1284 1230 1326 480.
1289 1283 1453 1332 Euripid.

807 1342 930 1378 Orest.
973 1341 1065 1382 511.
1134 1341 1298 1389 Iphigen.
1339 1339 1374 1375 T
1377 1353 1453 1376 aur.

807 1397 910 1444 950,
927 1410 1019 1445 quos
1038 1396 1136 1432 locos
1153 1396 1275 1432 laudat
1296 1394 1453 1432 W'essel.

807 1453 868 1489 Tu
896 1453 991 1489 adde
1021 1451 1193 1489 Creuzeri
1228 1450 1390 1500 Symbol.
1421 1450 1454 1487 II

805 1523 844 1560 p.
864 1509 945 1550 520
964 1521 1041 1558 seq.
1068 1512 1103 1545 et
1119 1509 1164 1544 ab
1189 1507 1218 1544 C
1223 1520 1251 1544 r.
1271 1506 1454 1543 laudatum

804 1565 928 1603 vales.
978 1566 1026 1601 ad
1073 1563 1192 1603 Nicol.
1234 1563 1452 1601 Damascen.

804 1636 841 1673 p.
854 1621 949 1669 441,
963 1622 988 1658 f.
1006 1635 1042 1671 p.
1061 1622 1142 1662 182
1161 1633 1237 1669 seq.
1256 1621 1314 1658 ed.
1336 1619 1448 1656 Orell.

802 1678 883 1717 Nos
923 1677 1010 1714 illud
1051 1677 1279 1728 potissimum
1314 1676 1451 1713 attendi

802 1734 986 1782 volumus,
1016 1734 1245 1783 peregrinum
1259 1763 1269 1781 ,
1288 1732 1349 1781 qui
1367 1745 1453 1782 sup-

803 1791 886 1842 plex
907 1791 955 1828 ad
985 1790 1116 1827 Croesi
1136 1791 1249 1827 aedes
1279 1790 1453 1836 confuge-

804 1852 881 1894 rat,
908 1847 1009 1897 prius
1029 1847 1074 1882 ab
1098 1859 1141 1883 eo
1164 1845 1322 1895 expiari,
1344 1856 1451 1892 quam

803 1903 879 1940 eius
912 1915 1043 1938 nomen
1073 1902 1263 1951 patriaque
1291 1900 1452 1947 requira—

804 1963 882 2002 tur,
911 1958 949 1994 id
966 1958 1065 2005 quod
1092 1956 1217 2006 procul
1236 1955 1345 1992 dubio
1371 1954 1452 1991 reli—

804 2014 914 2062 gione
933 2014 987 2048 sic
1008 2016 1191 2062 receptum
1210 2015 1304 2057 erat,
1334 2015 1374 2046 ut
1391 2012 1451 2060 qui

804 2068 956 2119 supplex
978 2073 1099 2115 esset,
1128 2068 1250 2104 statim
1281 2067 1451 2103 lustrare-

805 2130 863 2162 tur
886 2125 931 2162 ab
954 2138 1019 2171 e0,
1051 2137 1157 2173 quem
1177 2123 1347 2169 adiisset,
1377 2123 1451 2158 his-

805 2195 875 2230 que
907 2181 1061 2231 peractis
1109 2180 1253 2217 demum
1294 2179 1450 2227 alloquio

805 2238 987 2285 benigno,
1018 2240 1186 2286 tectoque
1217 2239 1252 2273 et
1275 2236 1450 2282 convivio,

804 2299 842 2330 ut
863 2294 923 2342 qui
953 2294 1000 2329 ad
1016 2294 1163 2330 domum
1185 2293 1302 2343 ipsam
1322 2291 1451 2328 famili-

803 2362 935 2398 amque
959 2350 1175 2399 pertineret,
1215 2349 1448 2398 exciperetur.

803 2406 976 2443 Pertinuit
1004 2419 1087 2443 vero
1119 2405 1188 2442 hoc
1223 2405 1449 2455 potissimum

801 2463 850 2499 ad
875 2476 959 2508 eoS,
998 2463 1060 2511 qui
1089 2462 1199 2499 caede
1224 2465 1367 2512 patrata
1394 2459 1450 2498 vel

802 2519 1041 2555 involuntaria
1052 2548 1062 2566 ,
1091 2531 1157 2569 pro
1169 2531 1270 2555 more
1282 2516 1450 2554 heroicae

802 2576 930 2612 aetatis
952 2575 1071 2624 patria
1097 2578 1192 2611 terra
1212 2574 1362 2619 cedere,
1392 2574 1447 2609 fa-

801 2632 975 2680 cinusque
1034 2631 1264 2668 commissum
1308 2629 1446 2675 exsilio,

802 2687 857 2724 vel
873 2687 1036 2735 longiore
1051 2686 1105 2724 vel
1127 2699 1265 2734 annuo,
1295 2690 1335 2723 ut
1349 2686 1447 2735 apud

803 2743 967 2793 Euripid.
989 2742 1180 2794 Hippolyt.
1206 2757 1257 2779 vs.
1274 2742 1328 2784 35
1356 2741 1447 2790 legi-

801 2813 903 2847 mus,
942 2799 1039 2837 luere
1069 2800 1180 2836 coacti
1206 2804 1325 2845 erant,
1356 2810 1445 2847 quo-

801 2869 880 2894 rum
925 2860 962 2893 ut
1005 2856 1258 2894 sceleratorum
1302 2867 1444 2893 omnem

942 328 1146 385 Ἕχοντος
1194 331 1240 373 δέ
1288 333 1329 375 οἱ
1367 332 1414 376 ἐν
1458 342 1578 403 adaram
1604 341 1699 371 adven
