1909 3228
677 226 981 268 cL10.1.

1369 224 1454 265 413

196 343 239 395 ἐς
265 341 346 398 τὴν
375 338 512 397 αὐτὴν
539 338 702 395 ταύτην
738 336 889 395 κώμην
916 336 1255 391 παραγίνονται,
1303 335 1378 379 καὶ
1406 335 1453 378 ἐν

168 421 314 477 4τρισὶ
342 419 536 477 ἡμέρῃσι.
575 421 704 462 τοῦτο
735 417 813 472 μὲν
843 416 895 472 δὴ
925 419 1099 459 τοιοῦτο
1131 415 1314 471 ἐποίησε.
1356 417 1453 457 Χοῖ-

197 518 257 557 μα
287 500 333 544 δὲ
362 498 583 555 παρέχωσε
612 494 711 552 παρ’
741 496 946 550 ἑκάτερον
973 498 1052 538 τοῦ
1081 498 1280 549 ποταμοῦ
1302 493 1350 538 τὸ
1372 499 1452 549 χεῖ,-

197 584 295 631 λος,
343 577 464 631 ἄξιον
492 576 751 632 θώυματος,
799 575 991 630 μέγαθος
1023 575 1096 617 καὶ
1134 573 1249 625 ὕψος
1278 573 1385 617 ὅσον
1412 576 1507 617 τί45

170 660 301 703 ὅέστι.
333 657 579 710 κατύπερθε
621 656 666 698 δὲ
692 657 837 710 πολλῷ
868 656 1133 709 Βαβυλῶνος
1162 652 1331 708 ὤρυσσε
1361 654 1453 697 ἔλυ-

198 755 305 793 τρον
328 740 478 793 λίμνῃ,
510 734 658 790 ὀλίγον
686 750 726 776 τι
755 735 1077 786 παρατείνουσα
1107 731 1189 775 α’πὸ
1215 737 1294 775 τοῦ
1324 749 1453 776 ποτα-

199 820 307 873 μοῦ,
347 815 486 871 βάθος
514 815 593 870 μὲν
623 814 664 864 ἐς
693 812 743 856 τὸ
771 811 891 867 ὕδωρ
922 810 985 856 ἀεὶ
1014 810 1287 867 ὀρύσσουσα,
1326 807 1452 866 εὖρος

197 894 242 938 δὲ
271 893 319 938 τὸ
348 895 602 949 περίμετρον
632 891 771 936 αὐτοῦ
799 896 981 937 ποιεῦσα
1020 892 1156 934 εἴκοσί
1192 908 1237 935 τε
1280 892 1353 934 καὶ
1390 907 1453 934 τε-

141 1139 210 1172 tur.
270 1135 378 1173 Conf.
406 1140 480 1173 not.
498 1134 789 1185 praecedentem.

142 1193 377 1242 Quapropter
434 1193 543 1228 miror
603 1191 791 1229 Letronne

143 1249 287 1295 (Journ.
313 1249 348 1285 d.
367 1249 507 1285 Savans
530 1250 637 1289 1807
656 1247 790 1298 p.48)‚

141 1304 259 1341 locum
279 1305 329 1340 sic
349 1305 601 1342 emendantem
615 1333 626 1350 ,
648 1309 688 1341 ut
706 1307 791 1353 post

141 1355 341 1410 θαλάττης
375 1361 644 1397 distinctionem
662 1363 791 1408 'ponat

142 1429 294 1465 eamque
322 1420 464 1466 repetat
491 1420 577 1466 post
603 1412 790 1454 καταπλέ-

142 1486 270 1520 οντες,·
299 1485 371 1521 quo
391 1473 585 1521 iungentur
601 1471 790 1522 κομίζων-

139 1543 203 1567 ται
224 1527 263 1575 ἐς
285 1525 354 1567 τόν
372 1523 599 1579 Εὐφρήτην
622 1533 658 1566 et
675 1542 791 1566 κατα-

139 1583 323 1631 πλέοντες
359 1584 398 1632 ἕς
435 1585 677 1635 Βαβυλῶνα,
721 1584 791 1621 hoc

140 1654 269 1678 sensu:
304 1645 336 1678 et
356 1655 448 1678 nunc
465 1643 547 1691 qui,
577 1641 620 1678 ab
649 1641 710 1676 hoc
726 1653 789 1676 ηο-

140 1701 213 1734 stro
246 1700 338 1734 mari
367 1698 588 1747 Euphratem
622 1696 789 1747 profecti,

140 1753 287 1790 secundo
309 1755 460 1803 flumine
477 1753 691 1803 Babylonem
711 1765 790 1789 ver-

141 1823 200 1846 sus
227 1809 457 1857 devehuntur,
496 1813 546 1846 ter
574 1809 621 1845 acl
651 1809 791 1846 eundem

138 1867 278 1902 vicum!
346 1867 429 1909 Quo
470 1866 559 1914 quid
603 1865 793 1911 lucremur,

142 1922 310 1970 equidem
342 1921 441 1958 haud
487 1934 577 1958 sane
619 1920 792 1968 intelligo.

142 1978 266 2015 Unum
294 1978 362 2015 hoc
384 1977 601 2027 probamus,
629 1976 727 2025 quod
754 1976 792 2012 in

144 2033 302 2070 clausula
336 2034 438 2071 addit
465 2034 613 2070 verbum
643 2032 792 2082 κομίζε-

144 2094 243 2128 σθαι
273 2103 347 2126 non
377 2090 423 2127 de
456 2089 631 2126 maritimo
650 2093 792 2125 tantum

142 2146 270 2183 itinere
290 2146 457 2195 usurpari
475 2146 533 2192 (ut
551 2145 598 2192 ΙΙ,
617 2147 703 2191 60),
725 2145 792 2181 sed

144 2202 193 2239 de
212 2202 373 2239 terrestri
398 2214 565 2252 quoque,
595 2205 635 2238 ut
659 2200 707 2249 V,
724 2202 789 2242 98.

143 2258 232 2305 VII,
256 2260 348 2300 182.

202 2367 378 2422 μέγαθος
397 2367 464 2408 καὶ
492 2364 601 2419 ὕψος
631 2363 729 2408 ὅσον
755 2368 795 2408 τί

146 2423 249 2475 ἔστι]
280 2427 303 2462 i.
324 2440 355 2464 e.
384 2429 508 2463 tantae
527 2430 576 2462 est
604 2425 694 2463 illud
711 2439 795 2475 opus

146 2482 402 2529 magnitudinis
412 2486 445 2518 et
453 2482 666 2527 altitudinis,
682 2495 793 2530 quan-

146 2540 205 2573 tae
223 2540 286 2574 vix
312 2534 501 2588 quidquam
533 2538 633 2575 aliud
658 2540 793 2575 inveni-

147 2597 217 2629 tur.
274 2593 357 2630 Hoc
372 2595 481 2631 modo
516 2593 632 2631 locum
656 2594 794 2631 facilius

147 2648 316 2698 explicari
328 2663 439 2699 posse
454 2662 602 2696 censeo,
633 2662 742 2698 quam
761 2650 793 2686 si

149 2718 229 2741 cum
249 2705 448 2754 Schweigh.
467 2703 562 2744 ὅσον
580 2709 717 2742 statuas
736 2706 793 2742 di-

147 2765 242 2798 ctum
263 2773 344 2798 esse
362 2774 429 2811 pro
445 2756 503 2800 ’ὅτι
519 2756 685 2800 τοσοῦτό
701 2759 791 2800 ἐστι.

147 2838 204 2844 —
222 2816 280 2854 De
299 2817 380 2866 ipso
396 2830 508 2867 opere
528 2817 791 2855 conffleeren.

146 2872 259 2911 Ideen
278 2872 318 2921 I,
339 2876 366 2914 2
387 2886 475 2925 pag.
495 2872 575 2915 140
591 2886 668 2924 seq.
688 2874 793 2912 Brei-

859 1145 935 1181 ger.
959 1133 1005 1170 de
1035 1132 1182 1170 difficill.
1202 1133 1373 1182 quibusd.
1398 1132 1509 1172 Asiae

858 1190 1037 1226 Herodot.
1057 1189 1123 1225 loc.
1146 1202 1232 1240 pag.
1249 1190 1300 1231 43
1314 1203 1416 1239 seqq.

915 1242 1065 1296 ὤρυσσε
1086 1244 1245 1298 ἔλυτρον
1273 1246 1422 1301 λίμνῃ]
1453 1246 1509 1285 λί-

859 1315 938 1354 μνῃ
983 1301 1147 1351 plerique
1202 1302 1282 1339 libri
1327 1303 1508 1349 exhibent,

858 1370 1077 1406 quamquam
1125 1359 1322 1407 genitivum
1361 1359 1509 1409 linguae

858 1412 959 1460 leges
979 1426 1053 1449 non
1073 1418 1260 1464 respuunt.
1319 1414 1428 1452 Conf.
1445 1415 1509 1463 lV,

861 1470 953 1509 173.
983 1469 1142 1507 Pausan.
1161 1470 1252 1517 VII,
1274 1473 1340 1511 27.
1369 1471 1424 1518 II,
1443 1474 1508 1512 27.

859 1524 1040 1576 ἔλυτρον,
1071 1526 1172 1575 quod
1202 1526 1290 1563 alias
1317 1526 1426 1576 vulgo
1453 1532 1510 1565 est

857 1585 1112 1631 tegumentum,
1132 1582 1361 1631 involucrum,
1377 1584 1510 1621 Gram-

857 1639 1069 1688 maticisque
1123 1639 1314 1690 exponitur
1370 1639 1508 1690 σκέπη,

858 1696 957 1745 apud
976 1696 1203 1732 Herodotum
1223 1696 1372 1745 eiusque
1391 1697 1510 1734 imita-

858 1755 974 1788 torem
1012 1751 1231 1789 Pausaniam
1256 1765 1324 1802 pro
1350 1752 1448 1790 alveo
1476 1766 1507 1789 S.

858 1807 1072 1856 receptaculo
1096 1820 1267 1857 aquarum
1293 1810 1380 1858 poni
1407 1809 1509 1846 vide-

858 1866 926 1899 tur.
967 1864 1075 1900 Conf.
1094 1863 1194 1900 locos
1216 1864 1394 1901 laudatos.
1432 1865 1509 1901 Re·-

860 1919 946 1966 gina
965 1919 1060 1955 enim
1092 1919 1201 1966 (haec
1229 1923 1285 1956 est
1301 1920 1465 1969 Breigeri
1482 1920 1506 1958 l.

860 1974 882 2010 l.
910 1975 1109 2023 sententia)
1130 1974 1246 2011 lacum
1260 1975 1372 2013 effodi
1392 1978 1507 2024 iussit,

860 2030 898 2066 in
931 2032 1002 2079 quo
1040 2034 1216 2079 stagnans
1258 2043 1374 2080 aqua,
1412 2045 1508 2082 quae

860 2099 970 2134 agros
991 2091 1255 2137 corrumperet,
1274 2088 1448 2136 paulatim
1466 2102 1508 2127 se

859 2143 1020 2193 recipere
1046 2147 1082 2180 et
1101 2144 1137 2179 in
1159 2156 1266 2191 quem
1286 2145 1390 2181 simul
1420 2145 1507 2194 (sed

858 2198 927 2235 hoc
947 2211 1013 2248 pro
1029 2199 1231 2237 coniectura
1245 2200 1404 2238 habitum
1413 2201 1506 2249 vult)

858 2255 897 2291 in
925 2259 1131 2305 posterum,
1171 2256 1201 2291 si
1229 2256 1348 2293 denuo
1377 2258 1506 2294 fluvius

861 2313 898 2348 in
912 2312 1057 2348 nimiam
1074 2315 1251 2349 cresceret
1268 2313 1506 2361 altitudinem,

860 2380 996 2416 magna
1014 2380 1098 2417 pars
1110 2381 1228 2417 aquae
1242 2369 1395 2406 derivari
1416 2383 1506 2420 pos-

861 2429 928 2461 set.
976 2424 1175 2461 Consilium
1193 2437 1279 2461 vero
1298 2426 1506 2476 primarium

862 2481 960 2530 quod
980 2481 1128 2529 reginae
1158 2481 1195 2517 in
1221 2481 1431 2519 effodienda
1452 2482 1506 2519 la-

861 2550 952 2574 cuna
971 2536 1110 2574 Noster
1131 2537 1243 2574 fuisse
1260 2539 1402 2586 scribit,
1432 2551 1504 2587 quo

859 2593 982 2630 hostes
1000 2593 1226 2642 prohiberet,
1254 2593 1388 2632 firmari
1407 2595 1505 2632 idem

860 2650 911 2686 ait
929 2649 1082 2686 Diodori
1099 2649 1216 2686 verbis
1233 2649 1289 2697 II,
1311 2654 1350 2690 7.
1380 2671 1430 2678 -—
1461 2651 1504 2688 In

857 2705 1019 2756 proxime
1045 2717 1148 2754 seqq.
1179 2703 1219 2750 ἐς
1237 2702 1282 2744 ‘co'
1300 2702 1408 2758 ὕδωρ
1426 2711 1503 2746 est:

859 2761 962 2798 donec
990 2774 1084 2811 aqua
1111 2763 1319 2811 scaturiret,
1358 2768 1399 2800 ut
1423 2763 1504 2801 No-

857 2821 989 2853 strates
1009 2830 1176 2868 quoque:
1198 2817 1251 2856 bis
1271 2819 1345 2871 aus
1364 2819 1503 2858 Wasser

854 2873 997 2922 graben.
