1909 3228
293 239 377 278 932
685 233 933 275 ADDENDA
963 235 1033 274 ΕΤ
1064 235 1417 274 CORRIGENDA.

296 346 347 380 Ad
371 347 425 388 11,
450 349 495 383 66
518 358 599 389 pag.
618 347 697 381 632.
744 344 796 378 Ad
824 356 888 386 ea,
914 357 1004 389 quae
1026 346 1069 379 de
1089 348 1165 388 sele
1182 346 1401 389 Aegyptiam
1423 345 1696 390 disputavimus,
1722 357 1807 380 con-

512 393 594 426 ferri
614 396 790 436 poterunt,
816 402 905 435 quae
931 392 1094 425 disseruit
1110 393 1151 425 dc
1167 392 1348 435 primitiva
1365 392 1486 434 patria
1502 393 1588 434 selis
1605 392 1742 426 Dureau
1764 393 1808 426 de

512 439 546 472 la
564 438 667 471 Malle
692 437 725 469 in
750 436 874 472 annall.
895 437 957 471 des
986 438 1137 471 sciences
1165 436 1321 469 naturell.
1344 437 1420 479 juin
1441 437 1526 471 1829
1552 438 1640 480 (vid.
1658 438 1809 472 Notizen

511 496 573 517 aus
602 484 676 516 dem
704 482 834 516 Gebiet
863 483 925 517 der
950 484 1064 517 Natur
1093 483 1160 516 und
1190 482 1379 515 Heilkunde
1409 483 1494 518 1829
1526 495 1576 516 nr.
1595 482 1683 524 5423
1717 483 1808 527 quod

512 528 753 572 benignissime
788 539 913 561 mecum
945 528 1206 563 communicavit
1236 540 1270 563 v.
1300 528 1341 562 cl.
1366 528 1622 572 Tiedemann.).
1677 529 1751 569 Qui
1778 528 1809 562 si

511 574 739 608 Palaestinam
757 586 892 619 quoque
920 575 1004 608 seles
1030 580 1064 608 et
1079 575 1213 608 cicures
1234 578 1269 607 et
1288 578 1444 618 agrestes
1461 575 1646 608 nutrivisse
1669 580 1811 608 conten-

512 631 583 672 dit,
616 630 717 664 valde
747 634 852 664 errat.
900 631 1024 676 Neque
1049 632 1136 665 enim
1164 632 1397 664 Hebraeorum
1423 632 1517 674 13·Ἷὲ
1544 633 1636 674 feles
1654 637 1811 676 agrestes

512 677 662 718 indicat,
696 680 736 710 ut
765 677 843 710 olim
873 677 1107 710 arbitrabatur
1136 678 1348 717 Bochartus,
1382 677 1463 719 sed,
1499 678 1639 722 quosvis
1660 678 1810 711 locorum

512 723 683 757 aridorum
704 735 744 756 ac
766 723 975 757 desertorum
998 723 1148 763 incolas,
1182 725 1255 756 sive
1282 723 1432 758 homines
1461 724 1536 757 sive
1564 723 1705 757 bestias.
1753 723 1809 756 Tu

513 769 596 809 vid„
622 779 664 801 ne
686 769 805 812 plura,
835 769 963 803 Winer.
983 769 1016 801 in
1037 769 1138 802 lexic.
1162 769 1305 802 manual.
1326 770 1432 802 Hebr.
1459 781 1492 814 p.
1516 771 1594 804 817.
1643 769 1810 803 Maiorem

511 814 612 848 fidem
631 820 820 855 merentur,
845 827 933 858 quae
953 814 995 848 de
1015 815 1138 848 felibus
1163 827 1222 860 per
1243 815 1380 848 Africae
1413 821 1531 859 partes
1555 816 1809 859 septentriona-

513 861 582 901 les,
608 860 737 893 Indiam
758 872 798 893 ac
821 861 936 894 Sinam
965 860 1023 893 diu
1045 866 1124 894 ante
1140 862 1312 895 Christum
1335 866 1448 895 natum
1463 861 1633 905 cognitis,
1657 865 1726 894 tum
1747 861 1810 894 do-

512 906 662 939 mesticis
682 910 750 939 tum
767 907 966 960 agrestibus
994 906 1050 939 ille
1081 907 1220 947 scribit,
1247 919 1286 940 ac
1308 907 1454 951 denique
1476 908 1518 941 de
1544 907 1621 952 ipsa
1646 907 1809 949 Graecia,

512 952 569 985 ubi
593 952 702 985 serius
723 952 843 996 utique
863 953 981 996 γαλῆν
998 952 1146 986 dixerint
1171 955 1279 994 selem
1311 954 1553 994 domesticam,
1578 958 1614 986 et
1636 952 1811 994 αἴλουρον

514 1011 557 1043 ag,
550 1004 707 1039 rr,cstem
733 1010 806 1031 cum
824 1005 925 1031 antea
947 998 1119 1042 αἴλουρος
1141 1000 1184 1031 ad
1217 1004 1396 1043 utrumque
1415 999 1529 1033 felium
1552 1010 1659 1042 genus
1681 998 1812 1052 signifi-

512 1045 658 1077 candum
676 1044 908 1078 adhiberetur.
940 1045 1053 1089 Ipsam
1071 1056 1185 1078 vocem
1207 1044 1267 1077 am
1271 1056 1382 1087 ουρος
1408 1045 1464 1078 ille
1490 1045 1624 1078 derivat
1645 1045 1687 1078 ab
1710 1041 1810 1078 αἰόλ-

513 1091 562 1122 λω
580 1092 669 1123 ultro
688 1091 838 1134 citroque
852 1102 988 1131 moveo,
1014 1096 1048 1123 et
1067 1086 1162 1132 οὔρει
1182 1092 1315 1131 canda,
1340 1090 1498 1124 Salmasii
1514 1090 1648 1123 ratione
1666 1090 1808 1130 reiecta,

513 1135 572 1179 qui
596 1136 796 1179 abantiquo
821 1134 925 1174 αἰλὸς
945 1137 1052 1180 (quod
1074 1138 1287 1170 adulatorem
1305 1136 1346 1169 si«
1338 1136 1498 1179 gnificat)
1524 1141 1558 1169 et
1588 1132 1704 1179 οὖρα,
1728 1135 1812 1169 illud

512 1181 692 1215 devenisse
713 1182 834 1215 statuit
853 1194 925 1214 cum
944 1195 1030 1216 voce
1050 1180 1176 1225 αίλὸς,
1211 1183 1240 1216 si
1259 1189 1494 1227 praeponatur
1513 1182 1680 1226 digamma
1694 1161 1813 1216 ’Aeoli-

512 1240 608 1268 cum,
633 1227 829 1261 Latinorum
848 1229 974 1262 existat
994 1230 1091 1271 felis.

296 1281 345 1316 Ad
365 1282 417 1324 Π,
441 1283 487 1318 74
509 1295 544 1328 p.
564 1286 642 1318 651.
666 1286 735 1319 652
760 1285 836 1318 coll.
862 1297 915 1329 cp.
940 1286 996 1319 75.
1046 1286 1123 1327 Ea,
1148 1297 1236 1330 quae
1264 1286 1308 1319 de
1335 1286 1442 1319 alatis
1463 1285 1673 1329 serpentibus
1693 1282 1815 1316 scribit

507 1330 729 1372 Herodotus,
762 1331 796 1364 in
828 1343 967 1365 examen
1000 1338 1122 1365 vocata
1150 1344 1226 1365 esse
1250 1332 1351 1365 video
1371 1343 1392 1364 a
1421 1344 1454 1365 v.
1473 1331 1514 1365 cl.
1536 1330 1759 1364 'liedemanm
1778 1329 1814 1362 in

512 1375 621 1417 libro,
647 1377 706 1420 qui
727 1377 946 1410 inscribitur:
974 1378 1151 1411 Anatomie
1174 1390 1208 1411 u.
1229 1376 1542 1421 Naturgeschichte
1560 1377 1619 1410 des
1642 1375 1815 1411 Drachen.

511 1421 711 1466 Niirnberg.
736 1425 835 1458 1811.
892 1424 967 1456 Illic
1000 1424 1087 1457 enim
1123 1435 1347 1468 quaecunque
1381 1428 1517 1457 veteres
1546 1422 1588 1455 de
1613 1421 1815 1454 draconibus

510 1467 584 1500 sive
611 1480 693 1501 vera
722 1468 796 1502 sive
826 1469 913 1502 salsa
932 1470 1113 1503 memoriae
1131 1470 1370 1510 tradiderunt,
1406 1468 1657 1502 accuratissime
1682 1467 1815 1510 disqui-

510 1520 642 1549 runtur.
691 1515 864 1568 Tangitur
880 1515 1048 1549 Herodoti
1067 1516 1163 1549 locus
1186 1526 1263 1559 pag.
1285 1516 1328 1549 45
1350 1527 1444 1559 seqq.
1439 1539 1459 1554 .,
1485 1514 1542 1547 ubi
1572 1514 1626 1546 vir
1655 1511 1815 1545 doctissi-

511 1570 584 1591 mus
600 1560 757 1603 Saviguii
776 1561 926 1593 rationes
944 1563 1066 1604 probat
1090 1561 1207 1594 alatos«
1203 1572 1267 1604 que
1292 1567 1468 1604 serpentes
1488 1572 1549 1603 pro
1573 1558 1734 1592 fabulosis
1753 1559 1814 1591 be-

511 1604 586 1636 stiis
608 1606 730 1645 habet,
755 1617 828 1638 cum
850 1606 959 1638 nullae
978 1606 1165 1639 istiusmodi
1185 1605 1350 1638 bestiolae
1372 1617 1494 1639 revera
1510 1605 1730 1637 inveniantur
1751 1615 1813 1637 nec

511 1661 572 1692 per
594 1651 787 1694 Aerryptum
807 1663 868 1683 nec
889 1651 973 1684 alias
993 1663 1055 1694 per
1073 1653 1230 1695 regiones
1249 1652 1406 1691 Arabiae,
1433 1651 1647 1703 Aethiopiae,
1670 1650 1814 1693 Libyae,

510 1706 572 1727 nec
594 1695 769 1739 denique
761 1708 795 1728 ln
815 1696 897 1740 ipsis
916 1697 1119 1740 anaglyphis
1138 1703 1288 1729 veterum
1306 1697 1550 1740 Aegyptiorum
1575 1696 1661 1729 istae
1679 1707 1815 1739 compa-

511 1746 621 1773 reant.
670 1742 779 1780 Quem
810 1753 892 1774 vero
922 1741 987 1774 ibis
1017 1742 1176 1785 persequi
1206 1741 1354 1774 traditur
1382 1748 1598 1785 serpentem,
1634 1741 1663 1773 is
1683 1741 1815 1774 Tiede-

509 1798 630 1819 manno
651 1786 788 1819 videtur
809 1799 884 1820 esse
903 1789 1035 1820 coluber
1054 1799 1108 1819 cer
1111 1792 1215 1827 estes,
1242 1793 1279 1819 ut
1302 1787 1385 1830 qui,
1414 1788 1494 1820 Nilo
1514 1791 1708 1826 crescente,
1733 1798 1814 1830 pas-

511 1832 573 1864 sim
595 1843 658 1875 per
678 1834 870 1876 Aegyptum
901 1833 1096 1876 reperiatur
1127 1838 1161 1865 et
1194 1833 1229 1865 in
1257 1833 1462 1877 anagbphis
1489 1844 1622 1886 semper
1649 1833 1723 1865 fere
1749 1844 1815 1865 uua

511 1889 584 1910 cum
605 1877 699 1911 ibide
717 1883 1005 1922 repraesentetur.
1055 1879 1173 1912 Alatos
1195 1886 1375 1922 serpentes
1407 1879 1473 1911 dici
1503 1879 1656 1922 potuisse
1683 1879 1725 1911 ab
1749 1881 1816 1911 Ae-

511 1923 661 1967 gyptiis,
695 1935 768 1956 cum
796 1930 865 1957 tam
895 1925 1004 1958 celere
1037 1936 1097 1968 per
1118 1926 1309 1968 Aegyptum
1340 1924 1456 1958 diss'usi
1484 1925 1633 1965 suerint,
1666 1923 1815 1968 suspicio

510 1974 564 2002 est
582 1969 647 2001 viri
671 1969 880 2011 doctissimi,
907 1971 971 2004 hoc
990 1975 1160 2003 caeterum
1184 1970 1399 2003 adiicientis:
1426 1982 1491 2013 quo
1512 1971 1620 2003 minus
1639 1975 1815 2014 serpentes

511 2015 554 2047 ab
576 2016 752 2048 Herodoto
774 2017 948 2049 memorati
968 2028 1030 2060 pro
1061 2017 1264 2049 draconibus
1289 2017 1484 2050 volantibus
1507 2016 1732 2049 recentiorum
1754 2017 1816 2048 ha-

511 2060 673 2101 beantur,
702 2062 839 2094 obstare
868 2062 970 2103 illud,
997 2063 1087 2106 quod
1110 2062 1168 2095 isti
1188 2074 1251 2096 nec
1276 2073 1338 2106 per
1356 2064 1548 2106 Aegyptum
1570 2074 1631 2095 nec
1648 2073 1711 2106 per
1729 2063 1816 2094 Ara-

512 2106 600 2139 biam
632 2107 848 2140 inveniantur
872 2120 934 2142 nec
963 2109 1005 2141 ab
1031 2108 1098 2140 ullo
1124 2107 1383 2152 peregrinatore
1409 2110 1524 2141 harum
1553 2108 1728 2152 regionum
1747 2107 1816 2140 sint

511 2153 696 2185 observati.
746 2154 820 2186 Hoc
846 2158 1025 2197 praeterea
1052 2165 1093 2187 cx
1112 2155 1175 2187 hoc
1196 2154 1281 2186 libio
1304 2154 1456 2187 addimus
1485 2154 1584 2197 (pag.
1605 2154 1688 2196 33),
1714 2165 1816 2186 voces

511 2195 657 2240 δράκων
674 2203 709 2232 et
732 2195 819 2241 ὄφις
845 2199 931 2233 idem
960 2200 1033 2232 fere
1053 2201 1145 2243 apud
1171 2200 1385 2243 antiquiores
1412 2204 1505 2233 certe
1531 2201 1686 2233 Graecos
1707 2199 1815 2252 signi—

510 2244 590 2276 fua
578 2256 653 2285 se,
686 2256 727 2279 ac
757 2250 879 2290 postea
902 2246 1034 2280 demum
1062 2245 1207 2280 maiores
1231 2251 1407 2290 serpentes
1431 2246 1599 2279 vocitatas
1627 2256 1701 2279 esse
1725 2241 1814 2288 ὁρά-

512 2301 656 2329 κοντας.

863 2609 896 2646 L
928 2610 941 2646 l
973 2609 1002 2645 P
1033 2611 1060 2646 S
1091 2611 1105 2647 1
1135 2607 1166 2646 A
1198 2610 1229 2646 E

566 2687 633 2718 Ex
681 2687 992 2721 oFFlcl'NA
1037 2690 1080 2723 P..
1120 2690 1164 2723 G.
1204 2690 1537 2724 TEUBNERI.
