1909 3228
695 160 915 199 CLIO.
958 160 985 198 1.
1386 161 1470 201 313

212 270 342 321 στεώς
369 270 551 314 ἐπαείδει
579 272 843 327 θεογονίην,
887 271 985 325 οἴην
1024 266 1077 326 δή
1107 268 1264 312 ἐκεῖνοι
1297 267 1468 324 λέγουσι
1481 277 1526 310 50

209 347 322 393 εἶναι
351 349 428 405 τὴν
458 349 684 406 ἐπαοιδήν·
717 350 820 394 ἄνευ
850 349 934 406 γαρ
967 350 1018 406 δὴ
1047 346 1190 405 μάγου
1221 346 1276 391 οὔ
1301 359 1380 404 σφι
1397 347 1469 392 νό-

182 434 291 483 5μος
320 429 407 471 ἐστὶ
435 430 593 479 θυσίας
622 430 860 473 ποιέεσθαι.
901 428 1085 485 ἐπισχών
1116 428 1160 472 δὲ
1194 424 1342 483 ὀλίγον
1369 428 1468 483 χρό-

209 524 312 559 νον,
365 506 631 564 ἀποφέρεται
663 507 686 552 ὁ
717 509 860 560 θύσας
899 509 952 551 τα
990 507 1119 562 κρέα,
1157 507 1232 551 καὶ
1259 510 1413 562 χρᾶται
1441 506 1467 551 ὅ
1679 558 1686 565 ,

1524 557 1625 585 Mores
1636 567 1643 585 :
1658 557 1735 585 «hem
1745 565 1797 586 na-

1523 592 1615 619 talem
1639 591 1748 619 festum
1766 600 1798 619 a-

1524 630 1617 660 gunt:
1644 634 1701 660 quo
1719 626 1800 653 victu

1521 659 1642 686 vivant:
1669 658 1738 685 vino
1755 659 1800 685 in-

1523 692 1666 727 dulgent:
1697 700 1800 720 eorum

1521 725 1799 753 verecundiamom-

1522 762 1661 821 pg'tlztmtes
1687 758 1800 788 delibe-

1523 803 1539 821 r
1594 814 1602 822 .

89 590 186 636 133
211 604 253 630 τι
281 604 357 643 μιν
383 587 512 643 λόγος
543 588 686 642 αἵρέει.
739 587 927 643 Ἡμέρην
964 587 1009 630 δὲ
1048 586 1247 630 ἁπασέων
1285 584 1468 641 μάλιστα

182 666 381 722 Ξέκείνην
416 670 544 722 τιμᾶν
583 668 831 722 νομίζουσι,
871 669 924 722 τῇ
962 665 1142 716 ἕκαστος
1179 663 1358 721 ἐγένετο.
1418 665 1465 709 έν

155 840 249 877 neris
267 840 416 876 numina
435 839 720 890 profitebantur,
749 839 804 875 vi—

155 898 286 933 dentur
322 897 450 934 eadem
487 896 556 932 alia
595 900 704 944 atque
735 895 804 932 alia

155 953 321 1000 origine,
364 953 431 990 etsi
471 952 616 989 minime
651 952 805 988 human-:1

156 1009 335 1046 statuisse.
396 1009 531 1057 Cogita
569 1009 615 1046 de
654 1009 805 1045 Gnosti-

155 1078 277 1103 corum
293 1064 478 1102 Aeonibus
502 1069 538 1102 et
557 1064 807 1101 Emanationi-

158 1122 223 1158 bus
250 1135 293 1158 ex
322 1121 509 1158 Zoroastri
543 1126 579 1158 et
599 1121 807 1158 Chaldaeo-

156 1191 234 1214 rum
255 1177 462 1226 Theologia
482 1178 699 1214 arcessitis.“
728 1177 808 1214 Erit

156 1235 266 1283 igitur
291 1234 481 1285 θεογονίη
509 1246 583 1270 non
617 1247 683 1280 ea,
713 1247 807 1283 quae

157 1291 203 1337 ΙΙ,
221 1291 274 1331 53
294 1291 443 1337 dicitur,
466 1290 532 1326 sed
550 1290 587 1325 in
602 1290 807 1326 universum

156 1348 203 1384 de
235 1347 302 1383 diis
339 1346 496 1383 narratio
532 1347 653 1394 deque
684 1359 807 1383 eorum

156 1402 320 1451 origine,
347 1402 542 1439 incantatio
561 1402 598 1438 in
621 1403 729 1439 sacris
742 1403 808 1439 ad-

155 1459 271 1496 hiberi
292 1458 407 1496 solita.
463 1458 593 1496 Refert
618 1458 687 1495 huc
714 1457 808 1495 Lar-

156 1515 283 1553 eherus
337 1515 529 1552 Strabonis
574 1514 690 1552 locum
737 1514 807 1551 XV

157 1585 193 1621 p.
217 1572 346 1619 1065,
363 1572 416 1618 Β,
445 1572 506 1608 ubi
532 1570 636 1621 plura
656 1572 704 1608 de
723 1571 808 1607 Ma-

157 1640 286 1676 gorum
303 1628 465 1678 partibus
486 1629 522 1664 iu
541 1628 732 1665 sacrificiis.

216 1680 312 1722 ἄνευ
333 1680 407 1735 γάρ
437 1680 488 1734 δή
513 1679 641 1735 μάγου
663 1681 714 1723 οὕ
735 1695 807 1732 σφι

158 1734 283 1789 νόμος
305 1738 384 1779 ἐστὶ
410 1740 558 1786 θυσίας
581 1738 805 1784 ποιέεσθαι]

162 1796 317 1832 Constat
337 1796 458 1832 omnia
476 1808 577 1832 sacra
594 1800 671 1832 tum
691 1795 807 1846 publi-

161 1865 203 1890 ca
239 1855 315 1888 tum
344 1853 484 1902 privata
520 1851 652 1889 obiisse
679 1864 806 1899 magos

161 1913 201 1944 ut
217 1909 445 1946 sacerdotum
464 1908 596 1944 tribum
608 1937 619 1955 ‚
647 1920 809 1944 omnem-

162 1977 234 2014 que
254 1977 372 2002 rerum
405 1965 605 2001 divinarum
634 1964 813 2011 cognitio-

162 2033 245 2057 nem
257 2049 268 2067 ‚
297 2033 477 2057 sacrorum
495 2024 605 2068 atque
623 2020 735 2057 cultus
752 2032 814 2057 cu-

161 2089 239 2114 ram
264 2089 379 2126 penes
417 2077 565 2114 eosdem
592 2077 714 2114 fuisse.
770 2075 812 2111 Id

162 2133 262 2183 quod
290 2137 374 2184 post
408 2133 637 2170 Herodotum
669 2131 813 2183 plurimi

163 2194 341 2226 testantur
369 2190 585 2239 scriptores,
615 2190 662 2226 de
684 2188 813 2238 quibus

164 2246 259 2283 conf.
289 2246 514 2283 Brissonium
538 2245 561 2283 l.
589 2245 610 2282 l.
640 2245 675 2282 II
702 2244 739 2296 ᾖ.
760 2245 815 2286 52

164 2314 267 2351 seqq.

223 2354 463 2409 ἀποφέρεται
475 2353 636 2404 ὁθύσας
647 2353 694 2395 τοὶ
703 2354 811 2408 κρέα]

168 2413 276 2451 conf.
290 2428 368 2451 cum
383 2415 482 2453 hisce
498 2414 687 2452 Strabonis
699 2413 815 2450 locum

168 2482 277 2520 supra
309 2471 509 2518 laudatum,
543 2483 587 2508 ex
623 2483 696 2519 quo
728 2482 813 2507 cau-

168 2538 246 2562 sam
262 2525 366 2563 huius
387 2527 495 2563 moris
521 2527 700 2564 discimus.
732 2524 815 2562 Ma-

169 2594 255 2630 gum
269 2611 279 2629 ,
309 2583 370 2631 qui
389 2595 526 2619 sacrum
544 2587 718 2632 peragat,
749 2582 816 2618 ho-

170 2638 263 2675 stiae
292 2642 469 2675 mactatae
502 2638 660 2687 singulas
692 2642 814 2688 partes

170 2694 291 2731 scribit
315 2695 530 2732 distribuere
560 2694 623 2741 iis,
665 2694 726 2743 qui
758 2707 815 2730 sa-

171 2750 238 2787 cris
254 2751 498 2796 interfuerint3
516 2751 577 2799 qui
594 2751 665 2788 iam
680 2750 816 2788 abeun-

170 2810 248 2854 tes,
282 2820 381 2846 suam
412 2807 565 2857 quisque
590 2811 730 2858 partem
757 2820 815 2845 se-

872 852 948 876 cum
979 838 1169 885 auferant,
1199 836 1297 874 nulla
1324 837 1391 874 diis
1421 840 1526 887 parte

871 895 1004 933 relicta.
1052 893 1173 931 Deum
1204 895 1298 931 enim
1327 894 1447 941 (hanc
1468 895 1525 930 ni-

871 952 998 988 mirum
1029 950 1098 987 illis
1126 964 1206 987 esse
1230 950 1523 1000 persuasionem)

872 1007 958 1045 nihil
996 1006 1088 1044 velle
1119 1011 1265 1056 praeter
1289 1006 1431 1044 hostiae
1447 1007 1525 1043 ani-

873 1077 980 1101 mam.
1013 1063 1122 1106 Quod
1143 1064 1172 1099 si
1196 1076 1319 1101 verum
1338 1067 1414 1110 est,
1433 1063 1525 1099 mul-

874 1125 950 1157 tum
971 1119 1066 1156 valet
1086 1120 1133 1155 ad
1149 1123 1312 1156 nostrum
1330 1120 1377 1157 de
1393 1119 1525 1157 Persa-

875 1190 952 1213 rum
980 1176 1157 1224 religione
1177 1176 1355 1213 iudicium.

932 1235 1069 1283 χρᾶται
1082 1228 1105 1270 ὅ
1123 1247 1159 1270 τι
1177 1248 1245 1281 μιν
1257 1228 1371 1284 λόγος
1389 1230 1524 1283 αἱρέει]

876 1284 988 1341 λόγος
1021 1290 1100 1325 sine
1128 1289 1277 1326 articulo
1307 1287 1331 1327 ὁ
1363 1290 1528 1326 dedimus

876 1359 956 1381 cum
974 1345 1205 1391 Gaissordi0,
1237 1346 1407 1393 quoniam
1437 1359 1459 1382 a
1485 1345 1529 1381 li-

875 1402 947 1437 bris
977 1401 1035 1438 ille
1070 1400 1184 1437 abest.
1242 1401 1385 1437 Eodem
1419 1402 1529 1439 modo

875 1457 946 1503 Vl,
978 1456 1069 1498 124.
1116 1456 1187 1504 ΙΙΙ,
1217 1457 1283 1498 45.
1323 1457 1394 1501 IV,
1435 1461 1527 1499 127.

875 1515 952 1550 Sed
969 1515 1130 1551 additum
1156 1514 1355 1552 invenimus
1385 1514 1442 1562 ΙΙ,
1461 1516 1527 1555 33.

876 1570 966 1617 VH,
986 1570 1051 1611 41.
1089 1570 1225 1607 Sensus
1253 1569 1428 1608 formulae
1455 1576 1528 1608 est:

869 1630 977 1677 prout
999 1629 1031 1664 ei
1051 1626 1260 1664 commodum
1280 1627 1433 1675 videtur,
1445 1640 1527 1678 pro-

875 1687 916 1719 ut
941 1686 1034 1721 ratio
1060 1684 1195 1722 suadet.

1026 1767 1057 1804 C
1069 1780 1091 1804 a
1101 1780 1140 1817 p.
1169 1766 1378 1805 CXXXIII.

932 1847 1089 1902 ’ἡμέρην
1120 1847 1163 1889 δὲ
1199 1848 1387 1888 ἁπασέων
1419 1845 1531 1900 μάλι·

881 1918 951 1945 στα
976 1921 1013 1943 κ.
1044 1920 1078 1944 τ.
1102 1908 1160 1950 λ.]
1202 1905 1322 1943 Locus
1349 1905 1530 1951 classicus,

880 1963 926 1999 ab
937 1962 1123 1999 Athenaeo
1139 1961 1189 1998 lv
1202 1975 1237 2012 p.
1254 1964 1331 2003 143
1344 1991 1356 2008 ,
1372 1962 1415 1998 F.
1428 1975 1463 2012 p.
1475 1965 1531 2003 62

880 2018 1048 2066 Schwgh.
1078 2018 1295 2069 exscriptus,
1334 2018 1382 2055 de
1406 2017 1529 2056 Persis

881 2075 977 2111 diem
989 2074 1146 2113 natalem
1157 2074 1432 2112 celebrantibus.
1452 2074 1530 2111 Ad-

882 2131 996 2167 dimus
1010 2130 1084 2177 IX,
1107 2134 1207 2178 110,
1236 2131 1298 2167 ubi
1318 2130 1529 2167 Herodotus

881 2187 984 2237 plura
1003 2188 1050 2224 de
1074 2188 1188 2232 festo,
1220 2187 1321 2236 quod
1346 2187 1443 2235 regis
1468 2187 1529 2224 die

881 2243 993 2279 natali
1020 2243 1228 2280 celebratur.
1284 2242 1365 2279 Alia
1396 2256 1529 2293 suppe-

883 2300 1011 2337 ditabit
1036 2300 1196 2336 Brisson.
1224 2299 1271 2336 de
1312 2312 1389 2347 reg.
1425 2298 1526 2336 Pers.

881 2356 995 2407 princ.
1015 2355 1051 2402 Ι,
1072 2355 1138 2396 42.
1166 2355 1218 2403 Π,
1241 2357 1296 2395 70
1325 2354 1405 2392 coll.
1434 2355 1524 2396 135.

885 2412 915 2449 C
923 2425 950 2449 r.
964 2413 1083 2449 addit:
1107 2411 1357 2461 Olympiodor.
1368 2411 1405 2447 in
1417 2410 1528 2448 Com-

882 2473 991 2506 ment.
1013 2469 1060 2505 ad
1082 2468 1221 2504 Platon.
1242 2467 1353 2504 Alcib.
1374 2481 1411 2517 p.
1437 2467 1529 2508 157.

884 2525 1043 2561 Gibbon.
1074 2523 1277 2562 Geschicht.
1310 2524 1345 2560 d.
1372 2523 1472 2561 Verf.
1493 2524 1529 2560 d.

882 2581 988 2619 Ram.
1018 2581 1065 2617 R.
1095 2594 1151 2630 cp.
1184 2579 1272 2616 XIX
1311 2578 1449 2627 (Tom.
1479 2579 1530 2616 IV

883 2651 967 2688 pag.
978 2638 1092 2685 302).
1123 2636 1297 2673 Chardin.
1311 2635 1464 2684 Voyage
1484 2648 1530 2674 en

882 2694 982 2731 Pers.
1009 2692 1056 2730 T.
1076 2692 1127 2729 ΙΙΙ
1153 2704 1239 2743 pag.
1259 2694 1324 2733 90.
1349 2690 1446 2729 Nam
1465 2705 1532 2729 nec

882 2754 1030 2800 postera
1049 2752 1169 2786 aetate
1191 2749 1237 2786 ab
1259 2761 1303 2786 eo
1324 2761 1425 2787 more
1443 2748 1532 2786 Per-

884 2819 946 2843 sae
964 2806 1201 2844 desciverunt.
