1909 3228
300 282 399 328 138

459 173 543 214 804

859 168 1325 207 HERODOTI

461 278 519 323 Τό
541 278 586 323 δὲ
608 277 705 333 ἴρὸν
731 275 862 332 αὐτῆς
887 271 969 320 ὦδε
993 277 1085 332 ἔχει.
1116 276 1230 333 πλήν
1245 279 1320 334 τῆς
1340 276 1518 330 ἐσόδου,
1543 276 1592 320 τὸ
1615 276 1720 320 ἄλλο

463 357 598 413 νῆσός
627 357 737 399 ἐστι·
777 356 823 398 ἐκ
852 355 934 411 γοὶρ
965 359 1048 398 τοῦ
1079 357 1244 398 Νείλου
1275 354 1483 410 διώρυχες
1511 355 1718 411 ἐσέχουσι,

464 435 517 479 οὐ
549 436 870 490 συμμίσγουσαι
909 431 1137 489 ἀλλήλῃσι,
1186 432 1283 477 ἀλλ’
1320 433 1420 489 ἄχρι
1455 436 1530 488 τῆς
1567 433 1780 478 ἐσόδου4ο

463 517 543 557 τοῦ
575 515 674 566 ἱροῦ
708 513 884 568 ἑκατέρη
915 513 1064 567 ἐσέχει·
1093 511 1120 568 ἡ
1151 513 1252 568 μὲν,
1282 517 1334 570 τῇ
1364 511 1664 568 περιρρέουσα,
1695 510 1722 569 ἡ

466 594 532 645 δὲ,
573 595 647 648 τῇ·
693 586 822 647 εὖρος
850 591 983 635 ἐοῦσα
1013 590 1192 647 ἑκατέρη
1223 590 1378 634 ἑκατόν
1407 593 1585 641 ποδῶν,
1627 591 1723 634 δέν-

466 674 588 726 δρεσι
616 669 861 721 κατάσκιος.
901 669 953 713 τὰ
985 670 1030 713 δὲ
1059 669 1330 725 προπύλαια,
1369 669 1483 722 ὕψος
1515 670 1592 725 μὲν
1624 671 1727 713 δέκα

466 749 679 806 ὀργυιέων
719 749 830 801 ἐστὶ,
884 748 1057 792 τύποισι
1097 750 1142 792 δὲ
1181 747 1405 804 ἑξαπήχεσι
1442 747 1726 792 ἐσκευάδαται
1787 765 1791 769 ·

437 837 458 870 2
468 828 622 882 ἀξίοισι
658 827 805 884 λόγου.

867 828 939 871 ἐὸν
980 827 1022 872 δ’
1060 827 1106 871 ἐν
1146 828 1252 885 με’σῃ
1291 833 1344 885 τῇ
1379 827 1481 871 πόλι
1523 827 1573 871 τὸ
1611 827 1725 882 ἱρόν,

466 911 703 963 κατορᾶται
731 906 954 950 πάντοθεν
992 904 1222 962 περιϊόντι·
1263 906 1336 950 ἅτε
1365 906 1447 962 γὰρ
1477 911 1553 963 τῆς
1578 906 1782 958 πόλιος45

473 987 552 1042 μὲν
583 987 898 1042 ἐκκεχωσμένης
926 984 1075 1040 ὑψοῦ,
1106 990 1186 1030 τοῦ
1216 984 1260 1030 δ’
1292 987 1391 1041 ἱροῦ
1423 984 1474 1029 οὐ
1503 986 1725 1041 κεκινημέ-

467 1082 572 1116 νου,
605 1064 663 1117 ιὸς
692 1063 883 1122 ἀρχῆθεν
914 1063 1121 1122 ἐποιήθη,
1161 1065 1345 1110 ἔσοπτόν
1374 1065 1475 1109 ἐστι.

412 1297 527 1347 ipsam
540 1296 609 1334 dici
626 1296 824 1346 haberique
840 1296 974 1334 Isidem
995 1309 1062 1347 pro

413 1366 456 1390 ea
497 1357 658 1390 veterum
693 1354 834 1390 ratione
862 1354 1062 1402 cogitandi,

413 1409 485 1457 qua
505 1422 598 1458 quae
619 1410 759 1458 singula
781 1411 817 1446 in
845 1410 966 1458 aliquo
996 1423 1063 1446 nu-

415 1466 510 1502 mine
541 1466 660 1502 inesse
686 1470 878 1515 putentur,
917 1478 961 1502 ea
990 1466 1064 1501 dis-

415 1523 535 1558 iuncta
574 1521 732 1558 efficiant
770 1534 863 1558 nova
901 1522 1062 1569 numina,

415 1590 509 1626 quae
533 1581 657 1613 tamen
687 1578 958 1626 quodammodo
979 1590 1066 1614 con-

414 1634 533 1669 iuncta
572 1634 645 1669 sint
684 1647 762 1670 cum
799 1647 871 1679 ρο,
922 1646 964 1670 ex
993 1646 1066 1682 quo

414 1690 627 1726 emanarint.
677 1689 773 1725 Hinc
792 1689 876 1725 illud
897 1689 1067 1738 explicari

415 1745 550 1791 debet,
582 1745 682 1793 quod
703 1744 926 1793 Aeschylus,
956 1749 994 1780 ut
1012 1745 1068 1780 in-

415 1803 470 1838 fra
499 1802 682 1850 proditum
709 1800 883 1849 legimus,
913 1800 1068 1837 Dianam

416 1858 468 1904 (i.
491 1870 523 1894 e.
553 1858 758 1905 Bubastia)
793 1856 924 1894 Cereris
960 1856 1067 1893 filiam

414 1913 554 1950 dixerit.
579 1913 676 1950 Nam
697 1913 793 1950 Ceres
811 1915 939 1951 eadem
951 1913 1069 1950 Grae-

416 1970 465 2007 cis
503 1974 578 2017 est,
624 1983 718 2018 quae
760 1968 830 2006 Isis
865 1969 1069 2020 AegyptiiS,

417 2030 513 2064 teste
535 2027 613 2077 ipso
630 2027 800 2063 historiae
819 2031 937 2076 patre.

559 2111 590 2147 C
600 2122 620 2146 a
629 2123 664 2160 p.
695 2109 935 2147 CXXXVIII.

475 2189 664 2246 διώρυχες
677 2192 866 2244 ἐσέχουσι]
888 2195 984 2231 Sunt
995 2194 1070 2231 bini

418 2251 561 2289 canales
592 2264 612 2288 e
633 2250 719 2287 Nilo
745 2251 911 2296 deducti,
941 2251 992 2286 ita
1019 2254 1070 2297 ut,

421 2308 480 2344 ubi
500 2307 667 2355 coniungi
691 2307 738 2343 illi
758 2308 953 2352 debebant,
973 2311 1069 2344 terra

419 2363 696 2412 relinqueretur,
727 2364 798 2412 quii
815 2363 987 2413 templum
1002 2363 1070 2399 cir-

419 2420 593 2456 cumcirca
619 2421 721 2469 aquis
742 2420 930 2468 utriusque
962 2432 1069 2455 cana-

420 2476 461 2513 lis
481 2476 654 2523 cinctum,
684 2476 854 2513 cohaeret
883 2488 964 2512 cum
983 2488 1071 2511 cou-

418 2531 558 2568 tinenti.

479 2602 499 2625 τ
516 2584 541 2625 υ’
559 2602 588 2625 π
605 2602 624 2625 ο
647 2602 659 2625 ι
679 2598 701 2625 σ
718 2601 732 2625 ι
778 2584 819 2625 δὲ
861 2580 1071 2635 ἑξαπήχεσι

424 2639 697 2693 ἐσκευάδαται]
726 2638 876 2688 τύπους
907 2643 1070 2691 intelligo

425 2699 576 2747 figuras,
607 2704 746 2736 statuas
772 2700 979 2745 hominum,
1009 2713 1071 2736 co-

426 2754 542 2791 lossos
570 2756 677 2804 vulgo
704 2756 900 2806 appellant.
959 2757 1066 2792 Conf.

423 2810 475 2858 lI,
493 2813 568 2852 106
588 2811 742 2852 c011.86.
772 2812 853 2851 Nec
869 2813 938 2850 alio
958 2825 1065 2850 sensu

1535 1066 1727 1120 περιθέει

1129 1298 1165 1333 in
1185 1297 1348 1347 proxime
1361 1295 1597 1345 sequentibus
1617 1295 1707 1332 dixit
1726 1293 1783 1333 αἰ-

1130 1354 1251 1404 μασίη
1289 1351 1579 1404 ἐγγεγλυμμένη
1614 1366 1634 1389 τ
1646 1347 1671 1390 ύ
1683 1367 1712 1390 π
1723 1365 1743 1390 ο
1755 1365 1785 1390 ι-

1132 1422 1154 1448 σ
1168 1425 1198 1448 ι-

1186 1467 1398 1516 κατορᾶται
1426 1460 1632 1503 πάντοθεν
1659 1468 1784 1513 περιϊ-

1131 1517 1230 1570 όντι]
1261 1522 1283 1557 i.
1310 1534 1340 1557 e.
1372 1534 1449 1557 cum
1479 1521 1640 1570 templum
1672 1519 1786 1556 media

1131 1581 1168 1615 in
1196 1577 1275 1613 urbe
1302 1580 1369 1623 sit,
1398 1577 1549 1626 undique
1577 1578 1786 1625 conspicitur

1133 1635 1361 1670 circumcirca
1383 1648 1410 1670 s.
1431 1635 1478 1670 ad
1499 1633 1665 1669 verbum:
1699 1636 1783 1668 tem-

1128 1690 1281 1739 plum—
1302 1689 1453 1738 undique
1481 1689 1524 1725 ab
1551 1701 1607 1733 eo,
1638 1690 1698 1737 qui
1718 1690 1787 1724 cir-

1135 1749 1293 1790 cumeat,
1323 1747 1477 1794 conspici
1492 1747 1630 1794 potest,
1651 1745 1787 1794 quippe

1134 1801 1311 1838 humiliori
1352 1800 1429 1837 loco
1471 1801 1660 1850 positum,
1705 1812 1786 1836 cum

1135 1858 1223 1894 urbs
1260 1858 1339 1906 ipsa
1367 1858 1591 1894 circumcirca
1627 1856 1663 1892 in
1697 1855 1788 1893 alte-

1136 1914 1220 1950 riori
1240 1913 1315 1950 solo
1344 1913 1535 1949 aedificata
1560 1913 1618 1949 sit.
1678 1912 1786 1948 Conf.

1138 1970 1185 2007 ad
1207 1970 1258 2016 II,
1282 1971 1359 2009 137
1384 1974 1474 2005 nott.
1535 1968 1645 2011 Quod
1667 1969 1789 2017 sequi-

1138 2030 1196 2062 tur
1218 2020 1380 2064 ἕσοπτόν
1401 2024 1492 2071 ἐστι,
1508 2024 1786 2072 Schweighaeu-

1141 2095 1222 2119 sero
1243 2083 1433 2118 obscurum
1462 2082 1615 2117 videtur.
1672 2081 1788 2129 Equi-

1139 2139 1221 2175 dem
1244 2151 1287 2175 eo
1304 2139 1445 2184 refero,
1476 2138 1597 2186 quod,
1627 2150 1706 2173 cum
1727 2149 1788 2173 so-

1136 2194 1207 2230 lum
1238 2195 1377 2244 ipsum,
1408 2195 1444 2230 in
1475 2206 1548 2241 quo
1575 2194 1661 2230 urbs
1686 2193 1788 2229 aedi-

1138 2251 1244 2287 ficata
1262 2255 1357 2296 erat,
1374 2251 1504 2287 editius
1524 2250 1703 2286 redditum
1729 2261 1788 2285 es-

1136 2312 1218 2351 set,
1262 2307 1346 2343 inde
1383 2307 1419 2342 in
1461 2305 1654 2355 templum,
1686 2306 1787 2353 quod

1137 2364 1359 2399 immutatum
1385 2367 1628 2409 remanserat,
1671 2362 1788 2399 unde-

1135 2431 1276 2467 cunque
1306 2419 1417 2455 facilis
1453 2423 1598 2468 pateret
1633 2431 1789 2468 conspe-

1135 2479 1223 2512 ctus.

1192 2528 1368 2580 περιθέει
1408 2525 1449 2568 δ’
1486 2525 1581 2568 αὕτο
1623 2525 1788 2579 αἷμασιη

1136 2584 1421 2655 ἐγγεγλυμμένη
1452 2582 1637 2631 τυποισι]
1690 2600 1786 2624 αυτο

1139 2657 1187 2680 sc.
1208 2641 1250 2682 τὸ
1271 2639 1371 2693 ἱρόν.
1430 2642 1489 2680 Tu
1511 2643 1604 2680 conf.
1627 2642 1666 2690 I,
1694 2642 1785 2682 163.

1140 2700 1195 2737 De
1223 2700 1386 2749 αἷμασίη
1419 2699 1490 2736 vid.
1520 2700 1556 2746 l,
1590 2700 1784 2739 180-191

1137 2763 1174 2793 et
1204 2757 1251 2793 ad
1275 2754 1559 2808 ἐγγεγλυμμένη
1586 2756 1711 2791 confer
1740 2753 1785 2799 II,

1138 2815 1228 2854 136.
1258 2834 1314 2840 —
1341 2814 1383 2850 In
1407 2826 1510 2862 seqq.
1539 2813 1631 2849 bene
1660 2810 1787 2847 distin-
