1877 3223
476 240 532 278 90
889 237 1349 275 HERODo'rl

469 347 557 389 τῶν
584 343 746 401 ἡλίκων
774 349 925 402 μακρῷ
954 346 1006 388 τιὶ
1035 344 1175 389 πάντα
1203 348 1395 400 πρῶτος·
1429 345 1596 401 οὕνομα
1627 345 1672 389 δέ
1707 347 1750 389 οἱ

446 420 527 482 4ἧν
555 425 696 476 ’'Awg.
756 429 913 469 τοῦτον
962 425 1014 480 δὴ
1061 420 1124 468 ὧν
1170 425 1246 468 τόν
1284 425 1416 468 ’Ἀτυν
1456 427 1651 481 σημαίνει
1687 431 1748 482 τῷ

470 505 645 561 Κροίσῳ
688 502 711 546 ὁ
757 502 946 557 ὄνειρος,
988 503 1046 555 ὠς
1083 503 1255 547 ἀπολέει
1291 520 1366 559 μιν
1409 505 1538 559 αἰχμῇ
1572 503 1795 559 σιδηρέῃὸο

447 581 693 639 5βληθέντα.
734 580 758 625 ὁ
796 583 842 626 δὲ
879 583 969 626 ἐπεί
1005 599 1048 626 τε
1080 582 1301 638 ἐζεγέρθη,
1342 582 1415 626 καὶ
1445 582 1591 638 ἑωυτῷ
1620 581 1751 637 λόγον

467 662 625 712 ἔδωκε,
666 661 1001 718 καταρῤωδήσας
1036 662 1112 706 τὸν
1152 660 1351 715 ὄνειρον,
1400 659 1545 716 ἄγεται
1585 659 1662 715 μὲν
1689 663 1751 716 τῷ

467 740 590 782 παιδὶ
619 743 824 794 γυναῖκα·
865 741 1034 784 ἐωθότα
1073 741 1117 784 δὲ
1148 740 1418 797 στρατηγέειν
1447 756 1521 795 μιν
1550 742 1638 781 τῶν
1666 741 1750 781 Λυ-

467 819 580 868 δῶν,
631 815 803 874 οὐδαμῆ
851 819 912 862 ἔτι
962 820 1030 862 ἐπὶ
1073 824 1249 863 τοιοῦτο
1297 822 1471 874 πρῆγμα
1521 817 1722 873 ἐξέπεμπε
1738 825 1794 860 ’55

467 893 648 939 ἀκόντια
678 897 724 940 δὲ
752 897 824 941 καὶ
854 898 1054 953 δοράτια,
1088 898 1159 941 καὶ
1189 898 1241 941 τοὶ
1268 903 1449 942 τοιαῦτα
1471 898 1610 940 πάντα
1636 901 1750 940 τοῖσι

465 975 666 1031 χρέονται
695 974 737 1027 ἐς
765 974 953 1031 πόλεμον
984 974 1236 1031 ἅνθρωποι,
1276 976 1323 1019 ἐκ
1360 981 1447 1019 τῶν
1487 974 1750 1030 ἀνδρεώνων

465 1053 715 1110 ἐκκομίσας,
769 1054 812 1105 ἐς
847 1053 952 1107 τούς
989 1054 1217 1110 θαλάμους
1256 1055 1484 1110 συνένησε,
1531 1054 1588 1109 μή
1626 1071 1666 1097 τι
1707 1054 1750 1097 οἱ

478 1235 532 1265 ως
558 1214 718 1259 εἷπολὲει
738 1220 822 1272 μιν]
853 1220 909 1259 Ad
924 1223 1075 1259 sormam

420 1277 529 1313 futuri
549 1271 708 1315 οἷπολέει
721 1277 787 1315 Cr.
807 1280 947 1316 confert
966 1278 1075 1315 Mait-

421 1333 511 1370 taire
552 1334 599 1370 de
637 1333 793 1371 dialectt.
831 1348 869 1385 p.
901 1337 981 1375 160
1017 1335 1073 1372 ed.

419 1388 539 1425 SturZ.
597 1389 658 1425 Sic
678 1390 770 1426 infra
788 1390 822 1437 Ι,
851 1391 905 1430 38
938 1392 1073 1441 κερδα-

420 1442 571 1490 νέεις.
628 1444 804 1482 Futurum
824 1446 1008 1483 indicatixi
1036 1447 1072 1482 in

421 1500 586 1537 oratione
604 1500 772 1549 obliqua,
800 1503 1014 1551 praesertim
1038 1503 1073 1538 in

421 1557 735 1593 vaticinationibus
757 1558 844 1593 satis
867 1561 1005 1606 notum,
1037 1563 1074 1595 ut

420 1625 532 1662 supra
550 1612 588 1660 I,
611 1614 661 1653 13
683 1618 749 1650 etc.
779 1613 940 1650 Notatur
959 1628 1073 1664 prae-

421 1672 522 1705 terea
553 1669 724 1705 orationis
755 1671 934 1718 quaedam
959 1672 1072 1707 abun-

420 1725 546 1761 dantia
574 1725 611 1760 in
640 1738 706 1773 eo,
735 1726 835 1774 quod
857 1741 925 1776 μιν
951 1727 1072 1763 adiici-

420 1783 478 1816 tur
517 1794 720 1830 pronomen
734 1810 745 1828 ‚
790 1781 873 1819 licet
911 1783 1072 1832 proxime

420 1838 656 1874 antecesserit
684 1839 827 1876 τοῦτον
857 1835 1071 1878 τόν”Ατυν.

419 1891 502 1929 Vid.
522 1891 653 1929 Matth.
684 1891 720 1943 ᾗ.
742 1893 824 1935 472
851 1908 887 1944 p.
908 1897 1000 1936 877.
1032 1895 1073 1931 ln

419 1961 524 1997 seqq.
578 1949 758 1985 editiones
804 1951 945 1999 priores
979 1951 1073 1988 male

419 2000 742 2055 κατορῤωδήσας,
755 2018 833 2041 eum
845 2011 1015 2043 constans
1027 2007 1074 2042 sit

419 2059 598 2097 Herodoti
641 2061 818 2111 scriptura
847 2077 898 2100 κα
908 2077 928 2100 τ
941 2079 963 2101 α
975 2062 1072 2113 ῥρω-

421 2111 569 2166 δησας,
591 2117 660 2154 hoc
678 2130 823 2166 quoque
840 2118 918 2156 loco
935 2119 1073 2167 aliquot

421 2173 519 2209 libris
542 2174 694 2210 firmata.
724 2172 784 2209 Ad
811 2176 946 2212 verba:
977 2173 1071 2212 ἕωυ-

420 2231 476 2283 τῷ
509 2225 628 2281 λόγον
661 2228 781 2268 ε’δωκε
811 2230 900 2278 (rem
919 2230 1070 2279 cli'lzgen-

421 2288 491 2322 tius
504 2285 707 2335 reputabat)
729 2286 793 2323 Cr.
815 2286 938 2325 laudat
956 2287 1071 2325 Heiu-

420 2343 512 2378 dors.
535 2344 582 2378 ad
602 2342 763 2378 Platonis
782 2343 943 2394 Sophist.
967 2342 1002 2394 ἓ.
1016 2343 1070 2383 34

420 2411 458 2448 p.
480 2399 572 2438 320.
604 2400 710 2435 Cous.
724 2400 771 2435 ad
783 2399 830 2448 ll,
852 2402 1069 2441 162notatt.

477 2473 653 2527 ἄγεται
683 2474 754 2527 μὲν
779 2480 836 2531 τῷ
868 2476 981 2516 παιδὶ
1001 2493 1064 2529 φ’-υ

419 2535 563 2578 valna]
605 2529 772 2584 αγεσθαι
803 2535 840 2572 in
870 2535 988 2572 medio
1018 2535 1064 2570 de

421 2593 525 2639 patre
556 2588 628 2625 silio
662 2603 810 2628 uxorem
841 2590 1036 2628 elocaute'
1028 2603 1063 2625 ιιι

421 2645 535 2693 ipsius
553 2646 664 2682 aedes
692 2647 795 2694 quasi
818 2647 1064 2683 abducendam

422 2700 673 2737 illustravimus
693 2704 740 2739 ad
758 2703 903 2741 Ctesiae
913 2702 1065 2740 Persice.

423 2755 460 2807 ἓ.
485 2760 563 2806 21).
586 2761 640 2798 92
661 2771 736 2807 seq.

478 2826 580 2861 τοῖσι
618 2824 795 2876 χρέονται
823 2824 862 2872 ἐς
897 2821 1069 2875 πόλεμον

428 2877 468 2918 οἳ
495 2877 728 2931 ἅνθρωποι]
768 2881 944 2933 χρέονται
972 2882 1070 2931 quod

1142 1221 1265 1272 plures
1279 1221 1358 1258 libri
1368 1221 1546 1268 serebant,
1565 1232 1643 1256 cum
1650 1219 1792 1268 Schwg.

1144 1283 1180 1315 et
1202 1278 1320 1315 Gaiss
1340 1278 1496 1328 reposui.
1548 1275 1685 1324 Vulgo,
1707 1274 1794 1326 χρέ-

1145 1348 1284 1382 ωνται,
1314 1335 1411 1382 quod
1430 1332 1606 1370 Matthiae
1639 1331 1795 1380 reliquit,

1142 1391 1259 1438 quiin
1290 1389 1506 1425 Grammatt.
1536 1386 1573 1438 S.
1599 1390 1647 1428 11
1683 1401 1718 1437 1)
1739 1389 1790 1428 51

1142 1446 1291 1495 reperiri
1312 1450 1424 1494 negat
1441 1444 1619 1496 χρέονται
1638 1448 1674 1480 et
1685 1439 1794 1494 χρεό-

1142 1516 1280 1552 μενος,
1313 1501 1393 1538 licet
1414 1501 1616 1550 reperiatur
1633 1498 1791 1551 χρέεται.

1140 1558 1215 1595 Sed
1238 1559 1306 1594 vid.
1331 1557 1423 1593 infra
1444 1557 1471 1603 l,
1494 1559 1543 1597 71
1569 1554 1791 1607 διαχρέον-

1140 1629 1213 1652 ται.
1253 1613 1305 1650 Ac
1326 1618 1412 1663 post
1433 1613 1503 1649 vidi
1523 1613 1568 1649 ab
1591 1613 1673 1661 ipso
1694 1612 1792 1648 Mat-

1140 1671 1237 1707 thiae
1261 1683 1298 1720 p.
1321 1670 1404 1710 512
1440 1668 1646 1714 retractari,
1693 1669 1791 1716 quod

1140 1726 1223 1763 olim
1246 1729 1432 1762 statuerat.

1187 1803 1229 1843 ἐκ
1250 1805 1330 1842 τῶν
1357 1797 1596 1851 ἀνδρεώνων
1630 1800 1791 1853 ἐκκομί-

1141 1863 1234 1906 σας]
1267 1860 1378 1903 Quod
1403 1860 1565 1896 Homero
1582 1859 1791 1909 simpliciter

1141 1922 1198 1955 est
1222 1911 1425 1966 θάλαμος,
1456 1916 1493 1952 id
1522 1916 1714 1953 Herodoto
1737 1917 1791 1952 di-

1141 1973 1230 2010 citur
1255 1967 1435 2023 α’νδρεοίν
1473 1972 1627 2008 virorum
1657 1971 1791 2010 scilicet

1141 2028 1328 2076 conclave,
1361 2029 1397 2064 in
1425 2041 1497 2077 quo
1521 2028 1592 2065 tela
1619 2041 1790 2078 armaque

1140 2086 1301 2135 reposita
1331 2086 1484 2122 suerunt.
1540 2084 1687 2121 Laudat
1714 2084 1746 2121 C
1760 2098 1787 2120 r.

1140 2141 1380 2188 HomeriOd)
1389 2154 1436 2176 ss.
1456 2139 1557 2186 XXI,
1576 2143 1613 2180 7.
1637 2140 1786 2189 11ibiq.

1139 2197 1303 2234 Eustath.
1334 2210 1371 2246 p.
1396 2195 1500 2241 744,
1521 2197 1573 2236 28
1593 2209 1721 2244 seqq-3
1753 2202 1787 2233 et

1138 2254 1186 2289 ad
1215 2252 1278 2288 Vll
1318 2266 1354 2302 p.
1374 2253 1454 2292 275
1480 2251 1573 2287 inl'ra
1599 2253 1644 2289 de
1673 2253 1787 2289 formu

1140 2304 1332 2358 α’νὸρεών.
1391 2308 1501 2343 Haud
1521 2308 1593 2343 scio
1609 2336 1619 2354 ,
1649 2320 1696 2344 an
1719 2308 1786 2345 huc

1138 2369 1277 2414 spectet
1297 2364 1560 2400 Grammaticus
1582 2364 1618 2400 iu
1628 2364 1786 2402 Bekkeri

1139 2420 1300 2457 Anecdd.
1329 2420 1340 2455 l
1373 2433 1408 2469 p.
1428 2421 1495 2467 81,
1519 2422 1563 2459 6:
1601 2415 1782 2469 ἀνδρῶν·

1138 2476 1202 2516 ἐπὶ
1225 2478 1295 2515 τοῦ
1314 2471 1485 2526 μεγάλου
1507 2475 1637 2514 οἴκου·
1677 2472 1783 2528 Ἡρό-

1134 2534 1247 2579 δοτος
1279 2529 1433 2585 πρώτῳ.

1189 2599 1228 2648 ἐς
1260 2597 1352 2647 τούς
1378 2596 1587 2650 θαλάμους
1612 2599 1781 2650 συνένη-

1134 2655 1198 2707 σε]
1231 2656 1381 2696 συννέω
1402 2657 1456 2695 vel
1475 2658 1596 2707 potius
1620 2653 1782 2707 συννήω

1135 2720 1173 2750 ut
1191 2711 1266 2751 νέω
1279 2742 1288 2760 ,
1317 2710 1401 2763 νήω
1423 2715 1552 2749 usitata
1572 2717 1657 2749 sunt
1676 2726 1782 2762 prae-

1135 2771 1238 2819 cipue
1263 2770 1310 2807 ‹le
1328 2783 1417 2819 rogo
1436 2770 1639 2817 colligendo
1662 2774 1697 2806 et
1721 2783 1782 2806 ex-

1137 2827 1329 2871 struendo3
1368 2831 1406 2863 ut
1436 2826 1476 2873 l,
1505 2829 1571 2867 86.
1614 2827 1668 2866 50
1695 2825 1780 2873 ibiq.

1140 2882 1294 2920 Wesscl.
1314 2883 1392 2920 coll.
1406 2883 1537 2919 Creuz.
1551 2883 1588 2918 iu
1615 2882 1780 2930 fragnun.

1873 2748 1877 2908 l
