1877 3223
685 201 975 242 CL10.1.
1376 208 1457 248 139

205 307 376 353 σοι’ντων
404 308 452 353 ἐν
476 309 795 368 Ἑλλησπόντῳ,
824 316 866 356 οἳ
887 311 1086 357 σύνοικοι
1104 311 1306 368 ἐγένοντο
1335 313 1513 374 Ἀθη-60

204 389 390 432 ναίοισι·
421 390 493 433 καὶ
531 389 612 434 ὅσα
642 389 751 434 ἄλλα
781 391 1029 448 Πελασγικοὶ
1059 390 1188 436 ἐόντα
1211 395 1456 450 πολίσματα

203 467 253 512 τό
285 467 456 525 οὕνομα
484 469 705 526 μετέβαλε·
739 471 775 513 εἰ
804 469 1000 514 τούτοισι
1029 471 1367 527 τεκμαιρόμενον
1392 475 1460 516 δεῖ

203 547 364 604 λέγειν,
411 545 525 605 ἦσαν
566 551 610 594 οἱ
645 550 859 605 Πελασγοὶ
888 548 1116 606 βάρβαρον
1146 554 1347 606 γλῶσσαν
1376 550 1455 595 ἱέν-

176 635 285 680 3τες.
315 630 352 672 εἰ
380 630 532 672 τοίνυν
560 625 615 684 ἦν
643 631 716 673 καὶ
743 633 830 672 πᾶν
866 633 1043 674 τοιοῦτο
1081 629 1129 674 τό
1172 629 1452 687 Πελασγικὸν,

202 707 251 752 τὸ
280 705 470 750 Ἀττικὸν
501 708 655 759 ἔθνος,
685 706 760 751 ἐόν
789 708 1089 765 Πελασγικὸν,
1131 709 1219 765 ἅμα
1248 714 1300 766 τῇ
1328 727 1455 766 μετοι-
1467 717 1511 753 65

201 789 311 844 βολῇ
348 790 402 842 τῇ
440 787 484 838 ἐς
511 787 723 843 ’Έλληνας
759 787 832 832 καὶ
871 787 951 844 τήν
987 793 1191 845 γλῶσσαν
1229 789 1452 845 μετέμαθε.

146 993 366 1044 W'esseling.
395 993 463 1031 huc
491 998 635 1032 revocat
662 995 794 1032 articu-

145 1051 217 1087 lum
235 1053 336 1098 τῶν,·
365 1051 462 1088 unde
493 1051 582 1088 haec
615 1052 794 1088 enascitur

147 1107 214 1143 loci
234 1108 431 1144 sententia:
449 1111 512 1153 „et
534 1107 564 1142 si
583 1120 692 1157 porro
705 1120 791 1144 con-

145 1163 315 1200 iecturam
334 1164 452 1200 facere
485 1163 567 1200 licet
589 1176 632 1200 ex
654 1164 696 1199 iis
723 1163 792 1201 Pe-

145 1219 279 1268 lasgis,
311 1219 541 1268 quiPlaciam
563 1219 792 1267 etScylacem

145 1276 183 1312 in
230 1275 487 1325 Peloponneso
542 1276 793 1323 condiderunt,

145 1331 280 1380 quique
311 1344 390 1368 cum
412 1330 692 1380 Atheniensibus
721 1332 794 1367 una

144 1387 415 1434 habitaverant,
444 1387 476 1422 si
495 1387 651 1436 denique
681 1400 724 1424 ex
748 1387 792 1423 iis

145 1444 383 1481 coniecturam
403 1443 534 1480 ducere
554 1443 657 1491 licet,
687 1447 795 1492 quot-

145 1504 234 1549 quot
262 1499 352 1537 aliae
378 1500 485 1536 urbes
515 1498 639 1548 (olim)
668 1499 794 1536 Pelas-

145 1556 248 1605 gicae
277 1555 416 1606 (post)
446 1556 592 1592 nomina
628 1556 794 1593 immuta-

146 1615 246 1660 runt,
273 1613 378 1650 etc.“
453 1611 564 1650 Nulla
598 1612 708 1661 igitur
737 1612 795 1649 hie

148 1681 239 1718 opus
259 1668 522 1706 emendatione.
550 1690 607 1696 —-
634 1670 675 1706 In
687 1681 791 1718 seqq.

148 1737 227 1761 cum
245 1726 373 1762 eodem
385 1725 631 1774 wesselingio
642 1726 793 1774 aliisque

147 1781 355 1817 retinuimus
367 1777 602 1820 οἰκισάντων
614 1795 679 1832 pro
694 1781 791 1829 vulg.

150 1832 408 1887 οἰκησάντων.
464 1837 655 1874 Herodoto
674 1842 793 1874 caete-

149 1905 226 1929 rum
249 1893 469 1941 suffragatur
479 1893 700 1943 Pomponius
711 1892 792 1930 Me-

149 1948 184 1986 la
204 1949 240 1997 I,
267 1951 340 1996 19,
370 1949 431 1985 ubi
452 1949 610 1986 Placiam
638 1953 675 1986 et
704 1950 794 1996 Scy-

149 2005 260 2043 lacem
279 2017 410 2054 parvas
438 2005 675 2054 Pelasgorum
697 2004 795 2041 colo-

148 2062 227 2097 nias
257 2060 436 2111 appellat,
474 2062 604 2109 quibus
636 2073 658 2098 a.
689 2064 793 2108 tergo

148 2117 310 2154 imminet
335 2130 439 2153 mons
467 2117 660 2167 Olympius
697 2117 794 2165 [My-

148 2173 252 2220 sius].
280 2171 377 2210 Add.
393 2173 485 2210 Plin.
516 2173 566 2210 H.
590 2172 639 2210 N.
658 2173 703 2220 V,
727 2174 793 2214 32.

150 2231 215 2270 39.
272 2229 350 2266 Sita
377 2234 434 2267 est
463 2229 549 2266 urbs
588 2228 719 2266 Placia
756 2230 795 2266 in

150 2284 290 2334 Mysia,
320 2286 495 2324 orientem
523 2298 648 2323 versus
677 2298 699 2322 a
719 2285 795 2334 Cy-

151 2342 247 2389 zico,
276 2342 497 2380 occidentem
516 2355 641 2379 versus
662 2355 683 2379 a
702 2341 795 2392 Scy-

150 2398 237 2445 lace,
258 2400 356 2448 quod
386 2399 560 2449 oppidum
589 2399 656 2436 suit
673 2399 795 2448 proxi-

151 2467 258 2491 mum.
314 2455 397 2493 vid.
423 2454 588 2492 Siebelis.
623 2455 672 2492 ad
698 2454 795 2491 Pau-

153 2522 229 2546 san.
250 2510 306 2557 V,
331 2512 382 2551 13
423 2510 460 2562 ἓ.
477 2510 515 2552 4.
572 2510 653 2548 Nec
679 2510 795 2547 inanis

155 2570 212 2602 est
228 2566 293 2602 viri
313 2567 409 2604 docti
428 2567 585 2617 suspicio
597 2595 608 2613 ‚
625 2566 795 2604 Herodo-

156 2626 231 2658 tum
261 2622 379 2671 ipsum
414 2623 503 2660 haec
540 2622 618 2659 loca
642 2623 798 2669 adiisse3

156 2682 196 2713 tu
216 2678 259 2714 cf.
288 2677 422 2727 Heyse.
445 2680 610 2722 Quaestt.
629 2678 795 2717 Herodd.

155 2733 280 2782 Ipag.
310 2735 375 2775 90.
433 2735 505 2778 Qui
547 2735 659 2782 idem,
697 2737 796 2784 quod

155 2789 364 2827 Herodotus
383 2790 472 2828 haec
498 2791 633 2842 oppida
651 2791 689 2829 in
706 2792 796 2830 Hel-

158 2845 344 2898 lesponto,
390 2859 456 2885 nec
492 2848 528 2885 'm
574 2847 796 2901 Propontide

860 995 919 1044 (ut
938 995 1134 1032 accuratius
1153 997 1263 1034 tradit
1279 996 1411 1046 Mela),
1441 998 1512 1035 sita

860 1052 968 1098 dicit,
997 1052 1034 1088 id
1050 1065 1125 1089 non
1155 1065 1198 1090 ex
1227 1054 1414 1104 scriptoris
1443 1055 1511 1091 im-

859 1107 988 1158 peritia
1009 1109 1141 1144 factum
1161 1123 1243 1147 esse
1268 1114 1412 1157 monet,
1442 1111 1509 1148 sed

860 1164 1002 1201 dicendi
1030 1177 1072 1201 ex
1092 1178 1177 1213 usu,
1199 1179 1272 1215 quo
1293 1179 1405 1216 saepe
1418 1166 1508 1204 Hel-

860 1219 1016 1269 lesponti
1033 1222 1179 1259 nomine
1209 1223 1316 1259 etiam
1344 1223 1511 1272 Propon-

858 1277 904 1313 tis
925 1289 995 1313 una
1015 1290 1094 1314 cum
1119 1279 1212 1315 freto
1239 1279 1300 1316 illo
1330 1279 1510 1329 intelliga-

862 1336 931 1368 tur.

918 1388 958 1426 οἳ
988 1384 1166 1428 σύνοικοι
1186 1388 1366 1440 ἐγένοντο
1384 1385 1509 1440 Ἀθη-

861 1444 1033 1490 ναίοισι]
1075 1446 1170 1482 Cum
1203 1446 1271 1482 hoc
1303 1445 1383 1482 loco
1413 1448 1509 1483 conf.

860 1499 1039 1537 Herodot.
1059 1501 1127 1548 VI,
1147 1503 1224 1543 137
1246 1506 1283 1539 et
1302 1501 1336 1539 T
1339 1503 1509 1551 hueydid.

861 1556 924 1604 IV,
953 1560 1043 1598 109.
1100 1557 1154 1594 Ac
1180 1557 1407 1606 Lametus,
1448 1559 1510 1608 qui

861 1613 1112 1662 antiquissimo
1139 1627 1228 1651 aevo
1258 1614 1415 1651 Atticam
1439 1615 1511 1653 Pe-

860 1669 984 1718 lasgos
1004 1671 1164 1708 tenuisse
1192 1675 1326 1720 negat,
1358 1671 1426 1708 hoc
1453 1684 1511 1709 re-

860 1727 931 1763 sert
970 1726 1018 1763 ad
1057 1727 1296 1778 posteriorem
1326 1728 1510 1776 quandam

862 1781 1136 1830 Tyrrhenorum
1154 1783 1429 1832 S.Pelasgor11111
1449 1797 1511 1820 co-

860 1837 1014 1885 loniam,
1045 1839 1106 1888 qui
1132 1852 1214 1876 cum
1243 1839 1403 1875 nonnihil
1419 1844 1510 1877 tem-

859 1895 958 1944 poris
979 1895 1014 1930 in
1032 1894 1153 1931 Attica
1172 1896 1421 1941 remanserint,
1438 1896 1510 1932 eie-

861 1950 906 1986 cti
941 1950 1028 1987 inde
1057 1950 1235 1987 Lemnum
1270 1951 1510 1999 confugerint,

861 2005 958 2042 unde
980 2006 1016 2042 in
1043 2005 1268 2056 Propontide
1292 2006 1449 2043 Placiam
1473 2011 1511 2044 et

861 2060 1034 2109 Scylacen
1054 2062 1291 2099 condiderint.
1337 2061 1418 2100 Nec
1439 2062 1509 2101 alio

861 2119 938 2154 fere
958 2121 1097 2168 spectat
1127 2118 1284 2156 Platneri
1316 2119 1509 2167 sententia,

862 2186 971 2223 quam
991 2175 1039 2210 ad
1057 2174 1085 2221 I,
1098 2174 1151 2215 56
1172 2174 1417 2212 indicavimus.
1442 2175 1507 2212 Cr.

863 2230 985 2267 addit:
1038 2230 1082 2267 C.
1115 2231 1162 2267 O.
1191 2230 1332 2268 Miiller.
1368 2231 1509 2269 Orcho-

861 2299 955 2323 men.
974 2300 1010 2337 p.
1031 2286 1112 2327 439
1133 2299 1210 2336 seq.
1230 2285 1309 2324 coll.
1329 2288 1411 2328 307
1430 2301 1508 2337 seq.

860 2342 932 2379 Hic
949 2343 1042 2379 enim
1063 2343 1209 2391 antiquo
1230 2355 1318 2380 aevo
1330 2343 1507 2392 Pelasgos

862 2399 968 2436 docet
986 2399 1141 2436 Atticam
1160 2399 1337 2436 insedisse
1356 2412 1424 2437 nec
1439 2414 1508 2454 po-

861 2460 941 2493 stea
960 2456 1104 2493 demum
1123 2456 1359 2504 immigrasse.
1387 2479 1444 2484 —
1464 2457 1506 2493 In

862 2524 965 2560 seqq.
1005 2512 1054 2548 ad
1088 2505 1191 2561 ἦσαν
1209 2534 1264 2539 ——
1283 2510 1404 2559 ἱέντες
1438 2513 1506 2550 Cr.

862 2570 1000 2605 confert
1019 2568 1178 2606 Fischer.
1207 2568 1256 2605 ad
1274 2568 1420 2606 Weller.
1441 2569 1506 2617 ΙΙΙ,

863 2624 886 2661 b
918 2637 1004 2674 pag.
1025 2623 1051 2665 4
1072 2637 1148 2674 seq.
1181 2628 1218 2662 et
1245 2629 1335 2662 nott.
1353 2627 1401 2662 ad
1421 2625 1505 2663 Plo-

861 2680 924 2720 tin.
944 2681 990 2718 de
1008 2679 1196 2730 pulcritud.
1219 2693 1306 2731 pag.
1328 2684 1421 2723 210.

919 2736 953 2776 εἰ
971 2737 1108 2775 τοίνυν
1125 2731 1178 2787 ἦν
1199 2736 1265 2775 καὶ
1285 2739 1366 2777 πᾶν
1376 2741 1504 2778 τοιοῦ-

861 2792 928 2843 το]
965 2793 1072 2831 Conf.
1091 2794 1154 2844 1V,
1174 2793 1272 2837 195:
1302 2793 1363 2846 εἴη
1390 2791 1429 2836 δ’
1452 2791 1504 2835 ἂν

860 2852 943 2890 πᾶν
964 2864 999 2890 κ.
1019 2864 1048 2891 τ.
1068 2852 1101 2890 λ.
