1909 3228
678 211 895 250 CLIO.
953 212 979 250 I.
1376 214 1460 255 357

208 336 343 377 ,,μιν,
382 319 460 364 τὸν
490 320 632 378 ἱκέτην
662 321 704 373 ἐς
742 320 840 366 τόδε
869 320 924 365 ου’
953 319 1267 377 τετολμήκαμεν
1295 321 1459 367 ἐκδιδό-

205 417 335 452 ,,ναι,
371 400 475 454 πρὶν
514 400 569 444 ἂν
609 400 658 444 τὸ
696 398 779 444 ἀπὸ
812 403 887 444 σεῦ
914 399 1019 458 ἡμῖν
1044 401 1223 456 δηλωθῇ
1251 398 1459 455 ἀτρεκέως

177 476 426 534 3,,ὁκότερα
455 478 705 535 ποιέωμεν.“
739 479 789 522 Ὁ
818 480 896 536 μὲν
927 483 1063 523 ταῦτα
1093 477 1318 533 ἐπειρώτα·
1352 477 1376 523 ὁ
1408 478 1456 523 δ’

206 553 328 609 αὖτις
357 558 435 601 τὸν
464 557 601 601 αὐτόν
631 571 710 613 σφι
747 557 939 614 χρησμόν
968 558 1140 614 ἔφαινε,
1177 556 1365 601 κελεύων
1393 558 1457 602 ἐκ·

177 635 378 680 4διδόναι
409 638 617 694 Πακτύην
646 638 846 693 Πέρσῃσι.
885 637 992 693 πρὸς
1018 640 1153 680 ταῦτα
1183 636 1206 680 ὁ
1229 635 1458 692 Ἀριστόδι-

206 731 282 766 κος
318 715 366 758 ἐκ
402 717 613 772 προνοίης
651 715 787 759 ἐποίεε
828 714 950 759 τάδε·
1010 715 1190 770 περιϊών
1226 714 1305 758 τόν
1350 715 1513 772 νηὸν30

202 793 370 853 κύκλῳ,
411 795 569 849 ἐξαίρεε
598 794 702 845 τούς
741 794 1010 848 στρουθούς,
1056 795 1128 838 καὶ
1159 793 1265 838 ἄλλα
1294 793 1375 838 ὅσα
1402 790 1458 851 ἦν

175 872 524 928 5νενοσσευμένα
553 870 750 929 ὀρνίθων
778 872 903 929 γένεα
933 874 979 917 ἐν
1007 877 1067 931 τῷ
1095 877 1199 930 νηῷ.
1231 873 1457 924 ποιέοντος

201 951 247 995 δὲ
278 949 416 995 αὐτοῦ
447 956 604 1005 ταῦτα,
634 952 798 1008 λέγεται
829 950 983 1008 φωνήν
1013 953 1058 995 ἐκ
1086 957 1166 995 τοῦ
1197 950 1361 996 ἀδύτου
1390 969 1456 1007 γε-

201 1028 376 1082 νέσθαι,
428 1031 652 1086 φέρουσαν
691 1031 770 1086 μὲν
808 1030 917 1085 πρὸς
947 1030 1023 1075 τόν
1050 1029 1363 1086 Ἀριστόδικον,
1393 1031 1511 1074 λέ-35

169 1118 367 1165 ὅγουσαν
397 1109 442 1153 δὲ
471 1108 587 1154 τάδε·
635 1108 943 1163 »Ἀνοσιώτατε
975 1107 1245 1165 ἀνθρώπων,
1284 1111 1326 1152 τί
1355 1108 1457 1152 τάδε

202 1192 395 1246 ,,τολμᾷς
422 1188 606 1240 ποιέειν,·
637 1187 741 1240 τούς
773 1188 913 1239 ἱκέτας
940 1204 1027 1244 μου
1057 1188 1105 1232 ἐκ
1134 1191 1214 1232 τοῦ
1241 1190 1353 1244 νηοῦ
1381 1204 1455 1231 κε-

172 1274 225 1318 7,,
238 1269 450 1322 ραῖζεις;“
487 1267 781 1323 Ἀριστόδικον
809 1267 854 1310 δὲ
871 1300 882 1319 ,
913 1266 996 1311 οὐκ
1015 1266 1320 1323 ἀπορήσαντα,
1344 1265 1457 1321 πρὸς

201 1349 335 1389 ταῦτα
365 1347 518 1389 εἰπεῖν·
570 1341 650 1397 ,,Ὦ,
667 1345 788 1398 ”ναξ,
818 1343 949 1396 αὐτός
974 1347 1053 1401 μὲν
1082 1345 1198 1389 οὕτω
1227 1350 1340 1389 τοῖσι
1369 1344 1451 1388 ἱκέ-

198 1434 328 1481 ,,τῃσι
357 1425 577 1481 βοηθέεις·
631 1425 861 1480 Κυμαίους
899 1423 946 1467 δὲ
985 1423 1171 1475 κελεύεις
1207 1423 1284 1467 τόν
1314 1424 1456 1478 ἱκέτην

197 1617 370 1671 χρησμὸν
392 1618 450 1669 ἕφ
463 1634 487 1658 α
499 1634 510 1659 ι
522 1634 545 1659 ν
557 1618 601 1670 ε]
632 1618 792 1669 φαίνειν

142 1677 189 1714 de
207 1676 357 1714 oraculis
388 1677 538 1725 aliisque
562 1677 667 1714 rebus
697 1677 791 1713 sutu-

142 1733 190 1769 ris
218 1732 439 1778 indicandis;
469 1745 556 1781 quas
582 1737 682 1769 vates
713 1733 792 1768 ani-

142 1801 202 1825 mo
235 1801 299 1824 suo
332 1789 542 1838 praevidet,
571 1788 729 1836 indeque
752 1800 792 1824 a-

142 1847 266 1895 perta,
280 1843 377 1881 clara
397 1844 516 1881 reddit
535 1842 678 1892 reliquis
695 1855 793 1879 mor-

141 1900 284 1936 talibus.
342 1899 403 1937 Tu
428 1900 510 1936 vide
546 1899 592 1935 de
622 1900 692 1935 isto
729 1911 793 1935 vo-

143 1955 350 1993 cabulorum
378 1967 514 2003 genere
543 1954 790 2004 disputantem

143 2012 366 2049 Creuzerum
387 2012 423 2048 in
445 2010 605 2059 Symbol.
630 2010 645 2046 Ι
673 2023 709 2060 p.
730 2013 792 2050 12.

145 2069 209 2108 13.
248 2089 296 2096 -—
327 2067 368 2104 In
394 2080 496 2115 seqq.
527 2065 716 2102 formulam
751 2064 794 2104 ἐκ

143 2123 336 2174 προνοίης
366 2123 506 2171 (dedita
525 2135 650 2172 opera,
680 2121 720 2157 (Ie
736 2123 792 2157 in-

142 2180 303 2227 dustria,
334 2179 510 2226 consulto,
541 2192 568 2215 s.
598 2181 637 2214 ut
664 2176 792 2214 Gallus

142 2237 296 2286 explicat
339 2236 537 2285 interpres:
585 2234 626 2270 de
662 2233 793 2270 dessein

136 2292 330 2343 pre'me‘clite'
339 2321 349 2339 ,
380 2293 481 2341 apres
496 2290 595 2327 s’etre
613 2290 688 2326 bien
710 2303 791 2326 con-

142 2348 252 2396 sulte')
281 2348 434 2385 illustrat
453 2346 655 2384 Larcherus
686 2346 734 2382 ad
756 2346 791 2382 h.

143 2404 165 2441 l.
198 2404 264 2441 Cr.
295 2405 433 2441 confert
452 2403 614 2439 Platonis
634 2402 790 2438 Phaedr.

142 2472 228 2510 pag.
250 2460 352 2507 241,
377 2459 409 2495 E
447 2459 569 2508 ibique
597 2458 791 2496 Heindorf.

144 2528 179 2566 p.
201 2516 281 2557 235
301 2520 338 2553 et
354 2514 433 2552 Ast.
457 2528 543 2566 pag.
566 2516 660 2556 269.

201 2624 347 2677 ἐξαίρεε
366 2623 458 2672 τούς
473 2622 707 2676 στρουθούς,
726 2624 794 2664 καὶ

145 2679 243 2720 ἄλλα
261 2678 336 2721 ὅσα
351 2676 404 2733 ἦν
423 2680 709 2732 νενοσσευμένα
729 2677 791 2734 ὀρ-

146 2739 276 2777 νίθων
302 2736 416 2790 γένεα
445 2737 487 2778 ἐν
513 2740 565 2791 τῷ
585 2736 692 2791 νηῷ]
730 2753 789 2777 νε-

147 2792 388 2845 νοσσευμένα
431 2795 660 2841 retinuimus,
708 2795 789 2831 viris

147 2852 261 2889 doctis
289 2852 366 2889 iure
387 2851 587 2901 probatum.
646 2850 702 2888 Ad
733 2865 788 2887 ar-

859 1622 1071 1669 gumentum
1116 1619 1211 1657 conf.
1249 1615 1385 1656 Aeliani
1426 1616 1509 1654 Var.

858 1676 956 1713 Hist.
987 1675 1042 1723 V,
1076 1676 1150 1721 17,
1181 1674 1241 1712 ubi
1269 1673 1510 1712 Athenienses

859 1731 1012 1780 legimus
1047 1729 1222 1769 Atarbem
1257 1731 1364 1767 morti
1400 1730 1511 1766 tradi-

860 1789 985 1834 disse,
1024 1787 1193 1835 quoniam
1223 1783 1331 1837 ἷερὸν
1373 1796 1509 1837 στρου-

860 1840 943 1882 &dv
964 1843 999 1878 in
1025 1842 1229 1891 Aesculapii
1260 1841 1395 1890 templo
1418 1841 1510 1877 male

860 1902 1085 1935 tractaverat.
1144 1898 1253 1934 Conf.
1288 1898 1396 1934 etiam
1422 1897 1507 1933 ibid.

861 1954 945 1990 Xlll
960 1983 970 2000 ‚
991 1955 1043 1993 31
1073 1957 1109 1990 et
1126 1954 1326 2002 interprett.
1354 1953 1403 1988 ad
1430 1952 1465 1988 h.
1486 1952 1509 1988 l.

860 2009 942 2046 Nec
971 2008 1061 2045 aliae
1091 2009 1280 2055 nationes,
1319 2007 1510 2045 orientales

860 2065 1108 2116 potissimum,
1137 2064 1270 2101 liberae
1287 2063 1353 2100 hac
1383 2076 1509 2114 super-

862 2122 1028 2167 stitione,
1066 2120 1138 2169 qua
1162 2132 1247 2157 aves
1287 2119 1509 2170 (praecipue

861 2177 1085 2225 columbas),
1115 2188 1209 2225 quae
1226 2175 1273 2212 ad
1293 2175 1428 2225 templa
1453 2176 1509 2212 ni-

864 2234 931 2270 dos
962 2232 1200 2279 collocarunt,
1243 2231 1422 2281 expellere
1448 2235 1508 2268 aut

860 2290 1060 2326 interficere
1081 2291 1225 2334 vetant,
1254 2300 1387 2335 easque
1410 2291 1509 2324 tran-

860 2345 986 2394 quillas
1014 2348 1049 2381 et
1075 2344 1274 2380 inturbatas
1303 2344 1419 2381 sinere
1454 2344 1509 2379 iu-

859 2402 966 2448 bent,
995 2401 1130 2450 quippe
1156 2400 1222 2436 sub
1251 2400 1331 2446 dei,
1362 2399 1416 2436 cui
1447 2412 1508 2437 ae-

860 2458 924 2495 des
953 2458 1070 2494 dicata
1098 2460 1175 2502 est,
1212 2455 1324 2493 tutela
1357 2454 1507 2492 colloca-

860 2518 929 2551 tas.
985 2512 1187 2559 Laud-avit,
1217 2524 1310 2560 qnae
1332 2510 1400 2548 huc
1423 2524 1507 2562 per-

862 2570 999 2616 tinent,
1031 2570 1232 2606 Creuzerus
1259 2568 1294 2604 in
1314 2567 1505 2616 Syinbolic.

860 2626 894 2662 H
917 2639 1000 2676 pag.
1025 2628 1155 2666 71.-—
1177 2624 1219 2660 In
1239 2637 1341 2672 seqq.
1364 2621 1506 2674 φωνήν

860 2702 914 2709 ——
931 2681 1130 2732 φέρουσαν
1149 2677 1220 2731 μὲν
1238 2677 1338 2731 πρός
1365 2676 1433 2719 τόν
1448 2675 1505 2718 'A-

859 2734 1079 2790 ριστόὸικον
1114 2737 1275 2784 intellige
1306 2749 1429 2773 vocem
1458 2737 1505 2772 ad

856 2795 1095 2832 Aristodicum
1146 2805 1356 2839 cwwessam,
1414 2792 1504 2829 (lirc-

856 2854 957 2887 ςίαηι.
