1909 3228
574 242 994 284 EUTERPE.
1050 242 1097 281 11.

1383 242 1468 282 477

217 354 299 400 οὐκ
336 353 518 399 ἐδύνατο
556 352 888 409 πυνθανόμενος
922 349 1064 407 πόρον
1100 348 1259 395 οὐδένα
1305 349 1467 394 τούτου

216 435 439 490 ἀνευρεῖν,
469 438 510 478 οἳ
537 436 734 491 γενοίατο
762 436 925 488 πρῶτοι
950 429 1217 486 ἀνθρώπων,
1247 429 1464 486 ἐπιτεχνᾶ-
1478 436 1524 469 20

189 518 286 557 4ται
323 512 506 558 τοιόνδε.

565 514 726 556 Παιδία
768 511 847 554 δύο
895 510 1054 566 νεογνὰ
1092 507 1337 563 ἀνθρώπων
1380 511 1469 552 τῶν

216 591 504 648 ἐπιτυχόντων
542 595 659 636 διδοῖ
695 591 864 646 ποιμένι
907 590 1082 644 τρέφειν
1123 589 1163 640 ἐς
1199 588 1251 631 τά
1289 589 1469 644 ποίμνια

217 671 388 727 τροφήν
425 688 523 715 τινα
552 670 744 726 τοιήνδε·

788 667 1079 724 ἐντειλάμενος
1118 668 1279 724 μηδένα
1318 665 1468 711 ἀντίον

218 749 365 794 αὐτῶν
400 751 612 806 μηδεμίαν
649 748 800 804 φωνήν
842 748 970 798 ἴέναι,
1019 747 1066 789 έν
1094 747 1218 804 στέγῃ
1258 747 1303 790 δὲ
1329 746 1467 804 ἐρήμῃ

215 829 287 873 ἐπ’
316 829 491 872 ἑωυτῶν
518 828 692 872 κέεσθαι
723 826 850 877 αὐτοὶ,
883 826 954 869 καὶ
983 825 1060 882 τήν
1090 827 1208 882 ὥρην
1229 826 1466 882 ἐπαγινέειν
1525 836 1603 878 104

217 919 296 963 σφι
326 907 474 962 αἶγας·
515 906 737 964 πλήσαντα
768 907 812 949 δὲ
842 908 921 948 τοῦ
950 905 1180 960 γάλακτος,
1211 905 1345 949 τᾶλλα
1375 909 1525 950 δια-25

188 992 209 1027 5
221 986 506 1043 πρήσσεσθαι.

569 991 704 1029 ταῦτα
742 983 784 1028 δ’
825 984 960 1027 ἐποίεέ
1000 1001 1044 1027 τε
1081 988 1153 1027 καὶ
1184 984 1414 1029 ἐνετέλλετο
1443 985 1467 1029 ὁ

224 1067 509 1121 Ψαμμίτιχος,
558 1065 700 1108 θέλων
739 1063 926 1107 οἰκοῦσαι
959 1067 1045 1106 τῶν
1073 1065 1283 1113 παιδίων,
1330 1063 1466 1108 ‹imd-

216 1145 463 1200 λαχθέντων
491 1150 579 1188 τῶν
600 1142 778 1200 ἀσήμων
801 1141 1105 1199 κνυζημάτων,
1137 1143 1288 1199 ἥντινα
1314 1143 1470 1201 φωνήν

216 1319 356 1357 παιδία
372 1314 442 1357 δύο
459 1333 481 1356 ν
497 1333 513 1357 ε
526 1333 545 1357 ο
558 1335 579 1371 γ
592 1333 613 1357 ν
626 1315 649 1356 τὶ
671 1333 703 1356 κ.
716 1332 744 1355 τ.
756 1316 804 1366 λ.]

160 1375 287 1412 Pollux
304 1376 338 1411 in
352 1376 541 1412 Onomast.
556 1375 608 1420 11,
630 1378 654 1416 8
675 1387 716 1411 ex
729 1374 806 1410 He-

159 1431 288 1468 rodoto
320 1431 427 1467 affert
455 1426 670 1481 νεόγονονς
708 1429 807 1478 quod

159 1491 280 1524 tamen
300 1499 478 1537 reponere
498 1486 647 1523 noli.——
667 1484 708 1524 οἷ
726 1484 806 1523 ἐπι-

159 1538 341 1594 τυχόντες
359 1546 442 1580 sunt
461 1543 624 1580 homines
636 1541 734 1588 viles,
750 1543 807 1578 in-

151 1601 262 1651 fimae
280 1599 489 1636 conditionis
508 1612 551 1636 ac
572 1601 687 1636 sortis.
726 1596 810 1634 Mo-

159 1656 222 1693 nui
245 1655 314 1692 hoc
347 1656 395 1692 ad
422 1654 599 1692 Plutarch.
633 1653 809 1692 Alcibiad.

159 1725 246 1763 pag.
271 1713 347 1752 137
370 1725 445 1760 seq.
502 1710 561 1748 Ad
586 1711 696 1749 verba
727 1707 808 1761 τρέ-

161 1782 321 1821 ‹petv—
349 1762 508 1818 τροφήν
533 1782 621 1805 τινα
651 1763 810 1815 τοιήνδε

162 1825 186 1861 i.
205 1837 235 1860 e.
270 1822 345 1861 ώδε
375 1822 532 1873 τρέφειν
553 1824 647 1859 conf.
679 1821 808 1858 Matth.

164 1878 202 1930 ἓ
223 1881 303 1920 423
325 1883 399 1915 not.
421 1881 445 1918 3
467 1891 552 1928 pag
573 1879 667 1919 775.

206 1931 488 2002 ’,ἐντειλάμενος
508 1933 628 1984 μηδέι
632 1949 656 1971 α
672 1927 809 1971 α’ντίον

164 2005 297 2030 αυτων
315 2007 366 2041 μή
358 1990 508 2042 χδεμίαν
525 2004 667 2039 φωνην
693 1987 810 2038 ἱέναι]

165 2042 298 2086 αὐτων
315 2052 351 2084 et
371 2046 566 2097 μηδεμίαν
595 2058 674 2112 ⁶,um
692 2045 809 2081 Gaisf.

164 2104 330 2141 dedimus
358 2116 426 2153 pro
448 2102 545 2151 xulg.
568 2096 719 2140 αὐτέων
739 2116 810 2151 μη-

164 2159 313 2210 δεμίην
326 2155 535 2209 -φωνήν
559 2156 633 2196 ἵέν
648 2173 671 2196 α
686 2173 698 2195 ι
717 2158 811 2205 (non

167 2215 182 2255 ι’
193 2214 210 2254 ἑ
222 2231 243 2254 ν
256 2231 280 2254 α
292 2229 326 2262 ι,
358 2220 397 2251 ut
418 2228 529 2265 prave
558 2214 669 2250 olim'
660 2227 812 2262 lmpres-

166 2285 244 2309 sum
261 2271 466 2320 legebatur)
484 2284 492 2308 ε
520 2283 633 2307 vocem
650 2272 812 2316 emittere,

165 2328 315 2366 recurrit
342 2327 437 2364 infra
461 2326 536 2374 IX,
574 2329 625 2367 16
653 2325 733 2364 coll.
764 2325 810 2372 ll,

168 2386 219 2425 15
233 2413 244 2431 ,
286 2384 348 2420 ubi
379 2383 643 2432 lVesselingius
688 2382 811 2418 laudat

166 2439 296 2476 Aesch.
322 2439 361 2475 S.
393 2452 422 2476 c.
454 2439 525 2475 Th.
553 2441 645 2479 871.
684 2438 809 2487 Eurip.

167 2494 268 2531 Med.
302 2497 431 2541 1176,
458 2494 539 2531 alia.
607 2494 699 2530 Item
726 2493 812 2530 Plu-

167 2549 290 2587 tarcho
301 2550 470 2598 frequens
492 2545 517 2588 α’
531 2565 560 2598 φ
574 2548 645 2588 ιέν
655 2565 679 2587 α
692 2564 704 2587 ι
721 2563 751 2597 φ
765 2564 812 2587 ω-

169 2602 229 2656 νή
239 2619 283 2652 ν,-
311 2610 350 2641 ut
367 2606 403 2641 in
415 2605 539 2643 Pericl.
557 2607 594 2645 8.
611 2606 677 2646 33.
703 2605 811 2642 Conf.

170 2663 326 2698 Coraem
346 2661 394 2697 ad
414 2661 601 2698 Heliodor.
620 2673 706 2710 pag.
716 2663 811 2702 368.

168 2717 217 2754 Et
236 2718 354 2808 ipsum
372 2718 498 2754 confer
520 2716 568 2753 sis
584 2716 812 2754 Herodotum

226 2827 267 2867 ἐν
287 2826 398 2882 στέγῃ
419 2825 462 2867 δὲ
480 2823 643 2898 ἕρήμῃ’
627 2824 693 2867 εντ’
720 2827 813 2867 {cov-

168 2887 247 2924 τῶν
266 2883 451 2935 κέεσθαι]
479 2880 544 2924 ἐπ’
565 2884 722 2924 ἑωυτῶν
747 2898 811 2923 eo-

876 1318 958 1354 dem
992 1317 1101 1353 modo
1146 1317 1414 1366 accipiendum,
1454 1331 1526 1367 quo

876 1386 985 1423 supra
1012 1372 1048 1419 I,
1082 1373 1172 1413 143.
1201 1376 1293 1414 203.
1353 1374 1394 1411 In
1421 1387 1524 1423 seqq.

874 1426 947 1478 τήν
974 1424 1081 1479 ὥρην
1118 1433 1191 1466 est:
1234 1433 1345 1475 certo,
1382 1430 1525 1479 definito

875 1488 1039 1534 tempore,
1068 1497 1132 1521 zur
1160 1485 1387 1532 bestimmten,
1417 1486 1524 1534 gele&-

880 1543 981 1589 rigen
993 1541 1100 1587 Zez‘t,
1129 1544 1168 1577 ut
1189 1546 1286 1579 recte
1304 1542 1525 1591 interpreta-

875 1601 933 1635 tur
968 1596 1099 1633 Matth.
1131 1597 1197 1634 Gr.
1229 1598 1294 1635 Gr,
1321 1611 1406 1648 pag.
1430 1600 1526 1639 786.

876 1651 1098 1707 ἐπαγινέειν
1111 1652 1231 1690 Ionica
1243 1656 1358 1691 forma
1381 1654 1429 1691 sic
1441 1656 1528 1691 scri-

875 1715 979 1761 ptum
1020 1709 1183 1760 plerique
1222 1710 1302 1747 libri
1336 1711 1525 1756 exhibent3

877 1766 977 1815 quod
1008 1767 1168 1814 sequitur
1201 1778 1295 1815 σφι,
1323 1780 1365 1804 ex
1395 1768 1525 1803 iisdem

877 1822 976 1858 libris
1005 1834 1100 1857 nunc
1136 1822 1339 1859 restitutum
1371 1835 1438 1872 pro
1467 1835 1525 1870 eo,

876 1878 976 1926 quod
1017 1877 1052 1912 in
1089 1876 1343 1926 lVesselingii,
1394 1878 1525 1924 Reizii,

878 1933 1100 1981 aliorumque
1129 1933 1345 1970 editionibus
1377 1933 1527 1982 legeba-

877 1993 935 2025 tur
970 1988 1093 2036 σφίσι.
1164 1989 1358 2026 Caeterum
1396 1991 1433 2027 in
1471 1990 1526 2027 his

878 2044 995 2082 verbis
1015 2044 1168 2080 subitum
1186 2045 1333 2082 subiecti
1347 2047 1447 2095 quod
1462 2059 1527 2082 vo-

878 2105 986 2147 cant,
1021 2101 1210 2137 transitum
1251 2106 1380 2139 notare
1415 2103 1526 2150 iuvat,

878 2156 934 2193 vel
973 2157 1093 2206 potius
1129 2157 1323 2204 defectum,
1364 2171 1441 2195 cum
1477 2159 1525 2195 ad

879 2210 1097 2263 ἐπαγινέειν
1115 2213 1156 2259 (i.
1171 2226 1204 2262 q.
1227 2211 1405 2265 ἐπάγειν)
1423 2228 1526 2252 men-

878 2273 915 2306 te
949 2269 994 2305 sit
1033 2270 1289 2318 repetendum:
1327 2270 1524 2321 (ποιμένι)

880 2319 1157 2374 ἕντειλαιιενος.
1215 2325 1295 2363 Nec
1323 2326 1425 2364 aliter
1443 2340 1525 2365 ver-

878 2382 926 2418 ba
956 2381 1142 2429 sequentia
1167 2381 1369 2431 supplenda
1402 2388 1525 2421 erunt.

877 2440 1080 2487 πλήσαντα
1104 2434 1145 2474 δὲ
1164 2437 1231 2484 (sc.
1250 2434 1317 2477 τὸν
1335 2438 1523 2489 ποιμένα)

880 2515 935 2520 ——
959 2488 1278 2543 διαπρήσσεσθαι
1308 2495 1379 2532 scil.
1409 2494 1525 2535 ἐντει-

880 2544 976 2598 λαμε
980 2563 1061 2595 νος.
1120 2549 1242 2592 Quare
1258 2563 1369 2600 prave
1390 2551 1427 2588 in
1446 2553 1528 2602 qui-

879 2606 1032 2642 busdam
1056 2605 1221 2642 scribitur
1239 2602 1318 2657 πλή
1323 2619 1418 2646 σαντ
1428 2624 1452 2646 α
1465 2623 1496 2656 ς.

933 2656 1110 2699 ταῦταὸ
1138 2659 1344 2703 ἐποίεέ
1371 2664 1524 2716 τεκαι]

877 2717 938 2754 Sic
967 2717 1046 2753 libri
1073 2717 1218 2755 dabant.
1258 2718 1416 2770 Vulgo'
1399 2721 1523 2762 εποιέ-

879 2787 952 2812 ετο.

932 2830 1013 2867 τῶν
1043 2823 1208 2880 α’σήμων
1241 2827 1520 2884 κνυζημάτων]

877 2884 987 2922 Haud
1003 2885 1095 2923 male
1111 2885 1332 2925 Larcherus:
1362 2888 1420 2926 cles
1442 2903 1520 2927 sons
