<?xml version="1.0" encoding="UTF-8"?>
<!DOCTYPE html PUBLIC "-//W3C//DTD XHTML 1.0 Transitional//EN"
    "http://www.w3.org/TR/xhtml1/DTD/xhtml1-transitional.dtd">
<html xmlns="http://www.w3.org/1999/xhtml" xml:lang="en" lang="en">
 <head>
  <title>
</title>
<meta http-equiv="Content-Type" content="text/html;charset=utf-8" />
  <meta name='ocr-system' content='tesseract 3.04.00' />
  <meta name='ocr-capabilities' content='ocr_page ocr_carea ocr_par ocr_line ocrx_word'/>
</head>
<body>
  <div class='ocr_page' id='page_1' title='image "./musaeherodoto01hero/musaeherodoto01hero_0367.png"; bbox 0 0 1909 3228; ppageno 0'>
   <div class='ocr_carea' id='block_1_1' title="bbox 645 225 949 267">
    <p class='ocr_par' dir='ltr' id='par_1_1' title="bbox 645 225 949 267">
     <span class='ocr_line' id='line_1_1' title="bbox 645 225 949 267; baseline 0 -3"><span class='ocrx_word' id='word_1_1' title='bbox 645 225 860 267; x_wconf 85' lang='lat' dir='ltr'><strong>CLIO.</strong></span> <span class='ocrx_word' id='word_1_2' title='bbox 919 225 949 265; x_wconf 86' lang='lat' dir='ltr'>l.</span> 
     </span>
    </p>
   </div>
   <div class='ocr_carea' id='block_1_2' title="bbox 179 339 411 394">
    <p class='ocr_par' dir='ltr' id='par_1_2' title="bbox 179 339 411 394">
     <span class='ocr_line' id='line_1_2' title="bbox 179 339 411 394; baseline -0.009 -12"><span class='ocrx_word' id='word_1_3' title='bbox 179 371 202 390; x_wconf 91' lang='lat'>„</span> <span class='ocrx_word' id='word_1_4' title='bbox 214 339 387 394; x_wconf 79' lang='grc' dir='ltr'><em>εἴρηκας</em></span> <span class='ocrx_word' id='word_1_5' title='bbox 400 348 411 361; x_wconf 89' lang='grc'><em>·</em></span> 
     </span>
    </p>
   </div>
   <div class='ocr_carea' id='block_1_3' title="bbox 1343 229 1427 270">
    <p class='ocr_par' dir='ltr' id='par_1_3' title="bbox 1343 229 1427 270">
     <span class='ocr_line' id='line_1_3' title="bbox 1343 229 1427 270; baseline 0 0"><span class='ocrx_word' id='word_1_6' title='bbox 1343 229 1427 270; x_wconf 75' lang='lat'>353</span> 
     </span>
    </p>
   </div>
   <div class='ocr_carea' id='block_1_4' title="bbox 459 335 1428 394">
    <p class='ocr_par' dir='ltr' id='par_1_4' title="bbox 459 335 1428 394">
     <span class='ocr_line' id='line_1_4' title="bbox 459 335 1428 394; baseline 0.002 -15"><span class='ocrx_word' id='word_1_7' title='bbox 459 335 513 379; x_wconf 78' lang='grc' dir='ltr'>σύ</span> <span class='ocrx_word' id='word_1_8' title='bbox 541 336 688 391; x_wconf 82' lang='grc' dir='ltr'><em>μέντοι</em></span> <span class='ocrx_word' id='word_1_9' title='bbox 716 337 774 391; x_wconf 73' lang='grc' dir='ltr'>μὴ</span> <span class='ocrx_word' id='word_1_10' title='bbox 804 335 943 379; x_wconf 66' lang='grc' dir='ltr'><em>πάντα</em></span> <span class='ocrx_word' id='word_1_11' title='bbox 982 339 1111 394; x_wconf 74' lang='grc' dir='ltr'>θυμῷ</span> <span class='ocrx_word' id='word_1_12' title='bbox 1139 336 1270 392; x_wconf 77' lang='grc' dir='ltr'><em>χρέω,</em></span> <span class='ocrx_word' id='word_1_13' title='bbox 1322 337 1428 393; x_wconf 76' lang='grc' dir='ltr'><em>μηδὲ</em></span> 
     </span>
    </p>
   </div>
   <div class='ocr_carea' id='block_1_5' title="bbox 178 413 1483 472">
    <p class='ocr_par' dir='ltr' id='par_1_5' title="bbox 178 413 1483 472">
     <span class='ocr_line' id='line_1_5' title="bbox 178 413 1483 472; baseline -0.004 -11"><span class='ocrx_word' id='word_1_14' title='bbox 178 415 343 469; x_wconf 65' lang='grc' dir='ltr'><em>»πόλιν</em></span> <span class='ocrx_word' id='word_1_15' title='bbox 372 413 556 472; x_wconf 68' lang='grc' dir='ltr'><em>ἀρχαίην</em></span> <span class='ocrx_word' id='word_1_16' title='bbox 585 414 898 471; x_wconf 68' lang='grc' dir='ltr'>ἐξαναστήσῃς,</span> <span class='ocrx_word' id='word_1_17' title='bbox 940 413 1242 472; x_wconf 75' lang='grc' dir='ltr'><em>ἀναμάρτητον</em></span> <span class='ocrx_word' id='word_1_18' title='bbox 1269 416 1483 459; x_wconf 79' lang='grc' dir='ltr'><em>ἐοῦσαν70</em></span> 
     </span>
    </p>
   </div>
   <div class='ocr_carea' id='block_1_6' title="bbox 150 493 1428 556">
    <p class='ocr_par' dir='ltr' id='par_1_6' title="bbox 150 493 1428 556">
     <span class='ocr_line' id='line_1_6' title="bbox 150 493 1428 556; baseline -0.002 -17"><span class='ocrx_word' id='word_1_19' title='bbox 150 496 290 548; x_wconf 82' lang='grc' dir='ltr'><em>4,,καὶ</em></span> <span class='ocrx_word' id='word_1_20' title='bbox 317 499 406 538; x_wconf 71' lang='grc' dir='ltr'>τῶν</span> <span class='ocrx_word' id='word_1_21' title='bbox 435 494 668 556; x_wconf 79' lang='grc' dir='ltr'><em>πρότερον,</em></span> <span class='ocrx_word' id='word_1_22' title='bbox 699 495 770 537; x_wconf 78' lang='grc' dir='ltr'><em>καὶ</em></span> <span class='ocrx_word' id='word_1_23' title='bbox 800 498 887 538; x_wconf 77' lang='grc' dir='ltr'>τῶν</span> <span class='ocrx_word' id='word_1_24' title='bbox 916 499 999 538; x_wconf 84' lang='grc' dir='ltr'>νῦν</span> <span class='ocrx_word' id='word_1_25' title='bbox 1021 493 1249 538; x_wconf 76' lang='grc' dir='ltr'><em>ἑστεώτων.</em></span> <span class='ocrx_word' id='word_1_26' title='bbox 1278 495 1330 537; x_wconf 75' lang='grc' dir='ltr'>τὰ</span> <span class='ocrx_word' id='word_1_27' title='bbox 1350 494 1428 550; x_wconf 78' lang='grc' dir='ltr'>μὲν</span> 
     </span>
    </p>
   </div>
   <div class='ocr_carea' id='block_1_7' title="bbox 178 572 1428 631">
    <p class='ocr_par' dir='ltr' id='par_1_7' title="bbox 178 572 1428 631">
     <span class='ocr_line' id='line_1_7' title="bbox 178 572 1428 631; baseline -0.002 -13"><span class='ocrx_word' id='word_1_28' title='bbox 178 575 292 631; x_wconf 61' lang='grc' dir='ltr'><em>»γὰρ</em></span> <span class='ocrx_word' id='word_1_29' title='bbox 322 573 536 628; x_wconf 84' lang='grc' dir='ltr'><em>πρότερον</em></span> <span class='ocrx_word' id='word_1_30' title='bbox 574 572 655 630; x_wconf 74' lang='grc' dir='ltr'>ἐγώ</span> <span class='ocrx_word' id='word_1_31' title='bbox 685 589 729 616; x_wconf 84' lang='grc' dir='ltr'>τε</span> <span class='ocrx_word' id='word_1_32' title='bbox 761 573 942 628; x_wconf 76' lang='grc' dir='ltr'><em>ἔπρηξα,</em></span> <span class='ocrx_word' id='word_1_33' title='bbox 983 574 1055 617; x_wconf 83' lang='grc' dir='ltr'><em>καὶ</em></span> <span class='ocrx_word' id='word_1_34' title='bbox 1083 573 1164 630; x_wconf 76' lang='grc' dir='ltr'>ἐγώ</span> <span class='ocrx_word' id='word_1_35' title='bbox 1196 573 1273 629; x_wconf 74' lang='grc' dir='ltr'>ἐμῇ</span> <span class='ocrx_word' id='word_1_36' title='bbox 1301 589 1428 629; x_wconf 80' lang='grc' dir='ltr'><em>κεφα-</em></span> 
     </span>
    </p>
   </div>
   <div class='ocr_carea' id='block_1_8' title="bbox 179 650 1428 711">
    <p class='ocr_par' dir='ltr' id='par_1_8' title="bbox 179 650 1428 711">
     <span class='ocr_line' id='line_1_8' title="bbox 179 650 1428 711; baseline -0.002 -14"><span class='ocrx_word' id='word_1_37' title='bbox 179 658 268 711; x_wconf 79' lang='grc' dir='ltr'>,,λῄ</span> <span class='ocrx_word' id='word_1_38' title='bbox 298 652 516 708; x_wconf 73' lang='grc' dir='ltr'><em>ἀναμάξας</em></span> <span class='ocrx_word' id='word_1_39' title='bbox 547 653 677 708; x_wconf 85' lang='grc' dir='ltr'><em>φέρω.</em></span> <span class='ocrx_word' id='word_1_40' title='bbox 704 653 755 695; x_wconf 76' lang='grc' dir='ltr'>τα</span> <span class='ocrx_word' id='word_1_41' title='bbox 779 653 824 696; x_wconf 79' lang='grc' dir='ltr'>δὲ</span> <span class='ocrx_word' id='word_1_42' title='bbox 851 657 934 695; x_wconf 80' lang='grc' dir='ltr'>νῦν</span> <span class='ocrx_word' id='word_1_43' title='bbox 955 652 1196 708; x_wconf 82' lang='grc' dir='ltr'><em>παρεόντα,</em></span> <span class='ocrx_word' id='word_1_44' title='bbox 1228 650 1428 707; x_wconf 81' lang='grc' dir='ltr'><em>Πακτύης</em></span> 
     </span>
    </p>
   </div>
   <div class='ocr_carea' id='block_1_9' title="bbox 175 730 1427 790">
    <p class='ocr_par' dir='ltr' id='par_1_9' title="bbox 175 730 1427 790">
     <span class='ocr_line' id='line_1_9' title="bbox 175 730 1427 790; baseline -0.002 -15"><span class='ocrx_word' id='word_1_45' title='bbox 175 733 291 790; x_wconf 76' lang='grc' dir='ltr'><em>,,γα’ρ</em></span> <span class='ocrx_word' id='word_1_46' title='bbox 321 733 408 776; x_wconf 78' lang='grc' dir='ltr'><em>ἐστι</em></span> <span class='ocrx_word' id='word_1_47' title='bbox 447 730 470 774; x_wconf 92' lang='grc' dir='ltr'>ὁ</span> <span class='ocrx_word' id='word_1_48' title='bbox 508 730 715 782; x_wconf 72' lang='grc' dir='ltr'><em>ἀδικέων,</em></span> <span class='ocrx_word' id='word_1_49' title='bbox 768 736 828 788; x_wconf 76' lang='grc' dir='ltr'>τῷ</span> <span class='ocrx_word' id='word_1_50' title='bbox 875 731 928 775; x_wconf 83' lang='grc' dir='ltr'>σύ</span> <span class='ocrx_word' id='word_1_51' title='bbox 968 730 1199 786; x_wconf 80' lang='grc' dir='ltr'><em>ἐπέτρεψας</em></span> <span class='ocrx_word' id='word_1_52' title='bbox 1239 731 1427 784; x_wconf 74' lang='grc' dir='ltr'><em>Σάρδις,</em></span> 
     </span>
    </p>
   </div>
   <div class='ocr_carea' id='block_1_10' title="bbox 154 807 795 867">
    <p class='ocr_par' dir='ltr' id='par_1_10' title="bbox 154 807 795 867">
     <span class='ocr_line' id='line_1_10' title="bbox 154 807 795 867; baseline -0.003 -14"><span class='ocrx_word' id='word_1_53' title='bbox 154 807 351 864; x_wconf 82' lang='grc' dir='ltr'><em>5,,οὗτος</em></span> <span class='ocrx_word' id='word_1_54' title='bbox 398 809 509 854; x_wconf 82' lang='grc' dir='ltr'><em>δότω</em></span> <span class='ocrx_word' id='word_1_55' title='bbox 551 827 617 854; x_wconf 84' lang='grc' dir='ltr'>τοι</span> <span class='ocrx_word' id='word_1_56' title='bbox 660 811 795 867; x_wconf 79' lang='grc' dir='ltr'><em>δίκην.</em></span> 
     </span>
    </p>
   </div>
   <div class='ocr_carea' id='block_1_11' title="bbox 855 807 1484 866">
    <p class='ocr_par' dir='ltr' id='par_1_11' title="bbox 855 807 1484 866">
     <span class='ocr_line' id='line_1_11' title="bbox 855 807 1484 866; baseline -0.005 -12"><span class='ocrx_word' id='word_1_57' title='bbox 855 813 1040 854; x_wconf 87' lang='grc' dir='ltr'><em>Λυδοῖσι</em></span> <span class='ocrx_word' id='word_1_58' title='bbox 1087 811 1133 854; x_wconf 79' lang='grc' dir='ltr'>δὲ</span> <span class='ocrx_word' id='word_1_59' title='bbox 1173 807 1484 866; x_wconf 76' lang='grc' dir='ltr'><em>συγγνώμην75</em></span> 
     </span>
    </p>
   </div>
   <div class='ocr_carea' id='block_1_12' title="bbox 176 887 1421 946">
    <p class='ocr_par' dir='ltr' id='par_1_12' title="bbox 176 887 1421 946">
     <span class='ocr_line' id='line_1_12' title="bbox 176 887 1421 946; baseline -0.001 -14"><span class='ocrx_word' id='word_1_60' title='bbox 176 891 341 945; x_wconf 77' lang='grc' dir='ltr'><em>,,ἓ’χων,</em></span> <span class='ocrx_word' id='word_1_61' title='bbox 372 888 474 933; x_wconf 79' lang='grc' dir='ltr'><em>τάδε</em></span> <span class='ocrx_word' id='word_1_62' title='bbox 504 887 674 933; x_wconf 79' lang='grc' dir='ltr'><em>αὐτοῖσι</em></span> <span class='ocrx_word' id='word_1_63' title='bbox 704 889 924 942; x_wconf 80' lang='grc' dir='ltr'><em>ἐπίταξον,</em></span> <span class='ocrx_word' id='word_1_64' title='bbox 958 888 1016 942; x_wconf 75' lang='grc' dir='ltr'>ὦς</span> <span class='ocrx_word' id='word_1_65' title='bbox 1040 889 1144 946; x_wconf 79' lang='grc' dir='ltr'><em>μήτε</em></span> <span class='ocrx_word' id='word_1_66' title='bbox 1167 887 1421 939; x_wconf 72' lang='grc' dir='ltr'><em>ἀποστέωσι,</em></span> 
     </span>
    </p>
   </div>
   <div class='ocr_carea' id='block_1_13' title="bbox 118 1070 774 2177">
    <p class='ocr_par' dir='ltr' id='par_1_13' title="bbox 118 1070 771 1685">
     <span class='ocr_line' id='line_1_13' title="bbox 178 1070 771 1129; baseline 0 -16"><span class='ocrx_word' id='word_1_67' title='bbox 178 1071 226 1113; x_wconf 87' lang='grc' dir='ltr'>συ</span> <span class='ocrx_word' id='word_1_68' title='bbox 248 1071 382 1125; x_wconf 79' lang='grc' dir='ltr'><em>μέντοι</em></span> <span class='ocrx_word' id='word_1_69' title='bbox 412 1070 466 1125; x_wconf 84' lang='grc' dir='ltr'>μὴ</span> <span class='ocrx_word' id='word_1_70' title='bbox 496 1071 626 1113; x_wconf 74' lang='grc' dir='ltr'><em>πάντα</em></span> <span class='ocrx_word' id='word_1_71' title='bbox 651 1077 771 1129; x_wconf 76' lang='grc' dir='ltr'><em>θυμῷ</em></span> 
     </span>
     <span class='ocr_line' id='line_1_14' title="bbox 119 1126 769 1201; baseline 0.002 -32"><span class='ocrx_word' id='word_1_72' title='bbox 119 1129 240 1201; x_wconf 78' lang='grc' dir='ltr'><em>χρέω,</em></span> <span class='ocrx_word' id='word_1_73' title='bbox 289 1128 388 1181; x_wconf 79' lang='grc' dir='ltr'><em>μηδὲ</em></span> <span class='ocrx_word' id='word_1_74' title='bbox 435 1126 553 1169; x_wconf 75' lang='grc' dir='ltr'><em>πόλιν</em></span> <span class='ocrx_word' id='word_1_75' title='bbox 601 1126 769 1182; x_wconf 79' lang='grc' dir='ltr'><em>α’ρχαίην</em></span> 
     </span>
     <span class='ocr_line' id='line_1_15' title="bbox 119 1183 769 1255; baseline -0.002 -29"><span class='ocrx_word' id='word_1_76' title='bbox 119 1187 158 1229; x_wconf 67' lang='lat' dir='ltr'>e’:</span> <span class='ocrx_word' id='word_1_77' title='bbox 143 1183 412 1255; x_wconf 77' lang='grc' dir='ltr'><em>αναστησῃς]</em></span> <span class='ocrx_word' id='word_1_78' title='bbox 443 1185 501 1223; x_wconf 90' lang='lat' dir='ltr'>Ad</span> <span class='ocrx_word' id='word_1_79' title='bbox 518 1187 628 1224; x_wconf 79' lang='lat' dir='ltr'>verba</span> <span class='ocrx_word' id='word_1_80' title='bbox 649 1190 769 1240; x_wconf 75' lang='grc' dir='ltr'><em>θυιιςό</em></span> 
     </span>
     <span class='ocr_line' id='line_1_16' title="bbox 120 1241 768 1294; baseline -0.002 -13"><span class='ocrx_word' id='word_1_81' title='bbox 120 1241 219 1294; x_wconf 77' lang='grc' dir='ltr'><em>χρέα)</em></span> <span class='ocrx_word' id='word_1_82' title='bbox 247 1245 340 1280; x_wconf 87' lang='lat' dir='ltr'>conf.</span> <span class='ocrx_word' id='word_1_83' title='bbox 367 1255 460 1292; x_wconf 86' lang='lat' dir='ltr'>quae</span> <span class='ocrx_word' id='word_1_84' title='bbox 480 1243 631 1280; x_wconf 70' lang='lat' dir='ltr'>diximus</span> <span class='ocrx_word' id='word_1_85' title='bbox 661 1245 708 1280; x_wconf 89' lang='lat' dir='ltr'>ad</span> <span class='ocrx_word' id='word_1_86' title='bbox 739 1244 768 1290; x_wconf 92' lang='lat' dir='ltr'>I,</span> 
     </span>
     <span class='ocr_line' id='line_1_17' title="bbox 122 1299 770 1349; baseline 0.002 -14"><span class='ocrx_word' id='word_1_87' title='bbox 122 1301 203 1341; x_wconf 85' lang='lat'>137</span> <span class='ocrx_word' id='word_1_88' title='bbox 231 1312 273 1335; x_wconf 86' lang='lat' dir='ltr'>ac</span> <span class='ocrx_word' id='word_1_89' title='bbox 297 1300 343 1336; x_wconf 92' lang='lat' dir='ltr'>de</span> <span class='ocrx_word' id='word_1_90' title='bbox 372 1303 549 1336; x_wconf 83' lang='lat' dir='ltr'>structura</span> <span class='ocrx_word' id='word_1_91' title='bbox 574 1299 770 1349; x_wconf 82' lang='lat' dir='ltr'>particulae</span> 
     </span>
     <span class='ocr_line' id='line_1_18' title="bbox 121 1352 769 1406; baseline -0.002 -13"><span class='ocrx_word' id='word_1_92' title='bbox 121 1352 177 1406; x_wconf 70' lang='grc' dir='ltr'>μή</span> <span class='ocrx_word' id='word_1_93' title='bbox 213 1355 250 1391; x_wconf 90' lang='lat' dir='ltr'>in</span> <span class='ocrx_word' id='word_1_94' title='bbox 278 1355 481 1391; x_wconf 88' lang='lat' dir='ltr'>huiusmodi</span> <span class='ocrx_word' id='word_1_95' title='bbox 520 1355 607 1392; x_wconf 88' lang='lat' dir='ltr'>locis</span> <span class='ocrx_word' id='word_1_96' title='bbox 637 1355 769 1392; x_wconf 81' lang='lat' dir='ltr'>Matth.</span> 
     </span>
     <span class='ocr_line' id='line_1_19' title="bbox 121 1409 771 1461; baseline 0.008 -13"><span class='ocrx_word' id='word_1_97' title='bbox 121 1413 186 1448; x_wconf 90' lang='lat' dir='ltr'>Gr.</span> <span class='ocrx_word' id='word_1_98' title='bbox 208 1411 272 1447; x_wconf 91' lang='lat' dir='ltr'>Gr.</span> <span class='ocrx_word' id='word_1_99' title='bbox 304 1409 340 1461; x_wconf 83' lang='lat'>§.</span> <span class='ocrx_word' id='word_1_100' title='bbox 363 1411 441 1451; x_wconf 85' lang='lat'>511</span> <span class='ocrx_word' id='word_1_101' title='bbox 476 1423 561 1461; x_wconf 81' lang='lat' dir='ltr'>pag.</span> <span class='ocrx_word' id='word_1_102' title='bbox 579 1413 673 1452; x_wconf 77' lang='lat'>972·</span> <span class='ocrx_word' id='word_1_103' title='bbox 716 1432 771 1438; x_wconf 87' lang='lat'>—·-</span> 
     </span>
     <span class='ocr_line' id='line_1_20' title="bbox 118 1463 769 1518; baseline 0 -13"><span class='ocrx_word' id='word_1_104' title='bbox 118 1467 254 1505; x_wconf 81' lang='lat' dir='ltr'>V:erba</span> <span class='ocrx_word' id='word_1_105' title='bbox 285 1465 353 1505; x_wconf 84' lang='grc' dir='ltr'><em>καὶ</em></span> <span class='ocrx_word' id='word_1_106' title='bbox 374 1480 454 1505; x_wconf 85' lang='grc' dir='ltr'>των</span> <span class='ocrx_word' id='word_1_107' title='bbox 478 1463 680 1518; x_wconf 82' lang='grc' dir='ltr'><em>πρότερον,</em></span> <span class='ocrx_word' id='word_1_108' title='bbox 702 1481 769 1505; x_wconf 88' lang='grc' dir='ltr'><em>και</em></span> 
     </span>
     <span class='ocr_line' id='line_1_21' title="bbox 118 1517 771 1572; baseline -0.003 -11"><span class='ocrx_word' id='word_1_109' title='bbox 118 1525 199 1562; x_wconf 77' lang='grc' dir='ltr'>τῶν</span> <span class='ocrx_word' id='word_1_110' title='bbox 220 1524 294 1561; x_wconf 78' lang='grc' dir='ltr'>νῦν</span> <span class='ocrx_word' id='word_1_111' title='bbox 315 1517 512 1561; x_wconf 81' lang='grc' dir='ltr'><em>ἕστεωτων</em></span> <span class='ocrx_word' id='word_1_112' title='bbox 534 1527 651 1561; x_wconf 75' lang='lat' dir='ltr'>vzerte</span> <span class='ocrx_word' id='word_1_113' title='bbox 680 1522 771 1572; x_wconf 77' lang='lat' dir='ltr'>quod</span> 
     </span>
     <span class='ocr_line' id='line_1_22' title="bbox 119 1579 770 1629; baseline 0 -13"><span class='ocrx_word' id='word_1_114' title='bbox 119 1581 246 1617; x_wconf 72' lang='lat' dir='ltr'>attinet</span> <span class='ocrx_word' id='word_1_115' title='bbox 273 1579 321 1616; x_wconf 76' lang='lat' dir='ltr'>ad</span> <span class='ocrx_word' id='word_1_116' title='bbox 345 1591 405 1626; x_wconf 82' lang='lat' dir='ltr'>ea,</span> <span class='ocrx_word' id='word_1_117' title='bbox 437 1592 526 1629; x_wconf 74' lang='lat' dir='ltr'>quae</span> <span class='ocrx_word' id='word_1_118' title='bbox 553 1581 656 1629; x_wconf 70' lang='lat' dir='ltr'>prius</span> <span class='ocrx_word' id='word_1_119' title='bbox 686 1583 770 1616; x_wconf 80' lang='lat' dir='ltr'>acta</span> 
     </span>
     <span class='ocr_line' id='line_1_23' title="bbox 119 1636 769 1685; baseline -0.002 -12"><span class='ocrx_word' id='word_1_120' title='bbox 119 1640 199 1673; x_wconf 80' lang='lat' dir='ltr'>sunt</span> <span class='ocrx_word' id='word_1_121' title='bbox 221 1639 252 1672; x_wconf 83' lang='lat' dir='ltr'>et</span> <span class='ocrx_word' id='word_1_122' title='bbox 274 1649 360 1685; x_wconf 77' lang='lat' dir='ltr'>quae</span> <span class='ocrx_word' id='word_1_123' title='bbox 381 1648 469 1672; x_wconf 79' lang='lat' dir='ltr'>nunc</span> <span class='ocrx_word' id='word_1_124' title='bbox 490 1639 656 1685; x_wconf 74' lang='lat' dir='ltr'>aguntur.</span> <span class='ocrx_word' id='word_1_125' title='bbox 686 1636 769 1673; x_wconf 79' lang='lat' dir='ltr'>vid.</span> 
     </span>
    </p>

    <p class='ocr_par' dir='ltr' id='par_1_14' title="bbox 119 1690 630 1742">
     <span class='ocr_line' id='line_1_24' title="bbox 119 1690 630 1742; baseline 0.009 -13.387"><span class='ocrx_word' id='word_1_126' title='bbox 119 1692 251 1729; x_wconf 85' lang='lat' dir='ltr'>M.atth</span> <span class='ocrx_word' id='word_1_127' title='bbox 272 1690 311 1742; x_wconf 63' lang='grc' dir='ltr'>ἓ.</span> <span class='ocrx_word' id='word_1_128' title='bbox 328 1693 408 1732; x_wconf 79' lang='lat'>339</span> <span class='ocrx_word' id='word_1_129' title='bbox 428 1705 515 1741; x_wconf 82' lang='lat' dir='ltr'>pag.</span> <span class='ocrx_word' id='word_1_130' title='bbox 537 1692 630 1733; x_wconf 81' lang='lat'>647</span> 
     </span>
    </p>

    <p class='ocr_par' dir='ltr' id='par_1_15' title="bbox 121 1742 774 2177">
     <span class='ocr_line' id='line_1_25' title="bbox 175 1742 772 1802; baseline 0 -16"><span class='ocrx_word' id='word_1_131' title='bbox 175 1746 242 1786; x_wconf 83' lang='grc' dir='ltr'><em>καὶ</em></span> <span class='ocrx_word' id='word_1_132' title='bbox 271 1745 345 1799; x_wconf 79' lang='grc' dir='ltr'>ἐγω</span> <span class='ocrx_word' id='word_1_133' title='bbox 371 1747 446 1802; x_wconf 78' lang='grc' dir='ltr'>ἐμῇ</span> <span class='ocrx_word' id='word_1_134' title='bbox 473 1750 629 1802; x_wconf 78' lang='grc' dir='ltr'><em>κεφαλῇ</em></span> <span class='ocrx_word' id='word_1_135' title='bbox 655 1742 772 1786; x_wconf 82' lang='grc' dir='ltr'><em>α’να-</em></span> 
     </span>
     <span class='ocr_line' id='line_1_26' title="bbox 122 1788 774 1855; baseline -0.003 -13"><span class='ocrx_word' id='word_1_136' title='bbox 122 1799 220 1855; x_wconf 75' lang='grc' dir='ltr'><em>μαξ</em></span> <span class='ocrx_word' id='word_1_137' title='bbox 239 1818 293 1849; x_wconf 86' lang='grc' dir='ltr'><em>ας</em></span> <span class='ocrx_word' id='word_1_138' title='bbox 333 1788 467 1853; x_wconf 82' lang='grc' dir='ltr'><em>φέρω]</em></span> <span class='ocrx_word' id='word_1_139' title='bbox 516 1805 538 1840; x_wconf 92' lang='lat' dir='ltr'>i.</span> <span class='ocrx_word' id='word_1_140' title='bbox 578 1817 610 1841; x_wconf 86' lang='lat' dir='ltr'>e.</span> <span class='ocrx_word' id='word_1_141' title='bbox 648 1807 680 1840; x_wconf 82' lang='lat' dir='ltr'>et</span> <span class='ocrx_word' id='word_1_142' title='bbox 711 1815 774 1852; x_wconf 80' lang='lat' dir='ltr'>ego</span> 
     </span>
     <span class='ocr_line' id='line_1_27' title="bbox 122 1859 773 1908; baseline -0.003 -11"><span class='ocrx_word' id='word_1_143' title='bbox 122 1873 195 1897; x_wconf 81' lang='lat' dir='ltr'>meo</span> <span class='ocrx_word' id='word_1_144' title='bbox 219 1861 333 1908; x_wconf 79' lang='lat' dir='ltr'>capite</span> <span class='ocrx_word' id='word_1_145' title='bbox 349 1860 486 1908; x_wconf 66' lang='lat' dir='ltr'>culpam</span> <span class='ocrx_word' id='word_1_146' title='bbox 503 1859 570 1896; x_wconf 77' lang='lat' dir='ltr'>luo.</span> <span class='ocrx_word' id='word_1_147' title='bbox 610 1859 773 1896; x_wconf 80' lang='lat' dir='ltr'>Imitatus</span> 
     </span>
     <span class='ocr_line' id='line_1_28' title="bbox 122 1915 773 1961; baseline -0.005 -7"><span class='ocrx_word' id='word_1_148' title='bbox 122 1916 260 1954; x_wconf 83' lang='lat' dir='ltr'>Noster</span> <span class='ocrx_word' id='word_1_149' title='bbox 294 1916 434 1953; x_wconf 87' lang='lat' dir='ltr'>videtur</span> <span class='ocrx_word' id='word_1_150' title='bbox 466 1915 687 1961; x_wconf 88' lang='lat' dir='ltr'>Homerum,</span> <span class='ocrx_word' id='word_1_151' title='bbox 733 1920 773 1951; x_wconf 89' lang='lat' dir='ltr'>ut</span> 
     </span>
     <span class='ocr_line' id='line_1_29' title="bbox 125 1971 773 2019; baseline -0.006 -10"><span class='ocrx_word' id='word_1_152' title='bbox 125 1972 190 2009; x_wconf 91' lang='lat' dir='ltr'>Cr.</span> <span class='ocrx_word' id='word_1_153' title='bbox 210 1976 354 2019; x_wconf 83' lang='lat' dir='ltr'>monet,</span> <span class='ocrx_word' id='word_1_154' title='bbox 381 1971 416 2007; x_wconf 89' lang='lat' dir='ltr'>in</span> <span class='ocrx_word' id='word_1_155' title='bbox 436 1971 572 2019; x_wconf 56' lang='grc' dir='ltr'>Οδ555.</span> <span class='ocrx_word' id='word_1_156' title='bbox 592 1971 701 2017; x_wconf 85' lang='lat' dir='ltr'>XIX,</span> <span class='ocrx_word' id='word_1_157' title='bbox 718 1973 773 2011; x_wconf 81' lang='lat'>92</span> 
     </span>
     <span class='ocr_line' id='line_1_30' title="bbox 123 2022 771 2092; baseline -0.006 -25"><span class='ocrx_word' id='word_1_158' title='bbox 123 2024 241 2077; x_wconf 87' lang='grc' dir='ltr'>(-ο</span> <span class='ocrx_word' id='word_1_159' title='bbox 261 2030 312 2081; x_wconf 78' lang='grc' dir='ltr'>σῇ</span> <span class='ocrx_word' id='word_1_160' title='bbox 339 2029 500 2092; x_wconf 75' lang='grc' dir='ltr'><em>κεφαλῇ</em></span> <span class='ocrx_word' id='word_1_161' title='bbox 526 2022 771 2077; x_wconf 66' lang='grc' dir='ltr'><em>ἀναμάξεις).</em></span> 
     </span>
     <span class='ocr_line' id='line_1_31' title="bbox 121 2078 771 2133; baseline -0.006 -12"><span class='ocrx_word' id='word_1_162' title='bbox 121 2083 204 2121; x_wconf 86' lang='lat' dir='ltr'>Alia</span> <span class='ocrx_word' id='word_1_163' title='bbox 220 2085 266 2121; x_wconf 88' lang='lat' dir='ltr'>de</span> <span class='ocrx_word' id='word_1_164' title='bbox 286 2084 396 2120; x_wconf 87' lang='lat' dir='ltr'>verbo</span> <span class='ocrx_word' id='word_1_165' title='bbox 424 2078 678 2133; x_wconf 66' lang='grc' dir='ltr'><em>οἷναματτεινξ</em></span> <span class='ocrx_word' id='word_1_166' title='bbox 693 2082 771 2118; x_wconf 88' lang='lat' dir='ltr'>lau-</span> 
     </span>
     <span class='ocr_line' id='line_1_32' title="bbox 123 2138 771 2177; baseline -0.005 -1"><span class='ocrx_word' id='word_1_167' title='bbox 123 2141 188 2177; x_wconf 86' lang='lat' dir='ltr'>dat</span> <span class='ocrx_word' id='word_1_168' title='bbox 217 2140 435 2176; x_wconf 86' lang='lat' dir='ltr'>Creuzer-us</span> <span class='ocrx_word' id='word_1_169' title='bbox 450 2140 498 2175; x_wconf 87' lang='lat' dir='ltr'>ad</span> <span class='ocrx_word' id='word_1_170' title='bbox 524 2138 642 2175; x_wconf 89' lang='lat' dir='ltr'>Procli</span> <span class='ocrx_word' id='word_1_171' title='bbox 662 2138 771 2174; x_wconf 88' lang='lat' dir='ltr'>Com-</span> 
     </span>
    </p>
   </div>
   <div class='ocr_carea' id='block_1_14' title="bbox 120 2192 780 2960">
    <p class='ocr_par' dir='ltr' id='par_1_16' title="bbox 120 2192 774 2303">
     <span class='ocr_line' id='line_1_33' title="bbox 121 2192 774 2234; baseline -0.006 0"><span class='ocrx_word' id='word_1_172' title='bbox 121 2199 246 2234; x_wconf 89' lang='lat' dir='ltr'>mentt.</span> <span class='ocrx_word' id='word_1_173' title='bbox 268 2196 304 2231; x_wconf 88' lang='lat' dir='ltr'>in</span> <span class='ocrx_word' id='word_1_174' title='bbox 321 2195 481 2232; x_wconf 83' lang='lat' dir='ltr'>Platonis</span> <span class='ocrx_word' id='word_1_175' title='bbox 498 2193 675 2232; x_wconf 84' lang='lat' dir='ltr'>Alcibiad.</span> <span class='ocrx_word' id='word_1_176' title='bbox 697 2193 732 2230; x_wconf 90' lang='lat' dir='ltr'>T</span> <span class='ocrx_word' id='word_1_177' title='bbox 736 2192 774 2230; x_wconf 83' lang='grc' dir='ltr'>,Ι</span> 
     </span>
     <span class='ocr_line' id='line_1_34' title="bbox 120 2253 321 2303; baseline 0.016 -14"><span class='ocrx_word' id='word_1_178' title='bbox 120 2265 206 2303; x_wconf 83' lang='lat' dir='ltr'>pag.</span> <span class='ocrx_word' id='word_1_179' title='bbox 226 2253 321 2292; x_wconf 86' lang='lat'>300·</span> 
     </span>
    </p>

    <p class='ocr_par' dir='ltr' id='par_1_17' title="bbox 123 2301 780 2917">
     <span class='ocr_line' id='line_1_35' title="bbox 178 2301 775 2357; baseline -0.005 -11"><span class='ocrx_word' id='word_1_180' title='bbox 178 2322 225 2346; x_wconf 84' lang='grc' dir='ltr'>τα</span> <span class='ocrx_word' id='word_1_181' title='bbox 254 2305 295 2346; x_wconf 82' lang='grc' dir='ltr'>δὲ</span> <span class='ocrx_word' id='word_1_182' title='bbox 325 2308 401 2345; x_wconf 82' lang='grc' dir='ltr'>νῦν</span> <span class='ocrx_word' id='word_1_183' title='bbox 429 2301 650 2357; x_wconf 80' lang='grc' dir='ltr'><em>παρεόντα,</em></span> <span class='ocrx_word' id='word_1_184' title='bbox 692 2307 775 2343; x_wconf 91' lang='grc' dir='ltr'><em>Πα-</em></span> 
     </span>
     <span class='ocr_line' id='line_1_36' title="bbox 123 2359 776 2415; baseline -0.006 -12"><span class='ocrx_word' id='word_1_185' title='bbox 123 2359 245 2414; x_wconf 76' lang='grc' dir='ltr'><em>κτύης</em></span> <span class='ocrx_word' id='word_1_186' title='bbox 267 2379 342 2415; x_wconf 78' lang='grc' dir='ltr'>γαρ</span> <span class='ocrx_word' id='word_1_187' title='bbox 360 2362 439 2402; x_wconf 77' lang='grc' dir='ltr'><em>ἐστι</em></span> <span class='ocrx_word' id='word_1_188' title='bbox 457 2378 476 2402; x_wconf 96' lang='grc' dir='ltr'><em>ο</em></span> <span class='ocrx_word' id='word_1_189' title='bbox 501 2359 692 2409; x_wconf 80' lang='grc' dir='ltr'><em>οἷδικέων,</em></span> <span class='ocrx_word' id='word_1_190' title='bbox 721 2363 776 2412; x_wconf 73' lang='grc' dir='ltr'>τῷ</span> 
     </span>
     <span class='ocr_line' id='line_1_37' title="bbox 126 2417 774 2469; baseline -0.005 -10"><span class='ocrx_word' id='word_1_191' title='bbox 126 2417 177 2459; x_wconf 89' lang='grc' dir='ltr'>συ</span> <span class='ocrx_word' id='word_1_192' title='bbox 194 2435 229 2458; x_wconf 78' lang='grc' dir='ltr'>κ.</span> <span class='ocrx_word' id='word_1_193' title='bbox 253 2434 283 2457; x_wconf 89' lang='grc' dir='ltr'>τ.</span> <span class='ocrx_word' id='word_1_194' title='bbox 307 2422 367 2464; x_wconf 78' lang='grc' dir='ltr'>λ.]</span> <span class='ocrx_word' id='word_1_195' title='bbox 413 2418 473 2456; x_wconf 86' lang='lat' dir='ltr'>De</span> <span class='ocrx_word' id='word_1_196' title='bbox 497 2418 674 2468; x_wconf 82' lang='lat' dir='ltr'>particula</span> <span class='ocrx_word' id='word_1_197' title='bbox 699 2432 774 2469; x_wconf 78' lang='grc' dir='ltr'>γαρ</span> 
     </span>
     <span class='ocr_line' id='line_1_38' title="bbox 127 2474 776 2521; baseline -0.003 -9"><span class='ocrx_word' id='word_1_198' title='bbox 127 2477 279 2513; x_wconf 81' lang='lat' dir='ltr'>vidimus</span> <span class='ocrx_word' id='word_1_199' title='bbox 299 2477 347 2512; x_wconf 88' lang='lat' dir='ltr'>ad</span> <span class='ocrx_word' id='word_1_200' title='bbox 363 2475 401 2521; x_wconf 94' lang='lat' dir='ltr'>I,</span> <span class='ocrx_word' id='word_1_201' title='bbox 422 2478 461 2515; x_wconf 78' lang='grc'>2.</span> <span class='ocrx_word' id='word_1_202' title='bbox 491 2474 559 2511; x_wconf 88' lang='lat' dir='ltr'>Est</span> <span class='ocrx_word' id='word_1_203' title='bbox 578 2475 672 2512; x_wconf 86' lang='lat' dir='ltr'>enim</span> <span class='ocrx_word' id='word_1_204' title='bbox 692 2487 776 2511; x_wconf 90' lang='lat' dir='ltr'>sen-</span> 
     </span>
     <span class='ocr_line' id='line_1_39' title="bbox 127 2530 776 2581; baseline -0.005 -12"><span class='ocrx_word' id='word_1_205' title='bbox 127 2545 208 2569; x_wconf 88' lang='lat' dir='ltr'>sus:</span> <span class='ocrx_word' id='word_1_206' title='bbox 238 2531 427 2578; x_wconf 80' lang='lat' dir='ltr'>„Pactyas</span> <span class='ocrx_word' id='word_1_207' title='bbox 445 2543 584 2581; x_wconf 85' lang='lat' dir='ltr'>poenas</span> <span class='ocrx_word' id='word_1_208' title='bbox 610 2531 676 2566; x_wconf 79' lang='lat' dir='ltr'>tibi</span> <span class='ocrx_word' id='word_1_209' title='bbox 693 2530 776 2575; x_wconf 61' lang='grc' dir='ltr'><em>δεῖ,</em></span> 
     </span>
     <span class='ocr_line' id='line_1_40' title="bbox 126 2586 777 2634; baseline -0.006 -10"><span class='ocrx_word' id='word_1_210' title='bbox 126 2600 209 2625; x_wconf 74' lang='lat' dir='ltr'>nam</span> <span class='ocrx_word' id='word_1_211' title='bbox 236 2586 296 2622; x_wconf 72' lang='lat' dir='ltr'>ille</span> <span class='ocrx_word' id='word_1_212' title='bbox 329 2590 406 2632; x_wconf 87' lang='lat' dir='ltr'>est,</span> <span class='ocrx_word' id='word_1_213' title='bbox 435 2587 497 2634; x_wconf 90' lang='lat' dir='ltr'>qui</span> <span class='ocrx_word' id='word_1_214' title='bbox 522 2587 653 2623; x_wconf 80' lang='lat' dir='ltr'>iniuste</span> <span class='ocrx_word' id='word_1_215' title='bbox 691 2586 777 2633; x_wconf 83' lang='lat' dir='ltr'>egit,</span> 
     </span>
     <span class='ocr_line' id='line_1_41' title="bbox 128 2641 778 2693; baseline -0.005 -14"><span class='ocrx_word' id='word_1_216' title='bbox 128 2644 190 2693; x_wconf 87' lang='lat' dir='ltr'>qui</span> <span class='ocrx_word' id='word_1_217' title='bbox 215 2655 389 2692; x_wconf 78' lang='lat' dir='ltr'><strong>praesens</strong></span> <span class='ocrx_word' id='word_1_218' title='bbox 417 2641 534 2678; x_wconf 90' lang='lat' dir='ltr'>scelus</span> <span class='ocrx_word' id='word_1_219' title='bbox 565 2641 778 2678; x_wconf 80' lang='lat' dir='ltr'>commisit.“</span> 
     </span>
     <span class='ocr_line' id='line_1_42' title="bbox 128 2697 779 2746; baseline -0.005 -10"><span class='ocrx_word' id='word_1_220' title='bbox 128 2699 206 2736; x_wconf 79' lang='lat' dir='ltr'>Sed</span> <span class='ocrx_word' id='word_1_221' title='bbox 225 2698 336 2734; x_wconf 83' lang='lat' dir='ltr'>maior</span> <span class='ocrx_word' id='word_1_222' title='bbox 361 2697 553 2734; x_wconf 86' lang='lat' dir='ltr'>difficultas</span> <span class='ocrx_word' id='word_1_223' title='bbox 582 2697 619 2733; x_wconf 91' lang='lat' dir='ltr'>in</span> <span class='ocrx_word' id='word_1_224' title='bbox 641 2710 684 2734; x_wconf 90' lang='lat' dir='ltr'>eo</span> <span class='ocrx_word' id='word_1_225' title='bbox 710 2710 779 2746; x_wconf 92' lang='lat' dir='ltr'>po-</span> 
     </span>
     <span class='ocr_line' id='line_1_43' title="bbox 129 2752 778 2801; baseline -0.003 -10"><span class='ocrx_word' id='word_1_226' title='bbox 129 2756 200 2791; x_wconf 82' lang='lat' dir='ltr'>sita</span> <span class='ocrx_word' id='word_1_227' title='bbox 222 2758 301 2799; x_wconf 84' lang='lat' dir='ltr'>est,</span> <span class='ocrx_word' id='word_1_228' title='bbox 332 2753 431 2801; x_wconf 89' lang='lat' dir='ltr'>quod</span> <span class='ocrx_word' id='word_1_229' title='bbox 442 2752 597 2801; x_wconf 80' lang='lat' dir='ltr'>Pactyas</span> <span class='ocrx_word' id='word_1_230' title='bbox 614 2752 683 2789; x_wconf 89' lang='lat' dir='ltr'>hoc</span> <span class='ocrx_word' id='word_1_231' title='bbox 700 2752 778 2789; x_wconf 90' lang='lat' dir='ltr'>loco</span> 
     </span>
     <span class='ocr_line' id='line_1_44' title="bbox 129 2808 780 2857; baseline -0.005 -10"><span class='ocrx_word' id='word_1_232' title='bbox 129 2810 357 2854; x_wconf 84' lang='lat' dir='ltr'>nominetur,</span> <span class='ocrx_word' id='word_1_233' title='bbox 392 2808 447 2845; x_wconf 87' lang='lat' dir='ltr'>cui</span> <span class='ocrx_word' id='word_1_234' title='bbox 474 2821 496 2845; x_wconf 88' lang='lat' dir='ltr'>a</span> <span class='ocrx_word' id='word_1_235' title='bbox 516 2809 614 2857; x_wconf 81' lang='lat' dir='ltr'>Cyro</span> <span class='ocrx_word' id='word_1_236' title='bbox 644 2809 780 2846; x_wconf 82' lang='lat' dir='ltr'>Sardes</span> 
     </span>
     <span class='ocr_line' id='line_1_45' title="bbox 130 2864 779 2917; baseline -0.005 -13"><span class='ocrx_word' id='word_1_237' title='bbox 130 2866 263 2904; x_wconf 81' lang='lat' dir='ltr'>suerint</span> <span class='ocrx_word' id='word_1_238' title='bbox 293 2864 512 2915; x_wconf 81' lang='lat' dir='ltr'>permissae,</span> <span class='ocrx_word' id='word_1_239' title='bbox 541 2864 649 2917; x_wconf 84' lang='lat' dir='ltr'>plane</span> <span class='ocrx_word' id='word_1_240' title='bbox 678 2864 779 2903; x_wconf 84' lang='lat' dir='ltr'>aliter</span> 
     </span>
    </p>

    <p class='ocr_par' dir='ltr' id='par_1_18' title="bbox 176 2919 446 2960">
     <span class='ocr_line' id='line_1_46' title="bbox 176 2919 446 2960; baseline -0.007 -1"><span class='ocrx_word' id='word_1_241' title='bbox 176 2921 384 2960; x_wconf 71' lang='lat' dir='ltr'>Hssnono&#39;r.</span> <span class='ocrx_word' id='word_1_242' title='bbox 417 2919 446 2957; x_wconf 89' lang='grc' dir='ltr'>Ι.</span> 
     </span>
    </p>
   </div>
   <div class='ocr_carea' id='block_1_15' title="bbox 836 1071 1505 2902">
    <p class='ocr_par' dir='ltr' id='par_1_19' title="bbox 836 1071 1505 2118">
     <span class='ocr_line' id='line_1_47' title="bbox 837 1071 1483 1124; baseline -0.006 -12"><span class='ocrx_word' id='word_1_243' title='bbox 837 1080 945 1124; x_wconf 84' lang='lat' dir='ltr'>atque</span> <span class='ocrx_word' id='word_1_244' title='bbox 966 1075 1003 1121; x_wconf 93' lang='grc' dir='ltr'><em>Ι,</em></span> <span class='ocrx_word' id='word_1_245' title='bbox 1027 1073 1129 1121; x_wconf 83' lang='grc'><em>154,</em></span> <span class='ocrx_word' id='word_1_246' title='bbox 1152 1074 1216 1111; x_wconf 88' lang='lat' dir='ltr'>ubi</span> <span class='ocrx_word' id='word_1_247' title='bbox 1235 1071 1397 1111; x_wconf 88' lang='lat' dir='ltr'>Tabalus</span> <span class='ocrx_word' id='word_1_248' title='bbox 1416 1076 1483 1118; x_wconf 83' lang='lat' dir='ltr'>est,</span> 
     </span>
     <span class='ocr_line' id='line_1_48' title="bbox 838 1128 1485 1180; baseline -0.005 -14"><span class='ocrx_word' id='word_1_249' title='bbox 838 1145 945 1180; x_wconf 86' lang='lat' dir='ltr'>quem</span> <span class='ocrx_word' id='word_1_250' title='bbox 989 1131 1163 1167; x_wconf 81' lang='lat' dir='ltr'>Sardibus</span> <span class='ocrx_word' id='word_1_251' title='bbox 1202 1142 1265 1167; x_wconf 81' lang='lat' dir='ltr'>rex</span> <span class='ocrx_word' id='word_1_252' title='bbox 1299 1128 1485 1179; x_wconf 81' lang='lat' dir='ltr'>praefecit,</span> 
     </span>
     <span class='ocr_line' id='line_1_49' title="bbox 837 1184 1483 1236; baseline -0.008 -12"><span class='ocrx_word' id='word_1_253' title='bbox 837 1188 995 1236; x_wconf 73' lang='lat' dir='ltr'>Pactyae</span> <span class='ocrx_word' id='word_1_254' title='bbox 1030 1187 1113 1223; x_wconf 61' lang='lat' dir='ltr'>cura</span> <span class='ocrx_word' id='word_1_255' title='bbox 1139 1186 1387 1224; x_wconf 84' lang='lat' dir='ltr'>thesaurorum</span> <span class='ocrx_word' id='word_1_256' title='bbox 1418 1184 1483 1221; x_wconf 86' lang='lat' dir='ltr'>de-</span> 
     </span>
     <span class='ocr_line' id='line_1_50' title="bbox 837 1240 1486 1290; baseline -0.008 -10"><span class='ocrx_word' id='word_1_257' title='bbox 837 1244 1020 1280; x_wconf 56' lang='lat' dir='ltr'>mandata.</span> <span class='ocrx_word' id='word_1_258' title='bbox 1085 1242 1239 1290; x_wconf 85' lang='lat' dir='ltr'>Itaque,</span> <span class='ocrx_word' id='word_1_259' title='bbox 1280 1254 1327 1278; x_wconf 85' lang='lat' dir='ltr'>ne</span> <span class='ocrx_word' id='word_1_260' title='bbox 1366 1240 1486 1277; x_wconf 88' lang='lat' dir='ltr'>Hero-</span> 
     </span>
     <span class='ocr_line' id='line_1_51' title="bbox 838 1296 1487 1348; baseline -0.008 -13"><span class='ocrx_word' id='word_1_261' title='bbox 838 1300 946 1336; x_wconf 88' lang='lat' dir='ltr'>dotus</span> <span class='ocrx_word' id='word_1_262' title='bbox 976 1299 1045 1335; x_wconf 88' lang='lat' dir='ltr'>sibi</span> <span class='ocrx_word' id='word_1_263' title='bbox 1076 1299 1157 1348; x_wconf 84' lang='lat' dir='ltr'>ipse</span> <span class='ocrx_word' id='word_1_264' title='bbox 1188 1296 1366 1335; x_wconf 82' lang='lat' dir='ltr'>contraria</span> <span class='ocrx_word' id='word_1_265' title='bbox 1400 1308 1487 1345; x_wconf 91' lang='lat' dir='ltr'>pro-</span> 
     </span>
     <span class='ocr_line' id='line_1_52' title="bbox 837 1351 1487 1401; baseline -0.008 -10"><span class='ocrx_word' id='word_1_266' title='bbox 837 1356 1004 1392; x_wconf 82' lang='lat' dir='ltr'>nuntiare</span> <span class='ocrx_word' id='word_1_267' title='bbox 1029 1359 1238 1401; x_wconf 82' lang='lat' dir='ltr'>censeatur,</span> <span class='ocrx_word' id='word_1_268' title='bbox 1287 1351 1487 1389; x_wconf 81' lang='lat' dir='ltr'>wesselin-</span> 
     </span>
     <span class='ocr_line' id='line_1_53' title="bbox 838 1408 1485 1458; baseline -0.006 -12"><span class='ocrx_word' id='word_1_269' title='bbox 838 1412 920 1458; x_wconf 84' lang='lat' dir='ltr'>gius</span> <span class='ocrx_word' id='word_1_270' title='bbox 943 1410 980 1445; x_wconf 90' lang='lat' dir='ltr'>in</span> <span class='ocrx_word' id='word_1_271' title='bbox 999 1422 1078 1446; x_wconf 86' lang='lat' dir='ltr'>eam</span> <span class='ocrx_word' id='word_1_272' title='bbox 1089 1410 1213 1446; x_wconf 89' lang='lat' dir='ltr'>incidit</span> <span class='ocrx_word' id='word_1_273' title='bbox 1231 1408 1485 1457; x_wconf 82' lang='lat' dir='ltr'>suspicionem,</span> 
     </span>
     <span class='ocr_line' id='line_1_54' title="bbox 837 1460 1488 1503; baseline -0.005 0"><span class='ocrx_word' id='word_1_274' title='bbox 837 1470 876 1503; x_wconf 91' lang='lat' dir='ltr'>ut</span> <span class='ocrx_word' id='word_1_275' title='bbox 903 1466 951 1502; x_wconf 78' lang='lat' dir='ltr'>ad</span> <span class='ocrx_word' id='word_1_276' title='bbox 975 1460 1144 1503; x_wconf 78' lang='grc' dir='ltr'><em>οἷδικέων</em></span> <span class='ocrx_word' id='word_1_277' title='bbox 1173 1466 1382 1501; x_wconf 79' lang='lat' dir='ltr'>adsumatur</span> <span class='ocrx_word' id='word_1_278' title='bbox 1397 1464 1488 1501; x_wconf 72' lang='grc' dir='ltr'><em>τοῦ·</em></span> 
     </span>
     <span class='ocr_line' id='line_1_55' title="bbox 837 1513 1489 1569; baseline -0.009 -8"><span class='ocrx_word' id='word_1_279' title='bbox 837 1536 907 1561; x_wconf 91' lang='grc' dir='ltr'>τον</span> <span class='ocrx_word' id='word_1_280' title='bbox 927 1535 956 1558; x_wconf 84' lang='lat' dir='ltr'>s.</span> <span class='ocrx_word' id='word_1_281' title='bbox 977 1520 1128 1561; x_wconf 78' lang='grc' dir='ltr'><em>ἐκεῖνον</em></span> <span class='ocrx_word' id='word_1_282' title='bbox 1151 1520 1245 1569; x_wconf 83' lang='lat' dir='ltr'>(scil.</span> <span class='ocrx_word' id='word_1_283' title='bbox 1266 1516 1335 1558; x_wconf 85' lang='grc' dir='ltr'>τόν</span> <span class='ocrx_word' id='word_1_284' title='bbox 1362 1513 1489 1569; x_wconf 73' lang='grc' dir='ltr'><em>Τάβα-</em></span> 
     </span>
     <span class='ocr_line' id='line_1_56' title="bbox 836 1571 1505 1626; baseline -0.012 -8"><span class='ocrx_word' id='word_1_285' title='bbox 836 1579 939 1626; x_wconf 86' lang='grc' dir='ltr'><em>λον),</em></span> <span class='ocrx_word' id='word_1_286' title='bbox 968 1578 1036 1615; x_wconf 89' lang='lat' dir='ltr'>hoc</span> <span class='ocrx_word' id='word_1_287' title='bbox 1064 1578 1140 1614; x_wconf 84' lang='lat' dir='ltr'>fere</span> <span class='ocrx_word' id='word_1_288' title='bbox 1173 1589 1300 1613; x_wconf 85' lang='lat' dir='ltr'>sensu:</span> <span class='ocrx_word' id='word_1_289' title='bbox 1331 1571 1505 1624; x_wconf 55' lang='lat' dir='ltr'>Pactyas&#39;</span> 
     </span>
     <span class='ocr_line' id='line_1_57' title="bbox 836 1631 1487 1684; baseline -0.009 -12"><span class='ocrx_word' id='word_1_290' title='bbox 836 1637 868 1673; x_wconf 76' lang='lat' dir='ltr'>is</span> <span class='ocrx_word' id='word_1_291' title='bbox 891 1638 953 1682; x_wconf 78' lang='lat' dir='ltr'>est,</span> <span class='ocrx_word' id='word_1_292' title='bbox 984 1636 1044 1684; x_wconf 71' lang='lat' dir='ltr'>qui</span> <span class='ocrx_word' id='word_1_293' title='bbox 1063 1632 1209 1682; x_wconf 70' lang='lat' dir='ltr'>offendit</span> <span class='ocrx_word' id='word_1_294' title='bbox 1231 1643 1306 1668; x_wconf 79' lang='lat' dir='ltr'>eum</span> <span class='ocrx_word' id='word_1_295' title='bbox 1325 1631 1394 1679; x_wconf 85' lang='lat' dir='ltr'>(sc.</span> <span class='ocrx_word' id='word_1_296' title='bbox 1409 1631 1444 1667; x_wconf 88' lang='lat' dir='ltr'>T</span> <span class='ocrx_word' id='word_1_297' title='bbox 1447 1644 1487 1667; x_wconf 84' lang='lat' dir='ltr'>a-</span> 
     </span>
     <span class='ocr_line' id='line_1_58' title="bbox 836 1687 1488 1740; baseline -0.009 -12"><span class='ocrx_word' id='word_1_298' title='bbox 836 1691 1000 1740; x_wconf 85' lang='lat' dir='ltr'>balum),</span> <span class='ocrx_word' id='word_1_299' title='bbox 1029 1692 1089 1726; x_wconf 78' lang='lat' dir='ltr'>cui</span> <span class='ocrx_word' id='word_1_300' title='bbox 1116 1693 1156 1726; x_wconf 78' lang='lat' dir='ltr'>tu</span> <span class='ocrx_word' id='word_1_301' title='bbox 1187 1687 1319 1726; x_wconf 80' lang='lat' dir='ltr'>Sardes</span> <span class='ocrx_word' id='word_1_302' title='bbox 1348 1688 1488 1724; x_wconf 74' lang='lat' dir='ltr'>commi-</span> 
     </span>
     <span class='ocr_line' id='line_1_59' title="bbox 837 1743 1489 1789; baseline -0.008 -5"><span class='ocrx_word' id='word_1_303' title='bbox 837 1749 927 1784; x_wconf 81' lang='lat' dir='ltr'>sisti.</span> <span class='ocrx_word' id='word_1_304' title='bbox 995 1747 1101 1789; x_wconf 77' lang='lat' dir='ltr'>Quae</span> <span class='ocrx_word' id='word_1_305' title='bbox 1137 1745 1319 1782; x_wconf 84' lang='lat' dir='ltr'>sententia</span> <span class='ocrx_word' id='word_1_306' title='bbox 1360 1743 1489 1780; x_wconf 84' lang='lat' dir='ltr'>merito</span> 
     </span>
     <span class='ocr_line' id='line_1_60' title="bbox 837 1800 1489 1851; baseline -0.009 -11"><span class='ocrx_word' id='word_1_307' title='bbox 837 1804 973 1851; x_wconf 84' lang='lat' dir='ltr'>frigida</span> <span class='ocrx_word' id='word_1_308' title='bbox 981 1803 1122 1838; x_wconf 81' lang='lat' dir='ltr'>videtur</span> <span class='ocrx_word' id='word_1_309' title='bbox 1130 1800 1472 1848; x_wconf 80' lang='lat' dir='ltr'>Schweighaeusero</span> <span class='ocrx_word' id='word_1_310' title='bbox 1478 1826 1489 1843; x_wconf 94' lang='lat'>,</span> 
     </span>
     <span class='ocr_line' id='line_1_61' title="bbox 840 1855 1490 1907; baseline -0.009 -12"><span class='ocrx_word' id='word_1_311' title='bbox 840 1859 903 1907; x_wconf 92' lang='lat' dir='ltr'>qui</span> <span class='ocrx_word' id='word_1_312' title='bbox 924 1859 1003 1907; x_wconf 84' lang='lat' dir='ltr'>ipse</span> <span class='ocrx_word' id='word_1_313' title='bbox 1018 1857 1118 1894; x_wconf 85' lang='lat' dir='ltr'>malit</span> <span class='ocrx_word' id='word_1_314' title='bbox 1138 1857 1263 1902; x_wconf 85' lang='lat' dir='ltr'>fateri,</span> <span class='ocrx_word' id='word_1_315' title='bbox 1291 1855 1408 1891; x_wconf 86' lang='lat' dir='ltr'>minus</span> <span class='ocrx_word' id='word_1_316' title='bbox 1429 1866 1490 1890; x_wconf 84' lang='lat' dir='ltr'>ac-</span> 
     </span>
     <span class='ocr_line' id='line_1_62' title="bbox 839 1911 1489 1960; baseline -0.006 -10"><span class='ocrx_word' id='word_1_317' title='bbox 839 1918 963 1951; x_wconf 83' lang='lat' dir='ltr'>curate</span> <span class='ocrx_word' id='word_1_318' title='bbox 991 1913 1048 1949; x_wconf 89' lang='lat' dir='ltr'>hic</span> <span class='ocrx_word' id='word_1_319' title='bbox 1071 1912 1281 1960; x_wconf 87' lang='lat' dir='ltr'>loquentem</span> <span class='ocrx_word' id='word_1_320' title='bbox 1309 1911 1489 1946; x_wconf 88' lang='lat' dir='ltr'>Croesum</span> 
     </span>
     <span class='ocr_line' id='line_1_63' title="bbox 839 1966 1489 2013; baseline -0.009 -7"><span class='ocrx_word' id='word_1_321' title='bbox 839 1970 968 2006; x_wconf 87' lang='lat' dir='ltr'>fecisse</span> <span class='ocrx_word' id='word_1_322' title='bbox 999 1968 1247 2013; x_wconf 86' lang='lat' dir='ltr'>Herodotum,</span> <span class='ocrx_word' id='word_1_323' title='bbox 1293 1966 1363 2001; x_wconf 75' lang='lat' dir='ltr'>nisi</span> <span class='ocrx_word' id='word_1_324' title='bbox 1394 1966 1489 2001; x_wconf 88' lang='lat' dir='ltr'>sorte</span> 
     </span>
     <span class='ocr_line' id='line_1_64' title="bbox 839 2021 1487 2062; baseline -0.008 -1"><span class='ocrx_word' id='word_1_325' title='bbox 839 2023 1002 2062; x_wconf 87' lang='lat' dir='ltr'>consulto</span> <span class='ocrx_word' id='word_1_326' title='bbox 1032 2023 1082 2059; x_wconf 87' lang='lat' dir='ltr'>ita</span> <span class='ocrx_word' id='word_1_327' title='bbox 1114 2023 1290 2059; x_wconf 83' lang='lat' dir='ltr'>dicentem</span> <span class='ocrx_word' id='word_1_328' title='bbox 1310 2021 1487 2058; x_wconf 89' lang='lat' dir='ltr'>Croesum</span> 
     </span>
     <span class='ocr_line' id='line_1_65' title="bbox 840 2078 1198 2118; baseline -0.011 0"><span class='ocrx_word' id='word_1_329' title='bbox 840 2080 979 2118; x_wconf 87' lang='lat' dir='ltr'>Noster</span> <span class='ocrx_word' id='word_1_330' title='bbox 1007 2078 1198 2115; x_wconf 80' lang='lat' dir='ltr'>induxerit.</span> 
     </span>
    </p>

    <p class='ocr_par' dir='ltr' id='par_1_20' title="bbox 842 2129 1492 2902">
     <span class='ocr_line' id='line_1_66' title="bbox 897 2129 1490 2180; baseline -0.005 -6"><span class='ocrx_word' id='word_1_331' title='bbox 897 2131 992 2174; x_wconf 74' lang='grc' dir='ltr'><em>τάδε</em></span> <span class='ocrx_word' id='word_1_332' title='bbox 1019 2130 1172 2172; x_wconf 74' lang='grc' dir='ltr'><em>αὐτοῖσι</em></span> <span class='ocrx_word' id='word_1_333' title='bbox 1203 2131 1404 2180; x_wconf 80' lang='grc' dir='ltr'><em>ἐπίταξον,</em></span> <span class='ocrx_word' id='word_1_334' title='bbox 1436 2129 1490 2179; x_wconf 72' lang='grc' dir='ltr'>ὥς</span> 
     </span>
     <span class='ocr_line' id='line_1_67' title="bbox 844 2186 1490 2242; baseline -0.008 -12"><span class='ocrx_word' id='word_1_335' title='bbox 844 2187 941 2242; x_wconf 73' lang='grc' dir='ltr'><em>μήτε</em></span> <span class='ocrx_word' id='word_1_336' title='bbox 963 2186 1181 2229; x_wconf 77' lang='grc' dir='ltr'><em>οἷποστέωσι</em></span> <span class='ocrx_word' id='word_1_337' title='bbox 1199 2204 1232 2227; x_wconf 80' lang='grc' dir='ltr'>κ.</span> <span class='ocrx_word' id='word_1_338' title='bbox 1249 2204 1282 2227; x_wconf 92' lang='grc' dir='ltr'><em>τ.</em></span> <span class='ocrx_word' id='word_1_339' title='bbox 1303 2188 1352 2239; x_wconf 84' lang='grc' dir='ltr'>λ.]</span> <span class='ocrx_word' id='word_1_340' title='bbox 1385 2189 1490 2232; x_wconf 85' lang='lat' dir='ltr'>Quae</span> 
     </span>
     <span class='ocr_line' id='line_1_68' title="bbox 843 2245 1487 2295; baseline -0.006 -11"><span class='ocrx_word' id='word_1_341' title='bbox 843 2249 899 2284; x_wconf 85' lang='lat' dir='ltr'>hie</span> <span class='ocrx_word' id='word_1_342' title='bbox 926 2249 972 2284; x_wconf 85' lang='lat' dir='ltr'>de</span> <span class='ocrx_word' id='word_1_343' title='bbox 1000 2246 1116 2295; x_wconf 86' lang='lat' dir='ltr'>Lydis</span> <span class='ocrx_word' id='word_1_344' title='bbox 1146 2250 1415 2295; x_wconf 84' lang='lat' dir='ltr'>proponuntur,</span> <span class='ocrx_word' id='word_1_345' title='bbox 1444 2245 1487 2280; x_wconf 85' lang='lat' dir='ltr'>iis</span> 
     </span>
     <span class='ocr_line' id='line_1_69' title="bbox 843 2300 1490 2341; baseline -0.008 0"><span class='ocrx_word' id='word_1_346' title='bbox 843 2304 970 2341; x_wconf 85' lang='lat' dir='ltr'>merito</span> <span class='ocrx_word' id='word_1_347' title='bbox 988 2303 1124 2339; x_wconf 84' lang='lat' dir='ltr'>attendi</span> <span class='ocrx_word' id='word_1_348' title='bbox 1147 2302 1246 2338; x_wconf 84' lang='lat' dir='ltr'>iubet</span> <span class='ocrx_word' id='word_1_349' title='bbox 1263 2301 1422 2338; x_wconf 82' lang='lat' dir='ltr'>Heeren.</span> <span class='ocrx_word' id='word_1_350' title='bbox 1453 2300 1490 2337; x_wconf 92' lang='lat' dir='ltr'>in</span> 
     </span>
     <span class='ocr_line' id='line_1_70' title="bbox 843 2356 1489 2407; baseline -0.008 -10"><span class='ocrx_word' id='word_1_351' title='bbox 843 2361 955 2397; x_wconf 86' lang='lat' dir='ltr'>Ideen</span> <span class='ocrx_word' id='word_1_352' title='bbox 975 2359 1011 2405; x_wconf 88' lang='grc' dir='ltr'><em>Ι,</em></span> <span class='ocrx_word' id='word_1_353' title='bbox 1033 2361 1053 2398; x_wconf 82' lang='lat'>1</span> <span class='ocrx_word' id='word_1_354' title='bbox 1075 2371 1159 2407; x_wconf 75' lang='lat' dir='ltr'>pag.</span> <span class='ocrx_word' id='word_1_355' title='bbox 1184 2356 1277 2397; x_wconf 76' lang='lat'><strong>407.</strong></span> <span class='ocrx_word' id='word_1_356' title='bbox 1307 2356 1374 2393; x_wconf 82' lang='lat' dir='ltr'>Est</span> <span class='ocrx_word' id='word_1_357' title='bbox 1396 2356 1489 2393; x_wconf 86' lang='lat' dir='ltr'>enim</span> 
     </span>
     <span class='ocr_line' id='line_1_71' title="bbox 842 2411 1489 2458; baseline -0.009 -5"><span class='ocrx_word' id='word_1_358' title='bbox 842 2417 911 2453; x_wconf 86' lang='lat' dir='ltr'>hoc</span> <span class='ocrx_word' id='word_1_359' title='bbox 948 2414 1090 2451; x_wconf 85' lang='lat' dir='ltr'>omnino</span> <span class='ocrx_word' id='word_1_360' title='bbox 1130 2426 1253 2450; x_wconf 86' lang='lat' dir='ltr'>eorum</span> <span class='ocrx_word' id='word_1_361' title='bbox 1292 2411 1489 2458; x_wconf 86' lang='lat' dir='ltr'>consilium,</span> 
     </span>
     <span class='ocr_line' id='line_1_72' title="bbox 846 2467 1491 2521; baseline -0.005 -13"><span class='ocrx_word' id='word_1_362' title='bbox 846 2473 928 2521; x_wconf 84' lang='lat' dir='ltr'>qui,</span> <span class='ocrx_word' id='word_1_363' title='bbox 957 2470 1147 2520; x_wconf 85' lang='lat' dir='ltr'>imperium</span> <span class='ocrx_word' id='word_1_364' title='bbox 1174 2481 1278 2505; x_wconf 88' lang='lat' dir='ltr'>suum</span> <span class='ocrx_word' id='word_1_365' title='bbox 1301 2468 1409 2516; x_wconf 86' lang='lat' dir='ltr'>longe</span> <span class='ocrx_word' id='word_1_366' title='bbox 1437 2467 1491 2505; x_wconf 84' lang='lat' dir='ltr'>la-</span> 
     </span>
     <span class='ocr_line' id='line_1_73' title="bbox 843 2523 1491 2576; baseline -0.009 -11"><span class='ocrx_word' id='word_1_367' title='bbox 843 2533 950 2576; x_wconf 77' lang='lat' dir='ltr'>teque</span> <span class='ocrx_word' id='word_1_368' title='bbox 981 2529 1221 2576; x_wconf 77' lang='lat' dir='ltr'>propagatum</span> <span class='ocrx_word' id='word_1_369' title='bbox 1253 2536 1324 2572; x_wconf 91' lang='lat' dir='ltr'>quo</span> <span class='ocrx_word' id='word_1_370' title='bbox 1365 2523 1491 2561; x_wconf 84' lang='lat' dir='ltr'>melius</span> 
     </span>
     <span class='ocr_line' id='line_1_74' title="bbox 844 2579 1492 2628; baseline -0.009 -7"><span class='ocrx_word' id='word_1_371' title='bbox 844 2588 1032 2628; x_wconf 85' lang='lat' dir='ltr'>tueantur,</span> <span class='ocrx_word' id='word_1_372' title='bbox 1062 2581 1224 2617; x_wconf 87' lang='lat' dir='ltr'>subditas</span> <span class='ocrx_word' id='word_1_373' title='bbox 1245 2584 1372 2628; x_wconf 75' lang='lat' dir='ltr'>gentes</span> <span class='ocrx_word' id='word_1_374' title='bbox 1390 2579 1492 2615; x_wconf 81' lang='lat' dir='ltr'>luxu-</span> 
     </span>
     <span class='ocr_line' id='line_1_75' title="bbox 845 2639 1492 2683; baseline -0.008 -6"><span class='ocrx_word' id='word_1_375' title='bbox 845 2641 898 2677; x_wconf 78' lang='lat' dir='ltr'>ria</span> <span class='ocrx_word' id='word_1_376' title='bbox 939 2640 1164 2683; x_wconf 81' lang='lat' dir='ltr'>diffluentes,</span> <span class='ocrx_word' id='word_1_377' title='bbox 1205 2639 1420 2682; x_wconf 74' lang='lat' dir='ltr'>enervatas,</span> <span class='ocrx_word' id='word_1_378' title='bbox 1452 2648 1492 2672; x_wconf 86' lang='lat' dir='ltr'>e-</span> 
     </span>
     <span class='ocr_line' id='line_1_76' title="bbox 845 2691 1490 2739; baseline -0.009 -7"><span class='ocrx_word' id='word_1_379' title='bbox 845 2695 999 2733; x_wconf 85' lang='lat' dir='ltr'>mollitas</span> <span class='ocrx_word' id='word_1_380' title='bbox 1032 2691 1209 2739; x_wconf 81' lang='lat' dir='ltr'>reddunt,</span> <span class='ocrx_word' id='word_1_381' title='bbox 1256 2704 1302 2728; x_wconf 86' lang='lat' dir='ltr'>ne</span> <span class='ocrx_word' id='word_1_382' title='bbox 1333 2702 1490 2739; x_wconf 87' lang='lat' dir='ltr'>unquam</span> 
     </span>
     <span class='ocr_line' id='line_1_77' title="bbox 844 2747 1491 2799; baseline -0.009 -11"><span class='ocrx_word' id='word_1_383' title='bbox 844 2753 969 2799; x_wconf 82' lang='lat' dir='ltr'>iugum</span> <span class='ocrx_word' id='word_1_384' title='bbox 996 2749 1200 2798; x_wconf 88' lang='lat' dir='ltr'>impositum</span> <span class='ocrx_word' id='word_1_385' title='bbox 1235 2747 1388 2784; x_wconf 86' lang='lat' dir='ltr'>abiicere</span> <span class='ocrx_word' id='word_1_386' title='bbox 1411 2751 1491 2784; x_wconf 81' lang='lat' dir='ltr'>ten-</span> 
     </span>
     <span class='ocr_line' id='line_1_78' title="bbox 845 2803 1492 2853; baseline -0.008 -10"><span class='ocrx_word' id='word_1_387' title='bbox 845 2811 942 2853; x_wconf 83' lang='lat' dir='ltr'>tent,</span> <span class='ocrx_word' id='word_1_388' title='bbox 972 2818 1063 2842; x_wconf 85' lang='lat' dir='ltr'>neve</span> <span class='ocrx_word' id='word_1_389' title='bbox 1088 2804 1198 2840; x_wconf 90' lang='lat' dir='ltr'>ullum</span> <span class='ocrx_word' id='word_1_390' title='bbox 1224 2815 1371 2853; x_wconf 88' lang='lat' dir='ltr'>prorsus</span> <span class='ocrx_word' id='word_1_391' title='bbox 1394 2803 1492 2851; x_wconf 88' lang='lat' dir='ltr'>peri-</span> 
     </span>
     <span class='ocr_line' id='line_1_79' title="bbox 847 2859 1488 2902; baseline -0.009 -1"><span class='ocrx_word' id='word_1_392' title='bbox 847 2863 960 2902; x_wconf 85' lang='lat' dir='ltr'>culum</span> <span class='ocrx_word' id='word_1_393' title='bbox 979 2861 1066 2899; x_wconf 90' lang='lat' dir='ltr'>inde</span> <span class='ocrx_word' id='word_1_394' title='bbox 1081 2860 1206 2898; x_wconf 87' lang='lat' dir='ltr'>victori</span> <span class='ocrx_word' id='word_1_395' title='bbox 1226 2859 1271 2896; x_wconf 91' lang='lat' dir='ltr'>sit</span> <span class='ocrx_word' id='word_1_396' title='bbox 1282 2859 1488 2897; x_wconf 70' lang='lat' dir='ltr'>timendum,</span> 
     </span>
    </p>
   </div>
   <div class='ocr_carea' id='block_1_16' title="bbox 1162 2916 1219 2956">
    <p class='ocr_par' dir='ltr' id='par_1_21' title="bbox 1162 2916 1219 2956">
     <span class='ocr_line' id='line_1_80' title="bbox 1162 2916 1219 2956; baseline 0.018 -1"><span class='ocrx_word' id='word_1_397' title='bbox 1162 2916 1219 2956; x_wconf 77' lang='lat'>23</span> 
     </span>
    </p>
   </div>
  </div>
 </body>
</html>
