1877 3223
657 209 872 249 CLIO.
929 211 960 250 Ι.
1363 212 1446 253 169

191 320 443 377 φερόμενοι,
463 320 532 364 ἐπὶ
566 318 776 375 Τεγεήτας
803 318 1134 375 ἐστρατεύοντο,
1167 321 1346 374 χρησμῷ
1378 336 1446 362 κι-

189 397 335 457 βδήλῳ
355 401 546 451 πίσυνοι,
579 398 638 450 ὥς
668 399 720 455 δή
754 395 1225 454 ἐξανδραποδιούμενοι
1241 397 1346 448 τούς
1372 402 1444 441 Τε-

163 477 362 534 5γεήτας.
428 479 686 529 ἑσσωθέντες
726 478 771 522 δὲ
816 482 870 535 τῇ
908 480 1132 534 συμβολῇ,
1175 477 1273 521 ὅσοι
1302 474 1503 520 αὕτῶνὸῦ

191 557 519 614 ἐζωγρήθησαν,
550 557 681 608 πέδας
709 574 754 601 τε
784 558 951 613 ἔχοντες
971 557 1049 608 τὰς
1069 556 1279 612 ἐφέροντο
1305 555 1446 607 αὐτοὶ,

191 638 264 680 καὶ
293 639 448 693 σχοίνῳ
479 637 861 694 διαμετρησάμενοι
898 636 947 681 τὸ
983 638 1136 681 πεδίον
1163 635 1212 679 τό
1250 635 1442 691 Τεγεητέ-

165 722 279 767 6ων,
320 715 558 770 ἐργάζοντο.

619 718 665 759 αἱ
704 716 749 760 δὲ
785 718 912 760 πέδαι
950 711 1091 759 αὗται.
1150 715 1198 758 ἐν
1225 718 1323 771 τῇσι
1359 714 1446 758 ἐδε-

194 794 344 844 δέατο,
382 794 442 837 ἔτι
480 795 553 838 καὶ
592 794 634 845 ἐς
670 795 740 851 ἐμὲ
776 790 886 852 ἦσαν
915 798 1025 838 σῶαι
1054 795 1100 838 ἐν
1135 794 1297 850 Τεγέῃ,
1354 793 1452 849 περὶ

191 872 268 916 τόν
295 871 403 928 νηὸν
429 880 504 930 τῆς
530 874 670 931 Ἀλέης
692 873 922 931 Ἀθηναίης
952 873 1228 931 κρεμάμεναι.
1463 879 1509 912 60

137 1057 382 1107 Tegeatarum
401 1061 480 1096 foro
498 1064 628 1097 erecta.
675 1059 783 1096 Plura

136 1115 293 1152 Pausan.
321 1116 456 1153 Lacon.
484 1116 553 1163 111,
573 1120 610 1157 7.
653 1116 782 1153 Arcad.

136 1171 233 1218 VIII,
253 1173 288 1212 5.
309 1172 381 1219 48,
411 1186 564 1221 quocum
592 1175 688 1210 conf.
711 1173 784 1209 Po-

136 1227 251 1276 lyaen.
273 1229 432 1277 Strateg.
452 1229 491 1276 1,
516 1231 553 1269 8.

202 1313 362 1365 χρησμῷ
418 1327 439 1349 κ
453 1312 500 1362 ιβ’
512 1313 533 1350 δ
545 1308 572 1362 η’
585 1315 605 1350 λ
618 1312 674 1365 ῳ]
730 1313 787 1350 κί-

138 1367 282 1418 βδηλος
294 1369 422 1404 eodem
443 1382 552 1405 sensu
580 1370 626 1405 de
645 1369 787 1406 oraculo

138 1424 282 1474 ancipiti
302 1437 343 1460 ac
363 1424 478 1460 fallaci
505 1424 549 1471 V,
570 1427 634 1466 91.
666 1425 786 1472 Vulgo

139 1493 180 1516 ac
199 1481 344 1530 proprie
363 1481 409 1518 de
430 1481 546 1517 numis
575 1481 703 1517 dicitur
721 1482 787 1517 ad-

138 1536 316 1582 ulterinis3
366 1538 460 1573 conf.
497 1536 683 1587 Aristoph.
720 1537 786 1573 Av.

140 1594 220 1634 158
242 1593 328 1643 ibiq.
359 1592 477 1630 Schol.

195 1671 282 1714 ὅσοι
315 1672 444 1715 αὐτῶν
474 1672 788 1729 ἐζωγρήθησαν]

142 1730 261 1781 Vulgo
283 1727 453 1781 αὐτέων,
485 1735 582 1771 cuius
603 1735 680 1771 loco
711 1747 792 1771 cum

145 1789 352 1825 Gaisfordio
387 1792 612 1839 reposuimus
647 1785 793 1837 αὐτῶν,

144 1844 326 1894 plerisque
352 1845 448 1882 libris
476 1846 791 1895 adstipulantibus,

147 1902 254 1937 Conf.
274 1901 302 1948 Ι,
314 1905 377 1942 26.
390 1901 543 1938 —Mox
561 1898 793 1953 ἐργάζεσθαι

145 1956 304 2005 intelligo
348 1958 575 2007 potissimum
603 1959 649 1994 de
682 1971 793 2006 opere

145 2014 294 2060 rustico,
325 2015 423 2062 quod
450 2014 563 2063 captis
592 2014 793 2063 Spartani5‚

146 2074 186 2105 ut
204 2070 334 2117 serviS‚
364 2071 568 2119 impositum
590 2074 676 2106 erat.
716 2070 793 2105 Eo·

149 2127 233 2162 dem
253 2139 366 2163 sensu
390 2126 524 2176 ἔργον,
556 2127 602 2163 de
631 2139 702 2174 quo
733 2139 792 2161 sn-

148 2195 215 2232 pra
231 2183 278 2218 ad
314 2182 351 2229 l,
379 2184 444 2223 36.
493 2182 589 2218 Hinc
619 2182 795 2219 Libanius

150 2238 351 2288 Prosphon.
373 2240 421 2275 ad
441 2238 564 2274 Iulian.
587 2251 623 2287 p.
646 2241 738 2283 179,
763 2239 795 2274 A

151 2294 328 2331 Herodoti
364 2295 606 2332 narrationem
647 2293 797 2343 respici-

153 2363 237 2387 ens:
287 2347 415 2402 ὥσπερ
454 2348 528 2402 γαρ
569 2348 621 2401 ἣν
663 2349 798 2399 ἔτεμον

155 2409 394 2457 Σπαρτιᾶται
448 2410 524 2459 γῆν
583 2408 797 2458 Τεγεατῶν,

156 2462 301 2512 ταύτην
356 2460 660 2515 εἰργάζοντο
716 2466 799 2508 τοῖς

157 2514 400 2567 νενικηκόσι,
437 2520 612 2570 χοίνικας
638 2518 798 2569 ἔχοντες.

158 2573 264 2610 ——In
280 2575 396 2611 verbis
426 2574 476 2614 ἐν
505 2579 595 2629 τῇσι
625 2574 799 2614 ἐδεδέατο

159 2633 246 2666 nota
263 2643 365 2666 usum
393 2632 669 2681 praepositionis
688 2630 730 2670 ἐν
757 2632 802 2669 de

159 2688 405 2729 instrumento3
451 2688 498 2724 de
526 2700 617 2737 qua,
663 2692 704 2724 ut
735 2688 801 2725 Cr.

159 2746 299 2788 monet,
339 2742 529 2780 Heindorf.
571 2743 619 2780 ad
668 2744 802 2793 Cratyl.

157 2811 194 2848 p.
205 2800 270 2838 71.
293 2798 445 2835 Porson.
462 2798 801 2850 adAristoph.qu.

160 2856 268 2896 1018
285 2867 322 2905 p.
344 2856 435 2897 100.
492 2855 590 2893 Infra
606 2856 645 2904 Ι,
665 2858 729 2899 86.

908 1058 962 1100 ἔτι
981 1057 1047 1098 καὶ
1069 1057 1107 1105 ἐς
1125 1055 1190 1109 ἐμὲ
1213 1051 1317 1109 ἦσαν
1341 1058 1439 1096 σῶαι
1465 1055 1509 1096 ἕν

859 1115 1000 1170 Τεγέῃ]
1014 1116 1100 1152 Non
1123 1115 1239 1152 solum
1262 1115 1310 1152 ad
1326 1114 1509 1151 Herodoti

854 1186 970 1221 usque
996 1177 1150 1209 aetatem
1172 1176 1338 1208 servatae
1366 1173 1511 1207 suerunt

857 1229 1076 1278 c‹›1npedeS‚
1117 1229 1183 1265 sed
1200 1227 1402 1264 Pausaniae
1428 1227 1449 1262 i.
1476 1239 1507 1263 e.

855 1285 1119 1322 Antoninorum
1141 1288 1262 1321 aetate
1275 1312 1285 1331 ‚
1301 1283 1413 1320 altero
1426 1285 1511 1332 post

856 1342 943 1377 Chr.
984 1354 1020 1377 n.
1068 1340 1210 1377 saeculo
1226 1368 1237 1386 ‚
1295 1339 1510 1388 compedum

855 1397 1004 1432 istarum
1023 1409 1108 1445 pars
1128 1396 1165 1431 in
1196 1395 1382 1431 Minervae
1400 1394 1512 1431 Aleae

855 1451 991 1501 templo
1040 1451 1338 1501 conspiciebatur.
1426 1450 1510 1486 Vid.

856 1509 1011 1546 Pausan.
1032 1508 1134 1554 Vffl,
1155 1508 1220 1548 47.
1258 1528 1304 1533 —-
1336 1506 1394 1543 De
1412 1508 1513 1544 σῶαι

857 1566 951 1601 conf.
980 1563 1108 1600 Matth.
1142 1562 1291 1613 §.124
1322 1576 1407 1613 pag·
1431 1562 1512 1603 246

858 1635 935 1670 seq.
961 1625 996 1657 et
1015 1621 1108 1656 infra
1126 1620 1155 1656 li
1169 1649 1179 1667 ‚
1204 1619 1296 1660 181.

914 1675 1004 1728 περὶ
1040 1673 1109 1715 τόν
1139 1672 1237 1726 νηὸν
1274 1677 1345 1725 τῆς
1379 1668 1514 1724 Ἀλὲης

856 1729 1084 1783 Ἀθηναίης
1116 1728 1378 1784 κρεμάμεναι]
1410 1731 1514 1768 Inve-

860 1792 955 1826 nitur
977 1789 1142 1825 Minerva
1162 1789 1252 1825 Alea
1272 1788 1434 1838 pluribus
1444 1786 1515 1823 Pe-

861 1846 1052 1895 loponnesi
1077 1845 1164 1881 locis
1178 1873 1188 1891 ,
1218 1844 1419 1890 Mantinea,
1438 1842 1473 1879 T
1476 1855 1516 1880 e-

863 1903 953 1950 gea,
994 1901 1211 1949 Manthyrea
1226 1929 1236 1946 ‚
1278 1899 1368 1937 Alea
1411 1899 1515 1943 vieo;

863 1959 899 1994 in
939 1958 1068 2005 quibus
1102 1962 1223 1992 tamen
1268 1968 1313 1992 ea
1350 1953 1517 1990 Minerva

862 2013 975 2059 Alea,
1015 2025 1109 2060 quae
1155 2011 1306 2059 Tegeae
1340 2010 1517 2059 templum

861 2069 1037 2114 habebat,
1076 2068 1231 2117 primum
1264 2067 1381 2103 locum
1421 2066 1516 2102 obti-

865 2126 989 2162 nuisse
1006 2125 1155 2160 videtur.
1214 2122 1308 2161 Nam
1329 2123 1517 2171 antiquum

864 2182 934 2218 illic
958 2181 1024 2218 fuit
1040 2180 1226 2217 Minervae
1247 2180 1410 2228 signum,
1439 2178 1517 2214 En-

865 2239 915 2275 dii
948 2251 1059 2286 opus,
1089 2249 1132 2274 ex
1166 2237 1275 2273 ebore
1302 2236 1516 2281 consectum,

864 2295 1018 2332 Romam
1038 2293 1231 2343 postmodo
1253 2292 1441 2328 advectum
1470 2291 1516 2327 ab

866 2351 1055 2398 Augusto,
1085 2363 1164 2386 cum
1191 2349 1387 2384 Antonium
1413 2347 1518 2383 xicis-

866 2413 935 2444 set.
993 2407 1104 2442 Cuius
1124 2405 1201 2442 loco
1224 2405 1318 2441 aliud
1330 2403 1518 2440 Minervae

867 2464 1009 2512 signum
1038 2475 1081 2500 ex
1104 2461 1318 2509 Manthyrea
1350 2460 1385 2496 Τ
1389 2472 1518 2507 egeam

868 2520 1013 2556 allatum
1053 2523 1130 2565 est,
1172 2517 1271 2566 quod
1314 2516 1516 2552 Pausanias

868 2577 968 2612 vidit.
1000 2575 1072 2618 Qui
1094 2575 1190 2611 idem
1208 2572 1381 2623 templum
1398 2571 1518 2622 ipsum

868 2632 1039 2670 describit
1100 2629 1415 2667 luculentissimum
1481 2631 1519 2664 et

868 2687 1199 2738 splendidissimum
1227 2698 1248 2722 a
1274 2685 1396 2735 Scopa
1415 2696 1520 2722 exor-

869 2749 993 2781 natum
1010 2744 1138 2780 statuis
1161 2754 1346 2791 opereque
1364 2739 1516 2777 caelato.

868 2800 986 2839 Deam
1006 2801 1122 2850 ipsam
1143 2798 1227 2835 olim
1251 2797 1425 2846 Hippiam
1454 2808 1518 2832 vo-

871 2861 988 2894 catam
1013 2857 1146 2902 resert3
1185 2853 1379 2906 postmodo
1406 2850 1519 2890 Aleae
