1909 3228
663 235 879 273 CLlO.
937 235 968 273 l.

1368 234 1452 274 427

197 361 284 389 νιοι
312 344 362 388 τὸ
391 344 438 388 ἐκ
467 349 548 389 τοῦ
582 344 736 398 Κύρου
767 343 1052 401 ποιεύμενον,
1093 338 1190 387 οὐδ’
1221 340 1301 395 ἄν,
1337 356 1451 397 περι-

196 425 361 475 ϊδόντες
399 423 504 475 τούς
547 424 717 478 Πέρσας
754 425 948 468 ἐσελθεῖν
986 424 1027 475 ἐς
1063 422 1144 479 τήν
1171 419 1322 473 πόλιν,
1372 422 1507 465 ‹Sne-70

168 509 391 560 ὃφθειραν
429 504 621 547 κάκιστα.
681 506 1042 560 κατακληΐσαντες
1081 504 1164 558 γὰρ
1210 501 1267 545 ἂν
1310 500 1453 551 πάσας

193 582 270 635 τὰς
300 583 342 633 ἐς
368 582 446 628 τὸν
475 582 673 638 ποταμόν
693 584 877 634 πυλίδας
899 583 1103 638 ἐχούσας,
1133 582 1207 625 καὶ
1234 579 1357 624 αὐτοὶ
1383 580 1453 622 ἐπὶ

195 661 272 713 τὰς
302 662 507 718 αἱμασιάς
549 660 787 717 ἀναβάντες
838 661 914 712 τὰς
951 661 1072 715 παρὰ
1109 661 1161 704 τὰ
1201 662 1340 717 χείλεα
1373 663 1453 702 τοῦ

197 745 400 799 ποταμοῦ
431 740 715 796 ἐληλαμένας,
746 740 903 796 ἔλαβον
931 739 987 783 ἄν
1018 752 1153 795 σφεας
1182 738 1240 790 ὡς
1271 739 1317 783 ἐν
1344 737 1449 793 κύρ-

166 828 263 878 9τῃ.
321 823 405 863 ’νῦν
442 820 488 863 δὲ
530 820 572 871 ἐξ
612 817 944 875 ἀπροσδοκήτου
982 831 1062 875 σφι
1099 818 1373 875 παρέστησαν
1413 820 1455 862 οἷ

197 898 379 952 Πέρσαι.
428 898 515 942 ὑπὸ
547 899 591 942 δὲ
629 897 843 954 μεγάθεος
881 903 957 955 τῆς
985 898 1159 949 πόλιος,
1207 894 1266 948 ὥς
1290 897 1510 953 λέγεται75

192 976 282 1022 ’ὑπὸ
311 982 399 1021 τῶν
429 977 565 1035 ταύτῃ
589 977 851 1035 οἰκημένων,
880 982 969 1021 τῶν
996 978 1094 1033 περὶ
1122 976 1175 1020 τὰ
1203 976 1356 1032 ἔσχατα
1375 980 1450 1032 τῆς

192 1055 347 1108 πόλιος
384 1057 664 1112 ἑαλωκότων,
716 1057 821 1109 τούς
857 1057 906 1102 to*
945 1056 1080 1114 μέσον
1104 1054 1333 1107 οἰκέοντες
1360 1059 1449 1099 τῶν

198 1248 442 1303 περιϊδόντες
488 1250 581 1300 τούς
636 1251 794 1305 Πέρσας

141 1307 344 1360 ἐσελθεῖν]
375 1310 496 1347 Verbo
518 1313 709 1361 περιορᾶν
736 1311 794 1348 hic

141 1370 287 1416 praeter
322 1367 619 1403 consuetudinem
646 1367 793 1416 partici-

139 1421 189 1471 pii
209 1421 287 1458 loco
309 1422 472 1458 adiicitur
489 1422 695 1460 infinitivus.
714 1423 791 1460 Sed

139 1477 330 1527 aliquoties
346 1477 416 1514 hoe
434 1478 471 1514 in
489 1483 616 1514 nostro
639 1479 792 1528 scripto-

139 1547 178 1571 re
203 1534 375 1584 reperias.
434 1534 518 1571 Vid.
555 1535 685 1572 Matth.
725 1536 790 1572 Gr.

140 1590 206 1627 Gr.
226 1603 312 1641 pag.
331 1592 439 1632 1086
466 1591 560 1637 (not.
584 1594 642 1639 2).

195 1644 266 1694 τοὶς
284 1643 401 1692 ἐςτόν
423 1644 604 1698 ποταμόν
623 1647 792 1694 πυλίδας

139 1698 330 1753 ἐχούσας]
370 1699 536 1753 ἐχούσας
564 1704 661 1741 haud
690 1703 794 1741 aliter

139 1765 250 1808 atque
268 1760 306 1805 l,
331 1761 410 1799 180
433 1760 562 1796 eodem
590 1761 699 1796 modo
720 1772 793 1808 quo

141 1815 229 1852 alias
265 1815 355 1852 dixit
387 1811 597 1866 φερούσας.
656 1816 795 1852 Confer

141 1871 273 1909 Matth.
300 1872 366 1907 Gr.
396 1872 461 1908 Gr.
499 1885 585 1920 pag.
616 1873 709 1912 932.
738 1892 794 1898 -—

144 1928 256 1972 Quod
275 1927 323 1963 ad
349 1926 561 1976 particulam
584 1923 608 1964 α’
615 1941 634 1964 ν
652 1928 794 1973 attinet,

144 1985 199 2021 bis
229 1983 458 2030 collocatam,
488 1984 627 2020 monuit
651 1983 796 2020 Werfe-

142 2053 204 2077 rus
231 2040 352 2087 (Actt.
371 2039 508 2089 philoll.
541 2038 669 2075 Monn.
702 2038 736 2085 I,
766 2041 793 2078 2

143 2109 230 2147 pag.
251 2095 366 2144 249),
396 2097 513 2145 primo
541 2095 619 2132 loco
639 2096 795 2144 positam

142 2152 327 2204 pertinere
350 2151 447 2188 illam
484 2152 532 2189 ad
567 2151 795 2202 participium

142 2208 536 2258 (κατακληίσαντες),
576 2207 688 2244 altero
713 2207 793 2244 loco

142 2266 192 2303 ad
222 2266 341 2316 ipsum
368 2265 518 2302 verbum
544 2265 684 2301 finitum
712 2262 797 2303 ἕλα-

146 2323 234 2373 βον.

202 2377 344 2429 ἔλαβον
363 2374 414 2418 ἅν
432 2390 558 2428 σφεας
578 2376 632 2424 ω”ς
654 2377 696 2417 ἐν
705 2373 797 2425 κύρ-

144 2432 214 2487 τῃ]
245 2430 368 2485 κύρτῃ
398 2449 427 2472 s.
456 2431 622 2487 κύρτος,
665 2439 705 2471 ut
737 2434 797 2471 alii

146 2490 290 2538 dixere,
319 2495 374 2528 est
394 2504 521 2539 nassa,
542 2491 683 2542 fiscella
707 2505 723 2527 e
742 2493 798 2527 vi-

146 2547 298 2582 minibus
326 2551 450 2594 texta,
480 2549 517 2585 in
546 2549 703 2596 piscibus
735 2560 797 2584 ca-

146 2602 288 2652 piendis
312 2603 451 2640 usitata.
494 2632 518 2650 ‚,
531 2604 589 2640 Cf.
606 2604 798 2640 Heindorf.

147 2658 195 2694 ad
223 2657 362 2695 Platon.
398 2659 558 2709 Sophist.
586 2672 672 2709 pag.
703 2660 796 2701 285.

147 2713 354 2764 Interprett.
389 2716 437 2751 ad
470 2715 504 2752 Τ
507 2716 654 2752 heocrit.
692 2716 795 2764 Idyll.

148 2770 237 2807 XXI
255 2784 305 2807 vs.
327 2773 351 2812 9
364 2792 381 2797 -
394 2773 456 2811 11.
493 2771 619 2808 Pollux
637 2772 673 2808 in
695 2773 798 2809 Ono-

148 2831 252 2863 mast.
272 2827 306 2863 X
319 2855 329 2873 ‚
345 2828 399 2867 36
421 2826 458 2878 §.
482 2830 561 2869 160
578 2841 718 2865 caveam
737 2842 799 2866 ex-

148 2883 289 2933 ponit.“
320 2882 387 2921 Cr.

917 1251 998 1294 ὖπό
1031 1249 1073 1293 δὲ
1103 1248 1300 1306 μεγάθεος
1330 1253 1404 1304 τῆς
1445 1246 1513 1291 πό-

861 1313 965 1359 λιος,
998 1309 1050 1358 ὥς
1078 1310 1227 1363 λέγεται
1248 1325 1283 1348 κ.
1306 1324 1337 1348 τ.
1357 1311 1405 1354 λ.]
1446 1309 1514 1345 Est

860 1372 1059 1405 structurae
1091 1381 1228 1416 genus,
1270 1365 1379 1415 quale
1408 1365 1457 1401 ad
1483 1364 1512 1411 I,

860 1424 914 1464 58
925 1424 1118 1472 attigimus.
1140 1423 1170 1460 C
1179 1436 1206 1461 r.
1218 1422 1274 1459 hic
1284 1422 1387 1458 addit
1397 1421 1514 1458 Hein-

860 1481 952 1517 dorf.
974 1481 1023 1516 ad
1040 1479 1182 1516 Platon.
1195 1478 1356 1528 Sophist.
1370 1491 1406 1527 p.
1418 1476 1512 1517 436.

859 1537 919 1573 Ad
949 1540 1203 1585 argumentum
1232 1534 1332 1584 quod
1360 1538 1513 1584 spectat,

859 1593 982 1630 scribit
1009 1592 1222 1629 Aristoteles
1249 1589 1355 1627 Polit.
1386 1589 1457 1636 Ill,
1488 1592 1514 1630 2

859 1662 946 1700 Pag-
966 1649 1069 1696 341,
1089 1648 1122 1685 A
1150 1649 1239 1685 urbe
1268 1647 1340 1684 iam
1369 1646 1515 1684 tertium

861 1707 958 1743 diem
974 1710 1091 1756 capta,
1114 1705 1276 1742 nondum
1295 1702 1382 1740 illud
1400 1702 1515 1739 omni-

861 1763 928 1798 bus
986 1761 1109 1798 incolis
1167 1761 1353 1808 cognitum
1392 1759 1514 1796 fuisse.

863 1818 974 1861 Quod
999 1818 1053 1864 ei,
1081 1818 1143 1866 qui
1163 1817 1261 1853 urbis
1291 1815 1516 1862 magnitudi-

861 1886 945 1910 nem
959 1873 1180 1922 reputaverit
1195 1872 1286 1920 (vid.
1298 1872 1345 1907 ad
1359 1871 1385 1917 l,
1401 1873 1449 1911 17
1455 1871 1515 1916 8),

861 1929 960 1966 haud
986 1928 1225 1978 improbabile
1245 1927 1433 1964 videbitur.
1472 1925 1516 1962 In

862 1985 1008 2033 reliquis
1030 1998 1109 2022 cum
1136 1984 1328 2021 Herodoto
1362 1995 1516 2019 consen-

863 2042 907 2078 tit
925 2040 1157 2090 Xenophon,
1192 2039 1400 2088 Cyropaed.
1433 2038 1516 2085 VH,

865 2097 889 2137 5
922 2095 959 2148 ἓ.
992 2097 1065 2143 15,
1107 2097 1144 2133 in
1175 2109 1218 2134 eo
1245 2096 1349 2132 unice
1375 2095 1517 2132 dissen-

863 2154 978 2200 tiens,
1009 2153 1109 2202 quod
1139 2165 1214 2190 non
1243 2153 1388 2189 fortuna
1417 2151 1516 2188 istud

865 2210 1060 2256 accidisse,
1099 2211 1164 2247 sed
1190 2209 1278 2257 Cyri
1306 2211 1384 2245 arte
1411 2207 1516 2245 dolo-

865 2279 938 2315 que
974 2270 1228 2316 praeparatum
1254 2268 1387 2301 narrat.
1436 2263 1517 2302 Nec

864 2324 1067 2371 refragatur
1100 2335 1202 2359 sacra
1229 2321 1416 2370 scriptura.
1454 2319 1516 2357 Tu

865 2380 959 2416 conf.
990 2379 1094 2416 Iesai.
1119 2378 1232 2425 XXI,
1265 2378 1290 2418 5
1322 2377 1409 2425 ibiq.
1440 2376 1517 2413 Ge-

867 2448 942 2473 sen.
980 2448 1066 2484 pag.
1088 2435 1191 2481 655,
1223 2435 1285 2483 qui
1312 2433 1418 2470 etiam
1435 2433 1515 2470 Da-

866 2491 948 2529 niel.
968 2492 1014 2538 V,
1040 2492 1064 2533 5
1096 2492 1191 2528 citat.
1252 2489 1516 2538 l'Vesselingius

866 2552 1055 2599 praeterea
1076 2548 1144 2585 huc
1167 2548 1278 2584 refert
1305 2545 1431 2583 Ierem.
1452 2544 1516 2592 LI,

866 2607 932 2645 31.
970 2605 1119 2642 Festum
1136 2605 1252 2654 ipsum
1272 2602 1378 2651 quale
1392 2602 1514 2647 suerit,

865 2661 934 2698 nisi
944 2662 1088 2697 omnino
1098 2662 1228 2698 festum
1240 2660 1387 2696 deorum
1399 2658 1515 2707 quod-

867 2719 951 2754 dam
971 2719 1100 2754 dixeris
1117 2746 1128 2764 ,
1156 2718 1214 2753 vix
1232 2715 1428 2752 accuratius
1450 2715 1516 2751 de-

866 2774 970 2811 finire
1002 2774 1115 2811 liceat.
1174 2773 1312 2810 Confer
1336 2771 1514 2808 Miinter.:

867 2831 927 2868 die
940 2831 1060 2880 Relig.
1083 2831 1118 2868 d.
1135 2829 1316 2878 Babylon.
1332 2842 1370 2880 p.
1392 2830 1457 2869 67.
