1909 3228
486 217 571 257 682

878 216 1360 256 HERODo'rl

483 324 512 382 ἢ
548 326 696 377 ξείνων
726 323 907 380 ὁμοίως,
937 323 1024 368 ὑπὸ
1055 327 1338 379 κροκοδείλου
1368 324 1602 383 ἆρπαχθεὶς
1622 325 1651 383 ἦ
1670 324 1744 370 ὑπ’

484 404 624 448 αὐτοῦ
652 408 732 447 τοῦ
761 407 961 460 ποταμοῦ
990 406 1198 460 φαίνηται
1226 406 1445 461 τεθνηώς,
1475 406 1571 449 κατ’
1603 405 1658 460 ἣν
1690 404 1744 449 ἂν

481 483 610 528 πόλιν
636 482 873 541 ἐξενειχθῇ,
921 482 1105 535 τούτους
1142 488 1261 528 πᾶσα
1299 484 1468 541 ἀνάγκη
1506 485 1595 528 ἐστὶ
1622 501 1743 541 ταρι-

480 562 717 619 χεύσαντας
748 561 905 615 αὐτὸν,
945 564 1018 606 καὶ
1056 566 1404 618 περιστείλαντας
1435 562 1493 615 ὠς
1524 562 1742 616 κάλλιστα,

452 641 627 694 Ξθοὶψαι
656 641 704 685 ἐν
735 643 853 698 ἱρῇσι
885 642 1062 699 θήκῃσι.
1113 641 1216 686 οὐδὲ
1245 648 1414 695 ψαῦσαι
1445 643 1575 695 ἔξεστι
1607 641 1744 685 αὐτοῦ
1756 650 1800 684 85

481 720 615 765 ἄλλον
645 719 826 773 οὐδένα,
881 721 980 766 οὔτε
1019 726 1104 766 τῶν
1143 722 1479 779 προσηκόντων,
1529 722 1628 766 οὔτε
1657 725 1745 765 τῶν

480 802 639 858 φίλων·

699 800 807 844 ἀλλά
846 818 921 856 μιν
959 804 1002 844 οἱ
1042 802 1151 856 ἷρὲες
1196 801 1322 846 αὐτοὶ
1361 804 1404 846 οἱ
1439 807 1520 846 τοῦ
1561 802 1742 852 Νείλου,

479 879 552 924 ἅτε
583 881 715 923 πλέον
743 898 784 924 τι
823 880 852 938 ἢ
882 879 1125 938 ἀνθρώπου
1162 881 1342 937 νεκρὸν,
1391 881 1743 939 χειραπτάζοντες

405 1003 407 1005 .
475 960 710 1004 θάπτουσι.

420 1195 456 1232 p.
474 1179 555 1222 475
588 1184 626 1219 et
642 1180 848 1230 disquisivit
871 1179 1000 1229 zoega
1025 1180 1073 1217 de

421 1238 584 1275 obelisco.
610 1250 695 1288 pag.
710 1236 792 1278 294
812 1250 914 1286 seqq.
933 1236 1074 1286 Legem

420 1295 517 1332 enim
541 1294 676 1332 hancce
704 1307 785 1331 eum
805 1294 842 1330 in
861 1294 968 1330 finem
990 1306 1075 1330 san-

420 1351 514 1388 xisse
540 1350 617 1387 vult
641 1350 843 1400 Aegyptios
876 1350 1073 1399 sapientes,

419 1411 460 1444 ut
479 1406 670 1444 alacriores
697 1411 820 1444 essent
852 1407 899 1444 ad
924 1407 1071 1443 fluvium

419 1464 723 1512 frequentandum
744 1467 781 1500 et
798 1463 922 1499 hortos
953 1463 985 1499 ei
1007 1463 1074 1500 ad-

419 1520 580 1556 iacentes
602 1518 772 1556 colendos
798 1532 865 1555 nec
885 1518 993 1555 ullum
1015 1517 1072 1555 vel

419 1588 442 1612 a
461 1576 629 1612 fluctibus
655 1574 712 1612 vel
742 1587 764 1611 a
792 1574 905 1611 beluis
931 1576 1074 1624 pericu-

419 1631 491 1668 lum
510 1632 803 1669 reformidarent.
862 1630 986 1679 Atque
1012 1631 1073 1668 In-

418 1689 547 1725 dorum
574 1688 727 1739 similem
753 1700 833 1725 esse
870 1689 1073 1737 persuasio-

418 1757 524 1791 nem,
554 1748 594 1780 ut
615 1745 743 1781 beatos
772 1744 933 1792 inprimis
952 1744 1076 1781 existi-

418 1805 538 1846 ment,
568 1800 631 1849 qui
658 1800 767 1837 sacris
794 1800 934 1847 Gangis
955 1800 1075 1836 flucti-

417 1857 483 1894 bus
502 1856 659 1893 immersi
677 1856 832 1902 fuerint,
860 1868 968 1892 nemo
998 1857 1075 1894 fere

417 1914 543 1950 nescit.
587 1912 671 1949 Vid.
689 1913 848 1949 Heeren.
862 1912 973 1950 ldeen
996 1912 1026 1960 Ι,
1047 1914 1074 1953 3

416 1983 504 2020 pag.
524 1968 606 2010 374
635 1969 713 2006 coll.
733 1969 866 2005 Ritter.
883 1968 1072 2005 Erdkund.

417 2026 432 2062 l
452 2039 487 2075 p.
502 2027 596 2066 880.
655 2025 715 2062 Ad
739 2023 1005 2075 Aegyptiorum
1025 2026 1072 2063 de

415 2082 470 2119 his
497 2083 706 2132 opinionem
731 2081 934 2119 Creuzerus
960 2084 1073 2119 refert

415 2139 610 2187 imaginem
628 2140 723 2175 inter
742 2142 973 2176 monumenta
984 2139 1070 2175 Phi-

416 2195 529 2232 larum
556 2199 748 2246 repertam.
817 2195 976 2233 Exhibet
1009 2195 1068 2233 illa

415 2252 595 2289 hominem
611 2256 789 2289 mortuum
800 2281 809 2299 ,
831 2253 1070 2302 compositum

414 2309 451 2344 in
471 2309 625 2346 mumiae
649 2309 797 2345 modum
824 2312 861 2345 et
889 2308 1071 2345 crocodilo

413 2369 554 2402 vectum
570 2393 582 2412 ,
620 2378 729 2414 supra
753 2364 951 2402 lucentibus
982 2364 1070 2412 sole,

413 2420 498 2459 luna
530 2434 572 2458 ac
601 2422 724 2459 stellis.
785 2422 869 2458 vid.
898 2422 1069 2459 Creuzer.

414 2481 622 2514 commentt.
649 2478 816 2515 Herodd.
856 2491 892 2528 p.
914 2480 966 2519 86
993 2490 1070 2526 seq.

415 2532 474 2571 De
494 2546 596 2570 sacro
616 2535 881 2571 orocodilorum
899 2534 996 2572 cultu
1016 2534 1072 2571 di-

414 2590 528 2627 ximus
550 2591 599 2627 ad
620 2590 675 2639 ll,
700 2593 765 2632 69.

471 2700 538 2740 καὶ
558 2702 876 2753 περιστείλαντας
906 2699 960 2748 ὥς
979 2697 1070 2740 κάλ-

416 2757 546 2803 λιστα,
576 2754 717 2807 θάψαι
739 2758 780 2798 ἒν
809 2759 918 2814 ἱρῇσι
938 2754 1070 2812 θήκῃ-

417 2811 470 2862 σι]
500 2813 760 2863 περιστέλλειν
780 2816 827 2853 de
846 2817 975 2852 mortui
992 2829 1070 2853 cor-

415 2881 507 2918 pore
545 2870 613 2906 dici
635 2899 648 2916 ,
688 2872 787 2920 quod
825 2873 1067 2923 componitur,

1141 1181 1373 1230 vestibusque
1390 1179 1581 1218 involvitur
1599 1180 1659 1229 (ut
1675 1178 1721 1227 Π,
1745 1181 1801 1222 86

1142 1239 1356 1289 proditur),
1385 1238 1508 1275 monui
1532 1237 1580 1274 ad
1614 1236 1800 1274 Plutarchi

1142 1295 1271 1345 Pyrrh.
1302 1309 1338 1346 p.
1367 1297 1459 1336 172.
1519 1294 1627 1331 Conf.
1657 1293 1798 1330 Herod.

1141 1352 1213 1399 Vl,
1238 1353 1304 1392 30.
1335 1371 1391 1378 —-
1421 1348 1503 1403 ἱραὶ
1533 1353 1684 1400 θῆκαι,
1704 1362 1799 1399 quae

1140 1409 1329 1456 dicantur,
1360 1408 1432 1445 vid.
1452 1408 1499 1445 ad
1525 1407 1582 1455 ΙΙ,
1599 1410 1664 1449 67.

1197 1518 1239 1558 οἷ
1267 1516 1366 1569 ἷρέες
1399 1513 1514 1557 αὐτοὶ
1541 1517 1583 1557 οἵ
1607 1519 1679 1557 τοῦ
1705 1516 1798 1556 Νεί-

1141 1575 1237 1626 λου]
1278 1575 1381 1613 Nilus
1412 1580 1591 1624 quatenus
1618 1587 1685 1625 pro
1714 1573 1796 1612 Deo

1139 1633 1284 1670 habitus
1308 1632 1353 1669 sit
1384 1644 1475 1668 unus
1495 1632 1664 1680 idemque
1687 1635 1796 1679 atque

1143 1689 1258 1726 Osiris
1279 1717 1289 1734 ,
1331 1692 1571 1724 monstratum
1602 1691 1659 1724 est
1687 1699 1796 1737 supra

1140 1745 1186 1791 ll,
1208 1747 1259 1785 61
1282 1744 1360 1781 coll.
1384 1746 1436 1784 28
1450 1749 1487 1780 et
1500 1747 1553 1784 22
1565 1739 1794 1792 (διιπετής).

1142 1802 1264 1844 Quare
1297 1800 1346 1836 nil
1383 1800 1512 1836 mirum
1539 1800 1657 1849 ipsum
1686 1800 1796 1837 deum

1141 1856 1267 1894 Nilum
1287 1856 1558 1893 commemorari
1575 1857 1743 1906 adeoque
1758 1856 1796 1892 in

1141 1914 1259 1950 numis
1272 1941 1282 1959 ‚
1299 1913 1517 1962 imaginibus
1537 1913 1688 1961 aliisque
1707 1913 1795 1949 artis

1141 1970 1312 2020 operibus
1344 1973 1653 2019 repraesentatum
1687 1982 1795 2020 repe-

1139 2028 1213 2063 riri.
1243 2026 1414 2073 Laudat,
1439 2038 1534 2074 quae
1554 2026 1622 2063 huc
1643 2026 1794 2072 faciunt,

1140 2084 1310 2120 Creuzer.
1333 2095 1461 2119 comm.
1488 2082 1576 2119 Her.
1604 2094 1690 2132 pag.
1714 2083 1794 2122 186

1139 2139 1217 2176 coll.
1250 2139 1432 2176 lablonsk.
1470 2138 1600 2175 Panth.
1634 2137 1792 2188 Aegypt.

1136 2195 1171 2233 11
1196 2209 1233 2246 p.
1257 2198 1348 2237 171.

1194 2302 1517 2359 χειραπτάζοντες
1563 2303 1788 2357 θάπτουσι]

1139 2366 1160 2401 i.
1173 2377 1204 2402 e.
1228 2368 1385 2401 tractant
1409 2364 1499 2400 illud
1515 2364 1707 2412 (cadaver)
1717 2376 1792 2401 ma-

1135 2422 1237 2459 nibus
1267 2425 1373 2471 atque
1399 2421 1577 2471 sepeliunt.
1638 2420 1792 2457 Variant

1137 2478 1216 2515 libri
1236 2479 1329 2515 inter
1341 2474 1660 2529 χειραπτάζοντες
1672 2480 1708 2513 et
1716 2491 1790 2528 χει-

1139 2531 1395 2585 ραπτάζοντες,
1415 2534 1512 2571 nullo
1535 2538 1657 2571 tamen
1678 2534 1792 2582 signi-

1140 2592 1315 2628 ficationis
1343 2591 1571 2635 discrimine3
1611 2594 1667 2627 est
1694 2590 1789 2627 enim

1137 2643 1406 2699 χειραπτάζειν
1425 2660 1528 2684 manu
1545 2650 1699 2695 tangere,
1711 2650 1788 2683 tra-

1138 2708 1259 2751 ctare,
1292 2701 1489 2742 ἅπτεσθαι
1519 2706 1570 2758 τῇ
1596 2703 1716 2754 χειρί,
1750 2705 1789 2738 ut

1138 2761 1294 2811 explicat
1321 2760 1485 2797 Zonaras
1529 2761 1566 2796 in
1592 2759 1691 2797 lexic.
1722 2758 1786 2794 Gr.

1135 2830 1173 2867 p.
1195 2817 1314 2858 1850.
1372 2816 1480 2853 Plura
1505 2817 1634 2854 Creuz.
1659 2826 1785 2853 comm.

1138 2873 1300 2911 Herodd.
1329 2886 1365 2925 p.
1388 2874 1444 2915 82
1465 2885 1542 2923 seq.
