1909 3228
566 222 987 262 EUTERPE.
1039 221 1085 260 11.

1358 222 1441 264 5⁰7

189 333 380 389 ποταμὸς
411 330 504 384 οἷός
538 331 579 375 τ’
609 332 726 376 ἔσται
755 332 797 384 ἐς
825 332 901 384 τὰς
931 331 1122 388 ἀρούρας
1152 330 1439 387 ὑπερβαίνειν.

160 408 243 456 3³H
266 411 350 469 γοὶρ
383 414 434 468 δὴ
463 416 545 456 νῦν
573 428 621 468 γε
664 407 786 456 οὗτοι
823 410 1119 468 ἀπονητότατα
1158 409 1326 465 καρπὸν
1362 425 1439 452 κο-

187 495 380 549 μίζονται
410 492 456 535 ἐκ
485 496 586 548 γῆς,
630 496 718 534 τῶν
758 508 801 534 τε
832 489 973 534 ἄλλων
1012 488 1262 544 ἀνθρώπων
1301 487 1495 532 ἁπαν-25

187 588 297 623 των,
335 572 409 614 καὶ
437 575 526 614 τῶν
554 574 720 614 λοιπῶν
750 571 1019 624 Αἰγυπτίων·
1061 572 1103 613 οἳ
1137 568 1236 613 οὔτε
1267 566 1439 625 ἀρότρῳ

190 647 539 707 ἀναῤῥηγνύντες
569 648 760 700 αὔλακας
790 649 938 704 ἔχουσι
966 647 1153 700 πόνους,
1185 647 1282 691 οὔτε
1313 648 1439 690 σκάλ-

188 733 356 780 λοντες,
415 728 515 773 οὔτε
558 727 661 771 ἄλλο
701 727 975 783 ἐργαζόμενοι
1015 725 1147 770 οὐδὲν
1183 731 1269 769 τῶν
1310 721 1439 770 ὧλλοι

188 806 416 862 ἅνθρωποι
453 807 550 861 περὶ
590 805 716 862 λήϊον
745 806 973 849 πονέουσι·
1022 803 1114 848 ἀλλ’
1148 804 1276 848 ἐπεάν
1306 817 1384 861 σφι
1413 802 1437 849 ὁ

186 885 379 942 ποταμὸς
432 883 676 939 αὐτόματος
722 883 919 929 ἐπελθών
959 883 1069 941 ἄρσῃ
1109 883 1183 934 τὰς
1222 882 1439 939 ἀρούρας,

187 964 323 1019 ἄρσας
364 964 409 1008 δὲ
449 962 659 1020 ἀπολείπῃ
699 963 859 1017 ὀπίσω,
903 962 998 1007 τότε
1043 964 1220 1017 σπείρας
1262 962 1495 1013 ἕκαστοςΒο

158 1043 270 1099 4τὴν
299 1043 464 1087 ἑωυτοῦ
494 1042 711 1100 ἄρουραν,
745 1043 939 1100 ἐσβάλλει
969 1044 1010 1095 ἐς
1041 1041 1176 1099 αὐτήν
1205 1037 1269 1093 ὗς.
1311 1040 1441 1085 ἐπεάν

129 1244 264 1291 partes.
296 1240 575 1289 Frequentiores
597 1240 691 1277 enim
712 1240 779 1275 im-

131 1298 214 1334 bres
231 1298 266 1332 in
291 1297 449 1334 inferiori
465 1295 623 1346 Aegypti
649 1300 778 1342 tractu,

131 1353 284 1390 rariores
316 1353 351 1389 in
375 1353 551 1402 superiori
578 1365 695 1401 eoque
724 1353 779 1387 in-

129 1409 276 1459 primis,
308 1408 369 1457 qui
394 1421 416 1444 a
441 1408 578 1445 Thebis
609 1408 693 1444 inde
719 1421 779 1443 us-

130 1477 202 1513 que
226 1465 274 1500 ad
300 1465 458 1512 Syenem
485 1464 613 1501 tendit.
670 1463 778 1500 Plura

128 1520 274 1569 collegit
292 1520 505 1556 Hartmann.
535 1519 597 1557 1.1.
616 1532 700 1570 pag.
723 1520 778 1560 32

129 1589 254 1625 seqq.,
283 1576 338 1614 cui
363 1577 449 1612 add.
477 1575 521 1613 L.
541 1577 588 1614 de
606 1576 778 1613 Laborde

129 1633 165 1669 iu
183 1633 308 1670 Revue
324 1632 489 1681 franeais.
510 1632 776 1673 Janvier1829

128 1703 165 1740 p.
187 1689 236 1730 51
271 1693 347 1726 not.
378 1688 449 1725 los.
468 1689 514 1726 de
531 1689 716 1726 Hammer.
739 1689 776 1724 in

128 1744 271 1782 Annall.
310 1745 525 1782 Viennenss.
566 1744 635 1782 vol.
674 1744 778 1782 XLV

128 1814 165 1851 p
186 1803 251 1841 67

185 1872 210 1906 η
230 1852 304 1907 γὰρ
331 1852 381 1906 δη
400 1857 476 1894 νῦν
493 1869 535 1907 γε
557 1849 667 1894 οὗτοι
685 1850 779 1893 οἷπο-

130 1907 322 1962 νητὸτατα
352 1909 502 1962 καρπὸν
528 1909 778 1961 κομίζονται]

130 1968 332 2016 Schweigh.
356 1981 436 2005 cum
465 1968 564 2005 hisce
593 1972 780 2016 comparat

129 2025 324 2062 Pindarica
353 2024 390 2060 in
420 2024 566 2073 Olymp.
601 2023 656 2070 II,
688 2025 778 2063 111.

130 2080 251 2129 Atque
287 2080 508 2117 Herodoteis
536 2079 664 2116 similia
692 2092 779 2128 pro-

130 2137 220 2174 dunt
244 2136 398 2174 Diodor.
426 2136 463 2182 1,
482 2137 549 2176 36.
587 2134 778 2172 Columell.

131 2193 179 2230 de
197 2205 236 2230 re
254 2197 341 2229 rust.
362 2192 418 2238 II,
440 2192 505 2233 25.
536 2191 667 2229 Athen.
689 2190 732 2237 V,
752 2192 777 2231 8

130 2262 167 2299 p.
189 2250 269 2290 203
282 2277 293 2296 ,
313 2248 357 2285 C.
395 2249 472 2286 Sed
490 2248 697 2286 recentioris
718 2259 779 2284 ae-

130 2305 215 2341 tatis
245 2305 437 2354 scriptores
473 2304 503 2341 si
531 2304 681 2350 audias,
720 2303 779 2339 vix

131 2359 203 2397 ulla
236 2361 415 2398 invenitur
441 2365 558 2407 terra,
589 2372 682 2409 quae
705 2372 778 2408 quo

132 2417 264 2453 fruetus
298 2418 409 2464 ferat,
445 2417 560 2465 magis
593 2416 778 2452 hominum

134 2484 244 2519 opera
264 2472 427 2520 indigeat
447 2486 555 2522 quam
577 2472 779 2521 Aegyptus.

132 2525 230 2563 Hinc
242 2532 359 2564 aratro
376 2541 466 2578 opus
482 2528 634 2576 aliisque
650 2528 780 2564 instru-

135 2583 266 2619 mentis
298 2584 345 2620 ad
367 2587 499 2621 terram
527 2583 714 2621 colendam
743 2587 780 2621 et

134 2639 279 2688 quidem
305 2640 424 2676 statim
457 2644 542 2689 post
571 2639 694 2676 Nilum
722 2652 780 2676 re-

133 2708 319 2744 gressum,
348 2708 395 2733 ne
424 2696 539 2732 solum
570 2695 633 2732 fiat
653 2695 776 2732 durius

132 2752 322 2800 minusque
350 2752 560 2797 tractabile·,
588 2751 670 2788 hinc
701 2764 778 2788 ma-

132 2808 243 2845 chinis
291 2813 400 2856 atque
447 2807 629 2845 canalibus
672 2821 776 2857 opus,

133 2865 262 2913 quibus
296 2877 391 2914 aqua
410 2878 477 2916 per
496 2877 642 2915 campos
663 2864 778 2902 disse-

846 1240 1000 1276 minetur
1031 1250 1167 1286 eosque
1197 1236 1387 1274 fertiliores
1413 1237 1496 1273 red-

845 1297 921 1333 dat.
981 1294 1115 1332 Videas
1134 1294 1398 1330 Hartinannum
1429 1292 1450 1329 l.
1471 1292 1494 1330 l.

845 1365 931 1402 pag.
961 1354 1052 1392 199.
1094 1350 1192 1392 Quin
1218 1349 1307 1399 ipsis
1333 1350 1369 1385 in
1398 1354 1497 1386 vete-

845 1421 923 1443 rum
974 1407 1236 1455 Aegyptiorum
1281 1404 1495 1455 anaglyphis

845 1463 1114 1512 conspiciuntur
1150 1465 1290 1508 aratra,
1338 1461 1408 1497 alia
1448 1461 1497 1497 ad

846 1532 1017 1567 agrorum
1046 1517 1222 1554 culturam
1265 1516 1496 1567 pertinentia,

845 1588 939 1625 quae
973 1573 1144 1626 peculiari
1197 1574 1409 1624 scriptione,
1457 1577 1497 1609 ut

844 1636 968 1669 monet
1002 1631 1089 1677 Cr.‚
1134 1629 1322 1666 illustravit
1349 1629 1495 1666 Costaz.

847 1701 907 1725 sur
931 1686 1117 1736 l'agricult.
1143 1691 1210 1724 ete.
1247 1686 1285 1722 in
1313 1685 1494 1735 Descript-

847 1745 894 1781 de
909 1744 1002 1792 l’Eg.
1015 1744 1119 1780 mem.
1138 1743 1153 1779 I
1175 1743 1353 1791 (antiqq.)
1365 1741 1496 1778 livrais.

847 1800 917 1848 lp.
936 1800 988 1840 49
1011 1811 1114 1846 seqq.
1149 1799 1224 1835 Ubi
1254 1799 1347 1835 conf.
1382 1797 1496 1847 inpri-

848 1855 915 1892 mis
950 1867 1034 1904 pag.
1055 1856 1109 1894 52
1140 1866 1243 1902 seqq.
1285 1853 1389 1896 Quae
1415 1865 1496 1889 cum

848 1911 898 1947 ita
920 1911 1010 1957 sint,
1040 1909 1107 1946 nisi
1127 1910 1256 1946 erroris
1284 1913 1424 1959 patrem
1441 1908 1496 1945 hi-

849 1967 982 2003 storiae
1000 1967 1163 2003 incusare
1182 1964 1266 2001 velis
1280 1993 1291 2012 ,
1320 1965 1395 2001 eius
1415 1977 1496 2002 ver-

848 2022 896 2058 ba
922 2035 996 2058 non
1029 2022 1076 2058 ad
1110 2034 1253 2058 omnem
1288 2020 1495 2070 Aegyptum

847 2083 951 2116 erunt
980 2077 1192 2124 referenda,
1223 2077 1289 2114 sed
1310 2077 1359 2113 ad
1386 2088 1494 2113 unam

846 2134 954 2170 modo
975 2132 1168 2170 alteramve
1200 2138 1340 2182 partem
1367 2133 1495 2170 eximia

845 2202 1013 2238 agrorum
1033 2188 1217 2226 fertilitate
1238 2189 1494 2237 insignem.—

845 2246 903 2283 Ad
931 2239 1048 2283 ὧλλοι
1075 2246 1168 2281 conf.
1196 2244 1235 2291 Ι,
1258 2244 1323 2286 48.

902 2298 1080 2352 ἐσβάλλει
1098 2300 1137 2347 ἐς
1160 2296 1286 2351 αὐτὴν
1303 2295 1366 2351 ὗς]
1393 2301 1494 2339 Idem

846 2358 905 2396 alii
936 2362 1115 2395 testantur
1153 2359 1345 2407 scriptores
1380 2357 1495 2405 (Plu-

846 2414 957 2452 tarch.
975 2415 1163 2463 Symposs.
1189 2413 1239 2449 IV
1271 2427 1307 2464 p.
1329 2416 1429 2460 670,
1450 2413 1494 2450 A.

846 2471 889 2510 B.
935 2470 1106 2506 Eudoxus
1151 2469 1249 2519 apud
1279 2469 1416 2506 Aelian.
1447 2470 1494 2506 de

846 2527 934 2564 Nat.
956 2527 1023 2563 An.
1043 2526 1090 2572 X,
1113 2528 1162 2566 16
1185 2525 1263 2562 coll.
1278 2525 1368 2562 Plin.
1383 2526 1430 2562 H.
1444 2524 1493 2562 N.

846 2583 987 2629 XVllI,
1012 2584 1063 2622 18
1094 2580 1130 2633 §.
1150 2581 1244 2630 47),
1273 2582 1381 2630 vulgo
1409 2594 1494 2632 per-

846 2639 959 2676 hiberi
999 2651 1079 2675 sues
1121 2638 1167 2674 ab
1199 2638 1388 2688 Aegyptiis
1426 2638 1494 2674 im-

845 2696 936 2733 mitti
968 2694 1103 2745 campis
1129 2693 1177 2730 ad
1207 2695 1344 2731 semina
1371 2694 1493 2744 depri-

845 2752 977 2789 menda
996 2751 1033 2786 in
1066 2749 1142 2787 solo
1164 2751 1323 2787 madido,
1381 2751 1493 2793 Quod

846 2821 925 2845 cum
947 2807 1152 2845 dubitarent
1178 2806 1242 2842 viri
1261 2807 1380 2854 docti,
1408 2807 1492 2856 quia

847 2877 928 2902 sues
974 2863 1111 2902 semina
1155 2863 1331 2901 devorare
1370 2863 1490 2914 potius
