1909 3228
444 221 528 271 42'4

833 223 1310 265 HERODOTI

445 337 596 388 κοσίας
624 335 695 379 καὶ
724 331 929 390 ἑξήκοντά
967 348 1042 387 μιν
1081 330 1297 387 διώρυχας
1327 333 1566 389 διαλαβών,
1622 333 1696 377 καὶ

446 414 496 458 τὸ
535 413 741 468 δεύτερον
777 411 853 466 ἔαρ
895 409 1138 465 ὑπέλαμπε,
1189 410 1305 454 οὕτω
1347 410 1400 467 δὴ
1437 411 1599 468 ἤλαυνε
1628 403 1753 455 ἐπὶ4ο

418 493 530 548 ἓτὴν
550 494 802 547 Βαβυλῶνα.
834 491 878 534 οἱ
907 489 952 533 δὲ
972 486 1247 544 Βαβυλώνιοι
1275 488 1696 546 ἐκστρατευσάμενοι,

447 570 600 626 ἔμενον
629 567 776 613 αὐτόν.
834 569 924 612 ἐπεὶ
953 567 999 612 δὲ
1025 567 1190 623 ἐγένετο
1229 567 1426 612 ἐλαύνων
1464 567 1598 624 ἀγχοῦ
1625 574 1700 625 τῆς

449 646 624 701 πόλιος,
683 645 923 705 συνέβαλόν
961 663 1005 690 τε
1042 648 1085 690 οἱ
1113 647 1408 703 Βαβυλώνιοι,
1455 648 1529 691 καὶ
1567 647 1701 691 ἑσσω-

419 727 599 778 Βθέντες
626 731 680 783 τῇ
708 726 844 783 μάχῃ,
873 725 1190 782 κατειλήθησαν
1218 726 1260 777 ἐς
1288 726 1336 770 τὸ
1367 724 1486 770 ἄστυ.

1553 723 1625 770 οἷα
1655 727 1702 770 δὲ

450 805 767 862 ἐξεπιστάμενοι
796 806 858 850 ἔτι
885 804 1101 861 πρότερον
1130 805 1207 849 τὸν
1232 809 1389 859 Κῦρον
1418 804 1501 849 οὐκ
1529 804 1702 861 ἀτρεμί-

451 889 473 938 g
673 883 684 899 2
745 882 756 899 2
819 883 831 898 Γ
873 885 882 899 Ι
1093 881 1104 898 5
1147 884 1154 896 ἱ
1305 901 1310 913 1
1336 884 1346 899 ἱ
1392 884 1411 900 'V
1493 892 1509 900 n·
1554 884 1566 898 Γ
1634 886 1644 902 Ι

475 901 601 936 οντα,
660 889 739 928 αλλ
807 901 1007 939 ορεοντες
1047 900 1186 927 αυτον
1223 900 1351 927 παιτι
1388 889 1507 928 εθνει
1543 889 1759 941 ομοιως45

451 962 760 1021 ἐπιχειρέοντα,
803 963 1101 1020 προεσάξαντο
1133 963 1246 1005 σιτία
1275 962 1404 1006 ἐτέων
1431 963 1569 1019 κάρτα
1595 968 1704 1008 πολ-

423 1046 558 1087 4λῶν.
603 1041 822 1087 Ἐνθαῦτα
851 1038 975 1087 οὗτοι
1000 1043 1079 1100 μὲν
1111 1041 1245 1097 λόγον
1273 1039 1389 1097 εἶχον
1420 1046 1496 1098 τῆς
1524 1047 1707 1097 πολιορ-
1772 1057 1827 1098 90

450 1123 545 1179 κίῃς
572 1120 755 1166 οὐδένα·
785 1125 938 1179 Κῦρος
968 1121 1013 1166 δὲ
1042 1119 1249 1178 ἀπορίῃσι
1277 1119 1480 1177 ἐνείχετο,
1509 1120 1581 1164 ἅτε
1606 1121 1707 1178 χρό-

451 1218 536 1246 νου
563 1217 607 1245 τε
635 1200 916 1260 ἐγγινομένου
944 1204 1129 1258 συχνοῦ,
1160 1199 1358 1256 ἀνωτέρω
1385 1215 1430 1244 τε
1460 1197 1592 1245 οὐδὲν
1617 1204 1706 1245 τῶν

400 1424 468 1462 μιν
490 1407 684 1462 διώρυχας
710 1405 931 1460 διαλαβών]
971 1407 1049 1451 Tot

399 1466 509 1515 igitur
519 1467 659 1504 canales
676 1465 812 1502 institui
824 1466 937 1512 iussit,
959 1469 1049 1514 quot

400 1523 479 1560 dies
497 1521 604 1571 vulgo
620 1522 704 1559 anni
729 1526 930 1558 censentur.
967 1520 1049 1558 Nec

401 1577 469 1615 hoc
488 1577 687 1614 inconsulto
706 1576 805 1613 illum
823 1577 951 1614 secisse
970 1589 1049 1614 cre-

401 1634 576 1681 diderim,
607 1646 685 1671 cum
714 1633 750 1669 in
774 1632 905 1669 talibus
933 1637 1049 1670 tesse-

401 1690 533 1726 rariam
561 1689 743 1737 quandam
770 1689 947 1726 rationem
965 1701 1049 1737 spe-

403 1748 519 1783 ctasse
544 1749 682 1782 veteres
709 1744 781 1780 iam
810 1756 919 1793 supra
949 1744 998 1779 ad
1021 1742 1049 1789 l,

405 1802 485 1841 178
506 1800 762 1837 monuerimus.
775 1821 825 1826 —
849 1798 1051 1848 διαλαβεῖν

403 1855 460 1892 hic
503 1856 615 1893 valet:
659 1855 834 1902 dividere,
879 1854 1052 1901 diducere,

404 1915 445 1948 ut
471 1910 508 1958 I,
535 1914 629 1953 201.
659 1911 712 1959 V,
730 1914 796 1952 52.
844 1910 920 1948 Iam
944 1922 1054 1960 supra

404 1967 452 2004 ad
472 1966 510 2015 l,
532 1967 611 2007 114
631 1967 913 2004 Grammaticum
933 1967 1051 2004 Grae-

405 2036 484 2060 cum
500 2023 684 2061 citavimus
697 2052 708 2070 ‚
739 2023 800 2072 qui
822 2036 866 2062 ex
883 2024 951 2060 hoc
971 2023 1050 2072 ipso

407 2078 485 2116 loco
501 2080 640 2130 profert
665 2079 816 2117 alteram
842 2079 941 2116 verbi
969 2079 1052 2117 δια-

406 2136 540 2185 λαβεῖν
560 2136 764 2182 notionem,
793 2131 836 2175 τὸ
858 2135 913 2181 εἰς
930 2130 1004 2174 δύο
1024 2130 1053 2185 ἢ

407 2189 557 2230 πλέονα
591 2191 819 2242 διαχωρίσαι
845 2187 873 2242 ἢ
894 2192 1049 2230 διελεῖν.

407 2247 504 2285 Hinc
540 2247 576 2296 I,
604 2250 684 2289 201
715 2246 870 2299 διέλαβε
898 2246 1051 2297 explicat

409 2298 592 2354 ἀπέτεμε,
615 2304 769 2343 διεῖλεν.
788 2324 845 2332 -
871 2303 931 2342 Ad
949 2301 1051 2343 ’ὑπέ-

409 2361 536 2412 λαμπε
554 2361 649 2398 conf.
667 2360 772 2409 V111,
793 2362 884 2402 130.

467 2466 626 2523 ἀγχοῦ
653 2474 722 2522 τῆς
741 2466 899 2523 πόλιος]
933 2466 1054 2524 ἀγχοῦ

410 2527 434 2564 i.
454 2540 486 2566 e.
514 2522 647 2580 ἐγγύς-ς
679 2530 773 2566 conf.
807 2528 882 2575 Ill,
904 2529 970 2570 85.
991 2531 1058 2570 78.

413 2585 505 2624 111.
552 2583 611 2621 Ad
639 2579 934 2635 κατειλήθησαν
966 2585 1060 2621 conf.

413 2637 450 2729 ξ,
469 2641 532 2680 80.
559 2643 638 2682 176
669 2645 706 2679 et
735 2641 783 2679 ad
811 2636 1061 2693 ἀρτεμίζοντα

441 2720 452 2739 ,
478 2695 567 2735 185.

458 2802 735 2866 ’προεσάξαντο
794 2806 897 2847 σιτία
943 2805 1060 2846 ἐτέων

416 2872 540 2909 καρτα
570 2861 747 2912 πολλῶν]
778 2862 876 2902 Male
898 2864 1058 2902 nonnulli

1113 1403 1418 1460 προσάξαντο.
1477 1407 1574 1446 Nam
1597 1405 1765 1460 προεσά-

1114 1469 1256 1518 γεσθαι
1282 1466 1418 1515 optime
1450 1464 1508 1502 hic
1541 1466 1578 1501 in
1605 1465 1765 1514 Babylo-

1114 1522 1194 1558 nios
1222 1522 1410 1568 convenit,
1439 1521 1500 1569 qui
1525 1527 1763 1558 commeatum

1114 1590 1197 1615 rure
1222 1577 1259 1613 in
1288 1577 1413 1615 urbem
1442 1581 1526 1614 ante
1556 1577 1668 1626 (Cyri
1691 1578 1764 1615 scil.

1114 1634 1329 1681 adventum)
1359 1647 1387 1670 s.
1408 1633 1508 1683 prius
1538 1634 1666 1682 (quam
1690 1633 1766 1683 Cy-

1116 1702 1177 1726 rus
1205 1689 1419 1737 adveniret)
1461 1689 1528 1725 sibi
1563 1694 1768 1740 comporta-

1117 1748 1201 1781 runt
1221 1748 1258 1781 et
1275 1744 1498 1793 colligerunt.
1539 1744 1646 1782 Conf.
1668 1745 1767 1793 VIII,

1119 1801 1184 1841 20.
1214 1799 1256 1836 In
1272 1800 1352 1850 ipsa
1367 1813 1407 1837 re
1425 1812 1498 1836 non
1516 1800 1682 1838 dissentit
1692 1801 1770 1840 Xe-

1119 1855 1291 1906 nophon,
1319 1856 1381 1905 qui
1396 1856 1616 1904 Babylonios
1637 1858 1768 1906 aCyro

1119 1912 1288 1950 obsessos
1325 1918 1562 1950 commeatum
1602 1926 1770 1952 necessa-

1119 1968 1212 2005 riiun
1239 1968 1366 2017 viginti
1392 1969 1545 2019 amplius
1585 1970 1623 2006 in
1652 1982 1768 2007 annos

1118 2024 1187 2061 sibi
1213 2024 1401 2073 collegisse
1434 2026 1556 2063 scribit
1586 2026 1624 2064 in
1651 2026 1768 2064 Instit.

1117 2080 1204 2129 Cyr.
1227 2080 1319 2128 Vll,
1341 2082 1365 2122 5
1389 2079 1426 2132 ἓ.
1449 2083 1513 2123 13.

1173 2186 1363 2245 ἀπορίῃσι
1410 2190 1660 2243 ἐνείχετο]
1691 2191 1768 2231 'De

1117 2246 1299 2285 locutione
1315 2249 1408 2286 conf.
1427 2249 1534 2296 VIII,
1563 2249 1617 2291 52
1647 2254 1684 2287 et
1706 2249 1769 2297 lv,

1121 2305 1213 2345 131.
1243 2304 1319 2352 IX,
1351 2307 1426 2351 98,
1457 2306 1517 2342 ubi
1552 2318 1618 2356 pro
1647 2303 1770 2356 ἐνέχε-

1119 2363 1219 2399 σθαι
1235 2360 1384 2412 simplex
1405 2360 1574 2413 ἔχεσθαι.

1181 2466 1365 2524 ἀνωτέρω
1384 2475 1436 2512 τεΙ
1448 2468 1568 2513 ου’δὲν
1583 2476 1662 2513 τῶν
1674 2489 1772 2526 πρη-

1125 2523 1287 2581 γμάτων
1322 2529 1684 2583 προκοπτομένων]
1732 2545 1772 2570 τε

1126 2584 1292 2622 meliores
1323 2585 1403 2623 libri
1423 2587 1560 2624 dabant
1581 2600 1649 2638 pro
1674 2588 1771 2636 vulg.

1129 2638 1184 2679 δέ.
1230 2641 1367 2679 Sensus
1404 2641 1472 2679 loci
1501 2648 1576 2681 est:
1611 2643 1770 2692 ‚‚(cum)

1125 2709 1234 2746 neque
1267 2709 1304 2734 eo
1332 2698 1478 2735 ulterius
1508 2712 1562 2736 res
1587 2699 1771 2749 progrede-

1126 2757 1244 2790 rentur
1273 2767 1301 2790 ε.
1334 2766 1411 2792 cum
1435 2767 1540 2805 neque
1567 2755 1689 2792 melius
1717 2768 1770 2792 res

1126 2809 1330 2846 succederet.
1388 2807 1685 2863 προκόπτεσθαι
1707 2824 1769 2849 eo-

1127 2866 1212 2903 dem
1232 2878 1339 2904 sensu
1354 2865 1424 2916 111,
1442 2867 1508 2910 56.
