1909 3228
91 807 156 852 96

703 230 998 270 CL10.1.

1393 239 1474 279 247

219 337 402 394 ἤρξαντο
432 336 718 383 ἀπίστασθαι·
761 342 835 384 καί
862 357 947 393 κως
976 337 1100 386 οὗτοι
1127 343 1225 398 περὶ
1255 347 1330 400 τῆς
1359 345 1471 390 ἐλευ-

217 418 369 473 θερίης
398 417 682 474 μαχεσάμενοι
710 425 821 463 τοῖσι
841 418 1130 477 Ἀσσυρίοισι,
1163 422 1361 478 ἐγένοντο
1392 423 1494 467 ὀξυ-1

216 497 314 551 δρες
341 495 524 552 ἀγαθοί·
573 498 645 541 καὶ
674 497 952 555 ἀπωσάμενοι
990 500 1067 558 τὴν
1096 501 1393 559 δουλοσύνην,
1423 502 1467 560 ἠ-

185 578 208 615 4
218 576 570 632 λευθερώθησαν.

628 579 730 633 μετὰ
782 580 828 623 δὲ
874 579 1080 631 τούτους,
1140 580 1211 623 καὶ
1257 580 1309 624 τὰ
1355 580 1465 625 ἄλλα

213 654 342 697 ἔθνεα
369 656 507 699 ἐποίεε
536 654 675 700 τώυτὸ
701 662 814 700 τοῖσι
844 657 1049 714 Μήδοισι.
1097 656 1286 703 Ἐόντων
1316 660 1361 704 δὲ
1391 658 1464 706 αὕ-

212 732 413 790 τονόμων
452 734 627 778 πάντων
662 734 746 779 ἄνα
784 736 863 793 τήν
899 737 1098 793 ἤπειρον,
1147 732 1230 781 ὦδε
1269 734 1390 791 αὖτις
1419 739 1461 790 ἐς

210 906 309 936 νετο
340 891 499 947 σοφὸς,
548 898 609 951 τῷ
639 893 809 952 οὔνομα
845 890 902 952 ἦν
938 894 1150 952 Δηϊόκης,
1201 901 1303 948 παῖς
1332 897 1378 940 δὲ
1405 914 1460 954 ην

211 814 471 866 τυραννίδας
501 817 751 870 περιῆλθον.
779 815 902 872 Ἀνὴρ
936 817 982 860 ἐν
1010 821 1121 860 τοῖσι
1143 816 1338 872 Μήδοισι
1365 818 1456 875 ἐγέ-

212 971 459 1029 Φραόρτεω.
493 968 623 1024 οὗτος
666 971 690 1017 ὁ
720 974 930 1030 Ληϊόκης,
960 974 1162 1030 ἐρασθεὶς
1189 976 1460 1031 τυραννίδος,

152 1190 295 1229 mittere
339 1197 527 1241 praestat,
576 1192 662 1231 talia
702 1198 798 1240 sunt,

151 1247 282 1294 quibus
322 1260 393 1296 quo
424 1250 540 1286 minus
574 1249 796 1296 assentiaris,

149 1302 219 1338 alia
251 1303 398 1340 obstant
429 1305 526 1342 haud
560 1306 718 1352 minora,
758 1309 796 1341 ut

148 1357 309 1407 pluribus
347 1360 417 1398 illic
450 1362 612 1411 exposui.
672 1361 794 1404 Quare

146 1414 242 1451 haud
270 1416 344 1452 scio
375 1429 421 1453 an
447 1430 594 1467 operam
625 1418 793 1466 perdunt,

145 1470 207 1519 qui
233 1471 319 1509 talia
344 1485 464 1509 secum
498 1473 535 1510 in
564 1473 792 1510 concordiam

145 1527 311 1576 redigere
328 1528 457 1577 velint,
487 1530 534 1567 de
556 1529 686 1578 quibus
704 1529 791 1566 certi

144 1584 231 1632 quid
253 1585 328 1622 erui
344 1598 456 1635 posse
477 1587 644 1635 despero.
673 1586 790 1623 Binae

146 1640 240 1676 enim
268 1641 338 1677 iam
369 1642 565 1690 antiquitus
605 1643 788 1681 exstitisse

144 1695 311 1733 videntur
345 1698 510 1735 diversae
545 1699 717 1735 narrandi
752 1701 788 1735 et

144 1753 374 1801 computandi
422 1754 604 1801 rationes,
635 1766 788 1803 quarum

144 1807 315 1855 alteram,
356 1809 401 1845 ab
433 1810 523 1858 ipsis
550 1808 709 1858 Assyriis
747 1822 788 1846 ac

144 1863 265 1900 Persis
281 1864 430 1902 relatam
444 1865 587 1902 Ctesias
605 1866 710 1902 fuerit
730 1878 789 1903 se·

143 1923 245 1955 cutus
267 1924 304 1957 et
325 1925 503 1970 quotquot
521 1920 578 1957 alii
594 1922 786 1970 scriptores

143 1988 183 2012 se
201 1976 248 2012 ad
266 1976 358 2012 hunc
369 1977 623 2026 applicuerint3
639 1977 787 2013 alteram

142 2044 163 2068 a
189 2031 399 2080 Babyloniis
428 2033 596 2069 traditam
637 2038 674 2070 et
705 2045 784 2070 cum

142 2088 292 2125 Graecis
311 2088 606 2125 communicatam
615 2089 785 2125 Herodo-

141 2148 199 2180 tus
217 2145 398 2194 exceperit
423 2148 458 2182 et
483 2145 544 2193 qui
567 2148 674 2194 post,
700 2143 786 2182 Ale—

140 2200 266 2237 xandri
302 2201 426 2250 magni
468 2204 608 2248 aetate,
648 2202 694 2238 de
730 2201 786 2237 his

139 2256 358 2306 scripserint.
425 2257 517 2295 Inde
546 2256 684 2306 explico
714 2257 787 2294 Be-

140 2313 212 2348 rosi
250 2326 366 2350 annos
415 2314 496 2355 526
541 2313 785 2350 enumerantis

139 2381 218 2405 cum
243 2368 433 2406 Herodoto
463 2382 678 2406 consensum
699 2381 785 2419 pro-

141 2425 259 2472 boque
277 2424 466 2463 Niebuhrii
497 2426 674 2472 rationes,
704 2425 784 2474 qui-

142 2480 207 2515 bus
256 2480 482 2518 Herodotum
542 2483 784 2518 narrationem

142 2547 242 2571 suam
263 2537 310 2573 de
330 2537 384 2573 his
393 2537 583 2585 Babylone
602 2537 785 2586 accepisse

142 2594 277 2627 statuat
305 2592 394 2639 (vid.
415 2593 557 2629 Annall.
569 2593 691 2630 societ.
706 2606 780 2640 reg.

143 2646 365 2684 Berolinens.
412 2661 469 2685 an.
519 2650 637 2689 1820·
675 2650 780 2689 1821

140 2714 225 2751 pag.
243 2704 328 2751 48).
373 2704 449 2739 Sed
469 2717 549 2741 eum
568 2705 685 2754 ipsum
708 2705 781 2741 dis-

141 2771 287 2795 sensum
314 2760 374 2807 qui
415 2772 630 2809 componere
653 2761 781 2809 possit,

140 2814 195 2850 vix
231 2827 389 2863 unquam
417 2820 600 2866 repertum
625 2816 667 2852 iri
699 2829 781 2866 per-

139 2883 285 2907 suasum
330 2872 457 2910 habeo.
514 2871 646 2922 Neque
677 2871 782 2922 quid-

865 1205 975 1243 quam
1005 1192 1053 1229 ad
1077 1205 1121 1230 ea
1140 1191 1351 1232 illustranda
1373 1204 1416 1230 ex
1446 1192 1516 1229 ori-

865 1249 1042 1287 entalibus
1080 1249 1315 1298 scriptoribus
1359 1247 1513 1285 lucrabi-

862 1318 960 1353 mur,
990 1304 1051 1353 qui
1084 1317 1192 1353 quam
1219 1305 1445 1353 negligenter
1473 1305 1510 1341 in

862 1365 1066 1410 temporum
1082 1360 1280 1396 rationibus
1309 1360 1509 1396 indicandis

860 1417 1039 1465 annisque
1058 1415 1209 1463 singulis
1238 1420 1402 1452 accurate
1423 1428 1509 1452 con-

859 1472 1050 1510 stituendis
1084 1484 1126 1508 ac
1167 1471 1400 1509 numerandis
1429 1484 1509 1509 ver-

858 1533 1006 1577 sentur,
1035 1540 1141 1565 nemo
1168 1528 1244 1565 fere
1268 1528 1394 1565 nescit.

914 1584 954 1632 ἐς
1002 1583 1239 1636 τυραννίδας
1297 1584 1506 1634 περιῆλ-

856 1639 979 1691 θον]
1011 1639 1287 1692 περιέρχεσθαι
1306 1641 1352 1678 de
1378 1653 1506 1688 regno,

856 1699 957 1747 quod
992 1698 1028 1734 in
1064 1697 1169 1734 alium
1198 1697 1328 1733 transit
1353 1695 1505 1733 aliamve

854 1754 1055 1791 devolvitur
1084 1755 1121 1790 in
1150 1753 1318 1802 stirpem3
1353 1753 1448 1788 conf.
1474 1752 1505 1798 I,

855 1813 893 1851 7.
924 1812 1003 1850 120
1028 1809 1115 1858 ibiq‚
1142 1813 1231 1845 nott.
1290 1809 1349 1844 Ad
1377 1815 1504 1845 κατοι-

855 1864 1038 1915 κημένων
1057 1866 1094 1902 in
1123 1877 1226 1915 seqq.
1259 1865 1352 1900 conf.
1381 1863 1421 1909 Ι,
1450 1865 1504 1903 27

856 1921 916 1957 fin.

1043 2002 1152 2054 Cap.
1186 2002 1318 2039 xcvi.

909 2080 1024 2132 οὗτος
1062 2083 1083 2126 ὁ
1120 2081 1315 2135 Δηϊόκης]
1367 2084 1499 2120 Mirum

852 2145 1014 2194 profecto
1047 2148 1122 2189 est,
1152 2142 1249 2190 quod
1276 2141 1386 2178 verba
1405 2153 1498 2189 quae

853 2203 1050 2248 sequuntur
1071 2210 1186 2245 usque
1211 2198 1258 2234 ad
1278 2209 1355 2246 cap.
1378 2197 1409 2232 C
1435 2197 1495 2231 fin.

853 2256 890 2292 in
911 2255 1091 2292 Sancrofti
1120 2253 1209 2289 libro
1246 2252 1396 2300 aliisque
1424 2264 1497 2287 non

854 2312 924 2349 nisi
949 2311 1074 2361 paucis
1113 2313 1295 2346 contracta
1318 2308 1496 2356 leguntur.

852 2388 908 2395 —
942 2367 1100 2404 Deiocem
1129 2365 1187 2401 alii
1210 2364 1496 2414 Arphaxadrum‚

851 2425 949 2460 cuius
983 2423 1020 2459 in
1051 2421 1169 2458 Iudith
1206 2434 1283 2470 cap.
1309 2424 1327 2460 1
1361 2419 1495 2456 mentio

850 2479 910 2526 fit,
951 2492 1033 2517 esse
1065 2478 1208 2522 dicunt,
1243 2476 1301 2512 alii
1343 2474 1497 2511 Pleraei·-

849 2539 939 2579 tem‚·
967 2536 1037 2571 vid.
1058 2532 1277 2580 wesseling.
1301 2532 1349 2568 ad
1362 2531 1395 2567 h.
1419 2531 1440 2567 l.
1460 2536 1496 2568 et

850 2592 1012 2642 inprimis
1046 2589 1158 2627 Beck.
1188 2588 1339 2636 Allgem.
1378 2586 1495 2624 Welt-

851 2648 973 2696 gesch.
999 2647 1014 2683 Ι
1038 2648 1166 2695 p.636
1179 2657 1270 2692 seq„
1299 2643 1360 2692 qui
1378 2642 1493 2679 varias
1549 2653 1551 2656 ’

849 2705 930 2740 virr.
968 2704 1077 2739 doett.
1113 2700 1258 2747 collegit
1285 2697 1491 2735 sententias.

850 2758 1177 2808 Nuperadmodum
1187 2756 1403 2791 Hammerus
1414 2766 1494 2790 eum

850 2827 933 2852 esse
949 2814 1038 2851 dixit
1054 2812 1242 2857 Deiocem‚
1272 2810 1334 2859 qui
1350 2809 1387 2846 in
1405 2809 1493 2846 Per—

849 2883 968 2909 sarum
1025 2868 1239 2907 carminibus
1297 2865 1495 2904 celebretur

1465 825 1487 859 5
1516 817 1642 845 Deiooes
1673 818 1792 852 imperi-

1516 860 1563 878 um
1588 851 1667 886 apud
1685 852 1792 879 Medu-

1513 884 1695 946 322⁰&sz
1728 925 1789 946 „iu-

1517 952 1590 979 duit.

1704 886 1789 912 iusti-
