1909 3228
549 174 1075 228 EUTERPE.11.
1351 162 1436 203 779

174 314 314 356 λίθων
341 307 510 363 ἔφασαν
539 299 618 356 τὴν
640 292 867 350 πυραμίδα
889 280 1261 337 οἰκοδομηθῆναι,
1290 271 1371 328 τὴν
1391 269 1439 313 ἐν

907 366 1125 423 ἔμπροσθε
1155 360 1229 412 τῆς
1259 349 1444 409 μεγάλης

504 465 578 517 τῆς
618 459 705 501 ἐστι
743 452 792 496 τό
839 451 983 493 κῶλον
1022 443 1205 485 ἕκαστον
1236 433 1343 477 ὅλου
1373 428 1447 473 καὶ

1404 515 1419 521 ω
1502 494 1672 529 Chephreu7
1696 489 1732 516 ab
1751 497 1779 516 a.

181 469 446 524 πυραμίδος·

60 559 158 605 127
184 552 360 609 ἡμίσεος
397 543 605 596 πλέθρου.
666 534 932 579 Βασιλεῦσαι
972 525 1017 567 δὲ
1055 520 1133 564 τὸν
1161 515 1310 559 Χέοπα
1339 526 1443 553 του-
1501 529 1567 589 {1¹3²
1585 527 1622 566 aq
1646 523 1779 583 ¹⁰⁷⁶ss¹¹³'

1523 571 1568 589 em
1612 566 1705 593 llllpfl)
1729 565 1778 595 usf

184 647 260 675 τον
292 625 524 682 Αἰγύπτιοι
554 619 701 672 ἔλεγον
727 608 997 664 πεντήκοντα
1020 601 1132 644 ἔτεα·
1164 590 1774 658 testsvtfflav—Sohzrdlimgedffifflpt

187 726 262 760 τος
293 707 338 750 δὲ
368 701 554 750 τούτου,
586 695 840 746 ἐκδέξασθαι
868 685 948 741 τὴν
978 679 1208 739 βασιληίην
1226 672 1302 716 τὸν
1325 667 1451 713 ἀδελ-

178 391 291 449 μέσῳ
321 391 410 431 τῶν
446 386 579 439 τριῶν
611 378 862 432 ἑστηκυῖαν,

161 788 304 845 Ξφεόν
335 783 471 827 αὐτοῦ
492 780 725 833 Χεφρῆνα,
755 769 829 814 καὶ
862 769 1019 810 τοῦτον
1050 760 1095 803 δὲ
1125 759 1184 814 τῷ
1207 751 1322 808 αὐτῷ
1349 745 1453 804 τρό-

138 994 332 1036 struendas.
412 991 580 1034 Quorum
628 985 795 1021 neutrum

140 1055 224 1093 mihi
244 1052 439 1103 probatur,
479 1044 578 1081 libris
600 1039 796 1091 praecipue

142 1106 422 1158 refragantibus.
470 1100 596 1137 Malim
621 1098 797 1144 interpre-

143 1169 235 1206 tari:
263 1168 299 1201 iu
320 1166 395 1213 ipso
416 1172 522 1210 opere,
554 1154 643 1205 quod
665 1151 800 1189 scilieet

143 1223 298 1276 parabat
323 1221 460 1263 animo,
487 1210 711 1264 pyramidwn
741 1219 803 1243 er-

149 1278 402 1318 struendarum.
470 1274 628 1318 Stegero
659 1263 801 1315 (praef.

149 1339 197 1375 ad
220 1334 359 1372 Herod.
378 1343 464 1381 pag.
478 1327 567 1368 ΧΗ)
588 1325 624 1360 in
646 1326 805 1359 mentem

150 1394 265 1431 venit:
303 1387 406 1432 ὅκως
431 1382 480 1423 ἄν
514 1377 617 1434 αὐτῇ
653 1378 720 1417 ἕνα
751 1375 807 1414 λί-

153 1454 233 1489 θον
255 1443 312 1485 ἂν
335 1447 438 1482 τοῖσι
458 1440 602 1492 ἔργοισι
623 1432 807 1484 δωρέοιτο

156 1507 278 1554 „dass
308 1515 347 1540 er
374 1500 429 1536 ihr
450 1503 541 1534 etwa
572 1494 679 1530 einen
704 1489 810 1525 Stein

155 1565 214 1600 fur
242 1561 301 1597 die
324 1559 465 1594 Bauten
486 1550 670 1589 schenken
690 1545 812 1583 miich-

157 1627 194 1656 te
208 1619 244 1665 ,“
273 1615 330 1652 vel
355 1613 486 1650 etiam:
529 1605 631 1651 ὅκως
666 1601 716 1642 ἒέν
743 1596 814 1639 αὕ-

159 1679 207 1729 τῇ
231 1672 300 1713 ἕνα
322 1671 440 1709 λίθον
462 1663 541 1705 ἐπὶ
569 1667 671 1702 τοῖσι
693 1658 815 1710 ἔργοι-

164 1744 201 1771 σι
224 1729 291 1777 (ad
311 1739 413 1779 opera
441 1718 668 1766 exstruenda)
701 1711 817 1765 δωρέ-

166 1802 261 1828 οιτο.

226 1896 300 1950 τήν
320 1892 478 1946 ἐνμέσῳ
493 1891 574 1928 τῶν
586 1887 704 1938 τριῶν
718 1881 825 1931 ἕστη-

171 1961 309 2002 κυῖαν,
341 1951 544 2002 ἔμπροσθε
566 1947 637 1994 τῆς
655 1935 827 1991 μεγάλης

172 2007 416 2064 πυραμίδος]
437 2006 531 2043 Tres
545 1998 751 2053 pyramides
774 1995 829 2031 di-

175 2073 223 2109 cit
256 2069 334 2105 illas
373 2064 526 2102 maiores
564 2057 663 2108 apud
692 2051 830 2090 Gizeh:

176 2139 286 2166 unam
307 2136 329 2160 a
352 2122 503 2168 Cheope
527 2116 760 2156 exstructam,
780 2107 832 2144 al-

176 2190 292 2222 teram
324 2193 346 2216 a
373 2176 592 2226 Chephrene
622 2171 733 2206 fratre
761 2163 834 2212 (ll,

182 2241 296 2287 127),
326 2235 471 2273 tertiam
498 2243 519 2267 a
540 2225 732 2277 Mycerino
761 2219 836 2269 (II,

183 2296 284 2343 134)
313 2292 529 2330 confectam.
588 2284 741 2320 Parvam
774 2290 839 2314 au-

183 2359 256 2390 tem
289 2347 513 2400 pyramidem
534 2372 545 2390 ,
595 2351 705 2389 quam
740 2333 839 2382 regis

187 2410 260 2446 filia
284 2405 496 2443 aedificasse
528 2401 662 2442 fertur,
694 2396 842 2430 centum

189 2461 452 2514 quinquaginta
472 2457 586 2508 pedes
615 2453 723 2489 latam
753 2459 845 2496 qua-

192 2531 413 2571 quaversus,
443 2515 571 2560 Zoega
604 2510 626 2546 l.
653 2507 677 2543 l.
705 2520 742 2556 p.
762 2505 844 2544 389

192 2591 260 2628 pro
277 2588 319 2613 ea
333 2574 459 2617 habet,
480 2581 588 2618 quam
609 2567 702 2601 inter
721 2560 846 2610 sphin‘

197 2646 279 2683 gem
317 2636 353 2668 et
390 2627 582 2664 maximam
620 2617 848 2671 pyramidem

198 2690 436 2727 observarunt
444 2681 607 2719 Norden.
623 2683 657 2714 et
671 2672 849 2711 Poeocke.

200 2746 308 2783 Conf.
329 2742 415 2779 ibid.
447 2750 533 2788 pag.
550 2736 644 2776 411.
670 2732 763 2772 412-
796 2747 852 2755 -

201 2804 333 2842 κῶλον
355 2803 410 2837 est
428 2796 537 2841 latus,
557 2796 599 2828 ut
614 2788 677 2835 IV,
694 2790 758 2829 62.
775 2785 853 2825 108

206 2865 275 2898 etc.

1033 969 1064 1006 c
1080 979 1148 1016 ap.
1179 959 1366 1001 cxxvu.

920 1053 987 1096 τὸν
1009 1045 1202 1100 ἀδελφεὸν
1214 1042 1343 1086 αὐτοῦ
1360 1041 1522 1091 Χεφρῆ-

866 1114 931 1166 να]
963 1109 1146 1159 Congruit
1168 1118 1246 1143 cum
1261 1103 1358 1140 hisce
1371 1096 1525 1136 Diodori

868 1169 1028 1210 narratio
1040 1196 1051 1214 ‚
1081 1164 1142 1214 qui
1160 1163 1228 1199 hoe
1248 1162 1438 1210 praeterea
1455 1154 1524 1190 ad-

871 1231 924 1266 dit
947 1228 1000 1271 (l,
1019 1224 1106 1269 64),
1137 1232 1218 1257 esse
1243 1214 1421 1265 quosdam
1436 1240 1446 1258 ‚
1466 1209 1528 1258 qui

871 1298 947 1322 non
968 1284 1136 1324 fratrem,
1170 1275 1235 1312 sed
1254 1273 1362 1309 filium
1384 1267 1531 1305 nomine

874 1338 1072 1386 Chabryim
1092 1344 1243 1382 regnum
1263 1326 1444 1376 accepisse
1457 1328 1533 1359 tra-

877 1399 976 1434 dant.
1005 1394 1060 1430 Ex
1082 1387 1257 1427 Larcheri
1278 1382 1423 1421 calculis
1438 1379 1537 1415 Che-

878 1454 994 1505 phren
1026 1458 1181 1496 regnare
1209 1441 1330 1490 coepit
1358 1451 1390 1474 a.
1427 1435 1537 1479 112ss

880 1514 965 1547 ante
982 1506 1067 1543 Chr.
1085 1516 1119 1539 n.
1145 1501 1239 1549 (tab.
1263 1494 1420 1534 chronol.
1433 1498 1459 1528 t.
1471 1490 1540 1527 Vll

880 1579 966 1616 pag.
989 1565 1054 1604 90.
1076 1560 1190 1605 586).
1233 1551 1481 1603 „Guigniaut.
1504 1547 1542 1582 in

882 1618 1099 1669 biographie
1118 1610 1331 1651 uuiverselle
1357 1613 1382 1644 t.
1403 1602 1543 1643 XLVII

885 1693 921 1730 p.
937 1678 1017 1718 152
1043 1673 1165 1711 scribit
1182 1671 1228 1706 ad
1245 1668 1279 1704 h.
1299 1667 1320 1702 1.
1345 1666 1412 1700 ita:
1434 1661 1546 1697 Cette

893 1734 1043 1784 opinion
1065 1742 1124 1766 sur
1147 1728 1197 1764 les
1223 1728 1369 1761 auteurs
1391 1721 1455 1756 des
1478 1729 1548 1767 py-

893 1790 1050 1828 ramides
1087 1785 1236 1821 s'ecarte
1267 1780 1455 1824 beaucoup
1480 1802 1490 1820 ‚
1524 1771 1548 1807 il

897 1852 952 1885 est
970 1844 1044 1881 vrai
1059 1872 1068 1889 ‚
1100 1842 1145 1877 de
1166 1837 1338 1887 l'opinion
1361 1828 1550 1881 generale-

894 1908 993 1942 ment
1023 1897 1202 1947 adopte'e,
1235 1892 1378 1941 d’apres
1406 1888 1440 1924 la
1459 1886 1552 1922 dou-

894 1961 953 1998 ble
984 1955 1141 1993 autorite
1169 1948 1405 1988 d'Herodote
1437 1947 1473 1980 et
1506 1942 1554 1978 de

896 2016 1061 2056 Diodore
1081 2015 1118 2048 et
1136 2009 1197 2058 qui
1216 2005 1370 2043 attribue
1391 2001 1442 2038 les
1463 1999 1554 2035 trois

899 2068 1116 2125 principales
1128 2077 1196 2102 aux
1218 2062 1305 2099 trois
1324 2059 1396 2095 rois
1411 2056 1556 2104 Clie'ops,

903 2128 1080 2177 Clw'plaren
1107 2127 1148 2160 et
1178 2119 1225 2157 M
1224 2119 1388 2169 yce'rz‘uus
1416 2125 1496 2149 vers
1524 2110 1558 2147 le

904 2185 1094 2224 douzieme
1113 2192 1160 2215 ou
1184 2177 1218 2214 le
1247 2173 1431 2211 treizieme
1454 2167 1561 2205 siecle

907 2246 1015 2281 avant
1043 2240 1150 2275 nOtre
1180 2235 1252 2271 ere.
1324 2228 1420 2265 Mais
1461 2223 1563 2262 selon

908 2303 1010 2337 toute
1046 2302 1250 2345 apparence
1285 2300 1344 2323 ces
1372 2283 1460 2321 trois
1488 2280 1561 2317 rois

909 2369 956 2394 ne
995 2357 1077 2390 sont
1121 2360 1189 2386 eux
1208 2368 1226 2373 -
1244 2344 1378 2381 memes
1410 2352 1480 2388 que
1509 2336 1562 2373 les

912 2414 1009 2449 deux
1033 2405 1186 2456 Souphz's
1208 2407 1244 2440 et
1261 2401 1293 2438 le
1304 2396 1506 2435 flIenclieres
1518 2393 1566 2429 de

912 2466 1115 2507 Manethon
1141 2491 1151 2508 ,
1191 2470 1327 2497 connus
1363 2452 1573 2502 egalement

915 2520 1196 2563 d'Eratosthene
1234 2512 1351 2564 parmi
1394 2510 1445 2546 les
1488 2518 1573 2556 pre-

917 2583 1024 2619 miers
1059 2573 1269 2613 souverains
1304 2570 1350 2606 de
1378 2566 1572 2613 l'Egypte,

917 2644 955 2675 et
975 2633 1141 2684 deplaces
1163 2642 1230 2681 par
1246 2639 1316 2664 une
1329 2635 1452 2662 erreur
1471 2620 1575 2657 chro-

919 2688 1156 2740 nologique.“
1190 2685 1254 2722 Cr.

978 2774 1046 2814 καὶ
1066 2775 1207 2812 τοῦτον
1228 2790 1283 2798 -—
1301 2769 1355 2820 τῷ
1388 2760 1522 2815 ἑτέρῳ]
1553 2760 1576 2796 i.

924 2849 957 2874 e.
980 2834 1075 2871 hunc
1097 2829 1227 2867 eodem
1246 2825 1356 2864 modo
1368 2833 1474 2859 usum
1487 2830 1579 2861 esse,
