1877 3223
619 235 915 277 cL10.1.
1353 241 1408 282 93

133 347 321 399 Κροῖσος
351 341 396 387 δέ
423 360 499 400 μιν
530 343 725 401 ἐκάθηρε.
766 345 855 390 ἔστι
891 345 937 390 δὲ
973 347 1248 402 παραπλησίη
1277 346 1304 404 ἡ
1334 348 1407 392 κά-

107 429 285 478 3θαρσις
321 428 434 466 τοῖσι
470 412 656 468 Λυδοῖσι
698 424 771 467 καὶ
801 429 912 467 τοῖσι
928 423 1114 480 ‘'EM-726⁶.
1172 424 1261 469 ἐπεί
1288 443 1332 470 τε
1362 428 1406 470 δὲ
1455 438 1505 476 18

127 500 180 544 τοὶ
209 502 466 558 νομιζόμενα
495 503 664 559 ἐποίησε
694 503 717 547 ὁ
747 508 962 559 Κροῖσος,
1004 503 1270 548 ἐπυνθάνετο
1301 503 1451 549 dud-56

127 585 161 623 θ
367 582 375 596 “
440 583 449 597 ’
521 584 540 598 ’¹
651 582 658 595 '
823 582 832 595 ‘
890 599 899 608 .
975 580 994 595 ’'
1306 585 1337 611 'a

163 596 209 624 εν
236 596 280 624 τε
309 597 380 624 και
408 598 471 632 τις
500 597 586 637 ειη,
616 586 751 638 λεγων
780 585 879 627 vaae
948 585 1235 642 ,,Ωνθρωπε,
1274 601 1334 634 τιὸ
1365 600 1408 627 τε

130 659 273 711 „gam
312 660 383 703 καὶ
421 660 556 704 κόθεν
584 665 657 717 τῆς
688 664 879 718 Φρυγίης
906 660 1048 717 ἥκων,
1097 663 1282 714 ἐπίστιος
1313 662 1408 718 ἐμοὶ

130 739 337 793 ,,ἐγένεο,·
370 739 468 782 τίνα
504 756 547 782 τε
586 737 759 795 ἀνδρῶν
797 739 825 797 ἢ
853 745 1074 796 γυναικών
1105 740 1406 797 ἐφόνευσαςςίί

105 815 178 862 4‘0
205 817 250 861 δὲ
280 815 494 874 ἀμείβετο·
538 813 625 874 ,,’Ὡ
651 823 849 876 βασιλεῦ,
889 821 1079 875 Γορδίεω
1109 820 1186 877 μὲν
1215 825 1295 865 τοῦ
1323 822 1452 870 Mal-70

84 1022 182 1058 libris
221 1027 257 1060 et
307 1028 457 1061 recentt.
506 1025 606 1062 editt.
663 1024 734 1062 Alii

85 1078 329 1130 ἒπικυρῆσαι.
404 1080 519 1117 Paulo
565 1086 650 1131 post
687 1083 734 1120 de

84 1136 278 1184 particulae
290 1149 356 1172 usu
368 1136 405 1173 in
415 1138 532 1174 verbis
556 1136 621 1175 καὶ
632 1142 734 1177 τοῖσι

71 1187 236 1241 ΓἘλιλησι
265 1193 309 1229 cf.
330 1194 376 1230 ad
401 1193 438 1239 Ι,
461 1192 514 1234 94
544 1194 633 1230 inits

139 1243 287 1286 ὁκόθεν
308 1262 347 1286 τε
376 1248 443 1286 καὶ
470 1249 528 1295 τίς
560 1248 645 1300 εἴη]
675 1249 734 1296 τίς

84 1317 124 1341 τε
142 1301 206 1341 καὶ
228 1299 357 1342 πόθεν
379 1305 551 1342 solemnis
571 1311 610 1342 ut
632 1307 736 1343 vide-⁷

84 1363 141 1396 tur
158 1360 372 1410 peregrinos
397 1361 645 1410 interrogandi
672 1366 734 1398 aut

85 1416 290 1465 appellandi
320 1417 431 1461 ratio3
479 1418 525 1454 de
557 1431 629 1467 qua
666 1418 732 1455 Cr.

85 1473 256 1510 admonet
275 1472 458 1511 Schaefer.
486 1475 533 1510 ad
558 1474 729 1524 Sophocl.

86 1527 256 1565 Trachin.
269 1528 346 1570 421
362 1530 445 1579 ibiq.
471 1530 582 1568 Hom.
597 1531 734 1579 Odyss.

85 1584 196 1631 XIX,
222 1584 309 1626 105.
367 1586 443 1623 Sed
461 1586 565 1635 plura
596 1600 639 1624 ex
655 1587 735 1624 He-

86 1641 215 1677 rodoto
251 1641 360 1679 allata
399 1643 500 1679 vides
534 1655 555 1678 a
590 1644 734 1679 Struvio

89 1696 259 1743 (Quaest.
292 1698 338 1736 de
368 1698 546 1736 Herodot.
590 1700 733 1737 dialect.

88 1752 235 1802 specim.
264 1766 302 1803 p.
333 1754 385 1795 49
409 1756 529 1800 not.):
558 1755 613 1801 H,
642 1755 732 1796 115.

88 1808 161 1855 Ill,
192 1810 282 1849 156.
329 1810 400 1854 IV,
433 1810 511 1851 145
544 1815 612 1847 etc.
647 1816 733 1858 etc.;

90 1865 219 1913 quibus
248 1865 437 1914 probatum
459 1867 486 1903 it
510 1866 563 1902 vir
593 1867 734 1914 doctus,

90 1921 273 1967 Graecos,
303 1921 333 1956 si
361 1921 465 1971 plura
500 1923 661 1959 membra
681 1923 736 1958 in-

88 1977 308 2024 terrogativa
354 1977 498 2025 oblique
542 1982 736 2026 ponantur,

91 2037 127 2070 et
146 2033 409 2081 interrogativis
430 2039 465 2070 et
479 2033 633 2069 relativis
648 2047 735 2083 pro-

88 2089 293 2125 nominibus
315 2089 517 2137 promiscue
537 2102 622 2124 usos
642 2103 733 2127 esse.

90 2164 146 2171 —-
165 2144 252 2181 Mox
290 2143 462 2190 ἐπίστιος
488 2145 612 2181 Ionum
634 2159 735 2183 more

76 2213 158 2252 jpro
193 2197 391 2249 ἐφέστιος,
441 2205 584 2237 auctore
612 2201 733 2239 Schol.

91 2256 258 2306 Apollon.
277 2256 398 2294 Rhod.
420 2256 492 2304 IV,
513 2256 594 2297 747
607 2257 735 2293 dicitur

93 2310 114 2352 ὁ
131 2312 195 2351 ἐπὶ
212 2314 262 2366 τῇ
284 2311 389 2366 ἑστίᾳ
411 2308 468 2351 ὢν
495 2314 518 2350 i.
543 2326 573 2350 e.
592 2313 736 2362 supplex

93 2368 141 2405 ad
170 2368 292 2419 focum
326 2382 393 2418 pro
422 2382 523 2406 more
563 2369 734 2406 adsidens.

93 2423 174 2461 Alia
198 2425 293 2461 vocis
321 2425 483 2475 exempla
507 2426 569 2461 dat
587 2425 737 2463 Wesse-

95 2479 181 2528 ling.
200 2481 247 2517 ad
261 2480 296 2516 h.
318 2480 354 2526 l.,
386 2482 513 2529 quibus
539 2482 641 2517 addit
671 2482 737 2519 Cr.

99 2535 252 2583 Gregor.
293 2536 455 2573 Corinth.
495 2550 530 2586 p.
566 2539 648 2578 500
678 2539 736 2575 ed.

98 2590 468 2629 Schaefiflomericum
479 2592 596 2629 locum
609 2592 736 2641 Ulyxis

97 2647 193 2682 sacto
222 2647 391 2684 consimili
417 2648 595 2696 insignem
621 2649 658 2685 in
682 2650 737 2686 O·

99 2703 196 2750 dyss.
223 2701 310 2750 VH,
339 2703 417 2744 153
449 2703 617 2741 attulerat
644 2703 738 2742 Lar-

97 2758 237 2795 cherus.

154 2813 325 2865 Γορδίεω
343 2811 415 2864 μὲν
433 2815 508 2853 τοῦ
518 2811 662 2855 Μίὸεαί
683 2815 736 2855 εἰ-

99 2885 142 2921 μι
159 2874 274 2917 παῖς,
310 2866 578 2922 ου’νομοὲζομαι
605 2869 648 2911 δὲ
667 2869 733 2912 ''A-

802 1023 991 1077 δρηστος]
1031 1026 1129 1065 Dedi
1159 1021 1450 1078 οὕνομᾰζομαι

802 1096 880 1119 cum
898 1083 1064 1131 Schwgh.
1093 1089 1129 1120 et
1155 1084 1273 1120 Gaisf.
1330 1083 1450 1132 Vulgo

801 1133 1045 1189 ὀνομάζομαι
1066 1140 1182 1175 minus
1213 1139 1344 1177 Ionice.
1374 1139 1452 1177 Lo-

800 1208 880 1230 cum
900 1195 1015 1244 ipsum
1038 1200 1077 1231 tu
1097 1196 1149 1232 sic
1169 1196 1341 1245 accipias:
1363 1196 1452 1233 Gor-

800 1250 880 1287 ιΙίαε
915 1264 989 1288 sum
1017 1251 1143 1301 filius,
1174 1250 1300 1288 llIiclae
1337 1265 1451 1301 nepos,

801 1311 850 1343 est
872 1308 958 1343 milei
984 1321 1102 1344 nomen
1129 1308 1295 1345 Adrasto.
1351 1308 1453 1345 Infra

799 1362 836 1408 Ι,
857 1363 932 1403 45:
951 1360 1168 1414 ’Ἄδρηστος
1185 1362 1227 1402 δὲ
1240 1363 1262 1403 ὁ
1277 1364 1448 1416 Γορδίεω

799 1419 871 1455 τοῦ
899 1418 1064 1464 ΠῙίὸεωῑ
1095 1420 1194 1467 quod
1224 1420 1353 1456 eodem
1370 1433 1449 1456 mo—

801 1473 849 1509 do
871 1474 1138 1523 accipiendum:
1179 1475 1376 1523 Adrastus,
1392 1477 1447 1525 fi-

801 1529 871 1565 lius
893 1531 1066 1577 Gordiae,
1097 1533 1157 1580 qui
1176 1536 1225 1568 est
1246 1531 1373 1569 Midae
1394 1533 1449 1582 fi·-

801 1586 870 1622 lius
901 1586 948 1634 (5.
974 1587 1100 1624 Midae
1126 1588 1256 1637 nepos).
1313 1589 1450 1626 Moneo

799 1647 950 1693 propter
973 1644 1153 1680 Sturzium
1167 1674 1178 1691 ‚
1220 1645 1281 1693 qui
1303 1645 1339 1681 in
1360 1644 1452 1681 Pro-

801 1712 952 1747 gramm.
1003 1701 1049 1738 de
1094 1701 1253 1737 nominn.
1299 1702 1450 1738 Graece.

803 1755 1043 1804 (Commentt.
1069 1757 1192 1794 societ.
1210 1757 1331 1806 philol.
1346 1757 1452 1806 Lips.

800 1810 839 1857 I,
859 1815 884 1852 2
904 1825 942 1861 p.
964 1815 1064 1859 226)
1095 1813 1141 1848 ad
1161 1813 1345 1850 articulum
1365 1826 1452 1862 sup-

801 1866 906 1916 plens
924 1864 1051 1918 πατήρ
1066 1897 1076 1914 ,
1103 1867 1298 1905 Adrastum
1318 1882 1450 1919 perpe-

802 1934 878 1958 ram
924 1923 1099 1960 intellexit
1131 1928 1316 1972 „nepotem
1357 1926 1448 1961 Gor-

803 1976 903 2023 (Ιῖαε,
936 1981 996 2025 qui
1018 1978 1097 2027 fuit
1125 1977 1267 2015 IlIz'dc'ae
1297 1980 1450 2028 pater,·“

803 2033 869 2069 sed
908 2033 1022 2070 altero
1060 2034 1136 2069 loco
1166 2035 1205 2081 I,
1238 2034 1291 2075 35
1325 2049 1449 2074 vocem

802 2091 895 2133 παῖς
934 2089 979 2126 de
1026 2094 1159 2139 nepote
1203 2091 1451 2141 accipiendam

802 2145 937 2180 statuit.
969 2145 1078 2188 Quod
1109 2159 1180 2195 quo
1207 2147 1282 2184 iure
1302 2153 1450 2196 statuat,

802 2201 968 2248 equidem
991 2214 1063 2237 non
1082 2214 1266 2251 assequor.
1325 2204 1378 2241 Ac
1396 2205 1450 2240 vi-

804 2257 910 2293 detur
950 2257 1192 2306 lVesselingio
1227 2259 1283 2296 hie
1312 2259 1447 2307 Midas,

805 2312 965 2350 Gordiae
991 2320 1095 2363 pater
1125 2315 1219 2351 idem
1252 2329 1354 2363 esse,
1385 2317 1446 2365 qui

803 2381 913 2418 supra
947 2382 975 2405 c.
1018 2369 1070 2410 14
1107 2369 1272 2407 laudatur
1310 2373 1446 2422 primus

802 2423 983 2472 Phrygiae
1004 2438 1087 2472 rex,
1116 2426 1176 2474 qui
1193 2426 1356 2476 Delphos
1379 2429 1447 2465 do-

804 2492 852 2516 na
878 2481 1033 2526 miserit,
1063 2482 1195 2530 quique
1221 2487 1256 2520 et
1281 2484 1360 2533 ipse
1393 2484 1448 2520 di-

805 2537 895 2573 citur
926 2537 1085 2573 Gordiae
1103 2537 1203 2575 filius.
1261 2539 1337 2577 Sed
1356 2544 1447 2577 tem-

802 2605 931 2642 porum
961 2594 1132 2630 rationem
1173 2596 1325 2644 opponit
1351 2595 1445 2633 Lar-

805 2648 952 2695 cherus,
982 2662 1058 2685 cum
1087 2649 1182 2686 illum
1199 2650 1337 2688 Midam
1362 2656 1447 2690 ante

805 2704 947 2752 Gygem
958 2733 968 2751 ‚
979 2705 1087 2753 igitur
1098 2705 1205 2754 longe
1224 2711 1308 2744 ante
1318 2708 1446 2745 Croesi

803 2765 958 2797 aetatem
973 2761 1102 2798 vixisse
1117 2774 1266 2799 necesse
1282 2763 1337 2799 sit.
1352 2765 1447 2800 Sunt

802 2816 925 2864 utique
945 2817 1094 2854 Gordtae
1106 2822 1142 2854 et
1151 2816 1201 2853 M
1199 2818 1278 2854 idae
1297 2820 1443 2856 nomina

802 2871 974 2910 solemnia
1008 2874 1044 2910 in
1082 2873 1263 2923 Phrygum
1293 2875 1441 2914 historia
