1909 3228
446 226 530 266 306

857 222 1319 261 HERODOTI

418 333 560 391 2νομά
590 334 676 377 ἐστι
696 329 942 386 Εὐφρήτης.
973 329 1060 384 ῥέει
1090 331 1135 374 δὲ
1165 331 1205 382 ἐξ
1232 329 1489 386 Ἀρμενίων,
1518 331 1603 376 ἑῶν
1631 332 1699 388 μέ·

445 430 544 470 φας,
576 412 648 455 καὶ
675 409 837 466 βαθὺς,
878 409 952 452 καὶ
980 407 1136 465 ταχύς·
1183 409 1282 461 ἐξίει
1311 409 1357 452 δὲ
1387 405 1515 462 οὗτος
1546 411 1587 462 ἐς
1617 411 1696 467 τήν
1709 418 1753 452 60

417 489 667 546 3Ἐρυθρὴν
711 487 952 531 θάλασσαν.
1010 488 1059 532 τὸ
1106 483 1169 532 ὦν
1210 487 1263 544 δὴ
1310 493 1446 544 τεῖχος
1494 489 1700 545 ἑκάτερον

445 569 549 621 τούς
578 568 777 624 ἀγκῶνας
804 566 847 619 ἐς
875 566 953 611 τὸν
980 567 1177 624 ποταμὸν
1206 565 1414 624 ἐλήλαται.
1453 567 1502 612 τό
1536 568 1581 612 δὲ
1609 567 1695 612 ἀπὸ

390 793 464 827 tar-1
506 787 730 828 contendunt
775 789 1039 836 ruderibusque

390 847 508 883 adhuc
520 846 671 882 inventis
685 845 906 883 confirmant.
935 846 1040 889 Quae

390 903 427 938 iu
456 901 668 939 occidentali
697 901 794 939 fluvii
819 902 897 952 ripa
935 901 1040 939 suerit

390 958 488 995 urbis
518 970 623 1007 pars,
653 970 733 995 eam
766 958 891 1006 utique
923 958 1039 994 maio-

390 1027 466 1052 rem
484 1015 594 1051 suisse
609 1013 722 1051 videri
733 1017 769 1051 et
780 1014 1040 1062 antiquiorem3

391 1070 600 1108 orientalem
618 1070 794 1108 minorem
823 1083 865 1107 ac
887 1070 1041 1107 recenti-

391 1127 462 1164 oris
492 1128 617 1163 sorsan
647 1127 787 1164 aetatis.
845 1125 1041 1164 Praeterea

390 1197 458 1221 nec
484 1182 707 1234 Euphratem
743 1182 893 1219 multum
920 1183 965 1220 ab
996 1195 1039 1220 eo

389 1252 494 1277 cursu
508 1267 518 1286 ,
547 1252 656 1288 quem
677 1239 760 1276 olim
781 1239 951 1286 tenuerit,
976 1239 1041 1276 de-

390 1296 536 1334 scivisse
559 1295 702 1346 alioque
733 1309 773 1334 se
807 1295 951 1334 flexisse
987 1296 1039 1332 vi-

391 1353 482 1390 deri.

448 1405 528 1459 ῥέει
549 1405 591 1446 δὲ
609 1407 647 1456 ἐξ
663 1403 880 1458 Ἀρμενίων
897 1421 932 1444 κ.
943 1421 974 1445 τ.
988 1404 1038 1456 λ.]

391 1464 531 1501 Eodem
549 1465 625 1502 sere
653 1465 763 1500 modo
791 1475 899 1511 supra
926 1462 962 1510 I,
985 1465 1040 1504 72

391 1522 439 1557 (le
460 1518 755 1568 H‘alyez———gfs'st
775 1517 814 1565 ἐξ
831 1514 1039 1568 Ἀρμενίου

392 1573 544 1626 οὔρεος.
600 1575 660 1613 Ad
682 1588 758 1613 rem
794 1575 910 1624 ipsam
940 1574 1039 1623 quod

391 1634 539 1680 attinet,
573 1644 658 1670 vera
675 1631 850 1668 Nostrum
877 1631 1040 1668 retulisse

392 1689 539 1727 minime
573 1692 731 1736 negant,
767 1700 890 1724 verum
922 1688 1038 1723 minus

392 1749 556 1782 accurate
594 1744 690 1780 illum
729 1744 861 1780 dixisse
891 1747 1040 1779 conten-

391 1802 499 1847 dunt,
540 1801 732 1848 minusque
778 1799 947 1845 definite3
1003 1798 1042 1834 id

391 1856 491 1906 quod
526 1855 720 1893 Herodoto
758 1867 820 1892 eas
859 1855 1041 1903 regione5‚

391 1912 452 1949 ubi
476 1911 671 1962 Euphratis
693 1915 777 1947 sunt
794 1912 913 1948 sontes
927 1940 936 1958 ,
967 1923 1041 1946 non

390 1968 519 2005 visenti
538 1968 642 2005 sacilc
661 1967 912 2016 ignoscamus,
936 1979 1042 2016 prae-

391 2025 513 2063 sertim
545 2038 624 2061 cum
653 2024 871 2061 Strabonem
906 2023 1041 2060 habea-

390 2094 470 2119 mus
503 2081 698 2118 accuratius
727 2079 922 2130 Euphratis
960 2081 1042 2117 son-

392 2142 447 2174 tes
477 2149 693 2186 cursumque
724 2140 952 2174 enarrantem
988 2135 1041 2172 XI

392 2207 429 2244 p.
454 2195 558 2241 792,
578 2192 622 2230 A.
679 2193 733 2229 Ac
751 2205 791 2229 re
809 2205 894 2229 vera
920 2205 962 2230 ex
981 2191 1040 2228 illa

392 2249 519 2286 ssuvius
540 2249 705 2300 provenit
731 2249 901 2297 regione,
932 2261 1039 2297 quam

393 2306 598 2343 Armeniam
615 2310 789 2343 vocarunt
813 2309 966 2352 veteres,
988 2305 1040 2340 vi-

394 2362 509 2399 cinam
533 2362 811 2412 Cappadociae,
840 2374 957 2411 prope
980 2373 1040 2396 ur-

394 2419 498 2465 bem,
530 2431 622 2468 quae
652 2431 747 2455 nunc
778 2417 907 2454 dicitur
927 2416 1041 2453 Erze-

393 2487 472 2511 rum
518 2488 546 2511 s.
580 2474 773 2520 Arzernm,
812 2474 849 2509 in
880 2473 1040 2510 eiusdem

395 2530 549 2567 nominis
568 2531 763 2580 provincia.
810 2529 918 2566 Conf.
937 2529 1041 2565 Brei-

395 2599 471 2634 ger.
492 2587 538 2624 de
557 2587 690 2624 difficil.
711 2585 1040 2634 Geogr.Herodot.

395 2654 481 2691 pag.
515 2644 569 2684 39
597 2655 700 2692 seqq.
743 2641 904 2692 pluribus
930 2642 967 2677 in
998 2653 1042 2678 ea

396 2697 475 2746 ipsa
502 2699 763 2747 inquirentem,
791 2697 868 2735 coll.
889 2697 1042 2735 Rennel.

396 2764 481 2803 pag.
502 2753 594 2794 505.
613 2754 735 2791 Szabo
754 2754 936 2805 Descript.
953 2753 1045 2791 Per-

398 2807 459 2844 sic.
483 2807 608 2859 imper.
638 2810 892 2860 (Heidelberg.
915 2810 1042 2859 1810)

397 2875 483 2914 pag.
505 2865 559 2904 38
583 2878 659 2914 seq.

1163 787 1255 835 ἐξίει
1279 784 1321 827 δὲ
1345 780 1462 833 οὗτος
1486 785 1525 832 ἒς
1554 783 1627 836 τήν
1646 781 1755 838 Ἐρυ-

1108 843 1217 896 θρὴν
1236 841 1471 894 θάλασσαν]
1495 844 1657 881 Rubrum
1680 855 1756 880 ina-

1109 915 1169 948 re,
1201 902 1273 950 qus»
1304 901 1393 938 alias
1417 914 1490 937 non
1517 900 1630 937 solum
1658 900 1755 936 sinus

1108 957 1302 1003 Arabicus,
1332 957 1397 994 scd
1428 961 1541 994 totum
1573 957 1673 1006 quod
1692 968 1757 992 vo-

1108 1026 1227 1051 camus
1255 1013 1416 1050 Indicum
1447 1026 1546 1058 mare
1574 1013 1644 1049 una
1677 1023 1756 1048 cum

1107 1071 1187 1107 sinu
1224 1067 1379 1106 Arabico
1413 1068 1632 1117 Persicoque
1660 1068 1758 1105 desi-

1108 1130 1239 1175 gnatur
1277 1125 1399 1174 (conf.
1433 1129 1524 1161 nott.
1554 1125 1602 1161 ad
1628 1124 1666 1170 1,
1689 1124 1756 1171 1),

1108 1183 1165 1219 hic
1185 1183 1230 1220 de
1247 1195 1319 1219 uno
1344 1182 1423 1218 sinu
1453 1181 1598 1219 Persico
1628 1179 1758 1218 intelli-

1109 1252 1196 1288 gere
1227 1238 1330 1285 licet,
1370 1238 1431 1287 qui
1460 1238 1559 1287 apud
1587 1237 1758 1274 Herodo-

1108 1301 1184 1333 tum
1203 1308 1275 1332 non
1289 1294 1360 1331 alia
1371 1293 1615 1344 appellatione
1635 1305 1758 1330 occur-

1107 1353 1163 1389 rit.
1221 1351 1331 1389 Unde
1372 1351 1612 1387 coniecturam
1659 1348 1758 1385 ducit

1107 1408 1233 1455 Heyse
1271 1407 1335 1453 (in
1363 1407 1529 1449 Quaestt.
1560 1405 1757 1443 Herodott.

1110 1464 1209 1510 104)
1234 1463 1270 1499 in
1291 1463 1360 1499 hoc
1379 1463 1458 1498 sinu
1476 1475 1548 1498 non
1563 1462 1757 1510 navigasse

1106 1520 1356 1565 Herodotum,
1386 1531 1505 1567 neque
1534 1518 1679 1554 omnino
1698 1517 1758 1554 In-

1108 1576 1177 1613 dici
1203 1575 1310 1612 maris
1340 1587 1439 1611 oram
1458 1574 1653 1611 accuratius
1673 1586 1758 1624 per-

1109 1636 1267 1682 spectam
1297 1631 1478 1667 habuisse.
1546 1631 1686 1667 Confer
1710 1630 1758 1666 de

1107 1688 1163 1725 his
1184 1700 1329 1736 quoque
1347 1685 1499 1724 Rennel.
1521 1685 1543 1723 l.
1563 1686 1586 1723 l.
1610 1699 1646 1736 p.
1661 1686 1755 1726 463.

1107 1743 1271 1791 Breiger.
1311 1743 1333 1779 l.
1366 1743 1389 1779 l.
1420 1755 1505 1792 pag.
1533 1744 1583 1783 11
1618 1755 1694 1790 seq.
1720 1745 1758 1779 et

1110 1812 1219 1849 supra
1239 1800 1286 1835 ad
1308 1798 1345 1846 1,
1367 1800 1389 1839 1
1411 1799 1597 1835 adnotata.
1613 1819 1670 1826 —
1697 1796 1757 1835 De

1107 1856 1226 1893 forma
1244 1854 1336 1902 ἐξίει
1351 1855 1443 1891 conf.
1464 1867 1573 1905 supra
1593 1855 1642 1891 ad*
1661 1854 1696 1901 I,
1718 1855 1755 1894 6.

1164 1908 1207 1951 τό
1239 1906 1294 1950 ὦν
1326 1908 1374 1961 δὴ
1416 1915 1540 1962 τεῖχος
1570 1905 1757 1961 ἑκάτερον

1109 1964 1203 2013 τοῦς
1225 1963 1408 2020 εἷγκῶνας
1435 1966 1473 2014 ἐς
1492 1965 1559 2006 τὸν
1577 1963 1757 2017 ποταμόν

1110 2020 1315 2075 ἐλήλαται]
1351 2025 1373 2060 i.
1407 2037 1437 2062 e.
1476 2037 1599 2060 murus
1631 2023 1757 2060 utrim-

1109 2094 1180 2130 que
1199 2081 1241 2128 (i.
1260 2094 1290 2119 e.
1310 2080 1354 2116 ab
1370 2084 1521 2129 utraque
1542 2080 1637 2116 fluvii
1657 2079 1754 2129 ripa)

1110 2136 1254 2173 brachia
1285 2137 1395 2173 habet
1433 2136 1480 2172 ad
1510 2136 1655 2172 fluvium
1689 2135 1756 2172 de-

1108 2193 1215 2229 ducta
1253 2206 1280 2229 s.
1312 2193 1401 2228 muri
1433 2191 1579 2228 brachia
1611 2196 1687 2227 tum
1716 2191 1753 2227 in

1106 2248 1268 2285 orientali
1286 2253 1359 2284 tum
1390 2248 1425 2283 in
1453 2247 1663 2284 occidentali
1692 2259 1754 2282 ur-

1106 2305 1160 2341 bis
1183 2309 1285 2354 parte
1307 2305 1354 2340 ad
1374 2304 1532 2351 fluvium,
1554 2303 1615 2352 qui
1629 2303 1754 2340 urbem

1106 2360 1256 2408 dividit,
1286 2361 1478 2410 pertinent.
1538 2359 1674 2406 „Quod
1697 2372 1755 2396 se-

1107 2417 1229 2465 quitur
1250 2414 1294 2455 τό
1313 2411 1389 2456 α’πὸ
1407 2411 1567 2463 τούτου,
1590 2415 1754 2464 intelligo

1109 2474 1155 2511 de
1184 2486 1227 2509 eo
1250 2473 1388 2524 spatio,
1419 2473 1518 2521 quod
1551 2473 1630 2522 ripa
1656 2471 1755 2508 fluvii

1107 2530 1192 2566 inde
1207 2530 1252 2566 ab
1273 2542 1343 2566 uno
1361 2529 1452 2566 muri
1475 2529 1620 2565 brachio
1640 2540 1755 2577 usque

1107 2586 1156 2623 ad
1173 2585 1324 2623 alterum
1350 2585 1499 2622 obtinet.
1556 2584 1630 2622 Ubi
1658 2585 1754 2622 enim

1108 2642 1199 2679 muri
1227 2642 1370 2679 brachia
1390 2642 1537 2678 ssuxium
1558 2641 1752 2688 attingunt,

1107 2698 1195 2735 inde
1223 2699 1392 2735 inflexam
1429 2698 1517 2734 dicit
1554 2696 1753 2746 procedere

1107 2754 1276 2803 utrinque
1306 2754 1354 2802 (i.
1385 2767 1417 2792 e.
1443 2753 1541 2790 iuxta
1563 2757 1752 2801 utramque

1108 2810 1205 2847 ssuvii
1223 2810 1356 2860 ripam)
1375 2810 1565 2847 maceriam
1582 2821 1625 2846 ex
1644 2807 1752 2845 cocti-

1109 2865 1201 2904 libus
1240 2866 1434 2914 lateribus,
1483 2877 1575 2915 quae
1608 2865 1750 2912 utrique

1766 339 1822 382 85
