1909 3228
565 212 984 252 EUTERPE.
1034 214 1078 252 11.

1351 217 1436 257 523

187 319 294 364 κατὰ
323 319 377 362 τὰ
408 318 518 364 αὐτὰ
547 325 607 378 τῷ
637 323 802 380 Νείλῳ·
843 323 916 366 καὶ
945 328 1108 380 μᾶλλον
1137 325 1195 368 ἔτι
1225 323 1434 380 τοσούτῳ,

189 398 277 457 ὅσῳ
316 399 543 451 ἐλάσσονες
593 399 756 454 ἐόντες,
814 401 1098 459 ἀσθενέστεροι
1146 402 1198 446 τὰ
1246 401 1436 459 ῥεύματα

158 478 465 533 5παρέχονται.
509 482 589 524 εἰσὶ
617 481 662 525 δὲ
690 482 844 524 πολλοὶ
873 485 952 537 μὲν
978 483 1023 526 ἐν
1052 487 1104 539 τῇ
1133 484 1274 538 Συρίῃ
1301 498 1434 525 ποτα-

185 557 283 612 μοὶ,
313 559 464 601 πολλοὶ
495 560 539 603 δὲ
565 560 611 603 ἐν
639 565 691 617 τῇ
719 560 883 617 Λιβύῃ,
922 565 964 605 οἳ
993 561 1122 605 οὐδὲν
1149 565 1320 605 τοιοῦτο
1351 560 1434 603 ποῖ-

63 634 125 679 21
187 647 338 690 σχουσι
369 635 464 681 οἶόν
492 655 532 681 τι
561 640 631 682 καὶ
668 637 690 682 ὁ
721 643 890 690 Νεῖλος.
946 639 1003 682 Ἡ
1025 640 1069 684 δ’
1108 641 1252 697 ἑτέρη,
1283 638 1432 683 α’νεπι-
1445 642 1490 679 40

182 719 492 772 στημονεστὲρη
521 716 599 772 μέν
628 717 714 760 ἐστι
743 721 816 773 τῆς
845 718 1112 774 λελεγμένης,
1151 719 1263 777 λόγῳ
1297 720 1341 762 δὲ
1373 720 1432 761 εἰ-

182 799 301 844 πεῖν,
341 796 704 850 θωυμασιωτέρη·

762 795 791 851 ἢ
830 795 940 851 λέγει
973 796 1057 839 ἀπὸ
1095 802 1175 840 τοῦ
1221 797 1434 841 Ὠκεανοῦ

185 871 340 926 ῥέοντα
370 872 501 916 αὐτὸν
531 878 666 916 ταῦτα
695 879 994 931 μηχανᾶσθαι,
1033 876 1111 918 τόν
1148 875 1193 918 δ’
1224 877 1433 919 Ὠκεανὸν

182 1166 257 1206 εἰσὶ
277 1165 318 1206 δὲ
337 1168 472 1208 πολλοὶ
487 1167 557 1220 μὲν
578 1169 619 1209 ἐν
635 1172 684 1222 τῇ
698 1172 772 1207 Συ-

125 1222 190 1277 ρίῃ
213 1225 380 1275 ποταμοὶ
399 1242 433 1264 κ.
453 1242 483 1264 τ.
506 1226 553 1276 λ]
577 1228 676 1264 Haec
688 1226 772 1263 olim

124 1282 338 1327 quibusdam
364 1283 444 1320 ideo
473 1283 697 1332 displicuisse
717 1283 771 1318 vi-

123 1336 217 1383 deo,
248 1339 346 1386 quod
370 1339 464 1388 Syrii
486 1340 584 1376 fluvii
612 1352 684 1375 non
706 1339 772 1375 bo-

122 1404 221 1429 ream
243 1406 365 1430 versus
392 1408 490 1431 mare
520 1396 675 1440 intrant,
708 1408 770 1431 ve-

121 1460 199 1484 rum
221 1449 269 1485 ad
288 1450 400 1486 solem
411 1451 645 1487 occidentem.
667 1450 768 1492 Quos

123 1516 210 1541 sane
231 1506 326 1554 fugit
343 1507 470 1543 etesias
486 1520 559 1542 non
577 1507 694 1542 minus
712 1507 769 1542 di-

121 1561 153 1596 ci
178 1574 198 1597 e
227 1563 495 1611 septentrione,
536 1576 643 1612 quam
676 1563 769 1599 occi-

121 1617 231 1654 dente
243 1619 386 1666 flantes,
416 1624 585 1656 monente
598 1620 665 1655 iam
679 1619 771 1656 Dio-

119 1673 209 1709 doro
229 1673 258 1720 1,
278 1675 351 1721 39,
369 1675 412 1712 Α.
434 1675 615 1713 Aristotel.
628 1675 771 1713 Meteo-

119 1728 236 1777 rolog.
257 1730 305 1777 II,
324 1733 361 1771 6.

324 1814 355 1851 C
366 1827 432 1864 ap.
462 1815 564 1851 XXI.

177 1894 205 1946 ἦ
232 1892 274 1935 δ’
302 1894 429 1947 ἑτέρη,
463 1893 770 1947 ἀνεπιστημονε-

123 1951 236 2003 στέρη
269 1951 339 2003 μέν
367 1954 444 1992 ἐστι
467 1969 501 1991 κ.
527 1970 558 1992 τ.
580 1952 635 2003 λ.]
668 1955 771 1997 Quo-

121 2023 201 2046 cum
225 2011 319 2045 conf.
342 2023 436 2058 quae
462 2024 491 2046 c.
513 2012 565 2051 23
587 2010 770 2047 disserun-

120 2069 188 2102 tur.
228 2064 432 2102 Absurdam
461 2080 546 2104 vero
567 2067 658 2102 hane
685 2079 770 2102 cau-

122 2134 198 2158 sam
208 2121 344 2158 habent
355 2127 390 2158 et
400 2123 609 2159 Herodotus
632 2126 669 2158 et
680 2122 771 2158 Dio-

121 2179 230 2215 dorus
250 2176 278 2223 I,
291 2179 358 2226 37,
382 2179 480 2215 cuius
501 2184 666 2215 auctores
682 2178 770 2214 fuis-

123 2247 161 2271 se
179 2235 344 2271 dicuntur
360 2236 566 2272 sacerdotes
588 2235 769 2283 Aegyptii.

121 2289 211 2327 Inde
237 2291 370 2326 tradita
396 2292 602 2340 perhibetur
628 2292 672 2327 ab
694 2290 770 2326 Eu-

121 2346 290 2394 thymene
309 2346 540 2393 Massiliensi,
572 2352 610 2383 ut
628 2348 769 2384 Seneca

121 2401 143 2437 l.
174 2401 196 2437 l.
223 2405 330 2449 atque
361 2403 539 2440 Plutarch.
571 2404 617 2440 de
645 2403 767 2439 Placit.

122 2456 250 2505 philos.
270 2458 319 2494 IV
346 2472 381 2507 p.
402 2460 495 2505 897,
521 2459 551 2496 F
576 2463 765 2496 testantur.

123 2512 234 2548 Haud
251 2513 352 2550 aliter
360 2514 618 2552 Dicaearchum
632 2528 674 2552 ex
692 2527 766 2550 ma-

124 2567 152 2604 ri
175 2566 353 2605 Atlantico
374 2570 496 2606 Nilum
520 2571 656 2607 effundi
685 2583 767 2607 cen-

123 2624 238 2660 suisse
257 2637 300 2661 ex
314 2624 423 2662 Laur.
440 2625 532 2674 Lyd.
552 2627 572 2662 l.
591 2627 612 2662 l.
631 2639 666 2674 p.
687 2626 767 2666 264

124 2680 305 2716 discimus.
346 2679 398 2717 Ac
420 2682 575 2730 denique
594 2682 769 2719 Hecataei

122 2735 275 2783 Milesii,
310 2749 415 2785 quem
440 2742 524 2774 ante
545 2738 770 2774 Herodotum

122 2791 326 2841 Aegyptum
338 2793 501 2830 invisisse
515 2798 549 2830 et
561 2794 771 2842 descripsis-

122 2860 161 2884 se
188 2853 347 2896 constat,
387 2849 444 2886 illa
470 2862 613 2899 quoque
649 2851 768 2899 opinio

61 956 124 1000 22
182 954 265 1005 γῆν
292 952 390 1005 περὶ
419 956 564 996 πᾶσαν
594 952 715 1008 ῥέειν.
767 952 825 996 ‘H
848 954 892 997 δὲ
913 956 1031 1010 τρίτη
1053 958 1139 998 τῶν
1164 955 1300 1008 ὁδῶν,
1324 960 1432 998 πολ-

839 1170 924 1217 suit,
964 1172 1009 1208 ab
1039 1171 1252 1220 Herodoto,
1281 1172 1341 1221 qui
1367 1172 1489 1210 subin-

840 1227 886 1264 de
913 1227 1068 1264 severius
1090 1228 1263 1266 Hecataei
1292 1230 1387 1265 dicta
1405 1241 1489 1278 per-

839 1284 1002 1331 stringit,
1032 1285 1191 1321 acerbius
1217 1289 1353 1321 notata.
1380 1285 1487 1321 Conf.

837 1338 1239 1377 Dahlmannflerodot.
1258 1354 1294 1391 p.
1310 1340 1388 1381 114
1409 1353 1486 1389 seq.

838 1395 967 1432 Ukert.
998 1396 1208 1445 Geograph.
1238 1397 1275 1443 Ι,
1306 1400 1332 1437 2
1359 1410 1394 1445 p.
1423 1399 1488 1437 26.

838 1451 930 1490 2Ι5.
969 1451 1145 1488 Hecataei
1183 1451 1299 1488 locum
1327 1453 1372 1488 de
1400 1451 1488 1488 Nilo

837 1507 989 1543 servavit
1018 1507 1208 1544 Scholiast.
1229 1507 1346 1557 Apoll.
1366 1507 1487 1544 Rhod.

837 1561 900 1608 IV,
922 1564 1015 1604 259.
1056 1564 1125 1600 Hic
1151 1564 1245 1600 enim
1264 1564 1490 1601 existimave-

837 1623 905 1665 rat,
926 1624 1058 1656 terram
1079 1620 1115 1656 in
1135 1621 1225 1656 duas
1243 1624 1364 1670 partes
1386 1620 1488 1668 quasi

838 1676 1011 1722 divisam,
1075 1677 1222 1713 Oceano
1281 1676 1486 1713 circumflui.

839 1731 944 1774 Quae
962 1733 1028 1768 fuit
1044 1732 1195 1769 Homeri
1222 1737 1258 1770 et
1282 1732 1489 1781 antiquissi-

837 1800 976 1824 morum
1023 1793 1211 1837 poetarum
1265 1788 1488 1824 Graecorum

838 1843 1035 1890 sententia,
1078 1845 1139 1892 qui
1172 1847 1303 1879 terram
1341 1843 1486 1892 planam

837 1903 873 1936 et
910 1899 1048 1935 Oceani
1073 1898 1201 1936 circulo
1231 1899 1486 1935 circumdatam

837 1967 916 1991 esse
941 1960 1133 2002 putarunt,
1177 1960 1268 1991 teste
1297 1955 1486 1991 Bredowio

836 2011 872 2046 in
895 2009 1124 2102 IIIIJranolog,
1170 2010 1348 2047 Herodot.
1390 2023 1487 2061 spec.

835 2080 872 2117 p.
949 2094 957 2101 .

1031 2149 1062 2186 c
1076 2161 1142 2199 ap.
1172 2148 1290 2185 xxii.

892 2231 921 2283 ἦ
943 2230 984 2271 δὲ
1001 2233 1108 2284 τρίτη
1131 2235 1210 2270 τῶν
1229 2231 1484 2278 ὁδῶνκ.τ.λ.]

835 2290 943 2327 Hanc
972 2290 1185 2326 sententiam
1205 2291 1390 2338 professus
1409 2292 1486 2325 erat

835 2345 1071 2394 Anaxagoras
1085 2358 1239 2394 eumque
1259 2350 1398 2382 secutus
1409 2345 1485 2381 Eu-

835 2403 968 2452 ripides
990 2403 1024 2438 in
1045 2404 1172 2448 fragm.
1194 2414 1236 2438 ex
1252 2401 1391 2438 Archel.
1410 2405 1485 2437 tra-

836 2459 943 2507 goed.
975 2462 1009 2495 et
1034 2458 1069 2494 in
1097 2458 1224 2494 Helen.
1253 2461 1276 2498 3
1314 2461 1484 2494 monente

835 2515 998 2552 Diodoro
1018 2514 1045 2560 Ι,
1065 2516 1131 2560 38,
1151 2514 1211 2562 qui
1228 2513 1320 2550 hanc
1338 2518 1482 2550 senten-

836 2571 921 2607 tiam
931 2583 1045 2618 aeque
1055 2583 1096 2606 ac
1108 2569 1242 2606 Noster
1252 2569 1482 2606 refellendam

837 2627 903 2663 sibi
925 2627 1068 2673 sumsit,
1098 2626 1296 2674 iisdemque
1322 2627 1397 2663 fere
1424 2638 1483 2661 ar-

838 2683 1017 2731 gumentis
1035 2682 1268 2732 impugnavit,
1290 2682 1356 2718 hoc
1376 2694 1482 2731 prae-

837 2744 936 2776 terea
956 2739 1107 2785 addens,
1140 2738 1168 2774 si
1187 2738 1242 2775 vel
1255 2738 1325 2784 nix,
1336 2739 1371 2774 id
1383 2738 1480 2786 quod
1525 2762 1528 2764 v

837 2795 895 2830 vix
915 2794 1100 2844 probabile
1123 2795 1249 2840 suerit,
1279 2794 1314 2830 in
1333 2793 1480 2831 Aethio-

837 2852 898 2900 pia
917 2852 1087 2889 cecidisse
1107 2856 1278 2898 sumatur,
1305 2851 1389 2889 inde
1412 2850 1480 2888 Ni-
