1909 3228
600 183 1121 223 EUTERPE.11.

1400 185 1485 225 795

187 295 379 345 4δουλος
408 294 454 339 δὲ
486 295 696 339 Αἰσώπου
726 298 805 338 τοῦ
831 298 1081 349 λογοποιοῦ.
1135 293 1208 336 καὶ
1238 291 1320 348 γὰρ
1353 286 1540 342 miros-55

210 372 436 428 Ἰάδμονος
477 375 667 430 ἐγένετο,
728 372 786 424 ὥς
826 374 982 425 διέδεξε
1024 375 1125 431 τῇδε
1168 370 1250 416 οὐκ
1302 370 1480 427 ἥκιστα·

215 453 306 496 ἐπεί
332 471 376 497 τε
406 456 486 510 γὰρ
518 453 726 504 πολλάκις
756 452 1068 509 κηρυσσόντων
1091 455 1283 507 Δελφῶν
1302 450 1347 493 ἐκ
1379 455 1483 492 θεο-

215 535 410 587 προπίου
449 534 534 586 ,,ὂς
565 532 770 590 βούλοιτο
800 532 958 588 ποινὴν
988 537 1062 588 τῆς
1101 531 1312 575 Αἰσώπου
1343 533 1484 584 ψυχῆς

216 611 526 665 ,,τένελέσθαι,“
569 612 696 663 ἄλλος
732 613 811 667 μὲν
852 611 998 662 οὐδεὶς
1039 610 1206 667 ἐφάνη,
1255 608 1483 666 Ἰάδμονος

161 808 236 853 61,
261 806 339 842 coll.
360 821 395 856 p.
418 810 518 854 132,
549 822 628 845 cum
646 803 814 858 Ἰάδμων

159 862 281 899 Ionica
301 863 356 899 vel
382 863 528 900 Aeolica
559 865 721 901 eiusdem
748 877 815 901 no-

158 919 262 954 minis
281 919 397 955 forma
420 921 608 967 xideatur,
639 922 738 970 quod
758 934 813 957 re·

157 974 263 1024 liquis
303 976 537 1025 scriptoribus
588 978 634 1013 sit
665 974 814 1026 Ἴδμων

159 1031 210 1079 (ἰ.
239 1044 273 1080 q.
305 1030 448 1080 σοφὸς,
479 1036 636 1082 sapiens,
673 1036 814 1080 sciens).

159 1088 266 1125 Conf.
287 1090 395 1127 etiam
423 1090 582 1126 Schultz.
605 1090 626 1127 l.
648 1090 669 1126 l.
690 1104 726 1141 p.
747 1090 813 1131 24.

216 1140 435 1191 σύνδουλος
462 1144 502 1184 δὲ
527 1142 719 1185 Αἰσώπου
742 1149 815 1184 τοῦ

159 1200 390 1252 λογοποιοῦ]
419 1202 477 1240 1)6
508 1208 689 1240 structura
717 1204 813 1240 vocis

161 1254 380 1304 σύνδουλος
402 1272 481 1295 cum
495 1260 654 1308 genitivo
674 1260 814 1296 monuit

159 1312 291 1350 Matth.
315 1315 380 1352 Gr.
404 1316 468 1351 Gr.
493 1330 528 1366 p.
550 1318 631 1356 740
656 1329 731 1364 seq.
758 1337 814 1344 -—

159 1367 369 1421 λογοποιὸν
401 1384 485 1407 611111
515 1372 727 1408 Herodotus
752 1385 817 1408 vo-

160 1431 232 1472 cat,
247 1429 309 1475 qui
326 1427 498 1476 quidquid
519 1432 673 1473 enarrat,
696 1428 814 1477 refert,

161 1496 269 1519 sensu
297 1483 434 1528 latior'13
465 1484 562 1520 unde
587 1489 623 1521 et
649 1485 815 1520 historia—

158 1551 234 1575 rum
281 1541 481 1589 scriptorem
530 1544 566 1576 et
606 1540 818 1590 fabularum

158 1599 376 1632 narratorem
406 1610 476 1633 vox
502 1596 646 1633 indicat.
707 1598 816 1634 Conf.

160 1652 213 1697 ll,
235 1653 325 1694 143.
356 1653 402 1699 V,
420 1654 473 1693 36
504 1657 540 1689 et
557 1653 727 1691 Creuzer.
757 1654 816 1690 die

160 1709 285 1745 histor.
308 1709 432 1745 Kunst
450 1710 486 1745 d.
506 1709 650 1746 Griech.
672 1724 707 1759 p.
725 1713 815 1750 177.

160 1765 236 1801 Sed
278 1770 373 1802 recte
409 1767 556 1810 facere,
605 1767 665 1814 qui
701 1769 814 1817 λογο-

160 1817 276 1859 ποιὸν
298 1821 475 1870 accipiant
497 1820 707 1870 fabularum
728 1823 818 1858 scri-

156 1880 310 1927 ptorem,
350 1882 461 1925 negat
492 1878 661 1915 Grauert.
693 1878 772 1915 loco
792 1878 815 1915 1.

161 1946 245 1984 pag.
267 1933 319 1974 41
334 1962 344 1981 ,
376 1947 456 1970 cum
476 1933 542 1970 hac
559 1947 646 1971 voce
677 1936 731 1981 is,
757 1936 819 1983 qui

155 1989 308 2040 fabulas
336 1992 637 2038 comrnz'rzz'scatztr,
676 1991 816 2039 signifi-

161 2051 282 2092 cetur,
313 2059 387 2082 nou
410 2047 497 2083 item
526 2049 588 2096 qui
615 2049 817 2096 scripserit‚·

161 2107 201 2139 ut
230 2103 323 2139 adeo
354 2101 492 2139 Plinius
512 2102 546 2139 h.
576 2116 611 2139 n.
644 2103 816 2150 XXXVI,

165 2162 217 2201 12
254 2164 418 2196 accurate
442 2164 480 2196 et
505 2160 667 2196 consulto
698 2160 817 2196 Aeso-

160 2228 248 2265 pum
269 2214 458 2265 appellarit
471 2215 682 2265 fabularum
698 2216 815 2266 philo—

160 2271 324 2320 sophum,
354 2284 428 2308 non
448 2275 659 2321 scriptorem.
717 2272 816 2310 Alias

163 2327 445 2376 significationes
474 2329 635 2366 eiusdem
652 2328 817 2366 vocabuli

162 2384 266 2432 attigi
284 2383 330 2419 ad
344 2384 491 2422 Ctesiae
511 2386 676 2434 fragmm.
696 2400 732 2436 p.
749 2387 814 2426 83.

167 2460 214 2467 —-
246 2439 305 2476 De
332 2439 412 2489 ipso
451 2441 599 2491 Aesopo
626 2444 815 2492 disputare

164 2500 201 2533 et
222 2496 373 2544 longum
392 2500 427 2533 et
448 2497 493 2533 ab
524 2497 594 2535 hoc
621 2498 699 2535 loco
728 2498 816 2535 alie-

163 2566 271 2597 num3
302 2552 472 2589 disseruit
498 2553 681 2602 pluribus,
721 2567 815 2603 quae

163 2609 211 2645 ad
229 2608 412 2657 Aesopum
434 2615 623 2658 spectant,
645 2611 813 2647 Grauert.

163 2666 200 2701 in
220 2664 476 2701 dissertatione
503 2665 672 2713 laudata,
702 2679 744 2704 ac
767 2667 812 2703 si-

164 2721 315 2769 gillatim
343 2720 389 2757 de
420 2721 494 2757 eius
527 2723 666 2771 patria,
705 2735 815 2770 quani

163 2778 373 2815 Herodotus
396 2780 503 2824 tacet,
524 2790 608 2828 pag.
624 2778 678 2820 64
699 2773 816 2828 seqq„

164 2834 211 2872 de
227 2838 413 2884 tempore,
441 2846 513 2882 quo
534 2835 696 2873 floruerit
713 2849 749 2886 p.
761 2836 812 2875 31

882 829 938 835 -——
958 806 1013 848 34
1031 836 1041 853 ,
1081 807 1171 844 circa
1203 805 1541 854 quinquagesimam

881 864 958 900 fere
994 862 1272 912 Olympiadem3
1312 863 1408 898 unde
1443 874 1541 897 mor-

882 923 983 956 tuum
1005 932 1085 956 esse
1116 918 1301 968 Aesopum
1321 917 1542 966 Olympiade

882 976 1183 1025 quinquagesima
1201 980 1333 1023 quarta
1359 974 1419 1010 alii
1443 973 1541 1009 haud

882 1032 976 1069 male
1001 1038 1160 1069 statuere
1179 1032 1360 1067 videntur.
1392 1029 1453 1067 Tu
1469 1029 1541 1065 vid.

882 1089 1110 1140 potissimum
1139 1087 1300 1124 Schultz.
1332 1086 1354 1123 l.
1378 1086 1399 1122 l.
1430 1100 1465 1135 p.
1487 1087 1542 1126 38

884 1145 962 1182 coll.
993 1145 1071 1191 24,
1113 1145 1208 1193 qui,
1250 1157 1329 1180 cum
1373 1144 1541 1191 Aesopus

883 1207 967 1238 ante
989 1201 1248 1250 Olympiadem
1279 1199 1543 1248 quinquagesi-

883 1272 979 1295 mum
1015 1259 1209 1294 secundam
1239 1255 1340 1292 Sami
1367 1256 1475 1292 suerit
1504 1256 1542 1291 in

887 1315 1058 1352 servitute
1081 1343 1091 1360 ‚
1150 1314 1198 1350 ad
1242 1313 1334 1350 hanc
1386 1312 1543 1348 eandem

886 1371 1144 1419 Olympiadem
1189 1374 1226 1406 et
1276 1369 1462 1417 Aesopum
1506 1371 1543 1405 et

884 1426 1142 1475 Rhodopidem
1164 1427 1285 1462 refert.
1346 1425 1451 1467 Quae
1480 1437 1544 1461 ve-

885 1496 925 1519 ro
965 1482 1175 1518 Plutarchus
1217 1482 1281 1518 vit.
1317 1480 1442 1516 Solon.
1473 1482 1542 1526 28,

886 1538 1018 1586 aliique
1038 1542 1185 1574 narrant
1205 1539 1250 1574 de
1269 1539 1418 1586 Aesopo
1443 1536 1543 1585 apud

886 1595 1064 1631 Croesum
1093 1598 1340 1631 commorante
1374 1605 1417 1630 eo
1448 1597 1543 1628 tem-

884 1664 996 1701 pore,
1027 1664 1098 1699 quo
1119 1651 1234 1687 Solon
1251 1650 1387 1686 Sardes
1413 1647 1543 1685 adierit

886 1721 968 1744 cum
993 1708 1140 1756 Aesopo
1181 1712 1217 1744 et·
1252 1707 1331 1756 ipso
1368 1705 1542 1741 confabu—

885 1763 977 1810 lans,
997 1777 1038 1800 ea
1060 1763 1158 1799 haud
1179 1776 1265 1799 vera
1289 1762 1399 1798 habet
1421 1761 1542 1797 Grau-

887 1825 952 1857 ert.
984 1819 1005 1856 l.
1035 1819 1057 1855 l.
1098 1831 1184 1869 pag.
1206 1817 1259 1860 44
1279 1839 1335 1845 —
1356 1818 1432 1863 52,
1465 1817 1539 1865 qui,

887 1890 967 1912 cum
978 1875 1148 1913 Solonem
1170 1875 1267 1925 apud
1280 1876 1457 1911 Croesum
1475 1886 1542 1909 un-

886 1944 994 1981 quam
1018 1937 1279 1968 commoratum
1307 1944 1388 1968 esse
1413 1934 1540 1978 negat,

885 1990 1071 2037 Aesopum
1106 2001 1251 2037 quoque
1290 1987 1422 2024 ibidem
1461 1999 1542 2022 cum

885 2045 1022 2081 Solone
1039 2044 1262 2082 confabulari
1283 2057 1358 2081 non
1373 2043 1541 2094 potuisse

885 2102 1082 2138 contendit.

943 2156 1010 2196 καὶ
1050 2154 1123 2208 γεέρ
1177 2150 1295 2202 οὗτος
1334 2151 1542 2205 Ἰάδμονος

885 2212 1059 2265 ἐγένετο]
1090 2214 1112 2250 i.
1133 2227 1164 2251 e.
1195 2226 1274 2249 nam
1299 2217 1330 2249 et
1359 2212 1454 2248 lu'cce
1476 2210 1540 2249 Ia-

884 2271 1016 2308 dmonz's
1042 2283 1162 2307 servus
1172 2270 1266 2320 fait,
1284 2269 1450 2306 [admoui
1467 2281 1541 2304 ser-

882 2330 963 2365 virt.
1009 2328 1068 2364 Ad
1090 2327 1306 2364 locutionem
1326 2327 1419 2363 conf.
1443 2324 1541 2361 Mat-

885 2385 984 2422 thiae
1006 2384 1071 2420 Gr.
1095 2384 1160 2420 Gr.
1182 2396 1267 2433 pag.
1289 2385 1370 2424 620
1391 2386 1429 2419 et
1446 2394 1541 2430 qnae

883 2441 955 2478 alia
974 2454 993 2478 e
1012 2440 1163 2477 Graecis
1184 2439 1371 2476 Latinisve
1389 2438 1542 2488 scripto-

883 2498 980 2534 ribus
1006 2497 1040 2533 h.
1062 2496 1085 2533 l.
1117 2496 1236 2532 attulit
1264 2495 1540 2532 Valckenarius.

882 2575 938 2581 —-
966 2552 1024 2590 De
1052 2566 1121 2589 usu
1158 2552 1358 2602 particulae
1397 2550 1471 2602 γάρ
1502 2550 1539 2587 in

882 2610 1044 2659 proxime
1074 2609 1308 2657 sequentibus
1338 2609 1432 2644 cons.
1462 2611 1538 2643 not.

882 2666 930 2702 ad
949 2665 982 2701 ΙΙ
995 2694 1005 2711 ,
1029 2668 1118 2705 116.

940 2718 980 2767 ὃς
1001 2717 1184 2772 βούλοιτο
1204 2717 1354 2771 ποινήν
1374 2721 1447 2768 τῆς
1465 2719 1536 2758 Αἰ-

886 2774 1023 2816 σώπου
1043 2780 1178 2828 ψυχῆς
1204 2773 1432 2827 α’νελέσθαι]
1463 2777 1486 2813 i.
1507 2789 1538 2813 e.

886 2836 919 2872 si
938 2836 1016 2884 quis
1030 2847 1177 2886 poenam
1187 2838 1334 2885 repetere
1343 2833 1445 2872 vellet
1462 2845 1538 2870 cae-
