<?xml version="1.0" encoding="UTF-8"?>
<!DOCTYPE html PUBLIC "-//W3C//DTD XHTML 1.0 Transitional//EN"
    "http://www.w3.org/TR/xhtml1/DTD/xhtml1-transitional.dtd">
<html xmlns="http://www.w3.org/1999/xhtml" xml:lang="en" lang="en">
 <head>
  <title>
</title>
<meta http-equiv="Content-Type" content="text/html;charset=utf-8" />
  <meta name='ocr-system' content='tesseract 3.04.00' />
  <meta name='ocr-capabilities' content='ocr_page ocr_carea ocr_par ocr_line ocrx_word'/>
</head>
<body>
  <div class='ocr_page' id='page_1' title='image "./musaeherodoto01hero/musaeherodoto01hero_0465.png"; bbox 0 0 1909 3228; ppageno 0'>
   <div class='ocr_carea' id='block_1_1' title="bbox 630 250 935 292">
    <p class='ocr_par' dir='ltr' id='par_1_1' title="bbox 630 250 935 292">
     <span class='ocr_line' id='line_1_1' title="bbox 630 250 935 292; baseline 0 -1"><span class='ocrx_word' id='word_1_1' title='bbox 630 250 935 292; x_wconf 84' lang='lat' dir='ltr'><strong>cL10.1.</strong></span> 
     </span>
    </p>
   </div>
   <div class='ocr_carea' id='block_1_2' title="bbox 1330 253 1412 296">
    <p class='ocr_par' dir='ltr' id='par_1_2' title="bbox 1330 253 1412 296">
     <span class='ocr_line' id='line_1_2' title="bbox 1330 253 1412 296; baseline -0.024 0"><span class='ocrx_word' id='word_1_2' title='bbox 1330 253 1412 296; x_wconf 74' lang='lat'><strong>451</strong></span> 
     </span>
    </p>
   </div>
   <div class='ocr_carea' id='block_1_3' title="bbox 129 358 1469 498">
    <p class='ocr_par' dir='ltr' id='par_1_3' title="bbox 129 358 1469 498">
     <span class='ocr_line' id='line_1_3' title="bbox 157 358 1469 419; baseline -0.001 -14"><span class='ocrx_word' id='word_1_3' title='bbox 157 373 263 413; x_wconf 86' lang='grc' dir='ltr'><strong><em>σους</em></strong></span> <span class='ocrx_word' id='word_1_4' title='bbox 297 358 341 405; x_wconf 86' lang='grc' dir='ltr'><strong>δ’</strong></span> <span class='ocrx_word' id='word_1_5' title='bbox 380 360 428 404; x_wconf 86' lang='grc' dir='ltr'><strong><em>έν</em></strong></span> <span class='ocrx_word' id='word_1_6' title='bbox 467 360 612 419; x_wconf 78' lang='grc' dir='ltr'><strong><em>αὐτῷ,</em></strong></span> <span class='ocrx_word' id='word_1_7' title='bbox 661 361 815 419; x_wconf 83' lang='grc' dir='ltr'><strong><em>Λέσβῳ</em></strong></span> <span class='ocrx_word' id='word_1_8' title='bbox 855 361 1047 418; x_wconf 78' lang='grc' dir='ltr'><em>μεγάθεα</em></span> <span class='ocrx_word' id='word_1_9' title='bbox 1083 363 1469 418; x_wconf 82' lang='grc' dir='ltr'><strong><em>παραπλησίας,65</em></strong></span> 
     </span>
     <span class='ocr_line' id='line_1_4' title="bbox 129 439 1414 498; baseline 0.002 -15"><span class='ocrx_word' id='word_1_10' title='bbox 129 439 321 497; x_wconf 70' lang='grc' dir='ltr'><strong><em>Ξσυχνάς</em></strong></span> <span class='ocrx_word' id='word_1_11' title='bbox 350 453 459 496; x_wconf 86' lang='grc' dir='ltr'><strong><em>φασι</em></strong></span> <span class='ocrx_word' id='word_1_12' title='bbox 497 439 618 485; x_wconf 80' lang='grc' dir='ltr'><strong><em>εἶναι.</em></strong></span> <span class='ocrx_word' id='word_1_13' title='bbox 676 441 725 486; x_wconf 84' lang='grc' dir='ltr'><strong><em>έν</em></strong></span> <span class='ocrx_word' id='word_1_14' title='bbox 761 442 807 485; x_wconf 81' lang='grc' dir='ltr'><strong>δὲ</strong></span> <span class='ocrx_word' id='word_1_15' title='bbox 846 441 1001 498; x_wconf 80' lang='grc' dir='ltr'><strong><em>αὐτῇσι</em></strong></span> <span class='ocrx_word' id='word_1_16' title='bbox 1040 439 1325 497; x_wconf 73' lang='grc' dir='ltr'><strong><em>ἀνθρώπους,</em></strong></span> <span class='ocrx_word' id='word_1_17' title='bbox 1369 443 1414 485; x_wconf 78' lang='grc' dir='ltr'><strong><em>οἳ</em></strong></span> 
     </span>
    </p>
   </div>
   <div class='ocr_carea' id='block_1_4' title="bbox 155 519 1410 576">
    <p class='ocr_par' dir='ltr' id='par_1_4' title="bbox 155 519 1410 576">
     <span class='ocr_line' id='line_1_5' title="bbox 155 519 1410 576; baseline 0 -13"><span class='ocrx_word' id='word_1_18' title='bbox 155 520 371 564; x_wconf 88' lang='grc' dir='ltr'><strong><em>σιτέονται</em></strong></span> <span class='ocrx_word' id='word_1_19' title='bbox 399 520 478 575; x_wconf 79' lang='grc' dir='ltr'><strong><em>μὲν</em></strong></span> <span class='ocrx_word' id='word_1_20' title='bbox 508 521 625 576; x_wconf 82' lang='grc' dir='ltr'><em>ῥίζας</em></span> <span class='ocrx_word' id='word_1_21' title='bbox 651 519 701 564; x_wconf 84' lang='grc' dir='ltr'><strong>τὸ</strong></span> <span class='ocrx_word' id='word_1_22' title='bbox 739 519 873 575; x_wconf 86' lang='grc' dir='ltr'><strong><em>θέρος</em></strong></span> <span class='ocrx_word' id='word_1_23' title='bbox 903 520 1162 576; x_wconf 80' lang='grc' dir='ltr'><em>ὀρύσσοντες</em></span> <span class='ocrx_word' id='word_1_24' title='bbox 1187 521 1410 571; x_wconf 62' lang='grc' dir='ltr'><strong><em>παντοίας</em></strong></span> 
     </span>
    </p>
   </div>
   <div class='ocr_carea' id='block_1_5' title="bbox 160 598 1414 657">
    <p class='ocr_par' dir='ltr' id='par_1_5' title="bbox 160 598 1414 657">
     <span class='ocr_line' id='line_1_6' title="bbox 160 598 1414 657; baseline -0.001 -13"><span class='ocrx_word' id='word_1_25' title='bbox 160 599 358 655; x_wconf 76' lang='grc' dir='ltr'><strong><em>καρπούς</em></strong></span> <span class='ocrx_word' id='word_1_26' title='bbox 395 600 442 643; x_wconf 78' lang='grc' dir='ltr'><strong>δὲ</strong></span> <span class='ocrx_word' id='word_1_27' title='bbox 490 598 575 643; x_wconf 75' lang='grc' dir='ltr'><strong><em>ἀπὸ</em></strong></span> <span class='ocrx_word' id='word_1_28' title='bbox 624 599 840 654; x_wconf 82' lang='grc' dir='ltr'><em>δενδρέων</em></span> <span class='ocrx_word' id='word_1_29' title='bbox 889 600 1200 656; x_wconf 80' lang='grc' dir='ltr'><strong><em>ἐξευρημένους</em></strong></span> <span class='ocrx_word' id='word_1_30' title='bbox 1245 610 1324 657; x_wconf 85' lang='grc' dir='ltr'><strong>σφι</strong></span> <span class='ocrx_word' id='word_1_31' title='bbox 1370 599 1414 651; x_wconf 82' lang='grc' dir='ltr'><strong>ἐς</strong></span> 
     </span>
    </p>
   </div>
   <div class='ocr_carea' id='block_1_6' title="bbox 125 678 1469 896">
    <p class='ocr_par' dir='ltr' id='par_1_6' title="bbox 125 678 1469 896">
     <span class='ocr_line' id='line_1_7' title="bbox 156 678 1414 735; baseline 0 -13"><span class='ocrx_word' id='word_1_32' title='bbox 156 679 331 735; x_wconf 71' lang='grc' dir='ltr'><strong><em>φορβὴν</em></strong></span> <span class='ocrx_word' id='word_1_33' title='bbox 360 681 668 723; x_wconf 76' lang='grc' dir='ltr'><strong><em>κατατίθεσθαι</em></strong></span> <span class='ocrx_word' id='word_1_34' title='bbox 707 678 920 734; x_wconf 76' lang='grc' dir='ltr'><strong><em>ὠραίους,</em></strong></span> <span class='ocrx_word' id='word_1_35' title='bbox 976 681 1049 724; x_wconf 86' lang='grc' dir='ltr'><strong><em>καὶ</em></strong></span> <span class='ocrx_word' id='word_1_36' title='bbox 1089 679 1274 731; x_wconf 82' lang='grc' dir='ltr'><strong><em>τούτους</em></strong></span> <span class='ocrx_word' id='word_1_37' title='bbox 1310 678 1414 723; x_wconf 84' lang='grc' dir='ltr'><strong><em>σιτέ-</em></strong></span> 
     </span>
     <span class='ocr_line' id='line_1_8' title="bbox 125 757 1469 816; baseline -0.001 -14"><span class='ocrx_word' id='word_1_38' title='bbox 125 764 284 802; x_wconf 86' lang='grc' dir='ltr'><strong><em>3εσθαι</em></strong></span> <span class='ocrx_word' id='word_1_39' title='bbox 313 757 392 815; x_wconf 73' lang='grc' dir='ltr'><strong><em>τὴν</em></strong></span> <span class='ocrx_word' id='word_1_40' title='bbox 420 757 678 814; x_wconf 80' lang='grc' dir='ltr'><strong><em>χειμερινήν.</em></strong></span> <span class='ocrx_word' id='word_1_41' title='bbox 709 758 818 803; x_wconf 80' lang='grc' dir='ltr'><strong><em>ἄλλα</em></strong></span> <span class='ocrx_word' id='word_1_42' title='bbox 849 761 895 804; x_wconf 83' lang='grc' dir='ltr'><strong>δέ</strong></span> <span class='ocrx_word' id='word_1_43' title='bbox 925 772 1004 815; x_wconf 85' lang='grc' dir='ltr'><strong>σφι</strong></span> <span class='ocrx_word' id='word_1_44' title='bbox 1031 759 1290 816; x_wconf 79' lang='grc' dir='ltr'><strong><em>ἐξευρῆσθαι</em></strong></span> <span class='ocrx_word' id='word_1_45' title='bbox 1322 757 1469 803; x_wconf 85' lang='grc' dir='ltr'><strong><em>δέν-70</em></strong></span> 
     </span>
     <span class='ocr_line' id='line_1_9' title="bbox 155 837 1415 896; baseline 0 -14"><span class='ocrx_word' id='word_1_46' title='bbox 155 839 283 892; x_wconf 86' lang='grc' dir='ltr'><strong><em>δρεα,</em></strong></span> <span class='ocrx_word' id='word_1_47' title='bbox 313 837 511 892; x_wconf 83' lang='grc' dir='ltr'><strong><em>καρπούς</em></strong></span> <span class='ocrx_word' id='word_1_48' title='bbox 539 837 739 883; x_wconf 87' lang='grc' dir='ltr'><strong><em>τοιούσδε</em></strong></span> <span class='ocrx_word' id='word_1_49' title='bbox 767 840 889 891; x_wconf 84' lang='grc' dir='ltr'><strong><em>τινὰς</em></strong></span> <span class='ocrx_word' id='word_1_50' title='bbox 919 839 1132 896; x_wconf 83' lang='grc' dir='ltr'><strong><em>φέροντα,</em></strong></span> <span class='ocrx_word' id='word_1_51' title='bbox 1161 839 1289 891; x_wconf 81' lang='grc' dir='ltr'><strong><em>τοὺς,</em></strong></span> <span class='ocrx_word' id='word_1_52' title='bbox 1326 838 1415 882; x_wconf 79' lang='grc' dir='ltr'><strong><em>ἐπεί</em></strong></span> 
     </span>
    </p>
   </div>
   <div class='ocr_carea' id='block_1_7' title="bbox 153 915 1412 971">
    <p class='ocr_par' dir='ltr' id='par_1_7' title="bbox 153 915 1412 971">
     <span class='ocr_line' id='line_1_10' title="bbox 153 915 1412 971; baseline 0.001 -11"><span class='ocrx_word' id='word_1_53' title='bbox 153 933 197 961; x_wconf 87' lang='grc' dir='ltr'><strong>τε</strong></span> <span class='ocrx_word' id='word_1_54' title='bbox 227 916 281 960; x_wconf 76' lang='grc' dir='ltr'><strong><em>ἂν</em></strong></span> <span class='ocrx_word' id='word_1_55' title='bbox 320 916 363 968; x_wconf 79' lang='grc' dir='ltr'><strong>ἐς</strong></span> <span class='ocrx_word' id='word_1_56' title='bbox 399 915 540 962; x_wconf 88' lang='grc' dir='ltr'><strong>τωύτὸ</strong></span> <span class='ocrx_word' id='word_1_57' title='bbox 579 918 823 963; x_wconf 76' lang='grc' dir='ltr'><strong><em>συνέλθωσι</em></strong></span> <span class='ocrx_word' id='word_1_58' title='bbox 859 919 970 963; x_wconf 82' lang='grc' dir='ltr'><strong><em>κατὰ</em></strong></span> <span class='ocrx_word' id='word_1_59' title='bbox 1014 920 1153 971; x_wconf 82' lang='grc' dir='ltr'><strong><em>εἴλας,</em></strong></span> <span class='ocrx_word' id='word_1_60' title='bbox 1210 918 1286 962; x_wconf 83' lang='grc' dir='ltr'><strong><em>καὶ</em></strong></span> <span class='ocrx_word' id='word_1_61' title='bbox 1322 920 1412 971; x_wconf 86' lang='grc' dir='ltr'><strong>πῦρ</strong></span> 
     </span>
    </p>
   </div>
   <div class='ocr_carea' id='block_1_8' title="bbox 154 995 1416 1057">
    <p class='ocr_par' dir='ltr' id='par_1_8' title="bbox 154 995 1416 1057">
     <span class='ocr_line' id='line_1_11' title="bbox 154 995 1416 1057; baseline 0 -18"><span class='ocrx_word' id='word_1_62' title='bbox 154 995 513 1050; x_wconf 72' lang='grc' dir='ltr'><strong><em>ἀνακαύσωνται,</em></strong></span> <span class='ocrx_word' id='word_1_63' title='bbox 551 996 695 1057; x_wconf 83' lang='grc' dir='ltr'><strong><em>κύκλῳ</em></strong></span> <span class='ocrx_word' id='word_1_64' title='bbox 725 999 1050 1056; x_wconf 79' lang='grc' dir='ltr'><strong><em>περιϊζομένους</em></strong></span> <span class='ocrx_word' id='word_1_65' title='bbox 1078 996 1326 1054; x_wconf 78' lang='grc' dir='ltr'><strong><em>ἐπιβάλλειν</em></strong></span> <span class='ocrx_word' id='word_1_66' title='bbox 1347 997 1416 1040; x_wconf 80' lang='grc' dir='ltr'><strong><em>ἐπὶ</em></strong></span> 
     </span>
    </p>
   </div>
   <div class='ocr_carea' id='block_1_9' title="bbox 127 1074 1524 1371">
    <p class='ocr_par' dir='ltr' id='par_1_9' title="bbox 127 1074 1524 1371">
     <span class='ocr_line' id='line_1_12' title="bbox 153 1074 1524 1134; baseline 0 -15"><span class='ocrx_word' id='word_1_67' title='bbox 153 1075 202 1119; x_wconf 86' lang='grc' dir='ltr'><strong>τὸ</strong></span> <span class='ocrx_word' id='word_1_68' title='bbox 231 1079 340 1131; x_wconf 86' lang='grc' dir='ltr'><strong><em>πῦρ·</em></strong></span> <span class='ocrx_word' id='word_1_69' title='bbox 372 1074 749 1134; x_wconf 81' lang='grc' dir='ltr'><strong><em>ὀσφραινομένους</em></strong></span> <span class='ocrx_word' id='word_1_70' title='bbox 780 1079 826 1123; x_wconf 78' lang='grc' dir='ltr'><strong>δὲ</strong></span> <span class='ocrx_word' id='word_1_71' title='bbox 853 1079 1189 1134; x_wconf 75' lang='grc' dir='ltr'><strong><em>καταγιζομένου</em></strong></span> <span class='ocrx_word' id='word_1_72' title='bbox 1210 1081 1290 1120; x_wconf 88' lang='grc' dir='ltr'><strong><em>τοῦ</em></strong></span> <span class='ocrx_word' id='word_1_73' title='bbox 1311 1093 1414 1133; x_wconf 82' lang='grc' dir='ltr'><strong><em>καρ-</em></strong></span> <span class='ocrx_word' id='word_1_74' title='bbox 1469 1079 1524 1119; x_wconf 89' lang='grc'><strong>96</strong></span> 
     </span>
     <span class='ocr_line' id='line_1_13' title="bbox 152 1155 1411 1215; baseline 0.002 -18"><span class='ocrx_word' id='word_1_75' title='bbox 152 1158 241 1198; x_wconf 85' lang='grc' dir='ltr'><strong>ποῦ</strong></span> <span class='ocrx_word' id='word_1_76' title='bbox 267 1159 348 1198; x_wconf 87' lang='grc' dir='ltr'><strong><em>τοῦ</em></strong></span> <span class='ocrx_word' id='word_1_77' title='bbox 376 1155 740 1213; x_wconf 81' lang='grc' dir='ltr'><strong><em>ἐπιβαλλομένου,</em></strong></span> <span class='ocrx_word' id='word_1_78' title='bbox 770 1157 1071 1215; x_wconf 86' lang='grc' dir='ltr'><strong><em>μεθύσκεσθαι</em></strong></span> <span class='ocrx_word' id='word_1_79' title='bbox 1098 1161 1149 1213; x_wconf 78' lang='grc' dir='ltr'><strong>τῇ</strong></span> <span class='ocrx_word' id='word_1_80' title='bbox 1172 1156 1307 1213; x_wconf 80' lang='grc' dir='ltr'><strong><em>ὀδμῇ,</em></strong></span> <span class='ocrx_word' id='word_1_81' title='bbox 1337 1172 1411 1200; x_wconf 84' lang='grc' dir='ltr'><strong><em>κα-</em></strong></span> 
     </span>
     <span class='ocr_line' id='line_1_14' title="bbox 127 1232 1470 1296; baseline 0.001 -20"><span class='ocrx_word' id='word_1_82' title='bbox 127 1232 293 1288; x_wconf 79' lang='grc' dir='ltr'><strong><em>4τάπερ</em></strong></span> <span class='ocrx_word' id='word_1_83' title='bbox 312 1234 524 1292; x_wconf 82' lang='grc' dir='ltr'><strong><em>“’Ἐλληνας</em></strong></span> <span class='ocrx_word' id='word_1_84' title='bbox 558 1240 620 1296; x_wconf 77' lang='grc' dir='ltr'><strong>τῷ</strong></span> <span class='ocrx_word' id='word_1_85' title='bbox 660 1239 782 1294; x_wconf 82' lang='grc' dir='ltr'><strong><em>οἴνῳ.</em></strong></span> <span class='ocrx_word' id='word_1_86' title='bbox 839 1240 1026 1288; x_wconf 85' lang='grc' dir='ltr'><strong><em>πλεῦνος</em></strong></span> <span class='ocrx_word' id='word_1_87' title='bbox 1055 1236 1100 1280; x_wconf 79' lang='grc' dir='ltr'><strong>δὲ</strong></span> <span class='ocrx_word' id='word_1_88' title='bbox 1140 1233 1470 1291; x_wconf 79' lang='grc' dir='ltr'><strong><em>ἐπιβαλλομέ-Ίό</em></strong></span> 
     </span>
     <span class='ocr_line' id='line_1_15' title="bbox 154 1313 1414 1371; baseline 0.002 -15"><span class='ocrx_word' id='word_1_89' title='bbox 154 1329 240 1357; x_wconf 90' lang='grc' dir='ltr'><strong>νου</strong></span> <span class='ocrx_word' id='word_1_90' title='bbox 268 1317 348 1357; x_wconf 89' lang='grc' dir='ltr'><strong><em>τοῦ</em></strong></span> <span class='ocrx_word' id='word_1_91' title='bbox 375 1319 573 1369; x_wconf 82' lang='grc' dir='ltr'><strong><em>καρποῦ,</em></strong></span> <span class='ocrx_word' id='word_1_92' title='bbox 603 1319 769 1371; x_wconf 79' lang='grc' dir='ltr'><strong><em>μᾶλλον</em></strong></span> <span class='ocrx_word' id='word_1_93' title='bbox 798 1315 1117 1371; x_wconf 84' lang='grc' dir='ltr'><strong><em>μεθύσκεσθαι·</em></strong></span> <span class='ocrx_word' id='word_1_94' title='bbox 1148 1314 1190 1365; x_wconf 76' lang='grc' dir='ltr'><strong>ἐς</strong></span> <span class='ocrx_word' id='word_1_95' title='bbox 1218 1313 1244 1358; x_wconf 80' lang='grc' dir='ltr'>ὃ</span> <span class='ocrx_word' id='word_1_96' title='bbox 1273 1314 1315 1366; x_wconf 83' lang='grc' dir='ltr'><strong>ές</strong></span> <span class='ocrx_word' id='word_1_97' title='bbox 1343 1313 1414 1368; x_wconf 72' lang='grc' dir='ltr'><strong>ὄρ·</strong></span> 
     </span>
    </p>
   </div>
   <div class='ocr_carea' id='block_1_10' title="bbox 126 1391 1415 1530">
    <p class='ocr_par' dir='ltr' id='par_1_10' title="bbox 126 1391 1415 1530">
     <span class='ocr_line' id='line_1_16' title="bbox 154 1391 1413 1450; baseline 0 -15"><span class='ocrx_word' id='word_1_98' title='bbox 154 1393 281 1448; x_wconf 85' lang='grc' dir='ltr'><strong><em>χησίν</em></strong></span> <span class='ocrx_word' id='word_1_99' title='bbox 315 1408 360 1436; x_wconf 90' lang='grc' dir='ltr'><strong>τε</strong></span> <span class='ocrx_word' id='word_1_100' title='bbox 400 1391 682 1446; x_wconf 78' lang='grc' dir='ltr'><strong><em>ἀνίστασθαι,</em></strong></span> <span class='ocrx_word' id='word_1_101' title='bbox 729 1395 804 1439; x_wconf 87' lang='grc' dir='ltr'><strong><em>καὶ</em></strong></span> <span class='ocrx_word' id='word_1_102' title='bbox 843 1394 886 1446; x_wconf 82' lang='grc' dir='ltr'><strong>ἐς</strong></span> <span class='ocrx_word' id='word_1_103' title='bbox 925 1392 1082 1450; x_wconf 82' lang='grc' dir='ltr'><strong><em>αόιδὴν</em></strong></span> <span class='ocrx_word' id='word_1_104' title='bbox 1121 1391 1413 1437; x_wconf 80' lang='grc' dir='ltr'><strong><em>ἀπικνέεσθαι.</em></strong></span> 
     </span>
     <span class='ocr_line' id='line_1_17' title="bbox 126 1469 1415 1530; baseline 0.002 -17"><span class='ocrx_word' id='word_1_105' title='bbox 126 1469 328 1515; x_wconf 76' lang='grc' dir='ltr'><strong><em>ὄτούτων</em></strong></span> <span class='ocrx_word' id='word_1_106' title='bbox 356 1472 437 1528; x_wconf 79' lang='grc' dir='ltr'><strong><em>μὲν</em></strong></span> <span class='ocrx_word' id='word_1_107' title='bbox 465 1471 576 1530; x_wconf 81' lang='grc' dir='ltr'><strong><em>αὕτη</em></strong></span> <span class='ocrx_word' id='word_1_108' title='bbox 604 1471 772 1530; x_wconf 78' lang='grc' dir='ltr'><strong><em>λέγεται</em></strong></span> <span class='ocrx_word' id='word_1_109' title='bbox 800 1473 946 1518; x_wconf 83' lang='grc' dir='ltr'><strong><em>δίαιτα</em></strong></span> <span class='ocrx_word' id='word_1_110' title='bbox 972 1469 1096 1517; x_wconf 82' lang='grc' dir='ltr'><strong><em>εἶναι.</em></strong></span> <span class='ocrx_word' id='word_1_111' title='bbox 1137 1472 1188 1516; x_wconf 91' lang='grc' dir='ltr'>Ὅ</span> <span class='ocrx_word' id='word_1_112' title='bbox 1216 1473 1264 1517; x_wconf 80' lang='grc' dir='ltr'><strong>δὲ</strong></span> <span class='ocrx_word' id='word_1_113' title='bbox 1287 1470 1415 1529; x_wconf 81' lang='grc' dir='ltr'><strong>Ἀρά-</strong></span> 
     </span>
    </p>
   </div>
   <div class='ocr_carea' id='block_1_11' title="bbox 98 1592 374 1600">
    <p class='ocr_par' dir='ltr' id='par_1_11' title="bbox 98 1592 374 1600">
     <span class='ocr_line' id='line_1_18' title="bbox 98 1592 374 1600; baseline 0 1628"><span class='ocrx_word' id='word_1_114' title='bbox 98 1592 374 1600; x_wconf 95' lang='lat' dir='ltr'><strong> </strong></span> 
     </span>
    </p>
   </div>
   <div class='ocr_carea' id='block_1_12' title="bbox 97 1667 762 2894">
    <p class='ocr_par' dir='ltr' id='par_1_12' title="bbox 97 1667 755 2154">
     <span class='ocr_line' id='line_1_19' title="bbox 97 1667 754 1708; baseline 0.002 -3"><span class='ocrx_word' id='word_1_115' title='bbox 97 1668 135 1706; x_wconf 84' lang='lat' dir='ltr'><strong>in</strong></span> <span class='ocrx_word' id='word_1_116' title='bbox 162 1668 421 1706; x_wconf 84' lang='lat' dir='ltr'><strong>Commentatt.</strong></span> <span class='ocrx_word' id='word_1_117' title='bbox 452 1669 575 1708; x_wconf 82' lang='lat' dir='ltr'><strong>societ.</strong></span> <span class='ocrx_word' id='word_1_118' title='bbox 612 1667 754 1707; x_wconf 88' lang='lat' dir='ltr'><strong>Beroli-</strong></span> 
     </span>
     <span class='ocr_line' id='line_1_20' title="bbox 97 1725 753 1776; baseline 0.002 -14"><span class='ocrx_word' id='word_1_119' title='bbox 97 1737 200 1762; x_wconf 88' lang='lat' dir='ltr'><strong>nens.</strong></span> <span class='ocrx_word' id='word_1_120' title='bbox 221 1725 307 1762; x_wconf 84' lang='lat' dir='ltr'><strong>edit.</strong></span> <span class='ocrx_word' id='word_1_121' title='bbox 330 1726 436 1766; x_wconf 87' lang='lat'>1816</span> <span class='ocrx_word' id='word_1_122' title='bbox 454 1739 539 1776; x_wconf 86' lang='lat' dir='ltr'><strong>pag.</strong></span> <span class='ocrx_word' id='word_1_123' title='bbox 550 1728 655 1774; x_wconf 80' lang='lat'>222)</span> <span class='ocrx_word' id='word_1_124' title='bbox 673 1738 753 1763; x_wconf 88' lang='lat' dir='ltr'><strong>ma·-</strong></span> 
     </span>
     <span class='ocr_line' id='line_1_21' title="bbox 98 1780 754 1832; baseline 0.002 -15"><span class='ocrx_word' id='word_1_125' title='bbox 98 1781 214 1818; x_wconf 87' lang='lat' dir='ltr'><strong>iorem</strong></span> <span class='ocrx_word' id='word_1_126' title='bbox 236 1781 306 1817; x_wconf 88' lang='lat' dir='ltr'><strong>dici</strong></span> <span class='ocrx_word' id='word_1_127' title='bbox 325 1780 472 1817; x_wconf 85' lang='lat' dir='ltr'><strong>fluvium</strong></span> <span class='ocrx_word' id='word_1_128' title='bbox 493 1787 645 1828; x_wconf 84' lang='lat' dir='ltr'><strong>statuas,</strong></span> <span class='ocrx_word' id='word_1_129' title='bbox 665 1795 754 1832; x_wconf 87' lang='lat' dir='ltr'><strong>pro-</strong></span> 
     </span>
     <span class='ocr_line' id='line_1_22' title="bbox 99 1836 753 1887; baseline 0.005 -15"><span class='ocrx_word' id='word_1_130' title='bbox 99 1840 227 1887; x_wconf 86' lang='lat' dir='ltr'><strong>pterea</strong></span> <span class='ocrx_word' id='word_1_131' title='bbox 245 1836 345 1884; x_wconf 79' lang='lat' dir='ltr'><strong>quo&#39;d</strong></span> <span class='ocrx_word' id='word_1_132' title='bbox 372 1836 505 1873; x_wconf 87' lang='lat' dir='ltr'><strong>insulas</strong></span> <span class='ocrx_word' id='word_1_133' title='bbox 524 1837 650 1875; x_wconf 86' lang='lat' dir='ltr'>Lesbo</span> <span class='ocrx_word' id='word_1_134' title='bbox 674 1839 753 1875; x_wconf 88' lang='lat' dir='ltr'><strong>fere</strong></span> 
     </span>
     <span class='ocr_line' id='line_1_23' title="bbox 101 1892 752 1943; baseline 0.002 -15"><span class='ocrx_word' id='word_1_135' title='bbox 101 1905 208 1943; x_wconf 85' lang='lat' dir='ltr'><strong>pares</strong></span> <span class='ocrx_word' id='word_1_136' title='bbox 250 1892 500 1941; x_wconf 80' lang='lat' dir='ltr'><strong>magnitudine</strong></span> <span class='ocrx_word' id='word_1_137' title='bbox 556 1893 752 1939; x_wconf 85' lang='lat' dir='ltr'><strong>contineat,</strong></span> 
     </span>
     <span class='ocr_line' id='line_1_24' title="bbox 102 1948 754 1998; baseline 0.002 -13"><span class='ocrx_word' id='word_1_138' title='bbox 102 1948 330 1997; x_wconf 89' lang='lat' dir='ltr'><strong>eundemque</strong></span> <span class='ocrx_word' id='word_1_139' title='bbox 390 1948 564 1986; x_wconf 86' lang='lat' dir='ltr'>minorem</span> <span class='ocrx_word' id='word_1_140' title='bbox 585 1977 597 1996; x_wconf 94' lang='lat'>,</span> <span class='ocrx_word' id='word_1_141' title='bbox 654 1949 754 1998; x_wconf 92' lang='lat' dir='ltr'><strong>quod</strong></span> 
     </span>
     <span class='ocr_line' id='line_1_25' title="bbox 101 2003 755 2055; baseline 0.002 -15"><span class='ocrx_word' id='word_1_142' title='bbox 101 2004 293 2040; x_wconf 85' lang='lat' dir='ltr'><strong>Herodoto</strong></span> <span class='ocrx_word' id='word_1_143' title='bbox 319 2003 377 2041; x_wconf 90' lang='lat' dir='ltr'><strong>ille</strong></span> <span class='ocrx_word' id='word_1_144' title='bbox 404 2005 462 2041; x_wconf 87' lang='lat' dir='ltr'><strong>vix</strong></span> <span class='ocrx_word' id='word_1_145' title='bbox 499 2008 637 2041; x_wconf 87' lang='lat' dir='ltr'><strong>tantum</strong></span> <span class='ocrx_word' id='word_1_146' title='bbox 669 2017 755 2055; x_wconf 89' lang='lat' dir='ltr'><strong>spa-</strong></span> 
     </span>
     <span class='ocr_line' id='line_1_26' title="bbox 100 2060 754 2112; baseline 0.003 -16"><span class='ocrx_word' id='word_1_147' title='bbox 100 2060 190 2096; x_wconf 87' lang='lat' dir='ltr'><strong>tium</strong></span> <span class='ocrx_word' id='word_1_148' title='bbox 203 2088 213 2106; x_wconf 92' lang='lat'>‚</span> <span class='ocrx_word' id='word_1_149' title='bbox 245 2066 419 2109; x_wconf 85' lang='lat' dir='ltr'><strong>quantum</strong></span> <span class='ocrx_word' id='word_1_150' title='bbox 436 2060 547 2109; x_wconf 86' lang='lat' dir='ltr'><strong>Ister,</strong></span> <span class='ocrx_word' id='word_1_151' title='bbox 566 2073 754 2112; x_wconf 85' lang='lat' dir='ltr'><strong>permeare</strong></span> 
     </span>
     <span class='ocr_line' id='line_1_27' title="bbox 100 2116 341 2154; baseline 0.008 -2"><span class='ocrx_word' id='word_1_152' title='bbox 100 2116 198 2153; x_wconf 83' lang='lat' dir='ltr'><strong>visus</strong></span> <span class='ocrx_word' id='word_1_153' title='bbox 224 2117 341 2154; x_wconf 85' lang='lat' dir='ltr'><strong>fuerit.</strong></span> 
     </span>
    </p>

    <p class='ocr_par' dir='ltr' id='par_1_13' title="bbox 102 2168 759 2615">
     <span class='ocr_line' id='line_1_28' title="bbox 157 2168 756 2223; baseline 0.002 -13"><span class='ocrx_word' id='word_1_154' title='bbox 157 2168 323 2219; x_wconf 80' lang='grc' dir='ltr'><strong><em>τούτους</em></strong></span> <span class='ocrx_word' id='word_1_155' title='bbox 351 2169 549 2211; x_wconf 85' lang='grc' dir='ltr'><strong><em>σιτέεσθαι</em></strong></span> <span class='ocrx_word' id='word_1_156' title='bbox 576 2168 650 2223; x_wconf 80' lang='grc' dir='ltr'><strong><em>τήν</em></strong></span> <span class='ocrx_word' id='word_1_157' title='bbox 682 2186 756 2223; x_wconf 79' lang='grc' dir='ltr'><strong><em>χει-</em></strong></span> 
     </span>
     <span class='ocr_line' id='line_1_29' title="bbox 104 2223 756 2280; baseline 0 -13"><span class='ocrx_word' id='word_1_158' title='bbox 104 2223 299 2280; x_wconf 84' lang='grc' dir='ltr'><strong><em>μερινήν]</em></strong></span> <span class='ocrx_word' id='word_1_159' title='bbox 345 2229 597 2279; x_wconf 86' lang='lat' dir='ltr'><strong>Supplendum</strong></span> <span class='ocrx_word' id='word_1_160' title='bbox 634 2224 756 2279; x_wconf 75' lang='grc' dir='ltr'><strong><em>ὤρην,</em></strong></span> 
     </span>
     <span class='ocr_line' id='line_1_30' title="bbox 103 2283 757 2323; baseline 0.002 -2"><span class='ocrx_word' id='word_1_161' title='bbox 103 2285 480 2323; x_wconf 87' lang='lat' dir='ltr'><strong>monenteSchaefero</strong></span> <span class='ocrx_word' id='word_1_162' title='bbox 500 2285 548 2322; x_wconf 89' lang='lat' dir='ltr'><strong>ad</strong></span> <span class='ocrx_word' id='word_1_163' title='bbox 571 2283 757 2323; x_wconf 88' lang='lat' dir='ltr'><strong>Lambert.</strong></span> 
     </span>
     <span class='ocr_line' id='line_1_31' title="bbox 102 2340 756 2392; baseline 0 -14"><span class='ocrx_word' id='word_1_164' title='bbox 102 2341 189 2378; x_wconf 92' lang='lat' dir='ltr'><strong>Bos.</strong></span> <span class='ocrx_word' id='word_1_165' title='bbox 223 2340 351 2392; x_wconf 83' lang='lat' dir='ltr'><strong>Euips.</strong></span> <span class='ocrx_word' id='word_1_166' title='bbox 379 2340 424 2378; x_wconf 89' lang='lat' dir='ltr'><strong>L.</strong></span> <span class='ocrx_word' id='word_1_167' title='bbox 452 2341 518 2378; x_wconf 89' lang='lat' dir='ltr'><strong>Gr.</strong></span> <span class='ocrx_word' id='word_1_168' title='bbox 546 2353 632 2391; x_wconf 88' lang='lat' dir='ltr'><strong>pag.</strong></span> <span class='ocrx_word' id='word_1_169' title='bbox 662 2342 756 2382; x_wconf 88' lang='lat'><strong>577.</strong></span> 
     </span>
     <span class='ocr_line' id='line_1_32' title="bbox 105 2396 759 2446; baseline 0.002 -13"><span class='ocrx_word' id='word_1_170' title='bbox 105 2417 161 2424; x_wconf 92' lang='grc'><strong>--</strong></span> <span class='ocrx_word' id='word_1_171' title='bbox 188 2396 232 2433; x_wconf 87' lang='lat' dir='ltr'><strong>ln</strong></span> <span class='ocrx_word' id='word_1_172' title='bbox 257 2410 359 2446; x_wconf 93' lang='lat' dir='ltr'><strong>seqq.</strong></span> <span class='ocrx_word' id='word_1_173' title='bbox 386 2411 465 2435; x_wconf 87' lang='lat' dir='ltr'><strong>cum</strong></span> <span class='ocrx_word' id='word_1_174' title='bbox 492 2397 695 2446; x_wconf 83' lang='lat' dir='ltr'><strong>Schweigh.</strong></span> <span class='ocrx_word' id='word_1_175' title='bbox 722 2401 759 2434; x_wconf 89' lang='lat' dir='ltr'><strong>et</strong></span> 
     </span>
     <span class='ocr_line' id='line_1_33' title="bbox 108 2452 756 2504; baseline 0.003 -16"><span class='ocrx_word' id='word_1_176' title='bbox 108 2452 224 2489; x_wconf 86' lang='lat' dir='ltr'><strong>Gaisf.</strong></span> <span class='ocrx_word' id='word_1_177' title='bbox 255 2454 380 2502; x_wconf 83' lang='lat' dir='ltr'>scripsi</span> <span class='ocrx_word' id='word_1_178' title='bbox 419 2453 540 2499; x_wconf 79' lang='grc' dir='ltr'><strong><em>εἴλας</em></strong></span> <span class='ocrx_word' id='word_1_179' title='bbox 565 2467 632 2504; x_wconf 87' lang='lat' dir='ltr'><strong>pro</strong></span> <span class='ocrx_word' id='word_1_180' title='bbox 660 2453 756 2502; x_wconf 86' lang='lat' dir='ltr'><strong>vulg.</strong></span> 
     </span>
     <span class='ocr_line' id='line_1_34' title="bbox 109 2506 759 2559; baseline 0 -13"><span class='ocrx_word' id='word_1_181' title='bbox 109 2506 243 2554; x_wconf 79' lang='grc' dir='ltr'><strong><em>εἴλας.</em></strong></span> <span class='ocrx_word' id='word_1_182' title='bbox 299 2509 407 2546; x_wconf 84' lang='lat' dir='ltr'><strong>conf.</strong></span> <span class='ocrx_word' id='word_1_183' title='bbox 435 2522 544 2559; x_wconf 87' lang='lat' dir='ltr'><strong>supra</strong></span> <span class='ocrx_word' id='word_1_184' title='bbox 574 2509 614 2555; x_wconf 90' lang='lat' dir='ltr'><strong>I,</strong></span> <span class='ocrx_word' id='word_1_185' title='bbox 644 2513 697 2552; x_wconf 84' lang='lat'><strong>73</strong></span> <span class='ocrx_word' id='word_1_186' title='bbox 722 2514 759 2548; x_wconf 89' lang='lat' dir='ltr'><strong>et</strong></span> 
     </span>
     <span class='ocr_line' id='line_1_35' title="bbox 109 2562 637 2615; baseline 0.004 -15"><span class='ocrx_word' id='word_1_187' title='bbox 109 2562 213 2601; x_wconf 89' lang='lat' dir='ltr'><strong>Rose</strong></span> <span class='ocrx_word' id='word_1_188' title='bbox 239 2563 418 2614; x_wconf 82' lang='lat' dir='ltr'><strong>Inscriptt.</strong></span> <span class='ocrx_word' id='word_1_189' title='bbox 438 2578 524 2615; x_wconf 83' lang='lat' dir='ltr'><strong>pag.</strong></span> <span class='ocrx_word' id='word_1_190' title='bbox 544 2565 637 2606; x_wconf 85' lang='lat'><strong>413.</strong></span> 
     </span>
    </p>

    <p class='ocr_par' dir='ltr' id='par_1_14' title="bbox 110 2615 762 2894">
     <span class='ocr_line' id='line_1_36' title="bbox 166 2615 757 2671; baseline 0 -14"><span class='ocrx_word' id='word_1_191' title='bbox 166 2617 233 2658; x_wconf 79' lang='grc' dir='ltr'><strong><em>καὶ</em></strong></span> <span class='ocrx_word' id='word_1_192' title='bbox 253 2622 335 2670; x_wconf 83' lang='grc' dir='ltr'><strong><em>πῦρ</em></strong></span> <span class='ocrx_word' id='word_1_193' title='bbox 356 2615 673 2671; x_wconf 65' lang='grc' dir='ltr'><strong><em>ἀνακαύσωνται]</em></strong></span> <span class='ocrx_word' id='word_1_194' title='bbox 697 2621 757 2657; x_wconf 87' lang='lat' dir='ltr'><strong>Si·-</strong></span> 
     </span>
     <span class='ocr_line' id='line_1_37' title="bbox 110 2675 760 2724; baseline 0.003 -12"><span class='ocrx_word' id='word_1_195' title='bbox 110 2675 229 2713; x_wconf 90' lang='lat' dir='ltr'><strong>milem</strong></span> <span class='ocrx_word' id='word_1_196' title='bbox 251 2677 433 2724; x_wconf 88' lang='lat' dir='ltr'><strong>quandam</strong></span> <span class='ocrx_word' id='word_1_197' title='bbox 445 2676 656 2724; x_wconf 67' lang='lat' dir='ltr'><strong>Scytharum</strong></span> <span class='ocrx_word' id='word_1_198' title='bbox 673 2690 760 2714; x_wconf 90' lang='lat' dir='ltr'><strong>con-</strong></span> 
     </span>
     <span class='ocr_line' id='line_1_38' title="bbox 112 2731 760 2780; baseline 0.002 -12"><span class='ocrx_word' id='word_1_199' title='bbox 112 2731 338 2769; x_wconf 83' lang='lat' dir='ltr'>suetudinem</span> <span class='ocrx_word' id='word_1_200' title='bbox 356 2731 494 2769; x_wconf 85' lang='lat' dir='ltr'><strong>Noster</strong></span> <span class='ocrx_word' id='word_1_201' title='bbox 511 2738 688 2769; x_wconf 90' lang='lat' dir='ltr'><strong>memorat</strong></span> <span class='ocrx_word' id='word_1_202' title='bbox 696 2732 760 2780; x_wconf 86' lang='lat' dir='ltr'><strong>IV,</strong></span> 
     </span>
     <span class='ocr_line' id='line_1_39' title="bbox 112 2787 761 2836; baseline 0.003 -13"><span class='ocrx_word' id='word_1_203' title='bbox 112 2788 189 2832; x_wconf 80' lang='lat'><strong>753</strong></span> <span class='ocrx_word' id='word_1_204' title='bbox 218 2792 381 2825; x_wconf 85' lang='lat' dir='ltr'><strong>nostrum</strong></span> <span class='ocrx_word' id='word_1_205' title='bbox 397 2801 481 2826; x_wconf 91' lang='lat' dir='ltr'><strong>vero</strong></span> <span class='ocrx_word' id='word_1_206' title='bbox 500 2787 638 2836; x_wconf 89' lang='lat' dir='ltr'><strong>locum,</strong></span> <span class='ocrx_word' id='word_1_207' title='bbox 667 2789 761 2825; x_wconf 87' lang='lat' dir='ltr'><strong>iudi-</strong></span> 
     </span>
     <span class='ocr_line' id='line_1_40' title="bbox 111 2843 762 2894; baseline 0 -14"><span class='ocrx_word' id='word_1_208' title='bbox 111 2848 217 2881; x_wconf 85' lang='lat' dir='ltr'><strong>cante</strong></span> <span class='ocrx_word' id='word_1_209' title='bbox 272 2843 511 2882; x_wconf 85' lang='lat' dir='ltr'><strong>Valckenario</strong></span> <span class='ocrx_word' id='word_1_210' title='bbox 534 2871 545 2890; x_wconf 94' lang='lat'>‚</span> <span class='ocrx_word' id='word_1_211' title='bbox 602 2845 762 2894; x_wconf 85' lang='lat' dir='ltr'><strong>respexit</strong></span> 
     </span>
    </p>
   </div>
   <div class='ocr_carea' id='block_1_13' title="bbox 112 2897 765 2950">
    <p class='ocr_par' dir='ltr' id='par_1_15' title="bbox 112 2897 765 2950">
     <span class='ocr_line' id='line_1_41' title="bbox 112 2897 765 2950; baseline 0.003 -14"><span class='ocrx_word' id='word_1_212' title='bbox 112 2897 262 2937; x_wconf 83' lang='lat' dir='ltr'><strong>Maxim.</strong></span> <span class='ocrx_word' id='word_1_213' title='bbox 291 2898 328 2938; x_wconf 92' lang='lat' dir='ltr'>T</span> <span class='ocrx_word' id='word_1_214' title='bbox 330 2913 383 2950; x_wconf 79' lang='lat' dir='ltr'><strong>yr.</strong></span> <span class='ocrx_word' id='word_1_215' title='bbox 422 2900 575 2938; x_wconf 88' lang='lat' dir='ltr'><strong>Dissert.</strong></span> <span class='ocrx_word' id='word_1_216' title='bbox 609 2900 765 2946; x_wconf 79' lang='lat' dir='ltr'><strong>XXVII.</strong></span> 
     </span>
    </p>
   </div>
   <div class='ocr_carea' id='block_1_14' title="bbox 818 1662 1473 2948">
    <p class='ocr_par' dir='ltr' id='par_1_16' title="bbox 818 1662 1472 2111">
     <span class='ocr_line' id='line_1_42' title="bbox 820 1662 1469 1720; baseline -0.009 -9"><span class='ocrx_word' id='word_1_217' title='bbox 820 1670 858 1711; x_wconf 88' lang='grc'><strong>6.</strong></span> <span class='ocrx_word' id='word_1_218' title='bbox 883 1689 940 1697; x_wconf 89' lang='grc'>-</span> <span class='ocrx_word' id='word_1_219' title='bbox 967 1667 1027 1706; x_wconf 85' lang='lat' dir='ltr'><strong>De</strong></span> <span class='ocrx_word' id='word_1_220' title='bbox 1050 1662 1342 1720; x_wconf 78' lang='grc' dir='ltr'><strong><em>ὀσφραίνεσθαι</em></strong></span> <span class='ocrx_word' id='word_1_221' title='bbox 1369 1667 1469 1706; x_wconf 66' lang='lat' dir='ltr'><strong>verbi</strong></span> 
     </span>
     <span class='ocr_line' id='line_1_43' title="bbox 819 1725 1471 1774; baseline -0.002 -12"><span class='ocrx_word' id='word_1_222' title='bbox 819 1730 998 1762; x_wconf 85' lang='lat' dir='ltr'>structura</span> <span class='ocrx_word' id='word_1_223' title='bbox 1038 1738 1119 1761; x_wconf 90' lang='lat' dir='ltr'><strong>cum</strong></span> <span class='ocrx_word' id='word_1_224' title='bbox 1155 1725 1313 1774; x_wconf 88' lang='lat' dir='ltr'><strong>genitivo</strong></span> <span class='ocrx_word' id='word_1_225' title='bbox 1346 1727 1471 1762; x_wconf 88' lang='lat' dir='ltr'><strong>confer</strong></span> 
     </span>
     <span class='ocr_line' id='line_1_44' title="bbox 818 1777 1470 1831; baseline 0.002 -13"><span class='ocrx_word' id='word_1_226' title='bbox 818 1781 949 1818; x_wconf 83' lang='lat' dir='ltr'><strong>Matth.</strong></span> <span class='ocrx_word' id='word_1_227' title='bbox 968 1779 1005 1831; x_wconf 62' lang='grc' dir='ltr'><strong>ξ.</strong></span> <span class='ocrx_word' id='word_1_228' title='bbox 1024 1781 1106 1822; x_wconf 82' lang='grc'><strong>349</strong></span> <span class='ocrx_word' id='word_1_229' title='bbox 1136 1786 1212 1818; x_wconf 90' lang='lat' dir='ltr'><strong>not.</strong></span> <span class='ocrx_word' id='word_1_230' title='bbox 1231 1783 1270 1822; x_wconf 86' lang='lat'><strong>3.</strong></span> <span class='ocrx_word' id='word_1_231' title='bbox 1300 1802 1357 1809; x_wconf 94' lang='lat'><strong>—</strong></span> <span class='ocrx_word' id='word_1_232' title='bbox 1386 1779 1426 1827; x_wconf 81' lang='grc' dir='ltr'><strong>ές</strong></span> <span class='ocrx_word' id='word_1_233' title='bbox 1445 1777 1470 1819; x_wconf 72' lang='grc' dir='ltr'>ὃ</span> 
     </span>
     <span class='ocr_line' id='line_1_45' title="bbox 820 1836 1469 1887; baseline 0 -14"><span class='ocrx_word' id='word_1_234' title='bbox 820 1850 930 1886; x_wconf 83' lang='lat' dir='ltr'><strong>usque</strong></span> <span class='ocrx_word' id='word_1_235' title='bbox 948 1837 1048 1883; x_wconf 77' lang='lat' dir='ltr'><strong>dum,</strong></span> <span class='ocrx_word' id='word_1_236' title='bbox 1078 1836 1202 1884; x_wconf 83' lang='lat' dir='ltr'><strong>donec,</strong></span> <span class='ocrx_word' id='word_1_237' title='bbox 1234 1841 1275 1874; x_wconf 93' lang='lat' dir='ltr'><strong>ut</strong></span> <span class='ocrx_word' id='word_1_238' title='bbox 1301 1849 1409 1887; x_wconf 88' lang='lat' dir='ltr'><strong>supra</strong></span> <span class='ocrx_word' id='word_1_239' title='bbox 1438 1836 1469 1883; x_wconf 67' lang='lat' dir='ltr'><strong>I»,</strong></span> 
     </span>
     <span class='ocr_line' id='line_1_46' title="bbox 820 1891 1470 1934; baseline -0.011 0"><span class='ocrx_word' id='word_1_240' title='bbox 820 1894 889 1934; x_wconf 85' lang='lat'><strong>93·</strong></span> <span class='ocrx_word' id='word_1_241' title='bbox 927 1894 992 1933; x_wconf 85' lang='lat'><strong>98·</strong></span> <span class='ocrx_word' id='word_1_242' title='bbox 1026 1894 1116 1933; x_wconf 86' lang='lat'><strong>191.</strong></span> <span class='ocrx_word' id='word_1_243' title='bbox 1146 1914 1203 1920; x_wconf 91' lang='grc'><strong>--</strong></span> <span class='ocrx_word' id='word_1_244' title='bbox 1237 1891 1297 1929; x_wconf 86' lang='lat' dir='ltr'><strong>Ad</strong></span> <span class='ocrx_word' id='word_1_245' title='bbox 1322 1893 1470 1930; x_wconf 83' lang='lat' dir='ltr'><strong>verbum</strong></span> 
     </span>
     <span class='ocr_line' id='line_1_47' title="bbox 823 1946 1470 1998; baseline -0.005 -11"><span class='ocrx_word' id='word_1_246' title='bbox 823 1946 978 1998; x_wconf 79' lang='grc' dir='ltr'><strong><em>διέλαβε</em></strong></span> <span class='ocrx_word' id='word_1_247' title='bbox 1006 1947 1043 1984; x_wconf 83' lang='lat' dir='ltr'><strong>in</strong></span> <span class='ocrx_word' id='word_1_248' title='bbox 1072 1960 1174 1996; x_wconf 86' lang='lat' dir='ltr'><strong>seqq.</strong></span> <span class='ocrx_word' id='word_1_249' title='bbox 1201 1949 1295 1985; x_wconf 89' lang='lat' dir='ltr'><strong>conf.</strong></span> <span class='ocrx_word' id='word_1_250' title='bbox 1330 1947 1366 1995; x_wconf 90' lang='lat' dir='ltr'><strong>I,</strong></span> <span class='ocrx_word' id='word_1_251' title='bbox 1389 1949 1470 1988; x_wconf 86' lang='lat'><strong>190</strong></span> 
     </span>
     <span class='ocr_line' id='line_1_48' title="bbox 821 2003 1472 2052; baseline 0 -11"><span class='ocrx_word' id='word_1_252' title='bbox 821 2004 898 2041; x_wconf 83' lang='lat' dir='ltr'><strong>init.</strong></span> <span class='ocrx_word' id='word_1_253' title='bbox 915 2008 1026 2052; x_wconf 89' lang='lat' dir='ltr'><strong>atque</strong></span> <span class='ocrx_word' id='word_1_254' title='bbox 1045 2003 1246 2051; x_wconf 86' lang='lat' dir='ltr'><strong>argumenti</strong></span> <span class='ocrx_word' id='word_1_255' title='bbox 1259 2004 1472 2041; x_wconf 87' lang='lat' dir='ltr'><strong>causaidem</strong></span> 
     </span>
     <span class='ocr_line' id='line_1_49' title="bbox 821 2059 1409 2111; baseline -0.002 -13"><span class='ocrx_word' id='word_1_256' title='bbox 821 2073 901 2111; x_wconf 89' lang='lat' dir='ltr'><strong>cap.</strong></span> <span class='ocrx_word' id='word_1_257' title='bbox 924 2061 1002 2100; x_wconf 88' lang='grc'><strong>190</strong></span> <span class='ocrx_word' id='word_1_258' title='bbox 1026 2064 1061 2096; x_wconf 82' lang='lat' dir='ltr'><strong>et</strong></span> <span class='ocrx_word' id='word_1_259' title='bbox 1081 2059 1297 2097; x_wconf 86' lang='lat' dir='ltr'><strong>antecedens</strong></span> <span class='ocrx_word' id='word_1_260' title='bbox 1317 2060 1409 2101; x_wconf 84' lang='lat'><strong>189.</strong></span> 
     </span>
    </p>

    <p class='ocr_par' dir='ltr' id='par_1_17' title="bbox 822 2110 1473 2948">
     <span class='ocr_line' id='line_1_50' title="bbox 880 2110 1473 2167; baseline -0.002 -12"><span class='ocrx_word' id='word_1_261' title='bbox 880 2113 904 2155; x_wconf 83' lang='grc' dir='ltr'>ὁ</span> <span class='ocrx_word' id='word_1_262' title='bbox 931 2113 974 2154; x_wconf 83' lang='grc' dir='ltr'><strong>δὲ</strong></span> <span class='ocrx_word' id='word_1_263' title='bbox 999 2110 1166 2167; x_wconf 77' lang='grc' dir='ltr'><strong><em>Ἀράξης</em></strong></span> <span class='ocrx_word' id='word_1_264' title='bbox 1192 2110 1364 2166; x_wconf 75' lang='grc' dir='ltr'><strong><em>ποταμὸς</em></strong></span> <span class='ocrx_word' id='word_1_265' title='bbox 1391 2113 1473 2164; x_wconf 73' lang='grc' dir='ltr'><strong><em>ῥέει</em></strong></span> 
     </span>
     <span class='ocr_line' id='line_1_51' title="bbox 824 2169 1471 2223; baseline -0.002 -13"><span class='ocrx_word' id='word_1_266' title='bbox 824 2169 896 2223; x_wconf 79' lang='grc' dir='ltr'><strong><em>μὲν</em></strong></span> <span class='ocrx_word' id='word_1_267' title='bbox 921 2170 964 2210; x_wconf 79' lang='grc' dir='ltr'><strong>ἐκ</strong></span> <span class='ocrx_word' id='word_1_268' title='bbox 993 2172 1216 2221; x_wconf 80' lang='grc' dir='ltr'><strong><em>Ματιηνῶν</em></strong></span> <span class='ocrx_word' id='word_1_269' title='bbox 1241 2185 1276 2210; x_wconf 86' lang='grc' dir='ltr'><strong>κ.</strong></span> <span class='ocrx_word' id='word_1_270' title='bbox 1294 2186 1326 2209; x_wconf 84' lang='grc' dir='ltr'><strong>τ.</strong></span> <span class='ocrx_word' id='word_1_271' title='bbox 1349 2169 1399 2222; x_wconf 90' lang='grc' dir='ltr'><strong><em>λ.]</em></strong></span> <span class='ocrx_word' id='word_1_272' title='bbox 1437 2171 1471 2209; x_wconf 92' lang='grc' dir='ltr'><strong>Ε</strong></span> 
     </span>
     <span class='ocr_line' id='line_1_52' title="bbox 822 2227 1471 2277; baseline 0 -12"><span class='ocrx_word' id='word_1_273' title='bbox 822 2228 976 2266; x_wconf 86' lang='lat' dir='ltr'><strong>vetustis</strong></span> <span class='ocrx_word' id='word_1_274' title='bbox 999 2227 1230 2277; x_wconf 81' lang='lat' dir='ltr'><strong>scriptoribus</strong></span> <span class='ocrx_word' id='word_1_275' title='bbox 1250 2227 1369 2275; x_wconf 84' lang='lat' dir='ltr'><strong>attigit</strong></span> <span class='ocrx_word' id='word_1_276' title='bbox 1382 2227 1471 2265; x_wconf 88' lang='lat' dir='ltr'><strong>haec</strong></span> 
     </span>
     <span class='ocr_line' id='line_1_53' title="bbox 824 2283 1471 2333; baseline -0.003 -12"><span class='ocrx_word' id='word_1_277' title='bbox 824 2284 957 2321; x_wconf 87' lang='lat' dir='ltr'><strong>Strabo</strong></span> <span class='ocrx_word' id='word_1_278' title='bbox 976 2283 1028 2320; x_wconf 91' lang='lat' dir='ltr'><strong>XI</strong></span> <span class='ocrx_word' id='word_1_279' title='bbox 1045 2296 1130 2333; x_wconf 85' lang='lat' dir='ltr'><strong>pag.</strong></span> <span class='ocrx_word' id='word_1_280' title='bbox 1149 2284 1230 2324; x_wconf 88' lang='grc'><strong>803</strong></span> <span class='ocrx_word' id='word_1_281' title='bbox 1256 2297 1284 2320; x_wconf 90' lang='lat' dir='ltr'><strong>s.</strong></span> <span class='ocrx_word' id='word_1_282' title='bbox 1303 2284 1381 2325; x_wconf 84' lang='lat'><strong>531</strong></span> <span class='ocrx_word' id='word_1_283' title='bbox 1413 2284 1471 2320; x_wconf 90' lang='lat' dir='ltr'><strong>ed.</strong></span> 
     </span>
     <span class='ocr_line' id='line_1_54' title="bbox 826 2339 1471 2388; baseline -0.002 -11"><span class='ocrx_word' id='word_1_284' title='bbox 826 2340 984 2377; x_wconf 89' lang='lat' dir='ltr'><strong>Casaub.</strong></span> <span class='ocrx_word' id='word_1_285' title='bbox 1023 2339 1351 2388; x_wconf 87' lang='lat' dir='ltr'><strong>Callisthenemque</strong></span> <span class='ocrx_word' id='word_1_286' title='bbox 1369 2339 1471 2376; x_wconf 84' lang='lat' dir='ltr'><strong>addit</strong></span> 
     </span>
     <span class='ocr_line' id='line_1_55' title="bbox 827 2395 1472 2434; baseline 0 -2"><span class='ocrx_word' id='word_1_287' title='bbox 827 2396 866 2432; x_wconf 88' lang='lat' dir='ltr'><strong>in</strong></span> <span class='ocrx_word' id='word_1_288' title='bbox 884 2395 937 2433; x_wconf 86' lang='lat' dir='ltr'><strong>his</strong></span> <span class='ocrx_word' id='word_1_289' title='bbox 968 2395 1148 2434; x_wconf 89' lang='lat' dir='ltr'><strong>Herodoti</strong></span> <span class='ocrx_word' id='word_1_290' title='bbox 1182 2396 1357 2433; x_wconf 88' lang='lat' dir='ltr'><strong>rationem</strong></span> <span class='ocrx_word' id='word_1_291' title='bbox 1389 2408 1472 2433; x_wconf 83' lang='lat' dir='ltr'><strong>esse</strong></span> 
     </span>
     <span class='ocr_line' id='line_1_56' title="bbox 827 2450 1471 2490; baseline -0.003 -1"><span class='ocrx_word' id='word_1_292' title='bbox 827 2456 999 2489; x_wconf 90' lang='lat' dir='ltr'><strong>secutum.</strong></span> <span class='ocrx_word' id='word_1_293' title='bbox 1037 2451 1244 2490; x_wconf 85' lang='lat' dir='ltr'><strong>Recentiori</strong></span> <span class='ocrx_word' id='word_1_294' title='bbox 1261 2456 1380 2489; x_wconf 85' lang='lat' dir='ltr'><strong>aetate</strong></span> <span class='ocrx_word' id='word_1_295' title='bbox 1396 2450 1471 2488; x_wconf 86' lang='lat' dir='ltr'><strong>val-</strong></span> 
     </span>
     <span class='ocr_line' id='line_1_57' title="bbox 826 2506 1471 2557; baseline -0.005 -11"><span class='ocrx_word' id='word_1_296' title='bbox 826 2509 874 2546; x_wconf 87' lang='lat' dir='ltr'><strong>de</strong></span> <span class='ocrx_word' id='word_1_297' title='bbox 894 2509 1132 2557; x_wconf 89' lang='lat' dir='ltr'><strong>disceptatum</strong></span> <span class='ocrx_word' id='word_1_298' title='bbox 1154 2508 1202 2544; x_wconf 93' lang='lat' dir='ltr'><strong>de</strong></span> <span class='ocrx_word' id='word_1_299' title='bbox 1219 2506 1345 2544; x_wconf 85' lang='lat' dir='ltr'><strong>Araxis</strong></span> <span class='ocrx_word' id='word_1_300' title='bbox 1363 2507 1471 2544; x_wconf 87' lang='lat' dir='ltr'><strong>fluvio</strong></span> 
     </span>
     <span class='ocr_line' id='line_1_58' title="bbox 825 2564 1472 2613; baseline -0.003 -12"><span class='ocrx_word' id='word_1_301' title='bbox 825 2565 946 2613; x_wconf 90' lang='lat' dir='ltr'><strong>deque</strong></span> <span class='ocrx_word' id='word_1_302' title='bbox 969 2564 1044 2602; x_wconf 88' lang='lat' dir='ltr'><strong>eius</strong></span> <span class='ocrx_word' id='word_1_303' title='bbox 1073 2564 1231 2600; x_wconf 75' lang='lat' dir='ltr'><strong>fontibus</strong></span> <span class='ocrx_word' id='word_1_304' title='bbox 1259 2567 1367 2612; x_wconf 90' lang='lat' dir='ltr'><strong>atque</strong></span> <span class='ocrx_word' id='word_1_305' title='bbox 1394 2576 1472 2600; x_wconf 91' lang='lat' dir='ltr'><strong>cur-</strong></span> 
     </span>
     <span class='ocr_line' id='line_1_59' title="bbox 827 2619 1472 2668; baseline -0.002 -11"><span class='ocrx_word' id='word_1_306' title='bbox 827 2633 868 2657; x_wconf 90' lang='lat' dir='ltr'><strong>su</strong></span> <span class='ocrx_word' id='word_1_307' title='bbox 890 2633 932 2658; x_wconf 76' lang='lat' dir='ltr'><strong>ex</strong></span> <span class='ocrx_word' id='word_1_308' title='bbox 948 2624 1067 2657; x_wconf 90' lang='lat' dir='ltr'><strong>mente</strong></span> <span class='ocrx_word' id='word_1_309' title='bbox 1085 2619 1282 2665; x_wconf 88' lang='lat' dir='ltr'><strong>Herodoti,</strong></span> <span class='ocrx_word' id='word_1_310' title='bbox 1309 2632 1416 2668; x_wconf 91' lang='lat' dir='ltr'><strong>quem</strong></span> <span class='ocrx_word' id='word_1_311' title='bbox 1435 2619 1472 2656; x_wconf 89' lang='lat' dir='ltr'><strong>in</strong></span> 
     </span>
     <span class='ocr_line' id='line_1_60' title="bbox 824 2675 1472 2726; baseline -0.003 -13"><span class='ocrx_word' id='word_1_312' title='bbox 824 2675 1003 2713; x_wconf 86' lang='lat' dir='ltr'><strong>nonnullis</strong></span> <span class='ocrx_word' id='word_1_313' title='bbox 1041 2675 1182 2726; x_wconf 84' lang='lat' dir='ltr'><strong>lapsum</strong></span> <span class='ocrx_word' id='word_1_314' title='bbox 1217 2688 1298 2712; x_wconf 90' lang='lat' dir='ltr'><strong>esse</strong></span> <span class='ocrx_word' id='word_1_315' title='bbox 1326 2676 1472 2724; x_wconf 84' lang='lat' dir='ltr'><strong>quidam</strong></span> 
     </span>
     <span class='ocr_line' id='line_1_61' title="bbox 826 2730 1471 2774; baseline -0.005 -4"><span class='ocrx_word' id='word_1_316' title='bbox 826 2732 1058 2770; x_wconf 86' lang='lat' dir='ltr'><strong>contendunt.</strong></span> <span class='ocrx_word' id='word_1_317' title='bbox 1089 2731 1200 2774; x_wconf 89' lang='lat' dir='ltr'><strong>Quod</strong></span> <span class='ocrx_word' id='word_1_318' title='bbox 1218 2731 1248 2768; x_wconf 87' lang='lat' dir='ltr'><strong>si</strong></span> <span class='ocrx_word' id='word_1_319' title='bbox 1268 2730 1362 2767; x_wconf 89' lang='lat' dir='ltr'><strong>enim</strong></span> <span class='ocrx_word' id='word_1_320' title='bbox 1379 2730 1471 2767; x_wconf 87' lang='lat' dir='ltr'><strong>Ara-</strong></span> 
     </span>
     <span class='ocr_line' id='line_1_62' title="bbox 827 2786 1470 2833; baseline -0.006 -7"><span class='ocrx_word' id='word_1_321' title='bbox 827 2788 880 2826; x_wconf 82' lang='lat' dir='ltr'><strong>xis</strong></span> <span class='ocrx_word' id='word_1_322' title='bbox 909 2789 1027 2825; x_wconf 80' lang='lat' dir='ltr'><strong>fontes</strong></span> <span class='ocrx_word' id='word_1_323' title='bbox 1062 2787 1098 2823; x_wconf 89' lang='lat' dir='ltr'><strong>in</strong></span> <span class='ocrx_word' id='word_1_324' title='bbox 1126 2786 1295 2824; x_wconf 80' lang='lat' dir='ltr'><strong>Matienis</strong></span> <span class='ocrx_word' id='word_1_325' title='bbox 1326 2787 1470 2833; x_wconf 81' lang='lat' dir='ltr'><strong>fuerint,</strong></span> 
     </span>
     <span class='ocr_line' id='line_1_63' title="bbox 828 2842 1471 2890; baseline -0.003 -10"><span class='ocrx_word' id='word_1_326' title='bbox 828 2849 867 2881; x_wconf 87' lang='lat' dir='ltr'><strong>ut</strong></span> <span class='ocrx_word' id='word_1_327' title='bbox 888 2844 1008 2880; x_wconf 88' lang='lat' dir='ltr'><strong>scribit</strong></span> <span class='ocrx_word' id='word_1_328' title='bbox 1024 2843 1251 2890; x_wconf 88' lang='lat' dir='ltr'><strong>Herodotus,</strong></span> <span class='ocrx_word' id='word_1_329' title='bbox 1280 2844 1413 2880; x_wconf 86' lang='lat' dir='ltr'><strong>flumen</strong></span> <span class='ocrx_word' id='word_1_330' title='bbox 1429 2842 1471 2878; x_wconf 87' lang='lat' dir='ltr'><strong>il-</strong></span> 
     </span>
     <span class='ocr_line' id='line_1_64' title="bbox 829 2898 1471 2948; baseline -0.002 -12"><span class='ocrx_word' id='word_1_331' title='bbox 829 2899 893 2937; x_wconf 87' lang='lat' dir='ltr'><strong>lud</strong></span> <span class='ocrx_word' id='word_1_332' title='bbox 910 2898 1056 2937; x_wconf 85' lang='lat' dir='ltr'><strong>Mediae</strong></span> <span class='ocrx_word' id='word_1_333' title='bbox 1072 2898 1154 2947; x_wconf 86' lang='lat' dir='ltr'><strong>(aut</strong></span> <span class='ocrx_word' id='word_1_334' title='bbox 1179 2898 1387 2948; x_wconf 86' lang='lat' dir='ltr'><strong>Armeniae)</strong></span> <span class='ocrx_word' id='word_1_335' title='bbox 1405 2898 1471 2936; x_wconf 87' lang='lat' dir='ltr'><strong>ad-</strong></span> 
     </span>
    </p>
   </div>
   <div class='ocr_carea' id='block_1_15' title="bbox 1114 2956 1201 2996">
    <p class='ocr_par' dir='ltr' id='par_1_18' title="bbox 1114 2956 1201 2996">
     <span class='ocr_line' id='line_1_65' title="bbox 1114 2956 1201 2996; baseline -0.011 0"><span class='ocrx_word' id='word_1_336' title='bbox 1114 2956 1201 2996; x_wconf 83' lang='lat'><strong>29*</strong></span> 
     </span>
    </p>
   </div>
  </div>
 </body>
</html>
