1909 3228
468 215 552 255 416

859 206 1325 247 HERODOTI

442 321 658 378 ὄχωρίον·
711 317 758 361 ἐν
787 311 821 374 ᾧ
852 315 1090 369 ἐπίμπλατο
1119 320 1250 359 τοῦτο
1269 348 1281 368 ,
1329 316 1375 359 ἐν
1402 316 1540 375 τούτῳ
1572 314 1718 373 ἀπεξη,
1733 324 1778 356 70

470 399 689 456 ρασμένου
717 399 799 439 τοῦ
828 393 1012 450 ἀρχαίου
1041 395 1249 450 ῥεέθρου,
1279 399 1407 438 τοῦτο
1438 396 1534 449 μὲν,
1566 395 1618 439 τὰ
1638 398 1721 451 χεί-

471 486 544 523 λεα
572 479 651 521 τοῦ
681 477 880 529 ποταμοῦ
916 473 1026 517 κατὰ
1063 473 1143 530 τὴν
1172 473 1302 516 πόλιν
1331 474 1404 516 καὶ
1433 474 1507 525 τας
1535 476 1719 530 καταβά-

472 571 585 607 σιας,
615 553 690 605 τοὶς
720 554 766 597 έκ
795 557 883 596 τῶν
913 555 1107 596 πυλίδων
1146 551 1188 603 ές
1222 551 1300 596 τὸν
1337 552 1533 607 ποταμὸν
1562 553 1721 608 φερού-

472 648 569 686 σας,
601 630 917 689 ἀνοικοδόμησε
945 633 1168 675 πλίνθοισι
1197 630 1372 688 ὀπτῇσι,
1403 631 1511 674 κατὰ
1540 631 1618 675 τὸν
1644 631 1724 674 αὐ-

470 715 549 759 τὸν
577 712 710 768 λόγον
737 715 798 770 τῷ
836 712 980 767 τείχεϊ·

1040 714 1170 753 τοῦτο
1211 711 1278 763 δὲ,
1326 709 1434 754 κατὰ
1470 710 1604 767 μέσην
1642 727 1724 754 κου

471 792 655 851 μάλιστα
692 790 771 846 τήν
806 790 955 842 πόλιν,
1000 794 1113 833 τοῖσι
1147 791 1334 841 λίθοισι,
1376 790 1480 841 τούς
1519 788 1782 844 ὥρύξατο,75

473 870 698 927 οἰκοδόμεε
727 871 951 926 γέφυραν,
985 868 1147 912 δέουσα
1175 867 1276 919 τοὺς
1309 870 1464 920 λίθους
1494 867 1654 925 σιδήρῳ
1684 885 1727 912 τε
1785 872 1839 911 88

446 960 467 993 6
537 952 546 966 x
672 951 680 965 Ι
852 948 864 963 9
969 949 977 963 Ι
1057 964 1066 972 a
1161 947 1170 959 ἱ
1211 946 1222 960 5
1267 945 1276 960 2
1351 945 1361 960 7
1403 948 1410 959 1
1514 946 1547 972 ΡΙ,
1685 948 1694 960 x

481 969 552 996 και
581 951 788 1007 μολιβδῳ.
847 959 1102 992 επιτεινεσλε
1133 949 1176 990 δε
1206 963 1256 990 επ
1309 964 1466 1003 αυτην,
1511 964 1623 998 cacos
1652 964 1729 1004 μεν

473 1031 610 1088 ἡμέρη
639 1028 833 1085 γένοιτο,
885 1025 992 1079 ξύλα
1020 1023 1289 1081 τετράγωνα,
1341 1024 1411 1068 ἐπ’
1445 1022 1506 1069 ὧν
1535 1027 1612 1082 τὴν
1640 1026 1730 1070 διά-

474 1115 601 1168 βασιν
630 1109 852 1152 ἐποιεῦντο
883 1108 926 1149 οἱ
954 1104 1251 1162 Βαβυλώνιοι·
1301 1105 1377 1155 τοὶς
1414 1105 1459 1148 δὲ
1487 1103 1648 1156 νύκτας
1679 1104 1730 1148 τοὶ

477 1190 584 1244 ξύλα
613 1192 750 1232 ταῦτα
781 1185 1087 1240 ἀπαιρέεσκον,
1118 1185 1247 1227 τοῦδε
1278 1185 1438 1235 εἵνεκα,
1470 1186 1542 1226 ἵνα
1565 1182 1622 1239 μὴ
1643 1185 1729 1227 δια-
1744 1191 1789 1224 80

447 1267 730 1325 7φοιτέοντες
758 1266 832 1317 τὰς
860 1265 1021 1315 νύκτας
1048 1263 1270 1307 κλέπτοιεν
1297 1260 1403 1316 παρ’
1437 1262 1642 1319 ἀλλήλων.
1673 1262 1732 1314 ὠς

478 1349 524 1393 δὲ
550 1348 599 1392 τό
629 1362 674 1390 τε
703 1343 893 1402 ὀρυχθὲν
931 1345 1059 1400 λίμνη
1096 1341 1261 1399 πλήρης
1299 1341 1489 1398 ἐγεγόνεε
1529 1341 1614 1387 ὑπὸ
1653 1345 1734 1386 τοῦ

480 1565 522 1606 ἓν
542 1559 575 1620 ᾦ
592 1560 832 1615 ἐπίμπλατο]
863 1561 1000 1611 Recepi
1024 1553 1069 1614 ᾦ,

424 1624 524 1673 quod
543 1621 685 1673 plurimi
710 1624 746 1658 et
764 1619 888 1668 optimi
907 1618 1072 1655 serebant

423 1680 526 1726 libri,
551 1680 750 1715 commotus
771 1675 877 1712 etiam
905 1674 949 1710 iis
970 1673 1070 1719 locis,

425 1749 518 1785 quos
555 1735 686 1770 Struve
731 1730 870 1776 attulit,
907 1729 1072 1765 laudatus

426 1803 535 1842 snpra
551 1790 599 1826 ad
619 1789 653 1836 Ι,
676 1786 776 1833 164,
804 1786 864 1822 ubi
884 1785 954 1821 vid.
985 1784 1074 1820 vul-

426 1861 475 1896 go
497 1849 615 1884 exstat
645 1843 687 1883 έν
714 1844 771 1896 τῷ
782 1871 794 1890 ,
834 1841 934 1891 quod
960 1840 1073 1876 Gais-

425 1903 564 1941 fordius
586 1900 743 1938 retinuit.

483 1958 525 1998 έν
561 1951 689 2010 τούτῳ
727 1949 1073 2004 ἀπεξηρασμένου]

427 2011 752 2066 ἀπεξηρασμένου
767 2041 779 2059 ,
828 2011 925 2060 quod
972 2009 1076 2046 unice

427 2085 550 2110 verum
595 2071 790 2115 habemus,
856 2079 951 2103 nunc
1003 2065 1076 2102 bini

428 2129 606 2180 praebent
637 2125 728 2164 libri.
783 2122 905 2171 Vulgo
932 2118 1076 2171 ἀπεξη-

429 2182 625 2236 ραμένου,
655 2180 821 2230 neglecta
839 2179 941 2217 litera
965 2182 1007 2225 ὃ,
1038 2178 1074 2213 in

427 2242 484 2279 his
505 2240 591 2278 addi
614 2239 720 2275 solita
748 2237 864 2286 (conf.
893 2235 932 2282 I,
963 2234 1076 2281 150),

429 2301 492 2334 aut
518 2291 845 2346 οἷποξηραμένου,
886 2291 985 2341 quod
1015 2289 1076 2338 qni

428 2353 576 2390 Ionismi
602 2353 743 2389 ratione
776 2349 869 2386 tueri
910 2346 1074 2392 voluerit,

429 2410 557 2448 merito
587 2409 624 2445 in
648 2405 859 2444 Buttmanni
881 2404 985 2442 cadet
1020 2415 1077 2439 re-

430 2465 706 2516 prehensionem
736 2463 773 2498 in
815 2461 976 2497 Gramm.
1011 2459 1076 2493 Gr.

431 2522 557 2559 maiori
579 2522 696 2570 Ipag.
709 2518 791 2560 325
808 2517 942 2554 not.**.
969 2514 1079 2551 conf.

431 2578 499 2614 Vll
513 2607 524 2625 ,
547 2579 638 2619 109.
657 2597 712 2604 —-
730 2575 772 2611 In
792 2586 897 2622 seqq.
920 2567 1078 2610 α’νοικο-

434 2633 570 2684 δομεῖν
601 2632 668 2670 erit
688 2630 914 2681 simpliciter:
944 2639 1080 2664 murum

435 2689 592 2735 educere,
623 2691 816 2734 exstruere,
843 2698 918 2722 non
943 2684 1078 2720 obstru-

436 2758 488 2781 ere
502 2744 741 2793 (ιριῖξίῑειιηᾱο,
770 2747 810 2780 ut
829 2743 922 2779 bene
942 2739 1081 2777 monuit

435 2800 656 2848 Vl'esseling.
713 2799 966 2847 lntelliguntur
987 2795 1083 2833 enim

438 2869 562 2906 opera,
577 2868 671 2905 quae
689 2860 813 2892 nostra
827 2858 946 2892 aetate
957 2852 1083 2889 dicun-

1136 1564 1213 1597 tur:
1245 1559 1394 1606 Qnaffs,
1417 1558 1546 1596 ,Μιίοέ
1567 1572 1596 1595 S.
1616 1558 1789 1595 Semach-

1138 1620 1206 1653 ten.
1245 1618 1354 1653 Cous.
1379 1617 1538 1654 h'eeren.
1561 1616 1672 1653 ldeen
1704 1615 1739 1663 1,
1763 1620 1789 1656 2

1137 1685 1223 1724 pag.
1247 1673 1338 1713 140.

1196 1727 1400 1766 ἐποιεῦντο
1438 1726 1490 1766 οἷ
1518 1723 1790 1778 Βαβυλώνιοι]

1139 1783 1260 1831 Vulgo
1280 1785 1392 1821 edunt
1408 1782 1481 1830 tol,
1512 1785 1610 1832 quod
1629 1785 1697 1821 hoe
1712 1785 1794 1834 ipso

1142 1852 1185 1877 ex
1213 1839 1292 1876 loco
1324 1839 1447 1876 laudat
1472 1839 1602 1876 Matth.
1639 1841 1706 1877 Gr.
1727 1841 1793 1878 Gr.

1141 1908 1227 1945 pug-
1252 1897 1342 1937 139.
1403 1896 1527 1939 Quum
1554 1909 1639 1934 vero
1669 1909 1794 1934 omnes

1143 1952 1223 1989 libri
1249 1952 1449 2001 praebeant
1478 1951 1519 1991 οἱ
1542 1951 1795 2002 insolitamque

1142 2008 1335 2046 Herodoto
1351 2010 1502 2045 formam
1514 2013 1699 2059 respuant,
1714 2022 1794 2046 cum

1143 2070 1291 2102 recentt.
1333 2065 1434 2102 editt.
1482 2065 1709 2115 reposuimus
1742 2063 1792 2102 οἵ.

1142 2120 1226 2157 Vid.
1267 2120 1400 2157 Struvii
1447 2120 1603 2170 Speeim.
1645 2120 1795 2163 Quaest.

1142 2177 1282 2214 Herod.
1312 2190 1349 2226 p.
1385 2179 1436 2217 10
1467 2180 1542 2212 not.
1567 2179 1619 2216 12
1651 2180 1794 2212 not.—

1142 2233 1183 2269 ln
1223 2245 1326 2281 seqq.
1371 2231 1451 2268 libri
1481 2244 1591 2281 prave
1626 2231 1796 2269 exhibent

1143 2283 1401 2336 α’παῖρεσκον,
1423 2300 1443 2324 a
1465 2286 1706 2337 Wesselingio
1723 2288 1796 2325 iam

1142 2349 1314 2382 mutatum
1345 2345 1381 2380 in
1406 2338 1685 2394 ἀπαιρέεσκον,
1715 2356 1795 2381 cum

1142 2400 1346 2438 huiusmodi
1370 2400 1552 2437 literarum
1581 2400 1794 2437 omissiones

1145 2456 1243 2494 haud
1267 2469 1348 2493 raro
1368 2457 1604 2493 inveniantur.

1203 2511 1256 2559 ὥς
1285 2509 1326 2551 δὲ
1355 2507 1400 2551 τό
1428 2526 1468 2551 τε
1489 2508 1658 2562 ὀρυχθὲν
1675 2511 1793 2562 λίμνη

1146 2564 1300 2620 πλήρης
1317 2584 1350 2607 κ.
1368 2583 1399 2606 τ.
1423 2570 1472 2615 λ.]
1511 2568 1678 2605 Pauwius
1709 2568 1794 2604 olim

1146 2625 1322 2663 maluerat
1355 2625 1474 2679 λίμνῃ
1505 2626 1671 2675 πλῆρεςς
1721 2636 1793 2672 quo

1145 2683 1292 2719 minime
1322 2694 1435 2731 opus,
1473 2693 1551 2718 cuin
1579 2681 1694 2717 iustus
1714 2691 1795 2717 ver-

1147 2739 1273 2775 borum
1301 2737 1347 2774 sit
1370 2738 1480 2774 ordo:
1512 2732 1683 2782 aig—vo*
1705 2731 1794 2786 ὄρυ-

1149 2792 1247 2844 χθὲν
1276 2789 1447 2844 ἐγεγόνεε
1479 2793 1598 2844 λίμνη
1625 2786 1791 2841 πλήρης.

1150 2850 1191 2887 In
1223 2862 1327 2899 seqq,
1362 2849 1472 2886 libros
1514 2848 1626 2886 secuti
1657 2858 1792 2893 sumus,

1890 375 1898 451 l

1905 483 1909 518 l

1903 643 1909 731 l

1904 733 1909 871 l
