1909 3228
649 222 948 269 CL10.1.

1341 223 1426 266 397

169 333 355 388 τούτου,
412 334 458 378 αἱ
493 333 728 391 ἐπικαμπαὶ
765 332 885 390 παρὰ
920 336 1060 390 χεῖλος
1095 330 1300 388 ἑκάτερον
1341 337 1424 377 τοῦ
1441 348 1445 353 ’

141 417 403 469 4ποταμοῦ,,
426 410 602 469 αἱμασιὴ
633 414 831 457 πλίνθων
859 410 1027 457 ὀπτέων
1055 413 1314 468 παρατείνει.
1371 429 1422 456 το

170 492 217 543 δὲ
256 491 365 535 ἄστυ
403 491 534 544 αὐτὸ,
591 491 665 536 ἐὸν
703 496 859 549 πλῆρες
893 491 1065 536 οἰκιέων
1103 489 1350 548 τριορόφων
1379 498 1480 535 τεδό

114 680 213 716 fluvii
247 679 341 717 labio
369 677 649 729 praetendatur,
678 676 764 714 dum

114 736 171 773 ille
190 737 313 773 urbem
332 736 497 786 perfluat.
502 734 525 752 “

171 792 216 830 αἱ
230 788 447 840 ἐπικαιιπαι
458 810 513 815 --
523 785 762 838 παρατείνει]

111 847 202 885 Loci
232 853 410 884 structuia
445 845 567 893 utique
607 845 761 894 impedi-

111 904 204 950 tior,
246 917 373 941 sensus
410 902 489 952 ipse
524 902 581 937 vix
618 901 759 937 dubius.

109 958 287 997 Absolute
318 961 412 997 enim
441 957 562 1008 posita
593 957 761 994 videntur

110 1017 221 1053 veiha
252 1031 292 1055 το
327 1011 403 1054 ἀπὸ
421 1010 586 1060 τούτου,
618 1013 662 1051 αἱ
680 1012 761 1052 ἐπι-

109 1070 282 1122 καμπαὶ,
315 1078 376 1109 aut
400 1076 495 1109 ceite
522 1071 591 1116 ita,
625 1075 663 1106 ut
680 1083 760 1107 ver-

110 1129 216 1176 bum,
246 1129 346 1178 quod
378 1128 437 1164 illa
466 1127 628 1176 excipere
651 1127 762 1163 debe-

112 1185 195 1230 bat,
240 1198 323 1221 mox
368 1183 572 1232 neglectum
595 1211 604 1228 ,
654 1183 759 1231 eique

112 1241 356 1288 substantivo,
397 1240 495 1288 quod
532 1251 598 1288 per
631 1252 761 1288 epexe-

110 1298 238 1345 gesin,
275 1301 315 1333 ut
351 1295 585 1333 Grammatici
618 1298 760 1342 vocant,

109 1352 269 1389 iunctum
293 1357 348 1389 est
373 1352 483 1402 priori
511 1350 576 1398 (αἱ
595 1349 759 1400 ἐπικαμ-

107 1407 215 1457 παὶ),
247 1409 467 1444 adstructum
489 1407 547 1443 sit.
587 1406 758 1454 Namque

106 1465 218 1502 verba
241 1463 285 1502 αἰ
303 1461 520 1513 ἐπικαμπαὶ
549 1459 654 1513 παροὶ
676 1466 757 1512 χεῖ-

107 1523 174 1567 λος
194 1516 378 1571 ἕκάτερον
399 1521 470 1558 τοῦ
492 1520 675 1568 ποταμοῦ
695 1531 756 1556 ac-

107 1577 264 1614 curatius
284 1577 467 1615 declarant
477 1576 644 1626 spatium,
659 1574 759 1624 quod

107 1638 192 1671 ante
211 1633 357 1671 omnino
382 1633 576 1669 indicatum
590 1635 666 1668 erat
677 1644 758 1669 ver-

108 1690 163 1727 bis
191 1686 235 1729 τὸ
265 1684 344 1728 cino*
376 1685 541 1737 τούτου,
582 1689 756 1737 quodque

107 1746 227 1796 ipsum
260 1746 371 1782 fuisse
404 1745 507 1782 addit
552 1744 756 1790 maceriam,

108 1814 203 1851 quae
215 1801 309 1837 labio
326 1802 480 1837 fluminis
493 1801 636 1849 utrique
647 1812 755 1849 prae-

108 1858 290 1895 tendatur.
335 1856 432 1894 Nam
451 1857 677 1906 παρατείνει
699 1855 757 1892 hic

108 1913 273 1951 absolute
305 1927 332 1949 s.
351 1912 560 1950 neutraliter
578 1911 757 1961 accipien-

109 1971 206 2007 dum.
227 1990 284 1997 -
312 1969 371 2005 Ad
402 1964 567 2018 αἷμασιή
589 1968 683 2004 conf.
712 1967 757 2014 ll,

111 2027 192 2067 138
222 2030 258 2063 et
279 2025 350 2071 VI,
373 2025 452 2065 134
472 2025 533 2061 fin.
566 2023 642 2060 coll.
663 2022 758 2059 Pau-

110 2094 187 2119 san.
207 2082 296 2128 Vll,
315 2085 365 2123 21
393 2080 429 2131 §.
449 2082 485 2121 5.
542 2079 600 2117 De
616 2081 760 2116 sentice-

108 2140 156 2175 tz's
187 2138 355 2186 intelligit
382 2137 532 2174 Homer.
555 2136 592 2172 in
620 2136 757 2184 Odyss.

107 2194 249 2241 XVIII,
267 2195 370 2241 358,
401 2194 459 2230 ubi
491 2193 561 2229 vid.
590 2192 756 2228 Eustath.

107 2264 144 2301 p.
157 2253 237 2292 676
259 2263 372 2300 supr.‚
400 2254 572 2287 monente
592 2249 674 2295 Cr.,
696 2248 758 2296 qui

109 2307 212 2344 addit
226 2306 393 2357 Apollon.
409 2305 499 2344 Lex.
517 2305 627 2342 Hom,
639 2319 675 2355 p.
690 2307 756 2345 69.

108 2365 163 2403 70
194 2364 251 2401 ed.
286 2362 384 2399 Toll.
443 2361 503 2398 Ad
529 2362 759 2399 Herodotum

108 2419 226 2466 magis
251 2419 336 2455 facit
353 2418 583 2455 Grammatic.
606 2418 642 2454 in
660 2418 760 2454 Bek-

109 2473 188 2511 keri
217 2473 379 2511 Anecdd.
406 2474 421 2509 I
455 2487 540 2523 pag.
574 2475 679 2521 336,
710 2476 758 2514 6:

110 2525 308 2579 Αἷμασιά·
337 2526 381 2568 τό
401 2528 441 2568 ἐκ
462 2530 632 2579 χαλίκων
660 2526 758 2582 φ’κο-

109 2584 334 2635 ὅομημένον
350 2586 493 2634 τειχίον
507 2598 515 2605 ·
546 2587 694 2636 κυρίως
715 2583 757 2624 δὲ

108 2646 191 2688 τοῖς
250 2637 553 2692 οἷνκειθωιιένοις
610 2641 757 2694 λέγεται

109 2713 178 2748 φρ
171 2703 306 2749 ιγμοῐς
318 2714 342 2746 η
365 2713 425 2735 τιν
430 2711 501 2743 ες(
500 2695 579 2735 Ξυπ.
595 2698 755 2747 01)(516.)

107 2769 176 2792 και
211 2755 252 2792 οῖ
276 2751 404 2798 ’'Icoreg
441 2750 542 2792 ου’τω
563 2766 754 2803 sowv'rm

109 2811 223 2859 δηλοῖ
244 2808 281 2848 (δὲ
301 2805 539 2859 'Hpoffiomgc'
527 2825 564 2847 ι
588 2807 756 2863 τῑτῖπρωᾏ

105 2876 175 2920 τῃ·
216 2863 376 2917 φαύλως
403 2863 445 2905 δὲ
474 2866 515 2906 οἱ
542 2867 679 2907 πολλοὶ
711 2864 756 2906 ro'

830 673 977 725 χωρίου
999 670 1098 715 αὕτό
1118 671 1161 715 vti
1181 672 1260 715 ὑπὸ
1281 675 1479 726 αἵμασιαῖν

830 727 1106 783 περιεχόμενον
1131 730 1320 779 αἱμασιάν
1338 735 1478 771 καλοῦ-

831 799 905 826 σιν.
963 788 1082 837 Atque
1103 794 1186 826 ante
1207 790 1295 827 haec
1312 790 1480 836 evulgata

830 844 901 880 iam
913 844 1199 882 Winckelmann.
1213 846 1312 896 Opp.
1324 846 1337 881 Ι
1347 859 1382 895 p.
1395 847 1479 886 360

828 901 885 937 ed.
903 899 1035 937 Dresd.
1056 906 1267 949 monuerat,
1299 902 1398 938 haud
1421 903 1480 939 fu-

827 957 901 995 isse
921 957 1034 994 videri
1060 958 1225 1004 moenia,
1263 971 1307 995 ex
1325 957 1477 1007 integris

826 1012 997 1051 lateribus
1046 1014 1296 1064 superstructis
1336 1018 1477 1064 parata,

830 1070 895 1107 sed
919 1069 1039 1118 qualia
1058 1083 1079 1107 a
1097 1070 1272 1107 Romanis
1292 1075 1378 1121 post
1389 1083 1478 1107 con-

830 1127 904 1162 dita
938 1127 1093 1173 suerint,
1140 1127 1310 1164 lateribus
1345 1127 1480 1163 scilicet

829 1182 1047 1219 extrinsecus
1068 1183 1170 1231 quasi
1188 1183 1319 1221 cortice
1330 1183 1480 1220 circum-

829 1239 914 1275 data
927 1268 937 1285 ,
967 1238 1161 1277 introrsum
1182 1252 1267 1277 vero
1284 1239 1479 1289 lapidibus,

828 1294 1011 1341 silicibus,
1044 1295 1159 1343 calce,
1189 1296 1228 1332 id
1252 1309 1368 1344 genus
1396 1295 1475 1332 aliis

826 1349 975 1399 repleta.
1034 1350 1076 1387 In
1103 1352 1334 1389 munimentis
1364 1351 1479 1402 αἷμα-

828 1402 893 1444 σιᾶ
915 1408 1067 1442 occurrit
1092 1408 1153 1443 ubi
1182 1412 1237 1444 est
1258 1420 1371 1456 agger
1390 1407 1480 1446 ela-

818 1462 1096 1512 pz'clz‘busfactas
1107 1493 1118 1510 7
1135 1463 1334 1510 Steinwczll,
1355 1463 1479 1500 Stein-

825 1518 951 1555 clamm.
1011 1519 1094 1555 Vid.
1115 1519 1229 1557 Orelli
1249 1521 1297 1557 ad
1312 1520 1478 1558 Aeneam

825 1575 964 1611 T'actic.
1001 1588 1078 1625 cap.
1113 1579 1140 1617 2
1178 1589 1265 1626 pag.
1296 1579 1383 1618 '127-
1422 1597 1480 1604 -—

825 1632 1018 1668 Caeterum
1039 1633 1135 1682 ipsas
1158 1632 1261 1670 huius
1282 1633 1384 1670 molis
1405 1633 1479 1670 rui-

824 1701 889 1724 nas
913 1689 1107 1725 secuudum
1134 1691 1267 1726 fiumen
1296 1690 1479 1728 invenisse

826 1744 893 1780 sibi
909 1758 923 1778 x
933 1745 1074 1780 identur
1087 1746 1303 1783 recentiores
1315 1747 1480 1797 peregri-

824 1804 969 1836 natores
983 1829 993 1846 ,
1014 1801 1117 1837 Rich.
1141 1806 1177 1838 et
1197 1802 1476 1851 Buckfflgham„

824 1857 923 1892 cuius
947 1856 1018 1892 vid.
1051 1857 1212 1893 Itinerar.
1244 1859 1281 1894 in
1302 1858 1479 1908 Mesopo-

824 1915 910 1948 tam.
943 1912 1123 1958 (Berolin.
1142 1915 1270 1962 1828)
1287 1927 1375 1965 pag.
1389 1913 1477 1956 484

825 1980 928 2016 seoq.
981 1983 994 1986 -

881 2038 923 2062 το
957 2019 998 2061 δὲ
1020 2019 1117 2061 α’στυ
1139 2018 1235 2062 αυτό
1252 2053 1262 2071 ,
1295 2021 1358 2064 ε’ὂν
1377 2027 1477 2076 πλῆ-

828 2092 895 2129 ρες
918 2078 1075 2118 οἰκιέων
1104 2076 1328 2131 τριοοόφων
1350 2096 1389 2121 τε
1409 2081 1477 2122 καὶ

826 2131 1111 2186 τετρωοόφων]
1143 2132 1367 2188 τοιορόφων
1389 2139 1476 2189 (pro

825 2192 898 2241 vlg.
920 2207 981 2243 τρι
994 2188 1189 2243 ωρόφων)
1209 2206 1288 2230 cum
1308 2194 1476 2244 Sehwgh.

825 2250 1023 2299 recepimus
1065 2262 1086 2286 e
1130 2249 1476 2288 Schellershemiano

826 2306 961 2343 codice.
1018 2305 1179 2343 Probare
1197 2311 1317 2343 tamen
1337 2308 1478 2345 videtur

825 2361 1009 2411 vulgarem
1026 2363 1180 2399 formam
1207 2375 1229 2399 a
1256 2362 1321 2400 Cr.
1349 2363 1477 2401 lauda-

826 2422 883 2454 tus
905 2419 1119 2455 Schaeserus
1140 2419 1187 2455 ad
1211 2418 1367 2468 Dionys.
1395 2420 1476 2457 Ha·

826 2474 881 2511 lic.
905 2475 951 2512 de
969 2475 1156 2525 composit.
1179 2476 1302 2512 verbb.
1323 2490 1359 2526 p.
1379 2479 1474 2523 203,

826 2531 976 2568 laudans
995 2531 1158 2568 Eustath.
1179 2531 1228 2568 ad
1255 2532 1404 2570 Homer.
1433 2533 1474 2570 Il.

826 2588 982 2637 P·640‚
1006 2591 1023 2628 1
1059 2590 1181 2635 (499,
1210 2589 1294 2636 10),
1324 2585 1474 2642 ὑπερῴ-

829 2658 919 2691 ους,
951 2643 1235 2695 πολυστέγους,
1272 2644 1474 2696 πολυωρό-

825 2715 928 2748 <powg
965 2702 1219 2750 proferentem.
1302 2702 1474 2751 Intelligit

825 2762 944 2793 autem
977 2757 1187 2794 Herodotus
1223 2760 1332 2797 aedes
1368 2760 1473 2796 trium

825 2818 859 2849 et
881 2818 1033 2861 quatuor
1051 2813 1312 2864 tabulatorum,
1335 2816 1472 2867 amplas

822 2868 932 2917 igitur
955 2869 1127 2920 altasque⁴
