1909 3228
269 450 369 494 106

97 512 226 552 Scythae
254 515 290 540 A.-
278 513 320 541 ia
340 523 371 541 c-

98 547 166 574 iccti
185 555 204 574 a
232 547 290 574 596.
320 548 371 574 Ni-

98 582 372 646 23:„5{¹‘.¹.²‚.„s.·⁰..²231

97 647 175 675 tibus
193 647 287 674 adme·
300 649 372 683 Scy-

96 680 182 716 this‚]
202 689 230 710 a.
248 682 306 710 ϋυϋ.

428 189 513 229 266

819 188 1293 229 HERonoTl

428 296 629 342 ἑωυτοῖσι
657 298 762 348 τούς
789 295 1125 352 ἀπικνεομένους
1154 298 1197 350 ἐς
1234 298 1313 353 τὴν
1342 300 1573 356 Σκυθικήν
1601 298 1678 356 χώ-
1689 305 1734 340 50

427 391 511 432 ρην
541 376 598 428 ὠς
628 376 870 430 διακέαται,
900 374 1003 426 τούς
1032 377 1234 421 καλέουσι
1258 374 1463 432 Ἐναρέας
1492 381 1535 422 οἱ
1563 379 1677 422 Σκύ-

428 459 522 497 θαι.

427 532 566 589 Ἀσίης
595 535 639 576 οἱ

579 453 671 496 Ἐπὶ
698 455 778 509 μὲν
805 471 889 498 νυν
919 452 1030 498 ὀκτώ
1059 456 1130 499 καὶ
1160 457 1294 499 εἴκοσι
1323 455 1416 499 ἔτεα
1443 451 1578 513 ἦρχον
1605 461 1679 512 τῆς

667 531 868 585 Σκύθαι,
891 534 964 576 καὶ
991 533 1044 577 τοὶ
1073 534 1215 578 πάντα
1245 546 1324 591 σφι
1351 532 1440 578 ’ὑπό
1469 551 1511 578 τε
1529 535 1681 590 ὕβριος

429 613 504 655 καὶ
534 610 763 668 ὀλιγωρίης
794 611 1010 656 ἀνάστατα
1037 608 1106 670 ἦν.
1136 614 1266 669 χωρὶς
1294 614 1372 670 μὲν
1400 613 1483 670 γὰρ
1513 612 1680 669 φόρων,

429 691 652 747 ἔπρησσον
680 689 778 748 παρ’
804 691 995 736 ἑκάστων
1015 692 1064 736 τὸ
1087 692 1304 738 ἑκάστοισι
1323 693 1575 750 ἐπέβαλλον·
1603 708 1681 749 χω·
1691 698 1735 734 55

368 866 494 915 ginem
511 866 667 902 fortasse
684 864 802 901 trahat
813 865 858 902 ab
877 863 1019 915 ἐναίρω

369 922 521 972 spolior,
554 920 674 973 ἔναρα
699 921 833 970 spolia,
864 921 1021 970 indeque

369 979 545 1015 virilitate
591 977 757 1028 spoliatos
816 977 1023 1026 significare

369 1035 499 1085 possit.

580 1120 690 1171 cap.
722 1118 817 1156 cv1

425 1200 493 1243 ἔπι
490 1200 579 1260 μέν
597 1218 674 1242 νυν
697 1198 799 1242 ὄκτοὶ
818 1200 885 1241 καὶ
903 1201 1025 1241 εἴκοσι

370 1257 456 1299 ἔτεα
475 1260 601 1310 ἤρχου
621 1262 694 1310 τῆς
712 1255 845 1309 Ἀσίης
869 1274 907 1298 οι
897 1255 1024 1298 Σκύ-

368 1314 468 1365 θαι]
504 1315 567 1354 ἐπὶ
590 1320 646 1354 est
662 1329 747 1365 per,
777 1315 1025 1365 temporisque

370 1372 678 1409 continuationem
726 1372 871 1408 indicat.
939 1372 1023 1408 vid.

369 1427 533 1464 Fischer.
555 1429 603 1464 ad
615 1427 761 1465 W‘eller.
772 1428 836 1473 ΙΙΙ,
847 1428 870 1464 b
881 1440 916 1477 p.
929 1427 1022 1468 244.

372 1504 421 1510 --
469 1483 525 1520 De
563 1484 644 1532 ipso
685 1488 898 1532 argumento
929 1484 1023 1520 cons.

369 1539 550 1577 Herodot.
567 1540 604 1587 Ι,
628 1542 709 1580 130
727 1543 763 1577 et
782 1551 875 1587 quae
894 1539 941 1575 ibi
957 1552 1023 1575 an-

369 1599 552 1632 notantur.
601 1595 743 1632 Susficit
759 1595 827 1632 hoc
844 1594 922 1631 loco
943 1607 1021 1630 mo-

370 1664 460 1689 nere
483 1652 529 1688 de
556 1650 698 1688 illorum
720 1664 865 1697 errore,
897 1651 958 1699 qui
985 1651 1021 1687 in

370 1707 551 1744 Herodoti
580 1707 700 1744 verbis
742 1708 875 1744 menda
909 1707 1021 1744 latere

364 1763 596 1813 suspicentur
624 1775 884 1811 numerumque
907 1775 1021 1799 anno-

366 1831 447 1855 rum
483 1819 570 1856 inde
610 1822 749 1856 mutare
784 1819 904 1856 velint.
963 1818 1020 1854 Ex

365 1873 541 1911 Larcheri
568 1874 708 1912 calculis
727 1875 763 1912 hi
792 1875 916 1923 viginti
939 1879 1020 1910 octo

367 1930 453 1967 anni
474 1930 636 1967 incidunt
658 1931 695 1967 in
727 1943 860 1967 annum
883 1931 964 1973 633
987 1943 1020 1967 a.

371 1986 460 2024 Chr.
502 1999 538 2023 n.
578 1999 695 2035 usque
728 1988 776 2023 ad
802 1987 907 2034 605,
947 1999 1021 2035 quo

371 2043 454 2092 ipso
489 2041 647 2090 Scythae
682 2043 876 2080 eiiciantur.
934 2042 1022 2079 vol-

372 2099 475 2135 neius
497 2102 616 2136 autem
635 2100 819 2136 constituit
838 2111 921 2136 ann.
939 2098 1020 2140 625

371 2175 428 2181 -·-
449 2155 543 2196 598.
587 2155 708 2192 Verba
741 2169 844 2204 seqq.
880 2153 948 2194 καὶ
974 2169 1021 2193 τα

371 2205 804 2250 παντα--οἷναστατ
819 2227 842 2249 α
867 2205 920 2262 ἧν
941 2224 1022 2248 cum

370 2267 536 2316 Schweig
525 2268 575 2303 r.h
602 2272 742 2305 vertere
771 2269 870 2306 licet:
907 2270 1022 2304 onmia

371 2344 428 2351 -
447 2337 574 2372 susque
596 2323 703 2373 (leque
730 2325 931 2361 habuerunt.
962 2324 1020 2360 Cf.

372 2380 409 2427 l,
429 2382 494 2420 76
515 2382 581 2420 79.
601 2383 666 2421 97
687 2381 765 2422 155
786 2386 851 2418 etc.

426 2434 550 2503 χωρὶς
559 2433 631 2486 μὲν
642 2451 714 2488 γαρ
727 2432 875 2487 φόοων,
884 2434 1021 2486 ἶς’-πρησ

373 2503 444 2529 σον
459 2487 550 2543 παρ’
571 2489 746 2532 ἑκαστων
765 2509 808 2532 το
826 2487 1020 2533 ἑκάστοισι

373 2546 588 2598 ἐπέβαλλον
607 2564 643 2587 κ.
662 2565 693 2587 τ.
713 2552 760 2596 λ]
785 2549 885 2586 Libri
904 2548 1019 2585 necin

370 2603 424 2639 his
443 2617 509 2641 nec
529 2605 565 2641 in
586 2606 821 2655 sequentibus
841 2605 944 2641 valde
958 2617 1020 2640 va-

371 2660 484 2706 riant,
508 2661 578 2697 nisi
611 2664 711 2711 quod
729 2660 1021 2699 Schellershemi-

371 2726 462 2751 anus
480 2713 670 2766 ἐπέβαλον
683 2747 694 2765 ,
724 2719 823 2767 quod
843 2719 919 2754 iure
946 2729 1021 2753 non

372 2770 541 2819 displicet
550 2773 904 2823 Schweighaeusero.
917 2773 1021 2810 Tunc

373 2827 466 2863 enim
488 2839 633 2866 sensus:
662 2831 891 2879 „exigebant
907 2843 929 2867 a
948 2831 1020 2867 sin-

1088 865 1180 914 gulis
1215 865 1411 913 tributum,
1452 865 1551 914 quod
1585 863 1736 912 singulis

1088 923 1366 971 imposuerant.“
1435 921 1484 959 At
1521 918 1737 971 ἐπέβαλλον

1089 979 1120 1014 si
1145 977 1322 1024 retineas,
1348 978 1430 1015 erit:
1462 978 1692 1026 „exigebant
1715 990 1737 1013 a

1092 1033 1243 1082 singulis
1268 1034 1366 1082 quod
1393 1033 1543 1082 singulis
1571 1035 1739 1082 imponere

1094 1090 1296 1133 solebant;“
1325 1090 1375 1126 ita
1403 1094 1441 1126 ut
1464 1101 1538 1126 non
1567 1089 1614 1126 de
1640 1092 1739 1126 certo

1093 1147 1252 1196 quodam
1275 1146 1407 1183 tributo
1418 1145 1587 1196 imposito
1601 1144 1648 1181 sit
1663 1157 1740 1181 ser-

1093 1216 1174 1250 mo,
1203 1203 1268 1240 sed
1298 1203 1345 1240 de
1374 1216 1441 1249 eo,
1472 1202 1568 1251 quod
1590 1201 1657 1238 hac
1682 1199 1739 1238 vel

1094 1259 1153 1296 illa
1180 1259 1369 1297 occasione
1405 1258 1548 1304 oblata,
1585 1256 1739 1294 subditis

1093 1316 1280 1365 imponere
1298 1316 1455 1364 indeque
1474 1315 1619 1362 exigere
1643 1311 1738 1350 sole-

1094 1373 1179 1408 bant
1205 1376 1350 1421 praeter
1385 1371 1554 1407 tributum
1586 1368 1737 1407 solemni

1092 1440 1135 1464 ex
1160 1427 1241 1475 lege
1264 1428 1366 1475 quasi
1386 1427 1610 1476 impositum3
1637 1424 1737 1461 cuius

1091 1483 1182 1520 ratio
1204 1482 1379 1519 habeatur
1390 1482 1508 1519 verbis
1530 1479 1647 1532 χωρὶς
1664 1477 1738 1532 μὲν

1089 1535 1165 1592 γάρ
1190 1534 1336 1589 φόρων.
1378 1539 1453 1575 Sed
1473 1540 1658 1586 negotium
1681 1538 1736 1574 fa-

1087 1600 1234 1632 cessunt
1255 1595 1365 1631 verba
1382 1594 1549 1630 continuo
1560 1595 1737 1631 subiecta:

1087 1649 1206 1701 χωρὶς
1243 1647 1284 1688 δὲ
1331 1652 1404 1688 τοῦ
1443 1645 1597 1699 φόρου,
1644 1661 1739 1698 quae

1088 1707 1255 1756 equidem
1279 1708 1366 1742 satis
1396 1705 1596 1754 intelligere
1624 1710 1738 1742 recte-

1088 1776 1158 1812 que
1173 1762 1352 1813 explicare
1368 1775 1522 1811 neque0.
1553 1762 1621 1799 Vix
1641 1761 1736 1799 enim

1087 1818 1213 1866 aliter,
1252 1818 1322 1854 nisi
1352 1831 1395 1855 ex
1427 1818 1646 1866 glossemate
1677 1816 1737 1854 illa

1088 1875 1125 1911 in
1145 1879 1281 1912 textum
1298 1874 1487 1923 irrepsisse
1512 1873 1736 1911 crediderim.

1090 1931 1195 1974 Quae
1216 1930 1273 1966 alii
1296 1930 1343 1965 ad
1371 1930 1437 1966 loci
1464 1931 1736 1979 intelligentiam

1088 1987 1240 2024 attulere
1278 1990 1340 2022 aut
1370 1987 1642 2035 excogitavere,
1692 1999 1737 2024 eo

1088 2043 1204 2091 magis
1239 2042 1450 2091 displicent,
1480 2056 1550 2091 quo
1580 2056 1602 2079 a
1627 2042 1737 2078 libro-

1087 2112 1166 2136 rum
1208 2099 1369 2147 vestigiis
1416 2100 1561 2135 omnino
1607 2099 1737 2134 absunt

1088 2168 1156 2193 nec
1177 2155 1259 2205 ipsa
1280 2155 1506 2191 commodam
1527 2154 1736 2203 explicatio-

1088 2225 1171 2249 nem
1187 2211 1433 2260 suppeditant.
1492 2211 1652 2248 Pertinet
1669 2210 1737 2246 hue

1088 2267 1228 2304 Reiskii
1257 2273 1513 2313 commentum,
1546 2280 1618 2315 quo
1649 2266 1737 2303 scri-

1088 2324 1211 2359 batur:
1234 2321 1353 2373 χωρὶς
1369 2321 1440 2372 μὲν
1460 2338 1553 2374 γαρ,
1577 2318 1737 2374 φόρον

1089 2378 1286 2430 ἕπρηοσον
1304 2394 1324 2416 τ
1338 2375 1357 2418 ὸ
1370 2395 1391 2417 v
1410 2379 1537 2418 ἕκαστ.
1552 2408 1562 2427 ,
1591 2384 1653 2416 aut
1669 2379 1736 2416 eti-

1087 2449 1145 2472 am
1162 2450 1192 2484 φ
1207 2431 1228 2474 ό
1242 2450 1264 2484 ρ
1278 2449 1298 2473 o
1310 2451 1345 2473 v.
1373 2436 1736 2484 Schweighaeuserus

1087 2492 1163 2530 iure
1192 2493 1228 2527 in
1256 2492 1323 2529 loci
1356 2497 1533 2529 structura
1568 2492 1734 2538 offendit,

1087 2561 1196 2596 quam
1225 2560 1299 2583 non
1337 2548 1440 2585 aliter
1482 2563 1522 2586 se
1550 2549 1736 2598 percipere

1087 2618 1198 2653 posse
1219 2604 1292 2650 ait,
1322 2604 1390 2640 nisi
1417 2606 1489 2651 ita,
1518 2610 1558 2641 ut
1586 2617 1652 2654 per
1669 2605 1735 2641 ad-

1086 2661 1303 2709 positionem
1336 2661 1457 2698 iuncta
1490 2661 1736 2709 intelligantur

1087 2716 1175 2754 haec
1195 2718 1267 2753 duo
1287 2732 1317 2764 φ
1331 2714 1385 2768 όρ
1400 2732 1475 2765 ον,
1502 2722 1539 2755 et
1563 2714 1618 2756 vd
1646 2713 1733 2755 ἑκά-

1088 2784 1212 2811 στοισι
1232 2772 1423 2823 ἐπέβαλον
1458 2778 1495 2811 et
1523 2774 1571 2811 ad
1603 2773 1731 2810 horum

1087 2835 1276 2879 utrumque
1304 2831 1479 2868 referatur
1513 2830 1659 2868 verbum
1696 2826 1729 2867 ἔ·
