1909 3228
452 245 536 285 594

842 236 1311 277 HERODOTI

455 348 660 406 Αἰγύπτῳ
691 345 933 402 ἐσέρχονται
963 349 1123 401 μοῦνοι
1158 343 1355 387 πάντων·
1396 344 1497 389 οὐδέ
1527 356 1605 401 σφι
1635 345 1704 389 ἐκ-

457 431 659 473 δίδοσθαι
687 424 909 480 θυγατέρα
939 423 1085 474 οὐδεὶς
1121 422 1279 474 ἐθέλει,
1323 421 1420 466 οὐδ’
1451 423 1632 479 ἄγεσθαι
1662 424 1704 476 ἐξ
1717 427 1761 463 25

458 505 623 550 αὐτῶν·
655 501 751 547 ἀλλ’
783 503 1028 547 ἐκδίδονταί
1055 518 1100 545 τε
1130 503 1173 545 οἱ
1205 505 1395 557 συβῶται
1424 503 1496 544 καὶ
1526 502 1705 558 ἄγονται

428 585 500 636 Ξέξ
530 582 735 638 ἀλλήλων.
781 587 893 626 τοῖσι
922 582 1000 638 μέν
1021 598 1107 625 νυν
1137 580 1303 624 ἄλλοισι
1330 586 1472 624 θεοῖσι
1499 580 1627 624 θύειν
1651 577 1705 632 ὗς

457 662 511 706 οὐ
547 664 760 705 δικαιεῦσι
789 660 1019 716 Αἰγύπτιοι
1031 676 1040 685 ·

1099 659 1271 717 Σελήνῃ
1313 659 1358 702 δὲ
1394 659 1467 702 καὶ
1499 659 1707 715 Διονύσῳ
1749 664 1828 702 127

457 739 683 797 μούνοισι,
720 744 800 785 τοῦ
828 739 965 784 αὐτοῦ
993 738 1182 796 χρόνου,
1219 742 1273 794 τῇ
1303 737 1412 795 αὐτῇ
1440 737 1710 796 πανσελήνῳ,

403 986 494 1022 opus
509 971 576 1008 hac
592 968 785 1021 particula,
797 981 906 1018 quam
929 969 1048 1020 scripti

404 1029 485 1065 libri
514 1039 588 1063 non
614 1029 824 1075 agnoscunt.
882 1024 940 1063 De
963 1026 1050 1076 ipsis

404 1083 558 1122 subulcis
578 1083 658 1132 (qui
678 1083 786 1120 etiam
808 1086 1052 1118 memorantur

403 1141 450 1187 ll,
473 1140 572 1186 164)
588 1139 711 1176 infimo
736 1138 814 1174 loco
836 1138 967 1175 habitis
991 1150 1049 1189 ap.

404 1196 602 1245 Aegyptios
614 1224 624 1242 ,
643 1195 712 1232 alia
730 1194 880 1230 aliorum
899 1195 1052 1244 scripto-

404 1266 481 1290 rum
497 1251 704 1290 testimonia
723 1251 971 1300 suppeditabit
980 1251 1054 1286 Bo-

405 1309 515 1347 chart.
541 1307 746 1345 Hierozoic.
766 1306 811 1353 ll,
830 1307 882 1347 57
901 1320 935 1356 p.
960 1309 1054 1346 707.

405 1365 459 1402 Ac
480 1365 678 1402 tenendum
708 1366 784 1410 est,
818 1363 1055 1411 agriculturae

406 1420 678 1472 promovendae
699 1423 736 1455 et
755 1419 913 1455 tuendae
935 1430 1054 1464 causa,

407 1477 465 1514 cui
489 1475 643 1512 maxime
667 1478 848 1511 assuetam
870 1478 906 1510 et
924 1473 1055 1510 adstri-

407 1536 500 1570 ctam
522 1530 699 1567 voluerint
725 1530 930 1567 sacerdotes
947 1529 1056 1578 legis-

406 1588 539 1625 latores
566 1590 712 1635 gentem
734 1585 974 1635 Aegyptiam,
1004 1585 1056 1620 vi-

407 1647 482 1680 tam
509 1642 733 1693 pastoritiam
762 1646 870 1690 atque
893 1640 1057 1677 nomadi-

410 1712 488 1736 cam
503 1698 598 1735 reiici
610 1727 620 1744 ,
643 1702 682 1733 ut
699 1698 791 1734 adeo
810 1697 953 1733 infamia
966 1710 1056 1745 qua-

409 1756 493 1792 dam
516 1758 686 1790 notentur
709 1754 755 1799 ii,
785 1753 846 1801 qui
866 1753 946 1789 huic
961 1753 1057 1788 vitae

410 1810 534 1859 generi
567 1822 647 1846 sese
677 1808 849 1855 dicarint,
886 1809 1058 1856 quoniam

409 1867 446 1902 in
476 1866 573 1914 agris
599 1865 665 1900 rite
700 1863 862 1901 colendis
895 1864 1058 1899 sedibus-

410 1935 481 1971 que
499 1920 611 1958 firmis
630 1921 817 1969 capiendis
838 1920 952 1955 omnis
971 1932 1059 1956 con-

411 1979 517 2015 sistat
541 1977 593 2014 rei
621 1975 786 2026 publicae
821 1975 917 2012 salus
948 1980 1058 2024 atque

411 2034 500 2071 ordo
522 2062 532 2080 ,
583 2032 724 2082 qualem
768 2032 975 2069 sacerdotes
1010 2031 1058 2067 illi

411 2089 565 2127 maxime
586 2092 816 2125 sectarentur.
845 2087 1062 2125 PluraHee-

412 2159 486 2183 ren.
510 2145 621 2181 Ideen
640 2144 695 2192 11,
711 2148 737 2185 2
758 2156 844 2194 pag.
861 2147 938 2185 159
957 2156 1062 2193 seqq.

413 2201 489 2239 coll.
514 2202 604 2241 150.

471 2252 564 2296 ου’δέ
586 2268 660 2305 σφι
679 2254 912 2294 ἐκδίδοσθαι
938 2259 1062 2306 θυγα-

413 2312 505 2362 τέρα
529 2328 563 2351 κ.
590 2327 622 2350 τ.
645 2310 691 2361 λ]
731 2311 789 2349 De
823 2312 1063 2349 locutionibus

415 2369 645 2410 ἐκδίδοσθαι
672 2367 872 2419 θυγατέρα
910 2372 947 2405 et
975 2365 1061 2421 ὅγε-

416 2430 514 2465 σθαι
542 2426 636 2463 conf.
669 2428 744 2461 not.
773 2425 821 2461 ad
852 2425 890 2472 1,
907 2424 972 2465 34.
995 2425 1060 2465 59.

418 2482 483 2519 Cr.
512 2480 665 2518 conferri
691 2480 769 2517 vult
795 2481 986 2518 Heindorf.
1014 2481 1061 2516 ad

416 2538 555 2574 Platon.
575 2537 691 2585 Gorg.
716 2549 800 2586 pag.
822 2536 1061 2578 226.—Pro

417 2592 638 2632 ἐκδίδονται
658 2597 696 2630 et
716 2589 878 2644 ἄγονται
895 2592 1062 2640 Schwgh.

419 2654 455 2686 et
484 2649 600 2685 Gaiss.
634 2661 676 2686 ex
699 2661 772 2684 uno
799 2648 888 2685 libro
917 2661 1064 2698 recepe-

419 2709 501 2740 runt
522 2701 740 2743 ἐκδιδόαται
764 2708 875 2753 atque
894 2699 1062 2756 ἆγέαται.

420 2759 596 2808 Equidem
607 2760 787 2809 vulgatam
808 2760 997 2798 lectionem
1009 2773 1064 2797 re-

421 2814 594 2861 liquorum
611 2815 779 2852 librorum
792 2829 970 2853 consensu
981 2829 1065 2865 pro-

422 2869 543 2906 batam
565 2871 708 2908 retinui.
763 2871 872 2909 Conf.
900 2872 940 2919 1,
968 2874 1062 2914 209.

1118 969 1195 1007 Sed
1220 963 1351 1007 αὐτῶν
1382 968 1505 1019 scripsi
1536 980 1616 1005 cum
1647 967 1764 1004 Gaisf.

1118 1038 1186 1076 pro
1213 1020 1350 1063 αὕτέω
1363 1039 1396 1062 ν.

1175 1076 1332 1134 Σελήνῃ
1347 1078 1388 1118 δὲ
1399 1079 1463 1118 καὶ
1473 1077 1658 1132 Διονύσῳ
1671 1075 1767 1131 μού-

1120 1148 1225 1175 νοισι
1247 1152 1280 1175 κ.
1301 1152 1331 1176 τ.
1351 1136 1401 1186 λ.]
1445 1137 1578 1174 Auctor
1606 1141 1661 1173 est
1694 1135 1768 1173 Ae-

1121 1193 1237 1230 lianus
1260 1192 1309 1230 N.
1333 1193 1376 1229 A.
1400 1192 1454 1239 Χ,
1487 1195 1537 1233 16
1564 1191 1767 1242 Aegyptios

1122 1249 1231 1287 semel
1250 1250 1443 1298 quotannis
1454 1249 1579 1286 Lunae
1599 1262 1699 1285 suem
1711 1261 1770 1285 sa-

1119 1307 1279 1344 crificare
1298 1305 1421 1342 solitos
1443 1318 1542 1352 esse3
1574 1306 1672 1342 cuius
1693 1317 1771 1341 mo-

1120 1363 1169 1399 ris
1191 1375 1337 1409 causas,
1367 1367 1444 1399 tum
1466 1362 1511 1398 ab
1530 1361 1606 1398 aliis
1626 1365 1701 1397 tum
1723 1360 1768 1397 ab

1121 1418 1275 1454 Eudoxo
1306 1418 1466 1467 prolatas
1495 1418 1591 1454 idem
1621 1417 1770 1470 subiun-

1121 1475 1184 1521 git.
1242 1473 1400 1510 Maxime
1418 1486 1502 1510 vero
1524 1473 1593 1509 huc
1612 1473 1771 1522 pertinet

1122 1529 1304 1565 Plutarchi
1316 1529 1412 1565 locus
1430 1529 1476 1566 de
1495 1529 1539 1565 ls.
1557 1533 1666 1577 atque
1682 1528 1769 1565 Osi-

1124 1585 1201 1621 ride
1222 1597 1308 1634 pag.
1328 1586 1423 1630 353,
1443 1584 1484 1621 F.
1514 1585 1609 1631 354,
1629 1584 1661 1620 A
1678 1597 1769 1633 seq„

1122 1640 1182 1677 ubi
1210 1654 1308 1676 suem
1330 1642 1441 1677 refert
1463 1642 1669 1678 sacerdotes
1696 1641 1770 1678 exi-

1124 1697 1269 1733 stimare
1288 1696 1416 1732 animal
1439 1710 1461 1733 a
1479 1697 1587 1733 sacris
1599 1697 1768 1742 alienum,

1124 1753 1292 1801 quoniam
1314 1752 1466 1788 maxime
1486 1757 1590 1789 coeat
1606 1752 1689 1789 luna
1706 1753 1771 1789 de-

1123 1812 1306 1845 crescente
1322 1808 1556 1857 eiusdemque
1574 1808 1628 1845 lac
1645 1809 1771 1845 biben-

1123 1864 1220 1900 tibus
1245 1863 1382 1913 lepram
1410 1864 1540 1901 afferat
1565 1868 1676 1913 atque
1694 1876 1774 1901 sca-

1124 1919 1231 1956 biem.
1273 1920 1383 1963 Quod
1404 1933 1490 1957 vero
1509 1920 1621 1958 semel
1641 1921 1676 1956 in
1694 1920 1773 1970 ple-

1125 1975 1262 2012 nilunio
1287 1988 1385 2012 suem
1414 1976 1585 2027 Aegyptii
1613 1980 1774 2014 mactent

1125 2032 1411 2080 comedantque,
1450 2032 1519 2070 hoc
1545 2033 1592 2069 ad
1623 2032 1773 2082 Typho-

1129 2100 1212 2125 nem
1237 2093 1425 2138 spectare,
1462 2089 1523 2137 qui
1552 2088 1660 2138 plena
1688 2089 1773 2124 luna

1130 2157 1229 2181 suem
1236 2157 1456 2194 persequens
1468 2144 1623 2193 ligneam
1641 2156 1773 2190 arcam,

1130 2201 1202 2249 qua
1238 2200 1392 2237 Osiridis
1431 2213 1561 2250 corpus
1598 2199 1771 2236 inclusum

1129 2256 1254 2303 suerit,
1283 2257 1459 2293 invenerit
1483 2256 1641 2304 illudque
1663 2256 1774 2293 disie-

1130 2312 1231 2349 cerit.
1287 2310 1355 2348 Est
1375 2311 1430 2349 hic
1449 2312 1570 2362 procul
1588 2312 1700 2348 dubio
1722 2311 1772 2350 ἰε-

1128 2364 1196 2419 ρός
1224 2363 1361 2418 λόγος,
1415 2381 1522 2417 quem
1563 2368 1775 2405 Herodotus

1127 2423 1301 2472 religione
1319 2424 1513 2473 impeditus
1529 2426 1693 2474 proferre
1706 2437 1773 2460 no-

1127 2480 1201 2516 luit.
1230 2481 1381 2530 Spectat
1394 2493 1478 2517 vero
1494 2481 1563 2517 huc
1575 2509 1585 2526 ,
1602 2484 1773 2518 monente

1131 2536 1193 2573 Cr.
1213 2536 1396 2584 (Symbol.
1408 2537 1457 2573 ΙΙΙ
1473 2550 1507 2586 p.
1519 2538 1634 2584 332),
1651 2538 1773 2585 imago

1128 2593 1193 2628 viri
1219 2606 1297 2629 cum
1325 2606 1404 2640 sue,
1436 2605 1530 2641 quae
1555 2593 1589 2629 in
1612 2593 1774 2630 Zodiaco

1130 2648 1374 2696 Tentyrorum
1407 2649 1641 2699 conspicitur,
1690 2661 1774 2698 spe-

1130 2709 1228 2742 ctant
1248 2705 1314 2741 huc
1333 2705 1555 2743 Graecorum
1574 2717 1687 2751 sacra,
1711 2704 1773 2753 qui

1129 2760 1260 2798 Bacchi
1285 2761 1322 2796 in
1338 2762 1434 2797 sesto
1461 2774 1561 2798 suem
1583 2761 1669 2798 hirci
1693 2760 1773 2798 loeo

1130 2821 1309 2862 mactant,
1330 2817 1532 2866 eodemque
1552 2818 1627 2854 sere
1649 2815 1774 2855 referri

1128 2885 1240 2923 posse
1266 2873 1433 2910 videntur
1468 2886 1571 2911 suum
1599 2873 1773 2910 sacrificia
