1909 3228
658 172 962 212 cL10.1.

1364 177 1448 216 283

187 281 342 338 χρόνος
370 285 444 337 τῆς
480 281 676 334 ἐκθέσιος
710 286 764 340 τῇ
800 283 944 340 ἡλικίῃ
990 286 1071 327 τοῦ
1109 282 1265 334 παιδός
1304 282 1447 328 ἐδόκεε

159 362 458 417 ἓσυμβαίνειν.
507 362 730 418 ἐκπλαγεὶς
768 364 814 408 δὲ
852 363 1071 415 τούτοισι,
1111 360 1178 405 ἐπὶ
1215 361 1374 417 χρόνον
1404 362 1448 406 ἄ-

188 446 388 496 φθογγος
416 436 484 497 ἦν.

541 443 665 497 μόγις
704 443 749 486 ὸὲ
790 441 845 500 δή
874 459 972 487 κοτε
1013 441 1293 497 ἀνενειχθεὶς,
1342 439 1448 496 εἶπε,

187 519 330 562 θέλων
354 519 565 575 ἐκπέμψαι
591 521 668 564 τὸν
692 521 999 578 Ἀρτεμβάρεα,
1031 523 1103 564 ἴνα
1128 521 1206 565 τὸν
1229 520 1448 577 βουκόλον
1460 523 1505 560 4ο

160 602 362 654 ὃμοῦνον
390 599 538 656 λαβών
567 603 801 658 βασανίσῃ·
839 599 1166 657 ,,Ἀρτέμβαρες,
1197 601 1279 656 ἐγώ
1309 604 1448 644 ταῦτα

189 677 414 734 ,,ποιήσω,
473 678 581 722 ὥστε
617 680 662 723 σὲ
701 681 774 723 καὶ
811 680 892 724 τόν
928 683 1064 724 παῖδα
1094 681 1171 724 τόν
1207 679 1286 724 σὸν
1313 679 1448 736 μηδὲν

161 757 586 813 4,,ἒπιμέμφεσθαι.“
648 759 735 802 Τὸν
764 759 842 815 μὲν
872 758 924 816 δή
951 759 1244 816 Ἀρτεμβάρεα
1271 759 1446 815 πέμπει·

188 833 268 878 τόν
296 835 341 878 δὲ
371 839 524 891 Κῦρον
553 831 662 893 ἦγον
698 839 780 882 ἔσω
823 841 867 884 οἱ
893 839 1182 894 θεράποντες,
1221 838 1449 883 κελεύσαν-

159 921 263 965 5τος
290 918 371 958 τοῦ
398 914 662 972 Ἀστυάγεος.

723 919 814 963 ἐπεὶ
841 921 886 963 δὲ
916 919 1194 963 ὑπελέλειπτο
1225 917 1248 962 ὁ
1279 916 1448 974 βουκό-
1460 920 1505 958 45

188 997 265 1045 λος
284 998 470 1050 μοῦνος,
500 997 786 1050 μουνωθέντα
808 999 908 1044 τάδε
928 998 1063 1043 αὐτὸν
1082 1001 1216 1053 εἴρετο
1237 997 1260 1042 ὁ
1276 995 1449 1040 Ἀστυά-

187 1089 293 1129 γης,
333 1073 469 1119 κόθεν
498 1075 625 1132 λάβοι
651 1076 729 1120 τὸν
758 1080 915 1132 παῖδα,
962 1079 1034 1122 καὶ
1063 1080 1127 1128 τίς
1157 1079 1221 1134 εἴη
1251 1074 1275 1120 ὁ
1307 1092 1447 1132 παρα-

190 1151 316 1203 6069,-
372 1152 396 1197 6
428 1153 474 1198 δὲ
503 1155 546 1207 ἐξ
574 1155 742 1200 ἑωυτοῦ
777 1174 820 1200 τε
850 1157 932 1214 ἔφη
974 1157 1220 1213 γεγονέναι,
1268 1156 1341 1200 καὶ
1369 1153 1450 1212 τὴν

163 1235 408 1275 6τεκοῦσαν
445 1232 580 1278 αὐτὸν
618 1235 678 1279 ἔτι
718 1234 829 1280 εἶναι
857 1235 957 1292 παρ’
1001 1237 1160 1294 ἑωυτῷ.

1215 1233 1450 1290 Ἀστυάγης

190 1310 236 1353 δέ
264 1327 342 1365 μιν
371 1311 454 1356 οὐκ
494 1307 544 1356 εὖ
584 1314 873 1369 βουλεύεσθαι
916 1317 1022 1372 ἔφη,
1082 1312 1373 1370 ἐπιθυμέοντα
1411 1312 1454 1362 ές

189 1387 382 1446 ἀνάγκας
408 1391 596 1448 μεγάλας
625 1392 930 1439 ἀπικνέεσθαι·
961 1393 1048 1451 ἅμα
1077 1409 1121 1437 τε
1143 1392 1280 1449 λέγων
1299 1394 1450 1443 ταῦτα,
1463 1398 1509 1432 50

133 1586 242 1636 vulgo
264 1600 360 1626 nune
384 1588 519 1638 legitur
552 1587 784 1641 ἐλευθεριω-

135 1641 247 1694 τέρη,
287 1645 326 1681 id
356 1658 399 1682 ex
432 1646 637 1683 coniectura
660 1649 785 1694 ssuxit3

137 1713 248 1749 quare
277 1703 474 1739 secundum
504 1704 658 1752 vestigia
684 1705 784 1742 codi-

137 1769 217 1793 cum
235 1757 442 1794 reduximus
473 1757 783 1811 ἔλευθερωτέρης

138 1813 272 1863 quippe
292 1813 368 1850 eius
388 1815 577 1864 responsio
600 1816 718 1864 magis
745 1816 789 1852 li-

139 1869 226 1906 bero
248 1868 384 1905 homini
402 1874 511 1918 atque
530 1871 688 1919 ingenuo
703 1885 789 1909 con-

139 1925 260 1962 venire
280 1926 491 1973 videbatur,
520 1940 628 1976 quam
647 1927 789 1965 servulo

140 1985 176 2018 et
197 1981 343 2018 subdito
363 1982 506 2019 infimae
531 1984 758 2020 conditionis

196 2032 311 2088 μόγις
339 2035 391 2084 δὲ,
419 2035 470 2088 δή
506 2053 595 2078 κοτε
637 2035 788 2078 άνενει-

139 2092 276 2143 χθεὶς]
310 2089 425 2147 μόγις
444 2092 493 2145 δή
510 2116 566 2123 -
586 2093 675 2134 κοτὲ
703 2097 725 2133 i.
757 2109 789 2134 e.

140 2150 278 2187 tandem
309 2150 500 2201 aliquando
527 2165 556 2188 s,
586 2165 689 2200 aegre
710 2156 792 2190 tan-

139 2206 225 2243 dem.
281 2206 490 2244 Formulam
513 2208 650 2257 aliquot
671 2222 792 2246 exem-

140 2262 231 2311 plis,
275 2268 447 2302 monente
483 2265 571 2312 Cn,
607 2264 794 2302 illustravit

141 2318 376 2356 Heindorfius
415 2321 463 2357 ad
488 2320 630 2358 Platon.
662 2321 794 2358 Prota-

143 2387 219 2422 gor.
238 2388 325 2424 pag.
347 2376 440 2418 480.
472 2373 716 2428 α’νενειχθεὶς
737 2382 795 2415 est

144 2442 178 2466 se
197 2432 384 2480 recipiens,
413 2445 448 2470 se
475 2434 651 2482 colligens.
710 2434 795 2477 Qua

145 2486 191 2523 de
202 2487 464 2534 significatione
473 2490 625 2527 diximus
635 2491 670 2526 in
683 2490 796 2527 Creu-

147 2542 221 2579 zeti
239 2542 378 2580 Melett.
400 2544 451 2582 ΙΙΙ
470 2559 555 2595 pag.
567 2546 632 2587 54.
661 2545 796 2582 Eusta-

147 2598 265 2645 thius‚
303 2603 343 2635 ut
368 2600 463 2637 idem
503 2602 569 2639 Cr.
595 2605 718 2649 notat,
748 2602 796 2640 de

147 2667 215 2690 usu
243 2655 344 2693 verbi
377 2651 601 2709 ἀνενεγκεῖν
634 2659 797 2709 disputat

148 2711 197 2747 ad
228 2710 381 2749 Homeri
409 2712 546 2763 Odyss.
577 2714 683 2761 VIII,
713 2713 796 2756 428

148 2779 233 2816 Pag-
264 2769 367 2815 319,
396 2770 471 2817 21,
500 2783 568 2808 nec
592 2770 698 2807 huius
726 2770 795 2808 ioci

148 2822 280 2860 oblitus
314 2828 382 2862 est.
425 2824 590 2879 Explicat
617 2827 703 2865 illud
730 2839 796 2879 per

851 1586 1181 1631 οἷναπνεύειν.
1212 1609 1269 1616 ——-
1296 1586 1396 1624 Infra
1427 1583 1509 1624 ἔσω

851 1661 1028 1686 cumrece.
1043 1647 1208 1684 dedimus
1228 1658 1264 1695 p.
1278 1643 1375 1692 vulg.
1390 1641 1508 1680 εἴσω.

908 1701 1170 1754 μουνωθέντα
1213 1716 1233 1739 τ
1247 1717 1270 1739 α
1263 1696 1306 1739 δ
1322 1714 1338 1738 ε
1388 1693 1510 1737 αὐτὸν

855 1759 978 1811 εὕρετο
1003 1758 1025 1798 6
1044 1753 1289 1808 Ἀστυάγης]
1313 1756 1416 1792 Haec
1435 1767 1511 1790 cer-

856 1821 893 1854 te
913 1815 1147 1865 plurimorum
1165 1814 1338 1850 librorum
1365 1815 1402 1848 et
1422 1810 1510 1846 scri-

855 1876 1000 1922 ptorum
1038 1875 1073 1908 et
1107 1871 1363 1919 impressorum
1391 1866 1510 1911 lectio,

857 1940 965 1976 quam
1003 1939 1047 1964 ex
1083 1939 1154 1962 uno
1194 1922 1376 1960 Sancrosti
1419 1921 1511 1958 libro

856 1983 1022 2030 SchweiD
1011 1982 1060 2018 h.
1106 1985 1143 2019 et
1171 1979 1358 2016 Gaisford.
1396 1982 1512 2013 muta-

858 2042 941 2075 runt
974 2039 1011 2074 in
1036 2034 1296 2087 μουνωθέντα
1324 2031 1374 2072 δὲ
1415 2033 1511 2083 (pro

858 2090 985 2142 τάδε).
1019 2094 1090 2130 Alii
1117 2092 1218 2129 libri:
1249 2088 1511 2155 μουνωθέντα

860 2148 923 2198 δὲ,
952 2146 1072 2197 τάδε,
1103 2149 1163 2186 alii
1182 2142 1387 2199 μουνόθεν
1405 2141 1511 2192 τάδε,

861 2207 960 2256 quod
983 2206 1189 2243 Gronovius
1224 2203 1409 2253 amplexus
1443 2206 1513 2240 est.

860 2263 1127 2311 W'esselingius
1157 2274 1200 2298 ac
1241 2259 1416 2296 Valcken.
1446 2270 1512 2308 pro

861 2314 957 2358 τάδε
978 2320 1114 2355 malunt
1133 2318 1155 2356 δ
1168 2315 1192 2368 ἠ
1203 2347 1213 2363 ,
1243 2315 1445 2363 Schweigh.
1459 2327 1512 2352 τε.

863 2376 1026 2419 Quorum
1063 2379 1191 2412 neuter
1236 2372 1343 2408 nobis
1380 2370 1513 2422 placet,

862 2432 924 2482 qui
961 2445 1041 2469 cum
1082 2429 1261 2467 Matthiae
1290 2428 1328 2464 in
1366 2426 1513 2475 vulgata

862 2488 1170 2536 adquiescendum
1193 2485 1371 2522 duximus
1401 2482 1513 2529 Nam,

862 2550 901 2582 ut
917 2545 964 2582 de
991 2544 1136 2592 reliquis
1161 2547 1322 2588 taceam,
1347 2539 1447 2575 istud
1470 2535 1514 2576 δὲ

862 2601 981 2641 minus
1015 2598 1182 2637 convenit
1216 2601 1415 2634 structurae
1445 2607 1514 2631 nec

863 2657 934 2694 nisi
963 2669 1030 2707 per
1058 2653 1304 2692 anacoluthiae
1329 2651 1512 2701 quoddam

864 2726 981 2763 genus
1006 2713 1073 2749 rite
1092 2710 1260 2761 explicari
1282 2707 1428 2776 poterit.

919 2765 1189 2818 ἐπιθυμέοντα
1217 2764 1258 2812 ές
1285 2759 1513 2831 ἀνάγκας

864 2821 1033 2879 μεγάλας
1046 2819 1323 2873 ἀπικνέεσθαι]
1344 2815 1513 2873 ἀνάγκαι
