<?xml version="1.0" encoding="UTF-8"?>
<!DOCTYPE html PUBLIC "-//W3C//DTD XHTML 1.0 Transitional//EN"
    "http://www.w3.org/TR/xhtml1/DTD/xhtml1-transitional.dtd">
<html xmlns="http://www.w3.org/1999/xhtml" xml:lang="en" lang="en">
 <head>
  <title>
</title>
<meta http-equiv="Content-Type" content="text/html;charset=utf-8" />
  <meta name='ocr-system' content='tesseract 3.04.00' />
  <meta name='ocr-capabilities' content='ocr_page ocr_carea ocr_par ocr_line ocrx_word'/>
</head>
<body>
  <div class='ocr_page' id='page_1' title='image "./musaeherodoto01hero/musaeherodoto01hero_0590.png"; bbox 0 0 1909 3228; ppageno 0'>
   <div class='ocr_carea' id='block_1_1' title="bbox 496 210 581 251">
    <p class='ocr_par' dir='ltr' id='par_1_1' title="bbox 496 210 581 251">
     <span class='ocr_line' id='line_1_1' title="bbox 496 210 581 251; baseline 0 -1"><span class='ocrx_word' id='word_1_1' title='bbox 496 210 581 251; x_wconf 73' lang='lat'><strong>576</strong></span> 
     </span>
    </p>
   </div>
   <div class='ocr_carea' id='block_1_2' title="bbox 902 203 1368 244">
    <p class='ocr_par' dir='ltr' id='par_1_2' title="bbox 902 203 1368 244">
     <span class='ocr_line' id='line_1_2' title="bbox 902 203 1368 244; baseline -0.002 0"><span class='ocrx_word' id='word_1_2' title='bbox 902 203 1368 244; x_wconf 82' lang='lat' dir='ltr'>HERODOTI</span> 
     </span>
    </p>
   </div>
   <div class='ocr_carea' id='block_1_3' title="bbox 499 311 1747 372">
    <p class='ocr_par' dir='ltr' id='par_1_3' title="bbox 499 311 1747 372">
     <span class='ocr_line' id='line_1_3' title="bbox 499 311 1747 372; baseline -0.005 -11"><span class='ocrx_word' id='word_1_3' title='bbox 499 317 646 372; x_wconf 78' lang='grc' dir='ltr'><strong><em>ἕτερον</em></strong></span> <span class='ocrx_word' id='word_1_4' title='bbox 683 314 713 370; x_wconf 84' lang='grc' dir='ltr'><strong><em>ἢ</em></strong></span> <span class='ocrx_word' id='word_1_5' title='bbox 739 313 814 356; x_wconf 85' lang='grc' dir='ltr'><strong><em>καὶ</em></strong></span> <span class='ocrx_word' id='word_1_6' title='bbox 843 311 1067 369; x_wconf 73' lang='grc' dir='ltr'><strong><em>ἀμφότερα</em></strong></span> <span class='ocrx_word' id='word_1_7' title='bbox 1095 311 1381 369; x_wconf 80' lang='grc' dir='ltr'><strong><em>ὑπερέχοντα,</em></strong></span> <span class='ocrx_word' id='word_1_8' title='bbox 1429 315 1612 369; x_wconf 75' lang='grc' dir='ltr'><strong><em>σημηίου</em></strong></span> <span class='ocrx_word' id='word_1_9' title='bbox 1641 312 1747 356; x_wconf 84' lang='grc' dir='ltr'><strong><em>εἵνε-</em></strong></span> 
     </span>
    </p>
   </div>
   <div class='ocr_carea' id='block_1_4' title="bbox 471 388 1774 448">
    <p class='ocr_par' dir='ltr' id='par_1_4' title="bbox 471 388 1774 448">
     <span class='ocr_line' id='line_1_4' title="bbox 471 388 1774 448; baseline -0.005 -9"><span class='ocrx_word' id='word_1_10' title='bbox 471 405 587 441; x_wconf 82' lang='grc' dir='ltr'><strong><em>6κεν.</em></strong></span> <span class='ocrx_word' id='word_1_11' title='bbox 616 391 747 438; x_wconf 78' lang='grc' dir='ltr'><strong><em>ἐπεᾶν</em></strong></span> <span class='ocrx_word' id='word_1_12' title='bbox 776 391 822 435; x_wconf 74' lang='grc' dir='ltr'><strong>δὲ</strong></span> <span class='ocrx_word' id='word_1_13' title='bbox 851 395 989 447; x_wconf 88' lang='grc' dir='ltr'><strong><em>σαπῇ,</em></strong></span> <span class='ocrx_word' id='word_1_14' title='bbox 1017 391 1092 435; x_wconf 83' lang='grc' dir='ltr'><strong><em>καὶ</em></strong></span> <span class='ocrx_word' id='word_1_15' title='bbox 1120 393 1278 448; x_wconf 83' lang='grc' dir='ltr'><strong><em>προσίῃ</em></strong></span> <span class='ocrx_word' id='word_1_16' title='bbox 1306 390 1331 436; x_wconf 90' lang='grc' dir='ltr'>ὁ</span> <span class='ocrx_word' id='word_1_17' title='bbox 1359 391 1613 447; x_wconf 80' lang='grc' dir='ltr'><strong><em>τεταγμένος</em></strong></span> <span class='ocrx_word' id='word_1_18' title='bbox 1640 388 1774 446; x_wconf 83' lang='grc' dir='ltr'><strong><em>χρό-1</em></strong></span> 
     </span>
    </p>
   </div>
   <div class='ocr_carea' id='block_1_5' title="bbox 497 467 1749 526">
    <p class='ocr_par' dir='ltr' id='par_1_5' title="bbox 497 467 1749 526">
     <span class='ocr_line' id='line_1_5' title="bbox 497 467 1749 526; baseline -0.005 -8"><span class='ocrx_word' id='word_1_19' title='bbox 497 491 602 525; x_wconf 87' lang='grc' dir='ltr'><strong><em>νος,</em></strong></span> <span class='ocrx_word' id='word_1_20' title='bbox 659 469 903 515; x_wconf 79' lang='grc' dir='ltr'><strong><em>ἀπικνέεται</em></strong></span> <span class='ocrx_word' id='word_1_21' title='bbox 939 468 982 520; x_wconf 81' lang='grc' dir='ltr'><strong><em>ἐς</em></strong></span> <span class='ocrx_word' id='word_1_22' title='bbox 1020 467 1205 526; x_wconf 81' lang='grc' dir='ltr'><strong><em>ἑκάστην</em></strong></span> <span class='ocrx_word' id='word_1_23' title='bbox 1250 469 1380 514; x_wconf 88' lang='grc' dir='ltr'><strong><em>πόλιν</em></strong></span> <span class='ocrx_word' id='word_1_24' title='bbox 1426 469 1552 525; x_wconf 80' lang='grc' dir='ltr'><strong><em>βάρις</em></strong></span> <span class='ocrx_word' id='word_1_25' title='bbox 1591 470 1636 513; x_wconf 78' lang='grc' dir='ltr'><strong>ἐκ</strong></span> <span class='ocrx_word' id='word_1_26' title='bbox 1673 472 1749 525; x_wconf 74' lang='grc' dir='ltr'><strong>τῆς</strong></span> 
     </span>
    </p>
   </div>
   <div class='ocr_carea' id='block_1_6' title="bbox 471 546 1751 607">
    <p class='ocr_par' dir='ltr' id='par_1_6' title="bbox 471 546 1751 607">
     <span class='ocr_line' id='line_1_6' title="bbox 471 546 1751 607; baseline -0.005 -11"><span class='ocrx_word' id='word_1_27' title='bbox 471 561 491 595; x_wconf 84' lang='grc'>6</span> <span class='ocrx_word' id='word_1_28' title='bbox 502 550 833 607; x_wconf 84' lang='grc' dir='ltr'><strong><em>Προσωπίτιδος</em></strong></span> <span class='ocrx_word' id='word_1_29' title='bbox 861 548 1128 606; x_wconf 79' lang='grc' dir='ltr'><strong><em>καλευμένης</em></strong></span> <span class='ocrx_word' id='word_1_30' title='bbox 1159 547 1308 604; x_wconf 79' lang='grc' dir='ltr'><strong><em>νήσου.</em></strong></span> <span class='ocrx_word' id='word_1_31' title='bbox 1349 546 1376 604; x_wconf 83' lang='grc' dir='ltr'><strong><em>ἡ</em></strong></span> <span class='ocrx_word' id='word_1_32' title='bbox 1407 546 1448 592; x_wconf 86' lang='grc' dir='ltr'><strong>δ’</strong></span> <span class='ocrx_word' id='word_1_33' title='bbox 1481 547 1569 591; x_wconf 73' lang='grc' dir='ltr'><strong><em>ἔστι</em></strong></span> <span class='ocrx_word' id='word_1_34' title='bbox 1597 547 1674 602; x_wconf 75' lang='grc' dir='ltr'><strong><em>μὲν</em></strong></span> <span class='ocrx_word' id='word_1_35' title='bbox 1703 546 1751 591; x_wconf 84' lang='grc' dir='ltr'><strong><em>ἐν</em></strong></span> 
     </span>
    </p>
   </div>
   <div class='ocr_carea' id='block_1_7' title="bbox 496 623 1751 687">
    <p class='ocr_par' dir='ltr' id='par_1_7' title="bbox 496 623 1751 687">
     <span class='ocr_line' id='line_1_7' title="bbox 496 623 1751 687; baseline -0.006 -13"><span class='ocrx_word' id='word_1_36' title='bbox 496 634 557 687; x_wconf 78' lang='grc' dir='ltr'><strong><em>τῷ</em></strong></span> <span class='ocrx_word' id='word_1_37' title='bbox 585 629 748 679; x_wconf 78' lang='grc' dir='ltr'><strong><em>Δέλτα,</em></strong></span> <span class='ocrx_word' id='word_1_38' title='bbox 777 628 1036 683; x_wconf 82' lang='grc' dir='ltr'><strong><em>περίμετρον</em></strong></span> <span class='ocrx_word' id='word_1_39' title='bbox 1066 628 1110 671; x_wconf 82' lang='grc' dir='ltr'><strong>δὲ</strong></span> <span class='ocrx_word' id='word_1_40' title='bbox 1141 625 1273 683; x_wconf 84' lang='grc' dir='ltr'><strong><em>αὐτῆς</em></strong></span> <span class='ocrx_word' id='word_1_41' title='bbox 1303 627 1386 670; x_wconf 86' lang='grc' dir='ltr'><strong><em>εἰσὶ</em></strong></span> <span class='ocrx_word' id='word_1_42' title='bbox 1418 631 1584 682; x_wconf 83' lang='grc' dir='ltr'><strong><em>σχοῖνοι</em></strong></span> <span class='ocrx_word' id='word_1_43' title='bbox 1618 623 1751 668; x_wconf 79' lang='grc' dir='ltr'><strong><em>ἐννέα.</em></strong></span> 
     </span>
    </p>
   </div>
   <div class='ocr_carea' id='block_1_8' title="bbox 469 701 1780 765">
    <p class='ocr_par' dir='ltr' id='par_1_8' title="bbox 469 701 1780 765">
     <span class='ocr_line' id='line_1_8' title="bbox 469 701 1780 765; baseline -0.005 -14"><span class='ocrx_word' id='word_1_44' title='bbox 469 718 490 751; x_wconf 87' lang='grc'><strong>7</strong></span> <span class='ocrx_word' id='word_1_45' title='bbox 501 708 548 753; x_wconf 81' lang='grc' dir='ltr'><strong><em>ἐν</em></strong></span> <span class='ocrx_word' id='word_1_46' title='bbox 577 707 711 764; x_wconf 81' lang='grc' dir='ltr'><strong><em>ταύτῃ</em></strong></span> <span class='ocrx_word' id='word_1_47' title='bbox 743 701 805 750; x_wconf 71' lang='grc' dir='ltr'><strong><em>ὧν</em></strong></span> <span class='ocrx_word' id='word_1_48' title='bbox 842 710 895 764; x_wconf 84' lang='grc' dir='ltr'><strong><em>τῇ</em></strong></span> <span class='ocrx_word' id='word_1_49' title='bbox 929 708 1228 762; x_wconf 82' lang='grc' dir='ltr'><strong><em>Προσωπίτιδι</em></strong></span> <span class='ocrx_word' id='word_1_50' title='bbox 1256 705 1373 765; x_wconf 82' lang='grc' dir='ltr'><strong><em>νήσῳ</em></strong></span> <span class='ocrx_word' id='word_1_51' title='bbox 1411 706 1541 749; x_wconf 77' lang='grc' dir='ltr'><strong><em>ἔνεισι</em></strong></span> <span class='ocrx_word' id='word_1_52' title='bbox 1569 704 1647 761; x_wconf 77' lang='grc' dir='ltr'><strong><em>μὲν</em></strong></span> <span class='ocrx_word' id='word_1_53' title='bbox 1675 703 1780 747; x_wconf 73' lang='grc' dir='ltr'><strong><em>καὶὸ</em></strong></span> 
     </span>
    </p>
   </div>
   <div class='ocr_carea' id='block_1_9' title="bbox 497 783 1751 842">
    <p class='ocr_par' dir='ltr' id='par_1_9' title="bbox 497 783 1751 842">
     <span class='ocr_line' id='line_1_9' title="bbox 497 783 1751 842; baseline -0.005 -10"><span class='ocrx_word' id='word_1_54' title='bbox 497 788 625 833; x_wconf 74' lang='grc' dir='ltr'><strong><em>ἄλλαι</em></strong></span> <span class='ocrx_word' id='word_1_55' title='bbox 652 787 798 837; x_wconf 81' lang='grc' dir='ltr'><strong><em>πόλιες</em></strong></span> <span class='ocrx_word' id='word_1_56' title='bbox 828 787 1002 842; x_wconf 90' lang='grc' dir='ltr'><strong><em>συχναί·</em></strong></span> <span class='ocrx_word' id='word_1_57' title='bbox 1053 786 1100 829; x_wconf 80' lang='grc' dir='ltr'><strong>ἐκ</strong></span> <span class='ocrx_word' id='word_1_58' title='bbox 1129 789 1204 841; x_wconf 87' lang='grc' dir='ltr'><strong>τῆς</strong></span> <span class='ocrx_word' id='word_1_59' title='bbox 1239 785 1285 829; x_wconf 83' lang='grc' dir='ltr'><strong>ὁὲ</strong></span> <span class='ocrx_word' id='word_1_60' title='bbox 1315 787 1360 828; x_wconf 81' lang='grc' dir='ltr'><strong><em>αἱ</em></strong></span> <span class='ocrx_word' id='word_1_61' title='bbox 1399 783 1524 841; x_wconf 75' lang='grc' dir='ltr'><strong><em>βάρις</em></strong></span> <span class='ocrx_word' id='word_1_62' title='bbox 1565 783 1751 838; x_wconf 84' lang='grc' dir='ltr'><strong><em>παραγί-</em></strong></span> 
     </span>
    </p>
   </div>
   <div class='ocr_carea' id='block_1_10' title="bbox 495 862 1753 922">
    <p class='ocr_par' dir='ltr' id='par_1_10' title="bbox 495 862 1753 922">
     <span class='ocr_line' id='line_1_10' title="bbox 495 862 1753 922; baseline -0.005 -11"><span class='ocrx_word' id='word_1_63' title='bbox 495 883 646 912; x_wconf 91' lang='grc' dir='ltr'><strong><em>νονται</em></strong></span> <span class='ocrx_word' id='word_1_64' title='bbox 674 863 1018 922; x_wconf 73' lang='grc' dir='ltr'><strong><em>ἀναιρησόμεναι</em></strong></span> <span class='ocrx_word' id='word_1_65' title='bbox 1047 862 1099 909; x_wconf 78' lang='grc' dir='ltr'><strong><em>τοὶ</em></strong></span> <span class='ocrx_word' id='word_1_66' title='bbox 1130 862 1258 909; x_wconf 84' lang='grc' dir='ltr'><strong><em>ὀστέα</em></strong></span> <span class='ocrx_word' id='word_1_67' title='bbox 1286 867 1375 909; x_wconf 75' lang='grc' dir='ltr'><strong>τῶν</strong></span> <span class='ocrx_word' id='word_1_68' title='bbox 1402 867 1545 922; x_wconf 78' lang='grc' dir='ltr'><strong><em>βοῶν,</em></strong></span> <span class='ocrx_word' id='word_1_69' title='bbox 1585 862 1753 918; x_wconf 83' lang='grc' dir='ltr'><strong><em>οὔνομα</em></strong></span> 
     </span>
    </p>
   </div>
   <div class='ocr_carea' id='block_1_11' title="bbox 443 997 718 1008">
    <p class='ocr_par' dir='ltr' id='par_1_11' title="bbox 443 997 718 1008">
     <span class='ocr_line' id='line_1_11' title="bbox 443 997 718 1008; baseline 0 2220"><span class='ocrx_word' id='word_1_70' title='bbox 443 997 718 1008; x_wconf 95' lang='lat' dir='ltr'><strong> </strong></span> 
     </span>
    </p>
   </div>
   <div class='ocr_carea' id='block_1_12' title="bbox 439 1083 1094 1582">
    <p class='ocr_par' dir='ltr' id='par_1_12' title="bbox 439 1083 1094 1582">
     <span class='ocr_line' id='line_1_12' title="bbox 440 1083 1093 1138; baseline -0.006 -13"><span class='ocrx_word' id='word_1_71' title='bbox 440 1088 550 1127; x_wconf 84' lang='lat' dir='ltr'><strong>verba</strong></span> <span class='ocrx_word' id='word_1_72' title='bbox 568 1087 620 1124; x_wconf 84' lang='lat' dir='ltr'><strong>ita</strong></span> <span class='ocrx_word' id='word_1_73' title='bbox 635 1085 847 1138; x_wconf 82' lang='lat' dir='ltr'><strong>explicanda</strong></span> <span class='ocrx_word' id='word_1_74' title='bbox 861 1089 984 1124; x_wconf 83' lang='lat' dir='ltr'><strong>censet</strong></span> <span class='ocrx_word' id='word_1_75' title='bbox 994 1083 1093 1122; x_wconf 82' lang='lat' dir='ltr'>Mat-</span> 
     </span>
     <span class='ocr_line' id='line_1_13' title="bbox 441 1143 1093 1193; baseline -0.009 -11"><span class='ocrx_word' id='word_1_76' title='bbox 441 1145 540 1182; x_wconf 78' lang='lat' dir='ltr'><strong>thiae</strong></span> <span class='ocrx_word' id='word_1_77' title='bbox 556 1144 622 1181; x_wconf 89' lang='lat' dir='ltr'><strong>Gr.</strong></span> <span class='ocrx_word' id='word_1_78' title='bbox 638 1143 703 1180; x_wconf 92' lang='lat' dir='ltr'><strong>Gr.</strong></span> <span class='ocrx_word' id='word_1_79' title='bbox 731 1155 818 1193; x_wconf 82' lang='lat' dir='ltr'><strong>pag.</strong></span> <span class='ocrx_word' id='word_1_80' title='bbox 838 1143 920 1183; x_wconf 87' lang='lat'><strong>788</strong></span> <span class='ocrx_word' id='word_1_81' title='bbox 933 1171 944 1190; x_wconf 86' lang='grc'>,</span> <span class='ocrx_word' id='word_1_82' title='bbox 974 1145 1014 1178; x_wconf 87' lang='lat' dir='ltr'><strong>ut</strong></span> <span class='ocrx_word' id='word_1_83' title='bbox 1032 1155 1093 1178; x_wconf 92' lang='lat' dir='ltr'><strong>co-</strong></span> 
     </span>
     <span class='ocr_line' id='line_1_14' title="bbox 441 1196 1092 1250; baseline -0.006 -13"><span class='ocrx_word' id='word_1_84' title='bbox 441 1201 592 1250; x_wconf 84' lang='lat' dir='ltr'><strong>gitando</strong></span> <span class='ocrx_word' id='word_1_85' title='bbox 604 1199 813 1250; x_wconf 84' lang='lat' dir='ltr'><strong>suppleatur</strong></span> <span class='ocrx_word' id='word_1_86' title='bbox 831 1197 986 1249; x_wconf 78' lang='grc' dir='ltr'><strong><em>ἔχοντας</em></strong></span> <span class='ocrx_word' id='word_1_87' title='bbox 999 1196 1092 1244; x_wconf 87' lang='lat' dir='ltr'><strong>(scil.</strong></span> 
     </span>
     <span class='ocr_line' id='line_1_15' title="bbox 443 1254 1093 1308; baseline -0.009 -13"><span class='ocrx_word' id='word_1_88' title='bbox 443 1256 601 1308; x_wconf 74' lang='grc' dir='ltr'><strong><em>ἔρσενας</em></strong></span> <span class='ocrx_word' id='word_1_89' title='bbox 626 1256 755 1305; x_wconf 84' lang='grc' dir='ltr'><strong><em>βοῦς).</em></strong></span> <span class='ocrx_word' id='word_1_90' title='bbox 793 1255 997 1304; x_wconf 86' lang='lat' dir='ltr'>Antigonus</span> <span class='ocrx_word' id='word_1_91' title='bbox 1018 1254 1093 1290; x_wconf 84' lang='lat' dir='ltr'><strong>Ca-</strong></span> 
     </span>
     <span class='ocr_line' id='line_1_16' title="bbox 439 1311 1094 1362; baseline -0.006 -12"><span class='ocrx_word' id='word_1_92' title='bbox 439 1313 576 1362; x_wconf 77' lang='lat' dir='ltr'><strong>rystius</strong></span> <span class='ocrx_word' id='word_1_93' title='bbox 599 1312 696 1349; x_wconf 83' lang='lat' dir='ltr'><strong>Hist.</strong></span> <span class='ocrx_word' id='word_1_94' title='bbox 719 1311 868 1349; x_wconf 83' lang='lat' dir='ltr'><strong>mirabb.</strong></span> <span class='ocrx_word' id='word_1_95' title='bbox 896 1312 968 1359; x_wconf 78' lang='grc'><strong>23,</strong></span> <span class='ocrx_word' id='word_1_96' title='bbox 1006 1322 1094 1347; x_wconf 82' lang='lat' dir='ltr'><strong>ean-</strong></span> 
     </span>
     <span class='ocr_line' id='line_1_17' title="bbox 441 1367 1092 1417; baseline -0.005 -11"><span class='ocrx_word' id='word_1_97' title='bbox 441 1371 524 1407; x_wconf 85' lang='lat' dir='ltr'><strong>dem</strong></span> <span class='ocrx_word' id='word_1_98' title='bbox 546 1381 621 1407; x_wconf 87' lang='lat' dir='ltr'><strong>rem</strong></span> <span class='ocrx_word' id='word_1_99' title='bbox 639 1369 819 1417; x_wconf 79' lang='lat' dir='ltr'><strong>prodens,</strong></span> <span class='ocrx_word' id='word_1_100' title='bbox 849 1369 897 1404; x_wconf 81' lang='lat' dir='ltr'><strong>ita</strong></span> <span class='ocrx_word' id='word_1_101' title='bbox 920 1367 1092 1416; x_wconf 88' lang='lat' dir='ltr'><strong>loquitur:</strong></span> 
     </span>
     <span class='ocr_line' id='line_1_18' title="bbox 443 1419 1093 1475; baseline -0.008 -11"><span class='ocrx_word' id='word_1_102' title='bbox 443 1420 477 1464; x_wconf 62' lang='grc' dir='ltr'><strong><em>οἵ</em></strong></span> <span class='ocrx_word' id='word_1_103' title='bbox 488 1437 540 1464; x_wconf 88' lang='grc' dir='ltr'><strong><em>στ</em></strong></span> <span class='ocrx_word' id='word_1_104' title='bbox 552 1439 569 1463; x_wconf 90' lang='grc' dir='ltr'><strong><em>ε</em></strong></span> <span class='ocrx_word' id='word_1_105' title='bbox 599 1419 698 1462; x_wconf 73' lang='grc' dir='ltr'><strong><em>αὐτοὶ</em></strong></span> <span class='ocrx_word' id='word_1_106' title='bbox 719 1420 765 1462; x_wconf 71' lang='grc' dir='ltr'><strong><em>τὰ</em></strong></span> <span class='ocrx_word' id='word_1_107' title='bbox 783 1421 926 1475; x_wconf 77' lang='grc' dir='ltr'><strong><em>κέρατα</em></strong></span> <span class='ocrx_word' id='word_1_108' title='bbox 938 1425 1008 1472; x_wconf 81' lang='grc' dir='ltr'><strong>τῆς</strong></span> <span class='ocrx_word' id='word_1_109' title='bbox 1020 1424 1093 1473; x_wconf 75' lang='grc' dir='ltr'><strong>γῆς</strong></span> 
     </span>
     <span class='ocr_line' id='line_1_19' title="bbox 440 1476 1094 1532; baseline -0.008 -12"><span class='ocrx_word' id='word_1_110' title='bbox 440 1479 656 1532; x_wconf 66' lang='grc' dir='ltr'><strong><em>ὑπερέχειν.</em></strong></span> <span class='ocrx_word' id='word_1_111' title='bbox 674 1500 730 1507; x_wconf 90' lang='grc'><strong>--</strong></span> <span class='ocrx_word' id='word_1_112' title='bbox 756 1479 815 1516; x_wconf 93' lang='lat' dir='ltr'><strong>Ad</strong></span> <span class='ocrx_word' id='word_1_113' title='bbox 834 1491 957 1516; x_wconf 86' lang='lat' dir='ltr'><strong>vocem</strong></span> <span class='ocrx_word' id='word_1_114' title='bbox 976 1476 1094 1531; x_wconf 69' lang='grc' dir='ltr'><strong><em>βᾶρις</em></strong></span> 
     </span>
     <span class='ocr_line' id='line_1_20' title="bbox 442 1535 872 1582; baseline -0.009 -7"><span class='ocrx_word' id='word_1_115' title='bbox 442 1539 535 1576; x_wconf 86' lang='lat' dir='ltr'><strong>conf.</strong></span> <span class='ocrx_word' id='word_1_116' title='bbox 557 1540 648 1573; x_wconf 85' lang='lat' dir='ltr'><strong>nott.</strong></span> <span class='ocrx_word' id='word_1_117' title='bbox 669 1536 717 1572; x_wconf 85' lang='lat' dir='ltr'><strong>ad</strong></span> <span class='ocrx_word' id='word_1_118' title='bbox 737 1535 783 1582; x_wconf 88' lang='lat' dir='ltr'><strong>Il,</strong></span> <span class='ocrx_word' id='word_1_119' title='bbox 807 1537 872 1576; x_wconf 88' lang='lat'><strong>96.</strong></span> 
     </span>
    </p>
   </div>
   <div class='ocr_carea' id='block_1_13' title="bbox 441 1617 1093 1835">
    <p class='ocr_par' dir='ltr' id='par_1_13' title="bbox 441 1617 1093 1835">
     <span class='ocr_line' id='line_1_21' title="bbox 498 1617 1093 1670; baseline -0.005 -11"><span class='ocrx_word' id='word_1_120' title='bbox 498 1619 540 1660; x_wconf 80' lang='grc' dir='ltr'><strong>ἐκ</strong></span> <span class='ocrx_word' id='word_1_121' title='bbox 558 1621 628 1670; x_wconf 81' lang='grc' dir='ltr'><strong>τῆς</strong></span> <span class='ocrx_word' id='word_1_122' title='bbox 642 1617 941 1670; x_wconf 81' lang='grc' dir='ltr'><strong><em>Προσωπίτιδος</em></strong></span> <span class='ocrx_word' id='word_1_123' title='bbox 956 1619 1093 1656; x_wconf 81' lang='grc' dir='ltr'><strong><em>καλευ-</em></strong></span> 
     </span>
     <span class='ocr_line' id='line_1_22' title="bbox 442 1671 1093 1727; baseline -0.011 -11"><span class='ocrx_word' id='word_1_124' title='bbox 442 1674 562 1727; x_wconf 79' lang='grc' dir='ltr'><strong><em>μένης</em></strong></span> <span class='ocrx_word' id='word_1_125' title='bbox 583 1671 732 1725; x_wconf 73' lang='grc' dir='ltr'><strong><em>νήσου]</em></strong></span> <span class='ocrx_word' id='word_1_126' title='bbox 761 1674 899 1711; x_wconf 77' lang='lat' dir='ltr'>Inclusa</span> <span class='ocrx_word' id='word_1_127' title='bbox 919 1679 974 1711; x_wconf 87' lang='lat' dir='ltr'><strong>est</strong></span> <span class='ocrx_word' id='word_1_128' title='bbox 996 1675 1093 1710; x_wconf 81' lang='lat' dir='ltr'><strong>insu—</strong></span> 
     </span>
     <span class='ocr_line' id='line_1_23' title="bbox 442 1729 1093 1780; baseline -0.008 -10"><span class='ocrx_word' id='word_1_129' title='bbox 442 1734 478 1770; x_wconf 91' lang='lat' dir='ltr'><strong>la</strong></span> <span class='ocrx_word' id='word_1_130' title='bbox 498 1731 741 1780; x_wconf 78' lang='lat' dir='ltr'>Sebennytico</span> <span class='ocrx_word' id='word_1_131' title='bbox 760 1735 795 1768; x_wconf 86' lang='lat' dir='ltr'><strong>et</strong></span> <span class='ocrx_word' id='word_1_132' title='bbox 816 1730 1001 1780; x_wconf 82' lang='lat' dir='ltr'><strong>Canopico</strong></span> <span class='ocrx_word' id='word_1_133' title='bbox 1018 1729 1093 1766; x_wconf 71' lang='lat' dir='ltr'><strong>Nili</strong></span> 
     </span>
     <span class='ocr_line' id='line_1_24' title="bbox 441 1785 1092 1835; baseline -0.011 -9"><span class='ocrx_word' id='word_1_134' title='bbox 441 1788 585 1826; x_wconf 88' lang='lat' dir='ltr'><strong>brachio</strong></span> <span class='ocrx_word' id='word_1_135' title='bbox 617 1799 770 1835; x_wconf 87' lang='lat' dir='ltr'><strong>eumque</strong></span> <span class='ocrx_word' id='word_1_136' title='bbox 800 1787 876 1822; x_wconf 84' lang='lat' dir='ltr'><strong>sere</strong></span> <span class='ocrx_word' id='word_1_137' title='bbox 907 1785 1092 1831; x_wconf 82' lang='lat' dir='ltr'><strong>ambitum,</strong></span> 
     </span>
    </p>
   </div>
   <div class='ocr_carea' id='block_1_14' title="bbox 442 1841 1136 1894">
    <p class='ocr_par' dir='ltr' id='par_1_14' title="bbox 442 1841 1136 1894">
     <span class='ocr_line' id='line_1_25' title="bbox 442 1841 1136 1894; baseline -0.009 -13"><span class='ocrx_word' id='word_1_138' title='bbox 442 1857 549 1894; x_wconf 91' lang='lat' dir='ltr'><strong>quem</strong></span> <span class='ocrx_word' id='word_1_139' title='bbox 568 1842 652 1879; x_wconf 90' lang='lat' dir='ltr'><strong>olim</strong></span> <span class='ocrx_word' id='word_1_140' title='bbox 668 1842 804 1887; x_wconf 78' lang='lat' dir='ltr'><strong>habuit,</strong></span> <span class='ocrx_word' id='word_1_141' title='bbox 815 1841 1009 1878; x_wconf 82' lang='lat' dir='ltr'><strong>etiamnum</strong></span> <span class='ocrx_word' id='word_1_142' title='bbox 1028 1841 1093 1876; x_wconf 78' lang='lat' dir='ltr'><strong>ha-</strong></span> <span class='ocrx_word' id='word_1_143' title='bbox 1131 1853 1136 1858; x_wconf 94' lang='lat'>·</span> 
     </span>
    </p>
   </div>
   <div class='ocr_carea' id='block_1_15' title="bbox 440 1896 1094 2624">
    <p class='ocr_par' dir='ltr' id='par_1_15' title="bbox 440 1896 1094 2624">
     <span class='ocr_line' id='line_1_26' title="bbox 441 1896 1093 1946; baseline -0.009 -8"><span class='ocrx_word' id='word_1_144' title='bbox 441 1902 529 1938; x_wconf 91' lang='lat' dir='ltr'><strong>bere</strong></span> <span class='ocrx_word' id='word_1_145' title='bbox 552 1899 691 1936; x_wconf 73' lang='lat' dir='ltr'><strong>dicitur.</strong></span> <span class='ocrx_word' id='word_1_146' title='bbox 739 1896 971 1946; x_wconf 64' lang='lat' dir='ltr'><strong>Prosopz’titlis</strong></span> <span class='ocrx_word' id='word_1_147' title='bbox 996 1896 1093 1932; x_wconf 88' lang='lat' dir='ltr'><strong>nomi</strong></span> 
     </span>
     <span class='ocr_line' id='line_1_27' title="bbox 442 1953 1094 2003; baseline -0.008 -10"><span class='ocrx_word' id='word_1_148' title='bbox 442 1958 483 1994; x_wconf 83' lang='lat' dir='ltr'><strong>sit</strong></span> <span class='ocrx_word' id='word_1_149' title='bbox 501 1955 635 1993; x_wconf 82' lang='lat' dir='ltr'><strong>mentio</strong></span> <span class='ocrx_word' id='word_1_150' title='bbox 656 1954 702 2001; x_wconf 82' lang='grc' dir='ltr'><strong>Π,</strong></span> <span class='ocrx_word' id='word_1_151' title='bbox 725 1954 804 1995; x_wconf 82' lang='grc'>165</span> <span class='ocrx_word' id='word_1_152' title='bbox 826 1959 861 1990; x_wconf 86' lang='lat' dir='ltr'><strong>et</strong></span> <span class='ocrx_word' id='word_1_153' title='bbox 879 1954 978 2003; x_wconf 83' lang='lat' dir='ltr'><strong>apud</strong></span> <span class='ocrx_word' id='word_1_154' title='bbox 990 1953 1094 1989; x_wconf 83' lang='lat' dir='ltr'><strong>Stra-</strong></span> 
     </span>
     <span class='ocr_line' id='line_1_28' title="bbox 441 2007 1093 2060; baseline -0.008 -10"><span class='ocrx_word' id='word_1_155' title='bbox 441 2014 526 2050; x_wconf 89' lang='lat' dir='ltr'><strong>bon.</strong></span> <span class='ocrx_word' id='word_1_156' title='bbox 546 2010 649 2048; x_wconf 85' lang='lat' dir='ltr'>XVII</span> <span class='ocrx_word' id='word_1_157' title='bbox 667 2024 703 2060; x_wconf 90' lang='lat' dir='ltr'><strong>p.</strong></span> <span class='ocrx_word' id='word_1_158' title='bbox 725 2010 845 2056; x_wconf 81' lang='lat'>1154,</span> <span class='ocrx_word' id='word_1_159' title='bbox 873 2009 917 2046; x_wconf 89' lang='lat' dir='ltr'><strong>C.</strong></span> <span class='ocrx_word' id='word_1_160' title='bbox 962 2008 1016 2046; x_wconf 85' lang='lat' dir='ltr'><strong>Ac</strong></span> <span class='ocrx_word' id='word_1_161' title='bbox 1036 2007 1093 2045; x_wconf 74' lang='lat' dir='ltr'><strong>vel</strong></span> 
     </span>
     <span class='ocr_line' id='line_1_29' title="bbox 440 2065 1094 2120; baseline -0.005 -16"><span class='ocrx_word' id='word_1_162' title='bbox 440 2074 571 2120; x_wconf 67' lang='lat' dir='ltr'><strong>postea</strong></span> <span class='ocrx_word' id='word_1_163' title='bbox 590 2066 741 2115; x_wconf 84' lang='lat' dir='ltr'><strong>insignis</strong></span> <span class='ocrx_word' id='word_1_164' title='bbox 763 2065 900 2112; x_wconf 82' lang='lat' dir='ltr'><strong>insula,</strong></span> <span class='ocrx_word' id='word_1_165' title='bbox 931 2078 974 2102; x_wconf 88' lang='lat' dir='ltr'><strong>eo</strong></span> <span class='ocrx_word' id='word_1_166' title='bbox 994 2065 1094 2114; x_wconf 87' lang='lat' dir='ltr'><strong>quod</strong></span> 
     </span>
     <span class='ocr_line' id='line_1_30' title="bbox 441 2121 1092 2172; baseline -0.008 -10"><span class='ocrx_word' id='word_1_167' title='bbox 441 2124 678 2162; x_wconf 79' lang='lat' dir='ltr'>Athenienses</span> <span class='ocrx_word' id='word_1_168' title='bbox 697 2122 884 2172; x_wconf 77' lang='lat' dir='ltr'><strong>Aegyptiis</strong></span> <span class='ocrx_word' id='word_1_169' title='bbox 903 2121 1092 2159; x_wconf 84' lang='lat' dir='ltr'>rebellibus</span> 
     </span>
     <span class='ocr_line' id='line_1_31' title="bbox 441 2178 1091 2218; baseline -0.008 0"><span class='ocrx_word' id='word_1_170' title='bbox 441 2181 570 2218; x_wconf 84' lang='lat' dir='ltr'><strong>auxilio</strong></span> <span class='ocrx_word' id='word_1_171' title='bbox 600 2178 699 2216; x_wconf 79' lang='lat' dir='ltr'><strong>missi</strong></span> <span class='ocrx_word' id='word_1_172' title='bbox 727 2179 784 2216; x_wconf 87' lang='lat' dir='ltr'><strong>hic</strong></span> <span class='ocrx_word' id='word_1_173' title='bbox 809 2191 831 2215; x_wconf 85' lang='lat' dir='ltr'>a</span> <span class='ocrx_word' id='word_1_174' title='bbox 853 2178 973 2215; x_wconf 80' lang='lat' dir='ltr'><strong>Persis</strong></span> <span class='ocrx_word' id='word_1_175' title='bbox 995 2178 1091 2214; x_wconf 80' lang='lat' dir='ltr'><strong>obsi-</strong></span> 
     </span>
     <span class='ocr_line' id='line_1_32' title="bbox 442 2234 1089 2282; baseline -0.008 -8"><span class='ocrx_word' id='word_1_176' title='bbox 442 2237 631 2275; x_wconf 79' lang='lat' dir='ltr'><strong>debantur.</strong></span> <span class='ocrx_word' id='word_1_177' title='bbox 642 2235 725 2271; x_wconf 69' lang='lat' dir='ltr'><strong>vid.</strong></span> <span class='ocrx_word' id='word_1_178' title='bbox 741 2234 946 2282; x_wconf 69' lang='lat' dir='ltr'><strong>Thucydid.</strong></span> <span class='ocrx_word' id='word_1_179' title='bbox 957 2234 986 2281; x_wconf 83' lang='lat' dir='ltr'><strong>l,</strong></span> <span class='ocrx_word' id='word_1_180' title='bbox 1000 2235 1089 2274; x_wconf 87' lang='lat'>104.</span> 
     </span>
     <span class='ocr_line' id='line_1_33' title="bbox 444 2290 1091 2341; baseline -0.006 -11"><span class='ocrx_word' id='word_1_181' title='bbox 444 2295 535 2334; x_wconf 84' lang='lat'><strong>109.</strong></span> <span class='ocrx_word' id='word_1_182' title='bbox 565 2291 785 2341; x_wconf 79' lang='lat' dir='ltr'><strong>Aegyptium</strong></span> <span class='ocrx_word' id='word_1_183' title='bbox 803 2290 941 2328; x_wconf 75' lang='lat' dir='ltr'><strong>insulae</strong></span> <span class='ocrx_word' id='word_1_184' title='bbox 960 2301 1091 2326; x_wconf 86' lang='lat' dir='ltr'><strong>nomen</strong></span> 
     </span>
     <span class='ocr_line' id='line_1_34' title="bbox 442 2346 1091 2396; baseline -0.006 -10"><span class='ocrx_word' id='word_1_185' title='bbox 442 2362 522 2386; x_wconf 79' lang='lat' dir='ltr'><strong>esse</strong></span> <span class='ocrx_word' id='word_1_186' title='bbox 551 2347 722 2393; x_wconf 69' lang='grc' dir='ltr'><strong><em>Ρεείαιίί,</em></strong></span> <span class='ocrx_word' id='word_1_187' title='bbox 752 2348 900 2396; x_wconf 80' lang='lat' dir='ltr'><strong>copiosa</strong></span> <span class='ocrx_word' id='word_1_188' title='bbox 928 2346 1091 2395; x_wconf 76' lang='lat' dir='ltr'><strong>disputa-</strong></span> 
     </span>
     <span class='ocr_line' id='line_1_35' title="bbox 442 2402 1089 2453; baseline -0.006 -11"><span class='ocrx_word' id='word_1_189' title='bbox 442 2405 540 2442; x_wconf 77' lang='lat' dir='ltr'><strong>tione</strong></span> <span class='ocrx_word' id='word_1_190' title='bbox 561 2403 746 2442; x_wconf 84' lang='lat' dir='ltr'>contendit</span> <span class='ocrx_word' id='word_1_191' title='bbox 765 2402 969 2453; x_wconf 77' lang='lat' dir='ltr'><strong>Chznnpoll.</strong></span> <span class='ocrx_word' id='word_1_192' title='bbox 991 2402 1089 2450; x_wconf 87' lang='lat' dir='ltr'><strong>l&#39;Eg.</strong></span> 
     </span>
     <span class='ocr_line' id='line_1_36' title="bbox 443 2459 1092 2511; baseline -0.006 -13"><span class='ocrx_word' id='word_1_193' title='bbox 443 2474 527 2498; x_wconf 87' lang='lat' dir='ltr'><strong>sous</strong></span> <span class='ocrx_word' id='word_1_194' title='bbox 549 2460 571 2498; x_wconf 92' lang='lat' dir='ltr'><strong>l.</strong></span> <span class='ocrx_word' id='word_1_195' title='bbox 593 2460 696 2511; x_wconf 86' lang='lat' dir='ltr'><strong>phar.</strong></span> <span class='ocrx_word' id='word_1_196' title='bbox 713 2459 745 2495; x_wconf 90' lang='lat' dir='ltr'><strong>ll</strong></span> <span class='ocrx_word' id='word_1_197' title='bbox 763 2472 799 2509; x_wconf 91' lang='lat' dir='ltr'><strong>p.</strong></span> <span class='ocrx_word' id='word_1_198' title='bbox 820 2462 900 2500; x_wconf 83' lang='lat'><strong>162</strong></span> <span class='ocrx_word' id='word_1_199' title='bbox 920 2471 1022 2508; x_wconf 85' lang='lat' dir='ltr'><strong>seqq.</strong></span> <span class='ocrx_word' id='word_1_200' title='bbox 1037 2477 1092 2485; x_wconf 88' lang='lat'><strong>—-</strong></span> 
     </span>
     <span class='ocr_line' id='line_1_37' title="bbox 441 2513 1092 2566; baseline -0.008 -12"><span class='ocrx_word' id='word_1_201' title='bbox 441 2517 484 2554; x_wconf 88' lang='lat' dir='ltr'><strong>ln</strong></span> <span class='ocrx_word' id='word_1_202' title='bbox 501 2529 604 2566; x_wconf 88' lang='lat' dir='ltr'><strong>seqq.</strong></span> <span class='ocrx_word' id='word_1_203' title='bbox 631 2529 709 2553; x_wconf 90' lang='lat' dir='ltr'><strong>cum</strong></span> <span class='ocrx_word' id='word_1_204' title='bbox 737 2515 937 2564; x_wconf 78' lang='lat' dir='ltr'><strong>Schweigh.</strong></span> <span class='ocrx_word' id='word_1_205' title='bbox 965 2513 1092 2552; x_wconf 89' lang='lat' dir='ltr'><strong>rescri-</strong></span> 
     </span>
     <span class='ocr_line' id='line_1_38' title="bbox 441 2570 1089 2624; baseline -0.005 -15"><span class='ocrx_word' id='word_1_206' title='bbox 441 2573 499 2624; x_wconf 87' lang='lat' dir='ltr'><strong>psi</strong></span> <span class='ocrx_word' id='word_1_207' title='bbox 518 2573 750 2623; x_wconf 83' lang='grc' dir='ltr'><strong><em>περίμετρον</em></strong></span> <span class='ocrx_word' id='word_1_208' title='bbox 766 2574 833 2622; x_wconf 88' lang='lat' dir='ltr'><strong>p&#39;ro</strong></span> <span class='ocrx_word' id='word_1_209' title='bbox 851 2570 1089 2623; x_wconf 81' lang='grc' dir='ltr'><strong><em>περίμετρος.</em></strong></span> 
     </span>
    </p>
   </div>
   <div class='ocr_carea' id='block_1_16' title="bbox 444 2628 735 2675">
    <p class='ocr_par' dir='ltr' id='par_1_16' title="bbox 444 2628 735 2675">
     <span class='ocr_line' id='line_1_39' title="bbox 444 2628 735 2675; baseline -0.003 -10"><span class='ocrx_word' id='word_1_210' title='bbox 444 2629 552 2665; x_wconf 88' lang='lat' dir='ltr'><strong>Conf.</strong></span> <span class='ocrx_word' id='word_1_211' title='bbox 576 2628 622 2675; x_wconf 89' lang='lat'><strong>11,</strong></span> <span class='ocrx_word' id='word_1_212' title='bbox 644 2628 735 2670; x_wconf 85' lang='lat'><strong>149.</strong></span> 
     </span>
    </p>
   </div>
   <div class='ocr_carea' id='block_1_17' title="bbox 443 2704 1094 2862">
    <p class='ocr_par' dir='ltr' id='par_1_17' title="bbox 443 2704 1094 2862">
     <span class='ocr_line' id='line_1_40' title="bbox 500 2704 1092 2765; baseline -0.003 -16"><span class='ocrx_word' id='word_1_213' title='bbox 500 2708 653 2762; x_wconf 76' lang='grc' dir='ltr'><strong><em>οὕνομα</em></strong></span> <span class='ocrx_word' id='word_1_214' title='bbox 677 2713 727 2765; x_wconf 77' lang='grc' dir='ltr'><strong><em>τῇ</em></strong></span> <span class='ocrx_word' id='word_1_215' title='bbox 760 2707 873 2750; x_wconf 83' lang='grc' dir='ltr'><strong><em>πόλει</em></strong></span> <span class='ocrx_word' id='word_1_216' title='bbox 902 2704 1092 2761; x_wconf 69' lang='grc' dir='ltr'><strong><em>Ἀτάρβη·</em></strong></span> 
     </span>
     <span class='ocr_line' id='line_1_41' title="bbox 443 2765 1094 2818; baseline 0 -16"><span class='ocrx_word' id='word_1_217' title='bbox 443 2765 524 2815; x_wconf 81' lang='grc' dir='ltr'><strong><em>χις]</em></strong></span> <span class='ocrx_word' id='word_1_218' title='bbox 555 2768 702 2813; x_wconf 84' lang='lat' dir='ltr'><strong>„Quam</strong></span> <span class='ocrx_word' id='word_1_219' title='bbox 733 2781 799 2817; x_wconf 92' lang='lat' dir='ltr'><strong>pro</strong></span> <span class='ocrx_word' id='word_1_220' title='bbox 829 2766 1094 2818; x_wconf 70' lang='lat' dir='ltr'><strong>Aphroditopolt&#39;</strong></span> 
     </span>
     <span class='ocr_line' id='line_1_42' title="bbox 444 2820 1089 2862; baseline 0.003 -5"><span class='ocrx_word' id='word_1_221' title='bbox 444 2820 552 2859; x_wconf 88' lang='lat' dir='ltr'><strong>habet</strong></span> <span class='ocrx_word' id='word_1_222' title='bbox 570 2823 794 2860; x_wconf 81' lang='lat' dir='ltr'><strong>lablonskius</strong></span> <span class='ocrx_word' id='word_1_223' title='bbox 820 2824 856 2861; x_wconf 90' lang='lat' dir='ltr'><strong>in</strong></span> <span class='ocrx_word' id='word_1_224' title='bbox 880 2824 988 2862; x_wconf 88' lang='lat' dir='ltr'><strong>Voce.</strong></span> <span class='ocrx_word' id='word_1_225' title='bbox 1016 2822 1089 2860; x_wconf 89' lang='lat' dir='ltr'><strong>Ae-</strong></span> 
     </span>
    </p>
   </div>
   <div class='ocr_carea' id='block_1_18' title="bbox 1157 1080 1815 2803">
    <p class='ocr_par' dir='ltr' id='par_1_18' title="bbox 1157 1080 1815 2803">
     <span class='ocr_line' id='line_1_43' title="bbox 1160 1080 1811 1136; baseline -0.008 -13"><span class='ocrx_word' id='word_1_226' title='bbox 1160 1089 1278 1136; x_wconf 82' lang='lat' dir='ltr'><strong>gyptt.</strong></span> <span class='ocrx_word' id='word_1_227' title='bbox 1300 1085 1402 1135; x_wconf 83' lang='lat' dir='ltr'><strong>p.43</strong></span> <span class='ocrx_word' id='word_1_228' title='bbox 1427 1083 1506 1129; x_wconf 89' lang='lat' dir='ltr'><strong>(ubi</strong></span> <span class='ocrx_word' id='word_1_229' title='bbox 1518 1086 1642 1120; x_wconf 89' lang='lat' dir='ltr'><strong>nostro</strong></span> <span class='ocrx_word' id='word_1_230' title='bbox 1661 1080 1740 1119; x_wconf 85' lang='lat' dir='ltr'><strong>loco</strong></span> <span class='ocrx_word' id='word_1_231' title='bbox 1758 1080 1811 1118; x_wconf 87' lang='lat' dir='ltr'><strong>le-</strong></span> 
     </span>
     <span class='ocr_line' id='line_1_44' title="bbox 1160 1135 1809 1190; baseline -0.008 -11"><span class='ocrx_word' id='word_1_232' title='bbox 1160 1142 1319 1190; x_wconf 83' lang='lat' dir='ltr'><strong>gendum</strong></span> <span class='ocrx_word' id='word_1_233' title='bbox 1333 1146 1456 1179; x_wconf 87' lang='lat' dir='ltr'><strong>censet</strong></span> <span class='ocrx_word' id='word_1_234' title='bbox 1465 1135 1718 1190; x_wconf 75' lang='grc' dir='ltr'><strong><em>Ἀτάρβηκιν,</em></strong></span> <span class='ocrx_word' id='word_1_235' title='bbox 1731 1149 1809 1175; x_wconf 89' lang='lat' dir='ltr'><strong>cum</strong></span> 
     </span>
     <span class='ocr_line' id='line_1_45' title="bbox 1158 1190 1811 1247; baseline -0.008 -13"><span class='ocrx_word' id='word_1_236' title='bbox 1158 1210 1227 1234; x_wconf 85' lang='lat' dir='ltr'><strong>vox</strong></span> <span class='ocrx_word' id='word_1_237' title='bbox 1257 1198 1454 1247; x_wconf 83' lang='lat' dir='ltr'><strong>composita</strong></span> <span class='ocrx_word' id='word_1_238' title='bbox 1489 1197 1533 1234; x_wconf 86' lang='lat' dir='ltr'><strong>sit</strong></span> <span class='ocrx_word' id='word_1_239' title='bbox 1561 1208 1604 1233; x_wconf 83' lang='lat' dir='ltr'><strong>ex</strong></span> <span class='ocrx_word' id='word_1_240' title='bbox 1638 1190 1752 1244; x_wconf 54' lang='lat' dir='ltr'><strong>’Attio</strong></span> <span class='ocrx_word' id='word_1_241' title='bbox 1782 1207 1811 1229; x_wconf 85' lang='lat' dir='ltr'><strong>s.</strong></span> 
     </span>
     <span class='ocr_line' id='line_1_46' title="bbox 1157 1248 1812 1303; baseline -0.009 -11"><span class='ocrx_word' id='word_1_242' title='bbox 1157 1248 1299 1303; x_wconf 77' lang='grc' dir='ltr'><strong><em>Ἀτώρ,</em></strong></span> <span class='ocrx_word' id='word_1_243' title='bbox 1337 1250 1491 1302; x_wconf 73' lang='grc' dir='ltr'><strong><em>Ἀθώρ,</em></strong></span> <span class='ocrx_word' id='word_1_244' title='bbox 1531 1251 1632 1302; x_wconf 88' lang='lat' dir='ltr'><strong>quod</strong></span> <span class='ocrx_word' id='word_1_245' title='bbox 1659 1254 1714 1288; x_wconf 89' lang='lat' dir='ltr'><strong>est</strong></span> <span class='ocrx_word' id='word_1_246' title='bbox 1739 1249 1812 1287; x_wconf 89' lang='lat' dir='ltr'><strong>Ae-</strong></span> 
     </span>
     <span class='ocr_line' id='line_1_47' title="bbox 1160 1309 1812 1360; baseline -0.006 -13"><span class='ocrx_word' id='word_1_247' title='bbox 1160 1311 1366 1360; x_wconf 74' lang='lat' dir='ltr'><strong>gyptiacum</strong></span> <span class='ocrx_word' id='word_1_248' title='bbox 1388 1309 1539 1347; x_wconf 82' lang='lat' dir='ltr'><strong>Veneris</strong></span> <span class='ocrx_word' id='word_1_249' title='bbox 1567 1319 1700 1345; x_wconf 89' lang='lat' dir='ltr'><strong>nomen</strong></span> <span class='ocrx_word' id='word_1_250' title='bbox 1715 1334 1726 1353; x_wconf 92' lang='lat'>‚</span> <span class='ocrx_word' id='word_1_251' title='bbox 1756 1309 1812 1344; x_wconf 80' lang='lat' dir='ltr'><strong>te·</strong></span> 
     </span>
     <span class='ocr_line' id='line_1_48' title="bbox 1161 1361 1811 1416; baseline -0.008 -13"><span class='ocrx_word' id='word_1_252' title='bbox 1161 1371 1278 1403; x_wconf 78' lang='lat' dir='ltr'><strong>stante</strong></span> <span class='ocrx_word' id='word_1_253' title='bbox 1299 1379 1444 1416; x_wconf 86' lang='lat' dir='ltr'><strong>quoque</strong></span> <span class='ocrx_word' id='word_1_254' title='bbox 1467 1366 1595 1402; x_wconf 86' lang='lat' dir='ltr'><strong>Orion.</strong></span> <span class='ocrx_word' id='word_1_255' title='bbox 1612 1364 1709 1414; x_wconf 80' lang='lat' dir='ltr'><strong>apud</strong></span> <span class='ocrx_word' id='word_1_256' title='bbox 1720 1361 1811 1411; x_wconf 79' lang='lat' dir='ltr'>Ety-</span> 
     </span>
     <span class='ocr_line' id='line_1_49' title="bbox 1160 1416 1811 1472; baseline -0.005 -15"><span class='ocrx_word' id='word_1_257' title='bbox 1160 1422 1295 1470; x_wconf 84' lang='lat' dir='ltr'><strong>molog.</strong></span> <span class='ocrx_word' id='word_1_258' title='bbox 1335 1436 1381 1459; x_wconf 88' lang='lat' dir='ltr'><strong>m.</strong></span> <span class='ocrx_word' id='word_1_259' title='bbox 1412 1435 1447 1472; x_wconf 89' lang='lat' dir='ltr'><strong>p.</strong></span> <span class='ocrx_word' id='word_1_260' title='bbox 1469 1423 1522 1462; x_wconf 79' lang='lat'><strong>26</strong></span> <span class='ocrx_word' id='word_1_261' title='bbox 1560 1420 1660 1469; x_wconf 49' lang='lat' dir='ltr'><strong>Sylb.</strong></span> <span class='ocrx_word' id='word_1_262' title='bbox 1693 1432 1729 1468; x_wconf 90' lang='lat' dir='ltr'><strong>p.</strong></span> <span class='ocrx_word' id='word_1_263' title='bbox 1757 1416 1811 1459; x_wconf 82' lang='grc'><strong>24</strong></span> 
     </span>
     <span class='ocr_line' id='line_1_50' title="bbox 1158 1475 1813 1528; baseline -0.008 -14"><span class='ocrx_word' id='word_1_264' title='bbox 1158 1477 1260 1528; x_wconf 76' lang='lat' dir='ltr'><strong>Lips.</strong></span> <span class='ocrx_word' id='word_1_265' title='bbox 1273 1506 1283 1524; x_wconf 89' lang='lat'>,</span> <span class='ocrx_word' id='word_1_266' title='bbox 1313 1478 1484 1526; x_wconf 86' lang='lat' dir='ltr'><strong>quodque</strong></span> <span class='ocrx_word' id='word_1_267' title='bbox 1499 1475 1643 1527; x_wconf 84' lang='lat' dir='ltr'><strong>proprie</strong></span> <span class='ocrx_word' id='word_1_268' title='bbox 1663 1475 1813 1512; x_wconf 83' lang='lat' dir='ltr'><strong>denotat</strong></span> 
     </span>
     <span class='ocr_line' id='line_1_51' title="bbox 1160 1530 1811 1581; baseline -0.008 -11"><span class='ocrx_word' id='word_1_269' title='bbox 1160 1537 1304 1579; x_wconf 73' lang='lat' dir='ltr'><strong>noctem,</strong></span> <span class='ocrx_word' id='word_1_270' title='bbox 1332 1538 1367 1571; x_wconf 79' lang='lat' dir='ltr'><strong>et</strong></span> <span class='ocrx_word' id='word_1_271' title='bbox 1385 1546 1427 1569; x_wconf 85' lang='lat' dir='ltr'><strong>ex</strong></span> <span class='ocrx_word' id='word_1_272' title='bbox 1444 1531 1538 1578; x_wconf 69' lang='lat' dir='ltr'><strong>bak-i,</strong></span> <span class='ocrx_word' id='word_1_273' title='bbox 1568 1531 1667 1581; x_wconf 89' lang='lat' dir='ltr'><strong>quod</strong></span> <span class='ocrx_word' id='word_1_274' title='bbox 1686 1530 1811 1566; x_wconf 86' lang='lat' dir='ltr'><strong>urbem</strong></span> 
     </span>
     <span class='ocr_line' id='line_1_52' title="bbox 1160 1585 1810 1639; baseline -0.006 -13"><span class='ocrx_word' id='word_1_275' title='bbox 1160 1589 1350 1639; x_wconf 81' lang='lat' dir='ltr'><strong>significat.</strong></span> <span class='ocrx_word' id='word_1_276' title='bbox 1382 1589 1465 1626; x_wconf 67' lang='lat' dir='ltr'><strong>Yid.</strong></span> <span class='ocrx_word' id='word_1_277' title='bbox 1481 1587 1567 1625; x_wconf 83' lang='lat' dir='ltr'><strong>ibid.</strong></span> <span class='ocrx_word' id='word_1_278' title='bbox 1584 1600 1621 1638; x_wconf 92' lang='lat' dir='ltr'><strong>p.</strong></span> <span class='ocrx_word' id='word_1_279' title='bbox 1643 1589 1707 1628; x_wconf 78' lang='lat'><strong>20.</strong></span> <span class='ocrx_word' id='word_1_280' title='bbox 1725 1585 1810 1634; x_wconf 82' lang='lat'><strong>21).</strong></span> 
     </span>
     <span class='ocr_line' id='line_1_53' title="bbox 1162 1642 1813 1693; baseline -0.003 -12"><span class='ocrx_word' id='word_1_281' title='bbox 1162 1646 1281 1688; x_wconf 78' lang='lat' dir='ltr'><strong>Quam</strong></span> <span class='ocrx_word' id='word_1_282' title='bbox 1311 1646 1524 1683; x_wconf 73' lang='lat' dir='ltr'><strong>sententiam</strong></span> <span class='ocrx_word' id='word_1_283' title='bbox 1553 1644 1651 1693; x_wconf 86' lang='lat' dir='ltr'><strong>quod</strong></span> <span class='ocrx_word' id='word_1_284' title='bbox 1682 1643 1719 1679; x_wconf 91' lang='lat' dir='ltr'><strong>iu</strong></span> <span class='ocrx_word' id='word_1_285' title='bbox 1746 1642 1813 1679; x_wconf 91' lang='lat' dir='ltr'><strong>du-</strong></span> 
     </span>
     <span class='ocr_line' id='line_1_54' title="bbox 1161 1698 1811 1749; baseline -0.006 -11"><span class='ocrx_word' id='word_1_286' title='bbox 1161 1702 1257 1738; x_wconf 83' lang='lat' dir='ltr'><strong>bium</strong></span> <span class='ocrx_word' id='word_1_287' title='bbox 1284 1707 1387 1737; x_wconf 74' lang='lat' dir='ltr'><strong>vocat</strong></span> <span class='ocrx_word' id='word_1_288' title='bbox 1414 1699 1618 1749; x_wconf 72' lang='lat' dir='ltr'><strong>Chuinpoll.</strong></span> <span class='ocrx_word' id='word_1_289' title='bbox 1643 1699 1663 1735; x_wconf 88' lang='lat' dir='ltr'><strong>l’</strong></span> <span class='ocrx_word' id='word_1_290' title='bbox 1674 1698 1811 1749; x_wconf 76' lang='lat' dir='ltr'><strong>Egypt.</strong></span> 
     </span>
     <span class='ocr_line' id='line_1_55' title="bbox 1163 1754 1813 1806; baseline -0.005 -13"><span class='ocrx_word' id='word_1_291' title='bbox 1163 1771 1190 1793; x_wconf 78' lang='lat' dir='ltr'><strong>s.</strong></span> <span class='ocrx_word' id='word_1_292' title='bbox 1213 1756 1235 1793; x_wconf 91' lang='lat' dir='ltr'><strong>l.</strong></span> <span class='ocrx_word' id='word_1_293' title='bbox 1256 1757 1358 1805; x_wconf 78' lang='lat' dir='ltr'><strong>phar.</strong></span> <span class='ocrx_word' id='word_1_294' title='bbox 1379 1756 1408 1792; x_wconf 88' lang='lat' dir='ltr'><strong>ll</strong></span> <span class='ocrx_word' id='word_1_295' title='bbox 1428 1770 1465 1806; x_wconf 92' lang='lat' dir='ltr'><strong>p.</strong></span> <span class='ocrx_word' id='word_1_296' title='bbox 1487 1758 1579 1802; x_wconf 83' lang='lat'>173,</span> <span class='ocrx_word' id='word_1_297' title='bbox 1608 1754 1677 1792; x_wconf 87' lang='lat' dir='ltr'><strong>hoc</strong></span> <span class='ocrx_word' id='word_1_298' title='bbox 1696 1754 1745 1790; x_wconf 87' lang='lat' dir='ltr'><strong>nil</strong></span> <span class='ocrx_word' id='word_1_299' title='bbox 1766 1754 1813 1790; x_wconf 89' lang='lat' dir='ltr'><strong>ad</strong></span> 
     </span>
     <span class='ocr_line' id='line_1_56' title="bbox 1162 1810 1813 1862; baseline -0.002 -14"><span class='ocrx_word' id='word_1_300' title='bbox 1162 1825 1219 1849; x_wconf 84' lang='lat' dir='ltr'><strong>me</strong></span> <span class='ocrx_word' id='word_1_301' title='bbox 1236 1812 1413 1862; x_wconf 82' lang='lat' dir='ltr'><strong>pertinet,</strong></span> <span class='ocrx_word' id='word_1_302' title='bbox 1444 1811 1621 1861; x_wconf 81' lang='lat' dir='ltr'><strong>siquidem</strong></span> <span class='ocrx_word' id='word_1_303' title='bbox 1642 1810 1813 1848; x_wconf 88' lang='lat' dir='ltr'><strong>Herodo-</strong></span> 
     </span>
     <span class='ocr_line' id='line_1_57' title="bbox 1161 1866 1814 1905; baseline 0.002 -2"><span class='ocrx_word' id='word_1_304' title='bbox 1161 1873 1219 1904; x_wconf 78' lang='lat' dir='ltr'><strong>tus</strong></span> <span class='ocrx_word' id='word_1_305' title='bbox 1240 1867 1272 1905; x_wconf 91' lang='lat' dir='ltr'><strong>h.</strong></span> <span class='ocrx_word' id='word_1_306' title='bbox 1292 1867 1313 1904; x_wconf 96' lang='lat' dir='ltr'><strong>l.</strong></span> <span class='ocrx_word' id='word_1_307' title='bbox 1338 1869 1471 1905; x_wconf 75' lang='lat' dir='ltr'><strong>diserte</strong></span> <span class='ocrx_word' id='word_1_308' title='bbox 1491 1872 1662 1905; x_wconf 51' lang='lat' dir='ltr'><strong>teetatur:</strong></span> <span class='ocrx_word' id='word_1_309' title='bbox 1692 1866 1814 1904; x_wconf 88' lang='lat' dir='ltr'><strong>Vene-</strong></span> 
     </span>
     <span class='ocr_line' id='line_1_58' title="bbox 1162 1923 1814 1975; baseline -0.003 -14"><span class='ocrx_word' id='word_1_310' title='bbox 1162 1924 1209 1961; x_wconf 84' lang='lat' dir='ltr'><strong>ris</strong></span> <span class='ocrx_word' id='word_1_311' title='bbox 1227 1924 1398 1975; x_wconf 84' lang='lat' dir='ltr'><strong>ternplum</strong></span> <span class='ocrx_word' id='word_1_312' title='bbox 1417 1937 1556 1962; x_wconf 81' lang='lat' dir='ltr'><strong>sacrum</strong></span> <span class='ocrx_word' id='word_1_313' title='bbox 1574 1924 1654 1961; x_wconf 72' lang='lat' dir='ltr'><strong>esse</strong></span> <span class='ocrx_word' id='word_1_314' title='bbox 1668 1924 1704 1960; x_wconf 90' lang='lat' dir='ltr'><strong>in</strong></span> <span class='ocrx_word' id='word_1_315' title='bbox 1726 1923 1814 1960; x_wconf 85' lang='lat' dir='ltr'><strong>urbe</strong></span> 
     </span>
     <span class='ocr_line' id='line_1_59' title="bbox 1161 1980 1815 2029; baseline -0.003 -12"><span class='ocrx_word' id='word_1_316' title='bbox 1161 1980 1354 2017; x_wconf 67' lang='lat' dir='ltr'><strong>Atarbechi</strong></span> <span class='ocrx_word' id='word_1_317' title='bbox 1374 1986 1410 2018; x_wconf 91' lang='lat' dir='ltr'><strong>et</strong></span> <span class='ocrx_word' id='word_1_318' title='bbox 1426 1980 1523 2017; x_wconf 89' lang='lat' dir='ltr'><strong>numi</strong></span> <span class='ocrx_word' id='word_1_319' title='bbox 1538 1980 1644 2017; x_wconf 83' lang='lat' dir='ltr'><strong>etiam</strong></span> <span class='ocrx_word' id='word_1_320' title='bbox 1658 1983 1815 2029; x_wconf 85' lang='lat' dir='ltr'><strong>arguunt</strong></span> 
     </span>
     <span class='ocr_line' id='line_1_60' title="bbox 1162 2036 1813 2086; baseline -0.003 -12"><span class='ocrx_word' id='word_1_321' title='bbox 1162 2037 1236 2074; x_wconf 91' lang='lat' dir='ltr'><strong>eius</strong></span> <span class='ocrx_word' id='word_1_322' title='bbox 1265 2037 1362 2073; x_wconf 83' lang='lat' dir='ltr'><strong>urbis</strong></span> <span class='ocrx_word' id='word_1_323' title='bbox 1397 2036 1594 2085; x_wconf 81' lang='lat' dir='ltr'><strong>religiones</strong></span> <span class='ocrx_word' id='word_1_324' title='bbox 1632 2036 1813 2086; x_wconf 85' lang='lat' dir='ltr'><strong>pertinere</strong></span> 
     </span>
     <span class='ocr_line' id='line_1_61' title="bbox 1161 2092 1812 2141; baseline -0.003 -12"><span class='ocrx_word' id='word_1_325' title='bbox 1161 2093 1209 2130; x_wconf 80' lang='lat' dir='ltr'><strong>ad</strong></span> <span class='ocrx_word' id='word_1_326' title='bbox 1229 2092 1420 2129; x_wconf 68' lang='lat' dir='ltr'><strong>Venerem.</strong></span> <span class='ocrx_word' id='word_1_327' title='bbox 1449 2093 1541 2129; x_wconf 83' lang='lat' dir='ltr'><strong>Illud</strong></span> <span class='ocrx_word' id='word_1_328' title='bbox 1565 2105 1635 2141; x_wconf 80' lang='lat' dir='ltr'><strong>ego</strong></span> <span class='ocrx_word' id='word_1_329' title='bbox 1658 2092 1812 2128; x_wconf 80' lang='lat' dir='ltr'><strong>vicissim</strong></span> 
     </span>
     <span class='ocr_line' id='line_1_62' title="bbox 1161 2147 1810 2197; baseline -0.005 -12"><span class='ocrx_word' id='word_1_330' title='bbox 1161 2149 1198 2185; x_wconf 88' lang='lat' dir='ltr'><strong>in</strong></span> <span class='ocrx_word' id='word_1_331' title='bbox 1250 2149 1395 2184; x_wconf 84' lang='lat' dir='ltr'><strong>dubium</strong></span> <span class='ocrx_word' id='word_1_332' title='bbox 1445 2149 1646 2185; x_wconf 80' lang='lat' dir='ltr'><strong>vocaverim</strong></span> <span class='ocrx_word' id='word_1_333' title='bbox 1698 2147 1810 2197; x_wconf 85' lang='lat' dir='ltr'><strong>ipsius</strong></span> 
     </span>
     <span class='ocr_line' id='line_1_63' title="bbox 1157 2202 1812 2254; baseline -0.002 -14"><span class='ocrx_word' id='word_1_334' title='bbox 1157 2204 1463 2254; x_wconf 78' lang='lat' dir='ltr'><strong>Champollionis,</strong></span> <span class='ocrx_word' id='word_1_335' title='bbox 1503 2204 1601 2252; x_wconf 90' lang='lat' dir='ltr'><strong>quod</strong></span> <span class='ocrx_word' id='word_1_336' title='bbox 1623 2203 1718 2239; x_wconf 80' lang='lat' dir='ltr'><strong>illam</strong></span> <span class='ocrx_word' id='word_1_337' title='bbox 1745 2202 1812 2240; x_wconf 86' lang='lat' dir='ltr'><strong>mi-</strong></span> 
     </span>
     <span class='ocr_line' id='line_1_64' title="bbox 1159 2259 1811 2298; baseline 0 -1"><span class='ocrx_word' id='word_1_338' title='bbox 1159 2272 1234 2297; x_wconf 80' lang='lat' dir='ltr'><strong>ram</strong></span> <span class='ocrx_word' id='word_1_339' title='bbox 1258 2261 1365 2296; x_wconf 85' lang='lat' dir='ltr'><strong>boum</strong></span> <span class='ocrx_word' id='word_1_340' title='bbox 1385 2261 1646 2298; x_wconf 81' lang='lat' dir='ltr'><strong>funerationem</strong></span> <span class='ocrx_word' id='word_1_341' title='bbox 1668 2260 1713 2296; x_wconf 87' lang='lat' dir='ltr'><strong>ab</strong></span> <span class='ocrx_word' id='word_1_342' title='bbox 1733 2259 1811 2297; x_wconf 88' lang='lat' dir='ltr'><strong>He-</strong></span> 
     </span>
     <span class='ocr_line' id='line_1_65' title="bbox 1158 2315 1810 2366; baseline 0 -14"><span class='ocrx_word' id='word_1_343' title='bbox 1158 2316 1289 2352; x_wconf 81' lang='lat' dir='ltr'><strong>rodoto</strong></span> <span class='ocrx_word' id='word_1_344' title='bbox 1332 2320 1587 2363; x_wconf 77' lang='lat' dir='ltr'><strong>memoratam,</strong></span> <span class='ocrx_word' id='word_1_345' title='bbox 1633 2315 1810 2366; x_wconf 86' lang='lat' dir='ltr'><strong>corruptis</strong></span> 
     </span>
     <span class='ocr_line' id='line_1_66' title="bbox 1158 2370 1811 2422; baseline 0 -14"><span class='ocrx_word' id='word_1_346' title='bbox 1158 2372 1303 2409; x_wconf 78' lang='lat' dir='ltr'><strong>deinum</strong></span> <span class='ocrx_word' id='word_1_347' title='bbox 1341 2372 1573 2421; x_wconf 81' lang='lat' dir='ltr'><strong>religionibus</strong></span> <span class='ocrx_word' id='word_1_348' title='bbox 1602 2370 1811 2422; x_wconf 69' lang='lat' dir='ltr'><strong>Aegypticis</strong></span> 
     </span>
     <span class='ocr_line' id='line_1_67' title="bbox 1158 2428 1809 2466; baseline -0.002 -1"><span class='ocrx_word' id='word_1_349' title='bbox 1158 2428 1350 2466; x_wconf 74' lang='lat' dir='ltr'><strong>invaluisse</strong></span> <span class='ocrx_word' id='word_1_350' title='bbox 1369 2429 1605 2465; x_wconf 77' lang='lat' dir='ltr'><strong>arbitratur.“</strong></span> <span class='ocrx_word' id='word_1_351' title='bbox 1637 2429 1809 2465; x_wconf 88' lang='lat' dir='ltr'><strong>Creuzer.</strong></span> 
     </span>
     <span class='ocr_line' id='line_1_68' title="bbox 1158 2483 1810 2534; baseline -0.002 -14"><span class='ocrx_word' id='word_1_352' title='bbox 1158 2484 1194 2520; x_wconf 87' lang='lat' dir='ltr'><strong>in</strong></span> <span class='ocrx_word' id='word_1_353' title='bbox 1208 2486 1349 2521; x_wconf 80' lang='lat' dir='ltr'><strong>comm.</strong></span> <span class='ocrx_word' id='word_1_354' title='bbox 1364 2485 1501 2522; x_wconf 85' lang='lat' dir='ltr'><strong>Herod.</strong></span> <span class='ocrx_word' id='word_1_355' title='bbox 1512 2498 1548 2534; x_wconf 91' lang='lat' dir='ltr'><strong>p.</strong></span> <span class='ocrx_word' id='word_1_356' title='bbox 1561 2486 1653 2526; x_wconf 85' lang='lat'><strong>118.</strong></span> <span class='ocrx_word' id='word_1_357' title='bbox 1666 2483 1728 2521; x_wconf 89' lang='lat' dir='ltr'><strong>Tu</strong></span> <span class='ocrx_word' id='word_1_358' title='bbox 1738 2483 1810 2519; x_wconf 86' lang='lat' dir='ltr'><strong>vid.</strong></span> 
     </span>
     <span class='ocr_line' id='line_1_69' title="bbox 1157 2539 1810 2591; baseline 0 -15"><span class='ocrx_word' id='word_1_359' title='bbox 1157 2541 1386 2591; x_wconf 64' lang='lat' dir='ltr'><strong>potissimum</strong></span> <span class='ocrx_word' id='word_1_360' title='bbox 1407 2541 1454 2578; x_wconf 90' lang='lat' dir='ltr'><strong>de</strong></span> <span class='ocrx_word' id='word_1_361' title='bbox 1484 2540 1551 2578; x_wconf 81' lang='lat' dir='ltr'><strong>hae</strong></span> <span class='ocrx_word' id='word_1_362' title='bbox 1572 2540 1682 2586; x_wconf 87' lang='lat' dir='ltr'><strong>urbe,</strong></span> <span class='ocrx_word' id='word_1_363' title='bbox 1712 2539 1810 2577; x_wconf 90' lang='lat' dir='ltr'><strong>cuius</strong></span> 
     </span>
     <span class='ocr_line' id='line_1_70' title="bbox 1158 2593 1808 2650; baseline -0.003 -17"><span class='ocrx_word' id='word_1_364' title='bbox 1158 2598 1287 2633; x_wconf 72' lang='lat' dir='ltr'><strong>rudera</strong></span> <span class='ocrx_word' id='word_1_365' title='bbox 1309 2610 1425 2647; x_wconf 85' lang='lat' dir='ltr'><strong>prope</strong></span> <span class='ocrx_word' id='word_1_366' title='bbox 1445 2596 1562 2650; x_wconf 59' lang='lat' dir='ltr'><strong>locun}</strong></span> <span class='ocrx_word' id='word_1_367' title='bbox 1583 2593 1808 2646; x_wconf 62' lang='lat' dir='ltr'><strong>Cliybin-el-</strong></span> 
     </span>
     <span class='ocr_line' id='line_1_71' title="bbox 1161 2652 1809 2699; baseline -0.002 -10"><span class='ocrx_word' id='word_1_368' title='bbox 1161 2653 1261 2690; x_wconf 68' lang='lat' dir='ltr'><strong>lcoztm</strong></span> <span class='ocrx_word' id='word_1_369' title='bbox 1291 2653 1443 2691; x_wconf 77' lang='lat' dir='ltr'><strong>inveniri</strong></span> <span class='ocrx_word' id='word_1_370' title='bbox 1468 2653 1652 2699; x_wconf 78' lang='lat' dir='ltr'><strong>dicuntur,</strong></span> <span class='ocrx_word' id='word_1_371' title='bbox 1681 2652 1809 2689; x_wconf 83' lang='lat' dir='ltr'><strong>Ritter.</strong></span> 
     </span>
     <span class='ocr_line' id='line_1_72' title="bbox 1159 2707 1809 2759; baseline -0.003 -13"><span class='ocrx_word' id='word_1_372' title='bbox 1159 2710 1350 2746; x_wconf 78' lang='lat' dir='ltr'><strong>Erdkund.</strong></span> <span class='ocrx_word' id='word_1_373' title='bbox 1379 2709 1405 2745; x_wconf 92' lang='lat' dir='ltr'><strong>I.</strong></span> <span class='ocrx_word' id='word_1_374' title='bbox 1432 2721 1518 2759; x_wconf 80' lang='lat' dir='ltr'><strong>pag.</strong></span> <span class='ocrx_word' id='word_1_375' title='bbox 1542 2710 1623 2750; x_wconf 85' lang='lat'><strong>819</strong></span> <span class='ocrx_word' id='word_1_376' title='bbox 1650 2713 1687 2745; x_wconf 85' lang='lat' dir='ltr'><strong>et</strong></span> <span class='ocrx_word' id='word_1_377' title='bbox 1715 2707 1809 2744; x_wconf 83' lang='lat' dir='ltr'><strong>conf.</strong></span> 
     </span>
     <span class='ocr_line' id='line_1_73' title="bbox 1159 2763 1809 2803; baseline -0.005 -1"><span class='ocrx_word' id='word_1_378' title='bbox 1159 2766 1187 2802; x_wconf 89' lang='lat' dir='ltr'><strong>l.</strong></span> <span class='ocrx_word' id='word_1_379' title='bbox 1209 2767 1255 2803; x_wconf 86' lang='lat' dir='ltr'><strong>de</strong></span> <span class='ocrx_word' id='word_1_380' title='bbox 1282 2766 1458 2803; x_wconf 80' lang='lat' dir='ltr'><strong>Hammer</strong></span> <span class='ocrx_word' id='word_1_381' title='bbox 1478 2766 1514 2801; x_wconf 89' lang='lat' dir='ltr'><strong>in</strong></span> <span class='ocrx_word' id='word_1_382' title='bbox 1536 2763 1676 2800; x_wconf 85' lang='lat' dir='ltr'><strong>Annall.</strong></span> <span class='ocrx_word' id='word_1_383' title='bbox 1699 2763 1809 2800; x_wconf 88' lang='lat' dir='ltr'><strong>Vien-</strong></span> 
     </span>
    </p>
   </div>
   <div class='ocr_carea' id='block_1_19' title="bbox 1158 2818 1760 2870">
    <p class='ocr_par' dir='ltr' id='par_1_19' title="bbox 1158 2818 1760 2870">
     <span class='ocr_line' id='line_1_74' title="bbox 1158 2818 1760 2870; baseline -0.007 -12"><span class='ocrx_word' id='word_1_384' title='bbox 1158 2834 1280 2859; x_wconf 85' lang='lat' dir='ltr'><strong>nenss.</strong></span> <span class='ocrx_word' id='word_1_385' title='bbox 1303 2823 1411 2863; x_wconf 79' lang='lat'>1829</span> <span class='ocrx_word' id='word_1_386' title='bbox 1430 2819 1499 2858; x_wconf 86' lang='lat' dir='ltr'><strong>vol.</strong></span> <span class='ocrx_word' id='word_1_387' title='bbox 1520 2818 1622 2857; x_wconf 85' lang='lat' dir='ltr'><strong>XLV</strong></span> <span class='ocrx_word' id='word_1_388' title='bbox 1638 2832 1675 2870; x_wconf 91' lang='lat' dir='ltr'><strong>p.</strong></span> <span class='ocrx_word' id='word_1_389' title='bbox 1694 2820 1760 2860; x_wconf 83' lang='lat'><strong>26.</strong></span> 
     </span>
    </p>
   </div>
  </div>
 </body>
</html>
