1909 3228
539 236 624 276 AD
671 234 1274 284 HERODOT.11‚159.
1577 238 1663 277 923

152 350 190 388 in
217 352 400 402 specimm.
427 351 555 391 acadd.
582 351 761 399 Franecq.
785 351 892 391 1737
922 362 998 386 nro.
1021 353 1048 391 2
1077 353 1114 386 et
1143 349 1180 386 in
1213 361 1358 400 OPUSCC·
1389 348 1509 400 (Lips-
1535 352 1662 399 1808)

152 423 178 456 t.
201 419 215 456 I
243 433 330 470 pag.
361 420 440 460 152
463 432 565 468 seqq.
586 419 747 469 inprimis
778 430 864 469 pag.
893 418 972 459 165
990 430 1091 466 seqq.
1124 420 1203 458 170
1225 429 1302 466 seq.
1327 420 1363 453 et
1394 421 1480 454 ante
1508 418 1662 456 Valcke-

154 488 293 524 narium
322 488 553 535 Harenberg.
583 489 619 524 in
648 487 810 524 biblioth.
837 487 958 524 Brem.
983 486 1032 522 Vl
1062 486 1149 524 sasc.
1172 485 1205 521 ΙΙ
1234 498 1270 535 p.
1291 486 1373 525 282
1403 497 1506 534 seqq.
1565 486 1662 523 Alias

153 555 303 592 aliorum
336 555 532 592 sententias
562 556 712 604 praebet
744 554 963 603 wesseling.
1000 554 1036 590 in
1066 558 1142 590 not.
1174 554 1222 589 ad
1250 553 1389 590 Herod.
1418 552 1472 599 ll,
1507 552 1586 593 159
1626 558 1663 590 et

152 622 220 669 ΙΙΙ,
243 622 268 664 5
299 626 337 660 et
354 623 478 671 Heyse
511 627 648 672 quaest.
665 623 804 661 Herod.
834 623 845 658 l
872 636 956 672 pag.
977 621 1182 668 94—96‚
1222 620 1283 669 qui
1309 621 1387 670 ipse
1411 620 1449 656 in
1480 619 1663 657 Herodoti

152 689 240 727 locis
263 691 400 727 Gazam
423 690 574 739 intelligi
592 691 686 737 vult3
716 703 823 740 quam
853 691 978 728 urbem
1004 691 1093 727 mari
1120 689 1319 740 proximam
1357 689 1385 724 si
1416 688 1574 726 indicare
1599 701 1664 724 vo-

152 756 278 795 luisset
303 758 539 806 Hemdotus,
569 773 632 796 suo
656 764 752 797 certe
780 759 909 808 opinor
930 759 1075 796 nomine
1103 759 1321 804 indicasset,
1353 769 1431 794 cum
1462 768 1563 793 oram
1587 768 1664 793 ma-

152 825 307 863 ritImam
341 830 532 875 totumque
576 827 671 863 illum
703 831 853 863 tractum
886 826 965 876 ipse
1000 826 1252 876 perlustrasset
1280 825 1436 873 indeque
1464 825 1663 862 accuratius

153 894 396 942 cognovisset.
454 896 535 932 Nec
556 908 703 932 moveor
729 895 792 941 iis,
822 907 916 943 quae
936 894 1133 943 disputavit
1156 892 1372 931 Billerbeck.
1395 893 1431 929 in
1450 892 1537 929 diss.
1555 890 1665 928 Asiae

153 962 292 999 Herod.
317 962 453 999 dissicil.
483 976 568 1013 pag.
590 965 642 1010 7,
673 963 733 999 ubi
765 963 905 999 Gazam
936 963 1060 998 urbem
1089 961 1236 998 indicari
1267 961 1363 998 idem
1388 961 1597 1005 contendit,
1629 964 1665 996 et

152 1042 247 1078 quae
276 1032 482 1080 nuperrime
516 1031 687 1081 peculiari
717 1031 910 1080 scriptione
938 1029 1106 1066 disseruit
1141 1028 1184 1066 F.
1206 1029 1366 1076 Hitzig.:
1412 1028 1492 1074 „de
1526 1027 1662 1075 Cadyti

152 1098 240 1136 urbe
261 1098 510 1136 Herodotea“
542 1100 708 1148 Gotting.
731 1101 862 1146 1829,
895 1099 957 1147 qui
984 1102 1019 1135 et
1050 1098 1128 1148 ipse
1156 1110 1229 1133 non
1257 1097 1327 1133 nisi
1355 1096 1493 1132 Gazam
1522 1095 1578 1132 hic
1607 1096 1663 1131 in-

152 1166 267 1215 telligi
284 1180 394 1217 posse
416 1167 583 1217 opinatur
610 1169 777 1216 adeoque
804 1168 1054 1205 Herodoteam
1084 1166 1183 1203 urbis
1214 1164 1491 1216 appellationem
1519 1177 1562 1201 ex
1582 1164 1663 1214 ipso

151 1235 275 1272 Gazae
299 1236 446 1273 nomine
473 1236 672 1274 derivatam
695 1236 783 1273 vult.
