1909 3228
632 235 937 280 cL10.L
1334 238 1420 280 399

40 350 136 397 181
162 344 311 402 ταμόν.
366 349 508 391 Τοΐτο
537 346 615 404 μὲν
643 347 696 403 δὴ
724 345 773 392 τὸ
798 351 935 403 τεῖχος
962 345 1113 403 θώρηξ
1141 344 1239 390 ἐστί.
1269 344 1419 400 ἕτερον
1473 343 1581 405 ξζῇζξθ
1605 344 1751 413 ῐξζῗξξζξ

160 424 206 469 δὲ
236 425 403 469 ἔσωθεν
431 432 566 482 τεῖχος
594 431 786 481 περιθεῖ,
845 425 899 469 οὐ
939 430 1085 484 πολλῷ
1123 425 1202 484 τέῳ
1235 423 1417 469 ῆοῖσθενέ-
1470 410 1646 481 ffiffi.⁸⁸¹¹
1675 416 1750 442 ’ω’

131 510 315 560 Ξστερον
343 509 423 548 τοῦ
452 505 602 560 ἑτέρου
631 508 811 562 τείχεος,
860 504 1129 562 στεινότερον
1158 503 1214 548 δέ.
1270 503 1340 549 Ἐν
1372 505 1418 549 δὲ

161 583 323 640 φάρσεϊ
349 584 536 643 ἑκατέρῳ
564 589 640 644 τῆς
668 584 821 637 πόλιος
859 586 1085 641 τετείχιστο
1116 584 1162 628 ἐν
1192 582 1329 642 μέσῳ·
1371 583 1476 628 ἐν75

105 808 145 842 ut
158 805 268 842 verba
285 803 352 843 καὶ
367 797 485 843 αὐταὶ
505 802 659 841 delenda
671 815 757 842 cen-

104 865 224 907 seret,
265 861 434 909 equidem
454 872 528 896 non
559 861 646 896 satis
668 874 755 911 per-

103 917 228 966 spicio.
284 917 380 953 Sunt
409 916 469 953 illa
512 917 638 953 addita
678 930 756 953 ma-

103 973 168 1008 iori
190 973 348 1021 quadam
368 986 446 1010 cum
464 973 498 1009 vi
511 1001 522 1020 ,
551 974 598 1009 ad
618 973 756 1010 facilio-

103 1041 180 1066 rem
216 1029 285 1066 loci
332 1029 605 1078 intelligentiam
645 1033 755 1079 atque

103 1085 411 1136 perspicuitatem.
469 1086 580 1122 Haud
609 1087 754 1135 quidem

104 1154 224 1189 neg0,
250 1141 317 1178 illis
347 1142 516 1188 remotis,
555 1141 671 1179 locum
699 1143 756 1179 in-

103 1197 218 1245 telligi
234 1211 368 1247 posse,
397 1211 518 1236 verum
544 1198 640 1236 idem
669 1212 756 1236 con-

104 1254 217 1291 tendo
230 1283 240 1300 ,
259 1254 488 1292 Herodotum
507 1267 550 1292 ea
566 1268 634 1304 pro
655 1268 756 1293 more

105 1323 172 1346 suo
194 1310 381 1348 addidisse
402 1311 478 1348 sive
498 1312 688 1360 repetiisse
708 1312 757 1348 ad

104 1365 289 1403 meliorem
316 1366 569 1416 descriptionis
596 1380 684 1404 suae
702 1369 758 1404 in-

101 1421 361 1470 telligentiam,
398 1435 446 1459 ne
476 1422 587 1460 ullum
609 1423 758 1461 dubium

101 1477 238 1527 legenti
254 1477 528 1527 relinqueretur.

253 1560 605 1613 Cap.chxxL

157 1646 274 1685 τοῦτο
294 1643 364 1697 μὲν
383 1643 432 1696 δὴ
451 1643 496 1687 τό
515 1650 639 1697 τεῖχος
664 1641 754 1686 θεό-

103 1702 175 1753 ρηξ
192 1700 296 1754 ἐστι’]
326 1703 498 1752 Intelligit
518 1717 660 1741 murum
690 1717 754 1741 ex-

101 1759 292 1805 teriorem,
322 1759 369 1796 de
386 1773 458 1809 quo
486 1760 525 1806 1,
547 1762 650 1807 179,
678 1761 755 1797 sive

103 1815 365 1852 munimentum
413 1816 511 1852 istud
573 1816 751 1862 exterius,

104 1871 205 1919 quod
229 1871 354 1908 urbem
382 1872 556 1909 adversus
595 1872 753 1908 hostium

104 1927 260 1976 impetus
313 1928 533 1964 extrinsecus
581 1931 753 1965 tueretur.

103 1982 212 2019 Hunc
229 1995 369 2019 murum
396 1984 567 2020 maiorem
588 1987 619 2021 θ
634 1980 663 2022 ω’
679 1999 699 2035 ρ
712 1998 754 2033 η-

103 2053 127 2077 κ
139 2054 163 2076 α
181 2043 304 2086 vocat,
332 2044 373 2075 ut
392 2040 454 2089 qui
474 2040 597 2076 urbem
615 2053 659 2077 eo
674 2053 754 2076 mo-

103 2094 177 2142 do,
206 2107 278 2143 quo
302 2095 413 2132 lorica
443 2096 623 2134 hominem
650 2100 754 2133 tuea-

102 2154 161 2188 tur
189 2154 301 2200 atque
334 2152 495 2201 obtegat.
561 2153 622 2190 Sic
657 2156 755 2190 recte

102 2207 252 2257 exponit
274 2207 476 2257 Schweigh.
506 2209 542 2245 in
563 2208 652 2246 Lex.
677 2208 756 2246 He-

102 2264 220 2300 rodot.
251 2263 360 2300 Italus
377 2265 556 2315 interpres
579 2265 757 2302 Nostrum

102 2318 202 2368 loqui
224 2324 347 2358 censet
366 2349 391 2369 „
404 2334 470 2358 con
488 2323 552 2373 piu
570 2322 686 2358 ardita
710 2321 755 2359 fi-

104 2376 235 2424 gura.“

162 2427 211 2469 013
230 2434 365 2485 πολλῷ
391 2431 484 2487 τέῳ
515 2428 755 2474 ἀσθενέστε-

105 2485 201 2538 ρον]
231 2487 290 2526 De
308 2488 381 2542 τέῳ
401 2494 437 2528 et
458 2492 573 2528 forma
595 2492 681 2541 (pro
700 2506 755 2529 τι-

104 2542 164 2590 νι)
187 2547 223 2579 et
240 2556 308 2581 usu
323 2547 416 2582 conf.
438 2546 568 2584 Matth.
595 2548 660 2584 Gr.
688 2548 754 2585 Gr.

103 2611 190 2649 pag.
209 2598 304 2640 284.
331 2604 424 2642 911.

117 2704 133 2710 -
158 2655 363 2705 τετείχιστο
393 2656 436 2696 ἐν
465 2655 592 2711 μέσῳ·
632 2657 674 2697 ἐν
699 2660 755 2714 τῷ

103 2711 177 2761 ’ἦεν
197 2707 245 2749 τοὶ
271 2709 460 2763 βασιλήϊα
489 2729 523 2752 κ.
545 2729 575 2752 τ.
596 2713 644 2764 λ.]
684 2715 754 2753 Se-

104 2767 174 2804 cuti
197 2781 319 2805 sumus
348 2770 384 2806 in
413 2769 467 2806 his
493 2771 694 2820 Schweigh.
717 2775 754 2810 et

105 2823 237 2871 Gaisf.‚
257 2826 317 2873 qui
343 2826 512 2863 librorum
530 2831 752 2865 vetustorum

103 2877 293 2919 lectionem
322 2883 565 2922 restituerunt.
607 2884 754 2922 Grono-

823 804 902 840 vius
921 806 1123 841 correxerat
1152 800 1194 842 ἕν
1222 805 1277 857 τῷ
1310 800 1400 854 μὲν
1426 800 1475 843 ro?

824 861 885 911 β.,
915 861 970 897 cui
1007 859 1248 909 adstipulatur
1274 860 1477 898 Wesselin-

823 918 904 966 gius
935 918 983 953 ad
1009 916 1163 954 Diodor.
1196 916 1251 964 II,
1286 918 1311 957 8
1343 930 1478 967 provo-

823 986 920 1011 cans.
959 973 1123 1010 Koenius
1153 973 1330 1011 maluerat
1358 971 1400 1012 ἐν
1420 974 1478 1027 τῷ

823 1028 914 1080 μὲν
952 1028 1050 1077 ἕνἰ,
1100 1029 1199 1078 quod
1235 1030 1475 1079 responderet

821 1086 941 1123 verbis
987 1086 1223 1134 sequentibus
1256 1084 1300 1125 ἐν
1343 1082 1386 1124 δὲ
1418 1086 1476 1139 τῷ

822 1141 951 1195 ἑτέρῳ.
1009 1142 1085 1179 Sed
1108 1142 1224 1190 magis
1251 1141 1384 1192 placuit
1414 1142 1471 1189 iis,

823 1199 884 1248 qui
930 1202 1015 1249 post
1051 1198 1279 1236 Herodotum
1313 1199 1475 1245 edidere,

826 1255 1003 1291 Gronovii
1024 1255 1252 1302 emendatio,
1280 1267 1388 1303 quam
1407 1255 1476 1291 im·-

822 1311 1000 1361 pugnavit
1017 1310 1218 1359 Schweigh.
1229 1310 1399 1359 vulgatae
1421 1310 1477 1348 le-

825 1367 933 1403 ctioni
958 1367 1213 1416 patrocinans,
1242 1367 1280 1403 in
1306 1368 1378 1415 qua
1396 1380 1475 1404 me-

824 1423 911 1459 rito-
938 1424 1092 1459 formam
1128 1416 1201 1472 ἦεν
1243 1422 1477 1460 Homericam

825 1491 951 1516 omnes
973 1477 1076 1526 libri,
1106 1491 1179 1515 uno
1210 1483 1383 1529 excepto,
1413 1478 1477 1527 qui

825 1535 936 1573 offert
965 1530 1066 1581 εἶεν,
1097 1535 1285 1581 exhibent,
1315 1538 1356 1571 ut
1381 1534 1478 1572 infra

822 1591 852 1639 I,
879 1593 970 1632 196.
1026 1590 1080 1628 Ac
1104 1592 1350 1629 necessarium
1368 1592 1478 1628 docet

824 1648 992 1696 Schwgh.
1013 1660 1095 1686 esse
1114 1648 1263 1685 verbum
1289 1647 1477 1698 praeteriti

823 1704 998 1754 temporis
1035 1698 1088 1754 ἧν
1126 1717 1156 1740 s.
1192 1698 1285 1754 ἦεν,
1324 1708 1476 1755 propter

821 1761 952 1807 verba,
994 1773 1088 1809 quae
1129 1765 1382 1811 opponuntur:
1434 1758 1475 1805 ἐς

822 1813 889 1865 ἐμὲ
905 1818 1023 1854 τοῦτο
1047 1815 1099 1854 ἔτι
1117 1813 1196 1856 ἐόν.
1254 1816 1335 1854 Nec
1355 1816 1473 1865 parti-

821 1872 936 1909 culam
958 1869 1030 1922 μὲν
1049 1885 1159 1920 aegre
1187 1872 1267 1921 quis
1288 1873 1475 1910 desidera-

821 1928 874 1964 bit
886 1957 896 1975 ,
915 1940 1008 1976 quae
1027 1928 1172 1976 quidem
1197 1929 1387 1965 commode
1407 1928 1474 1964 ad-

823 1984 859 2020 di
885 1988 1055 2032 poterat,
1084 1997 1152 2021 nec
1182 1984 1300 2020 minus
1327 1984 1421 2021 bene
1433 1996 1475 2019 o-

820 2040 924 2076 mitti.
981 2039 1111 2090 Nuper
1154 2040 1302 2089 quidem
1340 2039 1475 2077 exstitit

822 2096 953 2133 Struve
979 2096 1154 2146 (Specim.
1177 2096 1329 2140 Quaest.
1351 2096 1474 2133 Hero-

823 2153 897 2189 dot.
916 2166 952 2202 p.
970 2153 1024 2192 37
1045 2154 1140 2200 not.)
1153 2182 1164 2199 ‚
1201 2153 1263 2202 qui
1295 2152 1474 2189 Gronovii

822 2207 1012 2246 lectionem
1046 2221 1154 2245 unam
1191 2209 1344 2259 probam
1377 2209 1474 2244 iudi-

823 2268 902 2312 cat,
933 2265 1069 2314 quippe
1092 2278 1201 2314 quam
1223 2266 1303 2315 ipsa
1329 2264 1472 2315 periodi

823 2322 1059 2358 conformatio
1084 2326 1120 2358 et
1149 2335 1234 2358 usus
1257 2334 1332 2358 non
1352 2321 1474 2358 Hero-

823 2378 900 2414 doti
920 2377 1036 2414 solum
1057 2379 1121 2415 sed
1145 2378 1303 2415 omnium
1326 2377 1472 2414 omnino

823 2434 1037 2484 scriptorum
1057 2434 1227 2484 postulet.
1284 2433 1338 2471 Ac
1364 2446 1472 2484 prae-

822 2495 922 2528 terea
949 2484 1021 2541 ἦεν
1046 2504 1075 2527 s.
1106 2484 1153 2540 ἦε
1177 2490 1360 2528 soloecum
1387 2502 1471 2527 esse

822 2548 1053 2597 pronuntiat,
1081 2547 1241 2596 itemque
1260 2545 1340 2596 ἔην.
1378 2546 1471 2583 Ver-

824 2604 907 2640 bum
929 2604 1132 2653 τετείχιστο
1162 2605 1264 2651 (nam
1284 2603 1352 2649 ita,
1382 2606 1422 2639 ut
1439 2601 1469 2649 I,

826 2663 906 2702 180
928 2661 1004 2697 init.
1030 2660 1206 2697 edidimus
1237 2672 1305 2710 pro
1337 2657 1470 2697 ἐτετεί-

821 2717 946 2767 χιστο)
976 2716 1261 2766 impersonaliter
1292 2716 1359 2753 erit
1379 2714 1472 2752 acci-

819 2774 1012 2823 piendum:
1042 2775 1213 2809 munitum
1240 2776 1315 2809 erat
1343 2785 1372 2808 s.
1391 2783 1469 2807 mu-

819 2831 965 2866 natones
982 2832 1180 2866 &structae
1196 2832 1292 2865 erant
1321 2841 1350 2865 s.
1369 2827 1468 2864 ‹zedi-

809 2887 903 2936 ficia
934 2888 1082 2925 munita.
1137 2886 1198 2925 Ad
1233 2885 1374 2924 dativos
1403 2897 1470 2923 πε-
