1909 3228
418 216 502 258 874
809 211 1274 253 HERODOTI

415 323 660 382 ,,ἂ’ρχοντας
690 321 853 366 ἄλλων·
884 320 1062 377 μένουσι
1091 320 1137 365 δέ
1168 331 1246 377 σφι
1276 321 1322 364 ἐν
1349 325 1402 377 τῇ
1426 319 1566 380 Ἰωνίῃ
1584 320 1666 367 οὐκ
1678 330 1723 363 90

394 410 454 457 3,,
467 404 549 460 ἔφη
577 403 735 455 ἐνορᾶν
764 399 1014 456 ἐλευθερίην
1043 399 1104 443 ἔτι
1135 399 1383 455 ἐσομένην.“
1442 401 1562 458 Αὕτη
1590 402 1668 458 μὲν

422 484 604 531 Βίαντος
631 481 710 521 τοῦ
753 477 966 534 Πριηνέος
993 477 1161 534 γνώμη,
1210 477 1278 521 ἐπὶ
1311 480 1669 535 διεφθαρμένοισι

413 560 530 605 Ἴωσι
556 556 778 614 γενομένη.
807 556 964 613 χρηστή
1004 558 1049 601 δὲ
1078 558 1151 601 καὶ
1180 557 1285 612 πρὶν
1313 557 1342 613 ἢ
1370 559 1672 615 διαφθαρῆναι

421 637 583 692 Ἰωνίην
614 635 763 679 Θάλεω
793 635 953 691 ἀνδρὸς
982 638 1202 693 Μιλησίου
1231 635 1416 691 ἐγένετο,
1445 637 1494 680 τό
1526 635 1671 680 ἀνέκα-

421 721 503 760 θεν
529 715 654 771 γένος
683 712 830 766 ἐόντος
861 716 1088 768 Φοίνικος·
1140 716 1188 767 ὃς
1216 715 1380 759 ἐκέλευε
1415 717 1465 759 ἓν
1494 719 1672 772 βουλευ-

422 794 573 850 τήριον
592 793 744 845 Ἴωνας
773 793 998 850 ἐκτῆσθαι,
1027 796 1077 839 τὸ
1107 796 1152 840 δὲ
1182 793 1294 838 εἶναι
1325 794 1372 838 ἐν
1407 794 1518 849 Τέῳ·
1555 795 1729 839 Τέων95

393 873 508 929 4γοὶρ
537 872 671 928 μέσον
700 871 811 916 εἶναι
835 869 1009 929 Ἰωνίης.
1042 872 1116 925 τὰς
1146 875 1191 918 δὲ
1215 873 1346 925 ἄλλας
1367 873 1519 925 πόλιας
1540 876 1673 918 οἰκεο-

425 951 556 1007 μένας
601 951 735 1007 μηδὲν
768 946 906 1007 ἧσσον
941 953 1191 1008 νομίζεσθαι
1229 953 1415 1008 κατάπερ
1459 955 1495 996 εἰ
1546 955 1675 1009 δῆμοι

426 1028 522 1075 εἷεν.
552 1029 666 1074 οὕτω
704 1031 782 1086 μὲν
811 1029 866 1088 δή
896 1042 974 1086 σφι
1002 1030 1177 1087 γνώμας
1203 1029 1376 1075 τοιάσδε
1405 1029 1674 1084 ἀπεδέξαντο.

267 1115 366 1162 171
521 1109 742 1165 ”Αρπαγος
771 1109 816 1154 δὲ
840 1108 1242 1167 καταστρεψάμενος
1268 1109 1455 1167 Ἰωνίην,
1485 1110 1675 1154 ἐποιέετο

98 1181 210 1242 ‘³⁰³¹'ss
186 1180 371 1273 έῃῆξζξξίᾙ
427 1190 659 1244 στρατηίην
697 1189 765 1232 ἐπὶ
801 1192 953 1245 Κᾶρας
991 1191 1065 1234 καὶ
1098 1191 1324 1241 Καυνίους
1359 1189 1434 1233 καὶ
1468 1190 1676 1242 Λυκίους,

98 1216 371 1281 rleluatn,et11ele-

99 1290 153 1315 ge.
140 1256 200 1308 «ιῖ
194 1268 248 1307 ii:
267 1289 302 1308 en
306 1289 370 1308 rum
397 1264 520 1323 Ξᾶμα
560 1265 769 1324 αγόμενος
802 1269 877 1313 καὶ
901 1267 1054 1321 Ἴωνας
1091 1270 1166 1314 καὶ
1203 1269 1398 1321 Αἰολέας
1485 1268 1588 1313 Εἰσὶ
1631 1267 1703 1313 δὲΙ

99 1315 158 1343 tria
166 1315 302 1344 inventa·
312 1314 370 1352 ipsi

1890 511 1904 703 μ
1880 259 1903 396 Ι·
1908 190 1909 200 ᾼ

425 1449 490 1491 ἐπὶ
525 1449 857 1502 διεφθαρμένοισι
881 1448 1014 1502 Ἴωσι]

369 1507 393 1545 ἱ.
409 1520 440 1545 e.
456 1511 639 1557 postquam
648 1506 769 1545 Ionum
780 1520 833 1544 res
849 1510 921 1545 iam
932 1520 1015 1558 per-

370 1576 489 1602 versae
507 1567 617 1601 erant.
656 1564 715 1600 Cf.
734 1562 864 1600 Matth.
883 1562 919 1615 ἓ.
933 1563 1015 1605 565

370 1623 448 1656 not.
467 1622 503 1660 1.
520 1640 577 1647 —-
602 1618 662 1656 Ad
681 1617 872 1670 γενομένη
895 1620 1015 1682 suppl.

369 1669 448 1726 ἧν,
494 1675 593 1724 quod
626 1676 787 1712 additum
821 1675 1019 1739 invenimus

372 1730 538 1780 supral,
552 1733 627 1772 161
652 1732 713 1768 fin.
740 1745 806 1781 ην
825 1729 867 1770 δὲ
884 1727 1021 1783 χρόνος

374 1789 491 1832 οὑτος
525 1800 601 1825 ουκ
637 1782 764 1838 ὀλίγος
796 1784 1021 1838 γενόμενος.

371 1842 433 1881 De
450 1841 642 1880 omissione
667 1843 767 1880 verbi
791 1843 862 1879 vid.
884 1843 1020 1881 Schae-

371 1899 440 1936 fer.
461 1898 509 1934 ad
519 1896 704 1936 Lambert.
723 1899 810 1936 Bos.
828 1899 874 1937 de
891 1899 1021 1951 Ellips.

371 1952 418 1992 L.
435 1953 501 1990 Gr.
519 1966 613 2020 'pag
637 1955 730 1995 608.

429 2006 475 2050 vd
504 2007 701 2049 ανέκαθεν
737 2006 852 2063 γένος
885 2004 1023 2059 ἐόντος

377 2065 589 2116 Φοίνικος]
627 2066 668 2104 In
696 2065 892 2104 Phoenicia
919 2067 1022 2105 Tha-

373 2120 452 2159 letis
470 2122 610 2170 origine
635 2122 757 2173 plures
783 2136 864 2160 cum
885 2122 1023 2162 Nostro

373 2178 585 2226 concinunt,
613 2190 636 2216 a
654 2178 897 2228 Wesselingio
919 2181 967 2217 ad
984 2180 1020 2218 h.

379 2233 403 2270 l.
424 2234 585 2282 excitati,
613 2238 653 2271 ut
666 2233 825 2284 Diogen.
846 2235 970 2274 Laert.
990 2235 1021 2284 I,

375 2291 439 2330 12.
477 2289 648 2327 Clemens
684 2289 880 2331 Alexandr.
918 2291 1022 2329 Stro-

373 2348 458 2381 mat.
482 2345 497 2382 I
516 2359 552 2395 p.
571 2347 665 2387 352.
705 2347 816 2391 Quod
837 2347 924 2385 nihil
951 2348 1021 2385 im-

372 2401 496 2450 pedit,
522 2414 594 2450 quo
611 2403 727 2440 minus
752 2403 870 2442 Mileti
895 2404 1020 2442 sedem

374 2456 443 2506 ipsi
476 2457 614 2505 fixerit,
649 2471 729 2496 cum
763 2461 916 2498 maiores
941 2461 1020 2498 fue-

374 2513 445 2548 rint
464 2512 673 2552 Phoenices,
730 2515 820 2554 Inde
847 2529 932 2554 vero
960 2527 1020 2554 ex-

378 2567 597 2617 plicandum,
608 2571 707 2619 quod
717 2571 893 2609 nonnullis
902 2571 1020 2609 Phoe-

376 2623 460 2670 nix,
488 2625 566 2662 aliis
585 2626 745 2665 Milesius
772 2628 933 2666 habetur.
959 2626 1020 2665 Ad

377 2673 573 2719 α’νὲκαθεν
600 2682 816 2732 singularem
843 2683 1022 2721 Herodoti

377 2745 480 2771 usum
542 2737 733 2776 observant
788 2739 1020 2778 Grammatici

379 2788 528 2837 Graeci,
550 2806 627 2830 cum
640 2793 743 2832 Attici
766 2795 808 2832 de
826 2796 898 2833 Ioco
918 2796 1021 2834 unice

378 2844 428 2882 ita
445 2846 617 2896 dixerint,
637 2851 783 2890 minime
802 2851 844 2889 de
865 2855 1021 2903 tempore,

1081 1451 1163 1490 Nec
1200 1464 1286 1491 vero
1318 1451 1449 1500 semel,
1491 1455 1532 1489 ut
1570 1451 1733 1490 Thomas

1082 1508 1261 1557 Magister
1286 1508 1383 1555 vult,
1428 1507 1637 1546 Herodotus
1667 1508 1734 1545 hae

1082 1577 1171 1601 voce
1205 1565 1253 1600 ita
1284 1568 1338 1600 est
1368 1577 1472 1610 usus,
1503 1565 1567 1601 sed
1587 1562 1734 1612 'aliquo-

1085 1621 1173 1657 ties:
1204 1619 1327 1666 V‚55·
1347 1620 1412 1660 65·
1442 1619 1513 1667 VI,
1540 1620 1606 1661 35-
1642 1621 1731 1661 125·

1089 1678 1181 1717 128.
1210 1675 1299 1723 Vll,
1319 1678 1397 1716 221
1413 1704 1423 1722 ‚
1454 1688 1520 1713 nec
1540 1675 1598 1712 alii
1624 1675 1734 1714 Attici

1087 1732 1302 1782 scriptores,
1332 1733 1368 1767 in
1392 1731 1519 1781 quibus
1539 1731 1734 1780 Luci-anus,

1088 1788 1131 1825 eii
1149 1788 1416 1834 abstinuerunt,
1446 1792 1486 1824 ut
1505 1788 1648 1826 abunde
1668 1801 1735 1825 no-

1087 1847 1208 1880 tarunt
1234 1844 1446 1894 interpretes
1474 1844 1522 1880 ad
1551 1844 1586 1881 T
1589 1844 1734 1882 hornam

1087 1898 1235 1948 Magist.
1250 1913 1286 1950 p.
1307 1903 1360 1941 77
1386 1912 1462 1948 seq.
1494 1904 1531 1937 et
1555 1901 1602 1937 ad
1618 1900 1736 1950 Phry-

1088 1956 1180 1992 nich.
1204 1968 1292 2006 pag.
1311 1959 1403 1997 270
1435 1957 1735 1994 Grammaticusa

1088 2011 1257 2049 Bekkero
1275 2011 1437 2060 v‘ulgitus
1464 2013 1645 2058 (Anecdd.
1666 2014 1732 2050 Gr.

1088 2067 1361 2118 Ip.18.26):
1393 2063 1736 2133 ἀνέκαθενευρί-

1089 2135 1219 2162 σκεται
1257 2122 1321 2162 ἐπὶ
1359 2119 1484 2163 τόπου
1513 2123 1735 2193 εἰρημένον,

1089 2174 1164 2219 οὐκ
1196 2177 1262 2219 ἐπὶ
1288 2175 1451 2232 χρόνον,
1481 2196 1536 2228 ως
1566 2177 1654 2234 παρ’
1675 2179 1735 2220 Ἡ-

1087 2230 1248 2290 ροδότω.

1257 2347 1366 2399 Cap.
1398 2347 1566 2386 CLXXI.

1142 2426 1225 2483 ἅμα
1261 2426 1456 2484 ἀγόμενος
1495 2431 1562 2472 καὶ
1596 2428 1736 2480 Ἴωνας

1084 2485 1153 2527 καὶ
1170 2487 1360 2538 Αἰολέας]
1386 2489 1467 2526 Hoc
1486 2489 1736 2540 explicandum

1086 2556 1130 2582 ex
1150 2544 1342 2582 Persarum
1372 2557 1493 2594 more,
1523 2558 1595 2595 quo
1622 2547 1735 2582 victo-

1085 2613 1144 2638 res
1170 2601 1296 2638 victam
1321 2606 1468 2650 gentem
1497 2602 1568 2639 unzi
1614 2615 1734 2640 secum

1086 2656 1282 2704 ducerent,
1312 2659 1497 2708 copiisque
1522 2658 1594 2695 suis
1620 2659 1735 2696 conti-

1086 2724 1160 2750 nuo
1186 2713 1281 2750 illam
1304 2714 1492 2753 adderent.
1548 2714 1607 2752 Cf.
1633 2714 1735 2754 Hee-

1087 2780 1163 2807 ren.
1183 2769 1296 2808 Ideen
1319 2769 1356 2819 Ι,
1379 2772 1402 2812 1
1429 2783 1517 2823 pag.
1536 2771 1628 2813 513.

1144 2851 1220 2893 εἶσὶ
1251 2851 1293 2893 δὲ
1321 2849 1476 2896 τούτων
1508 2856 1640 2905 Κᾶρες
1659 2850 1732 2904 μὲν
