1909 3228
547 207 969 247 EUTERPE.
1024 209 1068 246 ΙΙ.

1347 213 1428 252 ἷ23

136 313 269 367 Ξτούς
297 315 340 358 τέ
372 316 415 359 οἵ
443 316 622 368 λίθους,
671 317 775 369 τούς
813 318 880 362 ἐπὶ
919 318 1081 363 τούτου
1119 322 1198 362 τοῦ
1227 320 1429 376 βασιλέος

162 395 449 451 κομισθέντας
478 395 522 447 ἐς
550 400 631 440 τοῦ
650 395 894 453 ‘qucotov
932 397 980 441 τὰ
1016 397 1137 452 ἷρόν,
1170 396 1322 450 ἐόντας
1351 415 1426 454 με-

162 473 292 530 γάθεϊ
317 474 599 532 περιμήκεας,
650 471 774 520 οὗτοι
804 471 915 532 ἦσαν
954 479 997 520 οἱ
1032 475 1308 529 ἑλκύσαντες·
1354 479 1428 521 καὶ

161 553 237 605 τὰς
271 551 486 610 διώρυχας
525 556 602 606 τὰς
639 560 722 598 νῦν
759 554 918 607 ἐούσας
963 556 1009 598 ἐν
1038 555 1243 616 Αἰγύπτῳ
1283 555 1424 608 πάσας
1439 564 1483 597 90

162 629 287 676 οὗτοι
310 632 646 689 ἀναγκαζόμενοι
669 634 897 689 ὤρυσσον·
930 634 1102 678 ἐποίευν
1118 652 1163 679 τε
1192 635 1274 679 οὐκ
1304 636 1425 680 ἐκόν-

159 730 226 763 τες
256 716 504 768 Αἴγυπτον,
534 713 584 757 τό
615 714 721 767 πρὶν
749 714 907 757 ἐοῦσαν
938 715 1176 770 ἱππασίμην
1205 716 1279 758 καὶ
1314 714 1424 771 ἁμα-

131 793 396 848 3ξευομένην
424 796 589 844 πᾶσαν,
629 793 755 836 ἐνδεᾶ
785 791 966 836 τούτων.

1031 792 1115 837 οἷπό
1149 792 1232 849 γὰρ
1264 793 1425 838 τούτου

158 875 239 914 τοῦ
267 870 433 926 χρόνου
463 874 704 927 Αἴγυπτος,
735 872 868 915 ἐοῦσα
898 871 1047 923 πεδιὰς
1067 877 1207 918 πᾶσα,
1240 872 1424 924 ἄνιππος

158 950 231 993 καὶ
263 949 561 1006 ἀναμάξευτος
589 950 756 1007 γέγονε·
805 953 938 995 αἴτιαι
969 951 1014 995 δὲ
1045 952 1214 996 τούτων
1245 955 1289 995 αἱ
1320 951 1480 996 διό-95

158 1046 283 1085 ρυχες
313 1029 542 1086 γεγόνασι,
572 1030 725 1074 ἐοῦσαι
754 1033 933 1083 πολλαὶ,
964 1033 1037 1076 καὶ
1065 1033 1304 1082 παντοίους
1322 1030 1425 1086 τρό-

128 1112 274 1161 4πους
303 1110 491 1166 ἔχουσαι.
521 1110 756 1166 κατέταμνε
781 1112 826 1154 δὲ
852 1113 980 1155 τοῦδε
1001 1113 1143 1155 εἵνεκα
1171 1110 1250 1168 τὴν
1278 1109 1425 1167 χώρην

157 1188 180 1233 ὁ
213 1187 435 1245 βασιλεύς·
469 1188 567 1233 ὅσοι
603 1193 691 1233 τῶν
722 1192 972 1245 Αἰγυπτίων
1011 1190 1070 1246 μὴ
1100 1190 1168 1234 ἐπὶ
1198 1194 1259 1248 τῷ
1289 1206 1423 1233 ποτα-

157 1274 225 1328 μῷ
255 1270 431 1326 ἔκτηντο
460 1268 536 1319 τὰς
566 1268 709 1320 πόλις,
754 1267 851 1312 ἀλλ’
885 1267 1131 1322 ἀναμέσους
1161 1265 1284 1313 οὗτοι
1313 1267 1426 1319 ὅκως

155 1365 200 1392 τε
230 1347 352 1392 ἀπίοι
382 1346 405 1391 ὁ
437 1347 657 1403 ποταμός,
694 1350 969 1401 σπανίζοντες
992 1347 1186 1397 ὑδάτων,
1219 1348 1423 1391 πλατυτέ-

156 1438 274 1481 ροισι
302 1427 501 1484 ἐχρέοντο
535 1432 647 1470 τοῖσι
667 1425 830 1483 πόμασι
847 1460 858 1479 ,
889 1427 936 1470 ἐκ
957 1426 1160 1482 φρεάτων
1179 1425 1418 1483 χρεόμενοι.
1433 1435 1448 1466 1

152 1615 221 1656 καὶ
252 1613 322 1664 τοὶς
353 1613 548 1667 διώρυχας
576 1613 646 1663 τοὶς
678 1619 754 1655 νῦν

96 1669 241 1719 ἐούσας
261 1689 298 1712 κ.
321 1688 353 1711 τ.
374 1677 422 1720 λ.]
453 1675 535 1711 vid.
557 1673 712 1711 Diodor.
726 1673 755 1721 I,

97 1730 163 1771 57.
222 1730 342 1780 Atque
362 1731 590 1768 coniunctum
613 1735 669 1768 est
698 1743 753 1767 se-

98 1786 240 1834 quentis
302 1788 429 1837 capitis
478 1791 751 1835 argumentum,

97 1843 269 1891 quoniam
291 1847 457 1879 accurata
477 1844 664 1891 regionum
688 1843 753 1879 de-

99 1899 244 1948 scriptio
281 1900 588 1947 terminorumque
621 1900 753 1936 cousti-

95 1955 316 1991 tuendorum
336 1956 429 1992 ratio
457 1956 616 2003 indeque
644 1957 754 1992 vecti-

96 2011 229 2059 galium
253 2024 399 2060 quoque
421 2012 691 2059 exigendorum,
705 2012 749 2048 ab

95 2068 148 2104 his
169 2067 350 2104 canalibus
371 2069 418 2104 ad
442 2073 575 2104 terram
600 2069 751 2105 fertilio-

94 2137 168 2160 rem
193 2124 417 2160 reddendam
434 2124 596 2160 deductis
618 2137 750 2174 prove-

93 2180 226 2216 niebat.
285 2180 417 2229 Neque
455 2181 563 2217 etiam
605 2181 750 2217 omuino

94 2241 219 2273 auctor
245 2236 347 2272 huius
376 2237 427 2273 rei
466 2237 578 2274 fuisse
611 2238 751 2274 videtur

93 2293 294 2339 Sesostris,
324 2306 403 2329 cum
425 2292 509 2329 talia
528 2300 612 2330 ante
633 2295 750 2343 ipsum

92 2349 164 2384 iam
183 2349 348 2384 instituta
372 2349 484 2386 fuisse
504 2363 679 2399 perquam
705 2350 751 2386 sit

93 2404 276 2450 credibile,
296 2406 362 2441 sed
373 2405 519 2441 multum
537 2406 596 2442 illa
607 2407 750 2443 auxisse

94 2460 295 2508 meliusque
314 2461 501 2498 ordinasse
514 2462 656 2499 videtur
674 2475 748 2509 rex,

94 2517 140 2552 ad
162 2529 268 2564 quem
298 2517 500 2567 principem
526 2519 601 2555 fere
622 2531 750 2567 regum

94 2572 358 2621 Aegyptiorum
434 2574 751 2620 adscribebantur,

95 2641 335 2677 quaecunque
387 2629 578 2678 splendida
639 2635 751 2679 atque

96 2685 245 2733 egregia
273 2697 315 2722 ex
343 2686 557 2734 antiquitate
589 2686 752 2722 instituta

93 2740 217 2777 habuit
253 2740 446 2791 Aegyptus
467 2769 478 2787 ,
525 2743 573 2778 ad
610 2742 750 2792 imperii

93 2796 239 2834 laudem
260 2810 333 2833 non
352 2799 470 2834 minus
499 2811 608 2846 quam
629 2799 676 2834 ad
699 2799 751 2834 vi-

93 2858 168 2890 tam
203 2854 323 2904 ipsam
361 2855 547 2892 cultiorem
582 2855 747 2904 insignia.

825 1617 933 1653 Conf.
953 1616 1114 1654 Heeren.
1133 1615 1245 1652 ldeen
1273 1618 1340 1652 etc.
1369 1614 1423 1661 II,
1454 1617 1479 1655 2

821 1687 857 1724 p-
880 1673 960 1714 341
983 1672 1060 1710 coll.
1084 1673 1179 1713 348.
1217 1670 1371 1709 Bennel.
1402 1670 1424 1707 l.
1455 1670 1477 1706 l.

821 1743 908 1780 pag.
934 1730 1027 1771 597.
1078 1730 1199 1777 Atque
1218 1728 1273 1764 his
1295 1727 1478 1764 canalibus

822 1799 968 1822 omnem
1010 1785 1171 1834 Aegypti
1205 1784 1334 1821 faciem
1373 1783 1479 1820 valde

822 1843 935 1878 fuisse
966 1847 1140 1877 mutatam
1167 1841 1260 1877 bene
1300 1840 1478 1876 credimus

820 1898 1014 1935 Herodoto
1071 1897 1270 1945 expressim
1325 1895 1478 1943 notanti,

822 1955 924 2003 equis
962 1958 999 1990 et
1025 1954 1186 1990 curribus
1220 1964 1294 1988 non
1323 1951 1476 2001 amplius

822 2023 902 2047 eam
934 2023 1015 2046 esse
1044 2013 1187 2058 aptam,
1224 2021 1319 2057 quae
1348 2007 1479 2044 scilicet

820 2072 929 2103 antea
951 2071 986 2103 et
1003 2066 1162 2114 equitum
1183 2070 1219 2101 et
1241 2077 1407 2101 curruum
1420 2076 1478 2100 ar-

820 2128 999 2159 matorum
1038 2122 1143 2170 copi&
1184 2121 1401 2165 abundarit,
1439 2124 1478 2156 ut

820 2179 875 2217 vel
897 2192 939 2217 ex
958 2179 1075 2214 Exod.
1091 2176 1187 2223 XIV,
1206 2180 1231 2217 9
1253 2176 1474 2224 intelligitur.

819 2235 927 2273 Plura
941 2234 1126 2270 Michaelis
1144 2233 1336 2270 Mosaisch.
1347 2232 1476 2270 Recht.

819 2292 868 2328 Ill
889 2306 924 2342 p.
949 2292 1030 2332 213
1053 2302 1156 2338 seqq.
1243 2339 1252 2352 Ι
1384 2342 1391 2355 ἱ

875 2347 941 2385 καὶ
954 2348 1168 2391 παντοίους
1183 2359 1356 2394 τρόπους
1370 2343 1476 2393 ἐχου-

819 2402 898 2453 om]
921 2403 1095 2451 Intelligit
1116 2401 1256 2439 ccmales
1277 2403 1378 2437 vario
1402 2412 1474 2436 mo-

818 2460 860 2497 do
883 2472 1141 2509 quaquaversus
1162 2457 1335 2494 deductos.
1367 2456 1474 2493 Cont'.

816 2517 857 2564 Ι,
882 2518 971 2556 188-
994 2519 1085 2556 199.

874 2570 1146 2622 π2.ατυτε’ροισι
1175 2566 1353 2619 ἐχρέοντο
1373 2571 1475 2606 τοῖσι

818 2625 994 2679 πόμασι]
1025 2629 1047 2664 i.
1070 2641 1099 2664 e.
1131 2626 1274 2661 salsiore
1292 2629 1378 2674 pota
1396 2628 1475 2662 ute-

820 2686 950 2722 bantur
977 2699 1004 2720 s.
1037 2697 1131 2733 aqua
1163 2682 1316 2718 salsiore.
1376 2680 1473 2717 Nam

819 2737 944 2780 ccl-ccvi)
966 2736 1074 2790 ὕδωρ
1103 2738 1305 2786 Hesychius
1327 2738 1473 2786 exponit

820 2794 999 2847 ἁλμυρὸν
1012 2826 1021 2843 ,
1053 2797 1278 2844 eandemque
1297 2795 1392 2830 vocis
1404 2806 1473 2843 po-

818 2858 989 2892 testatem
1011 2854 1058 2890 ad
1078 2852 1208 2888 Athen.
1234 2851 1267 2888 ll
1282 2879 1293 2898 ,
1314 2849 1340 2890 4
1372 2863 1471 2887 com-

1107 2907 1195 2948 46*
