1909 3228
679 216 894 256 CLIO.
952 217 979 254 1.
1379 218 1463 258 335

207 327 281 371 καὶ
319 327 465 383 σφέων
504 325 650 370 αὐταῖν
690 327 796 378 τούς
824 327 921 381 περὶ
949 324 999 369 τό
1030 323 1128 380 ἱρόν
1159 322 1461 382 ἀνομήσαντας

180 405 455 461 Ξέξεκλήϊσαν
482 409 555 461 τῆς
583 410 775 462 μετοχῆς.
809 406 855 449 ἐν
882 405 963 462 γαρ
994 409 1054 462 τῷ
1077 403 1214 460 οἷγῶνι
1234 408 1314 448 τοῦ
1339 408 1460 460 Τριο-

203 487 310 528 πίου
344 483 613 535 ’Λπόλλωνος
651 485 850 529 ἐτίθεσαν
885 485 935 528 τό
973 484 1106 528 πάλαι
1133 484 1338 538 τρίποδας
1365 487 1459 540 χαλ-

204 563 331 615 κέους
360 570 471 608 τοῖσι
499 569 675 608 awa-0360·
709 565 782 607 καὶ
809 562 993 614 τούτους
1031 566 1140 620 χρῆν
1167 561 1272 613 τούς
1299 562 1460 619 λαμβά-

203 660 360 694 νοντας
393 644 438 687 ἐκ
467 648 547 686 τοῦ
585 645 687 697 ἵροῦ
715 642 773 699 μὴ
803 642 1017 697 ἐκφέρειν,

660 720 768 778 ἀνὴρ
800 716 862 763 ὦν
888 720 1265 777 Ἁλικαρνησσεύς,
1297 725 1358 779 τῷ
1387 720 1459 765 οὕ-

175 723 376 765 artasium
404 727 464 781 τῷ
493 727 598 780 θεῷ.

201 818 316 856 νομα
344 798 399 856 ἦν
424 799 712 856 Ἀγασικλέης,
756 798 958 855 νικήσας,

199 892 325 935 γησε·

1059 640 1156 685 ἀλλ’
1187 639 1327 686 αὐτοῦ
1356 640 1459 685 ἀνα·
1471 650 1516 684 25

1005 798 1083 843 τὸν
1111 797 1251 854 νόμον
1280 799 1459 856 κατηλό-

380 878 528 933 ῳέρων
558 879 603 922 δὲ
630 878 738 933 πρὸς
767 877 820 920 τα
860 878 1026 922 ἑωυτοῦ
1064 879 1179 922 οἰκία
1208 891 1458 933 προσεπασ-

169 961 190 998 4
204 957 381 1001 σάλευσε
411 958 488 1001 τόν
506 959 703 1012 τρίποδα.
734 956 806 1001 διὰ
825 957 987 1015 ταύτην
1009 957 1087 1014 τὴν
1110 959 1251 1014 αἰτίην
1272 959 1318 1000 αἱ
1334 958 1460 1002 πέντε

197 1036 364 1090 πόλιες,
393 1039 579 1091 Λίνδος,
610 1038 683 1081 καὶ
709 1036 927 1095 Ἰήλυσσός
956 1053 1000 1081 τε
1029 1037 1102 1081 καὶ
1120 1035 1360 1094 Κάμειρος,
1384 1038 1459 1082 καὶ

142 1233 455 1272 Gouvernements
465 1232 649 1270 fe'de'ratiss
662 1247 698 1284 p.
712 1235 794 1276 154

140 1294 177 1326 et
204 1289 395 1328 Miillerum
415 1291 438 1327 l.
461 1289 484 1326 l.
515 1289 646 1339 Apollo
672 1296 792 1329 autem

138 1346 224 1383 inde
259 1345 417 1397 Tn'opz'cz’
452 1358 655 1394 cognomen
689 1360 791 1385 acce-

136 1403 201 1452 pit.
259 1401 318 1440 De
339 1402 532 1452 trilmdc'bus
563 1402 715 1439 diximus
743 1404 791 1440 ad

136 1457 174 1505 I,
196 1460 263 1499 92.
321 1459 509 1496 Solemnes
530 1458 575 1494 illi
592 1458 628 1494 in
647 1458 789 1496 Dorum

136 1515 248 1551 sacris
277 1512 531 1566 Apollinisque
560 1515 676 1551 sestis.
720 1515 750 1552 C
758 1527 788 1552 r.

133 1572 274 1608 confert
323 1571 366 1609 C.
416 1572 462 1608 Ο.
511 1570 703 1608 Miillerum
751 1572 789 1607 in

132 1625 287 1664 Amalth.
328 1627 507 1677 Bottigeri
533 1627 551 1664 I
582 1640 669 1677 pag.
707 1627 787 1669 125

134 1696 226 1732 seq„
256 1682 360 1733 plura
382 1685 430 1722 de
453 1696 554 1721 more
574 1696 617 1720 eo
635 1697 789 1721 monen-

134 1743 228 1785 tem,
261 1752 333 1788 quo
360 1740 398 1776 in
430 1740 651 1777 solemnibus
672 1745 788 1777 certa—

134 1795 290 1831 minibus
317 1796 469 1832 victores
504 1796 668 1845 tripodes
698 1797 789 1832 acci-

135 1855 287 1901 perent,
327 1851 363 1887 in
390 1850 525 1900 templa
565 1851 788 1887 dedicandos

133 1910 284 1957 propter
320 1914 532 1957 perpetuam
571 1907 623 1944 rei
651 1919 788 1943 memo-

134 1963 234 1999 riam.
291 1961 341 1999 Et
369 1963 476 2000 valde
514 1962 675 2012 amplos,
711 1976 789 1999 ma-

134 2031 304 2068 gnosque
322 2019 412 2055 istos
433 2019 546 2055 fuisse
564 2023 680 2064 notat,
694 2031 787 2067 quos

134 2075 182 2111 ad
227 2075 384 2125 parietes
425 2075 569 2112 aedium
608 2074 787 2120 collocari,

132 2130 314 2179 clavisque
330 2130 408 2167 solo
419 2130 522 2178 infigi
531 2143 681 2168 necesse
697 2135 785 2167 erat.

132 2186 243 2223 Unde
258 2187 487 2237 perspicitur,
502 2199 565 2222 cui
581 2186 688 2236 paulo
700 2191 785 2236 post

132 2241 315 2291 legamus:
345 2239 441 2293 πρὸς
474 2258 521 2280 τα
548 2241 698 2280 ἑωυτοῦ
729 2241 784 2280 οἶ-

131 2298 198 2337 κία
235 2295 604 2350 προσεπασσαλευσε
645 2298 785 2346 (claves

132 2353 281 2405 adfixit)
303 2352 374 2394 τὸν
399 2355 577 2406 τρίποδα.

188 2406 292 2462 οἷνηρ
313 2413 370 2450 ὠν
388 2390 716 2462 Αλικαρνησσεῦς
744 2425 779 2449 κ.

132 2481 164 2505 τ.
185 2465 238 2516 λ.]
272 2468 491 2518 Scripsimus
515 2466 780 2517 Ἁλικαρνησ-

133 2518 234 2568 σευς
260 2536 338 2560 cum
369 2523 501 2573 duplici
533 2524 638 2561 litera
667 2535 710 2569 6,
742 2527 782 2560 ut

131 2591 215 2615 mox
233 2577 437 2629 Ἁλικαρνη
450 2591 472 2617 6
485 2575 565 2618 σόν
586 2581 623 2616 in
639 2579 710 2615 fine
722 2591 782 2616 ca-

129 2634 216 2685 pitis
233 2635 361 2672 eodem
381 2636 489 2672 modo
517 2648 590 2684 quo
618 2635 654 2671 in
679 2635 781 2685 prin-

130 2690 225 2740 cipio
254 2691 374 2740 operis
401 2690 613 2728 Herodotei.
671 2691 781 2730 Conf.

129 2745 264 2783 Wasse
289 2747 337 2783 ad
361 2746 565 2795 Thucydid.
586 2746 691 2794 VIII,
712 2750 778 2789 42.

130 2822 186 2829 —
209 2802 251 2838 In
270 2802 390 2839 verbis
421 2799 492 2842 τὸν
513 2798 639 2852 νόμον
662 2818 778 2852 κατη-

130 2852 272 2910 λόγησε
298 2858 386 2895 nihil
414 2858 554 2896 variant
581 2858 678 2906 libri,
707 2859 776 2896 nisi

861 1234 960 1284 quod
971 1247 1063 1271 unus
1076 1232 1263 1271 Parisinus
1276 1232 1419 1270 exhibet
1431 1235 1513 1272 τοῖν

860 1288 1021 1341 νόιιων,
1064 1291 1369 1340 quemadmodum
1404 1290 1512 1327 etinn

860 1343 1036 1400 α’λογεῖν,
1091 1349 1378 1398 καταφρονεῖν,
1441 1346 1512 1383 alia

859 1404 935 1441 eius
964 1403 1108 1452 generis
1130 1404 1240 1440 verba
1272 1401 1512 1451 reperiuntur,

858 1460 988 1508 quibus
1001 1460 1200 1496 secundum
1213 1470 1336 1496 casum
1353 1457 1512 1508 pierum-

857 1528 928 1565 que
951 1517 1144 1552 adstruunt
1163 1515 1372 1565 scriptores.
1430 1513 1512 1552 Nec

856 1576 979 1609 tamen
1000 1576 1146 1620 quartus
1176 1584 1283 1608 casus
1309 1582 1383 1606 non
1404 1583 1512 1621 repe-

858 1629 956 1665 ritur.
1014 1627 1097 1664 Vid.
1138 1627 1317 1664 Matthiae
1342 1627 1407 1663 Gr.
1442 1627 1508 1663 Gr.

858 1683 894 1736 §-
915 1685 997 1725 378
1025 1690 1101 1721 not.
1119 1687 1145 1726 2
1173 1697 1258 1735 pag.
1283 1685 1376 1724 696

913 1738 979 1778 ὁιιὶ
1004 1735 1154 1790 ταύτην
1192 1755 1267 1790 την
1304 1739 1435 1789 αἰτίην
1464 1738 1508 1777 αἱ

856 1793 971 1834 πέντε
990 1792 1125 1841 πόλιες
1149 1811 1185 1834 κ.
1205 1811 1236 1834 τ.
1259 1798 1306 1842 λ.]
1338 1795 1435 1833 Tres
1449 1808 1508 1831 ur-

859 1852 942 1898 bes,
974 1864 1068 1900 quae
1099 1852 1156 1888 hic
1188 1852 1305 1902 primo
1333 1851 1412 1887 loco
1441 1863 1508 1887 no-

855 1908 1056 1954 minantur,
1086 1907 1123 1943 in
1140 1907 1275 1944 Rhodo
1291 1906 1409 1943 insula
1428 1908 1508 1945 sue-

854 1976 914 2009 re,
954 1968 992 1999 ut
1021 1963 1108 1999 satis
1138 1967 1301 2007 constat3
1331 1975 1426 2011 quae
1452 1966 1507 1999 ta-

854 2032 937 2056 men
958 2019 1015 2054 vix
1042 2031 1062 2055 a
1083 2018 1242 2055 Doribus
1269 2018 1507 2067 immigranti-

853 2075 921 2111 bus
943 2075 1110 2124 primitus
1130 2079 1332 2112 exstructae
1353 2087 1434 2112 esse
1452 2074 1505 2111 vi-

854 2131 1007 2178 dentur,
1031 2132 1097 2168 sed
1117 2131 1188 2167 iam
1208 2134 1293 2168 ante
1304 2130 1340 2167 T
1341 2131 1504 2167 roianam

853 2188 1119 2236 expeditionem
1140 2187 1332 2225 exstitisse.
1380 2187 1505 2230 Quare

852 2242 1083 2281 Althemenes
1094 2272 1104 2290 ,
1125 2243 1186 2292 qui
1199 2243 1307 2292 vulgo
1326 2243 1504 2280 coloniam

851 2298 989 2336 Dorum
1001 2328 1010 2346 ,
1039 2299 1172 2336 oraculi
1193 2299 1291 2336 iussu
1306 2329 1316 2347 ,
1332 2299 1502 2336 Rhodum

852 2356 1047 2393 deduxisse
1067 2357 1201 2403 fertur,
1220 2355 1298 2392 illas
1317 2356 1424 2393 urbes
1446 2355 1502 2392 in-

851 2411 993 2448 venisse
1021 2412 1194 2461 quidem,
1242 2412 1309 2449 sed
1348 2411 1500 2448 multum

850 2467 1048 2505 excoluisse
1066 2472 1102 2505 et
1131 2467 1324 2518 ampliasse
1347 2480 1501 2505 censen-

849 2524 917 2560 dus
938 2525 1024 2570 erit,
1053 2524 1103 2560 ita
1126 2528 1166 2560 ut
1196 2525 1244 2561 ad
1262 2524 1403 2561 Dorum
1422 2525 1500 2560 foe-

849 2579 940 2627 dus,
982 2580 1082 2630 quod
1113 2584 1198 2616 tunc
1227 2580 1351 2617 initum
1386 2579 1499 2618 fuisse

847 2636 1010 2683 videtur,
1060 2637 1297 2683 accesserint,
1351 2639 1498 2673 auctore

847 2691 1181 2729 Raoul-Rochette
1201 2692 1297 2728 Hist.
1318 2692 1364 2729 de
1382 2692 1496 2728 l'Eta-

846 2747 945 2784 bhss.
968 2748 1002 2784 d.
1023 2747 1138 2785 colon.
1160 2748 1212 2785 ΙΙΙ
1227 2760 1312 2797 pag.
1327 2750 1378 2789 71
1389 2760 1492 2797 seqq.

845 2802 940 2840 Nam
955 2804 1083 2841 eodem
1104 2805 1218 2841 ferme
1237 2808 1399 2855 tempore
1417 2805 1493 2840 Cos

845 2859 961 2896 insula
977 2859 1117 2897 Dorum
1136 2859 1313 2897 coloniam
1332 2861 1493 2898 eiusdem
