1909 3228
560 221 1078 260 EUTERPE.II.
1351 225 1433 265 883

1487 341 1613 368 Graecis
1659 342 1729 369 data

1486 375 1665 402 Naucratis:
1690 375 1760 402 ΙΙε-Ι-

1487 407 1599 434 lenium
1636 412 1666 435 et
1700 409 1761 435 ali:-

1487 442 1596 474 tcmpla
1614 441 1643 467 in
1665 443 1758 475 Aeg—v-

1484 479 1535 506 pto
1573 483 1591 500 a
1633 475 1761 501 Graecis

1484 510 1651 534 exstructa:
1674 516 1758 542 prae-

1485 539 1557 566 fecti
1616 546 1760 569 increato-

1485 582 1561 601 rum.

58 333 156 379 178
181 330 224 381 ἐς
253 331 335 374 αἰεὶ
361 329 589 387 χρέωνται,
620 329 733 374 ἐόντι
763 330 926 390 ἀμώμῳ
957 330 1088 389 νόμῳ.
1149 329 1356 387 Φιλέλλην
1386 332 1430 374 δὲ

178 409 411 466 γενόμενος
441 410 464 453 ὁ
498 409 701 465 Ἄμασις,
745 410 853 453 ἄλλα
881 427 923 453 τε
953 410 995 461 ἐς
1021 408 1238 465 Ἑλλήνων
1267 411 1430 464 μετεξε-

177 489 332 544 τέρους
364 488 615 540 ἀπεδέξατο,
651 489 722 532 καὶ
753 489 804 545 δὴ
836 489 908 532 καὶ
938 493 1050 531 τοῖσι
1081 487 1428 544 ἀπικνευμένοισι

177 568 220 619 ἐς
260 570 484 623 Αἴγυπτον
533 568 663 610 ἔδωκε
710 566 965 622 Ναύκρατιν
1010 566 1138 610 πόλιν
1188 566 1427 623 ἐνοικῆσαι·

177 652 292 690 τοῖσι
322 647 367 689 δὲ
402 646 459 702 μὴ
490 646 793 702 βουλομένοισι
825 644 971 689 αὐτῶν
1004 646 1182 695 οἰκέειν,
1216 643 1354 689 αὐτοῦ
1383 646 1486 692 δὲ35

175 726 571 781 ναυτιλλομένοισι,
621 726 752 768 ἔδωκε
781 724 953 780 χώρους
991 722 1304 778 ἐνιδρύσασθαι
1342 727 1430 780 βω-

147 806 286 860 Ξμούς
315 805 387 848 καὶ
416 804 591 859 τεμένεα
619 809 771 847 θεοῖσι.
812 803 860 846 τὸ
891 804 970 859 μέν
1005 820 1088 846 νυν
1120 802 1320 858 μέγιστον
1347 804 1428 845 αύ-

174 886 263 926 τῶν
292 885 487 939 τέμενος,
536 883 610 925 καὶ
647 880 1027 938 ου’νομαστότατον
1068 881 1141 924 ἐὸν
1179 881 1249 924 καὶ
1279 893 1427 936 χρησι-

174 961 395 1017 μώτατον,
425 959 692 1017 καλεύμενον
722 961 767 1004 δὲ
791 959 1035 1017 Ἑλλήνιον,
1072 962 1164 1003 αἵδε
1194 959 1319 1010 πόλις
1348 960 1429 1002 εἰσὶ
1489 966 1562 1004 191

175 1042 221 1083 αἱ
250 1041 476 1096 ἱδρυμέναι
505 1044 656 1097 κοινῇ,
697 1038 856 1083 Ἰώνων
887 1041 986 1096 μὲν,
1028 1040 1155 1092 Χίος,
1194 1040 1267 1082 καὶ
1302 1038 1427 1092 Τέως,

259 1263 290 1300 C
301 1276 322 1301 a
332 1278 368 1315 p.
397 1264 633 1301 CLXXVIII.

174 1345 294 1386 ἔδωκε
314 1368 368 1375 —-
387 1346 622 1398 ἐνοικῆσαι]
653 1347 768 1384 Simili

115 1404 226 1440 modo
254 1404 348 1439 infra
380 1403 499 1442 ἔδωκε
518 1426 571 1431 —-
597 1399 767 1453 ἐνιδρύ-

115 1463 276 1497 σασθαι.
307 1458 451 1495 Monuit
469 1460 533 1496 hac
554 1461 599 1496 ‹le
621 1474 659 1496 re
672 1460 767 1495 Mat-

115 1515 213 1552 thiae
243 1515 307 1551 Gr.
349 1515 414 1551 Gr.
456 1513 492 1564 ἓ.
524 1515 604 1555 535
638 1520 713 1551 not.
739 1519 765 1556 2

113 1583 201 1622 pag.
227 1571 346 1612 1043.
372 1592 425 1598 —
443 1569 654 1618 Naucratis,
673 1583 765 1619 quae

115 1628 163 1664 ad
195 1628 368 1664 Saiticum
395 1640 541 1663 nonium
580 1627 765 1677 pertinuit,

114 1684 153 1720 in
181 1683 345 1720 orientali
375 1684 454 1733 ripa
489 1684 664 1733 Canopici
694 1684 764 1719 flu-

114 1740 184 1786 vii,
213 1739 275 1788 qui
297 1739 393 1776 haud
421 1739 544 1788 procul
566 1740 651 1776 inde
674 1739 765 1775 mari

114 1795 295 1843 iungitur,
325 1799 401 1831 erat
431 1795 509 1830 sita.
566 1794 647 1833 Nec
672 1794 764 1831 mul-

114 1855 190 1888 tum
209 1855 366 1888 remotus
385 1850 444 1887 ille
467 1850 579 1896 locus,
602 1850 661 1887 ubi
679 1854 764 1899 post

115 1908 183 1944 fuit
210 1907 355 1944 condita
376 1905 603 1943 Alexandria.
662 1906 764 1942 lNau-

115 1962 220 2000 cratis
246 1963 324 2012 ipsa
352 1963 399 1999 ad
425 1962 673 2000 commercium
702 1975 765 1999 ex-

116 2019 309 2056 ercendum
355 2017 460 2055 valde
490 2018 761 2055 accommodata

115 2079 217 2120 erat,
244 2080 283 2111 ut
305 2074 361 2111 vel
383 2086 425 2111 ex
453 2075 494 2110 iis
511 2079 636 2125 patet,
666 2086 762 2122 quae

114 2130 170 2178 II,
191 2134 243 2171 97
264 2135 487 2168 enarrantur.
533 2130 691 2167 Condita
707 2131 762 2167 fe-

114 2187 261 2224 rebatur
298 2188 384 2223 urbs
430 2187 550 2233 (teste
579 2187 762 2223 Strabone

114 2242 220 2280 XVII
244 2256 280 2292 p.
304 2243 410 2283 1153
435 2256 462 2279 5.
485 2244 561 2283 801
588 2241 665 2279 coll.
680 2243 763 2279 Ste-

114 2298 224 2349 phan.
245 2299 335 2347 Byz.
356 2312 384 2335 s.
402 2299 454 2346 V.)
474 2310 495 2334 a
517 2298 677 2344 Milesiis,
701 2298 763 2347 qui

115 2355 259 2391 Inarum
298 2354 512 2392 devicerant.
580 2354 654 2397 Qui
683 2367 762 2391 cum

116 2410 320 2448 Artaxerxis
349 2409 565 2458 Longimani
600 2416 763 2459 tempore

116 2466 263 2512 vixerit,
283 2466 388 2502 alium
405 2466 548 2502 Inarum
565 2467 669 2502 nobis
690 2479 763 2502 non

118 2521 267 2571 amplius
296 2523 480 2571 cognitum
517 2521 668 2570 intelligi
693 2522 765 2558 vult

120 2577 278 2614 Schultz.
303 2591 399 2627 spec.
428 2583 593 2628 apparat.
614 2578 688 2614 crit.
713 2577 762 2613 ad

119 2632 248 2670 annall.
271 2646 306 2682 p.
325 2632 377 2674 25
399 2646 475 2682 seq.
534 2632 630 2669 Nam
650 2632 762 2669 multo

119 2695 206 2725 ante
239 2688 443 2725 Artaxerxis
470 2694 632 2737 tempora
662 2688 764 2725 Nau-

119 2745 232 2782 cratin
261 2745 439 2780 conditam
466 2745 576 2781 fuisse
614 2757 763 2781 necesse

120 2805 194 2846 est,
225 2801 441 2848 Olympiade
467 2801 613 2848 quinta,
643 2800 670 2836 si
700 2813 764 2850 pe-

120 2870 184 2895 nes
211 2857 408 2894 Eusebium
442 2856 544 2894 fides.
607 2856 713 2893 Cous.
744 2869 765 2893 a

839 1235 906 1272 Cr.
935 1235 1117 1272 laudatum
1154 1234 1406 1282 Wyttenbach.
1436 1237 1483 1271 ad

835 1291 929 1328 Plut.
946 1291 1083 1328 morall.
1106 1292 1142 1337 I,
1160 1295 1185 1331 2
1204 1294 1393 1339 pag.907.
1424 1291 1483 1328 De

836 1349 963 1396 quibus
995 1348 1147 1384 certiora
1182 1346 1416 1394 haberemus,
1453 1349 1483 1384 si

836 1405 882 1439 ad
928 1417 995 1439 nos
1034 1403 1256 1452 pervenisset
1300 1403 1483 1452 Apollonii

834 1459 969 1496 Rhodii
1003 1458 1091 1495 liber
1132 1471 1225 1494 nunc
1258 1459 1482 1507 deperditus,

833 1515 893 1562 qni
924 1515 1180 1551 inscribebatur
1209 1514 1332 1560 κτίσις
1361 1517 1478 1552 Ναυ-

831 1565 1015 1618 κράτεως.
1081 1570 1138 1606 De
1170 1569 1316 1618 reliquis
1357 1572 1481 1607 confer

832 1625 1015 1663 Mannert.
1038 1627 1174 1673 Geogr.
1192 1626 1226 1662 d.
1241 1626 1306 1663 Gr.
1323 1639 1357 1662 u.
1370 1626 1478 1663 Rom.

833 1682 879 1729 X,
904 1687 921 1723 1
959 1696 995 1732 p.
1018 1682 1098 1722 563
1120 1696 1219 1730 seqs
1253 1681 1350 1718 Nam
1381 1695 1480 1719 com-

832 1738 963 1774 mercio
1001 1739 1121 1774 floruit
1150 1738 1254 1784 urbs,
1295 1738 1392 1774 cuius
1422 1738 1479 1776 vel

830 1793 1036 1831 meretrices
1076 1794 1287 1830 Herodotus
1323 1807 1478 1832 comme-

830 1854 946 1886 morat
967 1849 1019 1895 II,
1046 1851 1123 1889 135
1150 1849 1232 1895 fin.,
1258 1849 1479 1898 multumque

832 1906 915 1942 hinc
935 1905 1048 1942 valuit
1069 1905 1117 1941 ad
1135 1906 1336 1942 universum
1355 1904 1478 1954 Aegy-

830 1962 884 2011 pti
918 1966 1059 1998 statum.
1116 1960 1174 1997 De
1212 1974 1283 2010 quo
1316 1962 1476 1999 Heeren.

830 2017 941 2054 Ideen
960 2018 1014 2063 II,
1034 2021 1059 2058 2
1085 2030 1121 2066 p.
1144 2018 1225 2057 388
1247 2030 1324 2066 seq.

883 2069 1034 2123 χώρους
1049 2068 1351 2122 ἐνιδρύσασθαι]
1382 2073 1475 2110 Cum

828 2130 943 2166 Gaisf.
963 2130 1047 2166 dedi
1065 2125 1227 2179 χώρους.
1257 2129 1475 2177 IVesseling.

826 2190 993 2222 tenuerat
1020 2181 1174 2236 χώροις.
1234 2186 1326 2221 Cum
1345 2185 1473 2222 eodem

829 2242 946 2279 Gaisf.
979 2242 1015 2278 in
1054 2255 1155 2290 seqq.
1186 2242 1311 2291 scripsi
1343 2236 1475 2278 αὐτῶν

829 2302 867 2336 et
886 2293 1037 2336 τούτων
1064 2311 1132 2348 pro
1153 2293 1304 2336 αὐτέων
1332 2301 1368 2334 et
1388 2311 1473 2335 του-

829 2352 938 2392 τέων.

882 2405 1021 2447 Ἰώνων
1045 2406 1115 2458 μὲν
1138 2423 1172 2446 κ.
1191 2423 1220 2446 τ.
1242 2410 1297 2454 λ.]
1329 2407 1387 2445 De
1413 2408 1473 2445 Ιο-

831 2479 916 2503 num
934 2465 1079 2501 urbibus
1101 2465 1249 2501 diximus
1266 2465 1313 2501 ad
1326 2464 1353 2510 I,
1375 2464 1473 2509 1423

830 2523 877 2559 de
892 2520 1032 2558 Doricis
1060 2521 1260 2557 civitatibus
1291 2520 1342 2567 II,
1369 2519 1472 2565 1443

831 2578 877 2613 de
897 2577 1131 2614 Aeolensibus
1157 2576 1196 2622 I,
1226 2576 1315 2616 149.
1376 2575 1473 2613 Voce

826 2628 960 2671 Ῥόδου
985 2638 1104 2668 ternas
1135 2631 1271 2669 insulae
1291 2631 1394 2668 urbes
1417 2631 1473 2668 in-

830 2689 941 2725 dicari
969 2686 1153 2736 probabile
1182 2692 1269 2734 est,
1308 2687 1472 2735 Ialysum,

830 2745 1032 2789 Camiruin,
1062 2742 1241 2788 Lindum,
1271 2756 1350 2779 cum
1372 2743 1471 2779 tho-

829 2799 893 2835 dus
912 2800 990 2835 urbs
1010 2799 1119 2835 multo
1142 2804 1225 2848 post
1244 2799 1385 2835 deinum
1409 2811 1472 2835 an-

828 2869 875 2893 no
897 2856 977 2897 408
999 2868 1029 2892 a.
1050 2855 1134 2892 Chr.
1158 2868 1193 2891 n.
1213 2855 1358 2892 condita
1375 2856 1472 2892 ‹lica-

1110 2913 1166 2950 56
1187 2913 1205 2933 ⁴¹
