1909 3228
527 203 949 242 EUTERPE.
1000 205 1044 242 II.

1322 208 1406 247 835

142 308 408 366 ““Ηφαίστου,
457 316 511 370 τῇ
541 311 704 369 ὑστάτῃ
734 316 809 368 τῆς
848 311 977 369 ὁρτῆς
1005 313 1251 370 μελλόντων
1273 321 1463 357 καταοθό

146 393 357 441 σπείσειν,
405 388 428 434 ὁ
461 388 664 446 ἆρχιρεὺς
693 392 869 442 ἐξὲνεικέ
900 405 979 447 σφι
1023 392 1186 448 φιάλας
1214 392 1408 449 χρυσέας,

145 471 244 526 τῇσί
273 487 349 524 περ
382 470 577 514 ἐώθεσαν
602 469 818 521 σπένδειν,
849 468 1063 527 ἁμαρτών
1092 476 1170 515 τοῦ
1201 469 1409 528 ἀριθμοῦ,

118 556 139 575 o
157 549 174 562 m
451 549 459 559 ι
601 548 612 563 ‚
654 553 671 560 η
765 549 776 563 a
881 553 897 560 ω
1009 548 1020 562 e
1122 549 1131 565 τ
1214 548 1230 566 ῗ
1371 549 1381 564 r

118 551 327 599 ..fvffeum
369 551 565 592 δυωδεκα
595 560 726 592 εουσι.
760 554 957 592 ενθαυτα
987 568 1046 601 ως
1077 567 1159 594 ουκ
1189 567 1272 606 ειχε
1303 568 1408 605 φια-

146 632 226 684 λην
257 626 279 671 ὁ
312 629 487 684 ἔσχατος
517 628 667 678 ἑστεώς
699 627 844 670 αὐτῶν
885 630 1173 684 Ψαμμίτιχος,
1211 629 1405 684 περιελό-

144 722 272 761 μενος
301 706 379 763 τήν
408 707 570 764 κυνέην
590 741 600 759 ,
640 707 801 750 ἐοῦσαν
829 707 1032 763 χαλκέην,
1073 707 1232 763 ὑπέσχε
1262 725 1304 751 τε
1334 709 1407 751 καὶ

116 792 136 824 ’3
147 785 332 828 ἔσπενδε.

142 879 185 906 τε
216 864 432 919 βασιλέες,
482 865 555 908 καὶ
587 864 823 920 ἐτύγχανον
858 865 955 908 τότε
987 865 1165 920 ἔχοντες.

393 786 549 836 κυνέας
581 786 625 829 δὲ
657 786 729 828 καὶ
760 787 802 828 οἱ
833 784 956 829 ἄλλοι
998 786 1185 838 ἅπαντες
1215 785 1432 841 ἐφόρεόνι

1231 866 1405 921 Ψαμμί-

142 959 258 998 τιχος
289 943 367 997 μέν
396 959 480 986 νυν
510 943 657 987 ου’δενὶ
687 945 851 1000 δολερῷ
882 943 970 1001 νόῳ
1000 942 1260 999 χρεώμενος,
1297 944 1404 987 ὑπέ-

110 1025 213 1076 4σχε
238 1021 319 1077 τὴν
348 1023 520 1079 κυνέην.
579 1025 623 1066 οἵ
653 1022 723 1075 δὲ,
766 1022 813 1065 ἐν
854 1023 984 1079 φρενὶ
1023 1021 1233 1078 λαβόντες
1271 1021 1322 1066 τό
1362 1039 1408 1066 τε

140 1101 325 1157 ποιηθὲν
365 1102 412 1145 ἐκ
454 1103 729 1158 Ψαμμιτίχου
752 1135 764 1154 ,
816 1102 889 1145 καὶ
926 1101 975 1145 τὸ
1012 1099 1273 1157 χρηστήριον
1304 1101 1329 1144 ὅ
1361 1110 1431 1145 τι5

140 1179 341 1236 ἐκέχρητό
374 1193 474 1237 σφι,
505 1181 584 1224 τόν
614 1182 769 1238 χαλκέῃ
801 1183 1036 1224 σπείσαντα
1067 1179 1212 1223 αὐτῶν
1243 1178 1401 1237 φιάλῃ,

140 1263 298 1302 τοῦτον
330 1260 508 1316 βασιλέα
539 1260 713 1303 ἔσεσθαι
742 1264 914 1315 μοῦνον
932 1258 1179 1315 Αἰγύπτου·
1211 1257 1406 1315 ἀναμνη-

142 1338 316 1389 σθέντες
344 1343 425 1382 τοῦ
453 1342 674 1394 χρησμοῦ,
721 1344 885 1382 κτεῖναι
913 1337 993 1393 μὲν
1032 1337 1114 1382 οὐκ
1144 1338 1403 1381 ἐδικαίωσαν

146 1419 438 1472 Ψαμμίτιχον,
480 1416 540 1467 ὥς
571 1416 832 1470 ἀνεύρισκον
869 1418 1173 1473 βασανίζοντες
1203 1416 1245 1467 ἐξ
1275 1415 1401 1459 οὐδε-

138 1498 238 1551 μιῆς
276 1496 488 1551 προνοίης
536 1494 674 1538 αὐτόν
721 1493 986 1551 ποιήσαντα·

1046 1496 1088 1546 ἐς
1129 1495 1175 1538 δὲ
1212 1496 1266 1536 τοὶ
1305 1494 1402 1537 ἕλεα

138 1573 257 1625 ἔδοξέ
287 1585 366 1630 σφι
397 1576 566 1626 διῶξαι,
614 1573 894 1625 ψιλώσαντας
922 1574 974 1617 τα
1002 1578 1180 1618 πλεῖστα
1216 1577 1292 1629 τῆς
1322 1575 1399 1616 δυ-
1416 1582 1457 1614 10

138 1651 313 1707 νάμιος·
345 1653 391 1697 ἐκ
424 1654 470 1696 δὲ
499 1658 588 1697 τῶν
625 1654 753 1696 έλέων
784 1651 1060 1708 ὁρμεώμενον
1091 1653 1149 1709 μὴ
1180 1651 1399 1707 ἐπιμίσγε-

85 1838 178 1877 173.
236 1835 294 1873 Ad
324 1840 576 1885 argumentum
615 1849 731 1886 comp.

82 1893 234 1931 Diodor.
266 1892 304 1938 Ι,
328 1896 402 1939 66,
434 1894 495 1941 qui
525 1897 609 1943 post
631 1893 735 1942 quin—

83 1950 199 1987 decim
223 1962 397 1985 annorum
417 1962 605 1986 commune
622 1950 736 1998 impe-

81 2006 174 2042 rium
195 2006 265 2042 hoc
287 2006 458 2042 accidisse
478 2007 598 2043 refert.
640 2005 733 2042 Add.

83 2063 190 2099 etiam
210 2060 341 2098 Athen.
365 2062 437 2109 VI,
459 2064 509 2102 19
539 2076 575 2112 p.
602 2063 694 2102 231.

139 2142 163 2184 ὅ
202 2143 359 2195 ἔσχατος
416 2141 555 2191 ἑστεώς
603 2139 735 2183 αὐτῶν

88 2199 348 2252 Ψαμμίτιχος]
377 2196 508 2239 αὐτῶν
526 2214 604 2238 cum
625 2201 734 2238 Gais-

82 2258 175 2296 ford.
206 2258 291 2294 dedi
337 2270 404 2307 pro
437 2258 533 2307 vulg.
565 2252 733 2296 αὐτέων

82 2318 192 2362 atque
226 2314 490 2364 Ψαμμίτιχος
518 2327 585 2364 pro
620 2316 734 2363 Ψαμ-

84 2366 287 2419 μήτιχος,
319 2370 365 2407 de
391 2383 463 2419 quo
494 2371 564 2407 vid.
594 2370 634 2416 I,
653 2369 732 2410 105

83 2429 122 2462 et
146 2426 202 2473 ll,
237 2429 273 2466 2.
331 2425 576 2463 Psamrr-'tichi
600 2438 733 2463 nomen

83 2482 180 2518 notis
198 2481 473 2531 hieroglyphicis
494 2483 734 2532 conscriptum

83 2537 121 2573 in
137 2539 375 2575 monumentis
387 2538 616 2588 Aegyptiacis
639 2551 734 2574 nunc

84 2593 300 2630 detexerunt
334 2594 398 2630 viri
431 2595 538 2631 docti.
597 2595 735 2632 Confer

83 2648 136 2686 M.
156 2649 312 2687 Fritsch.
333 2649 354 2686 l.
372 2649 394 2687 l.
420 2663 506 2700 pag.
527 2650 592 2691 54.
614 2653 680 2691 69.

137 2728 182 2772 τό
202 2747 242 2771 τε
270 2730 443 2784 ποιηθὲν
464 2732 516 2772 ἐκ
543 2732 736 2783 Ψαμμιτί-

82 2787 179 2840 χον]
209 2789 268 2826 De
289 2803 357 2826 usu
385 2790 663 2840 praepositionis
692 2788 734 2828 ἐκ

83 2847 176 2884 conf.
199 2845 253 2892 II,
279 2846 381 2893 148,
413 2850 450 2884 et
476 2847 522 2882 de
550 2846 629 2896 ipso
652 2859 734 2881 ora-

803 1835 904 1880 culo,
946 1836 1046 1884 quod
1075 1833 1215 1873 Noster
1237 1837 1376 1886 tangit,
1407 1837 1453 1884 ΙΙ,

807 1892 897 1931 147.

861 1943 885 1986 ὅ
919 1961 955 1985 τι
988 1941 1168 1997 ἐκέχρητό
1201 1946 1297 1997 σφι]
1336 1948 1453 1998 Vulgo

804 2001 1021 2054 ἐκέχρηστο,
1045 2005 1146 2052 quod
1164 2004 1379 2050 abiecimu53
1408 2007 1452 2042 cf.

802 2060 856 2107 ΙΙ,
881 2060 970 2100 147.
1029 2058 1087 2097 De
1107 2055 1128 2098 ὅ
1157 2074 1201 2098 τι
1232 2061 1304 2097 vid.
1322 2061 1451 2099 Matth.

804 2117 869 2152 Gr.
889 2116 952 2152 Gr.
980 2128 1065 2165 pag.
1085 2118 1178 2156 906.

860 2170 899 2218 ἐς
928 2169 970 2210 δὲ
1000 2169 1046 2209 τα
1088 2170 1198 2210 ἕλεα
1236 2169 1344 2218 ἔδοξέ
1380 2185 1453 2221 σφι

802 2226 964 2277 διῶξαι]
995 2224 1042 2266 τοὶ
1061 2226 1148 2266 ἕλεα
1169 2241 1263 2276 quae
1281 2228 1371 2275 sint,
1401 2229 1452 2264 vi-

802 2285 919 2321 dimus
943 2285 990 2321 ad
1013 2284 1064 2331 ΙΙ,
1087 2287 1152 2325 92.
1177 2283 1267 2324 140.
1313 2284 1453 2321 Admo-

800 2345 864 2377 net
888 2353 1034 2390 quoque
1060 2340 1255 2389 paludum,
1285 2340 1333 2376 ad
1359 2353 1449 2389 quas

799 2397 1089 2434 Psammitichum
1119 2395 1336 2444 relegarint‚
1370 2397 1452 2434 Rit-

799 2457 866 2490 ter.
886 2453 1077 2489 Erdkund.
1099 2452 1113 2488 l
1141 2465 1225 2502 pag.
1244 2454 1337 2493 822.

856 2504 1109 2558 ψιλώσαντας
1127 2505 1173 2546 w*
1192 2506 1366 2557 πλεῖστα]
1383 2517 1449 2556 ψι-

801 2567 898 2604 λοῦν
920 2564 1051 2601 nudare
1070 2564 1092 2601 i.
1115 2578 1144 2601 e.
1164 2564 1325 2614 potenti&
1347 2577 1450 2600 exae-

799 2634 855 2668 re,
885 2623 1035 2657 minuere
1058 2620 1211 2656 illustrat
1232 2620 1448 2668 Wesseling.

801 2677 974 2726 Xenoph.
1005 2677 1212 2726 Cyropaed.
1235 2676 1305 2723 lv,
1324 2675 1372 2722 5,
1396 2680 1447 2717 19

802 2737 840 2771 et
858 2733 965 2769 Dion.
989 2733 1093 2769 Cass.
1116 2732 1203 2778 XL,
1226 2735 1290 2773 62.
1321 2731 1448 2768 —Ad

803 2788 1082 2841 ἐπιμίσγεσθαι
1097 2789 1191 2825 cous.
1214 2788 1242 2835 I,
1262 2788 1340 2829 185
1361 2788 1446 2837 ibiq.

803 2850 893 2882 nott.

1084 2899 1178 2939 53*
