1909 3228
396 683 463 731 95

191 749 237 776 De
254 748 333 784 Cyro
359 749 465 777 Persae

190 783 276 810 varie
333 784 464 810 tradere.

191 815 350 851 Imperium
380 817 467 843 Afilae
583 834 593 850 q
696 836 701 848 ι
815 836 822 850 r
1005 837 1027 851 el
1211 836 1221 850 1
1331 837 1342 851 4·
1390 839 1400 852 e
1594 841 1612 850 u
1659 836 1670 852 7
1739 838 1750 853 Ι

190 850 465 910 l'ffl'.{'⁸ab⁸{⁹''1'{3{
493 841 599 878 Ξκαι
626 851 732 886 τους
760 839 954 892 Περσας,
1002 853 1106 896 οτεῳ
1143 854 1288 893 τροπῳ
1317 850 1533 895 ηγησαντο
1560 854 1636 894 της
1665 841 1767 881 Am·-

191 915 467 984 gflrffisb‘lissggffizl
522 929 584 969 ης.
639 912 714 965 Ὡς
751 909 811 958 ὧν
852 915 1054 971 Περσέων
1090 916 1346 972 μετεξέτεροι
1388 918 1584 973 λέγουσι,
1627 918 1670 960 οἱ
1706 914 1820 971 μὴ95

191 986 223 1008 ct
250 986 354 1016 genten
385 983 466 1011 alian

191 1015 374 1043 defecerunt.

516 256 600 296 244

918 254 1376 295 HERODOTI

518 367 896 421 μετονομασθῆναι
925 361 1086 415 αὐτούς
1124 364 1191 408 ἐπὶ
1226 369 1306 408 τοῦ
1334 363 1531 421 βασιλέος
1559 368 1639 410 τοῦ
1669 380 1764 410 παι-

517 444 616 495 δὸς,
647 444 695 494 ὅς
726 455 859 500 σφεας
889 442 1093 499 ἀνήγαγε·
1123 442 1192 486 ἐπὶ
1220 443 1381 486 τούτου
1409 444 1488 500 τὴν
1516 444 1764 500 ἐπωνυμίην

517 522 825 577 ποιευμένους,
866 521 1165 578 ὀνομασθῆναι
1195 520 1464 578 Τυρσηνούς.
1520 524 1658 566 Λυδοὶ
1685 523 1821 578 μὲν90

520 598 574 656 δὴ
601 597 684 642 ὑπὸ
716 600 907 658 Πέρσῃσι
936 600 1214 644 δεδούλωντο.

512 1213 576 1254 ἐπὶ
598 1209 742 1255 τούτου
773 1210 846 1266 τήν
873 1214 1104 1267 ἐπωνυμίην

455 1270 741 1322 ποιευμένους]
766 1270 830 1311 ἐπὶ
845 1286 923 1309 cum
942 1273 1102 1322 genitivo

457 1327 575 1365 verbis
595 1328 800 1378 appellandi
822 1330 1019 1375 adiectum,
1042 1329 1102 1366 ubi

457 1387 534 1420 est:
564 1396 629 1431 er,
657 1383 727 1427 ab;
778 1385 947 1421 observat
969 1385 1098 1421 Matth.

459 1437 600 1488 §.584
629 1452 712 1488 pag.
734 1441 851 1481 1162.
915 1440 973 1478 De
1003 1440 1099 1479 ἐπω-

455 1494 578 1544 νυμίη
613 1497 706 1531 cons.
729 1495 764 1541 l,
797 1495 860 1535 14.
895 1516 950 1522 —-
988 1496 1100 1533 Paulo

456 1554 542 1600 post
559 1563 635 1587 cum
654 1551 814 1601 plurimis
832 1552 932 1588 libris
956 1553 1101 1602 scripsi-

455 1618 537 1643 mus
570 1602 812 1645 δεδούλωντο
844 1607 984 1645 abiecta
1011 1621 1101 1656 aug-

456 1663 569 1699 menti
588 1663 884 1713 reduplicatione‚
905 1677 982 1700 ciun
993 1663 1101 1713 vulgo

457 1718 624 1755 ederetur
655 1715 955 1759 ἐδεδούλωντο.
993 1720 1102 1756 Plura

455 1774 625 1811 omis-siin
642 1774 996 1824 plusquamperfecto
1012 1788 1102 1824 aug-

455 1830 568 1865 menti
587 1831 750 1880 exempla
766 1844 786 1868 e
807 1831 945 1868 Nostro
966 1844 1100 1882 suppe-

454 1884 546 1921 ditat
586 1885 742 1924 Werfer.
768 1887 804 1923 in
841 1885 936 1925 Actt.
966 1888 1099 1937 philoll.

453 1939 618 1979 Monacc.
648 1943 688 1989 I,
717 1946 744 1984 2
775 1955 862 1993 pag.
891 1945 992 1989 2403
1030 1944 1100 1981 alia

454 1996 605 2034 aliorum
623 1998 835 2048 scriptorum
862 1999 941 2049 ipse
961 2000 1099 2037 indica-

453 2052 489 2088 vi
507 2054 555 2089 ad
571 2053 750 2091 Plutarch.
771 2054 926 2092 Flamin.
945 2069 982 2106 p.
1006 2058 1097 2098 129.

454 2106 499 2144 In
517 2109 635 2145 verbis
654 2110 802 2147 adiectis
823 2107 904 2150 ὖπό
922 2110 1099 2164 Πέρσῃσι

457 2175 505 2201 ne
521 2164 707 2212 offendas,
738 2178 829 2203 neve
855 2163 934 2205 ὑπὸ
952 2166 1097 2218 Περσέ-

457 2234 514 2258 ων
533 2222 782 2270 corrigendum
792 2235 954 2268 censeas,
973 2236 1098 2271 quem-

455 2276 652 2314 admodum
678 2278 776 2327 apud
801 2283 928 2327 poetas
950 2279 1097 2326 genitivi

453 2330 534 2369 loco
552 2333 709 2370 dativum
728 2338 815 2384 post
829 2331 910 2373 ’ὑπό
925 2334 1098 2370 substitu-

453 2391 529 2424 tum
548 2389 734 2436 videmuS,
779 2395 929 2427 notante
963 2389 1094 2426 Matth.

455 2441 493 2493 ς.
516 2445 597 2485 395
630 2450 705 2482 not.
735 2458 821 2496 pag.
840 2447 937 2489 7233
974 2445 1093 2483 malim

453 2498 513 2536 hic
549 2501 659 2537 dativi
686 2514 789 2539 usum
819 2502 993 2552 explicare
1034 2514 1093 2539 se-

451 2556 607 2593 cundum
641 2556 859 2596 locutiones:
904 2554 986 2596 ὖπό
1015 2556 1093 2596 τινὶ

451 2606 556 2649 εἶναι
584 2613 640 2659 (in
655 2612 806 2651 alicuius
817 2617 990 2663 potestate
1008 2626 1090 2660 esse,

451 2666 619 2716 obsequi),
646 2665 717 2718 ’ὑφ’
736 2668 861 2724 ἑαυτῷ
886 2673 1090 2709 ποιεῖσθαι

453 2720 542 2767 (sibi
558 2724 732 2772 subigere,
759 2728 797 2763 in
812 2739 912 2763 suam.
928 2726 1088 2763 ditionem

452 2776 631 2826 redigere)
660 2783 750 2826 etc.,
779 2783 840 2816 ubi
867 2779 950 2818 ὖπό
987 2793 1087 2816 suain

451 2834 555 2879 quasi
579 2846 621 2870 ac
640 2835 823 2884 propriam
847 2836 916 2873 vim
944 2837 1085 2873 retinet.

450 2887 558 2925 Cous.
579 2887 708 2927 Matth.
732 2890 789 2929 1.1.
816 2895 851 2929 et
869 2905 954 2942 pag.
977 2893 1084 2933 1186

616 675 872 735 Ἐπιδίζηται
901 682 945 723 δὲ
964 678 1017 736 δὴ
1041 679 1087 723 τὸ
1117 679 1319 724 ἐνθεῦτεν
1345 680 1450 737 ἡμῖν
1478 678 1503 723 ὁ
1533 678 1661 735 λόγος
1688 678 1766 722 τόν

519 771 565 799 τε
593 758 762 810 Κῦρον,
810 757 926 809 ὅστις
953 757 1038 801 ἐών
1071 758 1151 814 τήν
1185 761 1381 813 Κροίσου
1410 759 1547 816 ἀρχὴν
1575 762 1760 802 κατεῖλε·

519 991 777 1049 βουλόμενοι
807 998 995 1051 σεμνοῦν
1022 993 1075 1039 τὰ
1104 995 1199 1052 περὶ
1228 999 1400 1051 Κῦρον,
1430 994 1539 1039 ἀλλὰ
1567 994 1645 1039 τὸν
1673 994 1764 1039 ἐόν-

1172 1215 1209 1267 §.
1239 1216 1332 1258 593.
1391 1214 1527 1253 Refero
1564 1213 1634 1251 huc
1675 1224 1820 1263 quoque

1170 1274 1270 1323 quod
1290 1273 1326 1320 l,
1349 1273 1396 1313 91
1432 1272 1563 1337 in'fine
1579 1270 1731 1319 legitur:
1753 1264 1819 1320 ἅρ-

1169 1326 1332 1380 χόμενος
1397 1325 1425 1366 v‘
1442 1343 1470 1365 π
1553 1326 1819 1365 ἐκείνοισι.

1168 1386 1264 1422 Add.
1294 1383 1459 1422 Siebelis.
1485 1384 1533 1420 ad
1562 1382 1717 1420 Pausan.
1752 1381 1818 1427 IX,

1170 1443 1222 1481 18
1248 1439 1284 1490 ξ.
1305 1443 1338 1480 1.
1767 1487 1777 1501 1

1208 1493 1552 1546 -ὀνομασθῆναι
1569 1496 1816 1544 Τυρσηνους]

1166 1552 1278 1589 Haud
1303 1557 1466 1589 nostrum
1497 1556 1553 1589 est
1571 1551 1669 1587 varia
1690 1562 1816 1587 recen-

1168 1621 1249 1646 sere
1269 1614 1303 1645 et
1329 1612 1488 1645 veterum
1513 1612 1550 1645 et
1578 1606 1816 1644 recentiorum

1169 1669 1371 1702 commenta
1390 1665 1436 1701 de
1452 1664 1486 1700 vi
1514 1676 1556 1700 ac
1574 1663 1723 1700 notione
1741 1662 1816 1712 pri-

1169 1721 1293 1757 mitiva
1324 1720 1429 1756 huius
1458 1719 1579 1763 vocis·,
1621 1731 1732 1755 unum
1759 1722 1816 1754 ta-

1168 1789 1251 1814 men
1270 1776 1467 1826 praeterire
1485 1775 1670 1822 nolumus,
1699 1786 1817 1824 nuper

1167 1833 1363 1869 admodum
1404 1831 1582 1882 prolatum
1629 1843 1650 1867 a
1684 1831 1727 1867 C.
1766 1830 1811 1866 O.

1167 1887 1322 1926 Miillero
1350 1888 1531 1935 (Etruscc.
1551 1887 1569 1924 I
1595 1901 1631 1938 p.
1650 1889 1717 1928 79.
1736 1884 1811 1931 50)

1167 1957 1233 1982 nec
1257 1945 1335 1982 sine
1356 1957 1490 1993 magna
1504 1944 1578 1982 veri
1597 1941 1728 1991 specie.
1759 1939 1813 1977 Ut

1167 2001 1263 2039 enim
1281 2002 1338 2038 vix
1356 2005 1495 2038 tantum
1510 1996 1725 2036 dissentiunt
1734 1996 1812 2033 He·-

1163 2058 1314 2093 rodotus
1347 2061 1456 2104 atque
1487 2053 1653 2090 Xanthus
1691 2051 1812 2101 (quo-

1163 2125 1242 2149 rum
1264 2112 1322 2149 ille
1346 2111 1381 2148 T
1383 2123 1552 2158 yrsenum
1580 2111 1685 2145 vocat
1711 2108 1809 2157 regis

1163 2167 1274 2204 filium
1299 2167 1490 2215 gentisque
1521 2167 1723 2211 auctorem,
1753 2164 1810 2200 hic

1164 2223 1200 2259 T
1203 2222 1437 2269 orrhebum),
1473 2221 1537 2270 qui
1568 2220 1662 2258 bene
1691 2220 1809 2257 conci-

1163 2278 1240 2314 liari
1259 2278 1421 2327 possint,
1461 2278 1510 2313 ita
1537 2289 1659 2314 vocem
1686 2276 1809 2326 primi-

1162 2334 1270 2371 tivam
1292 2335 1335 2371 C.
1370 2334 1415 2370 Ο.
1436 2333 1606 2370 Miillerus
1629 2332 1807 2370 existimat

1162 2403 1243 2427 esse
1270 2386 1492 2439 Τύῤῥαν,
1520 2401 1593 2438 qua
1617 2389 1703 2425 urbs
1731 2387 1808 2436 Ly-

1160 2446 1243 2483 diae
1264 2447 1310 2483 ad
1326 2447 1518 2494 Caystrum
1540 2445 1609 2480 sita
1635 2444 1808 2493 designe-

1159 2506 1239 2549 tur,
1268 2503 1365 2540 unde
1392 2514 1534 2539 omnem
1562 2500 1704 2549 Lydiae
1732 2505 1806 2537 tra-

1159 2562 1254 2595 ctum
1283 2558 1551 2596 meridionalem
1583 2555 1803 2593 Tmhebzzzm

1156 2614 1320 2651 dixerint.
1392 2614 1490 2652 Nam
1545 2613 1720 2663 Tyrrhum
1766 2615 1804 2648 et

1159 2669 1330 2708 Torrlnzm
1357 2671 1487 2709 eodem
1519 2669 1636 2706 redire
1661 2668 1717 2705 vix
1735 2667 1802 2705 du-

1156 2726 1262 2764 bium.

1347 2809 1379 2845 C·
1391 2821 1412 2845 a
1422 2821 1458 2859 p.
1490 2806 1605 2845 XCV.

1207 2886 1305 2931 ἀλλὰ
1321 2888 1388 2932 τὸν
1407 2888 1555 2932 ε’όντα
1573 2889 1698 2942 λέγειν
1719 2891 1742 2928 λ
1755 2885 1796 2929 o'-
