1877 3223
571 219 935 258 =CL10.1.
1368 226 1423 265 49

145 326 324 383 στήριον
351 327 398 371 τό
432 333 492 388 τςό
517 327 721 386 Ἀλυάττῃ
751 329 1004 386 γενόμενον,
1044 329 1271 385 πέμψαντα
1302 330 1420 386 ἄγγε-

144 410 222 449 λον
251 413 487 460 κατειπεῖν,
518 407 630 458 ὅκως
659 406 714 450 ἄν
741 424 783 451 τι
810 407 1019 462 προειδώς
1048 406 1157 462 πρὸς
1184 407 1232 450 τὸ
1260 409 1420 462 παρεὸν

121 485 415 542 3βουλεύηται.

473 486 683 542 Μιλήσιοι
720 486 798 542 μέν
833 503 916 529 νυν
957 486 1072 529 οὕτω
1101 486 1275 541 λέγουσι
1302 487 1419 541 γενέ-

34 563 95 607 21
145 569 260 608 σθαι.
296 564 523 621 Ἀλυάττης
553 566 621 617 δὲ,
654 564 712 616 ὥς
742 567 786 608 οἷ
812 569 947 608 ταῦτα
977 563 1232 621 ἐξαγγέλθη,
1264 563 1418 608 αὐτίκα

144 644 300 699 ἔπεμπε
342 645 511 700 κήρυκα
558 645 599 695 ἐς
636 646 859 700 ΙἉίλητον,
916 642 1181 699 βουλόμενος
1226 643 1462 695 σπονδαςῼό

143 723 409 778 ποιήσασθαι
449 722 746 779 Θρασυβούλῳ
785 738 829 765 τε
865 723 938 765 καὶ
967 724 1221 779 Μιλησίοισι
1255 722 1417 778 χρόνον

118 800 249 844 Ξὸσον
277 800 329 843 ἂν
357 800 434 845 τόν
462 800 572 857 νηόν
601 803 820 857 οἰκοδομῇ.
878 798 902 844 ὁ
931 801 1009 857 μὲν
1039 801 1092 858 δή
1115 801 1355 852 ἀπόστολος
1376 801 1419 853 ἐς

141 878 220 935 τὴν
256 881 453 936 Μίλητον
489 875 563 937 ἦν·
614 880 928 938 Θρασύβουλος
968 880 1013 924 δὲ
1053 880 1224 937 σαφέως
1259 896 1416 936 προπε-

96 1075 165 1111 pus
185 1057 459 1111 (βουλεύηται)
481 1062 617 1098 attendi
635 1063 743 1109 iubet,

98 1118 197 1165 quod
233 1117 425 1167 praeterito
465 1122 538 1153 tum
568 1118 742 1167 imprimis

98 1173 221 1210 subiici
243 1173 379 1219 soleat,
409 1173 470 1210 ubi
495 1173 640 1210 alicuius
663 1188 744 1212 ora-

97 1229 146 1265 tio
166 1229 222 1266 vel
243 1230 421 1266 sententia
441 1230 655 1278 proseratur.

298 1312 330 1349 c
342 1324 363 1348 a
374 1325 410 1361 p.
439 1311 539 1348 xxi.

151 1390 205 1440 ὥς
254 1394 296 1433 οἷ
339 1397 461 1433 ταῦτα
501 1394 742 1446 ἐξαγγέλθη]

95 1449 310 1502 ἐξαγγέλθη
334 1465 411 1488 cum
431 1451 545 1487 Schw.
567 1457 602 1488 et
625 1453 741 1489 Gaisf.

93 1508 168 1544 iure
192 1508 378 1554 dedimus,
407 1512 518 1556 atque
554 1521 636 1544 mox
665 1504 744 1558 κη’·

95 1578 215 1615 ρυκα
250 1564 336 1614 (pro
357 1560 610 1615 κήρυκας),
642 1566 742 1613 quod

92 1624 237 1669 praeter
278 1621 439 1656 codicum
490 1620 741 1658 auctoritatem

92 1676 180 1712 satis
203 1676 347 1712 firmant
367 1677 494 1714 verba:
526 1674 548 1715 ὁ
575 1692 602 1726 μ
617 1674 667 1715 ὲν
689 1674 739 1729 δή

94 1725 381 1777 ἀπόστολος
401 1747 434 1770 κ.
458 1746 489 1769 τ.
513 1734 548 1769 λ.

150 1784 173 1825 ὁ
193 1784 263 1837 μὲν
284 1785 332 1838 δὴ
361 1784 580 1834 α’πόστολος
609 1787 648 1835 ἐς
666 1786 739 1840 τήν

94 1843 279 1893 Μίλητον
316 1837 392 1894 ἦν]
467 1844 738 1892 Valckenarius,

95 1912 201 1948 quem
237 1900 445 1937 offendebat
478 1901 626 1936 verbum
659 1901 740 1951 εἰμί

93 1956 130 1991 in
149 1956 385 2003 significando
405 1960 504 1992 motu
533 1970 612 1992 cum
633 1970 739 2006 prae-

93 2012 274 2061 positione
296 2011 350 2057 εἰς
370 2011 566 2047 adhibitum
579 2040 588 2057 ‚
619 2012 739 2061 suspi-

93 2067 240 2104 cabatur
270 2066 308 2112 ἐς
329 2064 403 2116 τήν
423 2068 606 2115 ,Μίλητον
629 2064 694 2117 ἤϊε
716 2067 738 2103 i.

94 2137 124 2161 e.
153 2121 321 2159 Miletum
350 2123 460 2168 abiit,
491 2123 541 2158 uti
579 2122 617 2168 l,
650 2124 741 2163 113.

94 2182 187 2221 210.
216 2178 261 2225 V,
287 2179 351 2219 50.
375 2180 449 2223 323
488 2177 566 2213 vel:
607 2177 646 2223 ἐς
667 2175 742 2228 τήν

94 2236 280 2285 Μίλητον
302 2236 434 2285 παρῆν
457 2232 624 2270 ,Μῖίεἰιιηι
640 2247 740 2270 vene-

94 2295 172 2336 rat,·
203 2292 302 2340 qnod
330 2290 426 2326 haud
457 2290 665 2326 inusitatum
685 2294 741 2327 est

94 2347 266 2396 loquendi
286 2359 399 2395 genus
413 2345 550 2382 Nostro
571 2345 618 2393 (Ι,
630 2349 665 2386 9.
676 2345 740 2393 VI,

95 2403 149 2445 24
169 2404 254 2451 etc.)
275 2403 423 2451 aliisque
446 2402 676 2451 scriptoribus
689 2431 699 2448 ‚
719 2415 739 2440 e

93 2460 222 2508 quibus
249 2457 411 2508 exempla
430 2458 547 2495 attulit
565 2457 738 2495 Valcken.

94 2515 188 2551 Add.
197 2519 320 2551 notam
329 2518 489 2551 nostram
502 2515 549 2550 ad
558 2513 736 2550 Plutarch.

95 2570 221 2618 Pyrrh.
250 2572 276 2610 3
302 2571 377 2607 init.
404 2584 440 2620 p.
464 2569 542 2610 148
571 2582 626 2618 sq.
668 2569 738 2606 Cui

96 2626 320 2663 coniecturae
347 2639 426 2663 cum
451 2625 530 2662 libri
558 2637 631 2661 non
660 2626 736 2662 suf-

94 2683 281 2730 fragentur
292 2710 302 2727 ‚
314 2681 497 2730 vulgatum
516 2681 739 2718 retinuerunt

94 2737 232 2789 posteri
254 2737 433 2783 editores,
471 2749 549 2773 curn
581 2736 738 2783 omnino,

94 2799 135 2830 ut
155 2794 246 2830 bene
266 2793 372 2829 docet
407 2792 539 2829 Siebel.
567 2793 615 2828 ad
642 2791 738 2829 Pau-

96 2862 173 2887 san.
189 2848 274 2885 VHI
285 2878 295 2896 ,
318 2852 368 2889 10
385 2849 445 2886 fin.
465 2862 502 2900 p.
519 2849 599 2890 233
616 2848 737 2896 verba,

142 2904 350 2943 HERODOT.
380 2904 410 2942 Ι.

812 1075 905 1111 quae
948 1075 1037 1109 esse,
1093 1060 1210 1098 adesse
1244 1061 1461 1110 significant,

810 1119 989 1155 interdum
1011 1129 1089 1154 cum
1110 1119 1380 1168 praepositione
1404 1117 1461 1162 εἰς

811 1174 1022 1223 copulentur
1051 1174 1125 1220 ita,
1164 1178 1205 1210 ut
1249 1175 1320 1210 duo
1357 1173 1459 1209 simul

810 1243 882 1267 una
907 1229 1062 1266 formula
1091 1230 1309 1266 indicentur:
1340 1233 1376 1266 et
1399 1242 1460 1265 ve-

812 1289 886 1322 m're
914 1289 951 1322 in
987 1286 1097 1321 locum
1130 1290 1166 1322 et
1207 1298 1276 1321 esse
1307 1287 1344 1321 in
1376 1284 1460 1320 loco.

812 1341 933 1389 Atque
967 1342 1037 1377 vid.
1073 1342 1251 1377 Herodot.
1286 1341 1359 1385 Ill,
1396 1343 1461 1380 80.

812 1397 884 1442 IX,
914 1399 939 1436 6
972 1400 1008 1432 et
1042 1408 1127 1431 vero
1161 1396 1386 1444 potissimum
1415 1395 1461 1441 V,

811 1454 884 1492 38:
924 1447 1086 1501 δεύτερα
1121 1448 1240 1498 αὐτὸς
1268 1450 1306 1497 ἐς
1332 1454 1463 1489 Λακε-

812 1508 982 1557 δαίμονα
1030 1503 1185 1559 τριήρεϊ
1239 1502 1462 1546 ςῖπόστο-

809 1567 895 1610 λος
925 1563 1144 1615 ἐγίνετο,·
1181 1576 1254 1612 quo
1277 1564 1355 1600 loco
1377 1562 1462 1599 Ari-

808 1625 993 1668 stagoraiu
1026 1620 1234 1668 navigando
1272 1619 1462 1656 Lacedae-

807 1689 953 1714 monem
980 1675 1139 1713 delatum
1168 1689 1249 1713 esse
1276 1676 1461 1712 doeemur.

806 1733 903 1769 Hinc
919 1736 1043 1768 nostro
1067 1745 1213 1781 quoque
1235 1731 1313 1768 loco
1338 1731 1460 1768 omnia

807 1801 899 1825 sana
936 1802 1018 1826 esse
1051 1791 1215 1838 apparet.
1273 1786 1333 1824 Ad
1365 1782 1460 1825 οἷπό-

808 1847 943 1890 στολος
979 1845 1096 1894 possit
1141 1844 1220 1893 quis
1263 1844 1459 1891 cogitando

806 1901 944 1937 addere
973 1896 1118 1951 κήρυξ,
1150 1899 1459 1947 quemadmodum

806 1956 984 1992 invenitur
1043 1955 1153 1990 etiam
1199 1950 1242 1991 w*
1291 1948 1459 1991 εἷπόστο-

806 2012 876 2048 λον
917 2023 967 2045 sc.
994 2011 1135 2047 πλοῖον
1184 2008 1310 2056 (quod
1339 2009 1457 2057 ipsum

809 2066 902 2102 adeo
930 2065 1084 2101 subinde
1111 2064 1292 2111 additum)
1323 2065 1369 2101 de
1392 2077 1458 2100 mz-

808 2123 847 2157 υί
873 2122 1047 2166 vectoria,
1096 2120 1147 2155 uti
1176 2120 1297 2156 docuit
1328 2119 1458 2156 Ruhn-

808 2176 936 2214 kenius
970 2177 1017 2212 ad
1046 2175 1189 2212 Timaei
1218 2175 1340 2212 Lexic.
1373 2176 1457 2212 Pla-

807 2236 882 2269 ton.
908 2246 944 2281 p.
973 2231 1038 2272 43.
1070 2231 1192 2273 Quare
1223 2244 1298 2267 non
1328 2231 1456 2267 mirum

807 2285 874 2327 τὸν
905 2283 1123 2327 οἷπὸστολον
1157 2288 1241 2323 dein
1267 2288 1314 2323 de
1350 2286 1457 2323 classi

807 2345 890 2393 ipsa
948 2357 975 2379 s.
1032 2342 1187 2380 exercitu
1239 2343 1307 2379 dici
1356 2343 1457 2392 apud

805 2400 983 2437 Plutarch.
1038 2399 1207 2435 Phocion.
1269 2411 1346 2447 cap.
1402 2401 1453 2438 11

804 2469 840 2507 p.
860 2455 954 2501 746,
972 2455 1016 2491 E.
1047 2454 1100 2491 Ut
1117 2455 1210 2491 enim
1227 2452 1455 2492 στέλλεσθαι

803 2512 1033 2561 potissimum
1065 2511 1111 2547 de
1133 2512 1306 2546 maritimo
1331 2512 1454 2545 itinere

802 2572 995 2616 usurpatur
1019 2567 1085 2614 (de
1104 2579 1176 2614 quo
1204 2566 1267 2602 Cr.
1298 2566 1453 2602 conferri

802 2623 877 2660 mlt
899 2627 987 2659 nott.
1011 2623 1059 2658 ad
1085 2621 1216 2658 Plotia.
1240 2623 1287 2658 de
1313 2621 1450 2671 pulerit.

805 2692 841 2729 p.
860 2679 942 2720 356
961 2682 996 2715 et
1015 2677 1222 2714 Stallbaum.
1249 2678 1297 2714 ad
1309 2677 1450 2714 Platon.

803 2735 941 2771 Phileb.
970 2748 1006 2784 p.
1042 2734 1165 2781 159),
1208 2733 1306 2769 haud
1348 2733 1451 2770 aliter

803 2790 979 2827 invenitur
1044 2784 1351 2827 εἷποστέλλεσθαι
1414 2791 1452 2825 et

804 2859 898 2896 quae
917 2847 1000 2883 inde
1021 2845 1246 2891 derivm1tur3
1275 2845 1374 2893 quod
1394 2849 1450 2880 ta-

1202 2903 1229 2939 4
