1909 3228
662 221 967 262 CL10.1.

1361 222 1445 263 463

163 330 430 390 8,,έλᾷςῖθΰ
460 334 537 388 τῆς
567 329 701 387 ἀρχῆς
729 336 804 388 τῆς
839 330 1070 387 Τομύριος.
1121 330 1267 384 Χωρίς
1293 346 1338 373 τε
1366 334 1448 373 τοῦ

189 445 215 464 „
229 410 509 468 ἀπηγημένου
519 444 531 464 ,
569 411 750 468 αἰσχρόν
777 411 851 455 καὶ
881 409 964 455 οὐκ
995 409 1251 466 ἀνασχετὸν,
1290 407 1445 465 Κῦρόν

188 507 270 546 ,,γε
298 489 375 534 τὸν
404 488 648 547 Καμβύσεω
678 491 853 546 γυναικὶ
873 491 1043 542 εἴξαντα
1064 488 1349 546 ὑποχωρῆσαι
1371 492 1446 545 τῆς
1456 494 1501 529 65

159 568 375 627 9,,χώρης.
433 572 535 613 Νῦν
565 565 628 612 ὦν
656 586 729 626 μοι
759 569 918 621 δοκέει,
949 568 1184 625 διαβάντας
1212 572 1443 621 προελθεῖν

186 649 329 701 »ὅσον
360 648 415 693 ἂν
439 649 595 693 ἐκεῖνοι
625 650 830 701 διεξίωσι·

889 647 1095 691 ἐνθεῦτεν
1135 648 1179 691 δὲ
1218 647 1319 691 τάδε
1349 663 1443 691 ποι-

185 732 398 781 ,,εῦντας,
438 731 672 782 πειρᾶσθαι
701 728 878 771 ἐκείνων
906 725 1218 782 περιγενέσθαι.
1276 724 1333 777 ὠς
1360 726 1444 783 γαρ

185 841 209 859 ,,
222 808 304 863 ἐγώ
341 806 628 862 πυνθάνομαι
640 838 650 856 ,

713 806 996 861 Μασσαγέται
1044 806 1125 848 εἶσὶ
1170 802 1351 860 ἀγαθῶν
1399 822 1443 849 τε

184 919 209 937 ,,
223 890 450 941 Περσικῶν
478 885 672 941 ἄπειροι,
720 885 793 929 καὶ
829 888 978 928 καλῶν
1017 882 1216 940 μεγάλων
1246 882 1499 937 ἁπαθέες.7ο

129 965 411 1017 10,,τούτοισι
448 961 511 1009 τόν
539 971 652 1009 τοῖσι
689 963 897 1018 ἀνδράσι,
934 968 1023 1007 τῶν
1061 963 1296 1018 προβάτων
1325 962 1444 1020 ἀφει-

183 1045 328 1097 ,,δέως
357 1044 498 1088 πολλοὶ
529 1043 880 1095 κατακόψαντας,
911 1044 984 1087 καὶ
999 1041 1313 1095 σκευάσαντας,
1334 1059 1443 1098 προ-

182 1129 363 1175 ,,θεῖναι
393 1124 440 1168 ἐν
468 1128 530 1181 τῷ
561 1122 834 1180 στρατοπέδῳ
865 1127 924 1182 τῷ
954 1121 1143 1180 ἡμετέρῳ
1165 1124 1307 1166 δαῖτα·
1336 1122 1444 1178 πρὸς

183 1203 287 1256 ,,δὲ,
327 1203 400 1247 καὶ
434 1208 652 1261 κρητῆρας
689 1201 900 1258 ἀφειδέως
937 1204 1063 1246 οἴνου
1100 1200 1314 1258 ἀκρήτου,
1369 1204 1443 1246 καὶ

127 1289 205 1334 11,,
219 1284 333 1326 σιτία
361 1288 558 1327 παντοῖα.
598 1281 864 1338 ποιήσαντας
895 1282 940 1325 δὲ
968 1285 1126 1334 ταῦτα,
1162 1278 1499 1338 ὑπολειπομέ-75

180 1377 324 1412 ,,νους
352 1365 427 1417 τῆς
456 1365 656 1418 στρατιῆς
685 1361 734 1404 τὸ
764 1359 1091 1415 φλαυρότατον,
1130 1359 1233 1411 τούς
1263 1361 1444 1413 λοιπούς

126 1446 170 1479 12
185 1472 210 1490 ,,
224 1434 346 1490 αὖτις
375 1440 680 1496 ἐξαναχωρέειν
708 1439 778 1483 ἐπὶ
807 1438 887 1482 τόν
915 1437 1124 1494 ποταμόν.
1161 1438 1216 1495 ἢν
1244 1439 1328 1495 γὰρ
1357 1440 1441 1496 ἐγώ

179 1516 391 1576 »γνώμης
421 1519 479 1576 μή
511 1517 711 1575 ἁμάρτω,
759 1523 899 1562 κεῖνοι
929 1517 1125 1574 ἰδόμενοι
1162 1515 1310 1574 ἀγαθοὶ
1339 1523 1442 1563 πολ·

178 1595 291 1649 ,,λοὶ,
331 1596 567 1651 τρέψονταί
595 1615 639 1642 τε
670 1597 780 1653 πρὸς
811 1597 942 1651 αὐτὰ,
979 1599 1052 1641 καὶ
1083 1596 1186 1655 ἡμῖν
1212 1599 1262 1642 τὸ
1292 1598 1443 1643 ἐνθεῦ-

176 1690 285 1728 ,,τεν
311 1678 500 1723 λείπεται
529 1677 731 1731 ἀπόδεξις
761 1678 902 1734 ἔργων
930 1676 1171 1735 μεγάλων.“

122 1929 218 1961 νους
240 1912 332 1969 ἐλᾷς
351 1912 425 1955 ἰθύ
442 1918 512 1965 τῆς
529 1912 678 1967 α’ρχῆς]
706 1914 773 1956 α’ν-

119 1969 354 2022 τιουμὲνους
382 1973 518 2010 dabant
541 1974 667 2024 optimi
695 1975 775 2023 qui-

120 2040 192 2076 que
222 2029 384 2076 codices,
412 2029 558 2067 minime
583 2030 640 2066 hic
672 2043 774 2080 sper-

119 2084 242 2120 nendi.
301 2085 396 2122 Olim
429 2084 772 2136 ἐναντιουμένους,

119 2141 220 2188 quod
240 2139 505 2190 iVesselingius
536 2142 703 2190 retinuit,
732 2147 774 2180 ut

119 2194 212 2243 vll,
236 2199 296 2237 10.
314 2198 378 2239 49.
403 2197 491 2234 Mox
514 2212 592 2235 cum
605 2198 773 2248 Schwgh.

120 2252 326 2303 scripsimus
346 2250 420 2292 ἰθυ
442 2268 510 2305 pro
530 2251 647 2301 ἰθύς,
678 2260 713 2292 et
734 2255 771 2291 in

119 2321 222 2357 seqq.
255 2312 414 2361 Κῦρον,
445 2311 586 2348 abiecto
620 2311 770 2348 articulo

118 2360 213 2412 τὸν,
242 2367 305 2415 qui
331 2366 416 2403 vult*
392 2380 438 2416 go
470 2367 698 2417 praepositus
719 2367 771 2404 le-

119 2420 227 2468 gitur.
254 2442 310 2449 -—
339 2422 379 2459 ln
407 2424 598 2486 participio
620 2419 771 2475 οἷπηγη-

120 2473 241 2524 μένου
280 2477 338 2514 hic
373 2479 553 2528 passixain
604 2486 771 2517 notamus

118 2531 210 2579 vim,
241 2533 288 2570 de
317 2546 389 2582 qua
409 2535 539 2572 Matth.
563 2549 649 2586 pag
676 2539 770 2578 931·

117 2586 219 2624 Idem
246 2601 332 2638 pag.
357 2593 438 2631 667
468 2597 696 2642 comparetur
723 2594 772 2630 ad

115 2644 226 2706 verba
247 2643 401 2692 εἴξαντα
422 2645 680 2700 ’ὑποχωρῆσαι
699 2651 771 2700 τῆς

115 2712 261 2751 2⁶⁰st-

172 2814 387 2861 πειρᾶσθαι
426 2813 589 2854 ἐκείνων
614 2829 767 2867 περιγε-

118 2847 280 2916 νὲσθαι]
317 2869 436 2919 Vulgo
477 2872 764 2924 περιγίνεσθαι.

842 1918 955 1962 Quod
987 1920 1235 1970 reposuimus,
1265 1919 1344 1957 libri
1371 1919 1496 1971 optimi

842 1975 991 2012 dabant.

896 2053 1072 2097 τούτοισι
1102 2052 1158 2097 ὦν
1188 2063 1289 2098 τοῖσι
1324 2054 1496 2108 οἷνδρᾶσι

840 2116 920 2153 τῶν
946 2110 1161 2166 προβάτων
1190 2131 1225 2155 κ.
1247 2131 1279 2153 τ.
1303 2114 1360 2166 λ.]
1400 2116 1496 2153 Pen-

842 2171 930 2207 dent
942 2171 1030 2208 haec
1047 2172 1092 2208 ab
1104 2173 1415 2219 antecedentibus,
1439 2173 1496 2210 hic

840 2232 962 2264 mente
980 2228 1208 2277 repetendis:
1241 2231 1316 2267 νῦν
1342 2230 1398 2266 ὠν
1428 2243 1494 2278 μοι

841 2282 979 2322 δοκέει.
997 2306 1053 2311 -
1077 2280 1259 2334 πρόβατα
1277 2298 1370 2334 quae
1396 2290 1494 2332 sunt,

839 2340 1041 2376 monuimus
1070 2341 1116 2376 ad
1141 2341 1177 2387 l,
1201 2343 1291 2382 133.
1324 2341 1390 2378 Cr.
1408 2354 1495 2379 con-

841 2397 910 2432 fert
933 2396 1095 2433 Eustath.
1119 2398 1166 2433 ad
1187 2398 1323 2445 Odyss.
1354 2397 1412 2446 X,
1439 2399 1494 2440 82

840 2473 895 2479 —
910 2453 962 2493 85
982 2466 1068 2502 pag.
1089 2455 1171 2494 384
1190 2454 1303 2491 Basil.

897 2536 1071 2575 λείπεται
1093 2532 1280 2584 ἀπόδεξις
1293 2536 1416 2591 ἔργων
1428 2553 1493 2590 με-

839 2591 997 2644 γάλων]
1039 2594 1062 2630 i.
1100 2607 1130 2631 e.
1179 2593 1321 2631 dabitur
1358 2597 1493 2633 occasio

838 2661 969 2698 magna
983 2650 1154 2700 facinora
1173 2650 1303 2688 edendi.
1323 2651 1380 2689 De
1394 2646 1492 2691 α’πό-

839 2706 941 2753 δεξις
971 2707 1122 2743 vidimus
1149 2707 1196 2743 ad
1227 2709 1347 2759 operis
1370 2708 1491 2746 Hero-

838 2763 936 2800 dotei
964 2763 1113 2799 initium.
1144 2784 1199 2790 —
1227 2764 1286 2801 Ad
1313 2761 1491 2815 ἰδόμενοι

836 2818 872 2854 in
893 2819 1055 2868 proxime
1075 2821 1373 2858 antecedentibus
1394 2824 1487 2859 conf.

836 2874 966 2911 Matth.
989 2888 1076 2926 pag.
1098 2876 1192 2917 450.
