1909 3228
702 225 998 265 cL10.1.

104 337 200 383 148
223 333 332 378 κατά
362 332 507 389 φόνου
543 333 641 378 τινα
681 338 852 390 σκῆψιν.

1394 230 1478 271 3423

918 334 976 378 Τό
1019 336 1065 379 δὲ
1095 334 1348 379 Πανιώνιον
1383 339 1802 382 ἐστὶ75.Ῑ’·Ί“ῑ““ῑ“ῐ“,1οω8

218 417 293 469 τῆς
322 413 533 469 Μυκάλης
560 417 699 470 χῶρος
728 414 823 467 ἱρὸς
848 417 957 468 πρὸς
984 413 1145 470 ἄρκτον
1170 418 1470 472 τετραμμένος,

217 496 345 549 κοινῇ
374 492 708 549 ἐξαραιρημένος
747 493 836 537 ὑπὸ
872 492 1031 537 Ἰώνων
1067 494 1333 538 Ποσειδέωνι
1367 495 1470 540 Ἐλι-

215 573 379 628 κωνίῳ·
408 571 434 627 ἡ
467 572 511 615 δὲ
541 572 729 628 ,Μυκάλη
770 572 856 615 ἐστὶ
885 576 961 628 τῆς
988 572 1169 629 ἠπείρου
1199 572 1332 631 ἄκρη,
1361 575 1470 630 πρός

218 651 407 706 ζέφυρον
431 649 594 707 ἄνεμον
621 650 870 707 κατήκουσα
899 650 1062 708 Σάμῳ,
1093 652 1136 703 ἐς
1166 652 1243 709 τήν
1272 653 1469 711 συλλεγό-

214 746 339 785 μενοι
368 728 454 772 ἆπὸ
487 733 575 772 τῶν
614 732 781 773 πολίων
801 728 968 782 Ἴωνες,
1008 729 1191 785 ἄγεσκον
1221 730 1376 789 ὁρτὴν,
1414 737 1468 792 τῇ
1479 742 1524 775 80

184 808 369 852 Ξέθεντο
400 807 567 864 οὕνομα
599 807 839 853 Πανιώνια.
890 807 1135 853 πεπόνθασι
1165 810 1211 854 δὲ
1238 811 1333 855 οὔτι
1361 816 1465 868 μοῦ-

208 884 440 929 ναιαίἸ’
571 885 581 900 ‘
667 887 677 903 ¹
763 891 781 899 '⁴
901 888 910 901 ⁷
980 887 1127 916 '⁸¹‘
1214 888 1238 915 ‘¹
1409 889 1420 904 '

407 902 533 930 ωνων
559 904 679 942 ορταε
701 904 854 942 τουτο,
885 893 991 932 αλλα
1020 905 1093 932 ,ιαι
1128 892 1331 945 Ελληνων
1359 905 1463 934 παν-

206 980 296 1008 των
325 964 487 1020 ὁμοίως
509 969 645 1010 πᾶσαι
670 967 713 1019 ἐς
741 965 882 1012 τώυτὸ
911 966 1088 1025 γράμμα
1115 971 1362 1021 τελευτῶσι,
1389 985 1462 1013 κα-

148 1184 264 1222 dimus
276 1199 286 1231 3
296 1185 342 1233 V,
354 1188 418 1227 30.
430 1185 510 1233 VII,
523 1186 613 1227 168.
625 1184 698 1222 Pro
709 1181 799 1223 τινὰ

145 1241 507 1292 Schweighaeuserus
532 1241 656 1279 maluit
676 1237 798 1288 τινός.

313 1326 344 1363 C
356 1339 378 1363 a
386 1339 424 1377 p.
455 1325 657 1363 CXLVIII.

197 1404 243 1448 ‘ro'
273 1405 317 1448 δὲ
345 1405 579 1448 Πανιώνιον
612 1407 691 1448 έστὶ
723 1411 794 1460 τῆς

140 1461 342 1516 Μυκάλης
363 1468 490 1517 χῶρος
521 1462 627 1516 ἱρὸς]
659 1465 792 1502 Panio-

138 1522 239 1560 nium
264 1526 369 1559 terna
407 1522 526 1559 stadia
554 1521 643 1558 mari
670 1534 791 1558 remo-

136 1582 232 1627 tum,
262 1579 299 1615 in
318 1579 440 1617 radice
461 1579 592 1615 montis
613 1577 788 1626 Mycales,

135 1638 283 1672 auctore
300 1635 471 1672 Strabon.
494 1634 580 1671 XIV
595 1647 682 1685 pag.
704 1636 787 1675 947

136 1703 166 1727 s.
190 1704 228 1741 p.
248 1692 341 1732 639.
399 1690 566 1728 Nominis
593 1691 705 1741 ipsius
727 1703 787 1728 ra-

135 1746 272 1784 tionem
311 1746 416 1784 facile
456 1751 511 1785 est
557 1748 785 1797 perspicere3

136 1802 317 1851 genitivus
333 1804 383 1852 τῆ
386 1817 404 1848 ς
416 1798 616 1852 Μυκάλης
628 1803 785 1852 pertinet

135 1859 184 1895 ad
211 1858 321 1895 verba
339 1855 439 1910 πρός
460 1855 606 1909 ἄρκτον
626 1872 784 1908 τετραμ-

135 1912 273 1963 μένος,
319 1913 376 1951 vel
425 1919 522 1952 certe
561 1914 781 1962 cogitatione

134 1971 203 2008 erit
231 1971 279 2007 ad
305 1970 367 2007 illa
394 1971 634 2021 repetendus,
663 1971 714 2006 ita
742 1973 782 2006 ut

132 2026 231 2064 locus
258 2027 329 2064 iste
365 2039 466 2063 sacer
497 2026 782 2076 septentrionem

131 2095 258 2120 versus
277 2095 298 2119 a
317 2081 460 2131 Mycale
481 2083 572 2119 situs
590 2083 703 2120 fuisse
723 2083 781 2119 di-

130 2142 242 2177 catur.

184 2196 306 2249 κοινῇ
351 2192 656 2246 ἐξαραιρημένος
702 2190 783 2233 find

127 2246 272 2290 Ἰιόνων
291 2249 534 2290 Ποσειδέωνι
550 2248 782 2302 Ἑλικωνίῳ]

130 2306 434 2360 ἐξαραιρημένος
444 2307 570 2344 Ionum
580 2320 680 2344 more
690 2320 781 2356 aug-

129 2368 251 2402 mento
261 2364 483 2414 reduplicato
506 2377 573 2414 pro
595 2361 779 2418 ἐξῃρημέ-

128 2434 221 2468 νος,
259 2420 394 2457 indicat
421 2420 539 2457 locum
564 2424 732 2458 exemtum
763 2433 781 2457 e

128 2476 293 2526 reliqui-5,
323 2481 359 2514 et
381 2477 418 2513 in
437 2490 542 2513 usum
563 2489 702 2514 sacrum
725 2489 778 2513 se-

129 2532 264 2569 lectum.
296 2533 403 2570 conf.
422 2532 486 2580 IV,
509 2535 600 2574 161.
622 2533 669 2581 Π,
684 2534 776 2574 168.

128 2587 182 2625 Ac
206 2589 376 2637 frequens
402 2588 470 2626 hac
492 2590 642 2627 notione
676 2589 776 2627 adie-

127 2646 258 2682 ctivum
279 2640 480 2695 ἐξαιρετός.

184 2700 358 2750 Neptuno
373 2701 454 2738 huic
472 2712 603 2737 nomen
624 2703 681 2738 est
699 2699 775 2737 He-

127 2756 274 2804 ticonio,
302 2757 347 2794 ab
369 2756 515 2803 Helice,
544 2755 702 2794 Achaiae
714 2769 775 2793 ur-

128 2814 191 2860 be,
221 2814 257 2849 in
276 2826 348 2862 qua
370 2813 476 2851 Iones
497 2812 580 2849 olim
601 2813 773 2863 templum

126 2870 174 2907 illi
186 2874 456 2917 exstruxerant,
486 2869 586 2920 quod
605 2865 772 2922 άγιῶτα·

865 1200 935 1224 τον
948 1185 1037 1237 ipsis
1050 1185 1162 1224 fuisse
1178 1186 1289 1224 tradit
1300 1185 1511 1225 Pausanias,

865 1242 976 1279 Unde
996 1242 1147 1293 posthac
1163 1242 1276 1293 pulsi,
1302 1244 1339 1280 in
1357 1243 1511 1281 Atticam

864 1310 906 1334 ac
923 1299 1009 1336 dein
1030 1297 1154 1334 Asiam
1173 1299 1380 1336 colonorum
1409 1313 1510 1338 more

863 1354 973 1391 deum
1000 1354 1157 1404 patrium
1196 1368 1318 1393 secum
1353 1357 1509 1394 advexe-

861 1413 967 1457 runt,
999 1409 1247 1459 templumque
1276 1411 1309 1448 ei
1334 1412 1508 1449 condide-

858 1468 962 1512 runt,
1000 1468 1140 1502 retento
1183 1466 1242 1503 dei
1278 1467 1426 1515 antiquo
1463 1479 1506 1504 ac

857 1521 970 1571 priori
998 1522 1223 1570 cognomine.
1259 1522 1366 1559 Conf.
1383 1522 1504 1559 strab.

857 1577 942 1614 VIII
964 1591 1000 1628 p.
1026 1579 1107 1619 589
1136 1591 1165 1614 s·
1181 1591 1219 1628 p.
1238 1577 1322 1619 384
1350 1579 1407 1615 ed.
1429 1579 1504 1615 Ca-

855 1634 958 1671 saub.
977 1638 1014 1671 et
1032 1633 1191 1671 Pausan.
1226 1634 1292 1671 Vll
1304 1663 1316 1682 ,
1334 1633 1387 1676 24
1404 1632 1440 1685 ἓ.
1462 1634 1500 1675 4.

853 1688 907 1727 Ac
942 1694 1087 1739 praeter
1122 1690 1334 1741 Neptunum
1366 1690 1502 1728 mentio

853 1745 895 1782 fit
921 1746 1095 1795 Apollinis
1121 1746 1308 1791 Panionii‚·
1346 1747 1393 1784 de
1427 1759 1500 1795 quo

851 1805 973 1838 tamen
993 1803 1098 1852 plura
1122 1816 1197 1839 non
1221 1806 1399 1840 constant.
1438 1802 1498 1839 Cf.

852 1856 1060 1896 Schneider.
1083 1860 1131 1895 ad
1149 1859 1285 1895 Vitruv.
1315 1859 1362 1895 de
1381 1857 1498 1894 archi-

850 1915 932 1949 tect.
952 1913 1023 1961 IV,
1061 1917 1080 1954 1
1116 1913 1153 1965 §.
1176 1915 1202 1955 5
1240 1914 1304 1964 (p.
1323 1915 1405 1954 230
1432 1925 1499 1950 an-

848 1969 972 2016 nott.).

903 2020 1004 2075 πρός
1025 2021 1194 2074 ζέφυρον
1214 2020 1361 2074 ἄνεμον
1378 2018 1496 2074 κατή-

847 2092 974 2118 κουσα
998 2075 1149 2133 Σάμῳ]
1178 2081 1200 2116 i.
1235 2093 1265 2117 e.
1292 2080 1495 2117 occidentem

848 2148 967 2172 versus
979 2139 1161 2187 porrigens
1183 2149 1213 2173 s,
1228 2136 1429 2185 pertendens
1447 2136 1495 2173 ad

851 2192 1017 2236 semum,-
1045 2194 1093 2230 ita
1114 2197 1154 2229 ut
1175 2193 1395 2230 occidentem
1412 2205 1494 2230 ver-

848 2262 910 2285 sus
935 2262 957 2286 a
976 2249 1118 2297 Mycale
1137 2249 1379 2299 proficiscenti
1407 2261 1494 2298 pro-

847 2306 942 2342 xima
958 2306 1004 2342 sit
1022 2306 1164 2342 Samus,
1176 2325 1232 2332 —-
1242 2304 1300 2342 De
1313 2304 1494 2343 locutione

846 2358 948 2413 πρός
974 2359 1143 2412 ζέφυρον
1169 2358 1339 2410 ἄνεμον,
1370 2360 1431 2397 ubi
1451 2358 1493 2399 ἅ-

847 2432 968 2468 νεμον
995 2419 1179 2455 abundare
1206 2419 1364 2463 videtur,
1394 2418 1489 2454 conf.

846 2474 875 2521 I,
888 2474 1087 2516 6.—-Mox
1103 2475 1139 2510 in
1153 2474 1270 2511 verbis
1291 2468 1367 2512 οἷπὸ
1389 2487 1410 2510 τ
1421 2475 1455 2512 αῖ
1467 2488 1492 2511 ν

844 2531 996 2570 πολίων
1035 2531 1182 2568 attende
1226 2529 1364 2566 articuli
1398 2530 1489 2566 vim:

845 2600 889 2625 ex
915 2589 960 2624 iis
983 2587 1171 2624 duodecim
1200 2586 1401 2622 civitatibus
1432 2585 1491 2622 Io-

842 2657 928 2681 num
959 2644 996 2680 in
1032 2642 1140 2690 Asia,
1169 2643 1218 2680 de
1246 2643 1375 2691 quibus
1404 2645 1490 2679 ante

841 2705 958 2738 actum
980 2704 1046 2737 est.

898 2755 937 2802 ές
953 2751 1075 2794 τῶυτό
1090 2751 1249 2806 γράμμα
1268 2752 1486 2802 τελευτῶσι]

841 2815 1047 2852 τελευτῶσι
1080 2825 1159 2848 enm
1194 2813 1342 2848 recentt.
1386 2809 1487 2846 editt.

843 2873 1013 2920 rescripsi
1036 2881 1103 2920 pro
1125 2869 1375 2916 τελευτῶσαι,
1390 2866 1492 2916 quod

1527 385 1557 403 ιιι
1584 377 1703 411 Mycale
1733 386 1801 412 pro-

1527 410 1674 437 montorio
1707 419 1802 446 sacer,

1527 446 1558 470 et
1575 443 1737 478 Panionia,
1756 445 1800 472 se·

1526 480 1620 503 stum:
1682 478 1799 505 Graeca

1526 509 1605 537 festa
1627 510 1657 536 in
1676 511 1799 539 eandem

1526 544 1625 570 omnia
1668 544 1797 573 litteram

1525 577 1674 606 exeuntia.
