1909 3228
550 229 1069 268 EUTERPE.11.

169 370 193 389 „
205 338 290 380 Δία
303 370 314 383 ,

1341 230 1425 272 579

428 338 437 353 1
517 337 526 351 ἱ
643 337 652 351 7
724 338 734 353 Ί
781 338 790 352 1
935 337 945 351 1
1025 341 1041 349 αν
1171 336 1182 350 Γ
1224 334 1235 350 9
1310 334 1321 350 9
1389 340 1408 350 u

371 353 443 379 και
480 354 558 381 τον
598 355 681 381 ουκ
718 342 882 381 εθελειν
921 342 1117 393 οφθηναι
1154 352 1218 380 vn:
1267 353 1420 381 αυτου.

134 423 188 468 5„
202 417 322 466 τέλος
352 417 420 461 δὲ,
453 416 543 460 ἐπεί
571 434 615 460 τε
637 417 856 471 λιπαρέειν
876 417 952 460 τὸν
975 415 1209 472 ἹΙρακλὲα,
1239 415 1314 459 τὸν
1333 417 1421 459 Δία
1433 423 1477 458 25

168 493 565 550 ,,μηχανη’σασθαι,
618 495 746 550 κριὸν
775 495 1049 549 ἐκδείραντα,
1095 494 1355 550 προέχεσθαί
1377 511 1422 539 τε

165 606 191 625 ,,
202 573 281 629 τὴν
308 574 502 631 κεφαλήν
531 573 809 629 ἀποταμόντα
837 578 915 618 τοῦ
944 577 1097 628 κριοῦ,
1136 573 1208 616 καὶ
1236 571 1421 617 ἐνδύντα

137 651 252 703 6,,τό
283 651 438 706 νάκος,
488 653 602 696 οὕτω
633 652 677 697 οἷ
717 652 881 697 ἑωυτὸν
909 653 1135 704 ἐπιδέξαι.“
1185 650 1286 695 'And
1315 651 1420 696 τού-

165 748 247 775 του
275 730 612 787 κριοπρόσωπον
639 735 719 775 τοῦ
748 730 856 782 Διὸς
892 729 1097 787 τῶγαλμα
1132 735 1304 775 ποιεῦσι
1334 733 1414 774 Αἰ-

106 960 246 1007 nuisse,
278 972 372 1009 quae
399 959 433 997 h.
455 960 477 997 l.
505 961 671 1010 proditur
699 962 756 998 fa-

105 1016 208 1063 bula,
239 1029 320 1054 eam
346 1017 392 1053 ad
414 1018 569 1054 rationes
586 1017 753 1067 physicas

105 1073 336 1121 siderumque
361 1076 517 1109 meatum
537 1074 649 1110 videri
671 1087 755 1123 spe-

104 1133 222 1175 ctare,
255 1129 430 1177 siquidem
452 1129 535 1165 talia
553 1130 755 1167 istiusmodi

104 1184 233 1221 fabulis
253 1198 274 1221 a
292 1186 472 1222 veteribus
493 1185 675 1222 declarata
698 1187 756 1222 fu-

105 1240 175 1278 isse
196 1241 282 1278 satis
301 1245 356 1278 est
370 1245 503 1278 notum.
534 1242 757 1290 Cogitabant

104 1297 198 1334 enim
215 1297 407 1334 Herculem
436 1297 546 1334 solem
562 1298 756 1345 vernalem,

103 1353 164 1401 qui
185 1354 378 1402 quotannis
397 1367 480 1390 vere
503 1354 651 1390 ineunte
674 1367 755 1390 cur-

102 1421 180 1445 sum
207 1422 310 1445 suum
344 1409 535 1446 coelestem
567 1409 754 1446 instituere

102 1464 228 1511 soleat,
259 1477 332 1513 quo
353 1478 372 1502 e
392 1468 489 1502 terra
506 1465 626 1501 omnia
644 1465 753 1501 semi-

100 1533 148 1557 na
159 1521 195 1556 in
215 1520 324 1557 altum
341 1522 538 1558 educantur
556 1525 591 1558 et
607 1521 655 1557 ad
675 1534 753 1557 ma-

99 1578 280 1614 turitatem
299 1579 521 1627 perveniant.
544 1578 600 1614 Cf.
620 1578 750 1614 Creuz.

99 1632 252 1682 Dionys.
286 1646 371 1683 pag.
404 1633 480 1674 146
505 1646 582 1682 seq.
641 1634 752 1677 Quod

99 1689 216 1738 ipsum
238 1691 274 1726 in
293 1689 379 1726 illud
399 1690 483 1726 anni
504 1694 644 1739 tempus
665 1689 753 1726 inci-

100 1746 174 1791 dit,
204 1746 265 1782 ubi
291 1746 344 1782 sol
376 1750 540 1783 versatur
565 1746 601 1781 in
629 1745 750 1782 arietis

101 1802 206 1849 signo
236 1801 406 1847 coelesti,
455 1802 554 1850 quod
595 1802 750 1851 primum

101 1857 246 1892 omnino
274 1859 388 1894 fertur
415 1857 451 1893 in
487 1857 750 1906 Aegyptiorum

101 1913 284 1959 Zodiaco,
323 1913 496 1961 quodque
527 1913 609 1949 hinc
639 1913 749 1949 etiam

99 1966 237 2005 sunnin)
266 1969 358 2005 Iovis
382 1969 527 2006 numine
560 1969 752 2005 tesseraria

97 2026 236 2062 ratione
254 2026 440 2061 indicatur.
466 2025 555 2061 Inde
567 2024 749 2073 explican-

98 2082 184 2118 dum
206 2081 299 2117 lovis
319 2082 465 2128 (Amun,
496 2081 557 2129 qni
579 2082 660 2118 ideo
684 2093 751 2129 ap-

97 2137 274 2188 pellatur)
307 2144 415 2186 caput
453 2137 642 2174 arietinum
678 2149 751 2172 una

98 2207 177 2230 cum
196 2194 380 2239 cornibus3
410 2194 494 2230 inde
514 2194 621 2230 etiam
645 2205 751 2242 repe-

97 2251 228 2286 tendus
256 2250 406 2286 interior
439 2249 602 2295 tabulae,
641 2261 749 2297 quam

97 2305 307 2342 Herodotus
333 2307 493 2355 profert,
532 2318 678 2350 sensus3
711 2305 749 2340 in

98 2374 169 2409 qua
188 2375 281 2410 quae
293 2362 458 2399 Herculis
479 2376 505 2398 s.
519 2362 624 2408 Hori,
655 2374 749 2410 quae

99 2417 193 2453 Iovis
223 2419 293 2455 sint
322 2424 467 2467 partes,
508 2417 746 2465 intelligimus.

101 2472 225 2514 Quare
251 2486 272 2509 a
295 2487 380 2510 vero
400 2474 545 2510 minime
566 2474 747 2519 abhorret,

100 2529 200 2576 quod
219 2529 348 2565 CreuZ.
366 2529 548 2578 (Symbol.
561 2530 593 2565 II
614 2543 648 2578 p.
666 2528 746 2570 205

100 2584 178 2620 coll.
200 2584 212 2619 Ι
231 2598 265 2633 p.
287 2587 368 2625 278
386 2587 482 2633 seq.)
510 2585 566 2621 hic
592 2590 748 2622 tessera-

99 2640 150 2677 rie
168 2641 316 2676 indicari
341 2645 444 2690 putat
462 2642 497 2676 in
517 2641 633 2677 euntis
657 2641 747 2677 veris

98 2697 238 2733 festum.
278 2697 376 2740 Quin
397 2695 603 2745 anaglypha
625 2695 748 2745 Aegy-

98 2753 220 2803 ptiaca
238 2752 295 2789 ille
312 2752 449 2799 laudat,
480 2753 515 2788 in
531 2752 658 2800 quibus
677 2752 748 2790 tale

98 2808 186 2857 quid
203 2809 361 2845 exhiberi
380 2809 549 2845 videmus.

153 2861 222 2904 τόν
234 2865 312 2903 Δία
323 2860 644 2916 μηχανήσασθαι,
667 2878 748 2917 κρι-

825 958 872 1000 ὀν
889 982 944 989 ——-
963 959 1203 1012 προέχεσθαί
1232 973 1272 999 τε
1298 973 1333 998 κ.
1362 972 1394 998 τ.
1413 961 1470 1006 λ.]

823 1017 1023 1054 Particulae
1040 1018 1220 1055 defectum
1239 1016 1276 1052 in
1298 1015 1351 1052 his
1372 1020 1475 1053 notat

822 1073 953 1110 Matth.
971 1074 1035 1109 Gr.
1057 1074 1122 1110 Gr.
1143 1086 1178 1123 p.
1200 1073 1318 1113 1293.
1357 1072 1472 1121 Equi-

823 1130 906 1167 dem
920 1130 1112 1166 infinitivos
1124 1133 1314 1183 sequentes
1334 1128 1399 1165 ab
1392 1142 1472 1178 ipso

822 1186 934 1223 verbo
972 1180 1279 1236 μηχανήσασθαι
1312 1185 1473 1234 pendere

822 1242 983 1279 dixerim.
1021 1264 1077 1269 —
1123 1242 1194 1278 Pro
1234 1239 1473 1291 προέχεσθαι

822 1297 1041 1346 Wesseling.
1060 1297 1185 1334 maluit
1206 1296 1472 1347 προσχέσθαις

823 1354 889 1391 sed
906 1355 1134 1402 refragantur
1154 1352 1233 1388 libri
1263 1353 1397 1401 scripti.
1416 1373 1472 1380 -—

819 1405 942 1454 νάκος
955 1410 1001 1445 de
1019 1408 1139 1444 arietis
1154 1408 1284 1445 vellere
1295 1408 1473 1457 accipien-

820 1466 907 1502 dum
920 1493 930 1511 ,
961 1477 1003 1501 ex
1018 1464 1186 1500 Bochart.
1210 1464 1347 1500 monuit
1367 1463 1471 1500 Wes-

820 1521 1003 1569 selingius.
1034 1520 1201 1566 „Dicitur
1226 1524 1345 1556 autem
1366 1514 1470 1569 νακή

820 1581 856 1615 et
890 1574 1036 1623 νάκος,
1091 1580 1185 1612 teste
1216 1575 1381 1612 Eustath.
1422 1576 1472 1612 ad

820 1634 955 1683 Odyss.
975 1632 1056 1679 XV,
1076 1631 1156 1673 535
1179 1645 1263 1682 pag.
1288 1631 1371 1672 560
1394 1632 1469 1668 Ba-

819 1689 870 1727 sil.
881 1691 904 1709 ‘⁶
928 1689 992 1727 Cr.
1022 1688 1189 1738 Apollon.
1210 1688 1299 1725 Lex.
1318 1688 1469 1724 Homer.

816 1759 854 1796 p
873 1745 955 1786 468
974 1739 1302 1794 ed's011.vamyv
1322 1744 1470 1794 exponit

816 1798 898 1867 τὴν
912 1803 983 1839 τοῦ
1004 1797 1115 1851 αιγός
1136 1796 1273 1849 δοραν.

874 1852 951 1895 απὸ
987 1853 1129 1895 τούτου
1165 1851 1469 1907 κριοποόσωπον

816 1915 888 1951 τοῦ
905 1908 999 1959 Διὸς
1016 1909 1200 1963 τῶγαλμα
1218 1926 1251 1950 κ.
1271 1926 1302 1949 τ.
1318 1909 1368 1960 L]
1389 1911 1469 1948 Hoc

818 1970 904 2005 satis
931 1968 1153 2018 explicatur
1146 1969 1208 2014 lis,
1239 1980 1332 2016 quae
1358 1967 1467 2016 paulo

817 2029 903 2062 ante
924 2025 1137 2060 monuimus.
1161 2023 1258 2060 Nam
1279 2023 1468 2072 respicitur

817 2080 871 2117 sol
891 2081 927 2116 in
949 2081 1069 2117 arietis
1098 2080 1203 2128 signo
1224 2079 1371 2116 coelesti
1387 2091 1468 2116 ver-

818 2150 912 2173 sans.
943 2136 1033 2173 Inde
1045 2140 1099 2172 tot
1109 2135 1371 2184 Aegyptiorum
1380 2147 1467 2171 ana-

818 2193 954 2242 glypha
974 2192 1094 2229 lovem
1116 2192 1265 2229 arietina
1293 2191 1385 2228 facie
1411 2192 1466 2228 in-

817 2251 956 2297 signem
982 2251 1275 2298 repraesentant3
1304 2247 1390 2284 inde
1410 2246 1465 2284 vel

817 2305 968 2341 Graecis
1002 2309 1109 2341 notus
1146 2304 1308 2353 Iuppiter
1344 2303 1463 2340 arietis

816 2361 932 2410 capite
954 2365 1063 2409 atque
1078 2361 1257 2397 cornibus.
1276 2358 1461 2395 Vid.Hirt.

814 2417 936 2454 Ueber
957 2416 1218 2465 Gegenstande
1246 2416 1311 2452 der
1336 2416 1461 2464 *cigypt

814 2473 935 2511 Kunst
964 2477 1029 2510 etc.
1057 2485 1140 2521 pag.
1172 2471 1250 2512 125
1273 2484 1348 2519 seq.
1378 2471 1464 2518 „Io-

815 2542 895 2566 vem
927 2528 1142 2565 Ammonem
1185 2528 1283 2576 quod
1323 2528 1462 2573 attinet,

816 2586 863 2622 de
882 2586 956 2622 eius
973 2584 1121 2633 templO,
1135 2585 1234 2632 quod
1246 2582 1384 2620 Thebis
1396 2586 1463 2629 est,

815 2642 888 2677 vid.
908 2641 1125 2677 Strabonem
1146 2639 1249 2676 XVII
1274 2651 1360 2689 pag.
1381 2640 1461 2680 815

815 2711 844 2734 s.
865 2698 944 2738 597
969 2696 1004 2732 T
1007 2696 1101 2732 zsch.
1134 2695 1297 2738 Quocum
1313 2707 1461 2744 compo-

814 2753 934 2790 nenda
955 2759 1011 2789 est
1027 2752 1205 2801 Descript.
1226 2752 1272 2789 de
1296 2750 1460 2800 l’Egypt.

813 2808 966 2857 Antiqq.
985 2807 1053 2844 vol.
1071 2808 1104 2844 II
1116 2821 1153 2857 p.
1170 2806 1250 2848 255
1270 2820 1371 2856 seqq.
1391 2806 1459 2843 Ni-

814 2865 941 2902 mirum
962 2864 1057 2901 Iovis
1080 2863 1265 2901 Ammonis
1285 2862 1458 2914 templum

1092 2920 1186 2960 37*
