1877 3223
140 636 232 664 Arion
249 633 411 669 dithyram-

343 569 409 614 23

143 671 170 698 bi
198 673 321 701 auctor,
348 667 409 695 (lel-

141 704 232 739 phino
248 702 408 730 'Paeuaron

144 740 258 766 vectus.

450 227 506 266 52

855 219 1318 260 HERODOTI

451 331 499 376 ἓν
526 335 579 390 τῇ
602 328 810 390 Ἀσσησῷ,
842 328 971 381 αὐτός
998 344 1042 373 τε
1060 328 1108 373 ἐκ
1135 332 1210 384 τῆς
1227 326 1392 371 νούσου
1414 327 1580 384 ἀνέστη.
1609 325 1718 371 κατὰ

451 411 530 467 μὲν
546 409 622 456 τὸν
635 408 744 465 πρὸς
762 411 1009 466 Μιλησίους
1033 423 1077 452 τε
1099 408 1171 452 καὶ
1191 405 1504 462 Θρασύβουλον
1531 405 1766 463 πόλεμονὲο

447 487 652 545 Ἀλυάττῃ
685 482 768 532 ὦδε
796 488 899 544 ἔσχε.

562 568 835 624 Περίανδρος
870 567 915 612 δὲ
949 562 1005 623 ἦν
1043 566 1250 620 Κυψέλου
1286 568 1408 618 παῖς,
1448 559 1576 616 οὗτος
1608 563 1632 608 ὁ
1661 567 1722 621 τῷ

468 725 567 770 κατὰ
595 725 666 779 μὲν
697 725 763 768 τὸν
796 727 891 781 πρὸς
926 730 1056 779 Μιλη-

415 786 526 832 σίους
574 799 614 823 τε
661 783 729 823 καὶ
777 780 1057 836 Θρασύβουλον

417 841 499 893 etc.]
530 842 584 877 lta
599 854 619 878 e
637 839 736 877 libris
754 841 914 889 probatis
935 842 1057 877 edide-

417 903 502 936 runt
522 896 721 943 Schweigh.
743 900 778 933 et
798 897 913 933 Gaiss.
940 901 979 932 ut
1005 897 1059 932 in-

420 958 476 993 fra
496 955 532 1001 l,
557 956 621 994 70.
645 955 710 993 92.
749 952 855 989 Unus
877 953 966 988 liber
980 950 1061 989 καὶ

420 1008 476 1050 τά
511 1023 577 1060 pro
607 1004 745 1054 κατοὶ,
779 1009 876 1045 unde
906 1007 1062 1054 vulgaris

423 1067 528 1104 lectio
563 1065 683 1111 ssuxit,
733 1076 827 1112 quae
876 1063 993 1100 adhuc
1028 1063 1065 1099 in

421 1122 550 1159 Matth.
568 1122 726 1158 editione
747 1124 945 1170 comparet:
984 1117 1067 1157 καὶ

422 1175 480 1217 τοὶ
525 1173 616 1228 μὲν
661 1172 779 1215 κατὰ
821 1173 911 1215 τόν
945 1172 1069 1226 πρός

423 1235 522 1273 Miz..
583 1231 641 1269 Ad
667 1244 743 1269 rem
774 1233 868 1269 cons.
898 1231 1071 1280 Polyaeni

419 1292 581 1339 Strateg.
605 1288 680 1335 VI,
711 1288 775 1328 47.

619 1372 649 1408 C
659 1384 724 1421 ap.
755 1370 889 1408 XXIII.

486 1454 732 1507 Περίανδρος
750 1452 792 1493 δὲ
811 1448 864 1504 ἧν
883 1451 1073 1502 Κυψέλου

428 1515 523 1558 παῖς
545 1526 578 1550 κ.
599 1526 630 1549 τ.
651 1510 701 1561 λ.]
733 1511 903 1559 Sequitur
931 1510 987 1547 hic
1008 1523 1074 1546 no-

427 1569 600 1606 bilissima
632 1569 678 1604 de
705 1566 839 1603 Arione
866 1570 975 1614 atque
1004 1566 1074 1602 Pe-

430 1626 574 1662 riandro
592 1622 711 1660 sabula
724 1652 734 1669 ‚
763 1636 829 1672 per
847 1626 962 1659 totam
983 1622 1074 1658 anti-

431 1682 605 1730 quitatem
624 1679 750 1716 merito
771 1678 957 1715 celebrata.
1015 1677 1075 1714 Ad

430 1749 539 1786 quam
571 1735 800 1772 Herodotum
825 1735 951 1771 natura
972 1734 1076 1782 quasi

433 1805 478 1839 ex
502 1791 620 1841 operis
651 1792 705 1826 sui
724 1789 845 1827 indole
863 1796 971 1838 atque
990 1803 1075 1827 con-

432 1848 512 1884 silio
534 1847 694 1884 delatum
722 1846 858 1893 fuisse,
887 1846 982 1883 haud
1010 1846 1076 1882 mi-

430 1916 511 1940 rum
546 1903 724 1939 videbitur
762 1902 815 1949 ei,
873 1902 934 1950 qui
972 1901 1076 1937 huius

432 1958 547 2008 ipsius
603 1958 780 1993 rationem
842 1958 1080 2006 perspexerit.

433 2015 557 2058 Quum
579 2013 674 2051 enim
702 2013 748 2049 ad
767 2012 947 2061 Lydiacas
966 2013 1079 2048 histo—

433 2071 506 2106 rias
560 2069 756 2118 pertineret
807 2069 1080 2117 quodammodo

434 2124 655 2172 Thrasybuli
686 2124 854 2172 historia,
894 2125 939 2160 ad
972 2136 1080 2172 quem

433 2181 554 2231 ipsum
581 2180 664 2216 olim
692 2180 839 2217 multum
868 2179 975 2216 valuit
1009 2179 1080 2216 Pe-

437 2237 603 2282 riander,
641 2236 738 2271 haud
765 2248 787 2271 a
818 2249 858 2272 se
886 2237 1080 2285 impetrare

435 2292 554 2343 potuit
571 2291 739 2328 historiae
756 2294 860 2339 pater
871 2320 881 2337 ,
902 2291 989 2339 quin
1006 2302 1080 2327 rem

435 2351 634 2386 memoratu
672 2345 942 2394 dignissimam,
989 2359 1082 2394 quae

438 2403 489 2439 illi
519 2402 716 2448 acciderat,
754 2414 919 2450 quaeque
955 2414 1081 2438 mouu-

439 2459 570 2496 mentis
588 2470 730 2506 quoque
739 2457 888 2506 publicis
903 2457 1082 2494 civitatum

440 2515 660 2552 Graecarum
681 2513 858 2550 celebrata
887 2518 984 2561 erat,
1012 2513 1082 2559 hic,

439 2571 527 2607 data
548 2569 679 2607 scilicet
693 2570 896 2618 opportuna
911 2569 1081 2606 narrandi

438 2626 647 2672 occasione,
675 2625 980 2674 praetermitteret.
1037 2625 1079 2662 In

437 2694 512 2730 quo
533 2681 744 2718 Herodotea
762 2682 919 2718 narratio
941 2681 989 2718 ad
999 2681 1078 2718 Ho-

437 2737 556 2774 merici
577 2738 739 2774 carminis
762 2738 935 2774 rationem
952 2750 1078 2775 ascen-

437 2793 492 2829 dit
521 2793 671 2842 ipseque
702 2792 910 2830 Herodotus
943 2792 1077 2845 ὁμηρι-

435 2843 610 2896 κῶτατος
646 2849 756 2889 fuisse
793 2851 965 2900 arguitur.
1027 2850 1076 2887 Ut

1124 728 1218 766 enim
1245 726 1491 764 huiuscemodi
1521 724 1768 775 digressiones

1124 785 1259 835 passim
1279 784 1391 833 ipsius
1411 783 1529 833 operis
1547 780 1770 819 consilioad-

1126 842 1327 886 ducuntur,
1368 840 1416 875 ita
1435 839 1583 875 multum
1606 838 1686 874 illae
1715 838 1770 873 sa-

1126 898 1222 933 ciuut
1241 897 1287 931 ad
1308 896 1506 932 auditorum
1523 895 1661 931 animos
1673 905 1770 929 com-

1125 952 1324 989 movendos
1361 955 1469 999 atque
1505 949 1771 987 demulcendos,

1129 1008 1171 1043 ld
1190 1008 1288 1054 quod
1310 1019 1374 1042 nec
1391 1011 1529 1043 veteres
1549 1007 1640 1054 sugit
1652 1017 1772 1053 gram-

1129 1063 1276 1099 maticos
1292 1091 1302 1108 ,
1341 1062 1424 1109 qui,
1469 1074 1541 1109 quo
1574 1062 1774 1097 auditorum

1132 1118 1240 1155 animi
1271 1118 1369 1153 suavi
1394 1117 1635 1153 fabulosarum
1656 1128 1776 1153 rerum

1133 1174 1336 1211 narratione
1357 1178 1568 1223 caperentur
1588 1176 1623 1210 et
1634 1172 1777 1222 abripe-

1136 1235 1279 1277 rentur,
1322 1229 1566 1277 digressiones
1603 1227 1779 1266 eiusmodi

1138 1287 1184 1324 ab
1212 1286 1379 1322 historico
1406 1286 1557 1322 orationi
1583 1285 1695 1321 fuisse
1723 1285 1778 1320 in-

1137 1347 1340 1391 terspersas
1380 1342 1520 1379 docent.
1587 1341 1706 1384 Quam
1743 1340 1781 1376 in

1138 1411 1213 1434 rem
1227 1397 1256 1434 C
1264 1410 1292 1434 r.
1312 1398 1483 1434 adscribit
1501 1397 1651 1445 Dionys.
1664 1395 1780 1432 Halic.

1139 1454 1248 1490 Iudic.
1274 1454 1321 1489 (le
1350 1453 1516 1501 Thucyd.
1546 1454 1607 1489 Yl.
1634 1466 1670 1502 p.
1698 1452 1780 1493 823

1141 1511 1197 1547 ed.
1216 1510 1341 1546 Reisk.
1361 1509 1518 1547 Marcell.
1534 1508 1780 1556 Vit.'1'hucyd.

1140 1579 1175 1616 p.
1199 1568 1301 1611 729,
1324 1565 1357 1602 II
1373 1566 1483 1603 Beck.
1510 1566 1573 1616 (p.
1595 1566 1677 1606 332
1706 1564 1746 1600 P.
1766 1562 1782 1599 I

1141 1621 1220 1658 vol.
1243 1622 1258 1657 l
1282 1623 1338 1658 ed.
1371 1622 1538 1671 Poppo.)
1581 1620 1659 1657 coll.
1685 1621 1782 1656 Her-

1141 1690 1285 1725 mogen.
1305 1678 1339 1713 iu
1362 1677 1531 1714 Biblioth.
1549 1678 1584 1713 d.
1604 1676 1699 1713 alten
1708 1675 1782 1712 Lit.

1140 1746 1173 1770 u.
1186 1734 1308 1770 lx'uust
1324 1733 1407 1769 Vlll
1426 1747 1460 1783 p.
1482 1736 1517 1774 8.
1549 1733 1659 1776 Quod
1675 1744 1783 1783 prae-

1141 1790 1244 1839 cipue
1273 1793 1348 1825 tum
1387 1790 1462 1826 fieri
1491 1790 1674 1835 videmus,
1721 1787 1784 1824 ubi

1143 1846 1319 1882 Graeciae
1356 1846 1533 1894 quaedam
1573 1845 1695 1882 civitas
1726 1842 1782 1881 vel

1142 1901 1222 1951 ipsa
1233 1902 1397 1939 universa
1406 1903 1557 1939 Graecia
1565 1901 1681 1938 laudis
1692 1912 1784 1937 non-

1144 1957 1229 1994 nihil
1248 1958 1332 1994 iude
1361 1963 1511 2008 captura
1541 1958 1587 1994 sit
1615 1961 1677 1994 aut
1705 1955 1785 2005 glo-

1145 2014 1242 2059 riae3
1281 2015 1584 2062 quemadmodum
1609 2013 1678 2050 hoc
1706 2013 1784 2049 loco

1145 2068 1343 2107 celebratur
1365 2071 1569 2116 Corinthus,
1590 2069 1786 2106 Periander

1147 2126 1213 2171 (de
1233 2138 1304 2173 quo
1324 2126 1427 2174 plura
1445 2126 1538 2161 insra
1557 2124 1629 2170 111,
1655 2124 1708 2164 48
1731 2137 1785 2173 sq.

1147 2185 1183 2217 et
1205 2180 1246 2226 V,
1266 2182 1348 2228 92)
1379 2186 1486 2228 atque
1503 2180 1648 2217 omnino
1670 2181 1787 2217 Grae-

1146 2248 1266 2271 corum
1288 2236 1323 2271 in
1339 2237 1441 2285 poesi
1466 2236 1552 2272 laus.
1612 2237 1688 2273 Sed
1717 2236 1787 2273 alia

1147 2302 1291 2339 quoque
1311 2293 1509 2340 spectanda
1536 2296 1637 2340 sunt,
1666 2304 1786 2342 gram-

1146 2347 1283 2383 maticis
1303 2347 1368 2383 illis
1384 2348 1490 2396 vulgo
1508 2348 1680 2396 neglecta.
1698 2348 1788 2385 Per-

1147 2403 1262 2439 tinent
1281 2404 1368 2441 haec
1388 2405 1436 2440 ad
1456 2405 1627 2454 pietatem
1647 2409 1685 2442 et
1702 2404 1785 2441 reli-

1148 2459 1292 2506 gionem
1321 2462 1498 2507 auctoris,
1534 2460 1594 2509 qui
1622 2459 1787 2498 lubenter

1148 2527 1208 2551 eas
1221 2517 1445 2553 narrationes
1455 2515 1645 2563 interserit,
1656 2517 1786 2566 quibus

1147 2571 1241 2607 mala
1286 2573 1444 2609 facinora
1490 2572 1623 2622 puniri,
1670 2573 1786 2622 proba

1143 2626 1278 2663 laudari
1297 2632 1439 2678 pateat,
1478 2629 1679 2677 quibusque
1697 2629 1787 2666 deo-

1143 2696 1220 2719 rum
1241 2684 1373 2721 iustitia
1387 2689 1696 2722 commonstretur.
1722 2685 1784 2722 Sic

1143 2738 1203 2775 illa
1220 2739 1362 2776 Arionis
1392 2741 1597 2778 narratione
1623 2740 1691 2778 hoc
1716 2740 1783 2776 do-

1142 2807 1222 2832 cere
1241 2796 1313 2832 mlt
1335 2796 1521 2833 historicus
1534 2826 1544 2843 ‚
1559 2796 1692 2832 nullum
1701 2809 1780 2833 sce-

1140 2850 1194 2888 lus
1222 2852 1277 2891 vel
1305 2852 1526 2892 clandestine
1544 2852 1781 2900 commissum,
