1909 3228
545 206 964 244 EUTERPE.
1013 206 1057 244 11.
1334 208 1417 248 519

168 331 249 358 νου
277 314 423 371 χώρου
452 314 580 368 εἶναι,
612 316 684 358 καὶ
711 320 791 358 τοῦ
819 313 1040 370 Ἀραβίου,
1070 315 1213 370 ἐνιαχῆ
1244 315 1315 357 καὶ
1345 314 1411 358 ἐπὶ
1468 329 1499 355 et
1519 329 1745 363 quamdincra-

1467 367 1531 387 scat
1542 368 1570 388 et
1582 363 1745 390 decrescat:

1469 395 1564 421 nullas
1583 397 1619 422 ab
1640 405 1675 423 eo
1693 406 1730 425 au

168 393 247 437 δύο
277 394 468 449 ἡμερέων
498 396 730 449 ἑκατέρωθι
761 393 887 446 ὁδόν,
933 395 1005 436 καὶ
1043 397 1178 436 πλεῦν
1214 393 1274 436 ἔτι
1310 391 1411 436 τού-
1469 429 1641 457 rasefflm

165 488 267 523 του,
299 474 370 515 καὶ
404 474 598 517 ἔλασσον.

137 557 160 590 2
307 556 395 595 Τοῦ
430 556 628 608 ποταμοῦ
667 554 712 595 δὲ
752 551 907 606 φύσιος
941 551 1062 604 πέρι,
1113 551 1211 595 οὔτε
1249 551 1289 593 τὶ
1328 554 1417 594 τῶν

165 629 312 684 ἱρέων,
358 630 456 674 οὔτε
487 632 620 674 ἄλλου
651 629 830 680 οὐδενὸς
860 634 1125 685 παραλαβεῖν
1153 630 1415 685 ἐδυνάσθην.

137 709 395 764 ὃπρόθυμος
425 710 470 752 δὲ
500 710 547 752 ἔα
575 708 674 752 τάδε
704 707 808 762 παρ’
849 706 994 749 αὐτῶν
1033 708 1274 760 πυθέσθαι,
1324 708 1348 752 ὅ
1378 725 1418 751 τι
1431 713 1472 749 15

165 787 411 843 κατέρχεται
446 789 525 844 μὲν
564 787 586 831 ὁ
627 791 783 838 Νεῖλος
817 785 1050 843 πληθύων,
1099 786 1184 830 ἀπὸ
1222 787 1416 843 τροπέων

107 996 181 1033 τοῦ
199 995 385 1045 Λιβυκοῦ
401 1009 440 1033 τε
462 993 672 1046 λεγομενου
685 993 756 1045 χοί-

109 1065 182 1102 ρου
211 1053 312 1089 εἰναι
333 1066 367 1089 κ.
388 1066 417 1088 τ.
438 1049 540 1100 λ.]ἐ
524 1050 656 1102 επέρχε
642 1056 758 1090 εσθαι

106 1107 253 1157 proprie
266 1108 657 1156 υε)ιι”·ἰεεα))θναἰιφιῖωί
678 1109 758 1145 hine

107 1164 154 1200 de
164 1164 272 1199 fluvio
283 1164 470 1200 inundante
478 1193 487 1210 ,
517 1165 758 1212 regionesque

107 1219 312 1257 adiacentes
341 1221 444 1256 undis
476 1224 628 1268 tegente,
676 1233 756 1257 cum

107 1275 447 1324 Schweighaeusero
458 1276 656 1325 intelligere
672 1277 756 1314 lice-

107 1331 169 1367 bit.
199 1332 309 1368 Haud
329 1333 457 1368 iniuria
471 1337 657 1382 comparat
682 1333 753 1380 ille,

107 1388 205 1436 quod
221 1388 382 1437 proxime
403 1390 583 1425 antecedit
614 1389 650 1434 I,
682 1391 751 1428 18:

105 1463 161 1472 -—-
177 1439 326 1492 ταύτην
341 1440 413 1493 τήν
427 1442 450 1482 ὁ
463 1446 604 1488 Νεῖλος
628 1441 753 1482 ἐπιών

106 1495 227 1550 ἄρδει.
263 1499 359 1536 Add.
381 1499 436 1545 II,
461 1501 525 1540 97.
567 1499 752 1536 Accusati-

103 1568 209 1602 vum,
240 1556 302 1604 qui
327 1555 385 1591 hic
406 1556 592 1593 adiunctus
617 1556 753 1594 inveni-

104 1615 162 1648 tur
181 1611 290 1649 verbo
309 1610 551 1662 ἐπέρχεσθαι,
583 1613 752 1661 equidem

105 1668 221 1705 resero
241 1668 289 1704 ad
311 1681 386 1714 eos,
418 1669 463 1706 de
482 1669 608 1717 quibus
623 1669 750 1705 Matih.

106 1724 170 1759 Gr.
189 1724 253 1760 Gr.
278 1722 315 1773 ἓ.
337 1724 430 1764 426.
489 1726 546 1760 Ad
575 1725 752 1772 genitivos

107 1779 364 1826 subsequentes
375 1780 513 1829 supple,
526 1782 554 1816 si
569 1794 660 1829 opus
674 1780 752 1826 erit,

106 1834 162 1872 vl:
198 1835 364 1883 intelligit
392 1837 486 1871 enim
508 1835 642 1871 Noster
667 1848 753 1883 pur-

107 1895 173 1926 tem
200 1894 272 1926 eius
295 1893 444 1938 regionis
458 1920 468 1935 ,
510 1905 597 1939 (suae
617 1891 755 1939 Libyae

106 1951 138 1983 et
158 1947 309 1983 Arabiae
336 1960 405 1982 esse
432 1947 573 1983 (licitur.
602 1967 654 1972 —
686 1943 755 1995 χώ-

108 2017 178 2053 ρου
196 2016 263 2052 pro
280 2003 375 2050 vulg.
397 2003 541 2052 χωρίου
564 2003 633 2038 iam
652 2015 754 2038 revo-

107 2063 248 2096 caverat
262 2059 634 2107 Schweighaeuserus.

162 2113 229 2152 καὶ
251 2113 315 2152 ἐπὶ
335 2112 406 2153 δύο
426 2113 602 2164 ’ἡμερέων
627 2111 751 2151 ἑκατέ-

107 2175 212 2220 ρωθι
238 2167 355 2216 ὁδὸν]
385 2169 448 2209 ἐπὶ
469 2171 504 2206 in
522 2171 576 2207 his
598 2170 752 2219 spatium

106 2228 182 2264 sere
219 2227 351 2264 indicat
387 2227 628 2264 continuatum
667 2226 684 2270 (
695 2229 753 2271 „et

108 2283 242 2332 quidem
270 2286 306 2319 in
334 2283 401 2319 (luo
438 2283 571 2319 (Herum
600 2297 628 2318 s.
656 2282 755 2318 bidui

106 2341 233 2388 iler“),
262 2343 300 2375 ut
317 2353 399 2376 mox
417 2340 578 2376 iuverbis
592 2336 651 2377 ἐπὶ
669 2336 752 2375 ἔκα-

108 2391 173 2432 τόν
198 2394 358 2445 ἡμέρας.
414 2395 471 2432 De
499 2409 570 2443 quo
602 2399 753 2442 utroque

109 2452 280 2486 monitum
314 2452 350 2487 in
385 2451 544 2487 Fischeri
581 2449 754 2486 Animad-

110 2519 218 2542 xerss.
231 2507 277 2542 ad
288 2506 433 2544 W'eller.
447 2506 507 2550 Ill,
525 2509 563 2553 6,
583 2505 662 2547 243
676 2505 753 2541 coil.

110 2561 239 2598 Matth.
265 2562 286 2597 l.
309 2562 331 2597 l.
357 2575 441 2611 pag.
467 2565 571 2602 1169
612 2581 666 2587 —
696 2561 753 2596 Ad

111 2617 286 2666 genitivos
313 2621 506 2683 sequentes
536 2619 615 2654 τῶν
637 2615 752 2665 ἱρέων

112 2678 148 2710 et
179 2670 297 2711 ἄλλου
337 2668 474 2710 ουδει
448 2687 500 2717 ος
536 2673 628 2709 conf.
666 2672 750 2708 ibid.

111 2727 147 2778 ἓ.
164 2730 254 2769 373.
285 2729 421 2765 Eodem
435 2741 541 2764 sensu
552 2727 658 2777 paulo
672 2732 755 2776 post

110 2786 251 2822 addidit
267 2784 568 2833 praepositionem
588 2779 676 2833 παρ’
688 2799 710 2821 c
714 2778 753 2821 ν’-

111 2842 191 2880 ¹1:ko
209 2838 434 2888 πυθέσθαι,
467 2840 525 2876 ubi
552 2853 630 2877 cum
650 2839 758 2876 Gais-

821 995 940 1032 fordio
979 994 1160 1031 abiicimus
1188 994 1372 1043 vulgatum
1401 990 1470 1032 αὖ-

823 1049 931 1089 τέων.
960 1050 1018 1087 Ad
1031 1052 1180 1088 sormam
1193 1050 1234 1089 ἔα
1247 1052 1339 1088 conf.
1350 1050 1377 1098 Ι,
1390 1054 1470 1091 187

824 1112 860 1145 et
883 1108 929 1145 de
959 1108 1123 1145 universo
1160 1107 1226 1144 loci
1258 1111 1470 1155 argumento

823 1165 943 1200 Strab.
962 1164 1063 1200 XVII
1080 1177 1115 1213 p.
1133 1165 1250 1210 1137,
1262 1163 1309 1200 D.
1330 1165 1471 1213 p.789.

880 1215 902 1258 ὅ
914 1235 949 1257 τι
969 1219 1188 1271 κατέρχεται
1210 1216 1280 1270 μὲν
1296 1217 1316 1258 ὁ
1330 1221 1472 1265 Νεῖλος

823 1271 1022 1324 πληθύων
1047 1291 1080 1314 κ.
1102 1291 1132 1314 τ.
1155 1274 1211 1326 λ.]
1245 1271 1315 1314 ὅτι
1333 1278 1387 1312 est
1399 1288 1472 1322 cur,

823 1345 939 1381 quare.
980 1333 1086 1368 Conf.
1106 1332 1234 1368 Matth.
1255 1330 1291 1381 ἓ.
1310 1331 1390 1371 477
1411 1332 1473 1367 fin.

821 1401 905 1437 pag.
929 1389 1020 1428 893.
1051 1388 1109 1424 De
1134 1389 1299 1424 universo
1324 1387 1395 1423 hoc
1415 1400 1473 1423 ar-

822 1448 993 1491 gumento
1032 1443 1097 1480 Cr.
1129 1443 1319 1491 adscripsit
1357 1443 1471 1478 locum

821 1499 1019 1546 Ciceronis,
1050 1500 1096 1536 de
1112 1507 1184 1535 nat.
1207 1497 1380 1543 deorr.ll‚
1396 1499 1468 1538 52:

819 1553 1051 1604 „Aegyptum
1069 1555 1171 1591 Nilus
1182 1555 1320 1603 irrigat,
1332 1560 1378 1601 et,
1390 1567 1470 1590 cum

821 1615 897 1646 tota
927 1615 1062 1648 aestate
1085 1611 1249 1647 obrutam
1269 1609 1472 1659 oppletam-

821 1680 892 1716 que
916 1668 1052 1713 tenuit,
1084 1672 1158 1703 tum
1189 1667 1324 1703 recedit
1350 1665 1471 1701 molli-

820 1728 951 1771 tosque
964 1728 999 1760 et
1016 1723 1204 1759 oblimatos
1223 1735 1330 1770 agros
1348 1723 1395 1758 ad
1414 1735 1471 1759 se-

820 1780 972 1815 rendum
992 1778 1198 1826 relinquit.“
1207 1799 1262 1805 —
1272 1777 1367 1814 Add.
1379 1777 1470 1813 Dio-

823 1835 899 1869 dor.
925 1834 945 1868 l.
968 1834 989 1869 l.
1030 1834 1105 1869 Iam
1137 1834 1231 1870 enim
1261 1845 1366 1869 nemo
1393 1845 1469 1868 am-

821 1889 915 1939 plius
932 1889 1092 1933 dubitat,
1123 1889 1210 1936 quin
1232 1901 1316 1925 vere
1333 1887 1469 1924 Noster

821 1944 989 1982 retulerit.
1013 1943 1107 1981 Nam
1120 1945 1242 1992 primis
1257 1943 1468 1992 plerumque

822 2001 947 2036 diebus
980 2000 1111 2036 mensis
1140 1999 1217 2035 Iulii
1246 1999 1351 2035 Nilus
1391 2012 1467 2036 cre-

821 2068 920 2092 scere
942 2056 1080 2105 incipit,
1112 2055 1162 2091 ita
1184 2059 1222 2091 ut
1251 2055 1370 2091 medio
1392 2054 1465 2090 Au-

821 2116 927 2159 gusto
965 2113 1011 2147 ad
1040 2112 1248 2147 incrementi
1283 2111 1465 2146 dimidium

822 2170 897 2204 scre
913 2167 1114 2211 devenerit3
1145 2167 1191 2202 ad
1210 2179 1381 2202 summani
1404 2179 1467 2202 au«

820 2228 892 2260 tem
908 2222 1128 2259 altitudinem
1146 2222 1238 2258 intra
1264 2222 1466 2258 vicesimum

822 2284 858 2317 et
884 2279 1095 2316 tricesimum
1123 2278 1346 2327 Septembris
1373 2279 1466 2313 diem

821 2336 995 2382 assurgit,
1025 2348 1096 2383 quo
1120 2335 1155 2370 in
1180 2338 1272 2370 statu
1294 2338 1465 2382 quatuor-

821 2392 935 2427 decim
964 2393 1074 2427 ferme
1095 2391 1170 2426 dies
1193 2395 1323 2425 manet.
1383 2389 1464 2432 Quo

820 2448 1064 2497 praeterlupso
1078 2450 1241 2495 tempore
1259 2446 1465 2482 decrescere

820 2503 964 2552 incipit,
994 2504 1056 2539 sed
1075 2502 1222 2547 tardius,
1253 2514 1359 2548 quam
1382 2506 1463 2537 ante

822 2565 1001 2604 creverat,
1038 2571 1151 2606 usque
1179 2558 1226 2593 ad
1255 2557 1462 2604 vigesimum

819 2616 895 2651 sere
921 2613 1055 2651 Maium
1081 2614 1164 2649 anni
1192 2613 1362 2662 proximi,
1403 2612 1462 2648 ubi

821 2670 903 2706 nihil
930 2674 1087 2707 mutatur
1113 2670 1187 2705 eius
1222 2669 1378 2705 conditio
1403 2681 1462 2703 us-

822 2740 892 2774 que
912 2727 958 2762 ad
980 2725 1176 2762 solstitium.
1208 2725 1313 2760 Cous.
1330 2724 1459 2759 Strabo

822 2782 923 2819 XVH
944 2795 979 2832 p.
1003 2783 1120 2827 1137,
1145 2780 1175 2817 C
1196 2794 1223 2816 s.
1254 2793 1289 2830 p.
1312 2781 1391 2820 789
1413 2784 1460 2827 et,

823 2842 861 2874 ut
885 2838 972 2874 alios
989 2842 1146 2883 taceam,
1176 2837 1236 2886 qui
1256 2840 1378 2873 nostra
1399 2848 1459 2873 ae-
