1909 3228
630 233 846 274 CLlO.
907 235 934 272 l.

1331 237 1417 276 409

159 359 210 400 τη
244 341 323 399 μὲν
363 339 595 395 ἀπεδέξατο
644 343 820 400 χώματα
877 342 960 388 ἀνὰ
1000 344 1049 388 τό
1098 344 1250 387 πεδίον
1289 341 1417 387 ἐόντα

160 420 388 478 ἀξιοθέητα
401 437 410 446 ·

42 502 136 549 185
160 503 312 545 πεδίου
340 506 429 544 πᾶν
459 506 710 559 πελαγίζειν.

160 598 216 638 ’νη
271 581 430 637 ταύτης
486 585 701 639 βασίλεια,
759 586 812 640 τῇ
871 580 1040 638 οὔνομα
1077 577 1133 638 ἦν
1175 584 1415 637 Νίτωκρις,

105 812 190 848 pag.
223 802 288 841 80.
346 799 455 846 „Est
480 813 565 837 vero
598 799 754 837 Pollucis

103 856 224 903 locus,
254 856 314 904 qui
342 856 410 892 huc
433 860 598 906 spectare
630 857 754 894 videa-

103 916 182 958 tur,
213 912 249 948 in
278 911 418 948 Histor.
445 913 549 961 phys.
578 926 663 962 pag.
699 915 754 954 82

103 968 160 1005 cd.
181 967 313 1004 Hardt.
343 967 527 1006 Abraham
563 969 631 1006 illic
663 969 752 1007 dici-

101 1028 158 1060 tur
182 1023 342 1073 aequalis
372 1024 478 1072 Nini,
508 1026 569 1074 qui
594 1026 755 1063 condidit

100 1079 247 1118 Ninive.
304 1080 400 1118 Huic
431 1082 604 1119 suecessit
635 1083 755 1119 Semi-

103 1137 233 1183 ramis3
262 1137 352 1173 ubi
343 1150 415 1174 iam
444 1143 642 1187 sequuntur
665 1139 755 1175 haec

102 1194 230 1230 vzerba
279 1188 375 1244 μεθ’
415 1190 464 1233 ὃν
504 1193 754 1261 ἐβεισίλῆυσεν

102 1244 320 1300 Ασσυρίων
336 1265 361 1300 η
384 1247 528 1289 τούτου
558 1248 660 1302 γυνή
682 1254 754 1290 Σε-

104 1305 308 1357 μείοαμις,
354 1301 443 1356 ἥτις
496 1321 587 1345 κατε
591 1319 655 1346 σκς
644 1302 755 1346 ύασε

102 1359 149 1400 τοὶ
179 1377 340 1414 χωιιατα
366 1359 432 1400 δια
453 1360 546 1409 τοὺς
566 1366 755 1401 κατακλυ-

105 1413 239 1469 σμούς.
282 1419 390 1455 Conf.
421 1419 566 1456 Cetren.
603 1424 638 1456 et
659 1420 756 1468 Syn-

103 1474 179 1512 cell.
202 1475 286 1511 add.
300 1474 506 1524 Interprett.
529 1476 577 1512 ad
597 1475 754 1512 Oracull.

103 1530 228 1579 Sibyll.
247 1543 285 1582 p.
306 1533 545 1573 332—336
566 1532 623 1570 ed.
642 1532 754 1570 Gal.“

106 1587 169 1625 Cr.

140 1639 355 1711 πρότεοον
381 1641 424 1683 δὲ
448 1639 555 1684 {aiae
559 1659 575 1683 ε
596 1642 616 1685 ὁ
637 1659 754 1684 ποτα-

105 1696 176 1751 μός
197 1695 274 1739 οἷνὰ
297 1716 340 1740 το
360 1702 500 1740 πεδίον
529 1704 612 1740 πᾶν
639 1705 755 1741 πελα-

104 1755 279 1808 γίζειν]
272 1771 294 1794 ι.
316 1771 348 1794 e.
369 1762 509 1804 „antea
527 1758 667 1795 solebat
686 1760 756 1794 ssu-

105 1826 190 1850 1uen
205 1826 271 1862 per
295 1817 408 1850 totam
431 1814 618 1863 planitiem
636 1814 756 1850 omnia

106 1870 284 1906 inundare
314 1873 354 1906 ut
389 1870 497 1906 maris
526 1872 639 1907 ferme
671 1883 757 1920 spe-

108 1927 198 1963 ciem
219 1938 367 1975 campus
386 1926 622 1975 praeberet.“
663 1926 760 1962 Sunt

108 1982 205 2019 enim
225 1995 299 2018 non
328 1982 523 2018 admodum
551 1982 666 2020 elatae
685 1981 760 2018 Eu-

107 2038 246 2089 phratis
274 2038 430 2075 fluminis
454 2037 546 2075 hanc
574 2038 759 2088 planitiem

107 2098 245 2131 tantam
262 2094 474 2144 perfluentis
496 2096 618 2144 ripae,
652 2094 700 2130 ita
720 2098 760 2130 ut

107 2150 212 2188 facile
233 2150 312 2187 loca
341 2152 504 2201 proxima
530 2151 762 2187 inundentur.

110 2207 220 2251 Quod
236 2207 451 2257 praesertim
485 2207 679 2256 quotannis
700 2206 760 2242 illo

109 2268 274 2313 tempore
312 2263 461 2311 accidit,
510 2276 583 2313 quo
623 2263 684 2299 nix
722 2263 761 2300 in

109 2320 291 2359 montibus
323 2318 523 2368 Armeniis,
567 2320 665 2357 unde
698 2332 761 2356 ex-

110 2377 224 2413 oritur
264 2375 495 2426 Euphrates,
554 2375 762 2413 dissolvitur

112 2444 230 2480 aquae
247 2432 387 2482 copiam
409 2433 536 2469 mirum
556 2432 594 2469 in
615 2433 762 2469 modum

112 2500 273 2536 augens,
300 2491 341 2524 ut
360 2490 467 2526 fluvio
483 2489 553 2525 isto
570 2490 762 2538 superfuso

113 2556 187 2580 11011
216 2543 321 2580 aliter
347 2549 456 2594 atque
474 2544 561 2582 Nilo
579 2544 763 2594 Aegyptio

116 2599 237 2636 omnia
277 2599 387 2648 longe
412 2601 555 2649 lateque
585 2601 765 2638 inunden-

115 2660 184 2692 tur.
223 2655 292 2691 Cui
312 2657 364 2693 rei
389 2656 587 2693 incolarum
608 2656 765 2694 sollertia

116 2713 168 2748 ita
183 2712 389 2761 prospexit,
419 2716 458 2749 ut
474 2725 547 2748 non
565 2712 678 2749 solum
697 2726 764 2762 ag-

117 2767 264 2816 geribus
284 2769 508 2806 exstruendis
527 2769 683 2806 fluminis
695 2769 766 2806 vim

119 2824 348 2872 cohiberent,
376 2837 500 2862 verum
529 2826 637 2862 etiam
658 2838 767 2862 cana-

118 2879 212 2917 libus
236 2881 320 2919 inde
350 2881 537 2930 deductis,
592 2882 694 2919 uibus
716 2882 766 2919 si-

762 503 821 547 ‘H
845 505 890 547 δὲ
921 504 973 560 δὴ
1003 502 1206 558 δεύτερον
1244 502 1414 558 γενομέ-

469 422 680 478 πρότερον
719 425 763 468 δὲ
804 422 935 468 ἐώθεε
977 421 1000 467 ὁ
1030 422 1224 480 ποταμὸς
1253 419 1337 465 ἀνὰ
1367 422 1415 466 τὸ

823 800 895 838 111111
915 804 1047 837 terram
1072 800 1159 837 alias
1183 800 1313 838 siccam
1334 805 1371 839 et
1388 801 1474 838 solis

823 857 942 895 calore
976 861 1108 894 tostam
1137 857 1344 905 irrigarent,
1376 871 1474 895 eain-

822 927 893 963 que
912 914 1169 950 fertilissimam
1186 914 1391 951 redderent.
1416 915 1476 952 De

822 970 951 1018 quibus
990 969 1125 1007 consul.
1162 970 1322 1007 Heeren.
1363 970 1476 1008 Ideen

820 1026 857 1073 l,
877 1030 902 1067 2
935 1039 1021 1076 pag.
1040 1026 1123 1078 *135
1145 1039 1248 1074 seqq.
1282 1027 1383 1073 139,
1415 1027 1476 1062 ubi

824 1083 930 1120 etiam
956 1083 1041 1119 illud
1070 1083 1206 1133 optime
1233 1086 1381 1129 monet,
1411 1095 1475 1120 eos

823 1152 979 1188 aggeres
1008 1138 1268 1188 antiquissimis
1300 1139 1476 1188 tempori-

822 1196 891 1231 bus
912 1196 984 1232 iam
1015 1199 1215 1232 exstructos
1239 1195 1353 1232 videri
1374 1196 1477 1232 ideo-

823 1264 896 1300 que
922 1251 1150 1288 Semiramidi
1175 1251 1284 1299 vulgo
1305 1251 1476 1298 adscribi,

823 1308 960 1357 quippe
1009 1308 1064 1344 cui
1098 1320 1165 1357 per
1199 1312 1313 1344 totam
1351 1306 1477 1344 Asiam

824 1364 972 1411 quaevis
994 1376 1106 1413 opera
1124 1376 1281 1411 magna,
1300 1363 1479 1410 aedificia,

823 1418 959 1466 moles,
1009 1420 1056 1456 de
1082 1432 1235 1468 quormn
1271 1420 1477 1455 auctoribus

823 1488 898 1512 non
917 1475 1074 1524 liqueat,
1105 1475 1367 1512 adtribuantur.
1424 1474 1479 1511 Ut

824 1532 873 1568 ad
893 1531 1132 1579 ‚Herodotum
1162 1531 1334 1578 redeam,
1382 1530 1478 1568 bene

822 1587 918 1625 hunc
941 1588 1058 1638 ipsum
1080 1587 1198 1624 locum
1224 1587 1271 1624 ad
1293 1586 1478 1636 explican-

822 1645 909 1682 dum
921 1644 1122 1694 prophetae
1137 1644 1255 1681 locum
1274 1643 1361 1691 (les,
1372 1642 1477 1690 XXI,

826 1702 869 1749 1)
894 1701 1056 1737 adhibuit
1083 1700 1266 1738 Gesenius
1295 1700 1334 1736 in
1364 1699 1479 1736 Com-

822 1761 993 1794 mentarr.
1012 1757 1060 1793 ad
1088 1756 1159 1794 les.
1192 1756 1216 1793 l.
1239 1756 1262 1792 l.
1288 1769 1374 1806 pag.
1394 1755 1478 1796 652

823 1826 846 1850 a
868 1812 932 1849 Cr.
953 1812 1143 1858 laudatus;
1171 1813 1232 1861 qui
1255 1813 1328 1848 iam
1347 1813 1393 1848 de
1403 1812 1479 1847 Ba-

824 1868 959 1917 bylone
993 1868 1194 1917 Euphratis
1235 1869 1342 1904 undis
1382 1870 1480 1904 tecta

827 1928 906 1962 erat
934 1923 1204 1972 intelligendus
1261 1922 1481 1972 Abydenum

827 1993 972 2029 quoque
996 1979 1064 2016 Cr.
1086 1979 1209 2016 laudat
1239 1979 1318 2029 (ap.
1339 1979 1479 2015 Euseb.

825 2048 993 2086 praepar.
1022 2035 1185 2083 evangel.
1216 2035 1270 2072 IX
1297 2049 1333 2085 p.
1362 2035 1479 2083 457),

827 2096 1034 2129 narrantem
1066 2105 1210 2129 omnem
1238 2091 1329 2128 hanc
1356 2091 1480 2140 regio-

828 2161 913 2186 nem
929 2148 1094 2198 primitus
1122 2149 1226 2197 aquis
1253 2148 1479 2186 submersam

828 2218 896 2256 pro
935 2206 1026 2241 mari
1060 2204 1220 2241 habitam
1250 2217 1343 2241 esse.
1401 2204 1479 2242 Sed

827 2261 917 2300 haec
934 2261 1004 2298 alio
1026 2265 1191 2311 spectare
1217 2260 1395 2298 videntur.

977 2345 1007 2382 C
1022 2358 1043 2382 a
1054 2358 1090 2396 p.
1119 2343 1341 2382 CLXXXV.

885 2431 936 2483 τῇ
966 2425 1121 2480 οὕνομα
1158 2423 1212 2480 ἦν
1256 2425 1478 2480 Νίτωκρις]

831 2487 1030 2524 Cuiusnam
1049 2486 1145 2535 regis
1167 2498 1257 2522 uxor
1266 2485 1384 2532 fuerit,
1407 2484 1482 2521 val-

831 2544 879 2580 de
903 2544 995 2580 inter
1023 2543 1119 2579 viros
1148 2542 1273 2579 doctos
1296 2543 1481 2591 discepta-

831 2604 900 2637 tur.
956 2599 1061 2636 Multi
1098 2598 1163 2646 (in
1204 2599 1336 2647 quibus
1373 2598 1480 2636 etiam

831 2656 990 2693 Heeren.
1015 2656 1127 2692 Ideen
1140 2659 1207 2692 etc.
1230 2654 1267 2702 I,
1285 2657 1312 2695 2
1329 2668 1365 2704 p.
1380 2653 1479 2702 154)

831 2711 1184 2751 Nabuchodonosori
1196 2724 1226 2747 5.
1238 2711 1482 2749 Nebucadne-

832 2769 927 2805 zaris
957 2781 1102 2806 uxorem
1143 2781 1226 2806 esse
1253 2767 1398 2815 volunt,
1426 2767 1482 2803 in-

832 2826 954 2874 deque
981 2826 1097 2862 aviam
1119 2824 1234 2862 ultimi
1256 2823 1480 2873 Babylonio-

831 2895 911 2920 rum
938 2882 1034 2932 regis
1055 2881 1238 2932 Labyneti
1256 2895 1286 2920 s.
1305 2881 1480 2921 Nabone-

1471 583 1517 610 rt,

1470 508 1600 536 Minoris
1649 510 1747 543 [uxor

1470 542 1565 569 habu«
1567 543 1742 570 311οᾶ011050-

1472 610 1510 637 ab
1508 577 1748 646 aquai-2321&
