1909 3228
469 172 554 213 324
863 167 1338 207 HERODOTI

442 277 604 337 ἓὴμέας
630 278 708 336 μέν
740 295 807 322 τοι
837 275 903 319 οὔ.
961 274 1014 318 τὰ
1043 273 1268 332 οὐνόματά
1291 285 1393 332 σφι,
1439 276 1564 320 ἐόντα
1593 275 1723 332 ὁμοῖα

472 363 585 402 τοῖσι
605 355 774 412 σώμασι
793 354 866 398 καὶ
885 357 939 411 τῇ
957 355 1322 412 μεγαλοπρεπείῃ,
1341 359 1564 399 τελευτῶσι
1583 354 1726 399 πάντα

472 436 516 489 ἐς
542 434 680 479 τώυτὸ
710 431 909 489 γράμμα,
956 432 1005 476 τὸ
1035 432 1224 488 Δωριέες
1258 431 1339 488 μὲν
1376 433 1474 476 Σὰν
1510 433 1727 484 καλέουσι,

444 514 609 564 ἕΊωνες
640 512 686 556 δὲ
715 513 874 569 Σίγμα.
932 511 975 563 ἐς
1003 515 1134 556 τοῦτο
1177 511 1400 568 διζήμενος
1436 508 1632 567 εὑρήσεις
1658 527 1729 554 τε-

472 595 689 636 λευτῶντα
717 593 806 633 τῶν
835 590 1040 646 Περσέων
1078 591 1131 634 τὰ
1169 589 1414 647 οὐνόματα,
1459 587 1514 633 οὐ
1553 588 1605 631 τὰ
1638 587 1729 644 μὲν,

321 677 421 722 140
476 670 529 714 τὰ
556 672 600 714 δὲ
631 668 711 723 οὗ,
759 669 867 713 α’λλοὲ
907 667 1046 712 πάντα
1083 667 1254 726 ὁμοίως.
1319 673 1466 713 Ταῦτα
1497 668 1575 724 μὲν
1605 665 1787 722 vitos-40

146 741 422 813 ζξῑᾞξῗξῇξψῗῐῗξ
477 749 585 801 κέως
615 749 693 804 ε’χω
719 749 815 804 περὶ
846 747 991 792 αὐτων
1019 750 1140 800 εἰδὼς
1169 750 1314 792 εἰπεῖν

143 809 316 838 sacerdotes
323 810 422 848 Aegy-

144 843 298 905 ,affinga
322 842 353 869 in
386 847 421 869 m
476 825 752 884 κρυπτόμενα
779 827 968 884 λέγεται,
1024 829 1098 872 καὶ
1137 827 1191 872 οὐ
1230 826 1479 884 σαφηνέως,
1526 826 1625 881 περὶ
1652 827 1734 869 τοῦ

1365 745 1466 792 τάδε
1495 746 1644 804 μέντοι
1674 744 1732 797 ὠς

418 1011 545 1066 anas]
587 1013 609 1052 i.
641 1025 672 1051 e.
713 1012 814 1062 quod
844 1012 943 1063 ipsos
975 1012 1071 1061 sugit

418 1070 572 1115 Persas,
614 1081 687 1119 quo
717 1069 787 1119 ipsi
822 1069 957 1107 Persae
993 1069 1072 1105 ani-

420 1140 520 1165 mum
538 1139 613 1163 non
632 1126 884 1172 adverterunt,
904 1125 1072 1188 equidem

421 1196 509 1221 vero
531 1182 612 1232 (qui
638 1182 799 1219 Graecus
819 1182 968 1220 Graecis
987 1181 1074 1218 scri-

422 1239 471 1277 bo
487 1238 711 1286 homiuibus)
737 1239 831 1276 bene
851 1237 1002 1275 adverti.

478 1309 526 1334 τα
545 1289 743 1358 ουνὸματα
771 1306 863 1344 σφι,
892 1289 1005 1334 ἐόντα
1029 1291 1074 1333 ὁ-

423 1355 519 1403 μοῖα
539 1355 640 1390 τοῖσι
659 1362 812 1401 σωμασι
837 1349 906 1389 καὶ
935 1352 986 1403 τῆ
1008 1364 1074 1400 με·

423 1406 687 1459 γαλοπρεπείῃ
708 1420 744 1444 κ.
773 1420 805 1444 τ.
836 1405 888 1456 λ.]
913 1405 1075 1442 Nomina

423 1463 593 1509 Persica,
623 1474 718 1511 quae
739 1462 875 1512 pariter
896 1462 978 1509 (i.e.
995 1462 1075 1511 pari

423 1519 524 1570 apud
541 1531 666 1555 omnes
688 1519 816 1566 modo)
835 1522 909 1554 tum
928 1518 975 1554 de
996 1530 1075 1554 cor-

423 1575 524 1626 poris
547 1573 689 1621 habitu,
718 1577 795 1610 tum
820 1574 868 1611 de
897 1574 1074 1621 dignitate

425 1635 538 1680 atque
559 1630 674 1679 gradu
696 1629 914 1678 singulorum
930 1630 1076 1667 desum-

427 1690 466 1724 ta
490 1687 645 1733 fuerint,
680 1698 709 1722 s.
730 1686 866 1736 pariter
896 1690 972 1722 tum
996 1698 1077 1722 cor-

427 1741 528 1793 pori,
570 1747 646 1779 tum
677 1742 847 1790 dignitati
887 1741 1076 1790 (singulo-

426 1798 534 1846 rum)
576 1798 841 1846 respondeant,
881 1798 1000 1834 omnia
1040 1798 1075 1833 in

429 1854 583 1891 eandem
623 1853 763 1890 literam
811 1854 930 1900 exire,
983 1865 1077 1902 qnae

425 1909 586 1947 Doribus
615 1908 715 1956 San,
760 1908 905 1946 Ionibus
947 1909 1077 1957 Signia

426 1965 494 2012 sit,
522 1965 702 2003 Herodoti
718 1969 774 2002 est
790 1966 979 2003 sententia.
1003 1965 1078 2001 Ex-

426 2025 543 2059 trema
577 2021 686 2059 verba
715 2021 910 2072 praecipue
949 2022 1078 2059 adver-

425 2081 549 2115 terunt
566 2077 661 2113 viros
684 2077 831 2124 doctos,
853 2078 1075 2126 Scaligerum

426 2132 559 2182 Hyde,
606 2133 831 2171 Gatakerum
877 2133 1074 2181 (Adverss.

428 2189 519 2226 XXI
540 2191 753 2239 pag-661),
782 2190 893 2237 alios,
923 2190 1073 2239 quiHe-

426 2246 595 2282 rodotum
617 2245 652 2281 in
672 2245 725 2282 his
742 2245 882 2296 lapsum
895 2259 975 2283 esse
987 2258 1072 2283 con-

424 2302 636 2347 tenderent,
694 2302 831 2352 quippe
880 2302 1070 2351 deceptum

426 2358 569 2394 Graeca
614 2357 797 2394 nominum
847 2357 1072 2395 Persicorum

424 2412 698 2461 terminatione,
733 2426 848 2462 quae,
885 2418 925 2449 ut
954 2413 1074 2449 omnia

424 2470 504 2507 fere
523 2469 717 2519 peregrina
736 2469 908 2507 vocabula
934 2481 1074 2506 mascu-

426 2523 489 2561 lini
520 2525 684 2574 generis‚
721 2525 932 2575 plerumque
957 2525 1075 2562 Grae-

425 2593 469 2617 co
490 2593 655 2618 sermone
670 2582 707 2618 in
728 2581 820 2618 hanc
835 2581 973 2618 literam
992 2593 1074 2618 exe-

427 2640 502 2673 ant.
527 2636 692 2684 Addunt,
713 2649 807 2686 quae
826 2649 919 2673 nunc
937 2637 973 2672 in
986 2636 1074 2674 Per-

430 2703 548 2728 sarum
567 2692 688 2741 lingua
714 2693 939 2730 inveniantur
961 2693 1075 2729 nomi-

429 2758 494 2792 na,
524 2747 758 2786 Herodoteae
783 2749 981 2788 sententiae
1008 2749 1074 2784 mi-

430 2801 526 2840 nime
548 2815 757 2852 congruere.
815 2804 864 2842 At
881 2806 927 2843 de
944 2804 1073 2843 Persa-

1137 1024 1215 1050 rum
1245 1011 1369 1061 lingua
1397 1023 1470 1048 non
1497 1010 1688 1049 recentiori
1722 1010 1788 1048 sed

1138 1068 1353 1118 antiquiori,
1383 1069 1480 1105 cuius
1507 1068 1566 1104 vix
1594 1067 1665 1104 ulla
1687 1079 1790 1103 accu-

1140 1126 1252 1162 ratior
1287 1125 1333 1161 ad
1372 1137 1439 1160 nos
1471 1124 1616 1161 devenit
1650 1123 1790 1170 notitia,

1139 1182 1350 1220 Herodotus
1376 1180 1542 1229 loquitur.
1599 1180 1702 1218 Bene
1723 1179 1791 1216 hoc

1140 1239 1230 1275 vidit
1252 1237 1294 1274 A.
1314 1238 1360 1274 G.
1379 1236 1558 1285 Schlegel.
1588 1235 1714 1284 (cuius
1732 1247 1792 1272 me

1143 1295 1332 1332 admonuit
1355 1293 1438 1340 Cr„
1451 1294 1486 1330 in
1499 1293 1608 1330 lndic.
1620 1290 1791 1330 Biblioth.

1141 1351 1198 1397 II,
1230 1352 1256 1391 3
1284 1362 1370 1400 pag.
1390 1351 1472 1390 308
1491 1349 1637 1398 seqq.),
1672 1348 1793 1386 Hero-

1143 1407 1220 1443 doti
1241 1407 1373 1442 dictum
1396 1406 1444 1441 ad
1463 1405 1658 1442 masculina
1676 1404 1793 1442 nomi-

1142 1475 1190 1499 na
1209 1462 1339 1499 veteris
1360 1462 1551 1498 Persarum
1580 1461 1725 1509 linguae
1752 1474 1793 1497 u-

1141 1518 1221 1555 nice
1239 1517 1362 1555 referri
1381 1530 1490 1567 posse
1511 1521 1686 1564 statuens,
1700 1529 1793 1566 quo-

1141 1587 1219 1611 rum
1238 1574 1310 1611 scil.
1332 1574 1570 1610 nominativus
1589 1573 1625 1610 in
1641 1573 1737 1610 illam
1750 1572 1793 1609 li-

1140 1635 1255 1667 teram
1286 1630 1421 1667 exierit.
1491 1630 1596 1672 Quae
1627 1642 1708 1666 cum
1744 1629 1792 1665 ad

1142 1686 1323 1723 Herodoti
1372 1686 1589 1723 sententiam
1627 1697 1794 1736 compro·

1143 1742 1304 1778 bandam
1323 1741 1472 1777 multum
1491 1740 1654 1789 valcant,
1684 1741 1794 1778 miror

1145 1798 1300 1834 eundem
1326 1797 1439 1833 virum
1470 1797 1616 1834 doctum
1647 1798 1694 1836 de
1715 1797 1794 1835 He-

1143 1854 1262 1890 rodoti
1294 1853 1441 1901 ingenio
1470 1858 1507 1891 et
1534 1854 1570 1889 in
1591 1854 1699 1892 rebus
1718 1857 1794 1890 tra-

1145 1910 1228 1947 ditis
1249 1910 1321 1946 fide
1350 1922 1470 1958 neque
1497 1910 1614 1947 minus
1652 1911 1699 1948 de
1716 1910 1793 1947 eius

1144 1966 1267 2003 indole
1286 1977 1327 2002 ac
1345 1966 1513 2003 facultate
1539 1966 1720 2004 iudicandi
1742 1966 1793 2003 ita

1143 2021 1419 2072 pronuntiasse,
1455 2026 1494 2057 ut
1518 2034 1646 2071 parum
1674 2023 1794 2059 consi-

1143 2079 1267 2116 derate
1295 2078 1518 2115 examinasse
1553 2078 1718 2116 videatur
1736 2081 1793 2114 to-

1140 2135 1209 2171 tius
1231 2134 1351 2185 operis
1371 2133 1575 2171 Herodotei
1598 2134 1787 2172 rationem.

1343 2274 1450 2325 Cap.
1482 2273 1596 2312 CXL.

1194 2357 1318 2395 ταῦτα
1358 2355 1430 2408 μὲν
1469 2354 1661 2409 α’τρεκέως
1693 2357 1790 2410 ἔχω]

1140 2412 1222 2450 Hoc
1239 2413 1318 2450 loco
1337 2417 1461 2453 ταῦτα
1488 2428 1563 2452 non
1583 2416 1630 2452 ad
1647 2428 1691 2454 ea
1709 2420 1792 2453 tan-

1140 2473 1216 2506 tu1n
1237 2471 1417 2519 pertinet,
1442 2484 1536 2521 quae
1555 2473 1718 2522 proxime
1733 2484 1791 2509 re-

1141 2525 1212 2562 lata
1233 2531 1316 2563 sunt
1344 2528 1391 2565 de
1420 2527 1610 2566 Persarum
1635 2528 1792 2566 nomini-

1142 2581 1232 2629 bus,
1272 2583 1338 2619 sed
1364 2584 1411 2620 ad
1443 2597 1487 2622 ea
1518 2585 1660 2632 omnia,
1697 2596 1791 2634 quae

1141 2638 1188 2675 de
1227 2638 1419 2676 Persarum
1455 2641 1646 2689 institutis,
1681 2641 1790 2678 mori-

1141 2694 1229 2741 bus,
1259 2694 1536 2744 r0l1010n811ule
1564 2697 1786 2764 acap.181

1139 2755 1339 2787 nalrantur.
1351 2752 1537 2790 —Verba
1549 2767 1638 2803 περι
1654 2746 1787 2791 αυτῶν

1140 2806 1187 2843 de
1207 2805 1327 2845 Persis
1355 2812 1439 2845 sunt
1455 2809 1674 2859 accipienda.
