1877 3223
102 1110 181 1131 nnuu
199 1103 303 1132 suisne.

419 231 474 271 72
818 224 1292 263 uEnoDo’rl

402 334 485 386 Ξῶς
522 333 698 385 ἕκαστος
739 332 886 378 αὐτῶν
916 331 1184 376 ἀπικνέοιτο·

1235 333 1308 376 καὶ
1341 332 1394 388 δὴ
1427 333 1498 376 καὶ
1529 332 1700 386 Σόλων,

426 412 534 470 ἀνὴρ
569 411 825 468 Ἀθηναῖος,
879 411 926 463 ὃς
970 410 1237 469 Ἀθηναίοισι
1281 410 1446 466 νόμους
1475 410 1747 456 κελεύσασιῗθ

423 491 627 549 ποιήσας,
668 490 909 547 ἀπεδήμησε
945 491 1038 534 ἔτεα
1070 491 1200 544 δέκα,
1239 488 1349 533 κατὰ
1384 493 1568 546 θεωρίης
1597 489 1702 545 πρό-

425 583 561 627 φασιν
587 567 831 621 ἐκπλεύσας,
862 572 934 613 ἴνα
955 570 1007 626 δὴ
1024 570 1080 626 μή
1109 587 1206 613 τινα
1235 573 1324 612 τῶν
1354 567 1503 624 νόμων
1522 566 1704 624 ἀναγκα-

400 653 514 706 Βσθῇ
546 652 674 691 λῦσαι
711 653 800 692 τῶν
838 649 972 693 ἔθετο.
1015 646 1140 692 αὐτοὶ
1167 648 1251 705 γάρ
1284 646 1365 692 οὐκ
1395 644 1483 691 οἷοί
1522 663 1566 690 τε
1593 642 1705 703 ἦσαν

424 727 531 772 αὐτὸ
553 731 731 783 ποιῆσαι
758 725 1002 784 Ἀθηναῖοι·
1042 726 1230 783 ὁρκίοισι
1258 727 1342 784 γὰρ
1366 725 1590 784 μεγάλοισι
1608 741 1706 769 κατ-

421 809 611 863 είχοντο,
663 808 766 849 (δέκα
796 807 890 850 ἔτεα
922 807 1160 863 χρήσεσθαι
1189 806 1365 862 νόμοισι
1401 806 1505 856 τούς
1532 803 1588 847 οἷν
1624 816 1751 859 σφι25

365 1170 446 1225 pro
469 1152 534 1195 Ἀι
538 1155 705 1209 ὅροτίων
732 1153 802 1192 illic
833 1154 1029 1203 legendum

365 1210 440 1251 ’Ἀι
435 1213 560 1264 δρων.

435 1284 490 1315 ως
511 1267 669 1314 ἕκαστος
685 1282 769 1306 αυτ
782 1268 814 1305 ὦ
825 1282 848 1306 ν
863 1262 1028 1306 απικνέ-

377 1324 482 1388 ofzo]
516 1339 651 1363 αυτων
673 1337 740 1374 pro
767 1319 919 1362 αὐτέων
948 1323 1029 1374 plu-

378 1382 456 1417 rimi
473 1381 575 1428 libri,
603 1393 694 1430 quos
724 1392 803 1415 cum
824 1380 941 1416 Gaisf.
972 1391 1031 1416 se-

377 1438 449 1474 cuti
476 1450 613 1473 sumus.
673 1436 781 1471 conf.
813 1435 854 1482 Ι,
883 1437 937 1475 26
968 1435 1030 1471 fin.

376 1491 617 1529 Locutionem
640 1488 692 1536 ὥς
713 1489 873 1537 ἕκαστος
895 1491 1033 1539 aliquot

377 1549 554 1598 exemplis
574 1547 763 1584 illustravit
774 1546 1031 1596 lVyttenbach.

379 1605 415 1641 in
453 1605 599 1642 Selectt.
638 1603 816 1641 historice.
868 1616 906 1652 p.
938 1602 1034 1649 346,

378 1666 543 1697 nostrum
565 1660 681 1696 locum
700 1659 752 1695 ita
771 1659 1034 1708 interpretans:

378 1720 446 1763 „ut
465 1728 577 1753 eorum
598 1718 742 1765 quisque
759 1715 977 1762 aclvem'ret,“
996 1714 1036 1750 id

380 1777 457 1819 est,
486 1786 551 1809 ιιοη
571 1772 683 1808 eodem
705 1775 737 1807 et
758 1773 944 1818 communi,
978 1769 1037 1807 secl

381 1841 444 1864 suo
465 1831 609 1878 quisque
640 1831 672 1864 et
694 1828 836 1863 consilio
854 1831 885 1864 et
907 1830 1037 1877 tempo-

381 1896 438 1931 re,
459 1885 534 1922 sive
551 1897 616 1934 pro
637 1896 672 1919 se
695 1885 849 1932 quisque.

440 1947 539 1989 zaro?
558 1950 735 1999 θεωρίης
756 1946 960 2000 πρόφασιν
979 1948 1038 1988 ἕκ-

381 2002 564 2057 πλώσας]
583 2006 751 2043 Conscrri
770 2006 845 2042 vult
868 2006 932 2042 Cr.
946 2018 1040 2054 quae

381 2065 476 2101 hanc
506 2064 543 2100 iu
569 2076 645 2099 rem
679 2063 826 2098 omnino
857 2062 1040 2111 praecipi-

383 2124 492 2156 untur
519 2120 617 2167 apud
657 2117 799 2155 Platon.
840 2118 886 2155 de
916 2117 1037 2166 Legg.

385 2175 459 2213 XII
478 2189 514 2225 p.
535 2177 629 2221 951,
654 2173 695 2212 A.
743 2173 845 2211 Idem
867 2175 1039 2210 admonet

386 2232 485 2268 vocis
507 2229 775 2280 φιλοθέωρος,
805 2243 878 2279 quo
908 2229 1037 2280 perio-

390 2300 470 2324 cum
501 2289 575 2324 sere
604 2289 714 2324 utitur
746 2286 879 2324 Cicero
897 2286 969 2337 Ep.
990 2286 1037 2323 ad

390 2342 522 2381 Famil.
545 2343 632 2389 vn,
660 2345 723 2383 16.

448 2412 529 2449 τῶν
555 2409 571 2448 ἒ
569 2409 614 2448 ’θ
627 2424 642 2448 ε
640 2409 730 2476 τό]
763 2410 824 2447 Sic
845 2410 936 2446 insta
952 2422 1041 2459 quo-

392 2481 480 2518 que:
511 2481 670 2512 -τους
689 2464 738 2504 ἄν
759 2478 830 2514 σφι
844 2467 934 2515 (σφι
949 2465 1042 2502 enim

394 2523 560 2561 dedimus
596 2536 674 2559 cum
709 2523 827 2559 Gaisf.
846 2523 864 2571 )
902 2516 1044 2560 Σόλων

395 2580 562 2629 θῆται.
620 2577 672 2615 Ac
703 2579 792 2615 satis
814 2583 938 2615 notum
970 2577 1044 2614 dis-

396 2635 531 2671 crimen
558 2634 650 2671 inter
686 2630 812 2684 νόμον
838 2637 974 2672 θεῖναι
1003 2645 1046 2670 ac

397 2689 574 2736 θέσθαι,
604 2691 651 2727 de
674 2704 745 2739 quo
771 2690 838 2727 Cr.
858 2690 981 2727 laudat
997 2688 1042 2727 F.

399 2745 441 2783 A.
468 2745 577 2782 Wolf
616 2746 651 2781 in
682 2746 853 2794 Plolegg.
883 2746 930 2782 ad
968 2744 1045 2782 De-

400 2801 531 2840 mosth.
561 2801 708 2851 Leptin.
740 2815 776 2851 p
789 2801 945 2838 CXXVI
967 2814 1044 2850 seq.

455 2853 546 2903 τοῦς
578 2854 628 2896 ἅν
651 2853 873 2906 σφιΣόλων
894 2855 1041 2907 θῆται]

103 937 177 963 ΕΜ
195 935 273 972 apud
285 873 377 964 02?
423 887 582 930 Σόλων
607 889 749 942 θηται.
800 884 959 929 Αὐτῶν
981 885 1034 941 δὴ
1060 881 1122 928 ὦν
1140 884 1308 928 τούτων
1333 885 1403 928 καὶ
1426 888 1500 940 τῆς
1520 884 1706 940 θεωρίης

101 977 166 996 uum
175 971 367 997 commoratio

102 1007 134 1028 et
159 1002 320 1038 disputatio
345 1003 382 1030 dc

103 1035 226 1063 fortuna
243 1037 380 1065 humana.

101 1068 219 1096 Tenum
238 1070 371 1098 beatien-

361 980 378 1004 ›‚
428 963 669 1021 ἐκδημήσας
701 963 724 1008 ὁ
757 962 917 1007 Σόλων
960 965 1140 1016 εἵνεκεν,
1193 963 1235 1014 ἐς
1264 966 1489 1018 Αἴγυπτον
1531 961 1706 1006 ἀπίκετο

1098 1153 1380 1190 Coniunctivum
1400 1165 1479 1190 cum
1502 1152 1679 1202 particula
1703 1147 1755 1191 ὃν

1096 1210 1154 1248 hic
1170 1223 1238 1260 pro
1250 1210 1411 1259 optativo
1428 1209 1537 1259 poni,
1549 1209 1610 1246 ubi
1620 1209 1754 1245 transi—

1097 1271 1154 1303 tus
1188 1279 1232 1304 ex
1262 1265 1407 1314 obliqua
1431 1265 1594 1302 oratione
1627 1265 1691 1302 fiat
1718 1266 1755 1302 in

1098 1327 1254 1369 rectam,
1293 1326 1416 1359 monet
1445 1320 1575 1358 Matth.
1603 1319 1642 1371 ὃ.
1673 1322 1755 1363 527

1100 1383 1175 1415 not.
1204 1381 1252 1424 1,
1282 1391 1301 1414 c
1322 1391 1359 1427 p.
1382 1379 1502 1418 1025.
1560 1377 1637 1414 Sed
1670 1390 1757 1414 con-

1101 1435 1293 1471 iunctivum
1307 1433 1518 1482 legitimum,
1539 1433 1680 1483 opinor,
1700 1438 1758 1470 tu-

1102 1496 1180 1528 etur
1199 1492 1358 1527 futurum
1382 1485 1631 1542 χρήσεσθαι,
1660 1490 1758 1527 unde

1102 1546 1162 1585 ille
1181 1547 1355 1597 pendeat.

1300 1655 1571 1708 Cap.XXx.

1162 1730 1306 1775 Αὐτῶν
1337 1732 1388 1786 δή
1417 1729 1474 1774 ὧν
1507 1730 1659 1775 τούτων
1691 1734 1760 1774 καὶ

1106 1793 1177 1842 τῆς
1198 1792 1372 1843 θεωρίης
1391 1788 1617 1843 ἐκδημήσας
1638 1789 1662 1831 ὁ
1684 1787 1761 1831 Σό-

1107 1851 1188 1887 λων
1242 1848 1409 1896 εἴνεκεν,
1466 1848 1506 1894 ἐς
1554 1847 1760 1900 Αἴγυπτον

1107 1900 1271 1943 ἀπίκετο
1293 1920 1326 1943 κ.
1347 1920 1381 1943 τ.
1405 1903 1465 1954 λ.]
1505 1904 1609 1942 Haec
1637 1904 1760 1951 verba,

1107 1974 1260 2009 quorum
1278 1974 1424 1999 sensum
1446 1974 1553 1998 nemo
1573 1973 1647 1997 non
1660 1973 1761 1998 asse·

1107 2021 1209 2054 cutus
1227 2022 1308 2065 est,
1338 2018 1453 2054 maius
1483 2017 1668 2065 negotium
1699 2029 1759 2054 ex-

1107 2073 1252 2119 hibent,
1281 2079 1486 2124 temporum
1504 2073 1679 2110 rationem
1701 2085 1761 2109 ac-

1105 2130 1263 2165 curatius
1283 2131 1314 2166 si
1339 2141 1610 2179 persequamur.
1650 2128 1760 2166 Unde

1106 2186 1239 2221 sactum
1269 2189 1345 2231 est,
1375 2190 1414 2220 ut
1442 2183 1621 2220 nonnullis
1642 2188 1758 2221 totum

1104 2240 1172 2276 hoc
1215 2241 1429 2289 colloquium
1484 2240 1629 2276 Solonis
1679 2254 1758 2278 cum

1108 2296 1248 2332 Croeso
1269 2310 1417 2346 prorsus
1429 2296 1549 2333 fictiun
1571 2297 1764 2344 videretur,

1110 2352 1245 2401 quippe
1267 2359 1468 2402 temporum
1490 2353 1629 2390 ratione
1645 2354 1758 2389 refra-

1109 2412 1240 2455 gante,
1287 2422 1366 2446 cum
1404 2409 1575 2445 Solonem
1614 2408 1758 2458 Olylnp.

1110 2463 1254 2512 XLVI,
1285 2469 1309 2506 3
1340 2464 1620 2502 Atheniensibus
1659 2464 1759 2513 leges

1110 2520 1237 2558 tulisse
1273 2526 1415 2559 constet
1451 2521 1678 2569 eundemque
1702 2525 1758 2569 ty-

1111 2577 1272 2614 rannidis
1301 2578 1536 2614 Pisistrateae
1569 2589 1665 2613 anno
1701 2590 1759 2615 se-

1113 2632 1252 2680 cundo,
1283 2634 1357 2671 sive
1391 2633 1538 2682 Olymp.
1569 2631 1654 2670 LlV
1680 2633 1759 2670 obi-

1112 2689 1207 2733 isse;
1237 2703 1308 2738 quo
1334 2691 1413 2739 ipso
1435 2689 1578 2726 demum
1599 2689 1760 2727 Croesus

1112 2757 1265 2792 regnare
1300 2746 1392 2783 inter
1425 2744 1551 2793 Lydos
1589 2746 1758 2796 coeperit.

1112 2800 1159 2836 At
1179 2801 1373 2849 Solonem,
1414 2804 1582 2850 gemente
1609 2801 1675 2838 sub
1699 2800 1759 2838 Pi-

1111 2856 1246 2895 sistrati
1268 2858 1516 2896 dominatione
1535 2857 1676 2894 civitate
1692 2856 1759 2894 At-
