1909 3228
459 163 544 203 832

431 279 453 314 5
464 272 718 315 παλαίστου.

852 161 1332 200 HERODOTI

783 269 843 313 Τὸ
875 269 921 313 δὲ
950 268 1073 323 ὕδωρ
1113 269 1160 312 τὸ
1193 268 1240 312 ἐν
1269 273 1321 325 τῇ
1351 270 1501 326 λίμνῃ,
1541 267 1722 325 αὐθιγε-

459 350 529 401 νὲς
559 350 637 404 μὲν
666 348 746 392 οὐκ
776 348 885 392 ἔστι·
917 347 1109 402 ἄνυδρος
1135 347 1219 402 γὰρ
1251 348 1305 403 δή
1337 350 1491 398 δεινῶς
1511 347 1597 392 ἐστὶ
1613 347 1720 392 ταύ-

459 444 531 486 τῃ·
582 429 628 471 ἐκ
657 431 736 471 τοῦ
766 429 932 470 Νείλου
962 427 1008 470 δὲ
1045 426 1153 469 κατὰ
1194 425 1384 482 διώρυχα
1413 426 1610 482 ἐσῆκται,
1650 426 1778 469 καὶὸ-5

457 509 503 559 ἓξ
532 508 610 562 μὲν
640 511 779 564 μῆνας
809 507 892 550 ἔσω
923 506 1011 561 ῥέει
1040 505 1082 556 ἐς
1110 504 1190 561 τήν
1220 506 1398 562 λίμνην,
1428 507 1473 558 ’ἐξ
1504 504 1550 548 δὲ
1579 508 1720 561 μῆνας

432 586 543 638 δέξω
576 586 617 637 ἐς
645 586 723 630 τὸν
749 589 911 629 Νεῖλον
940 580 1073 636 αὖτις.
1106 584 1180 627 καὶ
1210 585 1338 628 ἐπεὰν
1366 583 1445 640 μὲν
1474 583 1599 639 ἐκρέῃ
1631 583 1723 634 ἔξω,

459 663 487 721 ἡ
518 665 564 709 δὲ
592 663 688 709 τότε
724 665 828 716 τούς
856 666 901 716 ἓξ
930 668 1070 720 μῆνας
1100 662 1143 714 ἐς
1172 662 1220 706 τό
1250 661 1479 720 βασιλήϊον
1506 659 1722 717 καταβάλ-

459 748 522 787 λει
552 743 622 787 ἐπ’
653 744 817 801 ἡμέρην
847 741 1031 799 ἑκάστην
1071 741 1283 786 τάλαντον
1313 741 1529 798 ἀργυρίου
1559 740 1607 784 ἐκ
1636 743 1722 783 τῶν

462 946 673 1003 αὐθιγενὲς
688 948 760 1003 μὲν
779 946 855 990 οὐκ
876 949 967 1002 ἔστι]
986 952 1008 989 i.
1025 965 1056 990 e.

404 1008 557 1045 indidem
594 1012 723 1055 uatus,
765 1021 807 1044 ex
846 1010 924 1057 ipsa
965 1013 1059 1045 terra

406 1067 512 1115 quasi
529 1069 633 1101 ortus.
694 1066 800 1102 Conf.
825 1064 965 1102 Herod.
998 1064 1060 1112 IV,

408 1124 488 1162 180
519 1121 598 1158 coll.
621 1120 686 1161 48.
744 1121 848 1157 Haec
888 1125 925 1158 et
965 1134 1060 1170 quae

407 1177 579 1215 continuo
603 1177 820 1213 adiiciuntur
838 1177 884 1214 de
901 1178 1059 1226 regionis

406 1234 585 1281 siccitate,
613 1234 804 1271 verissima
830 1233 981 1270 inveniri
1006 1238 1059 1271 te-

406 1294 522 1327 statur
541 1290 698 1327 Iomard.
722 1289 744 1325 l.
763 1289 784 1326 l.
809 1302 896 1339 pag.
919 1293 986 1331 99.

463 1399 563 1441 κατα
584 1397 760 1453 διώρυχα
782 1400 960 1452 ἐσῆκται]
990 1401 1063 1439 Iste

407 1459 562 1505 canalis,
593 1460 654 1508 qui
676 1458 870 1509 praecipue
889 1458 1063 1494 ambitum

407 1515 503 1552 lacus
533 1515 675 1551 auxisse
710 1515 876 1560 videtur,
928 1527 947 1551 e
975 1514 1061 1550 Nilo

408 1573 586 1608 deductus
608 1575 685 1607 erat
704 1571 739 1606 in
760 1569 875 1606 lacum
896 1583 961 1620 per
981 1571 1061 1605 sau-

407 1641 467 1665 ces
497 1629 570 1665 τοῦ
598 1627 649 1662 Εἰ
681 1626 851 1671 Lahoun,
889 1626 940 1661 uti
965 1638 1060 1662 nunc

407 1687 558 1729 vocant,
587 1683 648 1718 ubi
668 1682 785 1718 adhuc
804 1682 981 1718 invenitur
1001 1694 1061 1717 ca-

407 1739 496 1776 nalis
521 1738 624 1775 Bahr
652 1736 818 1786 Iouseph.‚
857 1737 974 1773 minor
1002 1736 1061 1773 ille

408 1796 556 1845 quidem
577 1799 612 1831 et
623 1794 813 1831 recentiori
835 1796 955 1829 aetate
975 1805 1061 1828 con-

406 1853 536 1889 fectus.
575 1851 658 1886 Vid.
683 1850 838 1886 [omard.
860 1848 881 1885 l.
905 1848 927 1885 l.
950 1862 985 1898 p.
1008 1850 1061 1888 80

409 1921 486 1957 seq.
510 1910 588 1948 100
611 1919 688 1955 seq.
722 1910 758 1943 et
784 1905 914 1942 Ritter.
945 1905 965 1941 l.
990 1904 1015 1940 l.
1043 1903 1060 1940 Ι

407 1977 492 2015 pag.
522 1966 602 2004 807
621 1992 632 2010 ,
682 1962 744 2011 qui
770 1961 839 1998 hoc
868 1966 1061 2011 praeterea

408 2021 530 2058 addit:
569 2033 636 2070 per
658 2019 753 2055 hunc
775 2018 958 2064 canalem,
988 2028 1060 2066 quo

408 2089 505 2126 aqua
522 2089 566 2113 ex
586 2075 672 2113 Nilo
693 2075 729 2111 in
749 2073 925 2111 Moeridis
946 2074 1061 2110 lacum

409 2133 675 2178 deducebatur,
711 2131 856 2167 minime
881 2130 1060 2180 relapsam

408 2190 521 2227 fuisse
561 2188 806 2225 abundantem
849 2198 980 2235 aquam
1018 2197 1062 2222 ex

411 2246 491 2284 lacu
513 2246 552 2282 iu
574 2244 717 2289 Nilum3
746 2243 814 2280 hoc
843 2244 976 2279 factum
1009 2242 1062 2278 vi-

409 2303 488 2340 deri
510 2301 578 2339 alia
606 2301 663 2337 via
693 2300 741 2336 ad
768 2298 979 2336 orientalem
1009 2298 1062 2335 la-

410 2372 472 2397 cus
493 2361 655 2408 partem,
684 2357 745 2392 ubi
763 2369 857 2392 nunc
880 2355 982 2403 regio
1000 2366 1061 2391 ex-

412 2416 562 2461 siccata,
601 2413 747 2449 nomine
767 2409 1062 2448 Bahr—Bela-md

410 2472 433 2508 i.
454 2485 484 2508 e.
506 2482 599 2507 mare
614 2471 686 2505 sine
706 2482 814 2517 aqua,
831 2481 947 2516 eoque
959 2468 1063 2503 Stra-

412 2527 516 2565 bonis
546 2526 791 2563 narrationem
834 2524 1061 2561 referendam

412 2597 513 2631 esse‚
544 2583 605 2631 qui
625 2582 696 2618 duo
726 2582 819 2618 ostia
844 2592 1062 2617 commemo-

411 2644 486 2684 ret,
516 2639 668 2675 alterum
682 2666 692 2684 ,
724 2637 850 2686 quoin
873 2636 985 2673 lacum
1008 2636 1063 2672 in-

412 2699 483 2731 tret
499 2694 570 2731 Nili
599 2707 712 2743 aqua3
741 2693 913 2738 alterum,
946 2705 1018 2741 quo
1041 2705 1061 2729 e

411 2750 491 2787 lacu
521 2751 637 2787 abeat.
698 2750 780 2787 Vid.
807 2750 892 2785 ibid.
923 2762 959 2799 p.
978 2751 1059 2789 799

413 2819 489 2855 seq.
511 2807 593 2847 860
611 2806 687 2843 coll.
709 2806 890 2844 Mannert.
910 2818 945 2855 p.
966 2804 1060 2846 443.

1126 952 1184 990 De
1204 950 1524 989 Bahr-Bela-'ma
1548 951 1642 988 conf.
1669 960 1780 1000 supra

1127 1013 1205 1045 not.
1228 1009 1274 1044 ad
1302 1008 1356 1053 ll,
1385 1010 1446 1047 10.

1185 1063 1223 1110 ἒς
1245 1060 1288 1102 τό
1314 1058 1523 1114 βασιλήϊον
1540 1055 1778 1111 καταβάλλει

1131 1135 1167 1159 κ.
1185 1136 1216 1158 τ.
1238 1119 1285 1170 L]
1316 1116 1359 1158 τὸ
1382 1115 1591 1169 βασιλήϊον
1621 1117 1663 1154 (le
1687 1118 1780 1165 regis

1131 1179 1267 1214 aerario
1292 1180 1388 1213 recte
1407 1176 1547 1225 accepit
1567 1174 1781 1211 Valckenar.

1129 1234 1281 1270 laudans
1303 1232 1456 1269 Diodor.
1479 1231 1522 1278 ll,
1543 1230 1608 1271 40.
1630 1229 1695 1271 41.
1714 1228 1782 1275 xl,

1131 1293 1195 1330 67.
1227 1289 1323 1334 XX,
1340 1288 1365 1328 4
1389 1292 1456 1325 etc.
1514 1287 1614 1323 Idem
1642 1286 1783 1323 Diodo-

1131 1359 1191 1382 rus
1224 1345 1260 1391 l,
1278 1346 1330 1385 52
1360 1357 1438 1381 cum
1466 1344 1599 1380 scribat
1623 1342 1691 1378 hoc
1719 1354 1782 1379 ve-

1131 1401 1240 1449 ctigal
1266 1402 1417 1449 reginae
1446 1400 1571 1436 datum
1596 1399 1706 1436 fuisse
1733 1397 1781 1435 ad

1130 1462 1296 1494 ornatum
1329 1452 1453 1506 (πρὸς
1478 1451 1584 1506 μύρα
1613 1453 1680 1492 καὶ
1709 1450 1779 1492 τόν

1131 1510 1251 1551 ἄλλον
1277 1507 1556 1561 καλλωπισμόν
1576 1533 1631 1538 -—
1657 1510 1781 1547 confer

1129 1574 1204 1606 not.
1232 1570 1279 1605 ad
1303 1569 1439 1604 Herod.
1471 1568 1630 1615 ll‚98),
1661 1566 1779 1602 malim

1129 1626 1298 1674 equidem
1326 1624 1382 1660 hic
1412 1625 1573 1672 cogitare
1595 1624 1641 1660 de
1669 1635 1780 1659 uxore

1128 1681 1264 1718 Persici
1297 1685 1487 1729 satrapae,
1538 1679 1600 1727 qui
1637 1682 1675 1716 et
1702 1679 1781 1727 ipse

1129 1750 1189 1772 rex
1214 1736 1412 1772 dicebatur.
1471 1735 1553 1771 Vid.
1570 1738 1645 1771 not.
1667 1734 1715 1770 ad
1734 1733 1780 1781 ll,

1129 1794 1198 1833 98.
1258 1792 1383 1834 Quare
1403 1792 1449 1828 de
1471 1791 1559 1828 fisco
1586 1790 1781 1827 Persarum

1129 1848 1186 1885 hic
1205 1848 1436 1896 cogitandum
1466 1847 1554 1894 erit,
1582 1859 1704 1895 neque
1733 1846 1780 1883 de

1128 1904 1358 1941 Pharaonum
1378 1903 1514 1952 regali,
1544 1903 1781 1952 quemadmo-

1127 1961 1212 1997 dum
1233 1960 1416 2009 accepisse
1437 1960 1552 1997 locum
1563 1959 1669 1996 video
1680 1958 1780 1995 Hee-

1127 2030 1205 2053 ren.
1230 2017 1342 2053 Ideen
1364 2016 1410 2062 Il,
1429 2020 1455 2058 2
1478 2029 1562 2066 pag.
1577 2014 1670 2056 345.
1696 2014 1780 2064 Ipsa

1127 2086 1212 2110 vero
1254 2073 1431 2122 pecuniae
1466 2084 1604 2109 summa
1642 2069 1779 2119 (quam

1127 2142 1248 2166 veram
1269 2130 1382 2165 fuisse
1402 2129 1525 2165 statuit
1552 2127 1734 2163 Mannert.
1756 2126 1779 2162 Ι.

1126 2185 1148 2222 l.
1174 2199 1209 2235 p.
1230 2185 1331 2232 427)
1360 2185 1388 2221 si
1412 2185 1460 2221 ad
1486 2188 1630 2220 nostros
1652 2195 1779 2219 numos

1128 2246 1335 2287 revocatur,
1383 2241 1502 2278 existit
1532 2251 1672 2277 summa
1698 2239 1781 2275 tha-

1128 2298 1283 2335 lerorum
1307 2297 1651 2345 quadringentorum
1677 2299 1779 2332 octo-

1130 2355 1233 2403 ginta
1263 2353 1439 2399 duorum,
1478 2353 1612 2390 additis
1642 2351 1780 2400 aliquot

1130 2409 1288 2459 grossis,
1328 2410 1437 2446 modo
1464 2409 1620 2445 Atticum
1648 2407 1779 2444 intelli-

1130 2480 1195 2516 gas
1223 2466 1417 2511 talentum,
1463 2465 1563 2514 quod
1593 2464 1780 2512 sexaginta

1130 2523 1235 2560 minis
1255 2526 1407 2559 constat.
1467 2522 1574 2558 conf.
1595 2520 1732 2557 Wurm.
1754 2519 1775 2555 l.

1128 2579 1149 2616 l.
1171 2591 1255 2628 pag.
1268 2580 1360 2618 207.
1390 2577 1574 2614 lomardus
1596 2576 1618 2613 l.
1632 2576 1654 2613 l.
1676 2577 1777 2626 p.92

1127 2636 1209 2672 hinc
1233 2647 1390 2671 annuum
1418 2635 1572 2671 reditum
1591 2646 1610 2670 e
1629 2632 1778 2682 piscium

1128 2697 1279 2741 captura
1329 2690 1513 2728 constituit
1559 2689 1778 2726 talentorum

1128 2748 1366 2784 ducentorum
1414 2745 1657 2795 quadraginta
1705 2745 1778 2781 sive

1131 2806 1349 2851 1,800,000
1371 2803 1501 2839 francs.
1561 2800 1672 2844 Quod
1691 2811 1777 2837 vero
