1909 3228
392 207 478 246 700
808 202 1275 241 HERODOTl

264 327 330 372 98
388 314 628 376 λευμένην..
676 311 873 355 Τουτὲωυ
904 311 948 354 δὲ
979 310 1005 367 ἡ
1034 311 1112 366 μὲν
1137 309 1382 363 Ἄνθυλλα,
1420 311 1550 355 ἐοῦσα
1577 317 1651 356 λο-

59 391 200 427 Anthylla
222 393 335 420 urbset
391 395 493 449 yl'w]
535 390 674 442 πόλις,

60 425 322 461 Archandropolis.
735 391 776 441 ἐς
816 389 1073 444 ὑποδήματα
1113 389 1325 444 ἐξαίρετος
1373 391 1539 433 δίδοται
1575 395 1709 433 τοῦ35

365 473 480 514 calet
509 469 816 526 βασιλεύοντος
846 468 1071 523 Αἰγύπτου
1111 473 1163 524 τῇ
1198 470 1386 524 γυναικί.

1445 472 1575 511 τοῦτο
1608 469 1653 512 δὲ

362 553 581 606 3γιύεται,
615 548 656 600 ἐξ
687 547 795 591 ὅσου
826 546 913 591 ὑπὸ
945 548 1141 605 Πέρσῃσί
1170 547 1260 591 ἐστι
1289 549 1519 603 Αἴγυπτος.
1549 545 1576 602 ἡ
1608 548 1653 590 δὲ

392 630 512 684 ἑτέρη
549 627 672 679 πόλις
714 627 855 670 δοκέει
895 644 970 683 μοι
1011 627 1059 670 τὸ
1099 626 1266 682 οὕνομα
1307 627 1414 682 ἔχειν
1449 624 1533 670 ἀπὸ
1573 629 1654 669 τοῦ

393 710 579 752 Λαναοῦ
619 709 844 763 γαμβροῦ,
898 705 1166 762 Ἀρχάνδρου
1211 709 1290 749 τοῦ
1343 707 1522 758 Φθίου,
1575 707 1655 748 τοῦ

362 787 582 844 4Ἀχαιοῦ·
641 787 836 829 καλέεται
874 786 959 842 γάρ
1001 785 1053 843 δή
1091 784 1358 842 Ἀρχάνδρου
1398 783 1532 835 πόλις.
1591 785 1655 839 εἰἠ

337 1009 408 1045 que
435 996 519 1032 urbs
548 995 617 1032 hoc
654 998 809 1043 utroque
840 995 987 1032 nomine

338 1054 384 1089 sit
404 1052 660 1100 intelligenda,
699 1064 792 1099 quae
812 1056 896 1101 post
915 1052 988 1088 An-

337 1109 399 1145 dro
428 1110 474 1144 sit
504 1114 656 1155 vocata,
695 1120 790 1145 nunc
822 1107 989 1152 Sleabur5

336 1165 636 1214 Archamlropolin
656 1177 740 1201 vero
760 1177 909 1215 prorsus
937 1165 991 1201 in-

333 1222 516 1271 cognitam
538 1235 631 1259 esse.

513 1391 621 1441 Cap.
652 1390 822 1428 chu.

395 1501 434 1548 ἒς
451 1498 690 1553 ὑποδήματα
712 1500 907 1551 ἐξαίρετος
936 1500 992 1539 δί-

338 1557 471 1608 δοται]
503 1559 523 1595 ἱ.
554 1573 585 1596 e.
619 1559 666 1595 ad
685 1559 992 1595 calcamentorum

337 1619 472 1652 sumtus
495 1615 686 1663 erogandos
714 1615 798 1651 haec
830 1616 910 1651 urbs
941 1614 989 1661 (s.

337 1672 441 1709 huius
463 1672 560 1708 urbis
584 1672 743 1718 reditus)
763 1672 992 1720 singulariter

338 1730 527 1776 assignata
558 1742 586 1764 s.
618 1727 800 1764 adtributa
820 1732 868 1764 est
889 1728 995 1763 uxori

338 1787 411 1823 eins
447 1788 612 1834 satrapae
650 1783 816 1830 Persici,
855 1786 917 1832 qui
955 1785 992 1819 in

337 1842 498 1890 Aegypto
516 1843 672 1889 imperat.
718 1839 815 1876 Nain
834 1837 904 1879 τόν
927 1834 989 1877 αἐὶ

339 1892 597 1949 βασιλεύοντα
624 1892 832 1947 Αἰγύπτου
875 1900 990 1932 satra-

339 1967 424 2005 pam
453 1953 544 2000 dici,
587 1953 648 2002 qui
679 1953 776 2001 regis
801 1953 913 1988 instar
953 1952 990 1988 in

337 2010 508 2059 Aegypto
528 2013 680 2058 regnet,
711 2023 785 2047 non
803 2009 919 2057 magis
937 2013 992 2045 at-

338 2067 431 2104 tinet
447 2079 622 2113 monere,
654 2079 763 2114 quam
791 2065 896 2112 illud,
926 2065 992 2101 im-

338 2123 478 2174 perium
521 2123 671 2159 istorum
725 2123 993 2172 praefectorum

339 2192 469 2228 reapse
508 2179 647 2228 regium
678 2183 714 2216 et
758 2179 815 2215 vix
850 2178 994 2226 legibus

339 2235 643 2286 circumscriptum
672 2235 783 2272 fuisse
810 2235 845 2271 in
869 2234 994 2271 subdi-

336 2296 416 2338 tos,
447 2292 553 2340 quale
574 2292 755 2340 hodieque
778 2295 834 2329 est
855 2291 994 2327 Turca-

338 2362 417 2385 rum
444 2349 729 2398 praefectorum,
768 2348 899 2396 quibus
927 2360 995 2383 no-

341 2418 423 2441 men
443 2409 499 2441 est
518 2404 671 2441 Pascha.
711 2405 800 2441 Inde
817 2406 911 2452 regis
928 2416 996 2453 ap-

341 2460 487 2511 pellatio
525 2462 562 2497 in
592 2465 738 2510 satrapa
767 2460 854 2497 nihil
886 2460 996 2496 habet

342 2518 480 2553 absoni.
540 2517 649 2554 Plura
682 2518 729 2554 de
760 2516 913 2566 satrapis
947 2515 995 2552 ci-

340 2574 413 2609 tavi
435 2574 481 2609 ad
503 2574 650 2610 Ctesiae
667 2574 834 2621 fragium.
851 2586 887 2622 p.
902 2573 993 2612 122.

343 2629 416 2671 Qui
442 2633 611 2679 satrapae
640 2630 745 2665 etiam
776 2630 813 2665 in
835 2629 911 2665 aliis
941 2641 997 2665 re-

342 2684 410 2721 bus
433 2685 586 2732 exteris,
617 2698 709 2733 quas
741 2686 887 2731 dicunt,
918 2684 940 2720 i.
965 2696 997 2721 e.

342 2745 475 2776 ornatu
495 2769 506 2788 ‚
563 2741 759 2778 aulicorum
812 2741 997 2778 ministro-

342 2808 420 2832 rum
445 2808 486 2833 ac
515 2797 706 2835 satellitum
740 2798 846 2848 copia
871 2808 996 2846 regem

1056 1007 1233 1032 summum
1253 993 1446 1031 Persarum
1474 992 1605 1029 imitari
1634 994 1713 1028 stu-

1057 1052 1204 1088 debant.
1263 1050 1359 1086 Hinc
1403 1051 1510 1087 etiam
1547 1050 1710 1098 ipsorum

1059 1121 1188 1145 uxores
1210 1107 1358 1155 reginae
1381 1110 1417 1143 et
1451 1119 1494 1143 eo
1512 1104 1590 1141 loco
1611 1103 1714 1140 habi-

1060 1168 1141 1211 tae,
1168 1176 1240 1212 quo
1260 1163 1358 1211 regis
1386 1162 1512 1198 summi
1543 1160 1710 1198 feminae.

1061 1221 1231 1265 Quicum
1258 1219 1397 1256 seminis
1422 1218 1494 1255 suis
1517 1218 1563 1253 ad
1591 1217 1716 1264 singu-

1060 1277 1114 1314 las
1134 1280 1283 1312 ornatus
1308 1280 1429 1325 partes
1450 1273 1590 1322 singula
1609 1273 1715 1322 oppi-

1062 1335 1111 1371 da
1134 1333 1208 1370 sive
1231 1345 1354 1369 eorum
1376 1332 1513 1369 reditus
1543 1331 1632 1367 dare
1655 1342 1716 1365 so-

1062 1391 1173 1437 leret,
1203 1402 1341 1425 morem
1361 1389 1468 1425 istum
1485 1386 1610 1423 imitati
1632 1388 1715 1422 sunt

1062 1446 1176 1494 reguli
1195 1447 1252 1482 isti
1274 1445 1536 1494 provinciarum
1563 1443 1637 1478 sive
1656 1454 1714 1478 sa-

1060 1508 1198 1552 trapae.
1259 1501 1384 1543 Quare
1420 1513 1548 1550 parum
1578 1498 1713 1545 differt,

1060 1559 1160 1608 quod
1193 1570 1286 1607 quae
1320 1557 1377 1593 hic
1402 1555 1439 1602 ἐς
1474 1550 1714 1604 ὑποδήματα

1059 1616 1192 1652 tradita
1242 1614 1372 1650 dicitur
1419 1612 1567 1661 reginae
1617 1611 1713 1656 urbs,

1061 1672 1159 1721 apud
1184 1668 1411 1707 Athenaeum
1435 1668 1450 1703 Ι
1482 1681 1565 1717 pag.
1582 1668 1636 1707 33
1661 1666 1715 1713 εἰς

1062 1725 1189 1776 ζώνην
1211 1727 1398 1773 assignata
1411 1725 1522 1761 fuisse
1535 1727 1713 1760 narratur.

1061 1785 1121 1821 Tu
1159 1784 1271 1828 vide,
1321 1793 1416 1829 quae
1451 1779 1632 1829 disputavi
1667 1779 1716 1816 ad

1062 1839 1210 1878 Ctesiae
1232 1840 1398 1886 sragmm.
1418 1849 1506 1887 pag.
1525 1837 1620 1877 209.

1113 1943 1356 2000 Ἀρχάνδρου
1378 1950 1450 1987 τοῦ
1473 1947 1623 1992 Φθίου,
1643 1948 1718 1986 τοῦ

1057 2002 1231 2057 Ἀχαιοῦ]
1263 2006 1366 2042 Haec
1384 2006 1433 2041 ita
1459 2008 1543 2041 sunt
1563 2003 1716 2054 prolata,

1059 2068 1099 2100 ut
1131 2063 1209 2100 iure
1237 2062 1364 2099 Pletlcz'z'
1392 2062 1503 2098 filium
1529 2065 1564 2098 et
1587 2060 1719 2096 Achaei

1060 2123 1232 2169 nepotem
1272 2119 1393 2156 dicere
1423 2130 1532 2168 posse
1563 2116 1716 2154 xidearis

1061 2175 1314 2213 Archamlrum.
1381 2172 1463 2211 Nec
1498 2172 1603 2210 aliter
1633 2172 1719 2209 Ste-

1062 2233 1202 2283 phanus
1235 2233 1391 2279 Byzant.
1431 2244 1460 2267 S.
1498 2243 1531 2264 v,
1569 2223 1719 2274 Ἑλλάς.

1063 2289 1139 2326 Sed
1168 2288 1378 2336 obloquitur
1405 2285 1605 2322 Pausanias
1637 2285 1718 2332 Vll,

1066 2348 1087 2386 1
1119 2359 1155 2395 p.
1175 2344 1257 2385 522
1286 2342 1554 2388 Arclaeamlrum,
1588 2341 1722 2378 Achaei

1062 2401 1175 2438 filium
1194 2414 1236 2437 ac
1257 2399 1452 2450 postmodo
1466 2398 1588 2434 Danai
1606 2410 1719 2446 gene-

1061 2471 1163 2504 rum,
1208 2469 1251 2494 ex
1279 2455 1487 2493 Phthiotide
1525 2455 1560 2490 in
1599 2454 1719 2501 Argos

1063 2515 1205 2551 venisse
1223 2513 1403 2556 scribens·‚
1425 2516 1462 2547 ut
1479 2512 1548 2547 iam
1567 2510 1720 2547 Phthius

1065 2570 1133 2607 hoc
1158 2569 1337 2606 Herodoti
1367 2568 1445 2604 loco
1472 2568 1517 2603 sit
1540 2568 1720 2616 accipien-

1065 2627 1149 2663 dum
1181 2638 1314 2662 nomen
1342 2623 1477 2674 gentile
1507 2622 1718 2660 Archandri.

1064 2682 1246 2732 Equidem
1287 2681 1336 2718 nil
1371 2681 1576 2717 discernam
1612 2679 1648 2716 in
1681 2691 1720 2718 re

1065 2744 1142 2777 tam
1161 2739 1314 2776 obscura
1331 2740 1442 2787 atque
1459 2736 1620 2774 incerta:
