<?xml version="1.0" encoding="UTF-8"?>
<!DOCTYPE html PUBLIC "-//W3C//DTD XHTML 1.0 Transitional//EN"
    "http://www.w3.org/TR/xhtml1/DTD/xhtml1-transitional.dtd">
<html xmlns="http://www.w3.org/1999/xhtml" xml:lang="en" lang="en">
 <head>
  <title>
</title>
<meta http-equiv="Content-Type" content="text/html;charset=utf-8" />
  <meta name='ocr-system' content='tesseract 3.04.00' />
  <meta name='ocr-capabilities' content='ocr_page ocr_carea ocr_par ocr_line ocrx_word'/>
</head>
<body>
  <div class='ocr_page' id='page_1' title='image "./musaeherodoto01hero/musaeherodoto01hero_0173.png"; bbox 0 0 1877 3223; ppageno 0'>
   <div class='ocr_carea' id='block_1_1' title="bbox 628 210 927 251">
    <p class='ocr_par' dir='ltr' id='par_1_1' title="bbox 628 210 927 251">
     <span class='ocr_line' id='line_1_1' title="bbox 628 210 927 251; baseline -0.003 -1"><span class='ocrx_word' id='word_1_1' title='bbox 628 211 843 251; x_wconf 89' lang='lat' dir='ltr'><strong>CLIO.</strong></span> <span class='ocrx_word' id='word_1_2' title='bbox 899 210 927 249; x_wconf 89' lang='lat'>1.</span> 
     </span>
    </p>
   </div>
   <div class='ocr_carea' id='block_1_2' title="bbox 1323 209 1406 251">
    <p class='ocr_par' dir='ltr' id='par_1_2' title="bbox 1323 209 1406 251">
     <span class='ocr_line' id='line_1_2' title="bbox 1323 209 1406 251; baseline 0 0"><span class='ocrx_word' id='word_1_3' title='bbox 1323 209 1406 251; x_wconf 83' lang='lat'>159</span> 
     </span>
    </p>
   </div>
   <div class='ocr_carea' id='block_1_3' title="bbox 152 318 1407 378">
    <p class='ocr_par' dir='ltr' id='par_1_3' title="bbox 152 318 1407 378">
     <span class='ocr_line' id='line_1_3' title="bbox 152 318 1407 378; baseline -0.006 -11"><span class='ocrx_word' id='word_1_4' title='bbox 152 323 222 369; x_wconf 84' lang='grc' dir='ltr'>καὶ</span> <span class='ocrx_word' id='word_1_5' title='bbox 251 322 309 378; x_wconf 86' lang='grc' dir='ltr'>μὴ</span> <span class='ocrx_word' id='word_1_6' title='bbox 341 321 498 365; x_wconf 75' lang='grc' dir='ltr'>αὐτίκα</span> <span class='ocrx_word' id='word_1_7' title='bbox 525 319 759 377; x_wconf 78' lang='grc' dir='ltr'><em>φυγόντων</em></span> <span class='ocrx_word' id='word_1_8' title='bbox 789 322 949 371; x_wconf 83' lang='grc' dir='ltr'><em>παῖδας</em></span> <span class='ocrx_word' id='word_1_9' title='bbox 977 318 1144 376; x_wconf 66' lang='grc' dir='ltr'><em>λαβών,</em></span> <span class='ocrx_word' id='word_1_10' title='bbox 1173 318 1245 363; x_wconf 83' lang='grc' dir='ltr'>καὶ</span> <span class='ocrx_word' id='word_1_11' title='bbox 1273 333 1407 361; x_wconf 79' lang='grc' dir='ltr'><em>κατα-</em></span> 
     </span>
    </p>
   </div>
   <div class='ocr_carea' id='block_1_4' title="bbox 148 401 715 536">
    <p class='ocr_par' dir='ltr' id='par_1_4' title="bbox 148 401 715 536">
     <span class='ocr_line' id='line_1_4' title="bbox 149 401 577 459; baseline -0.007 -13"><span class='ocrx_word' id='word_1_12' title='bbox 149 401 305 459; x_wconf 81' lang='grc' dir='ltr'><em>στήσας</em></span> <span class='ocrx_word' id='word_1_13' title='bbox 335 401 376 453; x_wconf 75' lang='grc' dir='ltr'>ἕς</span> <span class='ocrx_word' id='word_1_14' title='bbox 406 401 577 453; x_wconf 76' lang='grc' dir='ltr'><em>Νάξον·</em></span> 
     </span>
     <span class='ocr_line' id='line_1_5' title="bbox 148 479 715 536; baseline -0.004 -11"><span class='ocrx_word' id='word_1_15' title='bbox 148 479 462 535; x_wconf 77' lang='grc' dir='ltr'><strong><em>κατεστρέψατο</em></strong></span> <span class='ocrx_word' id='word_1_16' title='bbox 519 479 715 536; x_wconf 78' lang='grc' dir='ltr'>πολέμῳ,</span> 
     </span>
    </p>
   </div>
   <div class='ocr_carea' id='block_1_5' title="bbox 628 396 1437 456">
    <p class='ocr_par' dir='ltr' id='par_1_5' title="bbox 628 396 1437 456">
     <span class='ocr_line' id='line_1_6' title="bbox 628 396 1437 456; baseline -0.006 -13"><span class='ocrx_word' id='word_1_17' title='bbox 628 401 701 443; x_wconf 84' lang='grc' dir='ltr'>καὶ</span> <span class='ocrx_word' id='word_1_18' title='bbox 732 400 815 455; x_wconf 75' lang='grc' dir='ltr'>γὰρ</span> <span class='ocrx_word' id='word_1_19' title='bbox 846 398 1007 456; x_wconf 74' lang='grc' dir='ltr'>ταύτην</span> <span class='ocrx_word' id='word_1_20' title='bbox 1039 396 1062 442; x_wconf 92' lang='grc' dir='ltr'>ὁ</span> <span class='ocrx_word' id='word_1_21' title='bbox 1095 397 1437 451; x_wconf 81' lang='grc' dir='ltr'><em>Πεισίστρατος5</em></span> 
     </span>
    </p>
   </div>
   <div class='ocr_carea' id='block_1_6' title="bbox 797 475 1407 532">
    <p class='ocr_par' dir='ltr' id='par_1_6' title="bbox 797 475 1407 532">
     <span class='ocr_line' id='line_1_7' title="bbox 797 475 1407 532; baseline -0.007 -10"><span class='ocrx_word' id='word_1_22' title='bbox 797 479 867 522; x_wconf 84' lang='grc' dir='ltr'>καὶ</span> <span class='ocrx_word' id='word_1_23' title='bbox 931 479 1132 532; x_wconf 78' lang='grc' dir='ltr'>ἐπέτρεψε</span> <span class='ocrx_word' id='word_1_24' title='bbox 1183 475 1407 531; x_wconf 79' lang='grc' dir='ltr'><em>Λυγδάμι·</em></span> 
     </span>
    </p>
   </div>
   <div class='ocr_carea' id='block_1_7' title="bbox 149 553 1406 615">
    <p class='ocr_par' dir='ltr' id='par_1_7' title="bbox 149 553 1406 615">
     <span class='ocr_line' id='line_1_8' title="bbox 149 553 1406 615; baseline -0.005 -11"><span class='ocrx_word' id='word_1_25' title='bbox 149 560 259 614; x_wconf 86' lang='grc' dir='ltr'><em>πρός</em></span> <span class='ocrx_word' id='word_1_26' title='bbox 295 575 343 615; x_wconf 82' lang='grc' dir='ltr'>γε</span> <span class='ocrx_word' id='word_1_27' title='bbox 386 559 446 602; x_wconf 74' lang='grc' dir='ltr'>ἔτι</span> <span class='ocrx_word' id='word_1_28' title='bbox 483 558 700 612; x_wconf 79' lang='grc' dir='ltr'><strong><em>τούτοισι,</em></strong></span> <span class='ocrx_word' id='word_1_29' title='bbox 750 558 831 613; x_wconf 68' lang='grc' dir='ltr'>τὴν</span> <span class='ocrx_word' id='word_1_30' title='bbox 859 561 997 614; x_wconf 74' lang='grc' dir='ltr'><em>νῆσον</em></span> <span class='ocrx_word' id='word_1_31' title='bbox 1025 560 1179 612; x_wconf 74' lang='grc' dir='ltr'><em>Δῆλον</em></span> <span class='ocrx_word' id='word_1_32' title='bbox 1208 553 1406 612; x_wconf 78' lang='grc' dir='ltr'><em>καθήρας</em></span> 
     </span>
    </p>
   </div>
   <div class='ocr_carea' id='block_1_8' title="bbox 121 640 513 694">
    <p class='ocr_par' dir='ltr' id='par_1_8' title="bbox 121 640 513 694">
     <span class='ocr_line' id='line_1_9' title="bbox 121 640 513 694; baseline 0 -14"><span class='ocrx_word' id='word_1_33' title='bbox 121 646 142 680; x_wconf 88' lang='grc'><strong>3</strong></span> <span class='ocrx_word' id='word_1_34' title='bbox 153 640 198 683; x_wconf 75' lang='grc' dir='ltr'>ἐκ</span> <span class='ocrx_word' id='word_1_35' title='bbox 227 642 314 682; x_wconf 79' lang='grc' dir='ltr'>τῶν</span> <span class='ocrx_word' id='word_1_36' title='bbox 341 640 513 694; x_wconf 76' lang='grc' dir='ltr'><em>λογίων.</em></span> 
     </span>
    </p>
   </div>
   <div class='ocr_carea' id='block_1_9' title="bbox 89 831 746 2901">
    <p class='ocr_par' dir='ltr' id='par_1_9' title="bbox 89 831 746 1443">
     <span class='ocr_line' id='line_1_10' title="bbox 91 831 744 882; baseline -0.003 -11"><span class='ocrx_word' id='word_1_37' title='bbox 91 848 152 872; x_wconf 86' lang='lat' dir='ltr'>ses</span> <span class='ocrx_word' id='word_1_38' title='bbox 172 833 445 882; x_wconf 76' lang='lat' dir='ltr'>disceptabant,</span> <span class='ocrx_word' id='word_1_39' title='bbox 474 836 620 869; x_wconf 83' lang='lat' dir='ltr'>auctore</span> <span class='ocrx_word' id='word_1_40' title='bbox 641 831 744 869; x_wconf 85' lang='lat' dir='ltr'>Thu-</span> 
     </span>
     <span class='ocr_line' id='line_1_11' title="bbox 91 888 744 938; baseline 0.003 -13"><span class='ocrx_word' id='word_1_41' title='bbox 91 891 221 938; x_wconf 78' lang='lat' dir='ltr'>cydide</span> <span class='ocrx_word' id='word_1_42' title='bbox 264 889 302 936; x_wconf 89' lang='grc' dir='ltr'>Ι,</span> <span class='ocrx_word' id='word_1_43' title='bbox 353 891 443 929; x_wconf 87' lang='grc'><strong>100.</strong></span> <span class='ocrx_word' id='word_1_44' title='bbox 492 888 601 924; x_wconf 84' lang='lat' dir='ltr'>Plura</span> <span class='ocrx_word' id='word_1_45' title='bbox 647 890 744 927; x_wconf 86' lang='lat' dir='ltr'>idem</span> 
     </span>
     <span class='ocr_line' id='line_1_12' title="bbox 91 944 742 995; baseline -0.003 -11"><span class='ocrx_word' id='word_1_46' title='bbox 91 946 296 984; x_wconf 85' lang='lat' dir='ltr'>Boeckhius</span> <span class='ocrx_word' id='word_1_47' title='bbox 321 944 343 981; x_wconf 94' lang='lat' dir='ltr'>l.</span> <span class='ocrx_word' id='word_1_48' title='bbox 373 945 395 982; x_wconf 89' lang='lat' dir='ltr'>l.</span> <span class='ocrx_word' id='word_1_49' title='bbox 433 957 518 994; x_wconf 87' lang='lat' dir='ltr'>pag.</span> <span class='ocrx_word' id='word_1_50' title='bbox 544 944 627 985; x_wconf 76' lang='lat'>334</span> <span class='ocrx_word' id='word_1_51' title='bbox 665 959 742 995; x_wconf 88' lang='lat' dir='ltr'>seq.</span> 
     </span>
     <span class='ocr_line' id='line_1_13' title="bbox 91 1002 743 1039; baseline 0.002 -1"><span class='ocrx_word' id='word_1_52' title='bbox 91 1023 148 1031; x_wconf 90' lang='lat'>——</span> <span class='ocrx_word' id='word_1_53' title='bbox 184 1002 243 1038; x_wconf 88' lang='lat' dir='ltr'>Ad</span> <span class='ocrx_word' id='word_1_54' title='bbox 280 1002 483 1038; x_wconf 84' lang='lat' dir='ltr'>universam</span> <span class='ocrx_word' id='word_1_55' title='bbox 528 1003 743 1039; x_wconf 87' lang='lat' dir='ltr'>sententiam</span> 
     </span>
     <span class='ocr_line' id='line_1_14' title="bbox 93 1057 741 1106; baseline -0.005 -11"><span class='ocrx_word' id='word_1_56' title='bbox 93 1060 188 1095; x_wconf 90' lang='lat' dir='ltr'>conf.</span> <span class='ocrx_word' id='word_1_57' title='bbox 220 1057 395 1106; x_wconf 74' lang='lat' dir='ltr'>Polyaeni</span> <span class='ocrx_word' id='word_1_58' title='bbox 421 1058 579 1105; x_wconf 86' lang='lat' dir='ltr'>Strateg.</span> <span class='ocrx_word' id='word_1_59' title='bbox 609 1057 651 1104; x_wconf 92' lang='lat' dir='ltr'>I,</span> <span class='ocrx_word' id='word_1_60' title='bbox 686 1061 741 1099; x_wconf 73' lang='lat'>21</span> 
     </span>
     <span class='ocr_line' id='line_1_15' title="bbox 95 1113 743 1165; baseline -0.003 -13"><span class='ocrx_word' id='word_1_61' title='bbox 95 1113 131 1165; x_wconf 61' lang='grc' dir='ltr'>ἓ.</span> <span class='ocrx_word' id='word_1_62' title='bbox 163 1119 190 1156; x_wconf 80' lang='lat'>2</span> <span class='ocrx_word' id='word_1_63' title='bbox 225 1116 271 1152; x_wconf 93' lang='lat' dir='ltr'>de</span> <span class='ocrx_word' id='word_1_64' title='bbox 298 1113 383 1150; x_wconf 90' lang='lat' dir='ltr'>dolo</span> <span class='ocrx_word' id='word_1_65' title='bbox 418 1119 647 1161; x_wconf 84' lang='lat' dir='ltr'>narrantem,</span> <span class='ocrx_word' id='word_1_66' title='bbox 671 1127 743 1163; x_wconf 90' lang='lat' dir='ltr'>quo</span> 
     </span>
     <span class='ocr_line' id='line_1_16' title="bbox 90 1170 744 1221; baseline -0.002 -14"><span class='ocrx_word' id='word_1_67' title='bbox 90 1171 334 1208; x_wconf 78' lang='lat' dir='ltr'><strong>Athenienses</strong></span> <span class='ocrx_word' id='word_1_68' title='bbox 355 1170 567 1206; x_wconf 75' lang='lat' dir='ltr'>Pisistratus</span> <span class='ocrx_word' id='word_1_69' title='bbox 597 1171 744 1221; x_wconf 89' lang='lat' dir='ltr'>ceperit.</span> 
     </span>
     <span class='ocr_line' id='line_1_17' title="bbox 91 1226 744 1277; baseline 0.002 -14"><span class='ocrx_word' id='word_1_70' title='bbox 91 1226 237 1263; x_wconf 89' lang='lat' dir='ltr'>Laudat</span> <span class='ocrx_word' id='word_1_71' title='bbox 256 1231 445 1277; x_wconf 85' lang='lat' dir='ltr'>praeterea</span> <span class='ocrx_word' id='word_1_72' title='bbox 473 1226 566 1262; x_wconf 87' lang='lat' dir='ltr'>hanc</span> <span class='ocrx_word' id='word_1_73' title='bbox 590 1228 626 1263; x_wconf 86' lang='lat' dir='ltr'>in</span> <span class='ocrx_word' id='word_1_74' title='bbox 667 1240 744 1264; x_wconf 88' lang='lat' dir='ltr'>rem</span> 
     </span>
     <span class='ocr_line' id='line_1_18' title="bbox 90 1282 744 1330; baseline -0.003 -10"><span class='ocrx_word' id='word_1_75' title='bbox 90 1282 290 1320; x_wconf 86' lang='lat' dir='ltr'>Larcherus</span> <span class='ocrx_word' id='word_1_76' title='bbox 328 1282 475 1319; x_wconf 81' lang='lat' dir='ltr'>Maxim.</span> <span class='ocrx_word' id='word_1_77' title='bbox 514 1282 549 1319; x_wconf 84' lang='grc' dir='ltr'>Τ</span> <span class='ocrx_word' id='word_1_78' title='bbox 551 1296 603 1330; x_wconf 73' lang='lat' dir='ltr'>yr.</span> <span class='ocrx_word' id='word_1_79' title='bbox 644 1282 744 1319; x_wconf 89' lang='lat' dir='ltr'>Diss.</span> 
     </span>
     <span class='ocr_line' id='line_1_19' title="bbox 90 1337 746 1389; baseline 0 -14"><span class='ocrx_word' id='word_1_80' title='bbox 90 1339 216 1375; x_wconf 90' lang='lat' dir='ltr'>XXIX</span> <span class='ocrx_word' id='word_1_81' title='bbox 248 1339 373 1387; x_wconf 87' lang='lat' dir='ltr'>(Xlll)</span> <span class='ocrx_word' id='word_1_82' title='bbox 409 1337 445 1389; x_wconf 59' lang='grc' dir='ltr'>ἓ.</span> <span class='ocrx_word' id='word_1_83' title='bbox 474 1341 498 1378; x_wconf 83' lang='grc'><strong>3</strong></span> <span class='ocrx_word' id='word_1_84' title='bbox 532 1352 569 1388; x_wconf 91' lang='lat' dir='ltr'>p.</span> <span class='ocrx_word' id='word_1_85' title='bbox 601 1338 683 1380; x_wconf 79' lang='lat'>349</span> <span class='ocrx_word' id='word_1_86' title='bbox 709 1342 746 1376; x_wconf 89' lang='lat' dir='ltr'>et</span> 
     </span>
     <span class='ocr_line' id='line_1_20' title="bbox 89 1394 385 1443; baseline -0.003 -11"><span class='ocrx_word' id='word_1_87' title='bbox 89 1394 159 1432; x_wconf 87' lang='lat' dir='ltr'>alia</span> <span class='ocrx_word' id='word_1_88' title='bbox 196 1396 385 1443; x_wconf 77' lang='lat' dir='ltr'>quaedam.</span> 
     </span>
    </p>

    <p class='ocr_par' dir='ltr' id='par_1_10' title="bbox 89 1445 746 2901">
     <span class='ocr_line' id='line_1_21' title="bbox 146 1445 745 1503; baseline 0 -14"><span class='ocrx_word' id='word_1_89' title='bbox 146 1449 213 1489; x_wconf 77' lang='grc' dir='ltr'>καὶ</span> <span class='ocrx_word' id='word_1_90' title='bbox 255 1447 329 1503; x_wconf 74' lang='grc' dir='ltr'>γὰρ</span> <span class='ocrx_word' id='word_1_91' title='bbox 367 1445 515 1499; x_wconf 78' lang='grc' dir='ltr'><em>ταύτην</em></span> <span class='ocrx_word' id='word_1_92' title='bbox 551 1446 574 1489; x_wconf 79' lang='grc' dir='ltr'><em>ὅ</em></span> <span class='ocrx_word' id='word_1_93' title='bbox 606 1449 745 1489; x_wconf 82' lang='grc' dir='ltr'><em>Πεισί-</em></span> 
     </span>
     <span class='ocr_line' id='line_1_22' title="bbox 91 1504 744 1559; baseline 0 -14"><span class='ocrx_word' id='word_1_94' title='bbox 91 1519 252 1559; x_wconf 82' lang='grc' dir='ltr'>στρατος</span> <span class='ocrx_word' id='word_1_95' title='bbox 281 1504 571 1557; x_wconf 76' lang='grc' dir='ltr'>κατεστρέψατο</span> <span class='ocrx_word' id='word_1_96' title='bbox 593 1521 627 1545; x_wconf 82' lang='grc' dir='ltr'>κ.</span> <span class='ocrx_word' id='word_1_97' title='bbox 642 1521 672 1544; x_wconf 87' lang='grc' dir='ltr'>τ.</span> <span class='ocrx_word' id='word_1_98' title='bbox 693 1505 744 1556; x_wconf 84' lang='grc' dir='ltr'>λ.]</span> 
     </span>
     <span class='ocr_line' id='line_1_23' title="bbox 90 1563 746 1614; baseline -0.002 -14"><span class='ocrx_word' id='word_1_99' title='bbox 90 1564 226 1600; x_wconf 80' lang='lat' dir='ltr'>sustuli</span> <span class='ocrx_word' id='word_1_100' title='bbox 244 1564 504 1614; x_wconf 88' lang='lat' dir='ltr'>parentheseos</span> <span class='ocrx_word' id='word_1_101' title='bbox 524 1563 641 1612; x_wconf 85' lang='lat' dir='ltr'>signa,</span> <span class='ocrx_word' id='word_1_102' title='bbox 664 1563 746 1612; x_wconf 90' lang='lat' dir='ltr'>qui-</span> 
     </span>
     <span class='ocr_line' id='line_1_24' title="bbox 90 1614 744 1671; baseline 0.002 -15"><span class='ocrx_word' id='word_1_103' title='bbox 90 1620 157 1656; x_wconf 88' lang='lat' dir='ltr'>bus</span> <span class='ocrx_word' id='word_1_104' title='bbox 181 1621 291 1657; x_wconf 86' lang='lat' dir='ltr'>verba</span> <span class='ocrx_word' id='word_1_105' title='bbox 320 1618 388 1659; x_wconf 78' lang='grc' dir='ltr'>καὶ</span> <span class='ocrx_word' id='word_1_106' title='bbox 413 1616 486 1671; x_wconf 61' lang='grc' dir='ltr'>γάρ</span> <span class='ocrx_word' id='word_1_107' title='bbox 507 1640 563 1646; x_wconf 80' lang='lat'>-—</span> <span class='ocrx_word' id='word_1_108' title='bbox 582 1614 744 1671; x_wconf 72' lang='grc' dir='ltr'><em>Λυγδά-</em></span> 
     </span>
     <span class='ocr_line' id='line_1_25' title="bbox 92 1676 744 1726; baseline 0 -13"><span class='ocrx_word' id='word_1_109' title='bbox 92 1690 136 1726; x_wconf 86' lang='grc' dir='ltr'>μι</span> <span class='ocrx_word' id='word_1_110' title='bbox 154 1676 262 1724; x_wconf 82' lang='lat' dir='ltr'>vulgo</span> <span class='ocrx_word' id='word_1_111' title='bbox 279 1677 415 1713; x_wconf 86' lang='lat' dir='ltr'>inclusa</span> <span class='ocrx_word' id='word_1_112' title='bbox 436 1680 615 1723; x_wconf 88' lang='lat' dir='ltr'>tenentur,</span> <span class='ocrx_word' id='word_1_113' title='bbox 635 1689 744 1726; x_wconf 90' lang='lat' dir='ltr'>prae-</span> 
     </span>
     <span class='ocr_line' id='line_1_26' title="bbox 91 1732 744 1781; baseline 0 -13"><span class='ocrx_word' id='word_1_114' title='bbox 91 1732 194 1781; x_wconf 82' lang='lat' dir='ltr'>cipue</span> <span class='ocrx_word' id='word_1_115' title='bbox 217 1736 334 1768; x_wconf 87' lang='lat' dir='ltr'>motus</span> <span class='ocrx_word' id='word_1_116' title='bbox 362 1732 426 1777; x_wconf 87' lang='lat' dir='ltr'>iis,</span> <span class='ocrx_word' id='word_1_117' title='bbox 459 1745 552 1780; x_wconf 88' lang='lat' dir='ltr'>quae</span> <span class='ocrx_word' id='word_1_118' title='bbox 583 1745 744 1781; x_wconf 90' lang='lat' dir='ltr'>sequun-</span> 
     </span>
     <span class='ocr_line' id='line_1_27' title="bbox 91 1784 742 1841; baseline 0.005 -18"><span class='ocrx_word' id='word_1_119' title='bbox 91 1792 168 1824; x_wconf 85' lang='lat' dir='ltr'>tur·</span> <span class='ocrx_word' id='word_1_120' title='bbox 199 1784 295 1839; x_wconf 84' lang='grc' dir='ltr'><em>πρός</em></span> <span class='ocrx_word' id='word_1_121' title='bbox 321 1802 364 1841; x_wconf 77' lang='grc' dir='ltr'>γε</span> <span class='ocrx_word' id='word_1_122' title='bbox 390 1786 444 1825; x_wconf 84' lang='grc' dir='ltr'>ε’τι</span> <span class='ocrx_word' id='word_1_123' title='bbox 465 1800 640 1826; x_wconf 85' lang='grc' dir='ltr'><strong><em>τουτοισι</em></strong></span> <span class='ocrx_word' id='word_1_124' title='bbox 666 1803 742 1838; x_wconf 84' lang='grc' dir='ltr'>την</span> 
     </span>
     <span class='ocr_line' id='line_1_28' title="bbox 92 1840 743 1906; baseline -0.003 -24"><span class='ocrx_word' id='word_1_125' title='bbox 92 1845 218 1893; x_wconf 86' lang='grc' dir='ltr'><em>νῆσον</em></span> <span class='ocrx_word' id='word_1_126' title='bbox 240 1846 373 1894; x_wconf 75' lang='grc' dir='ltr'><em>Δῆλον</em></span> <span class='ocrx_word' id='word_1_127' title='bbox 392 1840 594 1906; x_wconf 79' lang='grc' dir='ltr'>καθηρας,</span> <span class='ocrx_word' id='word_1_128' title='bbox 626 1845 675 1880; x_wconf 87' lang='lat' dir='ltr'>ita</span> <span class='ocrx_word' id='word_1_129' title='bbox 703 1848 743 1880; x_wconf 91' lang='lat' dir='ltr'>ut</span> 
     </span>
     <span class='ocr_line' id='line_1_29' title="bbox 90 1894 744 1949; baseline -0.002 -13"><span class='ocrx_word' id='word_1_130' title='bbox 90 1901 320 1949; x_wconf 75' lang='lat' dir='ltr'>participium</span> <span class='ocrx_word' id='word_1_131' title='bbox 361 1894 546 1949; x_wconf 75' lang='grc' dir='ltr'><em>καθήρας</em></span> <span class='ocrx_word' id='word_1_132' title='bbox 576 1912 650 1936; x_wconf 88' lang='lat' dir='ltr'>nou</span> <span class='ocrx_word' id='word_1_133' title='bbox 679 1912 744 1935; x_wconf 87' lang='lat' dir='ltr'>an-</span> 
     </span>
     <span class='ocr_line' id='line_1_30' title="bbox 90 1955 743 1993; baseline -0.002 -2"><span class='ocrx_word' id='word_1_134' title='bbox 90 1958 305 1993; x_wconf 87' lang='lat' dir='ltr'>nectendum</span> <span class='ocrx_word' id='word_1_135' title='bbox 332 1956 378 1991; x_wconf 89' lang='lat' dir='ltr'>sit</span> <span class='ocrx_word' id='word_1_136' title='bbox 409 1955 609 1992; x_wconf 86' lang='lat' dir='ltr'>sententiae</span> <span class='ocrx_word' id='word_1_137' title='bbox 637 1955 743 1991; x_wconf 86' lang='lat' dir='ltr'>nimis</span> 
     </span>
     <span class='ocr_line' id='line_1_31' title="bbox 89 2010 743 2062; baseline 0.002 -15"><span class='ocrx_word' id='word_1_138' title='bbox 89 2018 272 2059; x_wconf 86' lang='lat' dir='ltr'>remotae,</span> <span class='ocrx_word' id='word_1_139' title='bbox 302 2010 483 2062; x_wconf 70' lang='grc' dir='ltr'><em>ἐρῤίζωσε</em></span> <span class='ocrx_word' id='word_1_140' title='bbox 505 2025 578 2061; x_wconf 83' lang='grc' dir='ltr'>την</span> <span class='ocrx_word' id='word_1_141' title='bbox 604 2025 743 2062; x_wconf 84' lang='grc' dir='ltr'><em>τυραν-</em></span> 
     </span>
     <span class='ocr_line' id='line_1_32' title="bbox 89 2067 744 2115; baseline -0.005 -9"><span class='ocrx_word' id='word_1_142' title='bbox 89 2068 206 2115; x_wconf 80' lang='grc' dir='ltr'><em>νίδα,</em></span> <span class='ocrx_word' id='word_1_143' title='bbox 244 2069 311 2104; x_wconf 90' lang='lat' dir='ltr'>sed</span> <span class='ocrx_word' id='word_1_144' title='bbox 359 2068 476 2115; x_wconf 87' lang='lat' dir='ltr'>magis</span> <span class='ocrx_word' id='word_1_145' title='bbox 522 2067 744 2115; x_wconf 83' lang='lat' dir='ltr'>coniungen-</span> 
     </span>
     <span class='ocr_line' id='line_1_33' title="bbox 91 2123 744 2172; baseline 0 -13"><span class='ocrx_word' id='word_1_146' title='bbox 91 2124 178 2160; x_wconf 89' lang='lat' dir='ltr'>dum</span> <span class='ocrx_word' id='word_1_147' title='bbox 207 2123 263 2160; x_wconf 78' lang='lat' dir='ltr'>vel</span> <span class='ocrx_word' id='word_1_148' title='bbox 292 2124 413 2172; x_wconf 90' lang='lat' dir='ltr'>potius</span> <span class='ocrx_word' id='word_1_149' title='bbox 451 2123 659 2160; x_wconf 87' lang='lat' dir='ltr'>addendum</span> <span class='ocrx_word' id='word_1_150' title='bbox 696 2124 744 2159; x_wconf 90' lang='lat' dir='ltr'>ad</span> 
     </span>
     <span class='ocr_line' id='line_1_34' title="bbox 91 2178 743 2228; baseline -0.002 -11"><span class='ocrx_word' id='word_1_151' title='bbox 91 2193 146 2227; x_wconf 89' lang='lat' dir='ltr'>ea,</span> <span class='ocrx_word' id='word_1_152' title='bbox 172 2192 264 2228; x_wconf 90' lang='lat' dir='ltr'>quae</span> <span class='ocrx_word' id='word_1_153' title='bbox 284 2180 330 2216; x_wconf 90' lang='lat' dir='ltr'>de</span> <span class='ocrx_word' id='word_1_154' title='bbox 348 2178 455 2216; x_wconf 81' lang='lat' dir='ltr'>Naxo</span> <span class='ocrx_word' id='word_1_155' title='bbox 476 2180 639 2228; x_wconf 81' lang='lat' dir='ltr'>proxime</span> <span class='ocrx_word' id='word_1_156' title='bbox 659 2184 743 2216; x_wconf 87' lang='lat' dir='ltr'>ante</span> 
     </span>
     <span class='ocr_line' id='line_1_35' title="bbox 93 2235 742 2284; baseline 0 -12"><span class='ocrx_word' id='word_1_157' title='bbox 93 2239 323 2281; x_wconf 82' lang='lat' dir='ltr'>enarrantur,</span> <span class='ocrx_word' id='word_1_158' title='bbox 354 2248 448 2284; x_wconf 89' lang='lat' dir='ltr'>quae</span> <span class='ocrx_word' id='word_1_159' title='bbox 473 2235 639 2271; x_wconf 84' lang='lat' dir='ltr'>nimirum</span> <span class='ocrx_word' id='word_1_160' title='bbox 663 2248 742 2272; x_wconf 87' lang='lat' dir='ltr'>cum</span> 
     </span>
     <span class='ocr_line' id='line_1_36' title="bbox 91 2291 743 2339; baseline 0.002 -12"><span class='ocrx_word' id='word_1_161' title='bbox 91 2293 241 2329; x_wconf 83' lang='lat' dir='ltr'>referret</span> <span class='ocrx_word' id='word_1_162' title='bbox 261 2296 396 2338; x_wconf 80' lang='lat' dir='ltr'>auctor,</span> <span class='ocrx_word' id='word_1_163' title='bbox 426 2291 462 2327; x_wconf 90' lang='lat' dir='ltr'>in</span> <span class='ocrx_word' id='word_1_164' title='bbox 481 2295 638 2328; x_wconf 87' lang='lat' dir='ltr'>mentem</span> <span class='ocrx_word' id='word_1_165' title='bbox 652 2304 743 2339; x_wconf 90' lang='lat' dir='ltr'>quo-</span> 
     </span>
     <span class='ocr_line' id='line_1_37' title="bbox 93 2347 744 2396; baseline 0 -13"><span class='ocrx_word' id='word_1_166' title='bbox 93 2360 165 2396; x_wconf 87' lang='lat' dir='ltr'>que</span> <span class='ocrx_word' id='word_1_167' title='bbox 197 2348 295 2385; x_wconf 87' lang='lat' dir='ltr'>venit</span> <span class='ocrx_word' id='word_1_168' title='bbox 323 2347 406 2384; x_wconf 83' lang='lat' dir='ltr'>Deli</span> <span class='ocrx_word' id='word_1_169' title='bbox 438 2347 576 2384; x_wconf 88' lang='lat' dir='ltr'>insulae</span> <span class='ocrx_word' id='word_1_170' title='bbox 603 2360 624 2384; x_wconf 86' lang='lat' dir='ltr'>a</span> <span class='ocrx_word' id='word_1_171' title='bbox 651 2347 744 2383; x_wconf 88' lang='lat' dir='ltr'>Pisi-</span> 
     </span>
     <span class='ocr_line' id='line_1_38' title="bbox 95 2403 744 2453; baseline 0.002 -15"><span class='ocrx_word' id='word_1_172' title='bbox 95 2407 206 2439; x_wconf 82' lang='lat' dir='ltr'>strato</span> <span class='ocrx_word' id='word_1_173' title='bbox 236 2405 359 2441; x_wconf 90' lang='lat' dir='ltr'>itidem</span> <span class='ocrx_word' id='word_1_174' title='bbox 388 2408 515 2453; x_wconf 86' lang='lat' dir='ltr'>captae</span> <span class='ocrx_word' id='word_1_175' title='bbox 548 2407 584 2440; x_wconf 89' lang='lat' dir='ltr'>et</span> <span class='ocrx_word' id='word_1_176' title='bbox 612 2403 744 2440; x_wconf 88' lang='lat' dir='ltr'>lustra-</span> 
     </span>
     <span class='ocr_line' id='line_1_39' title="bbox 93 2460 744 2502; baseline 0.003 -9"><span class='ocrx_word' id='word_1_177' title='bbox 93 2462 163 2495; x_wconf 85' lang='lat' dir='ltr'>tae.</span> <span class='ocrx_word' id='word_1_178' title='bbox 203 2460 320 2502; x_wconf 85' lang='lat' dir='ltr'>Quam</span> <span class='ocrx_word' id='word_1_179' title='bbox 348 2472 425 2496; x_wconf 87' lang='lat' dir='ltr'>rem</span> <span class='ocrx_word' id='word_1_180' title='bbox 454 2460 544 2496; x_wconf 84' lang='lat' dir='ltr'>scitu</span> <span class='ocrx_word' id='word_1_181' title='bbox 563 2472 744 2497; x_wconf 76' lang='lat' dir='ltr'>memora-</span> 
     </span>
     <span class='ocr_line' id='line_1_40' title="bbox 95 2513 744 2566; baseline 0.006 -18"><span class='ocrx_word' id='word_1_182' title='bbox 95 2513 201 2550; x_wconf 84' lang='lat' dir='ltr'>bilem</span> <span class='ocrx_word' id='word_1_183' title='bbox 237 2528 284 2552; x_wconf 90' lang='lat' dir='ltr'>ne</span> <span class='ocrx_word' id='word_1_184' title='bbox 310 2517 629 2566; x_wconf 81' lang='lat' dir='ltr'>praetermitteret,</span> <span class='ocrx_word' id='word_1_185' title='bbox 669 2520 744 2552; x_wconf 85' lang='lat' dir='ltr'>sta-</span> 
     </span>
     <span class='ocr_line' id='line_1_41' title="bbox 95 2566 744 2623; baseline 0.009 -19"><span class='ocrx_word' id='word_1_186' title='bbox 95 2570 159 2605; x_wconf 90' lang='lat' dir='ltr'>tim</span> <span class='ocrx_word' id='word_1_187' title='bbox 185 2571 305 2608; x_wconf 83' lang='lat' dir='ltr'>addit:</span> <span class='ocrx_word' id='word_1_188' title='bbox 351 2566 450 2622; x_wconf 86' lang='grc' dir='ltr'><em>πρός</em></span> <span class='ocrx_word' id='word_1_189' title='bbox 482 2585 524 2623; x_wconf 82' lang='grc' dir='ltr'>γε</span> <span class='ocrx_word' id='word_1_190' title='bbox 561 2570 618 2609; x_wconf 74' lang='grc' dir='ltr'>ἔτι</span> <span class='ocrx_word' id='word_1_191' title='bbox 654 2567 744 2610; x_wconf 82' lang='grc' dir='ltr'><strong><em>τού-</em></strong></span> 
     </span>
     <span class='ocr_line' id='line_1_42' title="bbox 95 2623 743 2677; baseline 0.005 -15"><span class='ocrx_word' id='word_1_192' title='bbox 95 2637 196 2664; x_wconf 86' lang='grc' dir='ltr'><strong><em>τοισι</em></strong></span> <span class='ocrx_word' id='word_1_193' title='bbox 234 2623 306 2676; x_wconf 73' lang='grc' dir='ltr'>τήν</span> <span class='ocrx_word' id='word_1_194' title='bbox 349 2630 473 2677; x_wconf 83' lang='grc' dir='ltr'><em>νῆσον</em></span> <span class='ocrx_word' id='word_1_195' title='bbox 508 2629 643 2677; x_wconf 78' lang='grc' dir='ltr'><em>Δῆλον</em></span> <span class='ocrx_word' id='word_1_196' title='bbox 674 2627 743 2665; x_wconf 86' lang='lat' dir='ltr'>hoc</span> 
     </span>
     <span class='ocr_line' id='line_1_43' title="bbox 95 2681 741 2733; baseline 0.006 -17"><span class='ocrx_word' id='word_1_197' title='bbox 95 2681 171 2718; x_wconf 86' lang='lat' dir='ltr'>fere</span> <span class='ocrx_word' id='word_1_198' title='bbox 202 2695 326 2719; x_wconf 84' lang='lat' dir='ltr'>sensu:</span> <span class='ocrx_word' id='word_1_199' title='bbox 355 2685 526 2733; x_wconf 78' lang='lat' dir='ltr'>„iamque</span> <span class='ocrx_word' id='word_1_200' title='bbox 559 2682 618 2720; x_wconf 74' lang='lat' dir='ltr'>z&#39;lle</span> <span class='ocrx_word' id='word_1_201' title='bbox 647 2682 741 2733; x_wconf 88' lang='lat' dir='ltr'>(non</span> 
     </span>
     <span class='ocr_line' id='line_1_44' title="bbox 94 2736 738 2788; baseline 0.008 -17"><span class='ocrx_word' id='word_1_202' title='bbox 94 2736 212 2773; x_wconf 90' lang='lat' dir='ltr'>solum</span> <span class='ocrx_word' id='word_1_203' title='bbox 251 2737 392 2775; x_wconf 84' lang='lat' dir='ltr'>Naxum</span> <span class='ocrx_word' id='word_1_204' title='bbox 441 2740 556 2788; x_wconf 84' lang='lat' dir='ltr'>cepit,</span> <span class='ocrx_word' id='word_1_205' title='bbox 616 2752 738 2776; x_wconf 88' lang='lat' dir='ltr'>verum</span> 
     </span>
     <span class='ocr_line' id='line_1_45' title="bbox 95 2793 738 2843; baseline 0.006 -15"><span class='ocrx_word' id='word_1_206' title='bbox 95 2793 220 2840; x_wconf 89' lang='lat' dir='ltr'>etiam)</span> <span class='ocrx_word' id='word_1_207' title='bbox 245 2797 423 2843; x_wconf 77' lang='lat' dir='ltr'>praeterea</span> <span class='ocrx_word' id='word_1_208' title='bbox 441 2795 567 2832; x_wconf 72' lang='lat' dir='ltr'>Delam</span> <span class='ocrx_word' id='word_1_209' title='bbox 587 2796 738 2832; x_wconf 72' lang='lat' dir='ltr'>insulam</span> 
     </span>
     <span class='ocr_line' id='line_1_46' title="bbox 94 2851 737 2901; baseline 0.008 -17"><span class='ocrx_word' id='word_1_210' title='bbox 94 2852 182 2899; x_wconf 73' lang='lat' dir='ltr'>cepit</span> <span class='ocrx_word' id='word_1_211' title='bbox 202 2862 342 2901; x_wconf 80' lang='lat' dir='ltr'>eamque</span> <span class='ocrx_word' id='word_1_212' title='bbox 362 2851 528 2889; x_wconf 73' lang='lat' dir='ltr'>lustravit</span> <span class='ocrx_word' id='word_1_213' title='bbox 553 2851 737 2889; x_wconf 73' lang='lat' dir='ltr'>secundum</span> 
     </span>
    </p>
   </div>
   <div class='ocr_carea' id='block_1_10' title="bbox 570 632 1407 694">
    <p class='ocr_par' dir='ltr' id='par_1_11' title="bbox 570 632 1407 694">
     <span class='ocr_line' id='line_1_47' title="bbox 570 632 1407 694; baseline -0.006 -13"><span class='ocrx_word' id='word_1_214' title='bbox 570 636 768 694; x_wconf 76' lang='grc' dir='ltr'><em>καθήρας</em></span> <span class='ocrx_word' id='word_1_215' title='bbox 806 636 851 681; x_wconf 79' lang='grc' dir='ltr'>δὲ</span> <span class='ocrx_word' id='word_1_216' title='bbox 882 632 977 680; x_wconf 78' lang='grc' dir='ltr'>ὦδε.</span> <span class='ocrx_word' id='word_1_217' title='bbox 1027 633 1086 680; x_wconf 79' lang='grc' dir='ltr'>ἐπ’</span> <span class='ocrx_word' id='word_1_218' title='bbox 1119 633 1226 678; x_wconf 82' lang='grc' dir='ltr'><em>ὅσον</em></span> <span class='ocrx_word' id='word_1_219' title='bbox 1255 634 1407 686; x_wconf 75' lang='grc' dir='ltr'><em>ἔποψις</em></span> 
     </span>
    </p>
   </div>
   <div class='ocr_carea' id='block_1_11' title="bbox 805 826 1466 2899">
    <p class='ocr_par' dir='ltr' id='par_1_12' title="bbox 810 826 1466 2229">
     <span class='ocr_line' id='line_1_48' title="bbox 813 826 1463 880; baseline -0.012 -10"><span class='ocrx_word' id='word_1_220' title='bbox 813 832 978 880; x_wconf 78' lang='lat' dir='ltr'>oracula,</span> <span class='ocrx_word' id='word_1_221' title='bbox 1027 831 1088 868; x_wconf 73' lang='lat' dir='ltr'>hoc</span> <span class='ocrx_word' id='word_1_222' title='bbox 1125 829 1224 867; x_wconf 67' lang='lat' dir='ltr'>morlo</span> <span class='ocrx_word' id='word_1_223' title='bbox 1262 826 1359 865; x_wconf 73' lang='lat' dir='ltr'>istud</span> <span class='ocrx_word' id='word_1_224' title='bbox 1395 827 1463 878; x_wconf 80' lang='lat' dir='ltr'>fa-</span> 
     </span>
     <span class='ocr_line' id='line_1_49' title="bbox 812 884 1466 936; baseline -0.011 -10"><span class='ocrx_word' id='word_1_225' title='bbox 812 891 948 926; x_wconf 72' lang='lat' dir='ltr'>cz&#39;ens.“</span> <span class='ocrx_word' id='word_1_226' title='bbox 988 888 1029 924; x_wconf 90' lang='lat' dir='ltr'>In</span> <span class='ocrx_word' id='word_1_227' title='bbox 1053 900 1123 936; x_wconf 89' lang='lat' dir='ltr'>quo</span> <span class='ocrx_word' id='word_1_228' title='bbox 1157 899 1266 935; x_wconf 89' lang='lat' dir='ltr'>quum</span> <span class='ocrx_word' id='word_1_229' title='bbox 1289 884 1466 920; x_wconf 67' lang='lat' dir='ltr'>lustrandi</span> 
     </span>
     <span class='ocr_line' id='line_1_50' title="bbox 810 941 1464 995; baseline -0.011 -13"><span class='ocrx_word' id='word_1_230' title='bbox 810 946 995 995; x_wconf 81' lang='lat' dir='ltr'>negotium</span> <span class='ocrx_word' id='word_1_231' title='bbox 1027 944 1233 994; x_wconf 88' lang='lat' dir='ltr'>primarium</span> <span class='ocrx_word' id='word_1_232' title='bbox 1269 941 1464 987; x_wconf 88' lang='lat' dir='ltr'>videretur,</span> 
     </span>
     <span class='ocr_line' id='line_1_51' title="bbox 811 998 1464 1050; baseline -0.009 -12"><span class='ocrx_word' id='word_1_233' title='bbox 811 1003 932 1038; x_wconf 90' lang='lat' dir='ltr'>omisit</span> <span class='ocrx_word' id='word_1_234' title='bbox 965 1004 1162 1050; x_wconf 81' lang='lat' dir='ltr'>occupatae</span> <span class='ocrx_word' id='word_1_235' title='bbox 1190 998 1329 1035; x_wconf 90' lang='lat' dir='ltr'>insulae</span> <span class='ocrx_word' id='word_1_236' title='bbox 1361 1009 1464 1033; x_wconf 88' lang='lat' dir='ltr'>men-</span> 
     </span>
     <span class='ocr_line' id='line_1_52' title="bbox 812 1054 1464 1106; baseline -0.011 -11"><span class='ocrx_word' id='word_1_237' title='bbox 812 1060 947 1096; x_wconf 88' lang='lat' dir='ltr'>tionem</span> <span class='ocrx_word' id='word_1_238' title='bbox 968 1059 1108 1103; x_wconf 87' lang='lat' dir='ltr'>facere,</span> <span class='ocrx_word' id='word_1_239' title='bbox 1137 1054 1351 1106; x_wconf 88' lang='lat' dir='ltr'>praesertim</span> <span class='ocrx_word' id='word_1_240' title='bbox 1384 1065 1464 1089; x_wconf 89' lang='lat' dir='ltr'>cum</span> 
     </span>
     <span class='ocr_line' id='line_1_53' title="bbox 810 1110 1464 1164; baseline -0.009 -13"><span class='ocrx_word' id='word_1_241' title='bbox 810 1115 879 1151; x_wconf 92' lang='lat' dir='ltr'>hoc</span> <span class='ocrx_word' id='word_1_242' title='bbox 922 1115 1039 1164; x_wconf 89' lang='lat' dir='ltr'>ipsum</span> <span class='ocrx_word' id='word_1_243' title='bbox 1085 1125 1128 1149; x_wconf 82' lang='lat' dir='ltr'>ex</span> <span class='ocrx_word' id='word_1_244' title='bbox 1167 1110 1464 1149; x_wconf 85' lang='lat' dir='ltr'>antecedentibus</span> 
     </span>
     <span class='ocr_line' id='line_1_54' title="bbox 811 1167 1462 1218; baseline -0.009 -10"><span class='ocrx_word' id='word_1_245' title='bbox 811 1171 917 1208; x_wconf 86' lang='lat' dir='ltr'>facile</span> <span class='ocrx_word' id='word_1_246' title='bbox 939 1169 1090 1217; x_wconf 82' lang='lat' dir='ltr'>intelligi</span> <span class='ocrx_word' id='word_1_247' title='bbox 1113 1169 1232 1218; x_wconf 82' lang='lat' dir='ltr'>possit</span> <span class='ocrx_word' id='word_1_248' title='bbox 1258 1180 1300 1204; x_wconf 91' lang='lat' dir='ltr'>ac</span> <span class='ocrx_word' id='word_1_249' title='bbox 1319 1167 1462 1203; x_wconf 87' lang='lat' dir='ltr'>debeat.</span> 
     </span>
     <span class='ocr_line' id='line_1_55' title="bbox 813 1221 1464 1274; baseline -0.011 -10"><span class='ocrx_word' id='word_1_250' title='bbox 813 1227 920 1270; x_wconf 84' lang='lat' dir='ltr'>Quae</span> <span class='ocrx_word' id='word_1_251' title='bbox 960 1226 990 1262; x_wconf 86' lang='lat' dir='ltr'>si</span> <span class='ocrx_word' id='word_1_252' title='bbox 1019 1226 1114 1262; x_wconf 86' lang='lat' dir='ltr'>bene</span> <span class='ocrx_word' id='word_1_253' title='bbox 1152 1223 1358 1274; x_wconf 83' lang='lat' dir='ltr'>disputavi,</span> <span class='ocrx_word' id='word_1_254' title='bbox 1408 1221 1464 1258; x_wconf 89' lang='lat' dir='ltr'>di-</span> 
     </span>
     <span class='ocr_line' id='line_1_56' title="bbox 811 1277 1464 1332; baseline -0.008 -13"><span class='ocrx_word' id='word_1_255' title='bbox 811 1284 955 1320; x_wconf 85' lang='lat' dir='ltr'>stinctio</span> <span class='ocrx_word' id='word_1_256' title='bbox 998 1286 1084 1332; x_wconf 86' lang='lat' dir='ltr'>post</span> <span class='ocrx_word' id='word_1_257' title='bbox 1133 1277 1307 1320; x_wconf 80' lang='grc' dir='ltr'><strong><em>τούτοισι</em></strong></span> <span class='ocrx_word' id='word_1_258' title='bbox 1354 1278 1464 1325; x_wconf 82' lang='lat' dir='ltr'>vulga</span> 
     </span>
     <span class='ocr_line' id='line_1_57' title="bbox 811 1338 1465 1389; baseline -0.008 -15"><span class='ocrx_word' id='word_1_259' title='bbox 811 1340 954 1389; x_wconf 85' lang='lat' dir='ltr'>posita,</span> <span class='ocrx_word' id='word_1_260' title='bbox 992 1338 1151 1374; x_wconf 88' lang='lat' dir='ltr'>tollenda</span> <span class='ocrx_word' id='word_1_261' title='bbox 1181 1342 1258 1383; x_wconf 84' lang='lat' dir='ltr'>est,</span> <span class='ocrx_word' id='word_1_262' title='bbox 1297 1340 1336 1371; x_wconf 93' lang='lat' dir='ltr'>ut</span> <span class='ocrx_word' id='word_1_263' title='bbox 1362 1347 1465 1370; x_wconf 89' lang='lat' dir='ltr'>accu-</span> 
     </span>
     <span class='ocr_line' id='line_1_58' title="bbox 812 1391 1465 1455; baseline -0.008 -25"><span class='ocrx_word' id='word_1_264' title='bbox 812 1396 962 1431; x_wconf 85' lang='lat' dir='ltr'>sativus</span> <span class='ocrx_word' id='word_1_265' title='bbox 983 1396 1120 1455; x_wconf 65' lang='grc' dir='ltr'><em>Δηλρν</em></span> <span class='ocrx_word' id='word_1_266' title='bbox 1149 1406 1223 1429; x_wconf 90' lang='lat' dir='ltr'>non</span> <span class='ocrx_word' id='word_1_267' title='bbox 1260 1391 1377 1428; x_wconf 85' lang='lat' dir='ltr'>minus</span> <span class='ocrx_word' id='word_1_268' title='bbox 1417 1391 1465 1425; x_wconf 91' lang='lat' dir='ltr'>ad</span> 
     </span>
     <span class='ocr_line' id='line_1_59' title="bbox 812 1445 1465 1500; baseline -0.012 -10.988"><span class='ocrx_word' id='word_1_269' title='bbox 812 1445 996 1500; x_wconf 69' lang='grc' dir='ltr'><em>καθήρας</em></span> <span class='ocrx_word' id='word_1_270' title='bbox 1014 1449 1206 1500; x_wconf 85' lang='lat' dir='ltr'>pertineat,</span> <span class='ocrx_word' id='word_1_271' title='bbox 1236 1460 1344 1497; x_wconf 89' lang='lat' dir='ltr'>quam</span> <span class='ocrx_word' id='word_1_272' title='bbox 1363 1458 1465 1482; x_wconf 89' lang='lat' dir='ltr'>men-</span> 
     </span>
     <span class='ocr_line' id='line_1_60' title="bbox 811 1502 1466 1555; baseline -0.011 -11"><span class='ocrx_word' id='word_1_273' title='bbox 811 1511 848 1544; x_wconf 91' lang='lat' dir='ltr'>te</span> <span class='ocrx_word' id='word_1_274' title='bbox 871 1519 1017 1555; x_wconf 86' lang='lat' dir='ltr'>quoque</span> <span class='ocrx_word' id='word_1_275' title='bbox 1036 1507 1211 1542; x_wconf 86' lang='lat' dir='ltr'>referatur</span> <span class='ocrx_word' id='word_1_276' title='bbox 1231 1505 1278 1541; x_wconf 89' lang='lat' dir='ltr'>ad</span> <span class='ocrx_word' id='word_1_277' title='bbox 1296 1504 1345 1550; x_wconf 82' lang='lat' dir='ltr'>id,</span> <span class='ocrx_word' id='word_1_278' title='bbox 1366 1502 1466 1551; x_wconf 91' lang='lat' dir='ltr'>quod</span> 
     </span>
     <span class='ocr_line' id='line_1_61' title="bbox 812 1558 1465 1612; baseline -0.009 -13"><span class='ocrx_word' id='word_1_279' title='bbox 812 1564 974 1612; x_wconf 78' lang='lat' dir='ltr'>quamvis</span> <span class='ocrx_word' id='word_1_280' title='bbox 1025 1562 1220 1608; x_wconf 87' lang='lat' dir='ltr'>omissum,</span> <span class='ocrx_word' id='word_1_281' title='bbox 1279 1558 1465 1597; x_wconf 85' lang='lat' dir='ltr'>subaudiri</span> 
     </span>
     <span class='ocr_line' id='line_1_62' title="bbox 811 1615 1465 1668; baseline -0.003 -12"><span class='ocrx_word' id='word_1_282' title='bbox 811 1624 934 1656; x_wconf 90' lang='lat' dir='ltr'>tamen</span> <span class='ocrx_word' id='word_1_283' title='bbox 954 1619 1086 1656; x_wconf 88' lang='lat' dir='ltr'>debeat</span> <span class='ocrx_word' id='word_1_284' title='bbox 1098 1615 1397 1668; x_wconf 79' lang='grc' dir='ltr'>κατεστρέψατο.</span> <span class='ocrx_word' id='word_1_285' title='bbox 1409 1635 1465 1642; x_wconf 87' lang='lat'>—-</span> 
     </span>
     <span class='ocr_line' id='line_1_63' title="bbox 811 1672 1464 1727; baseline -0.012 -12"><span class='ocrx_word' id='word_1_286' title='bbox 811 1672 912 1727; x_wconf 83' lang='grc' dir='ltr'><em>πρός</em></span> <span class='ocrx_word' id='word_1_287' title='bbox 958 1689 1000 1726; x_wconf 81' lang='grc' dir='ltr'>γε</span> <span class='ocrx_word' id='word_1_288' title='bbox 1058 1679 1097 1711; x_wconf 93' lang='lat' dir='ltr'>ut</span> <span class='ocrx_word' id='word_1_289' title='bbox 1150 1678 1330 1712; x_wconf 86' lang='lat' dir='ltr'>mutemus</span> <span class='ocrx_word' id='word_1_290' title='bbox 1384 1685 1464 1709; x_wconf 89' lang='lat' dir='ltr'>cum</span> 
     </span>
     <span class='ocr_line' id='line_1_64' title="bbox 811 1727 1464 1781; baseline -0.009 -13"><span class='ocrx_word' id='word_1_291' title='bbox 811 1732 1006 1769; x_wconf 83' lang='lat' dir='ltr'>Schaefero</span> <span class='ocrx_word' id='word_1_292' title='bbox 1045 1731 1083 1767; x_wconf 91' lang='lat' dir='ltr'>iu</span> <span class='ocrx_word' id='word_1_293' title='bbox 1109 1727 1209 1781; x_wconf 78' lang='grc' dir='ltr'><em>πρός</em></span> <span class='ocrx_word' id='word_1_294' title='bbox 1242 1727 1303 1777; x_wconf 79' lang='grc' dir='ltr'>δὲ,</span> <span class='ocrx_word' id='word_1_295' title='bbox 1344 1729 1464 1764; x_wconf 79' lang='lat' dir='ltr'>invitis</span> 
     </span>
     <span class='ocr_line' id='line_1_65' title="bbox 812 1780 1466 1836; baseline -0.003 -13"><span class='ocrx_word' id='word_1_296' title='bbox 812 1787 910 1824; x_wconf 85' lang='lat' dir='ltr'>libris</span> <span class='ocrx_word' id='word_1_297' title='bbox 931 1787 1078 1824; x_wconf 86' lang='lat' dir='ltr'>minime</span> <span class='ocrx_word' id='word_1_298' title='bbox 1097 1800 1201 1836; x_wconf 88' lang='lat' dir='ltr'>opus.</span> <span class='ocrx_word' id='word_1_299' title='bbox 1212 1780 1466 1836; x_wconf 77' lang='grc' dir='ltr'><em>-Λυγδαμι</em></span> 
     </span>
     <span class='ocr_line' id='line_1_66' title="bbox 811 1840 1465 1880; baseline -0.005 0"><span class='ocrx_word' id='word_1_300' title='bbox 811 1844 904 1880; x_wconf 88' lang='lat' dir='ltr'>bene</span> <span class='ocrx_word' id='word_1_301' title='bbox 948 1844 1104 1879; x_wconf 86' lang='lat' dir='ltr'>retinent</span> <span class='ocrx_word' id='word_1_302' title='bbox 1141 1843 1226 1878; x_wconf 90' lang='lat' dir='ltr'>boni</span> <span class='ocrx_word' id='word_1_303' title='bbox 1257 1842 1348 1878; x_wconf 84' lang='lat' dir='ltr'>libri</span> <span class='ocrx_word' id='word_1_304' title='bbox 1405 1840 1465 1877; x_wconf 85' lang='lat' dir='ltr'>De</span> 
     </span>
     <span class='ocr_line' id='line_1_67' title="bbox 811 1895 1465 1947; baseline -0.005 -13"><span class='ocrx_word' id='word_1_305' title='bbox 811 1911 882 1947; x_wconf 88' lang='lat' dir='ltr'>quo</span> <span class='ocrx_word' id='word_1_306' title='bbox 905 1899 1025 1935; x_wconf 79' lang='lat' dir='ltr'>dativo</span> <span class='ocrx_word' id='word_1_307' title='bbox 1047 1899 1140 1934; x_wconf 90' lang='lat' dir='ltr'>conf.</span> <span class='ocrx_word' id='word_1_308' title='bbox 1161 1897 1256 1943; x_wconf 85' lang='lat' dir='ltr'>adl,</span> <span class='ocrx_word' id='word_1_309' title='bbox 1281 1897 1346 1937; x_wconf 84' lang='grc'>41.</span> <span class='ocrx_word' id='word_1_310' title='bbox 1375 1895 1465 1932; x_wconf 87' lang='lat' dir='ltr'>Mox</span> 
     </span>
     <span class='ocr_line' id='line_1_68' title="bbox 811 1948 1465 2004; baseline -0.003 -15"><span class='ocrx_word' id='word_1_311' title='bbox 811 1954 848 1990; x_wconf 88' lang='lat' dir='ltr'>in</span> <span class='ocrx_word' id='word_1_312' title='bbox 877 1955 995 1991; x_wconf 64' lang='lat' dir='ltr'>xerbis</span> <span class='ocrx_word' id='word_1_313' title='bbox 1024 1948 1209 2004; x_wconf 76' lang='grc' dir='ltr'><em>καθηρας</em></span> <span class='ocrx_word' id='word_1_314' title='bbox 1241 1949 1282 1990; x_wconf 80' lang='grc' dir='ltr'>δὲ</span> <span class='ocrx_word' id='word_1_315' title='bbox 1309 1952 1387 1990; x_wconf 81' lang='grc' dir='ltr'>ώὸε</span> <span class='ocrx_word' id='word_1_316' title='bbox 1416 1951 1465 1987; x_wconf 82' lang='lat' dir='ltr'>si-</span> 
     </span>
     <span class='ocr_line' id='line_1_69' title="bbox 810 2008 1466 2057; baseline -0.005 -11"><span class='ocrx_word' id='word_1_317' title='bbox 810 2010 929 2046; x_wconf 88' lang='lat' dir='ltr'>milem</span> <span class='ocrx_word' id='word_1_318' title='bbox 961 2022 1121 2057; x_wconf 70' lang='lat' dir='ltr'>agnosco</span> <span class='ocrx_word' id='word_1_319' title='bbox 1148 2008 1321 2045; x_wconf 79' lang='lat' dir='ltr'>mationis</span> <span class='ocrx_word' id='word_1_320' title='bbox 1350 2008 1466 2044; x_wconf 90' lang='lat' dir='ltr'>abun-</span> 
     </span>
     <span class='ocr_line' id='line_1_70' title="bbox 811 2041 1463 2114; baseline -0.003 -12"><span class='ocrx_word' id='word_1_321' title='bbox 811 2066 972 2102; x_wconf 86' lang='lat' dir='ltr'>dantiam</span> <span class='ocrx_word' id='word_1_322' title='bbox 985 2041 1109 2113; x_wconf 73' lang='lat' dir='ltr'>Datque</span> <span class='ocrx_word' id='word_1_323' title='bbox 1138 2077 1249 2114; x_wconf 86' lang='lat' dir='ltr'>supra</span> <span class='ocrx_word' id='word_1_324' title='bbox 1268 2064 1305 2111; x_wconf 91' lang='lat' dir='ltr'>I,</span> <span class='ocrx_word' id='word_1_325' title='bbox 1333 2066 1358 2104; x_wconf 89' lang='lat'>8</span> <span class='ocrx_word' id='word_1_326' title='bbox 1385 2064 1463 2100; x_wconf 83' lang='lat' dir='ltr'>init.</span> 
     </span>
     <span class='ocr_line' id='line_1_71' title="bbox 811 2119 1461 2160; baseline 0.003 -3"><span class='ocrx_word' id='word_1_327' title='bbox 811 2122 848 2158; x_wconf 88' lang='lat' dir='ltr'>in</span> <span class='ocrx_word' id='word_1_328' title='bbox 879 2122 998 2158; x_wconf 65' lang='lat' dir='ltr'>xerbis</span> <span class='ocrx_word' id='word_1_329' title='bbox 1030 2119 1128 2160; x_wconf 69' lang='grc' dir='ltr'><strong><em>ὥστε</em></strong></span> <span class='ocrx_word' id='word_1_330' title='bbox 1167 2119 1210 2160; x_wconf 78' lang='grc' dir='ltr'>δὲ</span> <span class='ocrx_word' id='word_1_331' title='bbox 1240 2122 1363 2159; x_wconf 78' lang='grc' dir='ltr'>ταῦτα</span> <span class='ocrx_word' id='word_1_332' title='bbox 1396 2134 1461 2159; x_wconf 91' lang='grc' dir='ltr'><em>νο-</em></span> 
     </span>
     <span class='ocr_line' id='line_1_72' title="bbox 811 2178 944 2229; baseline -0.008 -13"><span class='ocrx_word' id='word_1_333' title='bbox 811 2178 944 2229; x_wconf 84' lang='grc' dir='ltr'><em>μίζων.</em></span> 
     </span>
    </p>

    <p class='ocr_par' dir='ltr' id='par_1_13' title="bbox 805 2226 1464 2899">
     <span class='ocr_line' id='line_1_73' title="bbox 866 2226 1463 2284; baseline -0.007 -12"><span class='ocrx_word' id='word_1_334' title='bbox 866 2228 1049 2284; x_wconf 77' lang='grc' dir='ltr'><em>καθήρας</em></span> <span class='ocrx_word' id='word_1_335' title='bbox 1079 2230 1121 2272; x_wconf 79' lang='grc' dir='ltr'>δὲ</span> <span class='ocrx_word' id='word_1_336' title='bbox 1149 2226 1247 2283; x_wconf 82' lang='grc' dir='ltr'><strong>ώδε]</strong></span> <span class='ocrx_word' id='word_1_337' title='bbox 1282 2231 1463 2270; x_wconf 86' lang='lat' dir='ltr'>Memorat</span> 
     </span>
     <span class='ocr_line' id='line_1_74' title="bbox 809 2288 1464 2339; baseline -0.003 -12"><span class='ocrx_word' id='word_1_338' title='bbox 809 2290 914 2327; x_wconf 89' lang='lat' dir='ltr'>huius</span> <span class='ocrx_word' id='word_1_339' title='bbox 935 2291 986 2327; x_wconf 91' lang='lat' dir='ltr'>rei</span> <span class='ocrx_word' id='word_1_340' title='bbox 1005 2293 1149 2339; x_wconf 89' lang='lat' dir='ltr'>praeter</span> <span class='ocrx_word' id='word_1_341' title='bbox 1168 2288 1346 2326; x_wconf 87' lang='lat' dir='ltr'>Ammian.</span> <span class='ocrx_word' id='word_1_342' title='bbox 1362 2288 1464 2325; x_wconf 84' lang='lat' dir='ltr'>Mar-</span> 
     </span>
     <span class='ocr_line' id='line_1_75' title="bbox 811 2345 1462 2394; baseline -0.002 -11"><span class='ocrx_word' id='word_1_343' title='bbox 811 2346 925 2383; x_wconf 90' lang='lat' dir='ltr'>cellin.</span> <span class='ocrx_word' id='word_1_344' title='bbox 966 2346 1095 2392; x_wconf 83' lang='lat' dir='ltr'>XXII,</span> <span class='ocrx_word' id='word_1_345' title='bbox 1136 2348 1187 2386; x_wconf 81' lang='lat'>12</span> <span class='ocrx_word' id='word_1_346' title='bbox 1215 2347 1276 2383; x_wconf 91' lang='lat' dir='ltr'>fin.</span> <span class='ocrx_word' id='word_1_347' title='bbox 1315 2345 1462 2394; x_wconf 89' lang='lat' dir='ltr'>Thucy-</span> 
     </span>
     <span class='ocr_line' id='line_1_76' title="bbox 811 2402 1462 2449; baseline -0.005 -10"><span class='ocrx_word' id='word_1_348' title='bbox 811 2403 915 2440; x_wconf 87' lang='lat' dir='ltr'>dides</span> <span class='ocrx_word' id='word_1_349' title='bbox 948 2402 1018 2449; x_wconf 86' lang='grc' dir='ltr'>ΙΙΙ,</span> <span class='ocrx_word' id='word_1_350' title='bbox 1073 2402 1163 2442; x_wconf 80' lang='lat'><strong>104.</strong></span> <span class='ocrx_word' id='word_1_351' title='bbox 1229 2403 1322 2439; x_wconf 91' lang='lat' dir='ltr'>Cum</span> <span class='ocrx_word' id='word_1_352' title='bbox 1366 2402 1462 2438; x_wconf 90' lang='lat' dir='ltr'>enim</span> 
     </span>
     <span class='ocr_line' id='line_1_77' title="bbox 810 2456 1462 2496; baseline -0.002 -1"><span class='ocrx_word' id='word_1_353' title='bbox 810 2459 1020 2495; x_wconf 83' lang='lat' dir='ltr'>Pisistratus</span> <span class='ocrx_word' id='word_1_354' title='bbox 1048 2458 1144 2494; x_wconf 90' lang='lat' dir='ltr'>haud</span> <span class='ocrx_word' id='word_1_355' title='bbox 1171 2462 1282 2496; x_wconf 88' lang='lat' dir='ltr'>totam</span> <span class='ocrx_word' id='word_1_356' title='bbox 1310 2456 1462 2494; x_wconf 86' lang='lat' dir='ltr'>insulam</span> 
     </span>
     <span class='ocr_line' id='line_1_78' title="bbox 810 2514 1462 2565; baseline -0.003 -14"><span class='ocrx_word' id='word_1_357' title='bbox 810 2519 1024 2565; x_wconf 79' lang='lat' dir='ltr'>purgasset,</span> <span class='ocrx_word' id='word_1_358' title='bbox 1065 2515 1131 2551; x_wconf 79' lang='lat' dir='ltr'>sed</span> <span class='ocrx_word' id='word_1_359' title='bbox 1162 2520 1336 2563; x_wconf 87' lang='lat' dir='ltr'>quantum</span> <span class='ocrx_word' id='word_1_360' title='bbox 1370 2514 1462 2550; x_wconf 91' lang='lat' dir='ltr'>dun-</span> 
     </span>
     <span class='ocr_line' id='line_1_79' title="bbox 809 2570 1461 2620; baseline -0.005 -12"><span class='ocrx_word' id='word_1_361' title='bbox 809 2576 911 2608; x_wconf 85' lang='lat' dir='ltr'>taxat</span> <span class='ocrx_word' id='word_1_362' title='bbox 940 2583 961 2607; x_wconf 93' lang='lat' dir='ltr'>a</span> <span class='ocrx_word' id='word_1_363' title='bbox 996 2570 1132 2619; x_wconf 92' lang='lat' dir='ltr'>templo</span> <span class='ocrx_word' id='word_1_364' title='bbox 1164 2583 1308 2620; x_wconf 86' lang='lat' dir='ltr'>quaqua</span> <span class='ocrx_word' id='word_1_365' title='bbox 1335 2583 1461 2607; x_wconf 85' lang='lat' dir='ltr'>versus</span> 
     </span>
     <span class='ocr_line' id='line_1_80' title="bbox 809 2627 1461 2678; baseline -0.002 -15"><span class='ocrx_word' id='word_1_366' title='bbox 809 2627 968 2678; x_wconf 88' lang='lat' dir='ltr'>prospici</span> <span class='ocrx_word' id='word_1_367' title='bbox 1007 2629 1172 2676; x_wconf 84' lang='lat' dir='ltr'>poterat,</span> <span class='ocrx_word' id='word_1_368' title='bbox 1221 2640 1344 2663; x_wconf 81' lang='lat' dir='ltr'>rursus</span> <span class='ocrx_word' id='word_1_369' title='bbox 1381 2639 1461 2663; x_wconf 89' lang='lat' dir='ltr'>eam</span> 
     </span>
     <span class='ocr_line' id='line_1_81' title="bbox 808 2682 1462 2732; baseline -0.005 -12"><span class='ocrx_word' id='word_1_370' title='bbox 808 2684 1047 2720; x_wconf 76' lang='lat' dir='ltr'>Athenienses</span> <span class='ocrx_word' id='word_1_371' title='bbox 1080 2682 1225 2732; x_wconf 73' lang='lat' dir='ltr'>Olymp.</span> <span class='ocrx_word' id='word_1_372' title='bbox 1257 2685 1322 2730; x_wconf 83' lang='lat'>88,</span> <span class='ocrx_word' id='word_1_373' title='bbox 1353 2686 1376 2723; x_wconf 82' lang='lat'>3</span> <span class='ocrx_word' id='word_1_374' title='bbox 1406 2682 1462 2718; x_wconf 89' lang='lat' dir='ltr'>lu-</span> 
     </span>
     <span class='ocr_line' id='line_1_82' title="bbox 807 2738 1460 2785; baseline -0.005 -9"><span class='ocrx_word' id='word_1_375' title='bbox 807 2743 967 2776; x_wconf 86' lang='lat' dir='ltr'>strarunt</span> <span class='ocrx_word' id='word_1_376' title='bbox 1007 2739 1106 2774; x_wconf 88' lang='lat' dir='ltr'>iussu</span> <span class='ocrx_word' id='word_1_377' title='bbox 1147 2739 1296 2785; x_wconf 86' lang='lat' dir='ltr'>oraculi,</span> <span class='ocrx_word' id='word_1_378' title='bbox 1345 2743 1380 2775; x_wconf 91' lang='lat' dir='ltr'>et</span> <span class='ocrx_word' id='word_1_379' title='bbox 1417 2738 1460 2773; x_wconf 89' lang='lat' dir='ltr'>iis</span> 
     </span>
     <span class='ocr_line' id='line_1_83' title="bbox 807 2794 1460 2844; baseline -0.002 -14"><span class='ocrx_word' id='word_1_380' title='bbox 807 2795 954 2844; x_wconf 87' lang='lat' dir='ltr'>quidem</span> <span class='ocrx_word' id='word_1_381' title='bbox 985 2794 1073 2843; x_wconf 84' lang='lat' dir='ltr'>ipsis</span> <span class='ocrx_word' id='word_1_382' title='bbox 1105 2794 1243 2841; x_wconf 85' lang='lat' dir='ltr'>ritibus,</span> <span class='ocrx_word' id='word_1_383' title='bbox 1273 2795 1333 2843; x_wconf 91' lang='lat' dir='ltr'>qui</span> <span class='ocrx_word' id='word_1_384' title='bbox 1352 2794 1460 2831; x_wconf 88' lang='lat' dir='ltr'>etiam</span> 
     </span>
     <span class='ocr_line' id='line_1_84' title="bbox 805 2849 1461 2899; baseline -0.002 -11"><span class='ocrx_word' id='word_1_385' title='bbox 805 2851 839 2888; x_wconf 92' lang='lat' dir='ltr'>h.</span> <span class='ocrx_word' id='word_1_386' title='bbox 860 2850 882 2888; x_wconf 93' lang='lat' dir='ltr'>l.</span> <span class='ocrx_word' id='word_1_387' title='bbox 914 2854 1170 2888; x_wconf 87' lang='lat' dir='ltr'>memorantur.</span> <span class='ocrx_word' id='word_1_388' title='bbox 1199 2851 1281 2888; x_wconf 71' lang='lat' dir='ltr'>vid.</span> <span class='ocrx_word' id='word_1_389' title='bbox 1313 2849 1461 2899; x_wconf 80' lang='lat' dir='ltr'>Thucy-</span> 
     </span>
    </p>
   </div>
  </div>
 </body>
</html>
