1909 3228
41 1213 108 1258 27
168 1215 280 1264 ζεται
319 1212 396 1254 τὸν
435 1216 609 1256 Νεῖλον.

164 1289 396 1344 ἀποπνέει,
426 1291 555 1348 τήνδε
583 1292 661 1348 ἔχω
690 1292 888 1349 γνώμην,
929 1290 989 1342 ὥς
1026 1291 1165 1347 κάρτα
1195 1289 1279 1334 ἀπὸ
1310 1296 1416 1347 θερ-

547 237 968 275 EUTERPE.
1022 237 1066 275 ΙΙ,

1341 238 1423 279 531

167 344 246 389 τόν
273 344 409 402 ταύτῃ
440 343 575 398 εἶναι,
607 347 820 390 διακαίων
848 345 927 401 τὴν
956 345 1151 397 διέξοδον
1171 344 1311 403 αὐτῷ·
1343 347 1423 390 οὕ-

133 430 224 467 Quo
254 429 329 479 τῆς
358 425 523 481 Λιβύης
560 424 613 469 τά
651 423 742 468 ἄνω
783 425 913 480 θέρος
944 424 1025 467 αἰεὶ
1054 424 1229 480 κατέχει.

165 502 194 559 ἡ
225 502 372 555 στάσις
406 505 590 560 ἤλλακτο
620 507 708 546 τῶν
738 502 909 558 ὡρέων,
938 503 1011 546 καὶ
1039 507 1120 546 τοῦ
1150 502 1348 558 οὐρανοῦ
1365 508 1446 562 τῇ5

167 583 247 638 μὲν
275 587 359 626 νῦν
389 581 412 626 ὁ
445 583 600 639 βορέης
639 599 682 626 τε
720 584 793 626 καὶ
836 581 859 625 ὁ
898 581 1056 637 χειμών
1086 583 1247 634 ἑστᾶσι,
1285 581 1423 640 ταύτῃ

166 661 246 716 μὲν
274 665 353 705 τοῦ
383 661 517 705 νότου
547 657 602 718 ἦν
630 660 656 716 ἡ
688 662 834 712 στάσις
863 662 936 704 καὶ
963 664 1040 716 τῆς
1057 663 1340 717 μεσαμβρίης,
1372 663 1425 717 τῇ

138 740 219 783 3δὲ
247 739 270 783 ὁ
299 740 426 792 νότος
455 745 539 784 νῦν
568 741 744 796 ἕστηκε,
773 739 907 796 ταύτῃ
935 740 980 783 δὲ
1011 737 1231 796 ὁβορέης·
1262 741 1299 783 εἰ
1316 743 1423 783 ταῦ-

167 836 221 861 τα
252 818 366 861 οὕτω
398 817 505 874 εἶχε,
548 819 571 864 ὁ
604 818 724 875 ἥλιος
754 817 810 861 ἂν
839 817 1185 875 ἀπελαυνόμενος
1216 819 1260 862 ἐκ
1290 819 1423 874 μέσου

165 901 246 940 τοῦ
275 894 472 949 οὐρανοῦ
500 896 587 940 ὑπὸ
618 902 698 941 τοῦ
727 902 933 953 χειμῶνος
962 898 1035 940 καὶ
1063 901 1141 941 τοῦ
1170 897 1324 954 βορέω,
1356 896 1422 953 ἤϊε

164 974 220 1017 ἂν
248 973 300 1017 τοὶ
331 973 420 1018 ἄνω
451 979 524 1032 τῆς
557 974 793 1033 Εὐρώπης,
825 974 1012 1032 κατάπερ
1043 980 1125 1019 νῦν
1154 979 1228 1031 τῆς
1249 976 1419 1032 Λιβύης
1477 986 1556 1028 115

134 1053 343 1109 4ἔρχεται.
386 1053 598 1106 διεξιόντα
642 1053 686 1099 δ’
719 1055 773 1098 ἄν
800 1072 874 1110 μιν
904 1055 976 1099 δια
1015 1053 1154 1110 πάσης
1184 1053 1474 1111 Εὐρώπης,11

163 1133 346 1187 ἔλπομαι
386 1133 547 1176 ποιέειν
585 1133 641 1177 ἂν
676 1133 753 1177 τόν
781 1132 952 1187 Ἴστρον
981 1133 1033 1177 τά
1060 1150 1140 1188 περ
1179 1137 1263 1176 νῦν
1292 1133 1418 1189 ἐργά-

161 1475 352 1514 διακαίων
362 1472 435 1525 τήν
449 1472 625 1522 διέξοδον
637 1471 758 1529 αὐτῷ]

104 1526 214 1584 αὐτῷ
223 1531 395 1581 plurimos
407 1532 515 1568 libros
527 1536 668 1569 secutus
681 1533 759 1569 edi-

104 1589 159 1626 dit
185 1588 438 1634 Gaisfordius3
482 1588 592 1636 vulgo
618 1584 757 1635 αὐτοῦ,

105 1645 204 1694 quod
217 1645 264 1680 ad
286 1657 418 1691 aerem,
439 1645 499 1693 qui
521 1644 603 1681 solis
624 1645 758 1681 transi-

103 1706 144 1738 tu
163 1701 413 1748 excandescat,
424 1701 549 1737 referri
566 1700 639 1737 vult
650 1701 758 1738 lVes-

105 1756 298 1803 selingius3
339 1757 403 1793 sed
452 1757 580 1793 rectius
628 1757 758 1806 opinor

105 1811 467 1860 Schweighaeuserus
507 1811 680 1849 intellexit
711 1814 757 1848 de

106 1867 198 1914 sole,
230 1869 290 1916 qui
309 1871 432 1903 exurat
451 1880 552 1903 suum
570 1870 758 1903 transitum

106 1924 128 1960 i.
152 1937 183 1961 e.
217 1925 329 1959 onmia
359 1936 446 1972 quae
485 1927 641 1958 transeat
674 1936 759 1959 exu-

106 1984 175 2016 rat.
206 1978 380 2025 διέξοδος
403 1979 509 2024 enim,
540 1979 605 2015 erit
625 1984 758 2015 tractus

104 2036 165 2073 ille
185 2036 222 2071 in
242 2035 340 2072 coelo
362 2048 470 2084 super
488 2040 631 2081 terram,
651 2048 758 2083 quem

104 2095 269 2143 permeat
281 2091 354 2137 5013
384 2092 477 2128 conf.
504 2104 613 2140 supra
634 2090 678 2137 ΙΙ,
692 2089 756 2131 24.

104 2168 162 2176 -—
179 2147 222 2184 In
242 2160 343 2196 seqq.
367 2148 413 2183 ad
431 2144 477 2184 τοὶ
496 2142 579 2184 ἐὶνω
599 2148 668 2195 τῆς
688 2148 757 2183 Λι-

105 2198 209 2255 βύης
237 2207 273 2240 et
299 2202 407 2253 paulo
434 2203 582 2239 inferius
607 2199 652 2240 τοὶ
675 2199 758 2240 ἄνω

105 2262 178 2310 τῆς
197 2254 400 2310 Εὐρώπης
418 2259 511 2296 conf.
531 2262 622 2295 nott.
641 2259 688 2294 ad
710 2257 757 2304 ΙΙ,

106 2316 173 2357 24.
228 2314 287 2352 Ad
316 2328 441 2352 vocem
478 2312 633 2365 ὦρέων,
689 2326 761 2362 qua

101 2375 321 2421 tempestates
334 2373 420 2408 anni
428 2371 645 2418 indicantur,
664 2370 759 2407 conf.

105 2427 136 2474 Ι,
159 2427 250 2469 142.

163 2534 230 2575 καὶ
250 2539 324 2576 τοῦ
341 2533 520 2588 ούρανοῦ
537 2533 670 2590 τῇμὲν
682 2538 760 2575 νῦν

109 2591 133 2633 ό
155 2591 296 2643 βορέης
315 2608 349 2630 κ.
360 2607 389 2630 τ.
409 2592 463 2643 L]
488 2594 590 2630 Bene
603 2593 658 2628 hic
675 2605 761 2641 par-

107 2648 235 2686 ticulae
268 2649 333 2685 sibi
356 2649 506 2685 invicem
535 2649 571 2684 in
595 2648 760 2685 oratione

106 2705 295 2742 bimembri
329 2705 573 2753 respondent3
606 2716 689 2739 nam
722 2703 758 2740 in

104 2761 216 2811 priori
239 2764 277 2796 ut
302 2762 353 2813 τῇ
373 2756 443 2809 μὲν
467 2764 502 2797 et
529 2755 649 2812 ταύτῃ
675 2756 758 2808 μὲν,

105 2817 156 2853 ita
178 2817 213 2852 in
236 2816 426 2865 posteriori
447 2818 494 2868 τῇ
515 2812 555 2853 δὲ
576 2819 759 2865 ponuntur

106 2876 143 2909 et
185 2867 305 2926 ταύτῃ
343 2869 407 2919 δὲ,
448 2872 566 2919 confi,
615 2874 759 2921 praeter

682 1217 766 1269 Τῆς
807 1212 943 1270 αὔρης
983 1213 1029 1257 δὲ
1063 1213 1180 1267 πέρι,
1229 1211 1295 1256 ὅτι
1334 1211 1417 1256 οὐκ
1473 1221 1749 1282 fflffiemvffffigg

1471 1288 1634 1323 exspirare.

826 1475 1010 1512 Schaefer.
1030 1474 1066 1510 in
1085 1473 1226 1511 Melett.
1243 1474 1332 1510 critt.
1346 1488 1381 1524 p.
1397 1477 1475 1515 111

825 1536 901 1568 not.
921 1536 957 1569 et
983 1531 1138 1568 WVerser.
1159 1530 1196 1566 in
1222 1528 1316 1566 Actt.
1343 1530 1477 1579 philoll.

825 1587 988 1624 Monacc.
1012 1587 1049 1633 Ι,
1081 1589 1102 1626 1
1124 1599 1208 1635 pag.
1234 1588 1309 1632 90,
1346 1586 1476 1622 Matth.

828 1645 893 1681 Gr.
906 1645 971 1680 Gr.
985 1656 1071 1694 pag.
1093 1644 1211 1683 1263.
1243 1642 1356 1678 Simili
1368 1643 1477 1679 modo

824 1701 861 1736 in
874 1713 975 1748 seqq.
994 1699 1172 1749 duplicem
1183 1698 1381 1735 invenimus
1394 1711 1480 1748 par-

825 1756 968 1793 ticulam
993 1751 1062 1801 ἂν,
1091 1767 1186 1803 quae
1208 1754 1319 1791 altero
1335 1754 1413 1791 loco
1429 1754 1478 1790 ad

826 1812 943 1861 ipsum
970 1810 1219 1859 participium,
1258 1809 1370 1846 altero
1398 1809 1477 1846 loco

827 1867 874 1903 ad
894 1867 1040 1903 verbum
1064 1866 1203 1901 finitum
1228 1865 1352 1901 referri
1371 1869 1479 1914 pote-

825 1924 882 1969 rit,
911 1922 1063 1958 docente
1085 1921 1214 1958 eodem
1226 1920 1394 1957 Wersero
1412 1920 1435 1958 l.
1451 1920 1475 1958 l.

825 1978 855 2026 Ι,
879 1981 904 2018 2
930 1990 1016 2028 pag.
1038 1976 1130 2017 250.

883 2055 1077 2107 διεξιόντα
1101 2055 1141 2098 δ’
1166 2056 1217 2098 ἄν
1237 2075 1304 2110 μιν
1323 2074 1358 2097 κ.
1375 2073 1406 2097 τ.
1427 2057 1475 2109 λ.]

825 2114 884 2153 Ad
916 2116 1025 2153 solem
1050 2116 1139 2153 haec
1165 2116 1380 2162 referenda,
1415 2116 1477 2164 qui

827 2172 890 2219 (ex
903 2173 1081 2209 Herodoti
1094 2172 1234 2220 mente)
1258 2173 1287 2208 si
1303 2172 1347 2208 ab
1363 2170 1475 2208 altera

824 2233 929 2278 parte
946 2228 1131 2277 Europam
1153 2241 1295 2264 omnem
1313 2239 1478 2277 permea-

826 2289 881 2321 ret
920 2283 979 2331 (ut
1007 2297 1101 2320 nunc
1135 2297 1183 2320 sc.
1212 2283 1367 2332 Libyam
1392 2295 1477 2332 per-

826 2341 964 2387 meat),
993 2340 1090 2376 idem
1120 2340 1157 2375 in
1184 2339 1276 2375 Istro
1304 2339 1475 2384 efficeret,

827 2397 927 2445 quod
947 2408 1042 2432 nunc
1064 2396 1100 2431 in
1121 2394 1207 2432 Nilo
1233 2395 1354 2432 efficit.

1005 2506 1036 2543 C
1049 2519 1069 2544 a
1081 2519 1118 2557 p.
1148 2505 1300 2543 XXVII.

886 2589 939 2637 ὥς
957 2585 1081 2640 κάρτα
1111 2585 1188 2628 cino*
1214 2589 1378 2638 θερμῶν
1402 2603 1472 2638 χω-

827 2645 926 2695 ρέων
945 2662 978 2685 κ.
1001 2662 1031 2684 τ.
1053 2644 1107 2695 L]
1139 2646 1246 2682 Conf.
1267 2645 1312 2691 Il,
1338 2647 1388 2685 19
1412 2645 1474 2681 fin.

827 2704 918 2739 Cum
937 2703 1126 2740 Herodoto
1147 2702 1182 2737 in
1194 2702 1247 2737 his
1263 2700 1476 2737 conveniunt

826 2759 961 2795 Plinius
980 2759 1027 2794 H.
1049 2757 1096 2794 N.
1122 2757 1177 2804 V,
1209 2759 1247 2797 9.
1289 2756 1473 2793 Diodorus

825 2815 963 2851 Siculus
987 2814 1014 2860 Ι,
1036 2815 1112 2860 38,
1142 2812 1223 2859 alii,
1254 2825 1345 2860 quos
1365 2812 1477 2849 inter-

824 2875 944 2920 pretes
967 2871 1013 2906 ad
1037 2869 1071 2906 ll.
1091 2869 1113 2906 l.
1137 2869 1317 2905 adiiciunt.

1161 2925 1257 2964 34*

1286 426 1345 468 Εἰ
1374 425 1420 469 δὲ
1478 428 1636 469 coru-versio
1673 431 1751 459 caeli

1475 464 1666 498 temonibus,
1692 464 1751 490 Da-

1476 496 1566 523 nnbio
1576 497 1653 524 idem
1660 505 1751 526 evcn-

1475 533 1582 558 turum.
