1877 3223
683 226 979 267 CL10.1.

1370 232 1451 271 227

176 343 232 389 3„
243 352 310 379 τοι
339 335 541 391 γενέσθαι
569 339 851 391 παραυτίκα.“
884 336 932 381 Ὁ
960 337 1006 381 δὲ
1035 335 1146 381 effus·
1188 331 1273 389 »Ὦ
1303 338 1449 383 δέσπο-

201 449 225 468 ,,
236 432 310 470 τα,
341 413 471 467 ἐάσας
500 432 550 472 με
579 420 721 472 χαριεῖ
745 415 930 472 μάλιστα
959 416 1036 460 τόν
1064 415 1172 460 θεὸν
1196 420 1284 460 τῶν
1308 417 1450 474 Ἐλλή-

201 511 352 546 ,,νων,
392 493 470 538 τόν
498 496 673 551 ἐτίμησα
702 495 782 551 ἐγώ
812 500 931 539 θεῶν
959 495 1162 552 μάλιστα,
1193 496 1449 552 ἐπείρεσθαι,
1461 507 1504 540 60

202 575 464 629 ,,πε’μψαυτα
492 575 620 618 τάσδε
649 575 723 625 τὰς
750 576 902 628 πέδας,
955 577 991 618 εἰ
1027 576 1240 627 ἐξαπατᾶν
1268 576 1371 628 τούς
1400 570 1451 620 εὖ

173 659 228 707 4,,
241 658 471 705 ποιεῦντας
498 653 633 709 νόμος
662 653 750 697 ἔστι
780 671 802 698 ο

202 737 245 778 οἱ
279 739 410 778 τοῦτο
449 732 723 789 ἑπηγορεύων
763 733 1048 789 παραιτέοιτο.

143 907 293 958 perativi
306 908 423 944 forma
443 919 510 956 pro
538 904 662 946 αἶτέεο
675 937 685 954 ,
715 920 795 944 cum

144 963 355 1001 Herodotus
374 964 500 1000 Ionum
512 977 612 1001 more
629 965 664 1001 in
676 966 794 1002 verbis

142 1021 244 1070 puris
275 1020 430 1057 alterum
465 1023 483 1059 ἓ
513 1021 642 1058 eiicere
667 1021 793 1058 soleat.

143 1077 226 1113 Vid.
254 1076 384 1113 Matth.
416 1075 452 1127 ἓ.
479 1078 560 1117 205
593 1090 679 1127 pag.
700 1079 792 1119 379.

142 1132 242 1170 Male
283 1137 405 1170 autem
444 1137 552 1170 antea
588 1135 794 1171 scribebant

144 1204 168 1226 α
183 1188 286 1228 ’dv-50
298 1219 312 1237 ,
342 1194 491 1227 accentu
515 1194 679 1227 retracto.
715 1186 790 1240 τήν

142 1260 232 1283 τινα
250 1245 348 1282 haud
367 1259 489 1283 carere
509 1246 651 1282 videtur
671 1248 790 1297 suspi-

142 1301 266 1348 cione,
305 1314 383 1338 cum
401 1302 567 1351 nuspiam
588 1303 637 1338 ita
663 1303 791 1340 dixerit

138 1370 207 1407 pro
223 1353 390 1406 ἥντινα,
420 1370 487 1395 nec
518 1370 675 1406 unquam
702 1372 790 1408 pro-

139 1425 272 1450 nomen
293 1409 513 1461 hocfo'ong)
533 1419 790 1453 aconsonante

138 1483 160 1507 τ
179 1469 393 1506 exordiatur.
417 1470 790 1519 QuapropterStruve

140 1524 293 1568 Quaest.
325 1525 504 1562 Herodot.
531 1526 637 1576 Spec.
665 1540 702 1576 p.
734 1527 788 1568 48

139 1581 219 1618 coll.
246 1581 300 1622 46
329 1582 436 1619 scribi
470 1582 569 1619 iubet
598 1578 652 1633 ἥν
683 1597 786 1630 τινα,

139 1637 239 1686 quod
259 1637 357 1675 haud
392 1642 575 1683 cunctatus
603 1640 789 1689 reposuis-

140 1706 241 1740 sem,
269 1695 378 1730 modo
404 1695 441 1730 in
465 1707 538 1731 uno
568 1695 788 1733 invenissem

140 1748 232 1785 libro
250 1750 396 1798 scripto.
436 1750 545 1787 Conf.
567 1751 601 1797 I,
623 1754 687 1792 98.
725 1753 791 1789 Bi-

140 1805 178 1841 ni
197 1805 306 1841 modo
324 1805 405 1842 libri
429 1806 485 1842 hic
505 1807 673 1844 omittunt
697 1803 788 1858 τήν.

140 1881 196 1888 -
235 1860 277 1897 In
318 1862 481 1911 proxime
520 1875 623 1910 seqq.
666 1866 796 1915 χαριεῖ

141 1929 220 1953 cum
250 1921 398 1954 recentt.
433 1918 516 1955 edd.
551 1920 791 1968 reposuimus,

140 1973 390 2011 addicentibus
411 1973 580 2010 Mediceo
613 1978 650 2011 et
667 1975 794 2012 Schel-

139 2028 389 2067 lershemiano.
451 2029 575 2066 Minus
606 2030 700 2068 bene
731 2031 791 2068 alii

139 2084 248 2133 vulgo
272 2087 421 2140 χαριῇ.

194 2140 250 2180 ἐπ
262 2156 351 2192 ny«)
364 2157 383 2192 ρ
397 2137 449 2180 δυ’
461 2156 524 2180 ων
571 2140 793 2193 παραιτέοι-

137 2199 205 2242 το]
245 2197 611 2236 Schellershemianus
641 2197 790 2250 ’ὑπηγο-

140 2248 284 2304 ρεύων.
345 2255 571 2304 Utrumque,
616 2256 715 2304 quod
742 2255 791 2291 ad

139 2310 352 2359 scripturam
366 2311 506 2357 attinet,
523 2311 705 2360 improbat
714 2310 791 2348 Lo-

138 2365 242 2403 beck.
264 2366 313 2403 ad
329 2367 520 2415 Phrynich.
550 2381 586 2417 p.
606 2370 712 2414 702,
752 2368 790 2405 in

140 2419 271 2469 longae
298 2423 432 2460 vocalis
462 2423 527 2473 (η)
557 2423 676 2460 locum
703 2424 790 2460 sub-

141 2477 360 2515 stituendum
382 2479 527 2517 brevem
550 2480 790 2529 praecipiens,

141 2545 219 2568 cum
243 2532 302 2569 illa
321 2535 360 2571 in
377 2535 421 2570 iis
433 2540 572 2572 tantuin
583 2537 789 2572 necessario

140 2589 319 2625 servanda
347 2591 414 2637 sit,
458 2604 552 2639 quae
588 2591 788 2628 thematicis

140 2645 310 2692 perfectis
342 2647 517 2684 affinitate
547 2647 677 2684 innexa
708 2648 790 2684 sint.

139 2700 236 2736 Hine
272 2697 526 2753 ἐπαγορεύων
577 2703 707 2739 rectius
747 2717 790 2740 ex

139 2755 231 2792 illius
243 2757 309 2793 viri
329 2760 509 2796 sententia
526 2759 594 2795 hoc
612 2758 692 2795 loco
702 2759 790 2796 scri-

142 2811 257 2848 betur.

197 2869 370 2919 Κροῖσος
412 2868 454 2910 δέ
486 2870 527 2911 οἱ
551 2865 789 2923 ἐπανηλὸ-

811 657 861 678 ‘46

920 658 1066 709 Κῦρος
1105 655 1150 698 δὲ
1179 657 1315 710 εἴρετο
1348 654 1374 699 ὅ
1405 672 1446 698 τι

1106 737 1297 790 Κροῖσος
1331 734 1377 778 δέ
1407 736 1450 778 οἵ

861 923 885 960 y
898 922 922 957 η
937 919 984 947 σε
1008 910 1140 948 πᾶσαν
1159 905 1233 960 τὴν
1248 907 1399 948 ἑωυτοῦ
1419 904 1505 947 διὰ-

863 963 1002 1015 νοιαν]
1024 965 1096 1002 Pro
1116 961 1397 1019 ἐπανηλόγησε,
1407 965 1506 1014 quod

862 1034 988 1059 omnes
1009 1021 1088 1058 libri
1111 1023 1299 1072 praebent,
1327 1023 1392 1059 viri
1410 1021 1505 1058 docti

860 1076 1094 1127 Leopardus,
1106 1077 1379 1125 Valckenarius,
1395 1076 1504 1115 WVes-

862 1133 1035 1182 selingius
1064 1134 1173 1170 scribi
1203 1135 1329 1172 iubent
1355 1133 1506 1173 ἐπαλιλ-

857 1185 998 1241 λόγησε
1017 1190 1057 1238 (i.
1080 1203 1111 1227 e.
1138 1193 1296 1240 repetiit,
1325 1190 1506 1240 eademque

856 1248 935 1295 ipsa
953 1249 1123 1296 exposuit,
1143 1260 1235 1296 quae
1257 1247 1388 1285 scilicet
1408 1246 1435 1293 Ι,
1453 1249 1503 1286 37

856 1316 968 1352 supra
988 1304 1151 1352 exposita
1168 1302 1356 1352 leguntur)
1380 1315 1401 1340 e
1420 1302 1506 1339 Pol-

855 1358 923 1395 luc.
956 1359 1179 1395 Onomastic.
1216 1359 1273 1405 ΙΙ,
1306 1362 1407 1405 120,
1446 1358 1507 1395 ubi

856 1418 978 1450 tamen
1000 1414 1079 1450 libri
1097 1415 1331 1464 manuscripti
1347 1413 1508 1450 nonnihil

856 1470 1007 1506 variant.
1037 1469 1158 1519 Atque
1180 1471 1278 1520 apud
1298 1470 1416 1520 ipsum
1430 1470 1508 1507 He-

856 1527 1025 1563 rodotum
1046 1526 1082 1572 Ι,
1116 1527 1195 1566 118
1218 1530 1336 1563 exstat
1356 1525 1507 1565 ἐπαλιλ-

857 1579 1010 1633 λόγητο.
1069 1581 1236 1630 Longius
1265 1583 1390 1632 utique
1416 1595 1439 1620 a
1466 1582 1509 1619 li-

857 1639 1004 1675 brorum
1024 1638 1177 1676 lectione
1205 1640 1340 1676 recedit
1355 1638 1510 1678 ἐπαντι-

856 1690 1021 1746 λόγησε,
1054 1699 1094 1731 ut
1118 1695 1284 1743 Heringa
1305 1696 1508 1733 restitutum

856 1751 1010 1788 volebat.
1106 1751 1323 1788 Schaeferus
1372 1752 1509 1801 recepit

857 1801 1160 1858 ἐπαλλιλόγησε,
1180 1808 1280 1855 quod
1301 1808 1408 1844 etiam
1422 1807 1510 1843 Phi-

857 1862 950 1898 lonis
973 1862 1051 1900 loco
1072 1864 1118 1899 de
1137 1864 1299 1899 fortitud.
1312 1875 1397 1911 pag.
1408 1864 1506 1909 738,

857 1917 892 1955 D
911 1919 1068 1967 probare
1092 1919 1280 1954 studuerat
1305 1917 1508 1955 W'Vesselin-

859 1973 950 2021 gius.
961 1973 1052 2010 Post
1058 1973 1226 2021 vulgatae
1235 1973 1397 2010 lectionis
1410 1986 1509 2011 acer-

858 2030 969 2066 rimus
996 2030 1167 2066 defensor
1186 2029 1322 2066 exstitit
1347 2030 1509 2078 Scweig-

858 2085 1079 2133 haeuserus,
1117 2085 1359 2135 reprehensus
1387 2090 1510 2123 tamen

859 2154 881 2178 a
910 2155 1060 2179 censore
1098 2142 1134 2178 in
1178 2140 1334 2191 Ephem.
1385 2141 1510 2180 Ienen.

861 2200 968 2239 1817
990 2211 1043 2234 nr.
1065 2196 1143 2238 165
1162 2198 1292 2247 p.381
1317 2210 1394 2246 seq.
1423 2201 1460 2234 et
1487 2210 1511 2235 a

857 2252 1046 2291 Lobeckio
1069 2254 1116 2290 ad
1132 2253 1322 2300 Phrynich.
1353 2267 1389 2303 p.
1412 2254 1508 2300 703,

858 2314 897 2346 ut
916 2310 978 2358 qui
1005 2310 1102 2346 varia
1123 2309 1382 2346 commiscuerit
1409 2321 1511 2346 erro-

858 2378 990 2414 resque
1009 2365 1259 2411 cumulaverit,
1278 2378 1358 2402 cum
1376 2365 1423 2402 ad
1434 2364 1510 2401 vul-

858 2426 981 2471 gatam
1020 2422 1192 2458 tuendam
1225 2421 1334 2457 modo
1368 2419 1508 2474 ἐπηγο-

858 2473 990 2529 ρεύειν
1012 2482 1206 2527 componat
1231 2489 1312 2514 cum
1338 2480 1510 2528 κατηλο-

857 2538 962 2588 γεῖν,
992 2535 1102 2571 modo
1122 2536 1351 2584 κατηγορεῖν
1363 2546 1430 2583 pro
1441 2548 1511 2572 κα·

857 2594 1037 2642 ταγορεῖυ
1084 2589 1252 2638 usurpari
1303 2590 1508 2627 contendat.

856 2647 937 2684 Nec
957 2647 1041 2683 mihi
1052 2645 1431 2693 Schweighaeuserum
1451 2658 1510 2683 sa-

856 2703 903 2740 tis
949 2704 1081 2739 fecisse
1121 2702 1278 2750 ingenue
1318 2702 1508 2745 confite0r;

856 2772 934 2795 cum
960 2758 1172 2794 Gaisfordio
1190 2762 1312 2794 tamen
1330 2759 1368 2794 in
1385 2757 1509 2795 lectio-

854 2827 902 2852 ne
922 2814 1070 2862 vulgata
1086 2814 1399 2862 adquiescendum
1425 2826 1510 2851 cen-

856 2871 923 2920 sui,
945 2871 1030 2909 dum
1049 2869 1197 2909 meliora
1217 2870 1382 2909 edocear.
1415 2869 1510 2907 Sen-

1147 2925 1239 2966 15*
