1877 3223
412 221 494 260 188

805 221 1270 262 HERODOTI

380 327 497 373 4σοέν
523 346 567 374 τε
595 329 842 387 ἐκμαθὲειν,
871 331 946 375 καὶ
972 331 1054 388 τήν
1081 331 1235 389 τέχνην
1262 335 1352 375 τῶν
1379 331 1527 386 τόξων.
1558 334 1689 390 xpo-1

410 424 494 452 νου
524 409 569 453 δὲ
597 409 859 465 γενομένου,
900 410 976 453 καὶ
1006 412 1088 455 αἰεὶ
1125 410 1395 468 φοιτεόντων
1431 416 1519 456 τῶν
1547 417 1661 455 Σκυ-

409 488 525 531 θέων
554 486 614 532 ἐπ’
645 487 804 546 ἄγρην,
860 491 934 535 καὶ
973 492 1056 534 αἰεί
1083 507 1125 534 τι
1151 487 1401 546 φερόντων,
1452 492 1525 534 καί
1564 507 1662 534 κοτε

408 565 632 623 συνήνεικε
660 566 772 611 ἑλεῖν
801 580 936 625 σφεας
964 570 1120 626 μηδέν·
1169 567 1462 624 νοστήσαντας
1501 568 1546 612 δε
1587 567 1662 612 αὕ-

407 645 512 696 τούς
542 649 709 702 κεινῇσι
733 649 871 703 χερσὶ,
912 647 936 692 ὁ
964 646 1200 735 Κυαξάρης
1238 641 1319 703 (ἠν
1347 646 1453 702 γὰρ,
1488 663 1547 698 ως
1577 646 1655 690 διέ-
1667 655 1689 689 5

408 725 522 776 aege,
549 722 687 780 ὀργὴν
706 724 857 785 ἄκρος)
888 704 1075 784 τρηχέως
1101 727 1237 782 κάρτα
1263 726 1461 779 περιέσπε
1483 725 1659 782 ἀεικείῃ.

377 804 457 846 5οἱ
484 803 551 855 δὲ,
580 806 717 847 ταῦτα
744 805 854 860 πρός
882 806 1120 861 Κυαξάρεω
1148 803 1387 856 παθόντες,
1413 804 1520 848 ὥστε
1549 802 1659 848 ἀνά-

406 883 475 935 ξια
508 880 654 939 σφέων
683 881 830 927 αὐτῶν
857 884 1147 936 πεπονθότες,
1179 883 1445 941 ἐβούλευσαν
1473 887 1561 927 τῶν
1583 899 1659 927 πα-

406 960 460 1016 ρὰ
508 963 632 1018 σφίσι
683 963 1008 1020 διδασκομένων
1063 965 1232 1008 παίδων
1274 963 1351 1007 ἕνα
1387 962 1654 1016 κατακόψαι·

345 1198 416 1230 τας
436 1181 564 1231 ἷκὲτας
582 1183 805 1220 illustrantur
826 1183 882 1231 iis,
899 1196 992 1234 quae

345 1242 394 1278 ad
414 1240 447 1287 Ι,
467 1242 520 1282 35
542 1254 646 1289 seqq.
666 1244 790 1277 notata
811 1245 905 1278 sunt.

399 1294 467 1334 καὶ
484 1293 559 1346 τήν
587 1295 724 1346 τέχνην
753 1299 832 1335 τῶν
853 1292 990 1348 τόξων]

344 1352 394 1389 Et
419 1353 576 1401 Scythae
614 1357 650 1390 et
676 1352 811 1391 Persae
855 1354 992 1402 (quam

343 1413 532 1456 utramque
576 1409 771 1444 nomadum
825 1409 991 1458 primitus

343 1464 457 1501 fuisse
485 1464 594 1501 Asiae
636 1468 782 1512 gentem
830 1466 991 1513 constat)

342 1533 410 1570 per
423 1524 537 1556 totam
556 1521 804 1569 antiquitatem
833 1521 991 1558 celebres

342 1580 421 1613 arte
438 1588 582 1612 arcuum
595 1576 876 1614 tractandorum.
908 1578 991 1620 Qua

343 1632 391 1669 de
420 1644 460 1668 re
482 1632 636 1668 sufficiat
659 1632 837 1670 indicasse
858 1634 990 1681 prima-

341 1688 414 1725 rios
444 1686 571 1724 Nostri
598 1688 719 1735 locos,
762 1690 859 1726 unde
886 1689 989 1726 huius

340 1744 428 1780 artis
455 1744 508 1779 vis
543 1757 584 1781 ac
608 1745 708 1780 notio
733 1746 831 1794 apud
854 1748 990 1782 utram-

341 1812 413 1848 que
437 1803 583 1847 gentem
622 1799 781 1837 eluceat:
820 1800 890 1847 111,
922 1804 987 1842 21.

340 1859 395 1897 22
415 1855 493 1891 coll.
523 1855 585 1903 IV,
614 1857 704 1897 131.
728 1858 818 1897 132.
842 1856 990 1894 Ctesiae

340 1909 509 1960 Excerpt.
538 1911 641 1949 Pers.
674 1914 737 1952 17.
794 1911 853 1949 De
873 1916 990 1950 tesse-

339 1967 433 2003 raria
463 1979 565 2004 arcus
592 1967 741 2006 notione
770 1967 857 2005 alibi
892 1969 990 2007 dice-

338 2035 430 2060 mus.

394 2073 447 2130 ἧν
465 2075 604 2131 γᾶρ-
624 2074 784 2131 ὀργῆν
814 2076 988 2133 ἄκρος]

338 2135 362 2172 i.
382 2148 413 2173 e.
443 2139 518 2172 erat
545 2138 634 2173 enim
670 2139 786 2173 animo
816 2137 988 2175 iracundo

339 2191 415 2229 sive
436 2192 483 2228 acl
503 2194 593 2229 iram
605 2195 758 2242 pronior.
800 2192 856 2229 lta
876 2193 986 2231 W'es-

338 2248 535 2296 selingius‚
572 2249 635 2297 qui
667 2249 809 2287 dicendi
848 2250 985 2286 formu-

337 2303 408 2340 lam
427 2304 504 2340 aliis
522 2304 696 2355 exemplis
715 2305 893 2355 Appiani,
921 2319 985 2344 ae-

337 2360 423 2397 muli
447 2360 670 2408 Herodotei,
709 2361 876 2399 illustrat.
932 2362 984 2399 Et

337 2420 503 2465 pugnant
521 2421 594 2454 tres
626 2417 706 2454 libri
737 2417 890 2455 Parisini
914 2431 982 2468 pro

337 2471 405 2508 hac
439 2471 591 2510 lectione
634 2474 787 2524 ipsaque
825 2474 983 2523 denique

337 2528 439 2564 ratio.
508 2528 628 2577 Vulgo
657 2525 778 2581 ὀργην
816 2525 908 2568 ov’n
939 2526 982 2568 ἅ-

337 2596 454 2633 κρος,
518 2558 616 2633 quood
658 2590 777 2624 tuetur
820 2585 981 2633 Coraes,

336 2650 459 2676 vocem
481 2634 602 2691 όργήν
627 2642 807 2692 explicans
829 2637 979 2692 ψυχὴν,

337 2693 586 2745 hominemque
625 2698 828 2747 intelligens
858 2697 983 2748 pusilli

336 2752 490 2799 ingenie}
517 2752 572 2788 cui
595 2754 816 2802 suffragatur
838 2754 884 2791 W
888 2755 981 2792 erfe-

338 2819 398 2843 rus
435 2807 472 2843 in
510 2807 604 2845 Actt.
641 2809 740 2859 phill.
776 2808 939 2848 Monacc.
962 2808 981 2847 I

337 2876 373 2914 p.
393 2865 447 2905 77
469 2876 547 2913 seq.
568 2877 771 2915 exponens:
810 2878 876 2904 non
891 2866 982 2904 bona

1059 1187 1092 1221 et
1124 1197 1291 1234 generosa
1323 1182 1458 1232 indole,
1498 1195 1578 1221 cum
1615 1176 1711 1234 ὀργὴ

1059 1241 1223 1291 inprimis
1245 1241 1342 1291 apud
1364 1241 1502 1277 Ionicos
1524 1244 1561 1278 et
1583 1243 1711 1290 poetas

1058 1299 1229 1347 frequens
1258 1298 1324 1334 sit:
1369 1299 1570 1345 ingenium,
1610 1295 1711 1333 inclo-

1059 1353 1129 1400 les,
1174 1358 1210 1391 et
1243 1350 1364 1404 ἄκρος
1399 1353 1497 1402 apud
1534 1352 1710 1389 Nostrum

1061 1423 1205 1459 semper
1232 1410 1336 1456 bono,
1367 1422 1440 1445 non
1467 1408 1558 1445 malo
1585 1420 1709 1445 occur-

1061 1470 1117 1502 rat
1136 1479 1246 1502 sensu.
1277 1466 1353 1501 Sed
1378 1466 1562 1512 confiteor,
1584 1464 1707 1500 huius-

1060 1523 1159 1558 modi
1198 1521 1534 1570 interpretationes,
1583 1520 1638 1557 vel
1677 1520 1708 1557 si

1059 1578 1165 1615 docte
1183 1578 1443 1624 defendantur,
1462 1577 1579 1625 magis
1595 1589 1709 1625 quae-

1059 1634 1146 1671 sitas
1177 1634 1261 1671 mihi
1307 1634 1420 1670 xideri
1461 1646 1569 1682 quam
1601 1645 1706 1670 veras

1057 1690 1333 1755 simplicesque.
1364 1689 1481 1726 Alium
1501 1689 1616 1726 virum
1639 1689 1707 1725 do-

1056 1751 1172 1793 ctum,
1219 1746 1280 1794 qui
1315 1740 1434 1796 ὀργὴν
1472 1759 1545 1783 ουκ
1586 1742 1708 1796 α’κρος

1057 1802 1275 1867 explicabat:
1310 1814 1402 1838 tram
1450 1813 1517 1838 mm
1557 1804 1705 1848 vincens,

1056 1860 1131 1895 irae
1149 1870 1215 1893 non
1237 1860 1447 1907 temperans,
1478 1857 1566 1893 satis
1596 1871 1616 1895 e
1635 1857 1704 1894 lin-

1058 1926 1152 1963 guae
1161 1914 1357 1950 rationibus
1368 1913 1702 1962 refutavitSchwgh.

1057 1970 1141 2008 Hoc
1159 1970 1252 2007 enim
1277 1971 1373 2007 foret
1393 1970 1554 2008 Graece:
1585 1965 1704 2023 ὀργῆς

1059 2022 1132 2066 οὐκ
1154 2021 1356 2079 ἐγκρατης.
1415 2025 1525 2063 Unde
1547 2039 1627 2063 cum
1646 2039 1704 2064 re-

1058 2087 1166 2121 centt.
1198 2083 1298 2120 editt.
1311 2111 1323 2130 ,
1349 2082 1527 2132 probante
1555 2095 1702 2131 quoque

1057 2139 1261 2176 Blomsield.
1290 2138 1326 2174 in
1354 2137 1517 2174 Glossar.
1548 2139 1595 2174 ad
1625 2138 1700 2175 Ae-

1053 2194 1163 2243 schyl.
1193 2194 1295 2231 Pers.
1322 2207 1375 2230 vs.
1409 2193 1510 2239 140,
1550 2193 1698 2231 retinui-

1050 2263 1129 2287 mus
1147 2250 1334 2287 lectionem
1351 2248 1399 2285 W
1403 2248 1695 2297 esselingianam

1049 2327 1106 2337 ο-
1123 2305 1182 2342 Ad
1208 2301 1356 2359 αεικείῃ
1376 2306 1470 2342 cons.
1490 2305 1526 2352 1,
1547 2306 1611 2346 54

1104 2346 1346 2412 ἐβούλευσαν
1365 2363 1474 2399 τῶν
1463 2375 1571 2412 παρα
1563 2358 1697 2411 σφίσι

1050 2433 1085 2457 κ.
1104 2432 1136 2456 τ.
1153 2416 1201 2468 λ.]
1242 2418 1359 2466 Vulgo
1395 2413 1695 2466 ἐβουλεύσαντο.

1050 2474 1126 2512 Sed
1146 2474 1299 2521 Medic„
1328 2473 1614 2522 Schellershem.²
1636 2474 1696 2512 alii

1046 2529 1228 2580 plerique:
1258 2526 1516 2581 ἐβούλευσαν,
1536 2531 1636 2580 quod
1655 2535 1696 2569 ut

1047 2588 1273 2636 praeferrent
1288 2586 1489 2634 Schweigh.
1512 2591 1547 2624 et
1560 2586 1694 2635 Gaisfi,

1047 2642 1163 2679 suasit
1178 2655 1324 2692 quoque
1346 2655 1432 2678 usus
1448 2641 1691 2681 Herodoteus.

1048 2696 1145 2734 Nam
1161 2699 1212 2735 uti
1232 2700 1438 2747 frequenter
1457 2698 1584 2735 dicitur
1600 2699 1691 2749 βου-

1047 2750 1233 2793 &issaar
1275 2753 1490 2792 deliberandi
1529 2755 1690 2803 notione,

1047 2810 1097 2846 ita
1120 2811 1320 2860 promiscue
1345 2811 1439 2848 hunc
1477 2811 1688 2862 scriptorem

1048 2870 1084 2904 et
1100 2867 1222 2905 medio
1241 2871 1278 2905 et
1305 2867 1421 2905 activo
1449 2867 1557 2905 verbo
1583 2870 1686 2904 uten-
