1909 3228
400 229 674 267 EXCURSUS
706 230 751 267 Vl
780 228 848 268 AD
881 226 1147 267 HERODOT.
1175 226 1230 275 ll,
1262 225 1328 266 85.
1548 230 1632 268 909

574 789 1058 838 EXCURSUS
1114 790 1187 839 VI

344 902 467 942 AD
555 903 1412 951 HERono'r.11,85.

239 1154 296 1192 De
315 1157 529 1202 argumento
554 1153 658 1190 huius
676 1154 801 1203 capitis
824 1157 860 1190 et
884 1153 1110 1201 sequentium
1133 1153 1182 1191 ita
1209 1153 1378 1191 disseruit
1409 1150 1580 1190 Creuzer.
1598 1152 1635 1188 in

126 1226 334 1259 commentt.
354 1222 519 1259 Herodd.
538 1235 624 1271 pag.
646 1221 695 1262 14
715 1234 817 1270 seqq.
875 1251 899 1269 „
915 1221 1035 1258 Fidem
1053 1221 1226 1259 Herodoti
1242 1223 1553 1270 auctoritatemque
1570 1221 1639 1257 hoe

126 1291 162 1326 iu
183 1290 261 1326 loco
282 1291 331 1326 ita
348 1290 475 1327 definit
492 1290 657 1338 Heynius
678 1290 714 1326 in
733 1288 847 1339 spicil.
868 1294 941 1326 ant.
964 1302 1072 1326 miun.
1097 1303 1132 1340 p.
1157 1291 1231 1337 78,
1264 1293 1303 1325 ut
1330 1289 1399 1325 alia
1432 1302 1512 1326 eum
1542 1289 1637 1336 visu,

125 1357 195 1395 alia
225 1362 371 1394 narratu
402 1358 582 1407 accepisse
605 1358 712 1394 dicat.
764 1357 882 1400 Quem
910 1358 1092 1394 iudicandi
1119 1358 1266 1394 modum
1291 1358 1432 1394 excedit
1451 1357 1639 1395 Beckerus

126 1426 162 1462 in
180 1425 367 1474 August.l
398 1439 433 1475 p.
455 1428 480 1465 6
507 1439 605 1474 seq.,
634 1438 713 1462 cum
741 1424 970 1461 Herodotum
998 1425 1276 1473 Diodorumque
1300 1429 1413 1473 negat
1442 1424 1523 1474 plus
1549 1426 1640 1461 seire

119 1495 294 1542 potuisse,
328 1505 436 1541 quam
455 1493 551 1540 vulgi
573 1506 635 1529 ore
665 1494 830 1529 ferretur.
889 1492 931 1528 In
963 1505 1034 1541 qua
1062 1492 1208 1530 levitate
1238 1494 1348 1529 miror
1376 1493 1484 1530 etiam
1517 1492 1643 1540 Roye-

124 1562 216 1598 rium
242 1560 467 1610 deprehendi
486 1560 521 1595 in
542 1560 715 1610 descript.
738 1560 784 1596 de
803 1559 972 1609 l’Egypte
990 1561 1095 1596 mem.
1114 1560 1149 1596 X
1177 1572 1263 1610 pag.
1285 1562 1378 1600 208.
1437 1561 1514 1597 Sed
1543 1560 1642 1597 idem

126 1633 248 1665 tamen
267 1627 451 1676 aliquanto
471 1629 612 1664 cautior
628 1628 806 1678 reperitur
825 1628 941 1665 altero
961 1628 1040 1665 loco
1067 1641 1104 1677 p.
1123 1629 1216 1668 211.
1262 1627 1396 1675 Neque
1415 1631 1537 1664 tamen
1561 1628 1641 1678 ipse

126 1695 428 1733 Blumenbachius
446 1696 482 1732 in
512 1696 682 1744 symbolis
709 1696 908 1732 vernaculis
935 1696 982 1732 ad
1010 1696 1135 1732 histor.
1155 1698 1274 1731 natur.
1303 1694 1337 1731 ΙΙ
1368 1708 1453 1745 pag.
1475 1697 1552 1736 121
1582 1695 1640 1732 ed.

127 1764 228 1801 alter.
251 1776 325 1799 non
347 1767 498 1799 conatus
516 1767 571 1800 est
592 1764 847 1812 pronuntiare,
884 1776 978 1812 quae
1004 1764 1136 1800 utervis
1164 1776 1284 1799 rerum
1311 1763 1464 1812 scriptor
1492 1763 1539 1800 de
1561 1776 1643 1800 mu-

127 1833 206 1869 miis
233 1831 376 1876 tradat,
417 1831 506 1868 haec
537 1844 600 1867 eos
633 1844 706 1867 non
736 1836 813 1869 tam
843 1832 914 1868 suis
942 1832 1051 1881 ipsius
1078 1829 1189 1867 oculis
1220 1842 1437 1880 usurpasse,
1467 1842 1576 1878 quam
1597 1844 1641 1868 ex

128 1899 277 1936 aliorum
304 1899 570 1935 narrationibus
600 1898 774 1935 hausisse.
831 1898 1011 1936 Nimirum
1035 1898 1083 1934 illi
1111 1898 1176 1935 viri
1207 1897 1304 1933 docti
1330 1897 1499 1934 iudicium
1537 1911 1642 1935 suum

129 1969 177 2005 de
198 1968 325 2004 horum
355 1968 567 2017 scriptorum
594 1966 665 2002 fide
696 1980 912 2017 suspensum
942 1969 1124 2011 fecerant,
1154 1964 1212 2002 vel
1240 1965 1362 2014 potius
1386 1965 1504 2002 facere
1529 1966 1643 2003 debe-

129 2037 242 2083 bant,
272 2036 317 2072 ab
336 2047 456 2072 earum
475 2035 690 2070 mumiarum
711 2036 850 2071 ratione
864 2064 874 2081 ‚
901 2036 1025 2084 quales
1045 2034 1225 2082 hodieque
1246 2045 1314 2082 per
1328 2031 1499 2082 Europae
1516 2045 1642 2070 musea

131 2109 296 2142 servatae
316 2103 553 2152 reperiuntur.
612 2101 660 2137 At
680 2115 765 2138 vero
795 2102 983 2139 advertere
1005 2115 1072 2138 nos
1101 2101 1213 2138 debet
1242 2099 1554 2148 intelligentissimi
1584 2101 1643 2136 Io-

130 2172 246 2210 mardi
264 2171 444 2208 sententia
458 2200 468 2217 ,
499 2182 607 2219 quam
625 2169 682 2207 ille
703 2168 939 2219 pronuntiare
963 2182 1036 2205 non
1060 2170 1200 2206 dubitat
1218 2169 1254 2204 in
1277 2169 1390 2205 deser.
1411 2168 1458 2205 de
1481 2167 1642 2218 1’Egypt.

131 2241 269 2289 antiqq.
290 2239 323 2276 ΙΙ
345 2253 380 2289 p.
404 2239 508 2283 348,
540 2250 619 2274 cum
637 2238 743 2284 dicit,
773 2241 858 2273 ante
888 2237 1156 2286 expeditionem
1174 2235 1499 2283 Franeogallorum
1519 2235 1643 2284 Aegy·
1692 2250 1700 2261 .

131 2309 244 2358 ptiam
266 2306 400 2344 nemini
420 2309 585 2342 accurate
614 2306 798 2353 cognitam
825 2304 938 2341 fuisse
966 2304 1249 2341 condiendorum
1272 2303 1486 2339 cadaverum
1513 2307 1640 2349 artem,

133 2387 230 2424 quae
252 2374 351 2424 apud
370 2378 509 2410 veteres
532 2371 735 2422 Aegyptios
763 2372 936 2408 floruerit.
994 2372 1043 2408 Et
1070 2371 1195 2409 revera
1221 2369 1398 2420 quidquid
1427 2370 1641 2407 mumiarum

132 2441 333 2491 Europaeis
353 2440 556 2477 hominibu's
579 2440 696 2476 adhuc
713 2441 858 2476 obvium
878 2441 1016 2487 suerat,
1047 2440 1085 2476 id
1110 2451 1218 2476 omne
1246 2439 1322 2475 fere
1352 2449 1395 2474 ex
1418 2436 1641 2487 Memphitici

134 2509 212 2557 agri
235 2508 364 2545 finibus
386 2508 636 2557 Saccaraeque
658 2512 801 2544 erutum
829 2508 959 2544 suerat.
999 2507 1137 2543 Contra
1155 2506 1366 2543 Herodotus
1384 2503 1642 2553 Diodorusque

135 2576 335 2613 Thebaidis
354 2575 549 2613 incolarum
569 2574 789 2625 opulentiam
804 2579 840 2611 et
857 2578 1072 2624 apparatum
1091 2573 1244 2611 maxime
1264 2571 1466 2621 respexisse
1490 2572 1642 2623 putandi

136 2648 229 2680 sunt.

249 2709 337 2747 Non
362 2709 476 2745 maior
497 2710 719 2746 eruditorum
745 2708 928 2745 hominum
955 2720 1150 2744 consensus
1179 2707 1216 2743 in
1245 2705 1467 2756 explorandis
1495 2708 1631 2744 caussis

141 2790 229 2827 quae
243 2776 433 2826 Aegyptios
454 2778 716 2822 commoverint,
744 2779 785 2811 ut
808 2778 879 2811 tam
904 2788 1036 2824 operose
1065 2774 1242 2812 condirent
1269 2774 1510 2824 defunctorum
1534 2773 1641 2810 cada-

140 2857 233 2881 vera.
292 2843 389 2881 Nam
408 2844 563 2894 primum
579 2842 744 2893 Heynius
764 2842 786 2880 l.
805 2842 826 2880 l.
847 2856 882 2894 p.
900 2842 953 2883 75
975 2842 1096 2892 plures
1115 2843 1191 2880 eius
1207 2843 1363 2880 instituti
1387 2855 1534 2880 caussas
1555 2853 1642 2879 enu-
