1877 3223
685 217 977 261 CL10.1.
1380 221 1463 262 189

203 326 490 379 σκευάσαντες
520 326 567 372 δὲ
597 324 733 372 αὐτὸν
760 326 904 384 ὥσπερ
934 325 1130 372 ἐώθεσαν
1156 326 1303 372 καὶτὰ
1321 330 1459 385 θηρία
1474 336 1517 372 10

200 405 446 461 σκευάζειν,
501 404 722 463 Κυαξάρεϊ
758 409 915 450 δοῦναι
951 405 1177 463 φέροντες,
1229 405 1287 458 ὥς
1317 405 1459 464 ἄγρην

202 488 357 543 δῆθεν·

196 564 422 609 Ἀλυάττεα
448 565 526 609 τόν
554 565 812 609 Σαδυάττεω
843 565 885 616 ές
914 562 1096 619 Σάρδις.
1134 568 1271 608 ταῦτα
1299 566 1371 609 καὶ
1402 565 1456 622 δή

417 485 565 537 δόντες
604 486 670 538 δὲ,
710 484 790 542 τήν
828 486 1032 542 ταχίστην
1058 486 1311 542 κομίζεσθαι
1338 485 1458 542 παρὰ

174 645 384 700 6ἐγένετο.
442 645 514 688 καὶ
542 644 625 700 γὰρ
655 643 888 700 Κυαξάρης
931 645 1005 688 καὶ
1036 644 1079 687 οἱ
1106 644 1339 700 παρεόντες
1368 648 1458 690 δαι-

201 723 384 779 τυμόνες
419 727 508 766 τῶν
537 727 678 777 κρεῶν
707 722 877 766 τούτων
906 722 1146 768 ἐπάσαντο·
1176 726 1248 768 καὶ
1279 727 1322 768 οῖ
1341 723 1456 769 Σκύ-

201 808 278 846 θαι
307 805 441 844 ταῦτα
479 801 760 858 ποιήσαντες,
803 801 1031 846 Ἀλυάττεω
1070 803 1204 847 ἱκέται
1243 804 1456 859 ἐγένοντο.
1473 812 1513 847 15

1511 883 1629 912 Bellum
1666 888 1789 921 propter

1511 918 1637 953 Scythas
1677 920 1755 946 inter

1514 951 1676 986 Gyaxarem
1688 953 1788 985 etAly-

1512 990 1603 1012 attem
1628 986 1665 1012 ab
1684 994 1711 1013 a.
1736 987 1788 1013 590

1511 1018 1549 1045 ad
1567 1019 1633 1052 585,
1667 1028 1724 1055 quo
1742 1020 1788 1046 ul-

1511 1051 1582 1080 timo
1599 1061 1677 1081 anno
1693 1053 1741 1081 dic
1754 1054 1787 1081 28

66 866 143 911 '74
198 880 322 923 Μετὰ
352 881 559 925 δὲταῦτα
605 880 683 936 (οὐ
720 880 804 937 γὰρ
845 880 898 937 δὴ
935 881 959 925 ὁ
1002 880 1230 939 Ἀλυάττης
1265 884 1455 935 ἐξεδίδου

197 959 301 1010 τούς
331 959 514 1011 Σκύθας
554 961 782 1013 ἐξαιτέοντι
822 960 1067 1016 Κναξάρεϊ)
1118 963 1304 1019 πόλεμος
1343 968 1455 1007 τοῖσι

196 1041 382 1082 Λυδοῖσι
410 1040 480 1083 καὶ
509 1045 620 1084 τοῖσι
649 1038 845 1097 Μήδοισι
874 1039 1062 1096 ἐγεγόνεε
1091 1039 1154 1085 ἐπ’
1184 1042 1279 1086 ἔτεα
1307 1042 1452 1088 πέντε·

139 1239 212 1272 tem
232 1235 393 1272 videmus
429 1235 476 1283 (Ι,
493 1237 604 1284 120),
636 1235 704 1273 hoc
722 1248 790 1285 po-

138 1291 336 1337 tissimum,
368 1292 426 1328 ubi
456 1293 610 1329 indicat:
641 1305 676 1329 re
702 1292 789 1328 ‹leli-

136 1346 259 1383 berata
294 1347 488 1395 decernere,
536 1352 575 1384 ut
605 1348 680 1395 ΙΙΙ,
719 1348 786 1394 84,

136 1401 231 1439 alibi.
306 1404 402 1440 Hinc
434 1417 509 1440 non
548 1408 648 1451 erat,
687 1405 788 1452 quod

137 1458 279 1496 lectioni
310 1455 596 1509 ἐβουλεύσαντο
627 1460 786 1510 patroci-

136 1520 283 1552 naretur
307 1516 585 1565 W'esselingius.

193 1567 453 1619 σκευάσαντες
485 1570 527 1610 δὲ
550 1566 674 1611 αὐτὸν
694 1587 728 1610 κ.
751 1587 784 1610 τ.

136 1629 182 1672 λ.]
237 1628 423 1666 Pertinent
462 1629 551 1666 haec
597 1629 788 1678 participia

137 1679 395 1730 σκευάσαντες
417 1690 452 1722 et
474 1681 609 1732 δόντες
626 1698 705 1722 cum
727 1699 787 1723 se-

137 1741 331 1788 quentibus
378 1742 563 1777 infinitivis
620 1742 669 1778 ad
707 1754 788 1778 ver-

136 1795 221 1832 bum
241 1792 502 1846 ἐβούλευσαν,
533 1798 584 1833 ita
611 1801 650 1833 ut
670 1798 788 1834 nomi-

137 1853 278 1888 nativus
304 1854 481 1889 neminem
508 1853 695 1890 offendere
723 1854 789 1890 de-

138 1908 232 1945 beat.
261 1930 317 1935 ——
353 1908 412 1945 Ad
441 1909 550 1945 verba
580 1906 632 1954 ὥς
663 1906 788 1959 ἄγρην

137 1964 302 2015 δῆθεν
332 1964 417 2011 („ut
437 1964 556 2014 seram
587 1965 789 2000 scilicet

136 2021 180 2056 ab
201 2023 285 2069 ipsis
306 2023 492 2070 caJ)tam“)
523 2022 616 2057 conf.
638 2033 749 2070 supra
761 2021 789 2067 Ι,

136 2078 209 2117 59:
249 2076 291 2115 οἵ
319 2091 386 2126 μιν
423 2074 638 2115 ἐλαύνοντα
670 2076 708 2123 ἐς
739 2071 790 2114 ά-

136 2129 233 2185 γρόν
257 2128 454 2183 η’θέλεσαν
483 2128 674 2171 α’πολέσαι
713 2133 791 2182 δῆ-

135 2193 244 2227 θεν.
277 2188 340 2235 VI,
364 2191 398 2229 1.
418 2211 474 2216 —
497 2189 585 2225 Mox
604 2189 689 2225 dedi
709 2202 789 2226 cum

137 2244 253 2281 Gaisf.
277 2240 428 2284 τούτων
447 2258 514 2296 pro
536 2243 719 2293 τουτέων,
749 2250 788 2282 ut

136 2300 257 2350 vulgo.

313 2384 344 2421 c
357 2396 421 2435 ap.
450 2382 619 2422 LXXIV,

193 2463 612 2519 πόλεμος-ἐγεγόνεε
632 2461 690 2506 ἐπ’
703 2465 787 2506 ἔτεα

138 2519 278 2569 πέντε]
326 2523 381 2560 Ex
406 2523 548 2562 Volneii
587 2524 786 2561 rationibus

140 2578 272 2616 bellum
298 2583 413 2616 ortum
442 2584 498 2617 est
532 2582 612 2621 630
631 2593 662 2616 a.
685 2580 785 2628 Chr.‚

138 2634 277 2671 finitum
305 2647 400 2671 anno
425 2635 506 2676 625
538 2648 571 2672 3.
605 2635 711 2681 Chr.;
742 2649 786 2674 ex

137 2688 310 2728 Larcheri
364 2691 540 2728 sententia
604 2692 785 2741 inceptum

138 2748 222 2787 602
250 2758 281 2783 3.
315 2745 419 2793 Chr.‚
460 2747 599 2784 finitum
637 2747 717 2788 597
750 2761 783 2786 a.

138 2801 248 2846 Chr.;
279 2803 329 2838 ita
358 2806 397 2837 ut
414 2802 510 2839 illum
530 2803 560 2838 si
579 2816 784 2852 sequamur,

137 2856 223 2894 solis
243 2857 420 2906 defectio,
448 2858 495 2896 de
519 2871 592 2908 qua
614 2859 786 2898 Herodo-

857 1240 914 1273 tus
938 1237 1082 1284 scribit,
1113 1238 1282 1276 acciderit
1309 1250 1404 1275 anno
1426 1238 1508 1280 625

857 1305 889 1329 3.
917 1294 1003 1330 Chr.
1024 1307 1059 1330 n.
1089 1298 1124 1331 et
1142 1295 1286 1342 quidem
1314 1295 1419 1332 tertio
1449 1297 1509 1332 die

855 1348 1057 1394 Februarii,
1073 1350 1167 1386 hunc
1184 1351 1214 1385 si
1234 1351 1434 1397 audiamus,
1446 1364 1510 1389 ea-

856 1405 939 1440 dem
960 1405 1092 1441 ineidat
1103 1407 1140 1441 in
1160 1407 1381 1447 annum597
1393 1407 1509 1444 diem-

854 1473 925 1508 que
957 1461 1273 1499 undetricesimum
1297 1461 1375 1499 Iulii
1405 1476 1509 1500 men-

854 1517 917 1553 sis.
976 1517 1096 1560 Quam
1117 1519 1332 1555 sententiam
1354 1520 1509 1557 eandem

854 1572 1007 1622 amplexi
1041 1578 1144 1610 erant
1185 1574 1379 1622 Petavius,
1410 1575 1509 1612 Bou-

852 1629 994 1673 herius3
1037 1642 1058 1665 3
1079 1630 1210 1678 quibus
1240 1632 1290 1667 ita
1319 1632 1509 1669 discedunt

853 1685 932 1722 Des
965 1685 1139 1733 Vignoles
1181 1686 1430 1736 (Chronolog.
1462 1689 1510 1725 (lc

854 1741 959 1777 l'hist.
985 1743 1092 1778 saint.
1113 1742 1146 1778 II
1176 1756 1212 1792 p.
1234 1743 1336 1791 247)
1367 1749 1403 1781 et
1430 1744 1508 1781 Des

854 1797 1009 1834 Brosses
1039 1797 1171 1843 (Mem.
1197 1800 1243 1835 de
1276 1800 1412 1836 I'Acad.
1443 1801 1508 1837 des

854 1852 1019 1903 Inscript.
1040 1854 1150 1901 XXI,
1176 1856 1272 1902 33)·‚
1310 1859 1349 1891 ut
1373 1868 1509 1894 annum

857 1909 937 1948 585
962 1921 993 1944 3.
1012 1910 1098 1945 Chr.
1121 1922 1155 1945 n.
1184 1911 1352 1958 diemque
1369 1912 1510 1949 duode-

855 1964 1073 2000 tricesimum
1101 1965 1190 2001 Maii
1230 1971 1380 2014 ponant.
1437 1967 1508 2004 Alii

859 2020 906 2055 ad
956 2020 1108 2056 Plinium
1164 2034 1247 2058 sese
1303 2023 1507 2073 applicant,

859 2076 919 2123 qui
953 2076 1045 2112 hanc
1075 2077 1312 2114 defectionem
1358 2079 1504 2130 Olymp.

858 2131 1034 2178 XLVIII,
1052 2131 1078 2172 4
1100 2146 1127 2168 s.
1149 2133 1229 2174 585
1251 2146 1283 2169 a.
1308 2134 1392 2172 Chr.
1414 2137 1507 2173 acei-

858 2188 955 2224 disse
979 2188 1111 2225 scribat
1129 2189 1224 2225 Hist.
1252 2189 1339 2227 Nat.
1366 2191 1419 2238 II,
1453 2195 1506 2234 12

856 2248 942 2280 sect.
964 2246 1001 2284 9.
1059 2244 1319 2282 Astronomieis
1347 2248 1506 2297 denique

854 2301 1053 2336 rationibus
1079 2301 1305 2350 potissimum
1324 2305 1506 2351 commoti,

855 2360 1003 2393 nostrae
1048 2358 1176 2393 aetatis
1214 2359 1309 2395 docti
1344 2360 1431 2408 viri,
1466 2361 1503 2397 in

855 2413 983 2461 quibus
1010 2426 1118 2449 unum
1153 2414 1298 2452 nomino
1336 2416 1505 2453 Oltman-

854 2481 960 2516 num,
982 2469 1218 2507 defectionem
1233 2471 1414 2518 tricesimo
1434 2473 1504 2510 Se-

853 2525 1028 2576 ptembris
1058 2526 1117 2563 die
1142 2526 1226 2563 anni
1246 2529 1327 2568 609
1354 2529 1409 2567 vel
1434 2542 1504 2579 po-

855 2582 927 2617 tius
946 2583 1027 2622 610
1049 2582 1245 2631 contigisse
1261 2584 1396 2622 volunt.
1439 2585 1475 2623 T
1477 2599 1502 2622 u

854 2637 925 2674 vid.
947 2637 1103 2674 Schultz.
1123 2638 1160 2675 in
1183 2637 1319 2690 Appar.
1340 2643 1415 2679 crit.
1433 2645 1501 2679 etc.

852 2706 938 2744 pag.
963 2696 1017 2734 20
1036 2707 1112 2743 seq.
1140 2695 1390 2746 Adstipulatur
1409 2711 1503 2747 quo-

853 2762 925 2798 que
954 2749 1111 2797 Halma,
1149 2751 1203 2787 vir
1226 2752 1350 2790 harum
1381 2767 1500 2792 rerum

852 2805 1114 2855 peritissimus,
1142 2807 1179 2842 in
1204 2812 1294 2845 nott.
1323 2810 1371 2846 ad
1398 2811 1503 2846 chro-

852 2860 975 2910 nolog.
1007 2862 1056 2900 de
1092 2862 1277 2903 Ptoleme'e
1319 2866 1503 2904 troisieme
