1909 3228
102 385 170 414 Mas
173 321 367 420 Βειςείέιιξιὸ

103 428 139 448 cu
123 420 200 446 uultu
188 428 218 446 u:
243 427 316 446 auro
308 422 378 447 i-at

425 199 508 240 472

832 191 1295 233 HERoDoTl

536 304 817 359 Μασσαγέται
846 302 891 345 δὲ
936 299 1095 355 ἐσθῆτά
1132 316 1176 343 τε
1206 300 1362 355 ὁμοίην
1391 304 1443 357 τῇ
1473 304 1674 357 Σκυθικῇ

433 383 663 442 φορέουσι,
701 382 776 426 καὶ
805 383 973 424 δίαιταν
1002 379 1158 434 ἔχουσι.

1217 377 1393 422 ἱππόται
1423 381 1468 423 δέ
1497 382 1578 424 εἶσι
1605 380 1732 423 καὶδο

104 461 162 514 ΊἻζ
166 460 286 526 ιζ’ῗμ
285 453 377 515 „¹3¹¹”
349 490 381 514 a
431 464 633 509 ‹immon-
662 459 924 516 ἀμφοτέρων
952 457 1034 514 γὰρ
1064 458 1296 513 μετέχουσι
1334 458 1407 501 καὶ
1435 459 1605 510 τοξόται
1634 475 1678 502 τε

403 543 507 588 ὶκαὶ
535 538 819 596 αἰχμοφόροι,
861 535 1040 593 σαγαρις
1076 537 1321 591 νομίζοντες
1361 536 1480 592 ἔχειν.
1536 542 1679 597 χρυσῷ

106 521 133 547 st
120 519 182 548 etri
197 523 296 556 c.geut

431 619 478 665 δὲ
505 619 575 664 καὶ
601 622 745 675 χαλκῷ
776 618 829 663 τὰ
854 615 998 661 πάντα
1025 614 1257 673 χρέωνται·

560 815 619 852 Ca
630 827 666 866 p.
697 812 846 851 CCXV.

440 870 698 923 Μασσαγέται
722 867 764 909 δὲ
782 891 838 897 —-
860 867 1028 920 φορέου-

385 926 451 982 σι]
497 928 557 968 De
590 926 883 976 Massagetarum
919 925 1028 964 vesti-

384 986 515 1026 mentis
536 985 632 1022 conf.
655 983 775 1020 Strab.
800 982 851 1019 XI
880 995 916 1033 p.
932 984 1029 1029 781,

386 1043 441 1091 B,
469 1041 531 1079 ubi
550 1040 793 1079 Casaubonus
822 1039 936 1076 nostri
962 1038 1032 1075 loci

387 1111 464 1137 non
494 1096 647 1144 oblitus,
682 1095 790 1133 scribi
820 1094 954 1132 mavult
982 1095 1033 1147 τῇ

387 1155 547 1208 Σηρικῇ
562 1166 628 1204 pro
646 1153 697 1207 τῇ
708 1153 896 1206 Σκυθικῇ
903 1167 915 1199 ‚-
935 1151 1034 1188 cuius

389 1210 598 1250 mutationis
620 1209 751 1246 iustam
777 1221 922 1245 causam
951 1219 1036 1258 per-

391 1268 532 1319 spicere
549 1265 645 1303 haud
670 1264 794 1312 valeo,
822 1264 1036 1315 praesertim

392 1337 472 1363 cum
489 1321 720 1372 Massagetas
747 1320 848 1370 ipsos
872 1321 920 1357 ad
945 1320 1036 1368 Scy-

391 1380 473 1418 thas
510 1377 776 1428 quodammodo
819 1377 1038 1427 pertinuisse

393 1435 550 1474 dubitari
569 1437 739 1483 nequeat.
797 1433 906 1470 Conf.
936 1432 984 1469 ad
1009 1431 1039 1478 Ι,

395 1493 477 1534 201
494 1490 571 1527 init.
611 1489 796 1526 Simillime
822 1489 870 1526 de
893 1487 1039 1524 Andro-

395 1546 526 1600 phagis
540 1545 699 1595 loquitur
715 1544 852 1583 Noster
870 1543 933 1590 ΙΙΙ,
947 1545 1038 1584 106.

455 1597 619 1656 σαγάρις
655 1601 880 1653 νομίζοντες
915 1596 1040 1649 ἔχειν]

397 1657 458 1700 De
475 1659 650 1709 νομίζειν
674 1659 768 1695 conf.
796 1656 837 1704 Ι,
866 1657 957 1697 130.
987 1676 1043 1683 -

401 1711 566 1767 σαγαρις
584 1717 622 1752 et
639 1713 696 1751 hic
715 1717 751 1751 et
769 1711 876 1764 paulo
896 1712 1043 1749 inferius

399 1771 606 1822 scripsimus
631 1782 698 1820 pro
723 1768 820 1818 vulg.
850 1779 1044 1820 σαγαρεις,

399 1828 440 1865 in
461 1839 534 1876 qua
553 1827 705 1864 formam
721 1824 878 1862 Ionicam
902 1824 950 1861 ad
968 1822 1045 1859 vul-

401 1896 530 1933 garem
581 1893 746 1919 normam
789 1881 1047 1917 conformatam

401 1939 517 1977 vides.
572 1937 703 1975 Melius
725 1949 746 1975 e
760 1936 861 1973 libris
882 1936 1048 1973 restitue-

398 1999 484 2033 runt
499 1992 698 2043 Schweigh.
719 1996 755 2031 et
769 1993 887 2030 Gaisf.
907 1992 1047 2029 Eodem

401 2051 483 2090 iure
507 2047 619 2100 ἄρδις
649 2062 717 2100 pro
745 2048 842 2098 vulg.
879 2045 1048 2100 ἄρδεις.

404 2127 463 2137 --
498 2101 675 2159 Σᾶγαρις
713 2105 866 2156 bipennis
911 2104 1050 2152 (zwei-

406 2163 617 2212 schneidige
652 2162 853 2210 Streitaxt)
889 2161 1053 2199 tribuitur

409 2219 513 2258 Sacis
533 2217 695 2268 Scythis,
724 2219 786 2267 qui
805 2217 932 2256 Xerxis
952 2229 1054 2255 exer-

413 2275 499 2313 citui
513 2275 750 2313 interfuerunt
769 2274 859 2322 Vll,
885 2273 961 2321 64,
988 2285 1055 2310 nec

411 2331 531 2370 minus
558 2330 682 2368 Persis
720 2335 831 2380 atque
863 2329 1058 2367 Amazoni-

412 2388 502 2435 bus,
523 2391 563 2425 ut
579 2386 788 2436 intelligitur
804 2386 1059 2436 eXenophon-

415 2446 454 2481 te
484 2444 522 2481 in
547 2442 708 2481 Anabas.
736 2442 810 2490 IV,
827 2444 875 2491 4,
895 2445 948 2484 16
981 2440 1060 2479 coll.

416 2497 466 2546 V,
489 2501 537 2547 4,
569 2500 621 2540 13
651 2503 688 2536 ct
712 2498 892 2537 Herodot.
923 2498 994 2544 IV,
1020 2497 1058 2538 5.

417 2556 485 2596 70.
516 2555 641 2598 Quare
656 2554 853 2593 Rennelius
877 2555 941 2603 (in
963 2554 1063 2591 Geo-

420 2610 549 2660 graph.
575 2611 755 2648 Herodot.
783 2624 869 2662 pag.
894 2611 975 2652 516
1004 2610 1061 2647 ed.

421 2666 584 2712 vernae.)
611 2666 722 2704 telum
750 2667 860 2705 hocce
886 2667 937 2703 ita
966 2678 1064 2703 com-

421 2725 586 2770 paratum
613 2722 724 2760 fuisse
766 2723 986 2773 suspicatur,
1024 2725 1066 2758 ut

423 2775 533 2811 modo
572 2779 745 2826 tanquam
788 2779 920 2816 securis
945 2778 1065 2827 lignea

426 2830 526 2878 („als
538 2830 754 2882 Holzaxt“),
780 2835 890 2872 modo
912 2839 952 2872 ut
971 2834 1066 2873 ensis

1309 613 1390 659 ὅσα
1420 616 1500 671 μὲν
1527 614 1610 671 γὰρ
1639 615 1682 667 ἐς

1094 811 1258 850 adhiberi
1287 811 1456 862 potuerit.
1502 810 1633 850 Melius
1664 825 1742 850 cre—

1096 868 1144 905 do
1180 869 1341 906 Ritterus
1385 869 1450 916 (in
1473 868 1675 907 Erdkunde
1709 868 1743 905 ΙΙ

1095 938 1132 975 p.
1154 925 1256 972 789)
1279 925 1440 975 exponit:
1471 928 1526 962 ein
1552 925 1744 963 dolcliarti-

1095 993 1157 1029 ges
1176 980 1330 1028 Mamer,
1360 983 1455 1018 ensis
1479 994 1611 1032 parvus
1641 983 1746 1031 isque

1098 1042 1284 1084 curvatus,
1324 1038 1384 1085 qui
1414 1038 1460 1075 ab
1487 1038 1678 1076 Herodoto
1708 1039 1746 1074 in

1099 1093 1270 1144 Europae
1289 1093 1431 1141 Scythis
1451 1094 1589 1130 dicatur
1611 1089 1747 1132 οἷκινά-

1100 1164 1173 1199 κης
1187 1178 1197 1197 ,
1227 1149 1263 1185 in
1284 1148 1394 1186 Asiae
1413 1150 1556 1199 Scythis
1575 1150 1750 1199 Sacisque

1103 1203 1286 1258 σάγαρις,
1318 1206 1356 1242 in
1383 1218 1456 1255 quo
1491 1207 1599 1244 etiam
1633 1206 1750 1244 wah-

1102 1262 1170 1299 lius
1191 1263 1287 1299 idem
1315 1263 1500 1299 Saxonum
1531 1263 1640 1300 telum
1670 1261 1752 1300 Sax

1101 1319 1262 1368 agnovit.
1320 1318 1431 1362 Quod
1450 1318 1486 1355 in
1513 1332 1615 1369 seqq.
1634 1320 1752 1356 nomi-

1103 1379 1209 1413 natur
1229 1374 1378 1412 alterum
1397 1375 1506 1412 telum
1524 1373 1660 1427 ἄρδις,
1691 1388 1754 1412 ex-

1103 1430 1258 1482 plicante
1299 1430 1562 1481 VVesselingio,
1597 1433 1754 1480 sagittae

1106 1488 1221 1536 cuspis
1247 1489 1312 1523 est.

1155 1544 1294 1607 χρυσῷ
1334 1538 1378 1581 δε
1421 1541 1490 1581 καὶ
1537 1545 1669 1597 χαλκῷ
1707 1558 1755 1582 τα

1108 1594 1241 1638 πάντα
1256 1583 1465 1649 χὀἐωνται]
1479 1599 1632 1651 Copiam
1645 1600 1757 1637 hanc-

1109 1667 1151 1692 ce
1169 1655 1244 1692 auri
1266 1659 1373 1703 atque
1395 1656 1488 1693 aeris
1522 1658 1617 1694 unde
1637 1661 1758 1693 traxe-

1111 1712 1201 1757 rint,
1236 1724 1346 1761 supra
1371 1711 1440 1748 iam
1458 1713 1691 1749 indicavimus
1711 1712 1759 1749 ad

1111 1766 1148 1815 Ι,
1170 1768 1264 1807 205.
1321 1767 1392 1804 Hic
1418 1769 1514 1804 addo
1541 1769 1700 1806 Heeren.
1723 1768 1760 1804 in

1112 1822 1224 1860 Ideen
1250 1823 1287 1870 I,
1310 1825 1332 1863 1
1351 1837 1386 1874 p.
1399 1826 1451 1864 88
1469 1837 1571 1874 seqq.
1592 1828 1640 1866 91
1658 1836 1761 1873 seqq.

1114 1881 1168 1920 98
1193 1880 1239 1918 de
1257 1879 1324 1916 hac
1343 1880 1567 1917 metallorum
1588 1882 1694 1931 copia
1721 1892 1763 1917 ac

1114 1934 1220 1983 locis,
1268 1936 1366 1973 unde
1406 1938 1639 1986 provenerint
1680 1936 1763 1983 ista,

1116 1992 1265 2040 egregie
1285 1992 1540 2042 disputantem.
1587 1993 1697 2037 Quod
1716 1993 1765 2029 ad

1116 2061 1174 2084 aes
1191 2048 1340 2095 attinet,
1369 2054 1531 2086 tenemus
1551 2049 1649 2096 illud,
1666 2048 1766 2097 quod

1118 2109 1318 2141 memoratu
1355 2105 1478 2153 utique
1515 2105 1766 2154 dignissimum

1118 2161 1256 2210 profert
1286 2160 1446 2197 Ritterus
1478 2161 1710 2207 (Erdkunde
1735 2158 1768 2195 ΙΙ

1120 2228 1205 2266 pag.
1226 2218 1341 2264 796),
1371 2230 1437 2266 per
1465 2216 1591 2254 Asiam
1623 2221 1769 2266 septen-

1120 2271 1308 2310 trionalem
1345 2285 1580 2322 quaecuuque
1625 2273 1771 2309 inventa

1122 2328 1255 2365 fuerint
1292 2329 1513 2377 antiquitatis
1540 2332 1772 2366 monumenta

1125 2397 1169 2422 ex
1194 2384 1344 2422 metallis
1383 2387 1563 2433 confecta,
1611 2397 1656 2423 ex
1687 2395 1772 2422 aere

1127 2439 1311 2478 elaborata
1333 2441 1460 2488 fuisse,
1490 2443 1643 2493 ipsaque
1673 2452 1774 2478 arma

1127 2495 1165 2532 in
1185 2496 1355 2547 sepulcris
1377 2498 1519 2536 detecta
1535 2497 1774 2548 antiquissimi

1130 2553 1220 2589 aevi.
1280 2553 1422 2596 Quibus
1468 2555 1603 2605 optime
1645 2554 1774 2591 confir-

1129 2613 1292 2656 mantur,
1350 2622 1444 2658 quae
1486 2610 1697 2648 Herodotus
1738 2612 1775 2647 et

1130 2665 1263 2701 Strabo
1284 2665 1306 2701 l.
1324 2664 1347 2702 l.
1372 2666 1420 2704 de
1445 2679 1529 2705 aere
1557 2666 1654 2717 apud
1674 2665 1776 2702 Mas-

1130 2778 1236 2814 nibus
1257 2778 1377 2826 vagati
1392 2791 1473 2817 esse
1492 2778 1670 2825 dicuntur,
1697 2789 1775 2815 me-

1132 2834 1267 2872 moriae
1285 2835 1534 2885 prodiderunt.
1548 2856 1605 2866 —-
1631 2845 1774 2887 μασχα-
