1909 3228
434 199 518 239 392

435 305 569 363 μένην
580 321 589 331 ·

846 195 1314 234 HERODOTI

649 304 904 354 ἑλκύσαντες
941 302 988 347 δὲ
1020 303 1237 355 πλίνθους
1267 303 1441 357 ἱκανάς,
1482 302 1684 361 ὤπτησαν

406 383 575 436 Βαύτὰς
614 384 661 428 ἐν
700 385 932 438 καμίνοισι.
991 381 1093 436 μετά
1125 382 1194 434 δὲ,
1244 382 1416 438 τέλματι
1450 383 1685 439 χρεώμενοι

437 463 641 520 ἀσφάλτῳ
661 464 826 518 θερμῇ,
854 461 929 504 καὶ
957 460 1030 504 διά
1059 460 1291 516 τριήκοντα
1319 459 1469 517 δόμων
1495 464 1686 506 πλίνθου

434 541 622 596 ταρσούς
649 538 857 596 καλάμων
888 537 1279 596 διαστοιβάζοντες,
1328 541 1502 597 ἔδειμαν
1537 545 1686 596 πρῶτα

377 702 602 755 aptissimam
622 705 659 740 et
676 701 806 739 natura
821 701 901 753 ipsa
920 701 1025 751 quasi

378 760 535 805 editam3
564 758 633 796 hoe
661 760 785 796 forsan
811 758 928 807 magis
959 758 1025 795 mi-

377 827 456 853 rum
486 814 601 852 videri
637 819 768 864 queat,
815 814 1025 863 Babyloniis

377 871 568 919 lateribus,
598 871 660 920 qui
685 871 948 908 characteribus
984 870 1026 907 li-

377 931 534 965 terarum
565 927 728 976 insignes
756 927 880 964 crebro
909 926 1028 964 adhuc

376 983 622 1030 inveniuntur,
651 982 782 1021 similes
812 983 961 1033 reperiri
989 984 1027 1019 in

377 1039 578 1090 hypogaeis
597 1039 792 1078 Thebaicis
812 1043 849 1077 et
868 1040 967 1089 ipsos
986 1039 1029 1076 li-

376 1097 463 1134 teris
482 1096 656 1145 insignes.
715 1094 860 1134 Monuit
893 1095 959 1133 Cr.
985 1108 1028 1133 ex

376 1152 531 1190 Iomard.
553 1153 590 1189 in
604 1152 784 1202 Descript.
806 1152 852 1189 de
866 1151 1028 1202 l'Egypt.

376 1208 516 1258 antiqq.
537 1208 618 1246 Vol.
634 1209 668 1247 Il
687 1223 724 1260 p.
748 1210 844 1249 368.
873 1207 932 1246 De
949 1208 1028 1246 aliis

376 1265 543 1303 fictilibus
552 1265 838 1315 Babyloniorum
857 1265 1027 1314 operibus

377 1321 474 1359 idem
501 1320 626 1358 laudat
662 1321 835 1359 Paeiaudi
873 1321 911 1358 in
945 1320 1029 1357 Mo·-

378 1390 513 1414 numm.
535 1377 736 1427 Peloponn.
762 1377 818 1425 11,
840 1378 894 1419 39
924 1381 962 1414 et
982 1377 1029 1415 de

378 1433 674 1483 inscriptionibus
707 1433 880 1480 laterum,
919 1432 1030 1469 Mim-

378 1493 445 1527 ter.
462 1487 653 1538 Antiquar.
673 1488 866 1526 Abhandll.
890 1501 927 1539 p.
949 1491 1029 1529 127

378 1557 482 1595 seqq.
514 1544 607 1586 185.

436 1596 667 1648 ἑλκύσαντες
719 1598 762 1640 δὲ
808 1598 1028 1650 πλίνθους]

379 1652 534 1696 §nudent
562 1657 761 1704 πλίνθους
791 1661 924 1706 aequat
954 1658 1032 1695 sere

378 1712 613 1751 Latinorum:
643 1714 765 1750 ducere
783 1713 908 1750 lateres
920 1741 931 1760 ‚
950 1713 1032 1749 No-

379 1773 531 1807 strates:
562 1767 690 1817 Ziegel
716 1769 895 1806 strete-lien.
951 1767 1034 1805 Nec

385 1825 561 1862 differunt
582 1821 870 1873 πλινθουλκὸς,
912 1826 1032 1862 πλιν-

378 1884 590 1930 θουλκεῖν,·
618 1894 712 1931 quae
731 1895 752 1919 e
769 1881 904 1917 Polluc.
926 1880 1033 1918 Ono-

380 1941 485 1975 mast.
506 1937 599 1985 VII,
630 1939 710 1979 163
736 1937 860 1974 laudat
880 1937 1033 1975 Wesse-

382 1994 535 2043 lingius,
573 1993 644 2031 alia
675 1994 855 2043 quaedam
889 1993 1030 2031 addens

381 2064 402 2087 e
419 2049 561 2087 Latinis
581 2050 827 2101 scriptoribus.
864 2049 964 2087 Infra
983 2048 1031 2097 ΙΙ,

384 2107 465 2150 136
493 2109 548 2144 est
571 2106 769 2153 πλίνθους
800 2105 1031 2159 εἴρυσαν,

382 2163 512 2200 eodem
540 2175 669 2210 sensu,
701 2175 855 2212 quocum
884 2174 1032 2212 compa-

383 2223 438 2257 rat
466 2219 688 2268 Wesseling.
710 2218 868 2256 Nahum.
888 2219 952 2266 ΙΙΙ,
964 2219 1028 2259 14

435 2272 819 2327 τέλματιχρεώμενοι
839 2270 1028 2328 άσφάλτῳ

382 2329 541 2386 θερμῇ]
574 2332 597 2369 i.
620 2345 650 2370 e.
675 2332 739 2368 luti
764 2345 792 2369 s.
813 2331 917 2370 calcis
936 2331 1030 2378 loco,

382 2389 454 2437 qua
485 2387 627 2436 singula
663 2388 832 2437 coniungi
868 2392 906 2426 et
933 2399 1032 2424 com-

381 2445 483 2494 pingi
500 2444 639 2491 solent,
658 2445 850 2481 utebantur
867 2443 1032 2494 asphalto

384 2500 500 2544 calida
521 2514 548 2538 s.
569 2501 742 2538 bitumine
761 2501 888 2538 calido.
915 2498 1034 2537 Nam-

383 2568 454 2604 que
473 2557 574 2605 regio
593 2556 663 2593 ista
681 2570 762 2593 euin
783 2556 879 2594 calce
899 2559 1031 2603 careat,

382 2611 569 2659 bitumine,
590 2613 688 2662 quod
706 2612 1031 2661 frequentissimum

383 2666 452 2704 illic
470 2668 650 2717 hodieque
668 2669 865 2716 invenitur,
893 2669 945 2705 uti
963 2681 1031 2718 po-

385 2726 528 2759 tuerunt
566 2728 603 2761 et
642 2737 682 2762 re
719 2737 805 2762 vera
842 2724 896 2762 usi
936 2727 1030 2761 sunt.

386 2777 577 2816 Praeterea
596 2779 695 2828 ligno
715 2793 757 2817 ac
775 2781 931 2828 truncis,
951 2781 1032 2830 qui-

387 2833 451 2870 bus
479 2835 526 2871 ad
551 2836 715 2873 aedificia
739 2837 912 2875 struenda
939 2849 1031 2888 opus

1094 707 1162 750 est,
1193 715 1273 741 cum
1292 714 1409 751 aeque
1432 705 1556 740 careat
1583 701 1653 740 ista
1686 715 1742 742 re-

1093 760 1155 809 gio
1176 760 1406 810 planissima,
1436 759 1650 796 arundinum
1668 772 1744 797 cra-

1092 821 1147 854 tes
1164 817 1302 854 illorum
1328 815 1407 852 loco
1436 816 1620 866 stipabant
1653 815 1744 854 inter

1092 872 1244 910 laterum
1282 872 1446 919 ordines,
1498 885 1570 920 quo
1616 872 1744 910 eodem

1093 930 1253 966 ducebat
1285 929 1387 977 regio
1407 929 1621 965 arundinum
1652 930 1745 965 sera-

1094 985 1247 1023 cissima.
1276 985 1388 1021 Unde
1406 985 1492 1021 satis
1514 989 1637 1034 patet,
1666 985 1745 1021 uni-

1094 1054 1236 1079 versam
1255 1041 1347 1078 hanc
1365 1041 1527 1077 struendi
1554 1044 1746 1077 eonsuetu-

1096 1098 1216 1136 dinem
1237 1110 1316 1134 cum
1344 1100 1462 1134 terrae
1482 1097 1596 1147 ipsius
1623 1096 1746 1135 indole

1096 1155 1147 1191 ita
1179 1153 1390 1199 convenire,
1434 1156 1476 1189 ut
1514 1152 1611 1190 aliud
1641 1153 1749 1202 quid-

1096 1211 1195 1261 piam
1215 1210 1333 1247 locum
1360 1209 1495 1247 habere
1517 1222 1591 1246 non
1617 1214 1748 1260 potue-

1094 1267 1162 1314 rit,
1191 1279 1258 1303 nee
1277 1267 1404 1303 mirum
1431 1266 1477 1302 sit
1502 1265 1683 1314 hodieque
1703 1278 1749 1303 ex

1094 1323 1283 1360 ruderibus
1297 1322 1437 1359 aedium
1449 1321 1750 1370 Babylonicarum

1096 1380 1271 1429 dispersis
1287 1379 1457 1427 cognosci
1478 1391 1610 1428 posse,
1639 1390 1748 1426 quarn

1095 1448 1180 1473 vere
1209 1435 1256 1472 de
1287 1435 1342 1471 his
1364 1435 1553 1471 tradiderit
1577 1434 1748 1471 historiae

1095 1495 1211 1542 pater.
1247 1491 1305 1527 Cf.
1331 1490 1488 1527 Heeren.
1509 1489 1531 1526 l.
1551 1490 1573 1526 l.
1599 1503 1635 1539 p.
1656 1489 1748 1530 147.

1101 1547 1180 1588 148
1202 1546 1280 1583 coll.
1302 1547 1380 1587 187
1403 1559 1478 1594 seq.
1508 1546 1638 1583 Ritter.
1652 1546 1748 1582 Erd-

1097 1602 1222 1639 kunde
1250 1602 1282 1639 ΙΙ
1310 1615 1395 1652 pag.
1415 1602 1506 1643 148.
1535 1622 1592 1630 --
1619 1603 1678 1640 De
1706 1615 1748 1639 α-

1100 1658 1239 1709 sphalto
1265 1659 1327 1708 qui
1347 1659 1508 1707 egerint,
1537 1671 1600 1696 eos
1629 1659 1750 1695 citavit

1100 1715 1304 1751 Creuzerus
1330 1715 1378 1750 ad
1402 1714 1562 1752 Bekkeri
1591 1715 1748 1765 Specim.

1099 1770 1308 1807 Philostrat.
1325 1783 1411 1820 pag.
1431 1771 1485 1810 83
1502 1774 1579 1807 not.

1154 1824 1223 1865 καὶ
1262 1823 1327 1864 διά
1368 1822 1580 1878 τριήκοντα
1611 1821 1750 1878 δόμων

1098 1882 1274 1921 πλίνθου
1294 1879 1465 1934 ταρσούς
1485 1879 1674 1934 καλάμων
1693 1884 1751 1923 δι-

1099 1934 1420 1990 αστοιβάζοντες]
1451 1940 1646 1990 „Simplex
1671 1953 1752 1978 ver-

1097 1995 1183 2032 bum
1222 1993 1521 2046 στοιβάζειν
1561 1997 1750 2034 Scholiast.

1097 2051 1247 2088 Lucian.
1271 2052 1308 2088 in
1327 2052 1472 2103 Catapl.
1489 2057 1515 2089 t.
1538 2053 1590 2090 ΙΙΙ
1612 2066 1649 2103 p.
1670 2055 1750 2094 179

1099 2109 1156 2145 ed.
1194 2109 1342 2157 Bipont.
1368 2109 1517 2158 exponit
1548 2105 1748 2156 πυκάζειν,

1097 2160 1375 2214 περιβάλλειν,
1410 2161 1616 2214 στεγάζειν
1642 2160 1750 2203 σκιά-

1098 2221 1186 2266 ζειν
1192 2221 1216 2239 “
1254 2220 1320 2256 Cr.
1376 2219 1435 2256 Ad
1474 2218 1608 2270 ὄόιιων
1646 2225 1750 2258 notat

1099 2278 1298 2313 Grammat.
1325 2276 1485 2313 Graecus
1517 2278 1552 2313 iu
1587 2277 1749 2315 Bekkeri

1096 2331 1260 2369 Allccdd.
1292 2332 1306 2367 Ι
1340 2346 1375 2382 p.
1400 2335 1475 2379 89,
1505 2334 1548 2374 8;
1591 2329 1746 2382 δόμων·

1099 2384 1174 2427 ου’κ
1198 2387 1263 2426 ἐπὶ
1291 2403 1362 2438 της
1384 2388 1533 2436 οἰκίας,
1561 2384 1644 2427 άλλ
1676 2384 1748 2440 ἐφ’

1100 2438 1150 2483 οὗ
1173 2460 1198 2494 η
1224 2441 1422 2493 συνήθεια
1450 2441 1597 2484 τάττει·
1635 2442 1747 2497 Ἡρό-

1101 2501 1214 2546 δοτος
1235 2497 1376 2552 πρώτω
1399 2516 1466 2540 και
1490 2500 1657 2555 δευτέρῳ
1681 2502 1749 2551 (ll,

1102 2558 1372 2605 127).1nde
1410 2554 1534 2609 δόμος
1572 2560 1749 2597 πλίνθου

1100 2617 1174 2660 est,
1228 2614 1428 2662 explicante
1468 2615 1748 2663 llyttenbachio

1098 2669 1135 2704 in
1162 2668 1297 2706 selectt.
1320 2670 1461 2707 historr.
1482 2684 1565 2720 pag.
1577 2671 1672 2719 303,
1694 2684 1749 2708 or-

1099 2724 1143 2760 (lo
1165 2725 1313 2762 laterum
1333 2740 1361 2763 s.
1385 2740 1457 2764 una
1476 2727 1569 2764 linea
1590 2727 1749 2776 singulm

1100 2793 1177 2817 rum
1213 2781 1358 2818 laterum
1385 2783 1541 2833 ‹lec'nceps
1571 2786 1676 2820 iuxta
1713 2795 1749 2820 se

1099 2839 1246 2875 invicem
1267 2841 1480 2889 positorum,
1511 2843 1549 2876 ut
1575 2840 1613 2877 in
1643 2839 1746 2877 simili
