<?xml version="1.0" encoding="UTF-8"?>
<!DOCTYPE html PUBLIC "-//W3C//DTD XHTML 1.0 Transitional//EN"
    "http://www.w3.org/TR/xhtml1/DTD/xhtml1-transitional.dtd">
<html xmlns="http://www.w3.org/1999/xhtml" xml:lang="en" lang="en">
 <head>
  <title>
</title>
<meta http-equiv="Content-Type" content="text/html;charset=utf-8" />
  <meta name='ocr-system' content='tesseract 3.04.00' />
  <meta name='ocr-capabilities' content='ocr_page ocr_carea ocr_par ocr_line ocrx_word'/>
</head>
<body>
  <div class='ocr_page' id='page_1' title='image "./musaeherodoto01hero/musaeherodoto01hero_0707.png"; bbox 0 0 1909 3228; ppageno 0'>
   <div class='ocr_carea' id='block_1_1' title="bbox 43 1027 108 1072">
    <p class='ocr_par' dir='ltr' id='par_1_1' title="bbox 43 1027 108 1072">
     <span class='ocr_line' id='line_1_1' title="bbox 43 1027 108 1072; baseline 0 0"><span class='ocrx_word' id='word_1_1' title='bbox 43 1027 108 1072; x_wconf 71' lang='lat'>94</span> 
     </span>
    </p>
   </div>
   <div class='ocr_carea' id='block_1_2' title="bbox 551 194 1068 234">
    <p class='ocr_par' dir='ltr' id='par_1_2' title="bbox 551 194 1068 234">
     <span class='ocr_line' id='line_1_2' title="bbox 551 194 1068 234; baseline -0.002 -1"><span class='ocrx_word' id='word_1_2' title='bbox 551 194 974 234; x_wconf 88' lang='lat' dir='ltr'>EUTERPE.</span> <span class='ocrx_word' id='word_1_3' title='bbox 1021 194 1068 232; x_wconf 88' lang='lat'>11.</span> 
     </span>
    </p>
   </div>
   <div class='ocr_carea' id='block_1_3' title="bbox 1346 193 1430 233">
    <p class='ocr_par' dir='ltr' id='par_1_3' title="bbox 1346 193 1430 233">
     <span class='ocr_line' id='line_1_3' title="bbox 1346 193 1430 233; baseline 0 0"><span class='ocrx_word' id='word_1_4' title='bbox 1346 193 1430 233; x_wconf 80' lang='lat'>693</span> 
     </span>
    </p>
   </div>
   <div class='ocr_carea' id='block_1_4' title="bbox 168 302 1432 361">
    <p class='ocr_par' dir='ltr' id='par_1_4' title="bbox 168 302 1432 361">
     <span class='ocr_line' id='line_1_4' title="bbox 168 302 1432 361; baseline -0.003 -12"><span class='ocrx_word' id='word_1_5' title='bbox 168 308 393 361; x_wconf 84' lang='grc' dir='ltr'><em>ποταμοῦ·</em></span> <span class='ocrx_word' id='word_1_6' title='bbox 451 305 523 348; x_wconf 84' lang='grc' dir='ltr'>καὶ</span> <span class='ocrx_word' id='word_1_7' title='bbox 554 303 709 348; x_wconf 82' lang='grc' dir='ltr'><em>αὐτίκα</em></span> <span class='ocrx_word' id='word_1_8' title='bbox 741 322 780 346; x_wconf 71' lang='lat' dir='ltr'>r:-</span> <span class='ocrx_word' id='word_1_9' title='bbox 811 303 917 348; x_wconf 83' lang='grc' dir='ltr'>πλὲα</span> <span class='ocrx_word' id='word_1_10' title='bbox 956 305 1121 360; x_wconf 79' lang='grc' dir='ltr'><em>γίνεται</em></span> <span class='ocrx_word' id='word_1_11' title='bbox 1150 305 1308 355; x_wconf 86' lang='grc' dir='ltr'><em>ταῦτα,</em></span> <span class='ocrx_word' id='word_1_12' title='bbox 1357 302 1432 345; x_wconf 81' lang='grc' dir='ltr'>καὶ</span> 
     </span>
    </p>
   </div>
   <div class='ocr_carea' id='block_1_5' title="bbox 140 380 1487 440">
    <p class='ocr_par' dir='ltr' id='par_1_5' title="bbox 140 380 1487 440">
     <span class='ocr_line' id='line_1_5' title="bbox 140 380 1487 440; baseline -0.004 -15"><span class='ocrx_word' id='word_1_13' title='bbox 140 388 433 440; x_wconf 77' lang='grc' dir='ltr'><em>9παραχρῆμα</em></span> <span class='ocrx_word' id='word_1_14' title='bbox 463 382 630 439; x_wconf 74' lang='grc' dir='ltr'><em>ἰχθύων</em></span> <span class='ocrx_word' id='word_1_15' title='bbox 662 388 856 438; x_wconf 79' lang='grc' dir='ltr'><em>σμικρῶν</em></span> <span class='ocrx_word' id='word_1_16' title='bbox 878 385 1087 426; x_wconf 86' lang='grc' dir='ltr'><em>πίπλαται</em></span> <span class='ocrx_word' id='word_1_17' title='bbox 1109 382 1264 425; x_wconf 77' lang='grc' dir='ltr'><em>πάντα.</em></span> <span class='ocrx_word' id='word_1_18' title='bbox 1294 380 1431 426; x_wconf 78' lang='grc' dir='ltr'><em>κόθεν</em></span> <span class='ocrx_word' id='word_1_19' title='bbox 1443 388 1487 421; x_wconf 87' lang='grc'>70</span> 
     </span>
    </p>
   </div>
   <div class='ocr_carea' id='block_1_6' title="bbox 169 459 1430 518">
    <p class='ocr_par' dir='ltr' id='par_1_6' title="bbox 169 459 1430 518">
     <span class='ocr_line' id='line_1_6' title="bbox 169 459 1430 518; baseline -0.003 -11"><span class='ocrx_word' id='word_1_20' title='bbox 169 463 214 507; x_wconf 80' lang='grc' dir='ltr'>ὁὲ</span> <span class='ocrx_word' id='word_1_21' title='bbox 245 465 363 514; x_wconf 81' lang='grc' dir='ltr'><em>οἰκός</em></span> <span class='ocrx_word' id='word_1_22' title='bbox 404 462 566 515; x_wconf 74' lang='grc' dir='ltr'><em>αὐτούς</em></span> <span class='ocrx_word' id='word_1_23' title='bbox 605 466 827 518; x_wconf 74' lang='grc' dir='ltr'><em>γίνεσθαι,</em></span> <span class='ocrx_word' id='word_1_24' title='bbox 885 461 969 518; x_wconf 77' lang='grc' dir='ltr'>ἐγώ</span> <span class='ocrx_word' id='word_1_25' title='bbox 1008 478 1082 517; x_wconf 89' lang='grc' dir='ltr'>μοι</span> <span class='ocrx_word' id='word_1_26' title='bbox 1120 459 1256 505; x_wconf 83' lang='grc' dir='ltr'><em>δοκέω</em></span> <span class='ocrx_word' id='word_1_27' title='bbox 1296 477 1430 504; x_wconf 85' lang='grc' dir='ltr'><em>κατα-</em></span> 
     </span>
    </p>
   </div>
   <div class='ocr_carea' id='block_1_7' title="bbox 167 538 1428 596">
    <p class='ocr_par' dir='ltr' id='par_1_7' title="bbox 167 538 1428 596">
     <span class='ocr_line' id='line_1_7' title="bbox 167 538 1428 596; baseline -0.003 -10"><span class='ocrx_word' id='word_1_28' title='bbox 167 542 309 586; x_wconf 80' lang='grc' dir='ltr'><strong><em>νοέειν</em></strong></span> <span class='ocrx_word' id='word_1_29' title='bbox 342 547 485 585; x_wconf 79' lang='grc' dir='ltr'><em>τούτο.</em></span> <span class='ocrx_word' id='word_1_30' title='bbox 525 547 603 585; x_wconf 85' lang='grc' dir='ltr'>τοῦ</span> <span class='ocrx_word' id='word_1_31' title='bbox 633 543 852 596; x_wconf 73' lang='grc' dir='ltr'><em>προτέρου</em></span> <span class='ocrx_word' id='word_1_32' title='bbox 880 542 994 592; x_wconf 77' lang='grc' dir='ltr'><em>ἔτεος</em></span> <span class='ocrx_word' id='word_1_33' title='bbox 1023 540 1152 584; x_wconf 74' lang='grc' dir='ltr'><em>ἐπεάν</em></span> <span class='ocrx_word' id='word_1_34' title='bbox 1181 538 1373 596; x_wconf 80' lang='grc' dir='ltr'><em>οἷπολίπῃ</em></span> <span class='ocrx_word' id='word_1_35' title='bbox 1404 540 1428 583; x_wconf 91' lang='grc' dir='ltr'>ὁ</span> 
     </span>
    </p>
   </div>
   <div class='ocr_carea' id='block_1_8' title="bbox 169 618 1433 676">
    <p class='ocr_par' dir='ltr' id='par_1_8' title="bbox 169 618 1433 676">
     <span class='ocr_line' id='line_1_8' title="bbox 169 618 1433 676; baseline -0.004 -11"><span class='ocrx_word' id='word_1_36' title='bbox 169 626 351 673; x_wconf 63' lang='grc' dir='ltr'>Νεῖλος,</span> <span class='ocrx_word' id='word_1_37' title='bbox 385 624 428 665; x_wconf 81' lang='grc' dir='ltr'>οἱ</span> <span class='ocrx_word' id='word_1_38' title='bbox 458 621 601 676; x_wconf 76' lang='grc' dir='ltr'><em>ἰχθύες</em></span> <span class='ocrx_word' id='word_1_39' title='bbox 631 621 874 671; x_wconf 79' lang='grc' dir='ltr'><strong><em>ἐντεκόντες</em></strong></span> <span class='ocrx_word' id='word_1_40' title='bbox 910 619 975 664; x_wconf 63' lang='lat' dir='ltr'>cdd</span> <span class='ocrx_word' id='word_1_41' title='bbox 1006 621 1046 670; x_wconf 81' lang='grc' dir='ltr'>ἐς</span> <span class='ocrx_word' id='word_1_42' title='bbox 1078 621 1156 676; x_wconf 72' lang='grc' dir='ltr'><em>τὴν</em></span> <span class='ocrx_word' id='word_1_43' title='bbox 1186 619 1310 672; x_wconf 80' lang='grc' dir='ltr'><em>ἰλύν,</em></span> <span class='ocrx_word' id='word_1_44' title='bbox 1343 618 1433 673; x_wconf 78' lang='grc' dir='ltr'>ἅμα</span> 
     </span>
    </p>
   </div>
   <div class='ocr_carea' id='block_1_9' title="bbox 167 698 1431 761">
    <p class='ocr_par' dir='ltr' id='par_1_9' title="bbox 167 698 1431 761">
     <span class='ocr_line' id='line_1_9' title="bbox 167 698 1431 761; baseline -0.003 -17"><span class='ocrx_word' id='word_1_45' title='bbox 167 705 227 761; x_wconf 75' lang='grc' dir='ltr'>τῷ</span> <span class='ocrx_word' id='word_1_46' title='bbox 258 700 418 758; x_wconf 79' lang='grc' dir='ltr'><em>ἐσχάτῳ</em></span> <span class='ocrx_word' id='word_1_47' title='bbox 455 700 578 743; x_wconf 79' lang='grc' dir='ltr'><em>ῧὸατι</em></span> <span class='ocrx_word' id='word_1_48' title='bbox 609 698 983 743; x_wconf 73' lang='grc' dir='ltr'><em>ἀπαλλάσσονται·</em></span> <span class='ocrx_word' id='word_1_49' title='bbox 1026 698 1157 742; x_wconf 81' lang='grc' dir='ltr'><em>ἐπεὰν</em></span> <span class='ocrx_word' id='word_1_50' title='bbox 1188 699 1232 742; x_wconf 81' lang='grc' dir='ltr'>δὲ</span> <span class='ocrx_word' id='word_1_51' title='bbox 1262 701 1431 752; x_wconf 84' lang='grc' dir='ltr'><em>περιελ-</em></span> 
     </span>
    </p>
   </div>
   <div class='ocr_carea' id='block_1_10' title="bbox 167 777 1566 835">
    <p class='ocr_par' dir='ltr' id='par_1_10' title="bbox 167 777 1566 835">
     <span class='ocr_line' id='line_1_10' title="bbox 167 777 1566 835; baseline -0.001 -12"><span class='ocrx_word' id='word_1_52' title='bbox 167 779 330 830; x_wconf 78' lang='grc' dir='ltr'><em>θόντος</em></span> <span class='ocrx_word' id='word_1_53' title='bbox 359 784 438 822; x_wconf 90' lang='grc' dir='ltr'>τοῦ</span> <span class='ocrx_word' id='word_1_54' title='bbox 467 779 630 835; x_wconf 85' lang='grc' dir='ltr'><em>χρόνου</em></span> <span class='ocrx_word' id='word_1_55' title='bbox 661 777 792 822; x_wconf 78' lang='grc' dir='ltr'><em>πάλιν</em></span> <span class='ocrx_word' id='word_1_56' title='bbox 822 777 981 834; x_wconf 80' lang='grc' dir='ltr'><em>ἐπέλθῃ</em></span> <span class='ocrx_word' id='word_1_57' title='bbox 1012 778 1060 821; x_wconf 86' lang='grc' dir='ltr'>τὸ</span> <span class='ocrx_word' id='word_1_58' title='bbox 1089 777 1234 832; x_wconf 83' lang='grc' dir='ltr'><em>ὕδωρ,</em></span> <span class='ocrx_word' id='word_1_59' title='bbox 1265 778 1311 821; x_wconf 75' lang='grc' dir='ltr'>ἐκ</span> <span class='ocrx_word' id='word_1_60' title='bbox 1339 780 1427 820; x_wconf 74' lang='grc' dir='ltr'><em>τῶν</em></span> <span class='ocrx_word' id='word_1_61' title='bbox 1487 778 1566 822; x_wconf 86' lang='grc'><strong>146</strong></span> 
     </span>
    </p>
   </div>
   <div class='ocr_carea' id='block_1_11' title="bbox 167 855 1484 913">
    <p class='ocr_par' dir='ltr' id='par_1_11' title="bbox 167 855 1484 913">
     <span class='ocr_line' id='line_1_11' title="bbox 167 855 1484 913; baseline -0.004 -10"><span class='ocrx_word' id='word_1_62' title='bbox 167 858 268 903; x_wconf 74' lang='grc' dir='ltr'><em>ὠῶν</em></span> <span class='ocrx_word' id='word_1_63' title='bbox 306 857 475 902; x_wconf 86' lang='grc' dir='ltr'><em>τούτων</em></span> <span class='ocrx_word' id='word_1_64' title='bbox 522 860 769 912; x_wconf 77' lang='grc' dir='ltr'><strong><em>παραυτίκα</em></strong></span> <span class='ocrx_word' id='word_1_65' title='bbox 809 859 1006 913; x_wconf 79' lang='grc' dir='ltr'><em>γίνονται</em></span> <span class='ocrx_word' id='word_1_66' title='bbox 1056 859 1099 901; x_wconf 84' lang='grc' dir='ltr'>οἱ</span> <span class='ocrx_word' id='word_1_67' title='bbox 1138 855 1296 913; x_wconf 79' lang='grc' dir='ltr'><em>ἰχθύες.</em></span> <span class='ocrx_word' id='word_1_68' title='bbox 1354 857 1484 901; x_wconf 73' lang='grc' dir='ltr'><em>καὶῗ5</em></span> 
     </span>
    </p>
   </div>
   <div class='ocr_carea' id='block_1_12' title="bbox 167 936 930 993">
    <p class='ocr_par' dir='ltr' id='par_1_12' title="bbox 167 936 930 993">
     <span class='ocr_line' id='line_1_12' title="bbox 167 936 930 993; baseline 0 -13"><span class='ocrx_word' id='word_1_69' title='bbox 167 937 264 990; x_wconf 87' lang='grc' dir='ltr'><em>περὶ</em></span> <span class='ocrx_word' id='word_1_70' title='bbox 295 936 372 992; x_wconf 77' lang='grc' dir='ltr'><em>μὲν</em></span> <span class='ocrx_word' id='word_1_71' title='bbox 403 938 505 987; x_wconf 80' lang='grc' dir='ltr'>τούς</span> <span class='ocrx_word' id='word_1_72' title='bbox 535 939 661 993; x_wconf 81' lang='grc' dir='ltr'><strong><em>ἰχθῦς</em></strong></span> <span class='ocrx_word' id='word_1_73' title='bbox 692 936 806 981; x_wconf 77' lang='grc' dir='ltr'><em>οὕτω</em></span> <span class='ocrx_word' id='word_1_74' title='bbox 836 937 930 992; x_wconf 75' lang='grc' dir='ltr'><em>ἔχει.</em></span> 
     </span>
    </p>
   </div>
   <div class='ocr_carea' id='block_1_13' title="bbox 246 1013 1428 1072">
    <p class='ocr_par' dir='ltr' id='par_1_13' title="bbox 246 1013 1428 1072">
     <span class='ocr_line' id='line_1_13' title="bbox 246 1013 1428 1072; baseline -0.001 -14"><span class='ocrx_word' id='word_1_75' title='bbox 246 1015 462 1071; x_wconf 80' lang='grc' dir='ltr'><em>’Λλείφατι</em></span> <span class='ocrx_word' id='word_1_76' title='bbox 492 1017 536 1060; x_wconf 78' lang='grc' dir='ltr'>δὲ</span> <span class='ocrx_word' id='word_1_77' title='bbox 565 1016 771 1072; x_wconf 80' lang='grc' dir='ltr'><em>χρέωνται</em></span> <span class='ocrx_word' id='word_1_78' title='bbox 794 1017 1042 1072; x_wconf 74' lang='grc' dir='ltr'><em>Αἰγυπτίων</em></span> <span class='ocrx_word' id='word_1_79' title='bbox 1071 1017 1114 1059; x_wconf 80' lang='grc' dir='ltr'>οἱ</span> <span class='ocrx_word' id='word_1_80' title='bbox 1142 1013 1308 1071; x_wconf 77' lang='grc' dir='ltr'><em>περὶτὰ</em></span> <span class='ocrx_word' id='word_1_81' title='bbox 1333 1014 1428 1057; x_wconf 79' lang='grc' dir='ltr'><em>ἕλεα</em></span> 
     </span>
    </p>
   </div>
   <div class='ocr_carea' id='block_1_14' title="bbox 168 1094 1430 1149">
    <p class='ocr_par' dir='ltr' id='par_1_14' title="bbox 168 1094 1430 1149">
     <span class='ocr_line' id='line_1_14' title="bbox 168 1094 1430 1149; baseline -0.002 -10"><span class='ocrx_word' id='word_1_82' title='bbox 168 1094 405 1146; x_wconf 82' lang='grc' dir='ltr'><em>οἰκέοντες,</em></span> <span class='ocrx_word' id='word_1_83' title='bbox 455 1094 540 1139; x_wconf 75' lang='grc' dir='ltr'>ἀπὸ</span> <span class='ocrx_word' id='word_1_84' title='bbox 572 1100 658 1139; x_wconf 78' lang='grc' dir='ltr'><em>τῶν</em></span> <span class='ocrx_word' id='word_1_85' title='bbox 690 1098 1000 1149; x_wconf 78' lang='grc' dir='ltr'><em>σιλλικυπρίων</em></span> <span class='ocrx_word' id='word_1_86' title='bbox 1039 1098 1120 1138; x_wconf 86' lang='grc' dir='ltr'>τοῦ</span> <span class='ocrx_word' id='word_1_87' title='bbox 1148 1096 1340 1149; x_wconf 81' lang='grc' dir='ltr'>καρποῦ,</span> <span class='ocrx_word' id='word_1_88' title='bbox 1381 1094 1430 1137; x_wconf 89' lang='grc' dir='ltr'>τὸ</span> 
     </span>
    </p>
   </div>
   <div class='ocr_carea' id='block_1_15' title="bbox 139 1169 1438 1233">
    <p class='ocr_par' dir='ltr' id='par_1_15' title="bbox 139 1169 1438 1233">
     <span class='ocr_line' id='line_1_15' title="bbox 139 1169 1438 1233; baseline -0.001 -16"><span class='ocrx_word' id='word_1_89' title='bbox 139 1179 351 1218; x_wconf 71' lang='grc' dir='ltr'><em>Ξκαλεῦσι</em></span> <span class='ocrx_word' id='word_1_90' title='bbox 381 1175 460 1231; x_wconf 76' lang='grc' dir='ltr'><em>μὲν</em></span> <span class='ocrx_word' id='word_1_91' title='bbox 489 1175 723 1233; x_wconf 79' lang='grc' dir='ltr'><em>Αἰγύπτιοι</em></span> <span class='ocrx_word' id='word_1_92' title='bbox 752 1177 860 1221; x_wconf 86' lang='grc' dir='ltr'><em>κίκι·</em></span> <span class='ocrx_word' id='word_1_93' title='bbox 892 1178 1062 1219; x_wconf 83' lang='grc' dir='ltr'><em>ποιεῦσι</em></span> <span class='ocrx_word' id='word_1_94' title='bbox 1092 1174 1137 1219; x_wconf 76' lang='grc' dir='ltr'>δὲ</span> <span class='ocrx_word' id='word_1_95' title='bbox 1168 1169 1262 1218; x_wconf 75' lang='grc' dir='ltr'><em>ὦδε.</em></span> <span class='ocrx_word' id='word_1_96' title='bbox 1311 1172 1438 1229; x_wconf 49' lang='grc' dir='ltr'><em>παραῪ</em></span> 
     </span>
    </p>
   </div>
   <div class='ocr_carea' id='block_1_16' title="bbox 109 1378 768 2896">
    <p class='ocr_par' dir='ltr' id='par_1_16' title="bbox 109 1378 768 2107">
     <span class='ocr_line' id='line_1_16' title="bbox 164 1378 762 1433; baseline 0 -13"><span class='ocrx_word' id='word_1_97' title='bbox 164 1378 291 1424; x_wconf 77' lang='grc' dir='ltr'><em>κόθεν</em></span> <span class='ocrx_word' id='word_1_98' title='bbox 320 1380 363 1421; x_wconf 80' lang='grc' dir='ltr'>δὲ</span> <span class='ocrx_word' id='word_1_99' title='bbox 386 1379 518 1433; x_wconf 74' lang='grc' dir='ltr'><em>οἰκός]</em></span> <span class='ocrx_word' id='word_1_100' title='bbox 549 1379 656 1429; x_wconf 83' lang='grc' dir='ltr'><em>οἰκὸς</em></span> <span class='ocrx_word' id='word_1_101' title='bbox 686 1383 762 1420; x_wconf 89' lang='lat' dir='ltr'>bini</span> 
     </span>
     <span class='ocr_line' id='line_1_17' title="bbox 109 1436 761 1489; baseline 0.006 -15"><span class='ocrx_word' id='word_1_102' title='bbox 109 1437 190 1474; x_wconf 89' lang='lat' dir='ltr'>libri</span> <span class='ocrx_word' id='word_1_103' title='bbox 219 1439 398 1488; x_wconf 83' lang='lat' dir='ltr'>praebent</span> <span class='ocrx_word' id='word_1_104' title='bbox 424 1452 492 1489; x_wconf 89' lang='lat' dir='ltr'>pro</span> <span class='ocrx_word' id='word_1_105' title='bbox 524 1440 620 1487; x_wconf 80' lang='lat' dir='ltr'>vulg.</span> <span class='ocrx_word' id='word_1_106' title='bbox 646 1436 761 1486; x_wconf 79' lang='grc' dir='ltr'><em>εἰκὸς,</em></span> 
     </span>
     <span class='ocr_line' id='line_1_18' title="bbox 109 1495 763 1544; baseline 0.002 -14"><span class='ocrx_word' id='word_1_107' title='bbox 109 1495 210 1544; x_wconf 90' lang='lat' dir='ltr'>quod</span> <span class='ocrx_word' id='word_1_108' title='bbox 236 1508 316 1532; x_wconf 87' lang='lat' dir='ltr'>cum</span> <span class='ocrx_word' id='word_1_109' title='bbox 355 1500 505 1533; x_wconf 87' lang='lat' dir='ltr'>recentt.</span> <span class='ocrx_word' id='word_1_110' title='bbox 538 1496 640 1533; x_wconf 83' lang='lat' dir='ltr'>editt.</span> <span class='ocrx_word' id='word_1_111' title='bbox 673 1496 763 1532; x_wconf 83' lang='lat' dir='ltr'>abii-</span> 
     </span>
     <span class='ocr_line' id='line_1_19' title="bbox 109 1551 762 1600; baseline 0.002 -12"><span class='ocrx_word' id='word_1_112' title='bbox 109 1551 279 1588; x_wconf 76' lang='lat' dir='ltr'>ciendum</span> <span class='ocrx_word' id='word_1_113' title='bbox 299 1553 421 1588; x_wconf 80' lang='lat' dir='ltr'>censui</span> <span class='ocrx_word' id='word_1_114' title='bbox 441 1553 484 1589; x_wconf 50' lang='lat' dir='ltr'>eei</span> <span class='ocrx_word' id='word_1_115' title='bbox 504 1565 546 1589; x_wconf 88' lang='lat' dir='ltr'>ex</span> <span class='ocrx_word' id='word_1_116' title='bbox 564 1552 659 1600; x_wconf 86' lang='lat' dir='ltr'>lege,</span> <span class='ocrx_word' id='word_1_117' title='bbox 690 1552 762 1600; x_wconf 61' lang='lat' dir='ltr'>quii</span> 
     </span>
     <span class='ocr_line' id='line_1_20' title="bbox 110 1607 761 1657; baseline 0.002 -14"><span class='ocrx_word' id='word_1_118' title='bbox 110 1608 147 1644; x_wconf 91' lang='lat' dir='ltr'>in</span> <span class='ocrx_word' id='word_1_119' title='bbox 171 1607 301 1644; x_wconf 81' lang='lat' dir='ltr'>talibus</span> <span class='ocrx_word' id='word_1_120' title='bbox 328 1609 565 1657; x_wconf 82' lang='lat' dir='ltr'>probatorum</span> <span class='ocrx_word' id='word_1_121' title='bbox 587 1609 761 1645; x_wconf 88' lang='lat' dir='ltr'>librorum</span> 
     </span>
     <span class='ocr_line' id='line_1_21' title="bbox 111 1665 763 1714; baseline 0.005 -15"><span class='ocrx_word' id='word_1_122' title='bbox 111 1665 362 1701; x_wconf 81' lang='lat' dir='ltr'>auctoritatem</span> <span class='ocrx_word' id='word_1_123' title='bbox 398 1666 594 1714; x_wconf 78' lang='lat' dir='ltr'>praecipue</span> <span class='ocrx_word' id='word_1_124' title='bbox 631 1677 763 1713; x_wconf 89' lang='lat' dir='ltr'>seque-</span> 
     </span>
     <span class='ocr_line' id='line_1_22' title="bbox 109 1720 764 1770; baseline 0.002 -14"><span class='ocrx_word' id='word_1_125' title='bbox 109 1733 179 1756; x_wconf 92' lang='lat' dir='ltr'>rer.</span> <span class='ocrx_word' id='word_1_126' title='bbox 238 1720 326 1757; x_wconf 88' lang='lat' dir='ltr'>Ideo</span> <span class='ocrx_word' id='word_1_127' title='bbox 354 1720 411 1767; x_wconf 89' lang='lat' dir='ltr'>Il,</span> <span class='ocrx_word' id='word_1_128' title='bbox 440 1725 495 1762; x_wconf 78' lang='lat'>22</span> <span class='ocrx_word' id='word_1_129' title='bbox 523 1721 649 1770; x_wconf 86' lang='lat' dir='ltr'>reliqui</span> <span class='ocrx_word' id='word_1_130' title='bbox 669 1721 764 1757; x_wconf 84' lang='lat' dir='ltr'>inta-</span> 
     </span>
     <span class='ocr_line' id='line_1_23' title="bbox 111 1773 761 1826; baseline 0.002 -13"><span class='ocrx_word' id='word_1_131' title='bbox 111 1782 208 1813; x_wconf 88' lang='lat' dir='ltr'>ctum</span> <span class='ocrx_word' id='word_1_132' title='bbox 251 1773 376 1823; x_wconf 76' lang='grc' dir='ltr'><em>εἰκός,</em></span> <span class='ocrx_word' id='word_1_133' title='bbox 424 1778 561 1826; x_wconf 85' lang='lat' dir='ltr'>quippe</span> <span class='ocrx_word' id='word_1_134' title='bbox 596 1778 761 1814; x_wconf 86' lang='lat' dir='ltr'>omnibus</span> 
     </span>
     <span class='ocr_line' id='line_1_24' title="bbox 110 1832 765 1870; baseline 0.003 -2"><span class='ocrx_word' id='word_1_135' title='bbox 110 1832 208 1869; x_wconf 89' lang='lat' dir='ltr'>libris</span> <span class='ocrx_word' id='word_1_136' title='bbox 224 1832 414 1869; x_wconf 86' lang='lat' dir='ltr'>firmatum.</span> <span class='ocrx_word' id='word_1_137' title='bbox 461 1833 540 1870; x_wconf 91' lang='lat' dir='ltr'>Nec</span> <span class='ocrx_word' id='word_1_138' title='bbox 560 1834 705 1869; x_wconf 89' lang='lat' dir='ltr'>omnino</span> <span class='ocrx_word' id='word_1_139' title='bbox 726 1834 765 1870; x_wconf 88' lang='lat' dir='ltr'>in</span> 
     </span>
     <span class='ocr_line' id='line_1_25' title="bbox 111 1889 765 1926; baseline -0.002 -1"><span class='ocrx_word' id='word_1_140' title='bbox 111 1889 288 1925; x_wconf 81' lang='lat' dir='ltr'>eiusmodi</span> <span class='ocrx_word' id='word_1_141' title='bbox 308 1889 417 1925; x_wconf 83' lang='lat' dir='ltr'>rebus</span> <span class='ocrx_word' id='word_1_142' title='bbox 435 1894 660 1926; x_wconf 77' lang='lat' dir='ltr'>constantem</span> <span class='ocrx_word' id='word_1_143' title='bbox 677 1889 765 1925; x_wconf 88' lang='lat' dir='ltr'>fuis-</span> 
     </span>
     <span class='ocr_line' id='line_1_26' title="bbox 113 1944 768 1983; baseline 0.003 -2"><span class='ocrx_word' id='word_1_144' title='bbox 113 1958 152 1981; x_wconf 86' lang='lat' dir='ltr'>se</span> <span class='ocrx_word' id='word_1_145' title='bbox 184 1945 413 1981; x_wconf 85' lang='lat' dir='ltr'>Herodotum</span> <span class='ocrx_word' id='word_1_146' title='bbox 449 1945 610 1982; x_wconf 79' lang='lat' dir='ltr'>dixerim.</span> <span class='ocrx_word' id='word_1_147' title='bbox 677 1944 768 1983; x_wconf 85' lang='lat' dir='ltr'>Mox</span> 
     </span>
     <span class='ocr_line' id='line_1_27' title="bbox 111 1999 766 2050; baseline 0.002 -13"><span class='ocrx_word' id='word_1_148' title='bbox 111 2001 231 2050; x_wconf 88' lang='lat' dir='ltr'>recepi</span> <span class='ocrx_word' id='word_1_149' title='bbox 269 1999 498 2039; x_wconf 76' lang='grc' dir='ltr'>κατανοέειν</span> <span class='ocrx_word' id='word_1_150' title='bbox 531 2014 610 2038; x_wconf 87' lang='lat' dir='ltr'>cum</span> <span class='ocrx_word' id='word_1_151' title='bbox 648 2002 766 2039; x_wconf 84' lang='lat' dir='ltr'>Gaisf.</span> 
     </span>
     <span class='ocr_line' id='line_1_28' title="bbox 111 2061 416 2107; baseline 0.007 -16"><span class='ocrx_word' id='word_1_152' title='bbox 111 2070 177 2107; x_wconf 88' lang='lat' dir='ltr'>pro</span> <span class='ocrx_word' id='word_1_153' title='bbox 195 2061 416 2095; x_wconf 79' lang='grc' dir='ltr'><em>κατανοεῖν.</em></span> 
     </span>
    </p>

    <p class='ocr_par' dir='ltr' id='par_1_17' title="bbox 110 2109 768 2896">
     <span class='ocr_line' id='line_1_29' title="bbox 170 2109 766 2163; baseline 0.003 -13"><span class='ocrx_word' id='word_1_154' title='bbox 170 2113 211 2151; x_wconf 81' lang='grc' dir='ltr'>οἱ</span> <span class='ocrx_word' id='word_1_155' title='bbox 235 2110 370 2163; x_wconf 76' lang='grc' dir='ltr'><em>ἰχθύες·</em></span> <span class='ocrx_word' id='word_1_156' title='bbox 393 2109 611 2160; x_wconf 78' lang='grc' dir='ltr'><em>ἐντεκόντες</em></span> <span class='ocrx_word' id='word_1_157' title='bbox 642 2109 702 2152; x_wconf 72' lang='grc' dir='ltr'><em>ωἰἓ</em></span> <span class='ocrx_word' id='word_1_158' title='bbox 725 2113 766 2160; x_wconf 79' lang='grc' dir='ltr'>ἐς</span> 
     </span>
     <span class='ocr_line' id='line_1_30' title="bbox 111 2166 767 2220; baseline -0.002 -13"><span class='ocrx_word' id='word_1_159' title='bbox 111 2166 183 2219; x_wconf 72' lang='grc' dir='ltr'><em>τήν</em></span> <span class='ocrx_word' id='word_1_160' title='bbox 205 2167 310 2220; x_wconf 71' lang='grc' dir='ltr'><em>ἰλύν]</em></span> <span class='ocrx_word' id='word_1_161' title='bbox 342 2169 461 2219; x_wconf 73' lang='lat' dir='ltr'>Vulgo</span> <span class='ocrx_word' id='word_1_162' title='bbox 487 2166 681 2218; x_wconf 85' lang='grc' dir='ltr'><em>τεκόντες,</em></span> <span class='ocrx_word' id='word_1_163' title='bbox 704 2175 767 2207; x_wconf 84' lang='lat' dir='ltr'>aut</span> 
     </span>
     <span class='ocr_line' id='line_1_31' title="bbox 110 2221 764 2277; baseline -0.003 -13"><span class='ocrx_word' id='word_1_164' title='bbox 110 2221 353 2273; x_wconf 77' lang='grc' dir='ltr'><em>ἐκτεκόντες,</em></span> <span class='ocrx_word' id='word_1_165' title='bbox 399 2226 482 2263; x_wconf 87' lang='lat' dir='ltr'>licet</span> <span class='ocrx_word' id='word_1_166' title='bbox 514 2227 656 2277; x_wconf 87' lang='lat' dir='ltr'>plurimi</span> <span class='ocrx_word' id='word_1_167' title='bbox 685 2227 764 2263; x_wconf 85' lang='lat' dir='ltr'>libri</span> 
     </span>
     <span class='ocr_line' id='line_1_32' title="bbox 113 2279 765 2333; baseline 0 -14"><span class='ocrx_word' id='word_1_168' title='bbox 113 2279 349 2329; x_wconf 79' lang='grc' dir='ltr'><em>ἐντεκόντες,</em></span> <span class='ocrx_word' id='word_1_169' title='bbox 371 2284 469 2331; x_wconf 87' lang='lat' dir='ltr'>quod</span> <span class='ocrx_word' id='word_1_170' title='bbox 491 2284 651 2333; x_wconf 86' lang='lat' dir='ltr'>recipere</span> <span class='ocrx_word' id='word_1_171' title='bbox 667 2283 765 2319; x_wconf 82' lang='lat' dir='ltr'>haud</span> 
     </span>
     <span class='ocr_line' id='line_1_33' title="bbox 113 2339 764 2388; baseline 0.003 -14"><span class='ocrx_word' id='word_1_172' title='bbox 113 2339 295 2384; x_wconf 76' lang='lat' dir='ltr'>dubitavi,</span> <span class='ocrx_word' id='word_1_173' title='bbox 326 2340 583 2387; x_wconf 85' lang='lat' dir='ltr'>praeeuntibus</span> <span class='ocrx_word' id='word_1_174' title='bbox 596 2339 764 2388; x_wconf 77' lang='lat' dir='ltr'>Schwgh.</span> 
     </span>
     <span class='ocr_line' id='line_1_34' title="bbox 114 2394 764 2446; baseline 0.002 -15"><span class='ocrx_word' id='word_1_175' title='bbox 114 2399 149 2431; x_wconf 82' lang='lat' dir='ltr'>et</span> <span class='ocrx_word' id='word_1_176' title='bbox 168 2394 354 2432; x_wconf 68' lang='lat' dir='ltr'>Gaissord.</span> <span class='ocrx_word' id='word_1_177' title='bbox 413 2395 477 2432; x_wconf 90' lang='lat' dir='ltr'>llle</span> <span class='ocrx_word' id='word_1_178' title='bbox 509 2396 559 2432; x_wconf 85' lang='lat' dir='ltr'>sic</span> <span class='ocrx_word' id='word_1_179' title='bbox 586 2396 764 2446; x_wconf 87' lang='lat' dir='ltr'>interpre-</span> 
     </span>
     <span class='ocr_line' id='line_1_35' title="bbox 113 2453 765 2501; baseline 0.003 -15"><span class='ocrx_word' id='word_1_180' title='bbox 113 2454 226 2486; x_wconf 78' lang='lat' dir='ltr'>tatur:</span> <span class='ocrx_word' id='word_1_181' title='bbox 274 2453 435 2498; x_wconf 77' lang='lat' dir='ltr'>‚‚p1&#39;sces‚</span> <span class='ocrx_word' id='word_1_182' title='bbox 470 2456 657 2501; x_wconf 73' lang='lat' dir='ltr'>postquam</span> <span class='ocrx_word' id='word_1_183' title='bbox 698 2464 765 2488; x_wconf 85' lang='lat' dir='ltr'>ova</span> 
     </span>
     <span class='ocr_line' id='line_1_36' title="bbox 113 2505 766 2555; baseline 0.005 -14"><span class='ocrx_word' id='word_1_184' title='bbox 113 2507 148 2541; x_wconf 73' lang='lat' dir='ltr'>in</span> <span class='ocrx_word' id='word_1_185' title='bbox 170 2505 251 2541; x_wconf 75' lang='lat' dir='ltr'>limo</span> <span class='ocrx_word' id='word_1_186' title='bbox 273 2507 538 2555; x_wconf 62' lang='lat' dir='ltr'>deposueruntf‘</span> <span class='ocrx_word' id='word_1_187' title='bbox 575 2509 685 2551; x_wconf 86' lang='lat' dir='ltr'>Quod</span> <span class='ocrx_word' id='word_1_188' title='bbox 701 2520 766 2544; x_wconf 83' lang='lat' dir='ltr'>an·-</span> 
     </span>
     <span class='ocr_line' id='line_1_37' title="bbox 113 2559 766 2616; baseline 0.008 -19"><span class='ocrx_word' id='word_1_189' title='bbox 113 2563 265 2598; x_wconf 81' lang='lat' dir='ltr'>tecedit:</span> <span class='ocrx_word' id='word_1_190' title='bbox 294 2560 412 2600; x_wconf 70' lang='grc' dir='ltr'><em>ἐπειὶν</em></span> <span class='ocrx_word' id='word_1_191' title='bbox 433 2559 607 2616; x_wconf 65' lang='grc' dir='ltr'><em>ἀπολίπῃ</em></span> <span class='ocrx_word' id='word_1_192' title='bbox 629 2562 651 2602; x_wconf 81' lang='grc' dir='ltr'>ὁ</span> <span class='ocrx_word' id='word_1_193' title='bbox 675 2566 766 2602; x_wconf 84' lang='grc' dir='ltr'><em>Νεῖ-</em></span> 
     </span>
     <span class='ocr_line' id='line_1_38' title="bbox 114 2618 768 2668; baseline 0 -13"><span class='ocrx_word' id='word_1_194' title='bbox 114 2620 203 2665; x_wconf 84' lang='grc' dir='ltr'>λος,</span> <span class='ocrx_word' id='word_1_195' title='bbox 234 2619 282 2655; x_wconf 86' lang='lat' dir='ltr'>de</span> <span class='ocrx_word' id='word_1_196' title='bbox 303 2618 378 2655; x_wconf 72' lang='lat' dir='ltr'>Nli</span> <span class='ocrx_word' id='word_1_197' title='bbox 399 2633 494 2668; x_wconf 77' lang='lat' dir='ltr'>aqua</span> <span class='ocrx_word' id='word_1_198' title='bbox 517 2620 707 2665; x_wconf 75' lang='lat' dir='ltr'>recedente,</span> <span class='ocrx_word' id='word_1_199' title='bbox 730 2624 768 2656; x_wconf 87' lang='lat' dir='ltr'>ut</span> 
     </span>
     <span class='ocr_line' id='line_1_39' title="bbox 113 2672 766 2724; baseline 0.002 -13"><span class='ocrx_word' id='word_1_200' title='bbox 113 2687 197 2711; x_wconf 84' lang='lat' dir='ltr'>mox</span> <span class='ocrx_word' id='word_1_201' title='bbox 217 2672 451 2724; x_wconf 81' lang='grc' dir='ltr'><em>ἐπέρχεσθαι</em></span> <span class='ocrx_word' id='word_1_202' title='bbox 471 2676 517 2712; x_wconf 83' lang='grc'><strong>(16</strong></span> <span class='ocrx_word' id='word_1_203' title='bbox 537 2676 717 2712; x_wconf 76' lang='lat' dir='ltr'>accedente</span> <span class='ocrx_word' id='word_1_204' title='bbox 730 2679 766 2712; x_wconf 83' lang='lat' dir='ltr'>et</span> 
     </span>
     <span class='ocr_line' id='line_1_40' title="bbox 112 2732 765 2781; baseline 0.003 -15"><span class='ocrx_word' id='word_1_205' title='bbox 112 2735 279 2767; x_wconf 79' lang='lat' dir='ltr'>crescente</span> <span class='ocrx_word' id='word_1_206' title='bbox 314 2732 585 2781; x_wconf 77' lang='lat' dir='ltr'>accipiendum3</span> <span class='ocrx_word' id='word_1_207' title='bbox 624 2733 687 2769; x_wconf 89' lang='lat' dir='ltr'>ubi</span> <span class='ocrx_word' id='word_1_208' title='bbox 717 2732 765 2768; x_wconf 83' lang='lat' dir='ltr'>ad</span> 
     </span>
     <span class='ocr_line' id='line_1_41' title="bbox 114 2782 767 2840; baseline 0.002 -16"><span class='ocrx_word' id='word_1_209' title='bbox 114 2782 292 2840; x_wconf 63' lang='grc' dir='ltr'><em>ἀπολίπῃ</em></span> <span class='ocrx_word' id='word_1_210' title='bbox 311 2788 478 2837; x_wconf 81' lang='lat' dir='ltr'>supplere</span> <span class='ocrx_word' id='word_1_211' title='bbox 498 2787 580 2825; x_wconf 87' lang='lat' dir='ltr'>licet</span> <span class='ocrx_word' id='word_1_212' title='bbox 597 2785 643 2826; x_wconf 74' lang='grc' dir='ltr'>τὰ</span> <span class='ocrx_word' id='word_1_213' title='bbox 653 2790 767 2826; x_wconf 85' lang='grc' dir='ltr'><em>κοῖλοι</em></span> 
     </span>
     <span class='ocr_line' id='line_1_42' title="bbox 115 2839 768 2896; baseline 0.003 -16"><span class='ocrx_word' id='word_1_214' title='bbox 115 2857 144 2880; x_wconf 86' lang='lat' dir='ltr'>s.</span> <span class='ocrx_word' id='word_1_215' title='bbox 176 2839 248 2894; x_wconf 73' lang='grc' dir='ltr'><em>τήν</em></span> <span class='ocrx_word' id='word_1_216' title='bbox 273 2845 349 2896; x_wconf 79' lang='grc' dir='ltr'><em>γῆν</em></span> <span class='ocrx_word' id='word_1_217' title='bbox 380 2848 515 2895; x_wconf 69' lang='lat' dir='ltr'><em>(qaam</em></span> <span class='ocrx_word' id='word_1_218' title='bbox 543 2844 617 2882; x_wconf 81' lang='lat' dir='ltr'>scil.</span> <span class='ocrx_word' id='word_1_219' title='bbox 639 2848 768 2882; x_wconf 77' lang='lat' dir='ltr'>terram</span> 
     </span>
    </p>
   </div>
   <div class='ocr_carea' id='block_1_17' title="bbox 829 1380 1487 1544">
    <p class='ocr_par' dir='ltr' id='par_1_18' title="bbox 829 1380 1487 1544">
     <span class='ocr_line' id='line_1_43' title="bbox 829 1380 1487 1429; baseline 0 -11"><span class='ocrx_word' id='word_1_220' title='bbox 829 1395 981 1420; x_wconf 81' lang='lat' dir='ltr'>crescens</span> <span class='ocrx_word' id='word_1_221' title='bbox 995 1381 1271 1429; x_wconf 80' lang='lat' dir='ltr'>z&#39;nundaverat);</span> <span class='ocrx_word' id='word_1_222' title='bbox 1296 1383 1340 1419; x_wconf 91' lang='lat' dir='ltr'>cf.</span> <span class='ocrx_word' id='word_1_223' title='bbox 1363 1381 1408 1429; x_wconf 89' lang='grc' dir='ltr'>ΙΙ,</span> <span class='ocrx_word' id='word_1_224' title='bbox 1423 1380 1487 1422; x_wconf 71' lang='grc'><strong>14.</strong></span> 
     </span>
     <span class='ocr_line' id='line_1_44' title="bbox 830 1438 1486 1487; baseline -0.002 -13"><span class='ocrx_word' id='word_1_225' title='bbox 830 1443 905 1483; x_wconf 81' lang='lat'>223</span> <span class='ocrx_word' id='word_1_226' title='bbox 947 1451 1039 1487; x_wconf 89' lang='lat' dir='ltr'>quos</span> <span class='ocrx_word' id='word_1_227' title='bbox 1069 1438 1168 1475; x_wconf 89' lang='lat' dir='ltr'>locos</span> <span class='ocrx_word' id='word_1_228' title='bbox 1198 1439 1268 1474; x_wconf 58' lang='lat' dir='ltr'>unzi</span> <span class='ocrx_word' id='word_1_229' title='bbox 1299 1450 1377 1474; x_wconf 89' lang='lat' dir='ltr'>cum</span> <span class='ocrx_word' id='word_1_230' title='bbox 1409 1438 1486 1474; x_wconf 86' lang='lat' dir='ltr'>aliis</span> 
     </span>
     <span class='ocr_line' id='line_1_45' title="bbox 829 1493 1487 1544; baseline 0 -14"><span class='ocrx_word' id='word_1_231' title='bbox 829 1495 980 1531; x_wconf 85' lang='lat' dir='ltr'>aliorum</span> <span class='ocrx_word' id='word_1_232' title='bbox 993 1495 1204 1544; x_wconf 83' lang='lat' dir='ltr'>scriptorum</span> <span class='ocrx_word' id='word_1_233' title='bbox 1217 1493 1487 1531; x_wconf 64' lang='lat' dir='ltr'>laudavither-</span> 
     </span>
    </p>
   </div>
   <div class='ocr_carea' id='block_1_18' title="bbox 829 1550 1487 1685">
    <p class='ocr_par' dir='ltr' id='par_1_19' title="bbox 829 1550 1487 1685">
     <span class='ocr_line' id='line_1_46' title="bbox 829 1550 1487 1601; baseline -0.006 -11"><span class='ocrx_word' id='word_1_234' title='bbox 829 1552 895 1590; x_wconf 81' lang='lat' dir='ltr'>fer.</span> <span class='ocrx_word' id='word_1_235' title='bbox 916 1551 954 1587; x_wconf 91' lang='lat' dir='ltr'>in</span> <span class='ocrx_word' id='word_1_236' title='bbox 972 1555 1055 1588; x_wconf 89' lang='lat' dir='ltr'>actt.</span> <span class='ocrx_word' id='word_1_237' title='bbox 1077 1551 1177 1601; x_wconf 86' lang='lat' dir='ltr'>phill.</span> <span class='ocrx_word' id='word_1_238' title='bbox 1195 1550 1351 1587; x_wconf 88' lang='lat' dir='ltr'>Monn.I</span> <span class='ocrx_word' id='word_1_239' title='bbox 1371 1551 1487 1600; x_wconf 78' lang='lat' dir='ltr'>p.87‚</span> 
     </span>
     <span class='ocr_line' id='line_1_47' title="bbox 1027 1634 1301 1685; baseline 0.004 -14"><span class='ocrx_word' id='word_1_240' title='bbox 1027 1635 1059 1672; x_wconf 90' lang='lat' dir='ltr'>C</span> <span class='ocrx_word' id='word_1_241' title='bbox 1070 1647 1090 1671; x_wconf 88' lang='lat' dir='ltr'>a</span> <span class='ocrx_word' id='word_1_242' title='bbox 1101 1647 1138 1685; x_wconf 88' lang='lat' dir='ltr'>p.</span> <span class='ocrx_word' id='word_1_243' title='bbox 1165 1634 1301 1672; x_wconf 87' lang='lat' dir='ltr'>XCIV.</span> 
     </span>
    </p>
   </div>
   <div class='ocr_carea' id='block_1_19' title="bbox 830 1715 1493 2894">
    <p class='ocr_par' dir='ltr' id='par_1_20' title="bbox 831 1715 1493 2094">
     <span class='ocr_line' id='line_1_48' title="bbox 891 1715 1493 1768; baseline 0 -11"><span class='ocrx_word' id='word_1_244' title='bbox 891 1717 931 1758; x_wconf 78' lang='grc' dir='ltr'>οἱ</span> <span class='ocrx_word' id='word_1_245' title='bbox 952 1716 1043 1768; x_wconf 85' lang='grc' dir='ltr'><em>περὶ</em></span> <span class='ocrx_word' id='word_1_246' title='bbox 1064 1715 1113 1757; x_wconf 71' lang='lat' dir='ltr'>to?</span> <span class='ocrx_word' id='word_1_247' title='bbox 1146 1717 1231 1758; x_wconf 73' lang='grc' dir='ltr'><em>ἕλεα</em></span> <span class='ocrx_word' id='word_1_248' title='bbox 1266 1716 1493 1764; x_wconf 63' lang='grc' dir='ltr'><em>οἰκέοντες]</em></span> 
     </span>
     <span class='ocr_line' id='line_1_49' title="bbox 832 1776 1487 1824; baseline 0 -13"><span class='ocrx_word' id='word_1_249' title='bbox 832 1776 941 1812; x_wconf 87' lang='lat' dir='ltr'>Conf.</span> <span class='ocrx_word' id='word_1_250' title='bbox 976 1788 1085 1824; x_wconf 85' lang='lat' dir='ltr'>supra</span> <span class='ocrx_word' id='word_1_251' title='bbox 1118 1776 1165 1812; x_wconf 84' lang='lat' dir='ltr'>ad</span> <span class='ocrx_word' id='word_1_252' title='bbox 1205 1776 1260 1822; x_wconf 85' lang='lat'>11,</span> <span class='ocrx_word' id='word_1_253' title='bbox 1302 1779 1356 1817; x_wconf 79' lang='lat'>92</span> <span class='ocrx_word' id='word_1_254' title='bbox 1391 1778 1487 1811; x_wconf 80' lang='lat' dir='ltr'>nott.</span> 
     </span>
     <span class='ocr_line' id='line_1_50' title="bbox 831 1830 1487 1880; baseline 0 -13"><span class='ocrx_word' id='word_1_255' title='bbox 831 1830 1040 1880; x_wconf 79' lang='lat' dir='ltr'>Aegyptum</span> <span class='ocrx_word' id='word_1_256' title='bbox 1060 1831 1218 1868; x_wconf 77' lang='lat' dir='ltr'>olearum</span> <span class='ocrx_word' id='word_1_257' title='bbox 1240 1833 1394 1869; x_wconf 82' lang='lat' dir='ltr'>feracem</span> <span class='ocrx_word' id='word_1_258' title='bbox 1413 1844 1487 1868; x_wconf 90' lang='lat' dir='ltr'>non</span> 
     </span>
     <span class='ocr_line' id='line_1_51' title="bbox 834 1888 1487 1938; baseline -0.005 -13"><span class='ocrx_word' id='word_1_259' title='bbox 834 1901 915 1925; x_wconf 86' lang='lat' dir='ltr'>esse</span> <span class='ocrx_word' id='word_1_260' title='bbox 939 1888 1023 1924; x_wconf 80' lang='lat' dir='ltr'>satis</span> <span class='ocrx_word' id='word_1_261' title='bbox 1039 1892 1193 1924; x_wconf 78' lang='lat' dir='ltr'>constat.</span> <span class='ocrx_word' id='word_1_262' title='bbox 1218 1894 1223 1900; x_wconf 91' lang='grc'><em>“</em></span> <span class='ocrx_word' id='word_1_263' title='bbox 1252 1888 1487 1938; x_wconf 79' lang='lat' dir='ltr'>Quapropter</span> 
     </span>
     <span class='ocr_line' id='line_1_52' title="bbox 832 1943 1487 1994; baseline 0 -14"><span class='ocrx_word' id='word_1_264' title='bbox 832 1949 980 1994; x_wconf 80' lang='lat' dir='ltr'>postera</span> <span class='ocrx_word' id='word_1_265' title='bbox 1021 1948 1141 1981; x_wconf 80' lang='lat' dir='ltr'>aetate</span> <span class='ocrx_word' id='word_1_266' title='bbox 1189 1944 1339 1981; x_wconf 81' lang='lat' dir='ltr'>multum</span> <span class='ocrx_word' id='word_1_267' title='bbox 1367 1943 1435 1980; x_wconf 90' lang='lat' dir='ltr'>olei</span> <span class='ocrx_word' id='word_1_268' title='bbox 1466 1956 1487 1980; x_wconf 94' lang='lat' dir='ltr'>e</span> 
     </span>
     <span class='ocr_line' id='line_1_53' title="bbox 835 2000 1485 2048; baseline -0.002 -12"><span class='ocrx_word' id='word_1_269' title='bbox 835 2000 991 2037; x_wconf 81' lang='lat' dir='ltr'>Graecia</span> <span class='ocrx_word' id='word_1_270' title='bbox 1011 2000 1162 2048; x_wconf 78' lang='lat' dir='ltr'>aliisque</span> <span class='ocrx_word' id='word_1_271' title='bbox 1180 2001 1391 2048; x_wconf 81' lang='lat' dir='ltr'>regionibus</span> <span class='ocrx_word' id='word_1_272' title='bbox 1418 2000 1485 2036; x_wconf 81' lang='lat' dir='ltr'>ad-</span> 
     </span>
     <span class='ocr_line' id='line_1_54' title="bbox 831 2056 1265 2094; baseline 0 -1"><span class='ocrx_word' id='word_1_273' title='bbox 831 2061 973 2094; x_wconf 75' lang='lat' dir='ltr'>vectum</span> <span class='ocrx_word' id='word_1_274' title='bbox 993 2070 1072 2093; x_wconf 83' lang='lat' dir='ltr'>esse</span> <span class='ocrx_word' id='word_1_275' title='bbox 1087 2056 1265 2093; x_wconf 73' lang='lat' dir='ltr'>novimus.</span> 
     </span>
    </p>

    <p class='ocr_par' dir='ltr' id='par_1_21' title="bbox 830 2108 1488 2894">
     <span class='ocr_line' id='line_1_55' title="bbox 892 2108 1487 2163; baseline -0.003 -13"><span class='ocrx_word' id='word_1_276' title='bbox 892 2108 971 2151; x_wconf 64' lang='lat' dir='ltr'>eino*</span> <span class='ocrx_word' id='word_1_277' title='bbox 994 2115 1072 2150; x_wconf 82' lang='grc' dir='ltr'><em>τῶν</em></span> <span class='ocrx_word' id='word_1_278' title='bbox 1103 2111 1384 2163; x_wconf 78' lang='grc' dir='ltr'><em>σιλλικυπρίων</em></span> <span class='ocrx_word' id='word_1_279' title='bbox 1414 2112 1487 2149; x_wconf 84' lang='grc' dir='ltr'>τοῦ</span> 
     </span>
     <span class='ocr_line' id='line_1_56' title="bbox 833 2165 1487 2219; baseline -0.003 -11"><span class='ocrx_word' id='word_1_280' title='bbox 833 2170 1014 2219; x_wconf 78' lang='grc' dir='ltr'><em>καρποῦ,</em></span> <span class='ocrx_word' id='word_1_281' title='bbox 1045 2166 1088 2207; x_wconf 77' lang='grc' dir='ltr'>τό</span> <span class='ocrx_word' id='word_1_282' title='bbox 1119 2172 1281 2207; x_wconf 79' lang='grc' dir='ltr'><em>καλεῦσι</em></span> <span class='ocrx_word' id='word_1_283' title='bbox 1315 2165 1386 2218; x_wconf 78' lang='grc' dir='ltr'><em>μὲν</em></span> <span class='ocrx_word' id='word_1_284' title='bbox 1415 2167 1487 2205; x_wconf 86' lang='grc' dir='ltr'>Λί-</span> 
     </span>
     <span class='ocr_line' id='line_1_57' title="bbox 831 2221 1488 2280; baseline -0.008 -16"><span class='ocrx_word' id='word_1_285' title='bbox 831 2221 991 2280; x_wconf 73' lang='grc' dir='ltr'><em>γύπτιοι</em></span> <span class='ocrx_word' id='word_1_286' title='bbox 1012 2223 1115 2275; x_wconf 84' lang='grc' dir='ltr'><em>κίκι]</em></span> <span class='ocrx_word' id='word_1_287' title='bbox 1153 2225 1292 2263; x_wconf 82' lang='lat' dir='ltr'>Similia</span> <span class='ocrx_word' id='word_1_288' title='bbox 1317 2225 1488 2272; x_wconf 83' lang='lat' dir='ltr'>leguntur</span> 
     </span>
     <span class='ocr_line' id='line_1_58' title="bbox 832 2280 1487 2332; baseline 0 -12"><span class='ocrx_word' id='word_1_289' title='bbox 832 2283 930 2332; x_wconf 77' lang='lat' dir='ltr'>apud</span> <span class='ocrx_word' id='word_1_290' title='bbox 956 2282 1128 2319; x_wconf 77' lang='lat' dir='ltr'>Strabon.</span> <span class='ocrx_word' id='word_1_291' title='bbox 1157 2282 1263 2319; x_wconf 76' lang='lat' dir='ltr'>XVII</span> <span class='ocrx_word' id='word_1_292' title='bbox 1292 2295 1327 2331; x_wconf 88' lang='lat' dir='ltr'>p.</span> <span class='ocrx_word' id='word_1_293' title='bbox 1347 2280 1428 2322; x_wconf 78' lang='grc'>824-</span> <span class='ocrx_word' id='word_1_294' title='bbox 1457 2293 1487 2316; x_wconf 77' lang='lat' dir='ltr'>s-</span> 
     </span>
     <span class='ocr_line' id='line_1_59' title="bbox 835 2335 1486 2387; baseline -0.011 -8"><span class='ocrx_word' id='word_1_295' title='bbox 835 2342 954 2379; x_wconf 83' lang='lat'>1179.</span> <span class='ocrx_word' id='word_1_296' title='bbox 990 2339 1145 2376; x_wconf 81' lang='lat' dir='ltr'>Diodor.</span> <span class='ocrx_word' id='word_1_297' title='bbox 1167 2338 1277 2375; x_wconf 86' lang='lat' dir='ltr'>Sicul.</span> <span class='ocrx_word' id='word_1_298' title='bbox 1302 2338 1311 2373; x_wconf 90' lang='grc'><strong>1</strong></span> <span class='ocrx_word' id='word_1_299' title='bbox 1342 2351 1398 2387; x_wconf 89' lang='lat' dir='ltr'>cp.</span> <span class='ocrx_word' id='word_1_300' title='bbox 1417 2335 1486 2382; x_wconf 79' lang='lat'>34,</span> 
     </span>
     <span class='ocr_line' id='line_1_60' title="bbox 831 2392 1486 2443; baseline -0.009 -11"><span class='ocrx_word' id='word_1_301' title='bbox 831 2395 1055 2443; x_wconf 69' lang='lat' dir='ltr'>Hesychium</span> <span class='ocrx_word' id='word_1_302' title='bbox 1093 2408 1120 2431; x_wconf 79' lang='lat' dir='ltr'>S.</span> <span class='ocrx_word' id='word_1_303' title='bbox 1150 2408 1184 2431; x_wconf 91' lang='lat' dir='ltr'>v.</span> <span class='ocrx_word' id='word_1_304' title='bbox 1229 2394 1340 2440; x_wconf 86' lang='grc' dir='ltr'><em>κίκι,</em></span> <span class='ocrx_word' id='word_1_305' title='bbox 1381 2392 1486 2438; x_wconf 82' lang='lat' dir='ltr'>alios,</span> 
     </span>
     <span class='ocr_line' id='line_1_61' title="bbox 835 2448 1487 2500; baseline -0.005 -13"><span class='ocrx_word' id='word_1_306' title='bbox 835 2465 926 2500; x_wconf 86' lang='lat' dir='ltr'>quos</span> <span class='ocrx_word' id='word_1_307' title='bbox 955 2451 1062 2488; x_wconf 79' lang='lat' dir='ltr'>affert</span> <span class='ocrx_word' id='word_1_308' title='bbox 1089 2451 1270 2488; x_wconf 84' lang='lat' dir='ltr'>Iablonsk.</span> <span class='ocrx_word' id='word_1_309' title='bbox 1299 2462 1395 2486; x_wconf 86' lang='lat' dir='ltr'>voce.</span> <span class='ocrx_word' id='word_1_310' title='bbox 1414 2448 1487 2485; x_wconf 92' lang='lat' dir='ltr'>Ae-</span> 
     </span>
     <span class='ocr_line' id='line_1_62' title="bbox 834 2506 1487 2556; baseline -0.005 -13"><span class='ocrx_word' id='word_1_311' title='bbox 834 2512 950 2556; x_wconf 71' lang='lat' dir='ltr'>gyptt.</span> <span class='ocrx_word' id='word_1_312' title='bbox 976 2521 1011 2556; x_wconf 90' lang='lat' dir='ltr'>p.</span> <span class='ocrx_word' id='word_1_313' title='bbox 1039 2510 1116 2547; x_wconf 85' lang='lat'>110</span> <span class='ocrx_word' id='word_1_314' title='bbox 1143 2520 1217 2556; x_wconf 73' lang='lat' dir='ltr'>seq.</span> <span class='ocrx_word' id='word_1_315' title='bbox 1265 2506 1487 2554; x_wconf 83' lang='lat' dir='ltr'>Praecipuus</span> 
     </span>
     <span class='ocr_line' id='line_1_63' title="bbox 834 2561 1485 2609; baseline -0.008 -9"><span class='ocrx_word' id='word_1_316' title='bbox 834 2564 941 2600; x_wconf 86' lang='lat' dir='ltr'>Plinii</span> <span class='ocrx_word' id='word_1_317' title='bbox 969 2563 1069 2600; x_wconf 86' lang='lat' dir='ltr'>locus</span> <span class='ocrx_word' id='word_1_318' title='bbox 1100 2564 1192 2600; x_wconf 79' lang='lat' dir='ltr'>hanc</span> <span class='ocrx_word' id='word_1_319' title='bbox 1216 2563 1251 2599; x_wconf 91' lang='lat' dir='ltr'>in</span> <span class='ocrx_word' id='word_1_320' title='bbox 1272 2575 1367 2609; x_wconf 83' lang='lat' dir='ltr'>rem,</span> <span class='ocrx_word' id='word_1_321' title='bbox 1401 2561 1485 2597; x_wconf 54' lang='lat' dir='ltr'>hist.</span> 
     </span>
     <span class='ocr_line' id='line_1_64' title="bbox 834 2617 1487 2668; baseline -0.005 -12"><span class='ocrx_word' id='word_1_322' title='bbox 834 2624 908 2656; x_wconf 83' lang='lat' dir='ltr'>nat.</span> <span class='ocrx_word' id='word_1_323' title='bbox 932 2620 1013 2665; x_wconf 84' lang='lat' dir='ltr'>XV,</span> <span class='ocrx_word' id='word_1_324' title='bbox 1047 2622 1095 2665; x_wconf 91' lang='grc'>7,</span> <span class='ocrx_word' id='word_1_325' title='bbox 1123 2620 1220 2656; x_wconf 91' lang='lat' dir='ltr'>unde</span> <span class='ocrx_word' id='word_1_326' title='bbox 1249 2619 1391 2668; x_wconf 80' lang='lat' dir='ltr'>potiora</span> <span class='ocrx_word' id='word_1_327' title='bbox 1417 2617 1487 2653; x_wconf 85' lang='lat' dir='ltr'>huc</span> 
     </span>
     <span class='ocr_line' id='line_1_65' title="bbox 830 2673 1486 2722; baseline -0.005 -10"><span class='ocrx_word' id='word_1_328' title='bbox 830 2676 1102 2712; x_wconf 71' lang='lat' dir='ltr'>transscribam:</span> <span class='ocrx_word' id='word_1_329' title='bbox 1134 2704 1159 2722; x_wconf 89' lang='grc'>,,</span> <span class='ocrx_word' id='word_1_330' title='bbox 1170 2675 1376 2711; x_wconf 79' lang='lat' dir='ltr'>Proximum</span> <span class='ocrx_word' id='word_1_331' title='bbox 1389 2673 1486 2720; x_wconf 86' lang='lat' dir='ltr'>(ole-</span> 
     </span>
     <span class='ocr_line' id='line_1_66' title="bbox 832 2729 1486 2779; baseline -0.003 -11"><span class='ocrx_word' id='word_1_332' title='bbox 832 2744 891 2768; x_wconf 90' lang='lat' dir='ltr'>um</span> <span class='ocrx_word' id='word_1_333' title='bbox 912 2732 1004 2779; x_wconf 89' lang='lat' dir='ltr'>scil.)</span> <span class='ocrx_word' id='word_1_334' title='bbox 1022 2732 1063 2768; x_wconf 82' lang='lat' dir='ltr'>sit</span> <span class='ocrx_word' id='word_1_335' title='bbox 1085 2745 1105 2769; x_wconf 95' lang='lat' dir='ltr'>e</span> <span class='ocrx_word' id='word_1_336' title='bbox 1123 2732 1186 2768; x_wconf 91' lang='lat' dir='ltr'>cici</span> <span class='ocrx_word' id='word_1_337' title='bbox 1212 2731 1341 2768; x_wconf 82' lang='lat' dir='ltr'>arbore</span> <span class='ocrx_word' id='word_1_338' title='bbox 1363 2731 1399 2766; x_wconf 92' lang='lat' dir='ltr'>in</span> <span class='ocrx_word' id='word_1_339' title='bbox 1412 2729 1486 2766; x_wconf 90' lang='lat' dir='ltr'>Ae-</span> 
     </span>
     <span class='ocr_line' id='line_1_67' title="bbox 834 2787 1484 2838; baseline -0.006 -13"><span class='ocrx_word' id='word_1_340' title='bbox 834 2792 951 2837; x_wconf 82' lang='lat' dir='ltr'>gypto</span> <span class='ocrx_word' id='word_1_341' title='bbox 982 2787 1145 2838; x_wconf 56' lang='lat' dir='ltr'>copiose:</span> <span class='ocrx_word' id='word_1_342' title='bbox 1193 2787 1252 2823; x_wconf 85' lang='lat' dir='ltr'>alii</span> <span class='ocrx_word' id='word_1_343' title='bbox 1286 2790 1484 2831; x_wconf 77' lang='lat' dir='ltr'>crotonem,</span> 
     </span>
     <span class='ocr_line' id='line_1_68' title="bbox 835 2841 1485 2894; baseline -0.006 -12"><span class='ocrx_word' id='word_1_344' title='bbox 835 2844 894 2882; x_wconf 80' lang='lat' dir='ltr'>alii</span> <span class='ocrx_word' id='word_1_345' title='bbox 910 2844 1039 2894; x_wconf 69' lang='lat' dir='ltr'>trixin,</span> <span class='ocrx_word' id='word_1_346' title='bbox 1068 2843 1129 2882; x_wconf 79' lang='lat' dir='ltr'>alii</span> <span class='ocrx_word' id='word_1_347' title='bbox 1157 2855 1337 2882; x_wconf 83' lang='lat' dir='ltr'>sesamum</span> <span class='ocrx_word' id='word_1_348' title='bbox 1357 2841 1485 2894; x_wconf 80' lang='lat' dir='ltr'>appel-</span> 
     </span>
    </p>
   </div>
   <div class='ocr_carea' id='block_1_20' title="bbox 1485 1016 1763 1112">
    <p class='ocr_par' dir='ltr' id='par_1_22' title="bbox 1485 1016 1763 1112">
     <span class='ocr_line' id='line_1_69' title="bbox 1485 1016 1762 1044; baseline 0.004 -1"><span class='ocrx_word' id='word_1_349' title='bbox 1485 1017 1551 1043; x_wconf 71' lang='grc' dir='ltr'>01φί</span> <span class='ocrx_word' id='word_1_350' title='bbox 1578 1016 1666 1043; x_wconf 70' lang='lat' dir='ltr'>cicini</span> <span class='ocrx_word' id='word_1_351' title='bbox 1690 1024 1762 1044; x_wconf 72' lang='lat' dir='ltr'>usus</span> 
     </span>
     <span class='ocr_line' id='line_1_70' title="bbox 1486 1051 1763 1079; baseline 0.014 -4"><span class='ocrx_word' id='word_1_352' title='bbox 1486 1051 1523 1076; x_wconf 65' lang='lat' dir='ltr'>ad</span> <span class='ocrx_word' id='word_1_353' title='bbox 1549 1056 1704 1078; x_wconf 74' lang='lat' dir='ltr'>uncturam</span> <span class='ocrx_word' id='word_1_354' title='bbox 1732 1054 1763 1079; x_wconf 67' lang='lat' dir='ltr'>et</span> 
     </span>
     <span class='ocr_line' id='line_1_71' title="bbox 1487 1084 1694 1112; baseline 0.005 -1"><span class='ocrx_word' id='word_1_355' title='bbox 1487 1084 1525 1111; x_wconf 81' lang='lat' dir='ltr'>ad</span> <span class='ocrx_word' id='word_1_356' title='bbox 1547 1085 1694 1112; x_wconf 77' lang='lat' dir='ltr'>lucernas.</span> 
     </span>
    </p>
   </div>
  </div>
 </body>
</html>
