1877 3223
445 245 503 283 86

856 237 1320 276 HERODOTI

405 349 520 401 11‚‚el
556 348 602 392 δὲ
645 347 755 400 πρὸς
800 347 992 407 τούτοισι
1036 349 1093 390 ἔτι
1140 344 1377 400 τελευτήσει
1414 344 1491 388 τόν
1530 346 1630 401 βίον
1659 340 1721 397 εὖ,

448 422 612 480 »οὗτος
644 427 830 477 ἐκεῖνος,
880 426 957 469 τὸν
1009 424 1063 468 σύ
1110 429 1260 480 ζητεῖς,
1303 421 1452 478 ὄλβιος
1490 427 1726 480 κεκλῆσθαι

406 505 602 559 12,,ἇ’ξιός
629 505 730 549 ἐστι.
772 505 875 559 πρὶν
905 505 944 548 δ’
977 504 1032 547 ἂν
1056 502 1308 559 τελευτήσῃ,
1354 502 1580 557 ἐπισχέειν,
1618 501 1725 558 μηδὲ
1784 500 1833 540 17

406 583 647 638 13,,καλεέιν
676 600 738 627 κω
766 582 942 640 ὄλβιον,
973 581 1062 626 ἄλλ’
1093 581 1280 637 εὐτυχέα.
1311 581 1363 624 τὰ
1391 579 1534 624 πάντα
1549 581 1627 636 μέν
1644 589 1771 624 νυν26

447 697 472 715 ,,
485 666 620 706 ταῦτα
663 665 889 718 συλλαβεῖν
924 661 1161 717 ἄνθρωπον
1202 659 1329 703 ἐόντα
1370 657 1590 703 ἀδύνατόν
1626 658 1727 713 ἐστι,

447 741 624 795 ,,ὡ’σπερ
653 740 771 796 χώρῃ
801 740 983 797 οὐδεμία
1017 739 1240 794 καταρκέει
1267 737 1407 782 πάντα
1437 738 1575 795 ἑωυτῇ
1603 736 1729 791 παρέ-

449 831 640 875 ,,χουσα,
679 818 784 861 ἀλλὰ
821 820 927 863 ἄλλο
965 820 1043 875 μὲν
1080 819 1181 875 ἔχει,
1223 817 1371 870 ἑτέρου
1412 817 1458 861 δὲ
1495 817 1728 860 ἐπιδέεται·

403 897 510 955 14,,ἢ
538 898 583 942 δὲ
612 896 667 941 ἂν
695 897 748 941 τὰ
777 902 952 942 πλεῖστα
993 898 1089 955 ἔχῃ,
1130 896 1282 952 ἀρίστη
1313 896 1433 951 αὕτη.

1494 895 1551 947 (ὃς
1581 895 1626 939 δὲ
1656 895 1775 942 naiso

447 975 727 1031 ,,ἄνθρω’που
767 979 891 1031 σῶμα
928 978 977 1019 ἓν
1018 975 1146 1020 οὐδὲν
1178 975 1385 1029 αὔταρκές
1422 974 1530 1017 ἐστι·
1571 974 1620 1018 τό
1651 973 1730 1029 μὲν

401 1173 467 1209 sul.
490 1171 621 1209 Matth.
642 1168 678 1221 §.
698 1170 779 1211 523
791 1173 910 1222 not.p.
928 1168 1049 1210 1014.

401 1229 512 1266 Unde
532 1227 681 1265 multum
703 1226 848 1274 differt,
876 1227 975 1275 quod
988 1238 1053 1262 an-

401 1290 438 1322 te
458 1284 608 1333 legitur,
631 1282 676 1321 εἰ
698 1278 752 1333 μή
772 1282 813 1321 οἵ
828 1279 926 1333 τύχη
957 1280 1054 1321 ἐπί-

402 1353 582 1380 σποιτο
613 1339 666 1387 (es
692 1352 750 1389 seg]
781 1338 891 1386 (leun,
921 1338 1053 1387 ἀπε),-

402 1399 450 1434 de
469 1409 541 1445 quo
563 1396 637 1431 vid.
663 1395 750 1431 ibid.
774 1393 810 1445 ἓ.
830 1394 912 1436 524
933 1398 1009 1430 not.
1030 1395 1056 1434 3

403 1467 441 1504 p.
461 1454 583 1492 1017.

457 1505 553 1559 πρὶν
573 1500 606 1544 δ’
639 1502 690 1544 ἂν
719 1500 945 1558 τελευτήσῃ,
976 1503 1057 1544 ἔπι-

404 1562 551 1615 σχέειν,
601 1560 699 1613 μηδὲ
732 1560 886 1601 καλέειν
915 1575 972 1599 κω
999 1558 1057 1599 ὅλ-

401 1621 513 1672 βιον,
545 1612 626 1657 ἀλλ’
658 1613 843 1670 εὐτυχέα]
893 1617 951 1655 De
971 1617 1057 1654 Infi-

400 1676 503 1714 nitivi
527 1675 563 1711 in
590 1674 643 1711 his
672 1688 740 1711 usu
763 1674 902 1712 consul.
926 1672 1057 1710 Matth.

401 1732 440 1784 ἓ.
466 1731 546 1772 546
576 1743 612 1780 P·
637 1733 744 1772 1073
773 1735 872 1768 recte
896 1729 958 1778 qui
980 1742 1059 1766 ver-

403 1790 465 1825 tit:
497 1800 617 1835 „muss
634 1799 716 1823 man
737 1789 811 1824 sein
836 1785 975 1822 Urtliez'l
994 1799 1058 1821 zu-

404 1843 490 1881 riiclc
507 1842 662 1880 haltenf‘
683 1843 919 1881 Caeterorum
929 1842 1059 1879 haecce

405 1901 517 1937 verba
549 1900 699 1947 egregie
740 1899 783 1935 iis
824 1899 1062 1948 respondent,

407 1968 502 2005 quae
523 1954 560 1990 in
581 1955 654 1991 fine
678 1955 815 2004 Oedipi
843 1955 941 2002 regis
965 1954 1064 2004 apud

408 2009 580 2062 Sophocl.
612 2009 802 2058 leguntur:

495 2073 593 2116 ὥστε
612 2074 763 2127 θνητὸν
783 2072 876 2125 ὅντ’,
907 2075 1064 2127 ἐκείνην

550 2130 623 2183 τήν
644 2133 870 2172 τελευταίαν
895 2133 996 2172 ἰδεῖν

494 2187 648 2241 ἡμέραν
668 2189 1065 2239 ἐπισκοποῦντα,μη-

554 2242 630 2284 δέν’
649 2241 837 2297 ὄλβι’ζειν,
853 2245 948 2299 πρὶν
971 2242 1023 2284 ἂν

497 2299 619 2354 τέρμα
655 2304 728 2341 τοῦ
768 2303 859 2353 βίου
898 2299 1065 2355 στερείσῃ,

558 2356 682 2408 μηδὲν
702 2354 884 2410 ἀλγεινόν
905 2354 1065 2397 παθών.

416 2424 513 2463 Add.
538 2424 707 2462 Trachin.
729 2427 805 2463 init.
824 2426 1066 2475 ibiquelnter-

417 2485 556 2533 preteS.
615 2482 691 2519 Sed
720 2483 767 2520 de
792 2482 972 2532 Sophocle
988 2494 1066 2518 nio-

418 2539 564 2574 nuimus
586 2538 634 2573 ad
652 2538 692 2585 Ι,
716 2542 753 2579 2.
783 2539 870 2588 Ipsa
888 2551 972 2576 vero
984 2549 1068 2574 sen-

419 2594 535 2630 tentia
554 2594 694 2642 quoties
715 2607 736 2630 a
756 2595 935 2633 veteribus
962 2606 1068 2643 repe-

420 2649 488 2685 tita
509 2649 577 2694 sit,
607 2650 727 2687 dicere
748 2651 896 2701 longum
917 2653 982 2688 est.
1007 2648 1067 2686 Tu

420 2705 495 2741 vid.
531 2706 641 2742 modo
655 2734 665 2752 ,
706 2720 797 2755 qnos
836 2708 893 2745 Cr.
933 2706 1069 2752 laudat,

424 2759 657 2798 Aristotelem
679 2763 714 2798 in
730 2763 844 2801 Ethic.
862 2761 1071 2802 Nicomach.

426 2816 466 2863 l,
487 2818 538 2856 10
556 2818 614 2854 ed.
639 2818 743 2865 Zeu„
772 2820 832 2856 ubi
861 2831 960 2856 cons.
989 2816 1071 2854 Mu-

429 2876 545 2910 retum
591 2878 626 2911 et
665 2874 909 2912 Camerarium
926 2904 936 2923 ,
993 2873 1070 2912 coll.

1119 1169 1235 1206 Ethic.
1264 1168 1418 1206 Eiidem.
1446 1167 1502 1215 Π,
1528 1170 1573 1214 1;
1603 1166 1774 1217 Euripid.

1119 1225 1361 1263 Andromach.
1410 1237 1463 1261 VS.
1505 1227 1584 1265 100
1631 1223 1718 1272 ibiq.
1748 1223 1775 1259 1.

1120 1282 1273 1319 Barnes.
1314 1294 1356 1318 ac
1396 1281 1553 1328 deniqne
1583 1279 1774 1316 Platonem

1123 1339 1169 1375 de
1200 1337 1319 1386 Legg.
1343 1336 1406 1373 Vll
1419 1350 1456 1387 p.
1478 1339 1571 1382 802,
1593 1335 1635 1372 Α.

1181 1400 1312 1453 ὥσπερ
1334 1398 1441 1454 χώρη
1461 1398 1626 1453 ου’δεμία
1642 1416 1778 1452 καταρ·

1122 1459 1227 1506 πέει]
1268 1461 1416 1497 Retinui
1449 1472 1528 1495 cum
1559 1459 1677 1495 Gaisf.
1712 1454 1778 1497 ον’-

1125 1517 1263 1566 δεμία,
1285 1516 1448 1564 quamvis
1469 1515 1576 1564 vulgo
1601 1512 1778 1565 ου’ὁεμίη.

1126 1574 1218 1609 Cnin
1247 1573 1377 1610 eodem
1404 1584 1488 1608 mox
1519 1571 1604 1608 dedi
1645 1567 1778 1610 αὐτῶν

1125 1643 1191 1680 pro
1212 1628 1309 1676 vulg.
1336 1623 1500 1666 αὐτέων.
1520 1628 1578 1663 Cf.
1591 1627 1618 1674 1,
1630 1629 1695 1669 26.
1709 1630 1776 1668 29.

1183 1693 1236 1741 ὥς
1259 1692 1386 1734 δὲκαὶ
1419 1690 1642 1743 ἀνθρώπου
1668 1696 1780 1744 σῶμα

1122 1753 1169 1792 ’ἓν
1191 1747 1309 1791 ου’δὲν
1339 1748 1532 1801 αὔταρκές
1561 1749 1663 1796 ἐστι]
1695 1751 1717 1787 ἱ.
1748 1764 1778 1787 e.

1127 1812 1180 1847 ita
1207 1811 1311 1845 etiam
1344 1809 1489 1844 hominis
1520 1819 1643 1856 corpus
1673 1819 1780 1843 unum

1126 1868 1266 1902 minime
1282 1864 1350 1901 sibe·
1368 1866 1407 1900 in
1429 1863 1581 1900 omnibus
1605 1862 1781 1912 sufficere,

1130 1924 1310 1970 omniaque
1355 1919 1576 1969 suppeditare
1613 1923 1738 1969 potest.
1754 1920 1778 1938 “

1129 1979 1329 2026 Stegerns‚
1359 1977 1420 2025 qui
1438 1977 1562 2014 vertit:
1592 1976 1679 2023 „211
1706 1970 1780 2014 ου’-

1131 2035 1154 2072 δ
1164 2032 1179 2072 ὲ
1191 2049 1214 2071 ν
1231 2032 1363 2069 nullum
1376 2035 1509 2069 omnino
1521 2033 1668 2082 corpus“
1679 2031 1780 2069 Thu-

1130 2090 1370 2139 cydidemque
1390 2089 1522 2136 allegat
1532 2089 1577 2135 ll,
1589 2088 1640 2129 51
1655 2101 1663 2124 :
1687 2086 1729 2126 ἕν
1741 2101 1780 2125 τε

1132 2142 1227 2186 οὐδὲ
1261 2146 1307 2183 ἓν
1334 2143 1497 2193 κατέστη
1526 2143 1646 2194 ἴαμα,
1683 2144 1780 2193 apud

1132 2201 1360 2239 Herodotum
1410 2200 1494 2237 inde
1553 2200 1781 2236 scribendum

1133 2261 1276 2295 censet:
1299 2256 1345 2294 ’ὲν
1371 2251 1465 2294 ου’ὁὲ
1485 2255 1552 2303 ἓν,
1586 2268 1658 2304 quo
1670 2256 1784 2292 maior

1133 2314 1287 2351 addatur
1307 2313 1360 2348 xis
1382 2312 1499 2349 verbis
1512 2342 1522 2359 ,
1553 2316 1589 2349 et
1612 2311 1676 2358 HI,
1691 2313 1782 2358 108,

1133 2369 1197 2406 ubi
1230 2364 1322 2407 ου’ὁὲ
1346 2369 1392 2407 ἓν
1428 2368 1614 2416 (Praefat.
1645 2381 1684 2418 p.
1706 2367 1780 2415 X).

1135 2425 1221 2468 Qua
1240 2430 1361 2461 tamen
1385 2424 1636 2462 emendatione
1664 2422 1781 2459 locum

1133 2486 1296 2518 nostrinn
1317 2482 1413 2518 haud
1429 2493 1538 2530 egere
1556 2479 1681 2516 vixerit
1703 2491 1781 2515 mo-

1133 2550 1239 2584 nere,
1275 2538 1305 2573 si
1344 2538 1489 2586 quidem
1525 2548 1672 2573 sensnm
1703 2535 1781 2572 eins

1133 2594 1248 2643 probe
1292 2593 1530 2643 perspexeris.
1603 2590 1783 2629 Laudavit

1134 2650 1249 2686 locum
1269 2649 1453 2688 WVeiskius
1475 2650 1511 2685 in
1532 2647 1624 2684 libro
1646 2648 1692 2684 de
1702 2646 1780 2697 ple-

1137 2707 1294 2742 onasmis
1309 2706 1353 2743 L.
1376 2707 1443 2743 Gr.
1474 2717 1561 2756 pag.
1575 2703 1629 2745 54
1642 2733 1652 2750 ‚
1683 2715 1781 2740 eum-

1138 2775 1208 2810 que
1236 2763 1287 2799 sie
1306 2763 1432 2800 vertit:
1462 2763 1548 2809 „ita
1575 2772 1655 2797 vero
1677 2761 1781 2796 etiam

1139 2817 1236 2854 homo
1255 2832 1343 2855 unus
1367 2819 1502 2854 omnino
1524 2830 1591 2853 non
1609 2816 1678 2852 sibi
1699 2813 1779 2864 sus-

1130 2875 1212 2925 ficz't
1234 2887 1269 2924 q.
1284 2889 1314 2913 e.
1335 2874 1452 2912 nullus
1473 2875 1606 2913 omnino
1627 2872 1662 2909 Ιι.
1680 2885 1710 2908 s,
1725 2872 1780 2908 s.“
