1909 3228
438 161 523 201 8⁰8

835 156 1300 197 HERODOTI

441 268 572 325 ἄτιμα
612 271 820 311 ποιεῦντα
861 266 902 317 ἐς
942 264 1126 316 αὐτούς,
1185 266 1257 308 καί
1293 277 1428 320 σφεας
1464 264 1752 309 ἆπελέσθαιὸὃ

440 347 517 399 τοὶς
550 347 762 402 ἀρούρας,
788 350 899 388 τοῖσι
932 344 1001 387 ἐπὶ
1029 348 1116 387 τῶν
1145 343 1366 398 προτέρων
1395 344 1605 399 βασιλέων
1627 348 1695 388 δε-

413 425 606 469 Ξδόσθαι
636 423 878 478 ἐξαιρέτους
908 421 1070 479 ἑκάστῳ
1112 421 1308 466 δυώδεκα
1339 421 1544 476 ἀρούρας.
1594 424 1698 479 μετὰ

443 504 511 556 δὲ,
543 501 602 546 ἐπ’
635 505 859 557 Αἴγυπτον
889 501 1086 545 ἐλαύνειν
1116 501 1302 555 στρατὸν
1332 501 1466 556 μέγαν
1495 503 1699 557 Σαναχά-

444 586 572 637 ριβον
601 581 778 638 βασιλέα
812 579 1027 636 Ἀραβίων
1066 596 1110 623 τε
1140 580 1212 623 καὶ
1247 578 1495 634 Ἀσσυρίων.

1556 580 1702 624 οὔκων

444 661 497 716 δή
529 661 695 704 ἐθέλειν
723 660 828 712 τούς
855 661 1070 716 μαχίμους
1099 663 1188 702 τῶν
1208 661 1455 714 Αἰγυπτίων
1476 660 1757 716 βοηθέειν·9ο

442 739 521 785 τὸν
552 739 596 783 δὲ
630 738 724 792 ἷρέα
753 739 795 790 ἐς
826 737 1015 794 ἀπορίην
1045 737 1354 794 ἀπειλημένον,
1393 738 1627 785 ἐσελθόντα
1659 738 1701 790 ἐς

444 817 493 862 τό
527 817 743 875 μέγαρον,
788 817 898 874 πρὸς
934 818 1137 874 τῶγαλμα
1173 815 1475 871 ἀποδύρεσθαι
1506 816 1577 862 οἷα
1605 835 1700 861 κιν-

416 896 623 941 3δυνεύει
659 896 852 941 παθέειν.
906 895 1237 952 ὀλοφυρόμενον
1275 895 1318 940 δ’
1350 896 1434 950 ἄρα
1472 914 1546 952 μιν
1581 897 1701 940 ἐπελ-

445 981 544 1020 θεῖν
578 977 743 1033 ὕπνον,
771 977 845 1020 καί
875 978 918 1020 οἱ
946 974 1068 1028 δόξαι
1097 975 1144 1019 ἐν
1172 979 1226 1031 τῇ
1255 974 1348 1028 ὄψι,
1378 975 1604 1019 ἐπιστάντα
1625 978 1703 1019 τὸν

390 1172 528 1209 tionem
562 1172 803 1209 necessariam
834 1171 947 1208 videri
975 1171 1042 1208 ad-

390 1228 485 1276 iicit,
519 1228 548 1265 si
571 1228 752 1277 legeretur
777 1223 960 1279 οἷλογίην,
995 1228 1042 1265 ad

391 1285 492 1334 quod
534 1286 713 1332 genitivus
747 1287 827 1323 τῶν
864 1284 1043 1334 μαχίμων

390 1342 568 1378 referatur
584 1371 594 1388 ,
652 1341 959 1390 quemadmodum
1008 1341 1044 1377 in

391 1397 533 1434 Herod.
556 1397 619 1444 IV,
640 1399 730 1438 150.
778 1398 880 1434 Idem
911 1396 1043 1433 similes

392 1458 581 1503 comparat
600 1453 811 1501 locutiones,
833 1458 873 1489 ut
894 1452 940 1499 II,
966 1456 1044 1493 172

393 1507 437 1548 ἐν
470 1509 588 1562 μοίρῃ
613 1507 743 1560 ἄγειν,
775 1514 811 1546 et
834 1510 933 1559 apud
954 1509 1042 1545 alios

393 1564 438 1604 ἔν
466 1560 602 1603 ου’δενὶ
634 1561 737 1617 λόγῳ
772 1565 894 1615 ἔχειν,
934 1562 1044 1615 ἄγειν

393 1621 449 1658 vel
460 1621 645 1659 τίθεσθαι
660 1621 875 1671 (despicatui
891 1621 1042 1668 habere).

393 1677 604 1714 Schneider.
627 1678 663 1713 in
683 1677 751 1713 lex.
771 1678 836 1714 Gr.
858 1691 885 1713 s.
909 1691 942 1713 v.
970 1692 1043 1715 πα-

335 1762 339 1765 ,
395 1728 617 1784 ραχραομαι
666 1733 771 1770 scribi
818 1733 957 1769 mavult
999 1729 1042 1770 τό

396 1787 567 1840 μ”χιμων
590 1817 600 1837 ,
639 1789 738 1836 quod
770 1789 818 1825 ad
846 1803 1044 1840 παραχρη-

396 1842 571 1893 σάμενον
608 1846 837 1882 referendum
869 1845 934 1892 sit,
964 1845 1044 1882 coll.

394 1901 498 1948 UH,
530 1904 594 1942 20.
670 1901 1047 1949 Scliweighaeuserus,

395 1959 494 2007 quod
511 1958 625 2008 probo
638 1985 649 2003 ,
671 1958 757 1993 nihil
775 1958 948 2004 mutavit,
966 1971 1045 1994 cum

397 2014 547 2051 similem
606 2013 823 2051 locutionem
882 2009 1046 2065 ἀλογίην

396 2069 515 2120 ἔχειν,
544 2070 600 2107 cui
618 2070 797 2119 genitivus
827 2070 1046 2117 adstruatur,

395 2127 608 2164 Herodotus
647 2127 683 2163 in
719 2130 840 2164 mente
879 2127 1048 2164 habuisse

396 2183 588 2229 videatur,
623 2187 764 2220 secutus
785 2196 865 2219 eam
893 2187 1046 2220 structu-

396 2252 496 2286 ram,
529 2240 575 2276 de
593 2252 665 2288 qua
694 2239 870 2276 Matthiae
891 2240 956 2276 Gr.
980 2240 1044 2276 Gr.

396 2293 433 2346 ἓ.
452 2296 545 2336 348.
575 2316 632 2323 —-
662 2295 704 2334 οἷ
726 2293 891 2346 μάχιμοι
916 2295 1046 2347 Αἰγυ-

396 2352 523 2390 πτίων
554 2353 647 2388 infra
669 2365 814 2401 quoque
842 2365 1048 2390 memoran-

397 2412 456 2444 tur
486 2408 538 2453 II,
562 2410 641 2448 163
671 2409 751 2455 (ubi
771 2409 862 2457 vid.)
900 2409 976 2445 coll.
1003 2408 1047 2455 II,

397 2466 452 2504 30
476 2469 511 2500 et
528 2464 681 2500 Diodor.
707 2464 742 2511 I,
763 2466 827 2505 73.
850 2464 918 2505 94.
974 2465 1047 2508 Qui

398 2520 495 2557 idem
533 2520 580 2558 de
613 2520 760 2557 Sethone
794 2521 903 2570 plane
940 2525 1047 2558 tacet.

398 2575 451 2613 Ac
471 2577 661 2626 suspiceris
689 2576 798 2623 licet,
825 2578 872 2613 ad
899 2577 1048 2614 militum

399 2636 544 2679 gentem
574 2633 875 2682 (Kriegerkaste)
910 2635 1047 2683 priores

402 2688 560 2737 Aegypti
577 2701 683 2737 reges
701 2690 937 2739 pertinuisse3
967 2690 1048 2739 qui-

400 2743 465 2778 bus
490 2745 674 2781 exstinctis
692 2751 755 2782 aut
773 2750 955 2795 potestate
973 2747 1046 2797 pri-

403 2799 492 2835 vatis
513 2801 718 2838 sacerdotes
737 2815 912 2839 summum
932 2803 1046 2854 impe-

1108 1173 1201 1209 rium
1248 1184 1443 1222 occupasse
1494 1184 1676 1221 unumque
1713 1172 1761 1210 de

1111 1229 1204 1276 suis,
1240 1241 1416 1265 summum
1440 1227 1591 1265 Vulcani
1614 1222 1762 1279 pontifi-

1111 1298 1210 1332 cem,
1251 1285 1479 1322 constituisse
1510 1284 1672 1335 Aegypti
1705 1298 1761 1323 re-

1112 1355 1216 1390 gem,
1253 1342 1351 1377 cuius
1379 1353 1510 1378 nomen
1538 1343 1585 1377 ad
1608 1342 1762 1391 posteri-

1112 1403 1226 1434 tatem
1244 1410 1446 1447 propagare
1468 1398 1680 1434 studuerint.
1701 1398 1761 1435 Cf.

1112 1454 1223 1491 Beck.
1250 1453 1271 1489 l.
1290 1453 1313 1489 l.
1337 1453 1349 1488 l
1372 1456 1500 1502 p-720
1522 1459 1557 1490 et
1578 1466 1646 1489 van
1662 1453 1761 1489 Lim-

1112 1510 1232 1557 burg-
1246 1510 1417 1545 Brouwer
1436 1509 1524 1545 libro
1547 1511 1593 1547 ad
1609 1510 1656 1558 ll,
1681 1513 1761 1551 172

1111 1565 1258 1602 laudato
1282 1578 1365 1615 pag.
1384 1568 1434 1605 (57
1457 1579 1533 1614 seq.

1168 1618 1447 1671 Σαναχάριβον
1468 1619 1630 1671 βασιλέα
1651 1616 1762 1672 'Aou-

1114 1677 1213 1727 βίων
1233 1691 1271 1714 τε
1290 1677 1354 1714 καὶ,
1372 1673 1603 1727 Ἀσσυρίων]
1634 1677 1764 1715 Extre-

1112 1746 1173 1769 ma
1202 1733 1312 1769 verba
1334 1733 1506 1782 Iosephus
1534 1733 1765 1782 archaeolog.

1112 1789 1161 1835 X,
1186 1792 1207 1829 1
1245 1787 1280 1839 ἓ.
1300 1788 1325 1829 4
1363 1790 1399 1825 in
1428 1802 1492 1826 suo
1516 1790 1696 1826 Herodoti
1721 1789 1765 1826 li-

1114 1846 1178 1882 bro
1208 1845 1304 1881 haud
1333 1845 1466 1894 legisse
1493 1847 1656 1893 videtur,
1685 1859 1764 1883 curn

1112 1901 1343 1939 Herodotum
1372 1903 1407 1938 in
1437 1914 1480 1939 eo
1510 1902 1650 1951 lapsum
1679 1915 1766 1939 con-

1114 1959 1295 2007 queritur,
1315 1959 1413 2007 quod
1433 1971 1505 1994 non
1524 1957 1765 2006 Assyriorum,

1115 2015 1180 2051 sed
1197 2014 1356 2051 Arabum
1379 2015 1511 2052 dixerit
1526 2027 1661 2063 regem.
1701 2015 1765 2052 Li-

1112 2071 1168 2108 bri
1197 2071 1347 2120 scripti,
1388 2076 1559 2120 quantum
1596 2084 1664 2107 nos
1694 2071 1766 2108 sci-

1113 2139 1212 2172 mus,
1245 2140 1370 2164 omnes
1401 2128 1558 2164 retinent
1584 2128 1695 2164 verba
1724 2140 1764 2165 τε

1112 2182 1180 2222 καὶ
1200 2178 1427 2233 Ἀσσυρίων.
1484 2184 1542 2220 De
1570 2183 1680 2233 ipsius
1707 2196 1766 2221 re-

1114 2240 1169 2289 gis
1188 2240 1333 2276 nomine
1363 2239 1564 2288 disquisivit
1582 2240 1763 2277 Gesenius

1115 2308 1137 2333 a
1151 2295 1214 2333 Cr.
1234 2295 1401 2332 laudatus
1418 2296 1464 2332 ad
1475 2296 1578 2333 Iesai.
1590 2295 1766 2342 XXXVI,

1117 2355 1139 2392 1
1168 2365 1252 2403 pag.
1271 2353 1374 2399 938,
1412 2356 1451 2388 ut
1478 2352 1515 2387 in
1547 2365 1620 2401 quo
1653 2352 1766 2389 sancti

1115 2409 1311 2445 sacerdotis
1333 2408 1546 2456 significatio
1568 2407 1767 2458 probabili-

1114 2469 1169 2502 ter
1189 2464 1311 2501 lateat.
1367 2465 1424 2502 De
1444 2464 1591 2514 reliquis
1612 2465 1765 2502 diximus

1114 2522 1151 2558 in
1169 2534 1318 2559 excursu
1343 2522 1390 2557 ad
1411 2521 1445 2557 h.
1467 2520 1489 2557 l.

1174 2576 1213 2623 ἐς
1261 2572 1434 2626 (ἷπορίην
1486 2571 1765 2627 ἀπειλημένον]

1116 2632 1199 2671 Vid.
1221 2633 1254 2679 I,
1276 2633 1330 2674 24
1353 2633 1439 2682 ibiq.
1458 2638 1547 2670 nott.
1569 2633 1646 2670 coll.
1668 2633 1766 2681 vlu,

1118 2692 1210 2731 109.
1242 2690 1317 2736 lx,
1341 2690 1406 2730 34.
1446 2689 1488 2726 In
1507 2702 1607 2739 seqq.
1626 2690 1674 2727 ad
1702 2686 1764 2740 με’-

1114 2760 1237 2797 γαρον
1257 2747 1351 2783 conf.
1373 2750 1447 2782 not.
1466 2747 1515 2783 ad
1532 2746 1569 2793 Ι,
1591 2746 1644 2787 47
1661 2752 1698 2784 et
1718 2745 1763 2782 ad

1115 2799 1232 2854 ἄχαρι
1254 2802 1287 2850 Ι,
1310 2803 1376 2843 38.
1401 2803 1491 2843 108.
