1909 3228
456 219 543 261 656
850 217 1324 258 HERODOTI

124 336 243 398 1:2¹³qu
247 336 402 405 :jissii'sssssl
430 331 556 386 Ξκρῷ
595 330 684 370 τῶν
721 325 803 382 ἐγώ
852 325 896 376 ἐς
935 324 1163 381 διάπειραν
1192 325 1423 383 ἀπικόμην.
1488 326 1646 386 Τρόπῳ
1675 327 1722 371 δὲ

124 412 170 439 η,
196 404 279 432 cibus
304 407 336 432 et
351 411 404 441 po-

124 441 183 466 tus.

461 407 558 463 ζόης
585 407 740 465 τοιῷδε
770 404 1063 461 διαχρέωνται.
1089 409 1391 461 Συρμαῖζουσι
1417 412 1531 460 τρεῖς
1558 405 1722 464 ἡμέρας

459 486 606 540 ἐπεξῆς
638 483 772 540 μηνός
801 483 1006 536 ἑκάστου,
1037 484 1222 539 ἐμέτοισι
1251 484 1502 541 θηρώμενοι
1522 486 1602 542 τήν
1623 485 1720 542 ὑγι-

458 566 550 620 είην
578 563 650 607 καὶ
680 562 918 620 κλύσμασι,
957 565 1206 619 νομίζοντες
1236 561 1320 607 ἀπὸ
1349 568 1438 607 τῶν
1466 563 1721 620 τρεφόντων

457 644 607 686 σιτίων
636 641 777 694 πάσας
807 642 884 694 τοὶς
911 641 1104 695 νούσους
1143 649 1257 687 τοῖσι
1289 641 1565 698 ἀνθρώποισι
1604 645 1720 699 γίνε-
1733 647 1777 684 45

427 727 575 766 δσθαι.
619 722 700 766 εἶσὶ
729 722 808 777 μὲν
836 721 920 778 γάρ
951 723 1026 766 καὶ
1070 722 1211 774 ἄλλως
1240 722 1473 780 Αἰγύπτιοι
1500 722 1605 779 μετὰ
1640 724 1722 766 Λί-

456 803 567 858 βυας
594 799 894 858 ὑγιηρέστατοι
927 801 1105 845 πάντων
1136 800 1409 858 ἀνθρώπων,
1456 807 1544 847 τῶν
1574 800 1723 856 ώρέων

458 880 656 935 (δοκέειν
687 881 811 937 ἐμοὶ)
847 883 1032 933 εἵνεκεν,
1093 881 1161 925 ὅτι
1201 880 1255 926 οὐ
1296 881 1640 938 μεταλλάσσουσι
1678 883 1726 925 αἰ

430 955 587 1016 moon.
619 961 666 1004 ἐν
694 960 778 1017 γάρ
809 965 907 1019 τῇσι
938 964 1200 1019 μεταβολῇσι
1228 967 1340 1005 τοῖσι
1371 959 1647 1016 α’νθρώποισι
1677 962 1723 1005 αἱ

459 1043 617 1084 νοῦσοι
645 1039 830 1097 μάλιστα
867 1042 1086 1097 γίνονται,
1134 1045 1223 1084 τῶν
1261 1057 1305 1085 τε
1345 1039 1490 1084 ἄλλων
1527 1039 1718 1093 πάντων,
1734 1046 1780 1081 50

434 1121 541 1164 5καὶ
572 1119 626 1177 δὴ
653 1121 728 1164 καὶ
755 1124 845 1164 τών
874 1120 1023 1178 (ὁρέων
1050 1120 1246 1178 μάλιστα.
1293 1119 1630 1178 ’Λρτοφαγέουσι
1659 1120 1720 1174 δὲ,

405 1298 538 1344 tempus
558 1299 591 1332 et
608 1294 657 1332 ad
678 1299 832 1346 posteros
848 1309 1056 1347 propagan-

402 1351 473 1398 da3
503 1353 539 1388 id
562 1353 661 1401 quod
681 1354 813 1403 scripto
829 1354 1057 1404 potissimum

404 1408 457 1445 fit.
516 1408 636 1451 Quam
664 1411 711 1446 ob
742 1423 817 1447 rem
845 1411 953 1447 etiam
984 1410 1058 1447 Ae-

404 1465 547 1515 gyptii,
605 1469 644 1501 ut
681 1467 802 1515 pergit
840 1466 1056 1513 Schweigh.‚

403 1522 571 1558 dicuntur
583 1518 813 1572 λογιώτατοι
829 1522 850 1557 ἰ.
864 1535 895 1559 e.
907 1524 1056 1559 omm'um

402 1580 554 1614 maxime
570 1580 696 1626 periti,
721 1591 841 1616 rerum
863 1580 1056 1628 praecipue

401 1634 674 1685 praeteritarum
693 1664 704 1681 ,
748 1635 888 1684 patriae
907 1663 917 1681 ,
962 1635 1056 1671 anti-

403 1690 549 1739 quitatis
572 1695 638 1727 etc.
696 1690 754 1728 De
774 1704 846 1740 qua
867 1690 969 1727 huius
991 1703 1057 1727 vo-

404 1746 454 1783 cis
494 1747 642 1784 notione
669 1748 823 1783 diximus
860 1747 907 1783 ad
942 1747 981 1793 1,
1020 1749 1056 1787 1.

404 1802 504 1839 Alias
525 1808 636 1840 erunt·
653 1803 895 1849 (Ιιέεπίιζςείιηί,
918 1802 1058 1853 sacun-

405 1859 553 1896 (lissima
610 1859 730 1908 Atque
778 1860 925 1896 omnino
973 1859 1058 1896 inde

404 1915 668 1965 Aegyptiorum
697 1916 875 1966 sapientia
903 1929 970 1966 per
1003 1921 1060 1952 to-

407 1976 481 2009 tam
502 1972 755 2020 antiquitatem
778 1972 881 2009 valde
900 1972 1060 2010 celebra-

407 2033 467 2076 ta,
498 2033 540 2065 ut
561 2029 596 2064 in
616 2029 848 2078 proverbium
867 2030 960 2066 adeo
983 2029 1061 2065 abi-

409 2086 488 2122 erit.
537 2085 595 2122 De
615 2098 688 2134 quo
708 2086 800 2122 bene
821 2086 961 2122 monuit
981 2086 1059 2122 Ge-

410 2142 531 2179 senius
560 2141 595 2178 in
636 2146 843 2179 commentt.
876 2143 923 2178 ad
956 2141 1059 2179 [esai.

408 2198 510 2244 ΧΙΧ,
534 2200 584 2239 12
605 2211 688 2248 pag.
720 2200 825 2246 621,
856 2202 895 2235 ut
912 2198 958 2235 ad
983 2198 1016 2235 h.
1038 2198 1061 2235 l.

407 2255 600 2304 adscripsit
627 2254 692 2292 Cr.

463 2313 544 2349 τῶν
566 2307 640 2361 ἐγώ
670 2310 709 2358 ἐς
735 2305 945 2361 διάπειραν
971 2303 1061 2349 α’πι-

405 2363 559 2418 κόμην]
592 2367 688 2409 Quos
719 2381 783 2416 ego
815 2369 964 2416 cognovi
997 2380 1061 2404 seu

408 2424 608 2474 quibuscum
636 2438 699 2473 ego
735 2437 939 2472 congressus
974 2436 1059 2460 sum.

409 2481 517 2518 Conf.
544 2481 595 2528 ll,
619 2483 671 2522 28
697 2481 777 2518 coll.
799 2481 835 2528 l,
856 2480 922 2521 47.
973 2480 1061 2516 Mox

409 2550 490 2574 cum
517 2542 667 2575 recentt.
693 2538 778 2574 dedi
807 2535 1061 2588 διαχρέωνται

409 2605 477 2643 pro
513 2593 609 2642 vulg.
641 2590 698 2644 δή
729 2592 940 2644 χρέωνται,
979 2606 1060 2630 cum

409 2649 606 2698 particulae
634 2646 684 2701 δὴ
716 2651 774 2687 vix
807 2649 896 2687 ullus
925 2649 981 2687 hic
1007 2650 1061 2686 vi-

411 2705 539 2742 deatur
554 2719 635 2744 esse
654 2706 765 2743 locus.

466 2764 565 2812 θηρ
581 2758 612 2800 ω’
628 2777 776 2813 μενοι
792 2758 866 2813 τὴν
886 2759 1055 2814 ὑγιείην]

412 2814 434 2851 i.
464 2828 495 2852 e.
525 2822 693 2856 sectantes
714 2848 725 2865 ,
762 2832 896 2868 operam
921 2831 1059 2855 navan-

410 2873 471 2909 tes,
529 2872 688 2912 Verbum
707 2877 938 2929 θηρᾶσθαι,
957 2874 1059 2925 quod

1124 1299 1337 1333 venatorum
1361 1295 1507 1346 proprie
1530 1297 1608 1342 est,
1625 1293 1673 1332 ad
1691 1293 1780 1331 alias

1124 1366 1183 1390 res
1212 1353 1433 1399 transferri,
1469 1365 1559 1402 quas
1601 1355 1780 1388 sectamur

1126 1414 1163 1446 et
1189 1409 1319 1458 quibus
1347 1409 1454 1446 valde
1481 1409 1690 1454 studemus,
1722 1419 1781 1444 sa·-

1125 1466 1171 1501 tis
1194 1470 1330 1501 notum.
1379 1465 1474 1501 Hinc
1494 1465 1662 1512 frequens
1682 1463 1781 1513 apud

1124 1521 1314 1558 Platonem
1348 1521 1395 1558 de
1422 1520 1656 1568 indagandae
1687 1520 1780 1556 veri-

1123 1577 1206 1613 tatis
1223 1578 1342 1614 studio
1361 1589 1404 1613 ac
1424 1589 1509 1613 vero
1532 1577 1611 1626 ipso
1631 1576 1779 1613 investi-

1124 1634 1259 1682 gando.
1317 1633 1400 1669 Vid.
1441 1632 1614 1670 Creuzeri
1657 1632 1781 1669 laudd.

1125 1690 1173 1726 ad
1192 1689 1308 1726 Procli
1332 1693 1537 1726 commentt.
1569 1689 1605 1725 in
1635 1688 1766 1726 Platon

1126 1745 1240 1782 Alcib.
1266 1751 1291 1782 t.
1312 1745 1326 1781 I
1349 1758 1436 1795 pag.
1460 1748 1549 1786 177.

1182 1799 1456 1853 ’ὑγιηρέστατοι
1494 1796 1658 1838 πάντων
1704 1795 1781 1839 οἷν-

1127 1855 1329 1909 θρώπων,
1350 1859 1431 1895 τῶν
1455 1855 1588 1907 ώρέων
1610 1855 1780 1907 (δοκέειν

1128 1913 1230 1965 ἐμοὶ)
1256 1911 1425 1964 εἵνεκεν]
1456 1913 1514 1950 Ad
1535 1911 1667 1963 ώρέων
1685 1914 1781 1951 conf.

1128 1976 1202 2008 not.
1227 1972 1273 2008 ad
1301 1971 1340 2018 I,
1365 1971 1454 2012 142.
1495 1969 1591 2008 Dedi
1612 1983 1692 2007 cum
1718 1982 1780 2007 re-

1128 2032 1236 2065 centt.
1257 2026 1408 2067 δοκέειν
1429 2025 1538 2077 ἐμοὶ,
1555 2039 1649 2076 quae
1669 2026 1780 2074 vulgo

1128 2085 1271 2121 inverso
1323 2084 1450 2120 ordine
1509 2083 1780 2120 exhibebantur.

1127 2141 1213 2191 Ipsa
1238 2141 1369 2177 locutio
1392 2139 1478 2176 satis
1501 2144 1610 2185 nota,
1639 2142 1675 2175 et
1703 2150 1782 2175 cre-

1131 2198 1228 2234 brius
1247 2209 1392 2246 quoque
1418 2195 1576 2231 adhibita
1600 2206 1622 2230 a
1643 2194 1782 2230 Pausa-

1131 2254 1190 2289 nia
1242 2253 1418 2290 Nostrum
1465 2251 1639 2287 imitante.
1697 2250 1781 2287 Vid.

1130 2309 1294 2346 Siebelis.
1313 2310 1360 2346 ad
1375 2309 1530 2345 Pausan.
1555 2306 1601 2353 ll,
1628 2305 1676 2347 14
1694 2304 1778 2357 §.2

1130 2366 1218 2412 Vll,
1256 2369 1281 2406 7
1314 2364 1349 2416 ἓ.
1372 2364 1420 2411 4,
1468 2364 1527 2400 ubi
1557 2368 1682 2400 monet
1709 2363 1780 2399 dici

1130 2420 1245 2473 ἐμοὶ
1288 2422 1355 2458 hac
1393 2421 1429 2456 in
1468 2419 1620 2456 formula
1658 2431 1780 2468 neque

1130 2495 1157 2529 μ
1171 2493 1190 2517 o
1206 2479 1498 2517 t.—Caeteru¹n
1518 2476 1565 2512 ad
1585 2488 1781 2524 argumen-

1128 2541 1203 2572 tum
1233 2534 1301 2571 loci
1339 2535 1558 2579 observant,
1589 2533 1780 2569 convenire

1127 2592 1319 2629 Herodoto
1356 2603 1434 2627 cum
1462 2589 1710 2639 Hippocrate,
1749 2587 1780 2624 si

1129 2648 1277 2697 quidem
1290 2647 1347 2684 hic
1362 2646 1508 2683 morbos
1528 2658 1571 2683 ex
1583 2648 1781 2694 tempesta-

1125 2709 1202 2741 tum
1248 2702 1505 2741 mutationibus
1552 2700 1780 2751 potissimum

1126 2761 1211 2797 oriri
1240 2761 1426 2797 docuerat.

1183 2811 1474 2869 ἀρτοφαγέουσι
1510 2810 1582 2862 δὲ,
1620 2810 1662 2851 ἐκ
1699 2812 1779 2849 τῶν

1126 2867 1298 2925 ὀλυρέων
1345 2872 1549 2917 ποιεῦντες
1605 2865 1775 2920 ἄρτους]
