1909 3228
562 242 595 278 E
630 243 664 280 U
698 242 732 280 T
762 242 794 278 E
824 243 859 279 R
888 241 917 278 P
946 242 989 279 E.
1036 242 1081 279 11.

182 352 368 408 βωνίδος
408 352 582 407 λίμνης,
642 348 745 405 παρ’
785 350 839 407 ἢν
867 350 915 394 τό
948 348 1117 396 Κάσιον
1147 346 1251 403 ὅρος
1277 350 1430 392 τείνει·
1492 355 1571 396 106

1355 241 1438 287 487,

153 429 340 486 Ξταύτης
371 424 434 472 ὦν
464 429 548 474 ἄπο
580 431 623 472 οἷ
650 429 855 485 ἑξήκοντα
896 429 1061 484 σχοῖνοί
1092 429 1185 470 εἰσι.
1232 425 1327 470 ὅσοι
1355 426 1435 482 μὲν

179 509 262 566 γὰρ
290 510 519 566 γεωπεῖναί
557 510 637 552 εἰσι
672 506 943 564 ἀνθρώπων,
992 505 1196 563 ὀργυιῇσι
1226 504 1434 562 μεμετρή-

183 601 286 633 κασι
314 587 391 644 τὴν
420 587 586 644 χώρην·
635 587 732 631 ὅσοι
762 587 806 630 δὲ
839 581 972 642 ἧσσον
999 590 1250 642 γεωπεῖναι,
1289 585 1433 628 σταδί-
1446 592 1491 626 95

180 680 289 713 οισι·
348 671 391 710 οἳ
430 668 475 709 ὁὲ
512 667 675 723 πολλὴν
714 667 880 722 ἔχουσι,
925 664 1251 721 παρασάγγῃσι·
1309 665 1351 706 οἳ
1390 662 1435 706 δὲ

150 747 388 803 3ἄφθονον
418 747 536 802 λίην,
567 747 788 801 σχοίνοισι.

123 924 264 957 tantum
276 924 312 957 et
333 918 548 967 salsilagime
564 930 630 967 per
650 929 775 967 super-

124 977 236 1014 ficiem
249 988 375 1024 sparsa
386 975 553 1023 cognosci
568 987 677 1023 posse
689 974 776 1010 scri-

123 1033 188 1070 bit.
240 1032 319 1069 Alia
359 1032 459 1068 dabit
497 1031 700 1067 Creuzerus
739 1030 776 1066 in

122 1089 346 1125 Commentt.
358 1087 496 1124 Herod.
513 1100 548 1135 p.
563 1088 655 1127 286.
680 1086 776 1123 Nam

122 1145 230 1182 istum
242 1143 355 1181 lacum
374 1143 576 1179 hominibus
588 1155 702 1191 aeque
722 1146 777 1178 at-

123 1214 195 1250 que
216 1200 429 1237 animalibus
451 1200 639 1236 exitiosum
661 1203 696 1235 et
717 1198 773 1233 in-

124 1269 250 1294 sanum
262 1256 453 1306 Typhonis
472 1256 598 1303 (quem
615 1255 773 1291 omnium

123 1313 297 1349 malorum
316 1316 506 1362 parentem
524 1312 681 1347 habuere
701 1310 772 1346 Ac-

123 1369 265 1419 gyptii)
292 1367 553 1417 receptaculum
574 1367 660 1403 inde
679 1367 774 1402 sere-

124 1426 223 1462 bant.
262 1425 360 1468 Quin
380 1425 459 1474 ipso
480 1424 516 1459 in
539 1422 635 1458 lacus
659 1422 773 1458 nomi-

121 1494 168 1518 ne
190 1479 266 1518 tale
287 1480 375 1528 quid
400 1481 520 1516 inesse
540 1491 634 1514 nunc
652 1477 774 1515 emti-

121 1541 243 1583 mant,
283 1537 461 1585 siquidem
491 1534 653 1572 ,Serbonz's
677 1535 773 1570 lacus

122 1593 381 1643 Aegyptiorum
427 1604 593 1629 sermone
636 1590 772 1627 valeat:

122 1652 184 1699 qui
209 1651 349 1699 spargit
369 1648 549 1699 foetorem.
596 1647 654 1684 Ita
676 1650 774 1683 certe

122 1706 305 1743 lablonsk.
329 1706 462 1755 Opusc.
484 1705 499 1740 I
526 1718 560 1753 p.
582 1705 662 1745 303
691 1702 772 1738 coll.

122 1763 225 1808 301,
254 1762 434 1811 probante
466 1760 666 1809 Channpoll.
700 1759 772 1794 ΓΕ-

123 1822 225 1866 gypt.
255 1830 339 1853 sous
370 1817 390 1852 l.
426 1817 525 1865 phar.
557 1816 585 1851 ll
613 1829 647 1864 p.
678 1816 772 1854 304.

123 1873 222 1910 Alius
238 1873 291 1908 vir
317 1873 444 1908 doctus
467 1871 579 1918 (conf.
593 1875 631 1911 te
645 1870 774 1906 NVater

124 1930 172 1966 ad
200 1928 381 1965 lablonsk.
401 1928 421 1963 l.
441 1927 483 1975 l.)
503 1928 539 1962 in
562 1939 648 1962 voce
674 1927 774 1974 Σερ-

125 1982 208 2035 βών
229 1983 427 2021 occultandi
440 1990 475 2020 et
486 1981 702 2030 demergendi
711 1994 777 2016 no*

122 2043 260 2078 tionem
278 2040 495 2088 quaezierat.

181 2095 225 2136 τό
255 2092 408 2134 Κάσιον
439 2092 553 2145 ὅρος]
590 2095 636 2131 de
671 2093 776 2130 Casio

125 2157 274 2199 monte,
320 2166 341 2189 a
372 2164 444 2200 quo
473 2152 558 2188 inde
585 2163 701 2198 usque
727 2149 774 2184 ad

123 2210 316 2247 Arabicum
337 2210 452 2244 sinum
469 2207 563 2244 mille
576 2206 774 2243 stadiorum

125 2267 195 2303 iter
214 2279 295 2303 esse
316 2268 441 2301 noster
464 2265 576 2301 refert
602 2262 654 2308 ll,
680 2262 773 2307 158,

126 2322 316 2373 primarius
333 2325 452 2357 exstat
470 2319 661 2356 Strabonis
678 2318 775 2354 locus

127 2378 213 2413 XVI
224 2391 260 2427 p.
275 2379 394 2422 1100,
414 2377 457 2413 C.
473 2378 644 2416 1102*-
659 2376 777 2420 1103,

127 2436 223 2470 uude
252 2437 414 2469 trecenta
445 2432 564 2467 stadia
592 2445 613 2467 a
633 2430 778 2467 Pelusio

127 2489 224 2525 illum
246 2493 422 2524 remotum
442 2501 523 2524 esse
536 2488 711 2532 novimus,
722 2485 778 2522 vel

127 2546 249 2595 potius
279 2549 440 2581 trecenta
466 2544 611 2591 viginti,
659 2547 699 2578 ut
734 2554 778 2578 ex

128 2600 301 2637 Antonin.
315 2600 437 2636 itiner.
454 2599 672 2646 intelligitur.
702 2597 777 2645 Ag-

129 2657 273 2706 geribus
297 2668 487 2692 arenarum
516 2654 664 2690 similem
689 2667 776 2690 eun-

131 2714 214 2749 dem
227 2716 349 2748 narrat
360 2712 506 2756 Strabo⁷
526 2712 563 2746 in
580 2723 679 2747 mare
692 2723 778 2758 pro—

131 2772 333 2805 currentem
346 2796 356 2813 ,
406 2779 581 2816 aquarum
622 2766 779 2814 denique

131 2825 287 2874 inopem.
344 2823 418 2860 ulie
456 2823 619 2872 Pompeii
650 2820 779 2870 Magni

132 2881 247 2919 iacere
265 2893 395 2931 corpus
415 2884 451 2917 et
472 2880 563 2916 lovis
585 2878 682 2915 Casii
700 2890 781 2915 esse

842 744 1026 788 δύναται
1056 745 1102 788 δὲ
1133 743 1156 787 ὁ
1188 743 1266 797 μὲν
1294 757 1434 797 παρα·-

842 915 1027 966 templum.
1080 914 1188 953 Nunc
1218 913 1332 951 monti
1362 923 1493 950 nomen

843 972 895 1010 Ec
912 972 989 1009 Kas
1011 986 1038 1009 s.
1059 970 1140 1008 Ras
1152 971 1323 1017 Kasoron,
1353 974 1391 1007 et
1409 981 1493 1019 pro-

843 1043 889 1080 pe
915 1033 1076 1067 montem
1098 1028 1196 1065 locus
1216 1026 1332 1064 Katia
1358 1039 1385 1062 s.
1415 1027 1494 1062 Ka-

844 1086 925 1133 fieb,
945 1086 1100 1121 docente
1110 1085 1324 1120 Hartmann.
1336 1081 1358 1118 l.
1371 1081 1392 1118 l.
1406 1093 1494 1131 pag.

845 1145 939 1184 866.
970 1140 1050 1177 Alia
1060 1139 1329 1177 Schlichthorst.
1342 1138 1363 1174 l.
1375 1137 1397 1174 l.
1407 1149 1492 1187 pag.

840 1201 894 1239 76
916 1210 991 1246 seq.
1010 1196 1088 1233 coll.
1107 1195 1260 1233 Rennel.
1274 1194 1330 1233 l.l.
1349 1207 1383 1244 p.
1398 1194 1492 1234 581-

841 1256 1038 1292 Caeteruin
1055 1253 1152 1289 hicce
1177 1265 1280 1289 mons
1304 1251 1418 1300 probe
1439 1249 1494 1285 di-

842 1310 1082 1357 stinguendus
1105 1321 1126 1344 a
1144 1312 1269 1345 monte
1291 1307 1405 1353 Casio,
1433 1305 1495 1353 qui

841 1368 879 1402 in
906 1365 1012 1414 Syria
1044 1368 1101 1400 est
1120 1377 1235 1413 prope
1256 1361 1493 1400 Antiochiam.

843 1422 950 1458 Cous.
967 1420 1151 1457 Mannert.
1167 1419 1190 1456 l.
1203 1420 1225 1455 l.
1237 1418 1286 1465 X,
1307 1422 1328 1459 1
1351 1431 1386 1468 p.
1400 1417 1494 1457 495.

898 1519 920 1555 γ
932 1519 947 1543 ε
959 1518 1027 1541 ωπ
1041 1518 1056 1541 ε
1070 1506 1116 1541 ῖν
1131 1501 1182 1540 αι’
1208 1499 1297 1551 εἰσι]
1320 1499 1494 1536 Timaeus

843 1564 879 1598 in
896 1561 1016 1598 Lexic.
1034 1559 1176 1595 Platon.
1198 1560 1429 1610 γεωπεῖναι·
1456 1555 1497 1593 οἱ

843 1613 987 1668 μικράν
1013 1614 1081 1654 καὶ
1109 1611 1262 1665 λυπρᾶν
1283 1614 1360 1666 γῆν
1382 1611 1495 1661 ἕχον-

841 1690 926 1721 τεςς
958 1685 1051 1722 quae
1078 1672 1126 1709 ad
1151 1670 1291 1708 Herod.
1321 1669 1375 1715 ΙΙ,
1401 1671 1426 1709 6
1458 1672 1496 1705 et

843 1731 947 1776 Vlll,
980 1732 1055 1770 111
1084 1729 1267 1778 pertinere
1298 1726 1390 1762 bene
1420 1737 1496 1760 mo-

841 1788 942 1831 nuit,
975 1786 1051 1822 aliis
1075 1796 1221 1833 quoque
1251 1780 1494 1830 grammaticis

841 1842 1017 1886 laudatis,
1046 1839 1239 1877 Ruhnken.
1259 1851 1342 1886 pag.
1362 1838 1427 1876 68.
1443 1857 1493 1862 ——

842 1899 969 1934 Utitur
989 1896 1021 1932 h.
1042 1896 1119 1931 loco
1133 1894 1288 1930 Iomard.
1309 1892 1436 1931 Descr.
1448 1891 1495 1927 de

844 1954 1010 2001 l'Eg-ypt.
1050 1950 1200 1998 Antiqq.
1229 1948 1245 1984 I
1276 1948 1321 1995 (3
1342 1947 1493 1993 livrais.)

844 2021 928 2058 pag.
956 2009 1058 2052 688,
1092 2018 1134 2042 ex
1160 2017 1232 2053 quo
1263 2004 1494 2040 manifestum

843 2065 922 2109 fiat,
954 2063 1111 2099 stadium
1123 2061 1342 2110 quadratum
1354 2058 1494 2106 (carre)

842 2121 877 2156 in
904 2119 1080 2156 mensuris
1112 2129 1282 2165 agrorum
1308 2115 1404 2165 apud
1424 2113 1496 2151 Ae-

841 2177 989 2226 gyptios
1006 2175 1179 2211 usitatum
1203 2173 1325 2209 fuisse.

900 2254 1067 2298 δύναται
1087 2254 1129 2294 δὲ
1151 2254 1175 2295 ό
1197 2252 1267 2306 μὲν
1288 2248 1497 2305 παρασάγ-

843 2332 914 2370 γης
941 2309 1151 2364 τριήκοντα
1182 2307 1341 2360 στάδια]
1378 2306 1496 2348 δύνα-

847 2378 942 2411 σθαι
965 2372 1020 2407 hic
1040 2369 1154 2406 valere
1171 2381 1270 2413 esse,
1301 2367 1359 2403 vix
1380 2366 1495 2402 moni-

846 2434 887 2465 tu
919 2440 1022 2477 opus.
1076 2426 1117 2462 In
1136 2435 1363 2474 parasanga,
1402 2434 1497 2469 quae

847 2486 1038 2522 Persarum
1053 2486 1110 2518 est
1127 2493 1307 2524 mensura,
1336 2478 1497 2528 plerique

846 2540 1076 2577 Herodotum
1091 2540 1310 2585 sequuntur3
1329 2534 1385 2570 alii
1399 2538 1496 2570 teste

845 2597 1027 2633 Strabone
1056 2593 1107 2630 X[
1133 2606 1168 2642 p.
1192 2593 1295 2636 788,
1317 2590 1346 2626 Α
1368 2603 1394 2625 s.
1414 2590 1495 2629 518

844 2653 1046 2699 sexaginta,
1060 2647 1368 2697 aliiquadraginta
1379 2645 1498 2681 stadia

843 2712 995 2759 ponunt.
1026 2706 1133 2742 Conf.
1154 2704 1294 2741 Herod.
1317 2702 1360 2748 V,
1382 2701 1434 2742 53
1458 2704 1495 2737 et

845 2765 906 2813 qui
923 2763 1066 2812 copiose
1082 2761 1171 2797 haec
1188 2758 1356 2796 tractavit
1368 2757 1496 2794 Ukert.

847 2819 1055 2867 Geograph.
1086 2818 1121 2853 d.
1150 2816 1214 2853 Gr.
1241 2828 1274 2852 u.
1295 2816 1401 2852 Rom.
1421 2812 1447 2859 l,
1468 2816 1495 2853 2

850 2889 933 2927 pag.
956 2878 1006 2916 77
1031 2878 1105 2912 not.
1130 2874 1194 2914 70.
