1877 3223
675 194 973 235 cL10.1.

1384 199 1467 239 109

185 308 491 360 καταιρεθεῖσα
520 305 607 350 ὑπὸ
630 306 788 362 Κύρου
817 310 897 350 τοῦ
928 303 1186 362 Καμβύσεω,
1217 306 1290 349 καὶ
1309 307 1361 354 τοὶ
1377 310 1465 351 τῶν

186 383 393 440 Περσέων
421 385 651 441 πρήγματα
682 385 977 442 αὐξανόμενα,
1008 385 1192 435 πένθεος
1222 385 1301 440 μὲν
1331 388 1463 440 Κροῖ-

185 473 266 506 σον
296 461 535 508 ἀπέπαυσε·
579 463 751 521 ἐνέβησε
780 465 825 507 δὲ
857 464 900 515 ές
929 465 1167 519 φροντίδα,
1207 466 1246 507 εἴ
1271 479 1356 514 κως
1386 462 1464 507 δυ’-

182 558 335 594 ναιτο,
380 544 485 598 πρὶν
509 542 723 599 μεγάλους
752 543 953 598 γενέσθαι
982 542 1086 592 τούς
1117 541 1307 598 Πέρσας,
1339 559 1466 586 κατα-

160 624 331 676 Ξλαβεῖν
362 620 507 664 αὐτῶν
537 621 831 679 αὐξανομένην
863 620 942 678 τήν
972 620 1172 677 δύναμιν.
1230 621 1355 665 Meto?
1396 616 1480 664 03121

183 699 263 756 τὴν
305 700 506 744 διάνοιαν
545 699 707 757 ταύτην
748 701 903 745 αὐτίκα
944 698 1203 755 ἀπεπειρᾶτο
1242 705 1331 744 τῶν
1360 717 1464 757 μαν-

181 781 314 834 τηΐων
343 782 432 822 τῶν
460 795 504 822 τε
534 779 581 823 ἐν
610 779 814 837 ”Ἐλλησι,
857 780 930 824 καὶ
971 784 1051 823 τοῦ
1093 780 1139 823 έν
1168 779 1335 837 Λιβύῃ·
1376 782 1465 823 δια-

181 857 351 914 πέμψας
393 856 551 909 ἄλλους
588 858 716 915 ἄλλῃ,
757 857 860 910 τοὺς
898 860 976 915 μὲν
1016 859 1058 910 ές
1094 859 1300 915 Δελφούς
1337 858 1462 910 ι’έναι,

180 936 282 988 τοὺς
312 937 357 980 δὲ
387 936 581 994 ἐς”Αβας
609 936 687 989 τὰς
722 938 921 988 Φωκέων,
951 936 1053 988 τοὺς
1087 938 1132 981 δὲ
1163 937 1460 994 έςΔωδώνην·

182 1017 226 1059 οἱ
245 1017 291 1060 δέ
317 1032 428 1067 τινες
458 1017 697 1074 ἐπέμποντο
728 1018 846 1073 παροὲ
875 1034 919 1062 τε
945 1014 1213 1073 Ἀμφιάρεων
1241 1018 1312 1061 καὶ
1341 1017 1484 1074 παρά5

137 1207 356 1262 Κυαξάρεω
393 1208 586 1262 ἡγεμονίη
617 1226 653 1251 κ.
681 1228 712 1252 τ.
737 1211 786 1264 λ.]

136 1268 243 1304 Unus
251 1268 432 1303 Sancrosti
443 1268 532 1305 liber
548 1263 786 1321 Ἀστυάγεω,

136 1323 236 1372 quod
262 1326 414 1373 propter
448 1324 576 1360 Ionum
595 1332 789 1362 consuetu-

136 1380 259 1416 dinem
278 1379 316 1415 in
345 1375 593 1430 Καμβύσεω,
624 1377 789 1428 Κυαξά-

137 1449 211 1487 ρεω
227 1464 238 1483 ,
269 1435 367 1483 aliis,
387 1436 485 1472 haud
503 1436 668 1486 displicet
678 1438 788 1474 Wes-

136 1491 299 1540 selingio.
357 1492 439 1529 Vid.
463 1492 591 1529 Matth.
630 1494 696 1530 Gr.
719 1494 785 1530 Gr.

138 1546 175 1599 ἓ.
193 1551 244 1589 91
262 1560 348 1598 pag.
377 1548 467 1589 195.
505 1548 564 1585 Ad
591 1562 787 1598 argumen-

138 1609 214 1640 tum
235 1606 327 1641 conf.
346 1604 382 1651 I,
400 1606 452 1646 95
472 1618 553 1654 sqq.
582 1608 661 1646 128
680 1619 785 1655 seqq.

192 1661 428 1711 καταλαβεῖν
457 1658 590 1700 αὐτῶν
620 1657 787 1709 αὐξανο-

139 1713 262 1766 μένην
284 1713 358 1766 ‘miv
385 1713 581 1768 δύναμιν]
615 1722 787 1757 καταλα-

140 1772 226 1822 βεῖν
255 1772 348 1809 male
378 1785 400 1809 a
416 1775 593 1811 nonnullis
610 1779 787 1813 mutatum

139 1829 177 1864 in
219 1829 498 1878 καταβαλεῖν,
578 1831 785 1868 melioribus

141 1884 247 1921 codd.
276 1884 419 1930 invitis;
447 1887 681 1936 καταλαβεῖν
709 1887 787 1924 iure

139 1944 260 1977 tuetur
299 1940 348 1976 W
351 1940 562 1990 esselingius
615 1942 791 1979 coercendi

141 2000 178 2034 et
217 1996 448 2045 compescendi
484 1998 631 2035 notione
674 1998 788 2046 (quia

139 2052 300 2088 nondum
345 2065 408 2089 rex
452 2054 571 2089 animo
619 2055 788 2090 versabat

139 2108 352 2157 gliscentem
378 2108 571 2145 Persarum
587 2111 788 2159 potentiam

141 2165 325 2214 opprimere
362 2177 405 2201 ac
430 2177 582 2214 prorsus
619 2169 786 2213 evertere,

141 2221 208 2258 sed
226 2232 306 2257 eam
325 2220 447 2269 potius
464 2221 617 2258 accisam
638 2226 674 2258 et
687 2235 788 2259 coer-

141 2276 246 2314 citam
263 2289 538 2326 repressamque
555 2278 600 2314 ab
621 2277 697 2313 aliis
725 2290 786 2315 ex-

140 2332 386 2383 peditionibus
406 2333 582 2381 volebat),
598 2337 691 2371 teste
702 2334 787 2370 Sui-

142 2389 209 2435 da,
255 2389 314 2425 ubi
341 2392 414 2426 est:
444 2387 672 2439 κατέλαβεν·
702 2388 786 2429 έπέ-

142 2445 280 2494 λαβεν,
310 2443 442 2495 ἐπέσχε
452 2447 524 2495 τῆς
537 2443 672 2496 ὁρμῆς.
687 2445 785 2484 Add.

140 2499 280 2536 Herod.
300 2500 346 2548 V,
356 2503 420 2542 21.
449 2501 527 2539 coll.
548 2501 619 2549 ΙΙΙ,
638 2504 703 2543 36.
718 2502 783 2545 52.

141 2554 232 2602 VII,
252 2558 278 2596 9
297 2560 364 2593 etc.

197 2608 292 2658 τούς
313 2609 356 2649 δὲ
375 2608 577 2664 εἶς’Ἀβας
597 2608 667 2658 τοὶς
698 2614 784 2652 Φω-

141 2664 264 2712 κέων]
296 2666 434 2705 Urbem
460 2673 636 2706 memorat
652 2669 786 2708 hancce

141 2721 279 2761 Noster
304 2722 407 2770 VIII,
434 2727 499 2765 27.
521 2726 586 2766 33.
612 2724 704 2772 134,
722 2727 784 2763 ubi

141 2779 212 2817 vid.
240 2778 347 2816 Clara
375 2779 442 2816 fuit
463 2779 639 2830 Apollinis
659 2794 785 2819 oracu-

141 2834 196 2884 lo,
226 2835 323 2873 cuius
344 2834 451 2873 etiam
469 2835 714 2875 Romanorum
722 2849 784 2877 ae-

854 1218 930 1252 tate
954 1227 1113 1251 summus
1131 1214 1268 1258 honor,
1298 1217 1392 1252 teste
1407 1213 1505 1251 Pau-

855 1272 957 1307 sania
978 1272 1032 1318 X,
1052 1271 1117 1312 35.
1148 1270 1343 1321 Templum
1374 1283 1396 1307 a
1416 1270 1506 1308 Per—

855 1328 906 1362 sis
922 1328 1113 1376 spoliatum
1133 1340 1175 1363 ac
1194 1330 1375 1363 vastatum
1394 1326 1504 1376 paulo

853 1387 941 1432 post
965 1387 1203 1419 restauratum
1224 1383 1338 1419 fuisse
1350 1383 1504 1428 videtur,

854 1451 933 1475 cum
952 1437 1133 1474 Mardouii
1154 1442 1272 1475 aetate
1289 1439 1408 1475 denuo
1422 1451 1505 1474 ora-

853 1494 932 1531 cula
949 1495 1034 1532 inde
1057 1496 1259 1532 ederentur.
1309 1495 1425 1531 Situm
1444 1507 1504 1531 ur-

852 1551 908 1587 bis
937 1551 1138 1601 templique
1170 1551 1306 1601 primus
1337 1555 1504 1588 accurate

853 1607 994 1644 definiit
1030 1608 1148 1655 Gell.,
1178 1608 1332 1644 inventis
1366 1608 1504 1658 quippe

851 1663 963 1699 ruinis
994 1677 1111 1714 prope
1142 1664 1413 1711 Chaeroneam,
1443 1663 1503 1699 ubi

851 1732 947 1756 nunc
959 1721 1088 1768 exiguo
1106 1720 1225 1770 spatio
1245 1720 1385 1757 distans
1404 1721 1502 1756 ricus

853 1775 1034 1812 invenitur
1052 1776 1243 1823 Exarcko,
1272 1776 1335 1825 qui
1363 1777 1411 1813 ad
1438 1775 1503 1812 Li-

852 1832 984 1868 badiae
1000 1832 1171 1869 ditionem
1191 1833 1360 1881 pertinet.
1418 1832 1501 1868 Vid.

852 1887 974 1924 Kruse
1001 1887 1128 1924 Hellas
1163 1888 1218 1934 II,
1239 1892 1266 1928 2
1296 1901 1332 1936 p.
1349 1886 1403 1927 74
1422 1900 1501 1935 seq.

854 1942 931 1979 coll.
953 1943 995 1978 C.
1010 1942 1207 1979 O.Miiller.
1226 1943 1262 1978 in
1282 1943 1500 1979 Orchomen.

853 2010 890 2047 p.
921 1997 1001 2038 496
1032 2011 1109 2046 seq.
1134 2019 1190 2025 ——-
1227 1997 1285 2035 De
1316 1998 1502 2035 Dodonaeo

853 2052 996 2090 oraculo
1014 2055 1107 2091 conf.
1123 2054 1264 2091 Herod.
1285 2053 1340 2102 ΙΙ,
1357 2054 1422 2096 52.
1445 2055 1500 2096 54

854 2122 931 2158 seq.

907 2160 1016 2215 παρά
1063 2179 1104 2205 τε
1145 2160 1395 2220 Ἀμφιάρεων
1431 2165 1500 2206 καὶ

853 2220 962 2272 παροέ
1017 2219 1272 2272 Τροφώνιον]
1331 2223 1500 2272 Uterque

852 2283 953 2316 vates
979 2279 1222 2316 nobilissimus
1249 2292 1292 2317 ac
1319 2285 1404 2329 post
1432 2280 1500 2316 hu·-

851 2347 960 2371 mana
978 2335 1053 2370 fata
1072 2336 1106 2371 in
1117 2336 1266 2372 deorum
1284 2340 1425 2373 coetum
1440 2349 1500 2373 re-

853 2394 977 2440 ceptus
989 2419 998 2437 ,
1010 2394 1159 2440 uterque
1175 2392 1325 2428 oraculis
1343 2392 1497 2440 insignis

852 2459 919 2483 nec
945 2448 1221 2497 praetermissus
1254 2448 1421 2485 Ciceroni
1450 2449 1498 2485 de

852 2506 926 2539 nat.
957 2503 1075 2539 deorr.
1109 2503 1182 2550 ΙΙΙ,
1209 2505 1272 2545 19.
1328 2504 1497 2553 Amphia-

851 2572 956 2604 raus,
987 2559 1100 2596 Oiclis
1126 2559 1238 2606 filius,
1276 2561 1497 2610 expeditioni

852 2620 976 2652 contra
995 2615 1144 2652 Thebas
1173 2621 1362 2666 susceptae
1384 2617 1497 2654 inter-

851 2671 939 2715 fuit3
967 2684 1051 2708 mox
1078 2683 1164 2708 vero
1188 2672 1285 2708 iuxta
1314 2673 1494 2723 Oropum,

850 2727 1024 2764 Boeotiae
1041 2727 1164 2764 urbem
1193 2740 1265 2764 una
1290 2741 1368 2764 cum
1391 2728 1495 2778 plau-

851 2784 957 2830 stris,
987 2784 1117 2833 quibus
1147 2783 1362 2831 vehebatur,
1397 2785 1494 2821 terra

850 2842 906 2877 est
925 2840 1085 2878 obrutus.
1152 2838 1208 2878 Ex
1233 2852 1305 2891 quo
1329 2844 1494 2892 tempore
