1909 3228
543 226 963 267 EUTERPE.
1014 228 1059 266 Ιῐ.

1332 231 1414 272 511

164 335 346 392 ὑπῆρχε,
395 335 438 379 τί
475 336 825 394 περιειργάζοντο
875 336 1097 389 δοκέοντες
1131 340 1296 394 πρῶτοι
1334 335 1414 381 ἄν-

159 413 356 470 θρώπων
382 415 632 471 γεγονέναις
692 415 794 460 οὐδὲ
824 416 910 460 ἔδει
949 416 1082 473 σφέας
1114 416 1156 467 ἐς
1185 417 1414 472 διάπειραν
1472 425 1547 463 111

158 497 246 536 τῶν
275 496 462 537 παιδίων
491 494 622 547 ἰέναι,
653 497 748 539 τίνα
767 499 967 550 γλῶσσαν
984 495 1159 552 πρώτην
1182 493 1410 552 ἀπήσουσι.
1425 504 1468 538 51

130 569 272 615 6Ἀλλ.’
347 572 366 586 ”
498 575 508 589 ’
629 576 638 590 ’
822 592 830 599 ·
857 575 865 587 ’
949 574 969 588 ”’
1111 578 1128 587 ”
1218 575 1227 589 '
1394 578 1412 587 “⁶

312 588 411 616 ουτε
452 580 717 630 Αιγυπτιους
767 576 902 617 &ozam
942 593 1030 631 αμα
1068 592 1127 631 τῳ
1166 580 1307 618 Λελτα
1350 593 1410 635 τῳ

157 648 236 693 ὑπ’
265 649 423 694 Ἰώνων
465 652 709 710 καλεομένῳ
738 653 964 708 γενέσθαι,
1016 655 1100 696 αἰεί
1127 670 1171 698 τε
1201 654 1334 708 εἶναι,
1374 654 1417 708 ἐξ

159 725 213 772 οὗ
246 728 490 785 ἀνθρώπων
518 731 642 787 γένος
672 731 856 786 ἐγένετο·
885 731 1124 788 προϊούσης
1153 734 1198 777 δὲ
1227 738 1301 789 τῆς
1327 733 1411 789 χώ-

158 826 257 864 ρης,
288 810 473 860 πολλοὺς
501 811 579 865 μὲν
607 809 712 861 τούς
739 809 1110 866 ὑπολειπομένους
1130 810 1274 855 αὐτῶν
1294 811 1411 868 γενέ-

130 893 288 940 7σθαι,
319 889 511 941 πολλοὺς
541 889 586 933 δὲ
611 888 714 941 τούς
739 887 1178 947 ὑποκαταβαίνοντας.
1208 891 1257 935 τὸ
1284 890 1326 935 δ’
1351 887 1468 935 αἶν55

154 1069 325 1120 πολλούς
341 1070 413 1124 μὲν
425 1070 518 1121 τούς
536 1072 750 1115 ὑπολειπο-

99 1127 243 1179 μένους
273 1144 307 1168 κ.
328 1145 359 1169 τ.
382 1132 438 1177 λ.]
478 1130 518 1170 οἵ
540 1128 751 1171 ὑπολειπό-

99 1200 211 1234 μενοι
231 1190 314 1223 sunt
338 1188 398 1236 qui
416 1187 574 1238 pristinis
597 1189 633 1224 in
653 1189 749 1226 sedi-

100 1242 165 1279 bus
196 1247 406 1290 remanent,
454 1248 550 1281 terra
585 1245 746 1294 quamvis

99 1302 205 1335 aucta
233 1302 269 1336 et
300 1303 488 1350 promota3
530 1300 571 1339 οἵ
596 1298 746 1340 ὑποκα-

98 1354 353 1404 ταβαίνοντες
372 1356 432 1404 qui
450 1356 622 1405 paulatim
635 1358 671 1394 in
689 1359 745 1394 in-

98 1411 247 1448 feriores
295 1411 520 1448 descendunt
563 1414 744 1461 regiones,

96 1466 274 1516 prioribus
297 1467 440 1504 sedibus
460 1468 602 1506 relictis.
633 1469 748 1505 Colli-

97 1522 151 1571 git
168 1526 286 1560 autem
312 1536 356 1560 ex
382 1523 451 1560 hoc
478 1523 557 1561 loeo
582 1529 617 1562 et
641 1539 744 1574 seqq.

96 1579 255 1616 Heeren.
281 1579 411 1625 (Ideen
428 1584 494 1617 etc.
514 1580 559 1628 ΙΙ,
578 1585 650 1632 2p.
666 1585 744 1622 100

96 1634 174 1672 coll.
194 1635 306 1683 326)
346 1635 494 1674 Thebas
525 1650 552 1673 s.
583 1638 747 1688 superio-

95 1704 171 1729 rem
201 1691 409 1741 Aegyptum
442 1692 600 1742 priorem
634 1694 745 1732 fuisse

95 1746 247 1793 cultam,
273 1760 316 1784 ex
345 1748 417 1796 qua
449 1749 563 1786 omnis
590 1750 745 1787 cultioris

95 1803 190 1840 vitae
217 1803 354 1839 semina
381 1817 447 1853 per
478 1805 650 1854 reliquam
672 1805 746 1843 Ae-

96 1863 248 1908 gyptum
279 1871 406 1908 sparsa
436 1860 581 1898 fuerint.
642 1861 745 1904 Quo-

96 1928 175 1951 cum
199 1914 386 1960 convenit,
411 1916 511 1963 quod
539 1920 632 1954 teste
653 1916 744 1953 Dio-

96 1971 188 2007 doro
208 1970 246 2017 I,
264 1971 318 2011 50
341 1970 507 2007 Thebani
526 1985 565 2010 se
585 1974 743 2010 omnium

94 2027 362 2075 antiquissimos
375 2039 454 2064 esse
473 2028 743 2077 praedicabant.

98 2104 144 2110 —
171 2083 243 2119 Pro
261 2077 411 2122 αὐτέων
430 2096 509 2121 cum
533 2084 742 2122 Gaisfordio

95 2138 193 2176 edidi
218 2133 361 2177 αὐτῶν.

149 2191 191 2234 τὸ
222 2190 263 2234 δ’
295 2188 353 2233 ὦν
381 2193 501 2234 πάλαι
523 2194 568 2234 αἷ
598 2195 741 2246 Θῆβαι,

94 2249 295 2301 Αἴγυπτος
315 2250 511 2302 ἐκαλέετο]
542 2252 640 2290 Male
660 2252 740 2289 libri

95 2307 239 2356 quidam
285 2305 499 2347 ἐκαλέοντο.
574 2308 635 2345 Tu
668 2308 740 2345 vid.

95 2362 226 2400 Matth.
248 2364 312 2400 Gr.
332 2364 396 2400 Gr.
417 2362 453 2414 ἓ.
473 2363 567 2404 305.
589 2385 644 2391 -
663 2364 741 2402 He-

95 2418 215 2454 rodoti
231 2420 444 2456 sententiam
462 2421 596 2458 diserte
609 2421 741 2470 repetit

96 2472 306 2512 Aristoteles
327 2474 516 2513 Meteorol.
541 2476 578 2523 Ι,
602 2476 674 2516 14:
697 2472 739 2514 τὸ

97 2523 263 2579 ἀρχαῖον
306 2527 335 2580 ἦ
373 2530 571 2577 Αἴγυπτος
610 2532 743 2582 Θῆβαι

95 2580 364 2635 καλεούμεναι.
429 2586 483 2623 Ac
508 2586 654 2636 longum
686 2592 741 2625 est

95 2640 130 2678 h.
161 2640 184 2677 l.
215 2641 262 2679 de
292 2641 373 2691 ipso
398 2640 555 2692 Aegypti
594 2644 740 2681 nomine

95 2709 296 2747 exponere,
326 2697 373 2734 de
398 2709 470 2746 quo
497 2697 615 2735 varias
640 2699 738 2736 viro-

93 2764 172 2789 rum
200 2753 386 2790 doctorum
419 2754 613 2791 sententias
651 2769 738 2805 sup-

93 2808 270 2859 peditabit
279 2808 389 2847 Beck.
407 2809 442 2846 in
454 2808 607 2859 Allgem.
621 2811 736 2849 Welt-

93 2863 215 2914 geseh.
240 2864 257 2902 1
288 2877 374 2916 pag.
405 2865 486 2908 265
506 2879 584 2918 seq.
638 2866 732 2906 Add.

817 1080 907 1114 nott.
928 1088 1036 1127 supra
1058 1076 1105 1114 ad
1133 1076 1167 1113 II
1183 1105 1194 1124 ,
1217 1079 1270 1119 12
1297 1081 1354 1124 et,
1372 1090 1467 1127 quae

819 1133 884 1170 Cr.
914 1133 1056 1180 laudat,
1098 1133 1230 1170 scholia
1257 1134 1293 1170 in
1321 1133 1466 1173 Platon.

815 1203 852 1240 p.
879 1193 960 1231 207
994 1189 1050 1225 ed.
1081 1189 1228 1227 Ruhnk.
1284 1189 1355 1227 Hic
1378 1189 1466 1227 illud

815 1247 925 1282 modo
954 1245 1142 1293 addimus,
1171 1245 1227 1284 vel
1251 1250 1376 1283 nostra
1399 1259 1463 1284 ae·-

812 1305 887 1339 tate
906 1302 1001 1339 idem
1021 1302 1106 1339 ferri
1123 1315 1255 1340 nomen
1287 1306 1323 1340 et
1350 1303 1463 1351 urbis,

813 1370 906 1406 quae
931 1358 1097 1408 princeps
1128 1362 1183 1395 est
1212 1358 1250 1395 in
1275 1358 1461 1408 Aegypt0‚

815 1417 851 1450 et
879 1414 980 1449 huius
1007 1413 1119 1463 ipsius
1147 1418 1288 1461 terrae,
1320 1415 1348 1451 si
1381 1415 1463 1463 qui-

814 1470 897 1506 dem
933 1468 1036 1506 cairo
1083 1470 1168 1506 urbs
1208 1473 1244 1506 et
1287 1469 1462 1507 Mizra2·m

812 1526 911 1575 apud
930 1525 1084 1562 Iudaeos
1103 1530 1139 1563 et
1150 1524 1248 1562 Mesr
1262 1526 1360 1577 apud
1372 1526 1464 1563 Ara-

812 1581 877 1618 bes
902 1582 1048 1627 dicitur3
1071 1583 1142 1630 qua
1159 1588 1311 1631 utraque
1333 1582 1463 1632 appel-

812 1636 945 1675 latione
973 1637 1181 1688 Aegyptum
1212 1638 1327 1688 ipsam
1352 1638 1462 1687 vulgo

812 1693 959 1731 indicari
971 1699 1121 1731 constat.
1144 1694 1228 1731 Vid.
1246 1695 1461 1732 Hartmann.

811 1749 1090 1788 Erdbeschreib.
1109 1763 1141 1787 v.
1161 1749 1320 1800 Aegypt.
1330 1745 1367 1801 p.
1378 1753 1461 1792 883

812 1805 889 1841 coll.
914 1818 999 1854 pag.
1020 1807 1057 1846 3.

868 1861 1005 1897 Urbem
1027 1862 1143 1910 ipsam
1164 1860 1373 1898 Thebarum
1394 1861 1461 1898 ali-

812 1920 900 1964 quot
920 1917 1064 1965 quidem
1087 1917 1172 1954 locis
1202 1930 1460 1955 commemora-

810 1972 860 2007 vit
890 1972 1101 2009 Herodotus
1145 1972 1227 2020 (H,
1255 1974 1292 2013 3-
1316 1974 1381 2014 56·
1402 1974 1457 2016 58

813 2027 913 2075 etc.)‚
943 2041 1010 2065 nec
1034 2033 1154 2066 tamen
1184 2029 1381 2077 quidquam
1410 2030 1458 2067 de

812 2096 855 2120 ea
877 2084 1018 2129 retulit3
1043 2085 1140 2133 quod
1159 2097 1205 2121 ne
1223 2085 1372 2133 mireris,
1392 2086 1460 2122 do-

811 2139 856 2175 cti
893 2140 1010 2186 Galli,
1058 2145 1226 2178 monente
1265 2141 1351 2187 Cn,
1388 2141 1458 2179 hoc

809 2200 950 2244 ponunt
981 2196 1188 2246 (Descript.
1220 2197 1267 2234 de
1296 2197 1457 2249 l’Egypt.

810 2255 896 2288 tom.
912 2251 966 2298 ΙΙ,
988 2251 1105 2289 Theb.
1135 2266 1170 2302 p.
1189 2254 1285 2301 94),
1316 2253 1455 2291 Thebis

809 2307 953 2356 quidem
974 2320 1047 2344 non
1072 2313 1326 2346 commoratum
1344 2310 1456 2348 fuisse

808 2363 1034 2400 Herodotum
1053 2369 1114 2402 aut
1125 2364 1285 2402 consulto
1297 2366 1455 2404 noluisse

808 2420 951 2456 uberius
980 2421 1182 2458 describere
1199 2421 1455 2471 amplissimam

811 2488 891 2513 eam
910 2476 1033 2513 urbem
1046 2506 1055 2523 ‚
1075 2477 1244 2525 quoniam
1269 2482 1353 2515 ante
1372 2491 1454 2516 eum

808 2531 877 2568 hoc
897 2533 1011 2582 ipsum
1029 2533 1248 2582 praestiterit
1274 2533 1455 2572 Hecatae-

809 2600 861 2624 us.
904 2589 980 2625 Sed
1015 2588 1153 2626 Thebis
1195 2594 1454 2629 commoratum

807 2643 916 2682 fuisse
933 2643 1106 2681 Nostrum
1121 2673 1131 2691 ,
1162 2645 1291 2694 colligo
1315 2659 1357 2684 ex
1376 2647 1452 2684 col-

805 2698 927 2748 loquio
944 2713 1022 2737 cum
1043 2700 1227 2738 Thebanis
1255 2703 1450 2740 sacerdoti-

805 2755 871 2792 bus
891 2756 1012 2793 habito
1043 2756 1093 2804 ll,
1118 2756 1196 2798 143
1220 2757 1298 2795 coll.
1324 2758 1379 2806 ΙΙ,
1406 2762 1446 2807 3,

802 2815 838 2848 et
868 2812 993 2849 mirum
1026 2813 1188 2862 profecto
1225 2815 1338 2863 foret,
1386 2816 1447 2865 qui

801 2868 848 2904 ad
866 2867 1132 2920 Elephantinen
1150 2882 1265 2921 usque
1280 2872 1447 2923 pervenit
