1877 3223
418 216 499 255 112

853 208 1318 249 HERODOTI

418 322 470 366 τοὶ
499 319 629 366 λοιποὶ
657 323 745 364 τῶν
775 320 1044 376 χρηστηρίων
1077 317 1293 368 ἐθέσπισε,
1323 316 1376 360 οὐ
1399 317 1562 373 λέγεται
1582 315 1736 371 πρὸςῖο

420 401 643 457 οὐδαμῶν·
675 400 721 442 ἐν
751 399 795 442 δὲ
824 403 1035 453 Δελφοῖσι
1065 395 1123 448 ὠς
1153 398 1341 453 ἐσῆλθον
1369 395 1543 451 τάχιστα
1573 396 1613 447 ἐς
1642 396 1690 439 τὸ

417 483 607 538 μέγαρον
639 480 682 521 οἱ
709 477 849 529 Λυδοὶ
877 475 1137 533 χρησόμενοι
1172 479 1233 532 τῷ
1266 478 1381 530 θεῷ,
1420 475 1492 517 καὶ
1521 475 1690 529 ἐπειρώ-

416 576 516 603 τεον
552 557 601 601 τὸ
639 556 961 612 ἐντεταλμένον,
1002 553 1029 611 ἡ
1059 555 1208 610 Πυθίη
1246 554 1293 597 ἐν
1332 552 1544 609 ἑξαμέτρῳ
1580 553 1694 610 τόνῳ

418 638 525 694 λέγει
557 634 658 678 τάδε
674 650 684 661 ·

395 730 417 765 4
511 713 608 751 Οἶδα
626 711 658 749 δ’
677 712 744 758 ἐγώ
762 711 919 758 ψάμμου
938 710 968 748 τ’
989 709 1172 757 ἀριθμὸν,
1195 711 1256 746 καὶ
1271 710 1386 755 μέτρα
1399 710 1603 758 θαλάσσης,

506 773 568 809 καὶ
589 772 721 817 κωφοῦ
737 773 902 816 συνίημι,
935 771 998 806 καὶ,
1023 767 1069 806 οὐ
1104 771 1314 815 φωνεῦντος
1340 768 1478 805 ἁκούω.
1695 778 1740 813 25

431 933 484 982 ὥς
514 933 689 986 ἐσῆλθον
716 928 877 983 τάχιστα
915 931 955 979 ἐς
979 928 1023 972 τό

376 991 568 1045 μέγαρον]
600 989 769 1043 μέγαρον
785 989 893 1037 vulgo
904 990 1022 1038 quod-

375 1050 427 1086 vis
446 1049 581 1085 indicat
607 1046 822 1085 domicilium
850 1050 913 1082 aut
936 1057 1022 1082 con-

374 1105 498 1151 clave3
530 1104 566 1140 in
588 1105 694 1141 rebus
722 1102 834 1139 sacris
862 1102 1023 1148 Graeco-

374 1174 451 1198 rum
471 1161 695 1208 mystcriisve
722 1158 893 1196 sacellum
925 1157 1022 1195 desi-

375 1221 467 1266 gnat
505 1216 718 1266 plerumque
747 1216 1022 1251 subterraneum

376 1277 413 1311 et
441 1273 488 1310 ad
515 1273 765 1321 mysteriorum
792 1270 882 1307 ritus
909 1270 1020 1320 perti-

376 1342 478 1367 nens.
536 1329 647 1366 Unde
664 1329 835 1376 frequens
864 1326 901 1363 in
916 1326 1022 1363 hero-

375 1398 434 1422 um
453 1384 548 1422 cultu
569 1387 760 1421 occurrunt
780 1380 948 1433 μέγαρα,
982 1385 1022 1417 ut

376 1441 508 1478 CreuZ.
538 1440 677 1477 monuit
705 1438 742 1474 in
777 1437 939 1485 Symbol.
971 1436 1021 1473 ΙΙΙ

376 1509 463 1547 pag.
497 1495 573 1542 49,
594 1496 654 1531 ubi
680 1495 751 1530 vid.
773 1493 946 1530 Valcken.
977 1492 1025 1529 ad

376 1553 515 1590 Herod.
532 1550 708 1599 v1‚134.
767 1548 820 1586 Ac
840 1549 1025 1586 sanctissi-

377 1621 436 1645 ma
454 1607 580 1657 templi
606 1607 777 1655 cuiusque
797 1618 881 1655 pars
908 1606 944 1641 iu
968 1605 1024 1642 in-

375 1665 462 1701 timo
481 1663 572 1700 illius
600 1676 744 1701 recessu
766 1660 934 1713 μέγαρον
957 1674 1023 1711 ap-

375 1719 594 1771 pellabatur,
624 1723 664 1755 ut
679 1719 862 1756 Eleusinis,
885 1718 920 1754 in
932 1722 1023 1754 tem-

377 1776 463 1826 plo;
493 1776 540 1813 (le
566 1788 638 1823 quo
665 1775 720 1811 St.
744 1774 855 1810 Croix
876 1786 937 1810 sur
968 1773 1022 1810 les

377 1832 556 1880 mysteres
574 1832 608 1867 d.
629 1830 832 1880 paganism.
852 1829 868 1865 I
893 1843 929 1879 p.
943 1830 1022 1870 137

379 1900 482 1936 seqq.
502 1887 560 1924 ed.
579 1887 726 1924 secund.
784 1885 880 1921 Hinc
899 1890 1024 1921 nostro

378 1943 457 1980 loco
480 1942 645 1992 Delphici
664 1941 788 1991 templi
799 1941 963 1977 intimum
985 1940 1027 1976 il-

377 1999 440 2036 lud
475 1998 670 2036 sacrarium
703 1996 903 2045 intelligere
933 1996 1028 2043 licet,

380 2055 477 2104 quod
507 2054 708 2101 intrabant,
748 2053 810 2102 qui
846 2052 1027 2089 oraculum

380 2110 590 2147 sciscitaturi
613 2113 725 2146 crant.
784 2110 891 2146 Cous.
913 2108 951 2155 I,
973 2108 1026 2149 65

382 2171 418 2204 et
440 2166 596 2205 Pausan.
614 2165 721 2213 vlu,
743 2168 787 2213 6,
811 2168 837 2206 2
867 2164 946 2212 (ubi
964 2162 1027 2214 μέ,

381 2236 504 2273 γαρον
528 2218 770 2271 Διονύσου).
818 2220 899 2258 Nec
926 2219 1027 2257 aliter

381 2279 519 2316 Herod.
544 2278 598 2324 ΙΙ,
623 2280 713 2318 141.
737 2277 826 2319 143.
851 2278 942 2318 169.

436 2332 465 2384 ἦ
487 2332 801 2386 Πυθίη-λὲγει
815 2328 931 2382 τάδε]
963 2332 1027 2369 Ci-

383 2394 462 2427 tant
492 2389 561 2426 hoc
589 2390 769 2427 oraculum
787 2389 963 2426 Aristides
991 2386 1027 2425 II

382 2460 419 2496 p.
433 2448 527 2488 377.
545 2445 679 2482 Euseb.
701 2446 871 2496 Praepar.
883 2443 1025 2492 Evang.

383 2502 431 2549 V,
460 2503 526 2544 34.
566 2501 698 2537 Suidas
724 2516 753 2538 s.
781 2515 814 2538 v.
841 2503 1027 2552 Κροῖσος.

386 2557 571 2595 Inventum
595 2570 737 2606 quoque
763 2561 820 2595 est
847 2556 1027 2594 oraculum

385 2614 452 2650 hoc
482 2613 519 2649 in
545 2612 666 2662 lapide
700 2625 925 2659 marmoreo3
961 2624 1028 2648 un-

385 2669 432 2706 de
460 2668 498 2704 in
536 2667 714 2718 Inscriptt.
744 2681 875 2719 corpus
912 2667 1030 2705 retulit

386 2723 546 2761 Boeckh.
586 2723 623 2771 I,
657 2727 681 2764 3
719 2737 804 2775 pag.
828 2723 909 2765 847
949 2722 1028 2760 coll.

388 2780 488 2817 Rose
517 2779 694 2830 Inscriptt.
724 2781 788 2817 Gr.
820 2792 905 2830 pag.
934 2781 1028 2820 416.

390 2835 500 2881 Quod
519 2836 566 2874 ad
582 2848 723 2874 versum
739 2836 892 2888 primum
912 2840 948 2874 et
971 2847 1030 2874 se-

1089 932 1245 970 cundum
1267 931 1414 978 attinet,
1447 931 1512 972 Cr.
1541 933 1642 971 addit
1659 944 1739 969 ora-

1089 989 1166 1025 cula
1186 987 1359 1035 Sibyllina
1387 988 1471 1024 wll
1502 1002 1540 1038 p.
1559 991 1640 1030 749
1663 1001 1739 1037 seq.

1090 1045 1148 1081 ed.
1173 1043 1255 1080 Gal.
1273 1047 1309 1080 et
1320 1039 1520 1094 Σιβύλλης
1540 1040 1650 1096 λόγος
1672 1047 1740 1083 ΙΔ.

1090 1101 1148 1140 ed.
1169 1099 1257 1136 Mai.
1278 1100 1326 1136 ad
1346 1099 1431 1137 calc.
1452 1113 1486 1150 p.
1508 1102 1562 1142 53
1583 1113 1634 1137 vs.
1650 1100 1740 1142 125.

1093 1156 1184 1198 135.
1220 1155 1343 1203 Alios,
1365 1156 1426 1205 qui
1446 1157 1642 1193 secundum
1662 1169 1742 1194 ver-

1089 1226 1172 1250 sum
1200 1212 1377 1260 afferunt,
1415 1212 1540 1249 laudat
1563 1212 1740 1250 Valcken.

1089 1270 1138 1306 ad
1163 1269 1329 1306 Ammon.
1371 1268 1419 1306 dc
1445 1268 1562 1306 differ.
1590 1269 1741 1306 vocabb.

1087 1339 1174 1376 pag.
1201 1327 1291 1366 170.

1144 1404 1233 1448 οἶδα
1262 1402 1302 1446 δ’
1321 1404 1395 1460 ἐγώ
1414 1403 1583 1459 ψάμμου
1606 1405 1636 1448 τ’
1659 1403 1740 1459 α’ρι-

1087 1461 1195 1515 θμόν
1218 1479 1253 1502 κ.
1274 1478 1304 1503 τ.
1322 1466 1377 1510 λ.]
1410 1464 1488 1511 „ln
1512 1465 1742 1516 proverbium

1086 1523 1164 1559 fere
1194 1525 1381 1558 cesserunt
1416 1520 1527 1568 haec,
1558 1522 1657 1559 cuius
1691 1522 1741 1558 si-

1087 1577 1183 1614 milia
1198 1581 1359 1614 veterum
1380 1577 1476 1614 dicta
1501 1577 1598 1613 haud
1622 1590 1739 1627 pauca

1088 1634 1326 1683 reperiuntur.
1391 1632 1474 1669 Vid.
1514 1633 1652 1671 Iacobs.
1704 1634 1742 1670 in

1087 1688 1206 1727 Lectt.
1231 1689 1360 1726 Stobb.
1389 1701 1475 1740 pag.
1498 1691 1613 1739 6seq.
1636 1690 1741 1729 not.“

1091 1745 1121 1783 C
1135 1758 1163 1782 r.

1147 1827 1214 1868 καὶ
1234 1830 1380 1878 κωφοῦ
1405 1827 1590 1880 συνίημι,
1609 1827 1676 1868 καὶ
1697 1824 1746 1869 οὗ

1094 1887 1324 1934 φωνεῦντος
1346 1880 1507 1931 ἀκούω]
1540 1886 1743 1935 Gregorius

1093 1942 1257 1978 Corinth.
1288 1942 1355 1989 (de
1375 1941 1515 1979 dialect.
1536 1941 1612 1978 Ion.
1634 1941 1671 1994 ᾗ.
1690 1942 1741 1984 14

1093 2010 1179 2048 pag.
1193 2000 1274 2037 396
1288 1998 1450 2046 Schaef.)
1479 1997 1610 2048 aliique
1620 2011 1743 2047 gram-

1094 2054 1214 2090 matici
1233 2066 1255 2090 a
1274 2053 1446 2092 Valcken.
1465 2053 1488 2090 l.
1510 2053 1531 2090 l.
1559 2055 1657 2091 citati
1681 2067 1742 2091 ex-

1094 2110 1238 2146 hibent:
1280 2109 1348 2147 καὶ
1379 2105 1428 2147 ου’
1465 2107 1742 2157 λαλέοντος

1094 2160 1253 2212 α’κούως
1283 2165 1382 2213 quod
1407 2165 1570 2213 quamvis
1588 2165 1742 2204 Valcke-

1093 2221 1196 2256 nario
1238 2220 1401 2269 placeat,
1444 2221 1588 2258 minime
1619 2226 1740 2259 tamen

1093 2276 1385 2313 Herodoteorum
1406 2275 1576 2313 librorum
1595 2276 1740 2315 lectioni

1093 2332 1381 2368 substituendum
1401 2345 1600 2369 censemus.
1621 2333 1741 2371 Fluxit

1092 2388 1186 2425 enim
1224 2387 1311 2424 illud
1347 2400 1391 2425 ex
1428 2389 1740 2437 grammaticorum

1092 2443 1411 2493 interpretamento
1423 2473 1434 2491 ,
1456 2449 1495 2481 ut
1511 2445 1646 2481 dudum
1660 2458 1740 2482 mo-

1093 2499 1170 2536 nuit
1190 2499 1468 2549 Wesselingius.
1525 2500 1584 2537 Ad
1614 2514 1739 2539 vocem

1093 2551 1229 2602 κωφὸς
1258 2555 1376 2603 (cuius
1404 2555 1635 2606 explicandae
1655 2569 1740 2595 cau-

1094 2624 1136 2647 sa
1156 2611 1244 2648 haec
1273 2612 1397 2648 addita
1416 2613 1527 2661 sunt)
1556 2613 1626 2650 vid.
1649 2618 1741 2651 nott.

1095 2667 1143 2704 ad
1164 2666 1198 2713 Ι,
1228 2669 1294 2709 34.
1351 2667 1411 2705 De
1447 2669 1605 2717 genitivo
1635 2669 1740 2717 (κω-

1095 2724 1211 2770 φοῦ),
1239 2723 1301 2774 qui
1327 2724 1446 2762 verbis
1474 2737 1644 2762 sensuum
1673 2725 1739 2762 ad-

1094 2779 1225 2825 iicitur,
1256 2779 1390 2817 consul.
1421 2779 1551 2818 Matth.
1583 2781 1649 2819 Gr.
1670 2781 1736 2820 Gr.

1095 2833 1133 2885 g.
1157 2835 1237 2877 349
1254 2839 1328 2874 not.
1344 2840 1369 2880 3
1398 2849 1484 2888 pag.
1503 2836 1597 2880 659.
