<?xml version="1.0" encoding="UTF-8"?>
<!DOCTYPE html PUBLIC "-//W3C//DTD XHTML 1.0 Transitional//EN"
    "http://www.w3.org/TR/xhtml1/DTD/xhtml1-transitional.dtd">
<html xmlns="http://www.w3.org/1999/xhtml" xml:lang="en" lang="en">
 <head>
  <title>
</title>
<meta http-equiv="Content-Type" content="text/html;charset=utf-8" />
  <meta name='ocr-system' content='tesseract 3.04.00' />
  <meta name='ocr-capabilities' content='ocr_page ocr_carea ocr_par ocr_line ocrx_word'/>
</head>
<body>
  <div class='ocr_page' id='page_1' title='image "./musaeherodoto01hero/musaeherodoto01hero_0025.png"; bbox 0 0 1877 3223; ppageno 0'>
   <div class='ocr_carea' id='block_1_1' title="bbox 645 209 947 249">
    <p class='ocr_par' dir='ltr' id='par_1_1' title="bbox 645 209 947 249">
     <span class='ocr_line' id='line_1_1' title="bbox 645 209 947 249; baseline 0 -2"><span class='ocrx_word' id='word_1_1' title='bbox 645 209 859 249; x_wconf 86' lang='lat' dir='ltr'><strong>CLIO.</strong></span> <span class='ocrx_word' id='word_1_2' title='bbox 918 209 947 247; x_wconf 93' lang='grc' dir='ltr'><strong>Ι.</strong></span> 
     </span>
    </p>
   </div>
   <div class='ocr_carea' id='block_1_2' title="bbox 151 319 503 375">
    <p class='ocr_par' dir='ltr' id='par_1_2' title="bbox 151 319 503 375">
     <span class='ocr_line' id='line_1_2' title="bbox 151 319 503 375; baseline -0.006 -12"><span class='ocrx_word' id='word_1_3' title='bbox 151 319 254 374; x_wconf 81' lang='grc' dir='ltr'><em>τέρα</em></span> <span class='ocrx_word' id='word_1_4' title='bbox 291 319 503 375; x_wconf 64' lang='grc' dir='ltr'><em>ΆΙηδείην.</em></span> 
     </span>
    </p>
   </div>
   <div class='ocr_carea' id='block_1_3' title="bbox 1382 212 1433 250">
    <p class='ocr_par' dir='ltr' id='par_1_3' title="bbox 1382 212 1433 250">
     <span class='ocr_line' id='line_1_3' title="bbox 1382 212 1433 250; baseline 0 0"><span class='ocrx_word' id='word_1_5' title='bbox 1382 212 1433 250; x_wconf 87' lang='lat'>11</span> 
     </span>
    </p>
   </div>
   <div class='ocr_carea' id='block_1_4' title="bbox 573 316 1481 375">
    <p class='ocr_par' dir='ltr' id='par_1_4' title="bbox 573 316 1481 375">
     <span class='ocr_line' id='line_1_4' title="bbox 573 316 1481 375; baseline -0.002 -14"><span class='ocrx_word' id='word_1_6' title='bbox 573 318 798 374; x_wconf 85' lang='grc' dir='ltr'><em>πέμψαντα</em></span> <span class='ocrx_word' id='word_1_7' title='bbox 844 317 891 362; x_wconf 78' lang='grc' dir='ltr'>δὲ</span> <span class='ocrx_word' id='word_1_8' title='bbox 927 316 1005 361; x_wconf 87' lang='grc' dir='ltr'><em>τὸν</em></span> <span class='ocrx_word' id='word_1_9' title='bbox 1046 317 1222 374; x_wconf 86' lang='grc' dir='ltr'><em>Κόλχον</em></span> <span class='ocrx_word' id='word_1_10' title='bbox 1268 319 1311 369; x_wconf 81' lang='grc' dir='ltr'><em>ἐς</em></span> <span class='ocrx_word' id='word_1_11' title='bbox 1354 319 1481 375; x_wconf 56' lang='lat' dir='ltr'>vivito</span> 
     </span>
    </p>
   </div>
   <div class='ocr_carea' id='block_1_5' title="bbox 129 396 1436 455">
    <p class='ocr_par' dir='ltr' id='par_1_5' title="bbox 129 396 1436 455">
     <span class='ocr_line' id='line_1_5' title="bbox 129 396 1436 455; baseline 0.002 -17"><span class='ocrx_word' id='word_1_12' title='bbox 129 396 331 441; x_wconf 79' lang='grc' dir='ltr'><em>5Ἑλλάδα</em></span> <span class='ocrx_word' id='word_1_13' title='bbox 364 396 555 453; x_wconf 76' lang='grc' dir='ltr'><em>κήρυκα,</em></span> <span class='ocrx_word' id='word_1_14' title='bbox 600 396 755 441; x_wconf 79' lang='grc' dir='ltr'><strong><em>αἰτέειν</em></strong></span> <span class='ocrx_word' id='word_1_15' title='bbox 787 414 832 441; x_wconf 90' lang='grc' dir='ltr'><em>τε</em></span> <span class='ocrx_word' id='word_1_16' title='bbox 862 398 985 448; x_wconf 81' lang='grc' dir='ltr'><strong><em>δίκας</em></strong></span> <span class='ocrx_word' id='word_1_17' title='bbox 1009 400 1085 454; x_wconf 86' lang='grc' dir='ltr'><em>τῆς</em></span> <span class='ocrx_word' id='word_1_18' title='bbox 1115 396 1334 455; x_wconf 81' lang='grc' dir='ltr'><em>ἁρπαγῆς,</em></span> <span class='ocrx_word' id='word_1_19' title='bbox 1363 399 1436 442; x_wconf 79' lang='grc' dir='ltr'><em>καὶ</em></span> 
     </span>
    </p>
   </div>
   <div class='ocr_carea' id='block_1_6' title="bbox 151 475 763 532">
    <p class='ocr_par' dir='ltr' id='par_1_6' title="bbox 151 475 763 532">
     <span class='ocr_line' id='line_1_6' title="bbox 151 475 763 532; baseline -0.003 -12"><span class='ocrx_word' id='word_1_20' title='bbox 151 476 370 521; x_wconf 79' lang='grc' dir='ltr'><em>ἀπαιτέειν</em></span> <span class='ocrx_word' id='word_1_21' title='bbox 410 475 490 532; x_wconf 83' lang='grc' dir='ltr'><em>τὴν</em></span> <span class='ocrx_word' id='word_1_22' title='bbox 531 477 763 532; x_wconf 76' lang='grc' dir='ltr'><strong>θυγατέρα.</strong></span> 
     </span>
    </p>
   </div>
   <div class='ocr_carea' id='block_1_7' title="bbox 837 474 1437 531">
    <p class='ocr_par' dir='ltr' id='par_1_7' title="bbox 837 474 1437 531">
     <span class='ocr_line' id='line_1_7' title="bbox 837 474 1437 531; baseline 0.002 -12"><span class='ocrx_word' id='word_1_23' title='bbox 837 477 942 528; x_wconf 83' lang='grc' dir='ltr'><em>τούς</em></span> <span class='ocrx_word' id='word_1_24' title='bbox 996 477 1041 519; x_wconf 79' lang='grc' dir='ltr'>δὲ</span> <span class='ocrx_word' id='word_1_25' title='bbox 1095 474 1437 531; x_wconf 74' lang='grc' dir='ltr'><em>ὑποκρίνασθαι,</em></span> 
     </span>
    </p>
   </div>
   <div class='ocr_carea' id='block_1_8' title="bbox 153 553 1438 612">
    <p class='ocr_par' dir='ltr' id='par_1_8' title="bbox 153 553 1438 612">
     <span class='ocr_line' id='line_1_8' title="bbox 153 553 1438 612; baseline -0.001 -13"><span class='ocrx_word' id='word_1_26' title='bbox 153 556 212 607; x_wconf 75' lang='grc' dir='ltr'><em>ὡς</em></span> <span class='ocrx_word' id='word_1_27' title='bbox 245 555 346 599; x_wconf 81' lang='grc' dir='ltr'><em>οὐδὲ</em></span> <span class='ocrx_word' id='word_1_28' title='bbox 376 555 532 599; x_wconf 81' lang='grc' dir='ltr'><em>ἐκεῖνοι</em></span> <span class='ocrx_word' id='word_1_29' title='bbox 556 553 664 607; x_wconf 83' lang='grc' dir='ltr'><em>Ἰοῦς</em></span> <span class='ocrx_word' id='word_1_30' title='bbox 695 559 769 612; x_wconf 84' lang='grc' dir='ltr'><em>τῆς</em></span> <span class='ocrx_word' id='word_1_31' title='bbox 795 553 986 611; x_wconf 78' lang='grc' dir='ltr'>Ἀργείης</span> <span class='ocrx_word' id='word_1_32' title='bbox 1019 554 1177 599; x_wconf 75' lang='grc' dir='ltr'><em>ἔδοσάν</em></span> <span class='ocrx_word' id='word_1_33' title='bbox 1210 567 1290 612; x_wconf 87' lang='grc' dir='ltr'>σφι</span> <span class='ocrx_word' id='word_1_34' title='bbox 1314 557 1438 606; x_wconf 84' lang='grc' dir='ltr'>δίκας</span> 
     </span>
    </p>
   </div>
   <div class='ocr_carea' id='block_1_9' title="bbox 75 630 1700 691">
    <p class='ocr_par' dir='ltr' id='par_1_9' title="bbox 75 630 1700 691">
     <span class='ocr_line' id='line_1_9' title="bbox 75 630 1700 691; baseline 0 -12"><span class='ocrx_word' id='word_1_35' title='bbox 75 636 87 649; x_wconf 80' lang='grc'><em>“</em></span> <span class='ocrx_word' id='word_1_36' title='bbox 151 639 227 691; x_wconf 82' lang='grc' dir='ltr'><em>τῆς</em></span> <span class='ocrx_word' id='word_1_37' title='bbox 248 634 468 691; x_wconf 83' lang='grc' dir='ltr'><em>ἁρπαγῆς,</em></span> <span class='ocrx_word' id='word_1_38' title='bbox 521 633 623 679; x_wconf 77' lang='grc' dir='ltr'><em>οὐδὲ</em></span> <span class='ocrx_word' id='word_1_39' title='bbox 656 630 718 678; x_wconf 71' lang='grc' dir='ltr'><em>ὧν</em></span> <span class='ocrx_word' id='word_1_40' title='bbox 747 634 875 679; x_wconf 80' lang='grc' dir='ltr'><em>αὐτοὶ</em></span> <span class='ocrx_word' id='word_1_41' title='bbox 903 634 1059 679; x_wconf 80' lang='grc' dir='ltr'><em>δώσειν</em></span> <span class='ocrx_word' id='word_1_42' title='bbox 1087 636 1299 679; x_wconf 79' lang='grc' dir='ltr'><em>ἐκείνοισι.</em></span> <span class='ocrx_word' id='word_1_43' title='bbox 1330 640 1438 679; x_wconf 89' lang='grc' dir='ltr'><em>Δευ-</em></span> <span class='ocrx_word' id='word_1_44' title='bbox 1485 642 1603 670; x_wconf 69' lang='lat' dir='ltr'>¹¹e¹e¹¹³</span> <span class='ocrx_word' id='word_1_45' title='bbox 1627 638 1700 668; x_wconf 73' lang='lat'>¹²⁹⁰·</span> 
     </span>
    </p>
   </div>
   <div class='ocr_carea' id='block_1_10' title="bbox 151 714 1440 772">
    <p class='ocr_par' dir='ltr' id='par_1_10' title="bbox 151 714 1440 772">
     <span class='ocr_line' id='line_1_10' title="bbox 151 714 1440 772; baseline 0 -15"><span class='ocrx_word' id='word_1_46' title='bbox 151 715 253 770; x_wconf 83' lang='grc' dir='ltr'><em>τέρῃ</em></span> <span class='ocrx_word' id='word_1_47' title='bbox 291 714 336 757; x_wconf 82' lang='grc' dir='ltr'>δὲ</span> <span class='ocrx_word' id='word_1_48' title='bbox 378 715 552 770; x_wconf 85' lang='grc' dir='ltr'><em>λέγουσι</em></span> <span class='ocrx_word' id='word_1_49' title='bbox 586 719 713 772; x_wconf 87' lang='grc' dir='ltr'><em>γενεῇ</em></span> <span class='ocrx_word' id='word_1_50' title='bbox 744 714 850 770; x_wconf 78' lang='grc' dir='ltr'><em>μετὰ</em></span> <span class='ocrx_word' id='word_1_51' title='bbox 891 719 1027 759; x_wconf 86' lang='grc' dir='ltr'><em>ταῦτα</em></span> <span class='ocrx_word' id='word_1_52' title='bbox 1052 714 1332 769; x_wconf 78' lang='grc' dir='ltr'><em>Ἀλέξανδρον</em></span> <span class='ocrx_word' id='word_1_53' title='bbox 1360 714 1440 757; x_wconf 80' lang='grc' dir='ltr'><em>τόν</em></span> 
     </span>
    </p>
   </div>
   <div class='ocr_carea' id='block_1_11' title="bbox 151 791 1483 850">
    <p class='ocr_par' dir='ltr' id='par_1_11' title="bbox 151 791 1483 850">
     <span class='ocr_line' id='line_1_11' title="bbox 151 791 1483 850; baseline 0 -14"><span class='ocrx_word' id='word_1_54' title='bbox 151 791 373 849; x_wconf 74' lang='grc' dir='ltr'><em>Πριάμου,</em></span> <span class='ocrx_word' id='word_1_55' title='bbox 403 791 620 849; x_wconf 72' lang='grc' dir='ltr'><em>ἀκηκοότα</em></span> <span class='ocrx_word' id='word_1_56' title='bbox 638 797 797 846; x_wconf 83' lang='grc' dir='ltr'><em>ταῦτα,</em></span> <span class='ocrx_word' id='word_1_57' title='bbox 828 794 1028 850; x_wconf 75' lang='grc' dir='ltr'><em>ἐθελῆσαί</em></span> <span class='ocrx_word' id='word_1_58' title='bbox 1056 796 1099 837; x_wconf 83' lang='grc' dir='ltr'>οἵ</span> <span class='ocrx_word' id='word_1_59' title='bbox 1128 794 1174 837; x_wconf 84' lang='grc' dir='ltr'>έκ</span> <span class='ocrx_word' id='word_1_60' title='bbox 1206 798 1280 850; x_wconf 87' lang='grc' dir='ltr'><em>τῆς</em></span> <span class='ocrx_word' id='word_1_61' title='bbox 1296 791 1483 836; x_wconf 72' lang='grc' dir='ltr'><em>Ἕλλα-45</em></span> 
     </span>
    </p>
   </div>
   <div class='ocr_carea' id='block_1_12' title="bbox 151 872 1510 929">
    <p class='ocr_par' dir='ltr' id='par_1_12' title="bbox 151 872 1510 929">
     <span class='ocr_line' id='line_1_12' title="bbox 151 872 1510 929; baseline 0.001 -14"><span class='ocrx_word' id='word_1_62' title='bbox 151 875 228 923; x_wconf 78' lang='lat'>603</span> <span class='ocrx_word' id='word_1_63' title='bbox 262 872 313 916; x_wconf 83' lang='grc' dir='ltr'>δι’</span> <span class='ocrx_word' id='word_1_64' title='bbox 342 872 538 928; x_wconf 79' lang='grc' dir='ltr'><em>ἁρπαγῆς</em></span> <span class='ocrx_word' id='word_1_65' title='bbox 564 872 766 928; x_wconf 80' lang='grc' dir='ltr'><em>γενέσθαι</em></span> <span class='ocrx_word' id='word_1_66' title='bbox 782 878 991 929; x_wconf 84' lang='grc' dir='ltr'><em>γυναῖκα,</em></span> <span class='ocrx_word' id='word_1_67' title='bbox 1024 872 1307 928; x_wconf 79' lang='grc' dir='ltr'><em>ἐπιστάμενον</em></span> <span class='ocrx_word' id='word_1_68' title='bbox 1333 872 1438 916; x_wconf 75' lang='grc' dir='ltr'><em>πάν-</em></span> <span class='ocrx_word' id='word_1_69' title='bbox 1482 889 1510 928; x_wconf 82' lang='grc'>3</span> 
     </span>
    </p>
   </div>
   <div class='ocr_carea' id='block_1_13' title="bbox 130 949 1436 1008">
    <p class='ocr_par' dir='ltr' id='par_1_13' title="bbox 130 949 1436 1008">
     <span class='ocr_line' id='line_1_13' title="bbox 130 949 1345 995; baseline -0.001 -30"><span class='ocrx_word' id='word_1_70' title='bbox 130 959 152 994; x_wconf 66' lang='grc'>2</span> <span class='ocrx_word' id='word_1_71' title='bbox 274 949 296 964; x_wconf 76' lang='grc' dir='ltr'>ιν</span> <span class='ocrx_word' id='word_1_72' title='bbox 414 949 424 965; x_wconf 69' lang='lat'>5</span> <span class='ocrx_word' id='word_1_73' title='bbox 463 954 487 995; x_wconf 75' lang='grc' dir='ltr'><em>δ</em></span> <span class='ocrx_word' id='word_1_74' title='bbox 515 951 524 963; x_wconf 78' lang='grc' dir='ltr'><em>ι</em></span> <span class='ocrx_word' id='word_1_75' title='bbox 653 953 661 968; x_wconf 68' lang='grc' dir='ltr'>ρ</span> <span class='ocrx_word' id='word_1_76' title='bbox 753 966 764 976; x_wconf 60' lang='grc'>.</span> <span class='ocrx_word' id='word_1_77' title='bbox 828 951 847 964; x_wconf 77' lang='lat' dir='ltr'>n</span> <span class='ocrx_word' id='word_1_78' title='bbox 957 951 965 963; x_wconf 70' lang='lat' dir='ltr'>x</span> <span class='ocrx_word' id='word_1_79' title='bbox 1036 951 1047 966; x_wconf 73' lang='lat'><em>9</em></span> <span class='ocrx_word' id='word_1_80' title='bbox 1108 953 1118 968; x_wconf 62' lang='grc' dir='ltr'>ρ</span> <span class='ocrx_word' id='word_1_81' title='bbox 1336 951 1345 964; x_wconf 74' lang='lat' dir='ltr'><em>t</em></span> 
     </span>
     <span class='ocr_line' id='line_1_14' title="bbox 155 954 1436 1008; baseline -0.001 -13"><span class='ocrx_word' id='word_1_82' title='bbox 155 968 237 1002; x_wconf 86' lang='grc' dir='ltr'><em>τως</em></span> <span class='ocrx_word' id='word_1_83' title='bbox 269 968 335 995; x_wconf 89' lang='grc' dir='ltr'>οτι</span> <span class='ocrx_word' id='word_1_84' title='bbox 370 968 424 995; x_wconf 92' lang='grc' dir='ltr'>ου</span> <span class='ocrx_word' id='word_1_85' title='bbox 491 963 592 995; x_wconf 87' lang='grc' dir='ltr'><em>ωσει</em></span> <span class='ocrx_word' id='word_1_86' title='bbox 619 954 741 1003; x_wconf 89' lang='grc' dir='ltr'><em>δικας</em></span> <span class='ocrx_word' id='word_1_87' title='bbox 792 969 891 995; x_wconf 89' lang='grc' dir='ltr'><em>ουτε</em></span> <span class='ocrx_word' id='word_1_88' title='bbox 917 970 998 1008; x_wconf 83' lang='grc' dir='ltr'>γαρ</span> <span class='ocrx_word' id='word_1_89' title='bbox 1031 968 1224 1003; x_wconf 83' lang='grc' dir='ltr'><em>εκεινονς</em></span> <span class='ocrx_word' id='word_1_90' title='bbox 1248 954 1436 995; x_wconf 76' lang='grc' dir='ltr'><em>διδόναι.</em></span> 
     </span>
    </p>
   </div>
   <div class='ocr_carea' id='block_1_14' title="bbox 154 1028 1437 1087">
    <p class='ocr_par' dir='ltr' id='par_1_14' title="bbox 154 1028 1437 1087">
     <span class='ocr_line' id='line_1_15' title="bbox 154 1028 1437 1087; baseline -0.001 -13"><span class='ocrx_word' id='word_1_91' title='bbox 154 1029 268 1074; x_wconf 81' lang='grc' dir='ltr'><em>οὕτω</em></span> <span class='ocrx_word' id='word_1_92' title='bbox 301 1029 352 1086; x_wconf 79' lang='grc' dir='ltr'>δὴ</span> <span class='ocrx_word' id='word_1_93' title='bbox 374 1029 648 1085; x_wconf 76' lang='grc' dir='ltr'><em>ἁρπάσαντος</em></span> <span class='ocrx_word' id='word_1_94' title='bbox 668 1030 804 1075; x_wconf 84' lang='grc' dir='ltr'><em>αὐτοῦ</em></span> <span class='ocrx_word' id='word_1_95' title='bbox 819 1031 1012 1087; x_wconf 84' lang='grc' dir='ltr'><em>Ἑλένην,</em></span> <span class='ocrx_word' id='word_1_96' title='bbox 1043 1036 1156 1074; x_wconf 86' lang='grc' dir='ltr'><em>τοῖσι</em></span> <span class='ocrx_word' id='word_1_97' title='bbox 1166 1031 1341 1086; x_wconf 63' lang='grc' dir='ltr'>ΓΈλλησι</span> <span class='ocrx_word' id='word_1_98' title='bbox 1368 1028 1437 1073; x_wconf 88' lang='grc' dir='ltr'>δό-</span> 
     </span>
    </p>
   </div>
   <div class='ocr_carea' id='block_1_15' title="bbox 155 1108 1436 1166">
    <p class='ocr_par' dir='ltr' id='par_1_15' title="bbox 155 1108 1436 1166">
     <span class='ocr_line' id='line_1_16' title="bbox 155 1108 1436 1166; baseline 0 -14"><span class='ocrx_word' id='word_1_99' title='bbox 155 1111 245 1162; x_wconf 80' lang='grc' dir='ltr'><em>ξαι,</em></span> <span class='ocrx_word' id='word_1_100' title='bbox 276 1114 452 1165; x_wconf 77' lang='grc' dir='ltr'><em>πρῶτον</em></span> <span class='ocrx_word' id='word_1_101' title='bbox 480 1111 730 1166; x_wconf 80' lang='grc' dir='ltr'><em>πέμψαντας</em></span> <span class='ocrx_word' id='word_1_102' title='bbox 751 1108 976 1166; x_wconf 76' lang='grc' dir='ltr'><em>ἀγγέλους,</em></span> <span class='ocrx_word' id='word_1_103' title='bbox 1007 1108 1226 1154; x_wconf 77' lang='grc' dir='ltr'><em>οἷπαιτέειν</em></span> <span class='ocrx_word' id='word_1_104' title='bbox 1248 1125 1291 1153; x_wconf 90' lang='grc' dir='ltr'><em>τε</em></span> <span class='ocrx_word' id='word_1_105' title='bbox 1319 1108 1436 1152; x_wconf 87' lang='grc' dir='ltr'><em>Ἑλέ-</em></span> 
     </span>
    </p>
   </div>
   <div class='ocr_carea' id='block_1_16' title="bbox 131 1187 1482 1246">
    <p class='ocr_par' dir='ltr' id='par_1_16' title="bbox 131 1187 1482 1246">
     <span class='ocr_line' id='line_1_17' title="bbox 131 1187 1482 1246; baseline -0.001 -11"><span class='ocrx_word' id='word_1_106' title='bbox 131 1201 257 1244; x_wconf 85' lang='grc' dir='ltr'><em>3νην,</em></span> <span class='ocrx_word' id='word_1_107' title='bbox 287 1189 360 1232; x_wconf 85' lang='grc' dir='ltr'><em>καὶ</em></span> <span class='ocrx_word' id='word_1_108' title='bbox 389 1190 510 1239; x_wconf 79' lang='grc' dir='ltr'><em>δίκας</em></span> <span class='ocrx_word' id='word_1_109' title='bbox 529 1193 604 1246; x_wconf 81' lang='grc' dir='ltr'><em>τῆς</em></span> <span class='ocrx_word' id='word_1_110' title='bbox 624 1187 820 1246; x_wconf 77' lang='grc' dir='ltr'><em>ἁρπαγῆς</em></span> <span class='ocrx_word' id='word_1_111' title='bbox 846 1189 1014 1233; x_wconf 81' lang='grc' dir='ltr'><em>αἰτέειν.</em></span> <span class='ocrx_word' id='word_1_112' title='bbox 1071 1191 1175 1240; x_wconf 85' lang='grc' dir='ltr'><em>τούς</em></span> <span class='ocrx_word' id='word_1_113' title='bbox 1205 1188 1275 1238; x_wconf 80' lang='grc' dir='ltr'>δὲ,</span> <span class='ocrx_word' id='word_1_114' title='bbox 1314 1196 1482 1243; x_wconf 75' lang='grc' dir='ltr'><em>προϊ-ὅο</em></span> 
     </span>
    </p>
   </div>
   <div class='ocr_carea' id='block_1_17' title="bbox 152 1265 1434 1326">
    <p class='ocr_par' dir='ltr' id='par_1_17' title="bbox 152 1265 1434 1326">
     <span class='ocr_line' id='line_1_18' title="bbox 152 1265 1434 1326; baseline 0 -16"><span class='ocrx_word' id='word_1_115' title='bbox 152 1266 374 1322; x_wconf 87' lang='grc' dir='ltr'><em>σχομένων</em></span> <span class='ocrx_word' id='word_1_116' title='bbox 411 1271 567 1320; x_wconf 84' lang='grc' dir='ltr'><em>ταῦτα,</em></span> <span class='ocrx_word' id='word_1_117' title='bbox 613 1268 852 1325; x_wconf 86' lang='grc' dir='ltr'><em>προφέρειν</em></span> <span class='ocrx_word' id='word_1_118' title='bbox 889 1280 969 1326; x_wconf 89' lang='grc' dir='ltr'>σφι</span> <span class='ocrx_word' id='word_1_119' title='bbox 1006 1269 1203 1325; x_wconf 83' lang='grc' dir='ltr'><em>Μηδείης</em></span> <span class='ocrx_word' id='word_1_120' title='bbox 1243 1266 1324 1324; x_wconf 78' lang='grc' dir='ltr'><em>τὴν</em></span> <span class='ocrx_word' id='word_1_121' title='bbox 1362 1265 1434 1323; x_wconf 84' lang='grc' dir='ltr'><em>ἁρ-</em></span> 
     </span>
    </p>
   </div>
   <div class='ocr_carea' id='block_1_18' title="bbox 110 1386 384 1395">
    <p class='ocr_par' dir='ltr' id='par_1_18' title="bbox 110 1386 384 1395">
     <span class='ocr_line' id='line_1_19' title="bbox 110 1386 384 1395; baseline 0 1828"><span class='ocrx_word' id='word_1_122' title='bbox 110 1386 384 1395; x_wconf 95' lang='lat' dir='ltr'> </span> 
     </span>
    </p>
   </div>
   <div class='ocr_carea' id='block_1_19' title="bbox 108 1456 770 2075">
    <p class='ocr_par' dir='ltr' id='par_1_19' title="bbox 108 1456 770 2075">
     <span class='ocr_line' id='line_1_20' title="bbox 162 1456 767 1514; baseline -0.003 -12"><span class='ocrx_word' id='word_1_123' title='bbox 162 1461 379 1514; x_wconf 83' lang='grc' dir='ltr'><em>πέμψαντα</em></span> <span class='ocrx_word' id='word_1_124' title='bbox 414 1458 457 1501; x_wconf 80' lang='grc' dir='ltr'>δὲ</span> <span class='ocrx_word' id='word_1_125' title='bbox 487 1457 558 1501; x_wconf 75' lang='grc' dir='ltr'><em>τόν</em></span> <span class='ocrx_word' id='word_1_126' title='bbox 591 1456 767 1512; x_wconf 86' lang='grc' dir='ltr'><em>Κόλχον]</em></span> 
     </span>
     <span class='ocr_line' id='line_1_21' title="bbox 109 1519 769 1566; baseline -0.005 -9"><span class='ocrx_word' id='word_1_127' title='bbox 109 1521 131 1557; x_wconf 92' lang='grc' dir='ltr'><strong>ἰ.</strong></span> <span class='ocrx_word' id='word_1_128' title='bbox 154 1533 185 1558; x_wconf 91' lang='lat' dir='ltr'>e.</span> <span class='ocrx_word' id='word_1_129' title='bbox 215 1519 416 1556; x_wconf 77' lang='lat' dir='ltr'><em>Colchorum</em></span> <span class='ocrx_word' id='word_1_130' title='bbox 438 1529 564 1566; x_wconf 74' lang='lat' dir='ltr'>regem,</span> <span class='ocrx_word' id='word_1_131' title='bbox 594 1524 681 1555; x_wconf 91' lang='lat' dir='ltr'>noto</span> <span class='ocrx_word' id='word_1_132' title='bbox 714 1519 769 1554; x_wconf 85' lang='lat' dir='ltr'>di-</span> 
     </span>
     <span class='ocr_line' id='line_1_22' title="bbox 108 1574 770 1624; baseline -0.003 -11"><span class='ocrx_word' id='word_1_133' title='bbox 108 1577 214 1613; x_wconf 89' lang='lat' dir='ltr'>cendi</span> <span class='ocrx_word' id='word_1_134' title='bbox 241 1589 376 1624; x_wconf 82' lang='lat' dir='ltr'>genere</span> <span class='ocrx_word' id='word_1_135' title='bbox 402 1574 614 1623; x_wconf 87' lang='lat' dir='ltr'>Nostroque</span> <span class='ocrx_word' id='word_1_136' title='bbox 641 1576 770 1611; x_wconf 85' lang='lat' dir='ltr'>admo-</span> 
     </span>
     <span class='ocr_line' id='line_1_23' title="bbox 110 1631 768 1679; baseline -0.003 -11"><span class='ocrx_word' id='word_1_137' title='bbox 110 1633 198 1670; x_wconf 88' lang='lat' dir='ltr'>dum</span> <span class='ocrx_word' id='word_1_138' title='bbox 216 1632 402 1679; x_wconf 78' lang='lat' dir='ltr'>familiari,</span> <span class='ocrx_word' id='word_1_139' title='bbox 431 1636 473 1668; x_wconf 89' lang='lat' dir='ltr'>ut</span> <span class='ocrx_word' id='word_1_140' title='bbox 495 1631 534 1678; x_wconf 88' lang='grc' dir='ltr'>Ι,</span> <span class='ocrx_word' id='word_1_141' title='bbox 566 1633 629 1671; x_wconf 88' lang='grc'>80.</span> <span class='ocrx_word' id='word_1_142' title='bbox 659 1631 722 1677; x_wconf 84' lang='grc' dir='ltr'>ΠΙ,</span> <span class='ocrx_word' id='word_1_143' title='bbox 742 1633 768 1672; x_wconf 90' lang='grc'>7</span> 
     </span>
     <span class='ocr_line' id='line_1_24' title="bbox 110 1687 768 1735; baseline -0.005 -9"><span class='ocrx_word' id='word_1_144' title='bbox 110 1693 177 1726; x_wconf 82' lang='lat' dir='ltr'>etc.</span> <span class='ocrx_word' id='word_1_145' title='bbox 243 1689 394 1734; x_wconf 86' lang='lat' dir='ltr'>[Quam</span> <span class='ocrx_word' id='word_1_146' title='bbox 443 1687 768 1735; x_wconf 83' lang='lat' dir='ltr'>breviloquentiam</span> 
     </span>
     <span class='ocr_line' id='line_1_25' title="bbox 110 1744 766 1794; baseline -0.003 -13"><span class='ocrx_word' id='word_1_147' title='bbox 110 1745 301 1794; x_wconf 81' lang='lat' dir='ltr'>adoptavit</span> <span class='ocrx_word' id='word_1_148' title='bbox 332 1745 440 1781; x_wconf 87' lang='lat' dir='ltr'>etiam</span> <span class='ocrx_word' id='word_1_149' title='bbox 462 1744 670 1793; x_wconf 89' lang='lat' dir='ltr'>Xenophon</span> <span class='ocrx_word' id='word_1_150' title='bbox 691 1744 766 1792; x_wconf 90' lang='lat' dir='ltr'>Cy-</span> 
     </span>
     <span class='ocr_line' id='line_1_26' title="bbox 111 1796 768 1850; baseline 0.003 -13"><span class='ocrx_word' id='word_1_151' title='bbox 111 1800 387 1850; x_wconf 81' lang='lat' dir='ltr'><strong>rop.1.1.4</strong></span> <span class='ocrx_word' id='word_1_152' title='bbox 417 1815 437 1839; x_wconf 91' lang='grc' dir='ltr'><em>ο</em></span> <span class='ocrx_word' id='word_1_153' title='bbox 464 1796 634 1849; x_wconf 81' lang='grc' dir='ltr'><em>Σκύθης</em></span> <span class='ocrx_word' id='word_1_154' title='bbox 665 1804 702 1838; x_wconf 89' lang='lat' dir='ltr'>et</span> <span class='ocrx_word' id='word_1_155' title='bbox 743 1797 768 1839; x_wconf 80' lang='grc' dir='ltr'>ὁ</span> 
     </span>
     <span class='ocr_line' id='line_1_27' title="bbox 113 1856 768 1909; baseline -0.003 -13"><span class='ocrx_word' id='word_1_156' title='bbox 113 1856 233 1909; x_wconf 73' lang='grc' dir='ltr'><em>Θρᾷξ.</em></span> <span class='ocrx_word' id='word_1_157' title='bbox 274 1856 353 1901; x_wconf 78' lang='lat' dir='ltr'>Cr]</span> <span class='ocrx_word' id='word_1_158' title='bbox 390 1856 481 1894; x_wconf 92' lang='lat' dir='ltr'>Inde</span> <span class='ocrx_word' id='word_1_159' title='bbox 518 1857 677 1907; x_wconf 86' lang='lat' dir='ltr'>priorem</span> <span class='ocrx_word' id='word_1_160' title='bbox 715 1856 768 1894; x_wconf 87' lang='lat' dir='ltr'>le-</span> 
     </span>
     <span class='ocr_line' id='line_1_28' title="bbox 110 1907 767 1962; baseline 0 -12"><span class='ocrx_word' id='word_1_161' title='bbox 110 1913 267 1950; x_wconf 88' lang='lat' dir='ltr'>ctionem</span> <span class='ocrx_word' id='word_1_162' title='bbox 292 1908 362 1950; x_wconf 81' lang='grc' dir='ltr'><em>τδν</em></span> <span class='ocrx_word' id='word_1_163' title='bbox 394 1907 556 1962; x_wconf 78' lang='grc' dir='ltr'><em>Κόλχων</em></span> <span class='ocrx_word' id='word_1_164' title='bbox 586 1913 767 1962; x_wconf 82' lang='grc' dir='ltr'><em>βασιλῆα,</em></span> 
     </span>
     <span class='ocr_line' id='line_1_29' title="bbox 111 1968 768 2018; baseline 0.003 -14"><span class='ocrx_word' id='word_1_165' title='bbox 111 1982 254 2018; x_wconf 56' lang='lat' dir='ltr'>quae„</span> <span class='ocrx_word' id='word_1_166' title='bbox 232 1968 390 2004; x_wconf 74' lang='lat' dir='ltr'>‹rlossam</span> <span class='ocrx_word' id='word_1_167' title='bbox 411 1969 525 2017; x_wconf 84' lang='lat' dir='ltr'>sapit,</span> <span class='ocrx_word' id='word_1_168' title='bbox 555 1969 682 2005; x_wconf 76' lang='lat' dir='ltr'>melito</span> <span class='ocrx_word' id='word_1_169' title='bbox 710 1980 768 2006; x_wconf 83' lang='lat' dir='ltr'>re-</span> 
     </span>
     <span class='ocr_line' id='line_1_30' title="bbox 108 2024 683 2075; baseline -0.003 -12"><span class='ocrx_word' id='word_1_170' title='bbox 108 2026 274 2063; x_wconf 84' lang='lat' dir='ltr'>iecerunt</span> <span class='ocrx_word' id='word_1_171' title='bbox 288 2024 482 2075; x_wconf 86' lang='lat' dir='ltr'>nuperrimi</span> <span class='ocrx_word' id='word_1_172' title='bbox 514 2024 683 2062; x_wconf 83' lang='lat' dir='ltr'>editores.</span> 
     </span>
    </p>
   </div>
   <div class='ocr_carea' id='block_1_20' title="bbox 341 2146 544 2199">
    <p class='ocr_par' dir='ltr' id='par_1_20' title="bbox 341 2146 544 2199">
     <span class='ocr_line' id='line_1_31' title="bbox 341 2146 544 2199; baseline 0.005 -15"><span class='ocrx_word' id='word_1_173' title='bbox 341 2147 451 2199; x_wconf 86' lang='lat' dir='ltr'><strong>Cap.</strong></span> <span class='ocrx_word' id='word_1_174' title='bbox 481 2146 544 2185; x_wconf 86' lang='lat'><strong>111.</strong></span> 
     </span>
    </p>
   </div>
   <div class='ocr_carea' id='block_1_21' title="bbox 117 2235 773 2911">
    <p class='ocr_par' dir='ltr' id='par_1_21' title="bbox 117 2235 773 2911">
     <span class='ocr_line' id='line_1_32' title="bbox 170 2235 773 2311; baseline 0.008 -33"><span class='ocrx_word' id='word_1_175' title='bbox 170 2235 333 2308; x_wconf 85' lang='grc' dir='ltr'><em>δευτέρῃ</em></span> <span class='ocrx_word' id='word_1_176' title='bbox 373 2238 416 2280; x_wconf 86' lang='grc' dir='ltr'>δὲ</span> <span class='ocrx_word' id='word_1_177' title='bbox 458 2240 615 2293; x_wconf 80' lang='grc' dir='ltr'><em>λέγουσι</em></span> <span class='ocrx_word' id='word_1_178' title='bbox 654 2245 773 2311; x_wconf 79' lang='grc' dir='ltr'><em>γενεῇ</em></span> 
     </span>
     <span class='ocr_line' id='line_1_33' title="bbox 117 2291 771 2361; baseline 0.009 -28"><span class='ocrx_word' id='word_1_179' title='bbox 117 2293 228 2361; x_wconf 77' lang='grc' dir='ltr'><em>μετὰ</em></span> <span class='ocrx_word' id='word_1_180' title='bbox 252 2299 373 2335; x_wconf 85' lang='grc' dir='ltr'><em>ταῦτα</em></span> <span class='ocrx_word' id='word_1_181' title='bbox 412 2291 668 2350; x_wconf 78' lang='grc' dir='ltr'><em>Ἀλέξανδρον</em></span> <span class='ocrx_word' id='word_1_182' title='bbox 705 2297 771 2339; x_wconf 86' lang='grc' dir='ltr'><em>τὸν</em></span> 
     </span>
     <span class='ocr_line' id='line_1_34' title="bbox 118 2347 771 2404; baseline 0.003 -14"><span class='ocrx_word' id='word_1_183' title='bbox 118 2347 309 2404; x_wconf 87' lang='grc' dir='ltr'><em>Πριαμου</em></span> <span class='ocrx_word' id='word_1_184' title='bbox 336 2368 370 2392; x_wconf 86' lang='grc' dir='ltr'><strong>κ.</strong></span> <span class='ocrx_word' id='word_1_185' title='bbox 387 2368 418 2392; x_wconf 87' lang='grc' dir='ltr'>τ.</span> <span class='ocrx_word' id='word_1_186' title='bbox 438 2357 488 2400; x_wconf 83' lang='grc' dir='ltr'>λ.]</span> <span class='ocrx_word' id='word_1_187' title='bbox 514 2355 621 2393; x_wconf 89' lang='lat' dir='ltr'>Valet</span> <span class='ocrx_word' id='word_1_188' title='bbox 642 2357 699 2393; x_wconf 90' lang='lat' dir='ltr'>hic</span> <span class='ocrx_word' id='word_1_189' title='bbox 716 2356 771 2392; x_wconf 91' lang='lat' dir='ltr'>lo-</span> 
     </span>
     <span class='ocr_line' id='line_1_35' title="bbox 117 2409 772 2461; baseline 0.006 -15"><span class='ocrx_word' id='word_1_190' title='bbox 117 2422 178 2446; x_wconf 88' lang='lat' dir='ltr'>cus</span> <span class='ocrx_word' id='word_1_191' title='bbox 198 2409 347 2457; x_wconf 76' lang='lat' dir='ltr'>egregie</span> <span class='ocrx_word' id='word_1_192' title='bbox 366 2411 413 2446; x_wconf 87' lang='lat' dir='ltr'>ad</span> <span class='ocrx_word' id='word_1_193' title='bbox 430 2416 574 2461; x_wconf 89' lang='lat' dir='ltr'>tempus</span> <span class='ocrx_word' id='word_1_194' title='bbox 595 2413 772 2450; x_wconf 49' lang='lat' dir='ltr'>definiens</span> 
     </span>
     <span class='ocr_line' id='line_1_36' title="bbox 118 2438 772 2516; baseline 0.006 -15"><span class='ocrx_word' id='word_1_195' title='bbox 118 2438 242 2512; x_wconf 50' lang='lat' dir='ltr'>dum?</span> <span class='ocrx_word' id='word_1_196' title='bbox 252 2467 352 2514; x_wconf 92' lang='lat' dir='ltr'>quod</span> <span class='ocrx_word' id='word_1_197' title='bbox 362 2466 653 2516; x_wconf 81' lang='lat' dir='ltr'>Argonautarum</span> <span class='ocrx_word' id='word_1_198' title='bbox 679 2470 772 2506; x_wconf 89' lang='lat' dir='ltr'>inter</span> 
     </span>
     <span class='ocr_line' id='line_1_37' title="bbox 118 2522 772 2573; baseline 0.006 -16"><span class='ocrx_word' id='word_1_199' title='bbox 118 2522 384 2570; x_wconf 70' lang='lat' dir='ltr'>expeditionem</span> <span class='ocrx_word' id='word_1_200' title='bbox 408 2524 614 2573; x_wconf 86' lang='lat' dir='ltr'>bellumque</span> <span class='ocrx_word' id='word_1_201' title='bbox 639 2524 675 2561; x_wconf 83' lang='lat' dir='ltr'>T</span> <span class='ocrx_word' id='word_1_202' title='bbox 677 2526 772 2561; x_wconf 89' lang='lat' dir='ltr'>roia</span> 
     </span>
     <span class='ocr_line' id='line_1_38' title="bbox 121 2578 771 2630; baseline 0.008 -18"><span class='ocrx_word' id='word_1_203' title='bbox 121 2589 205 2613; x_wconf 92' lang='lat' dir='ltr'>num</span> <span class='ocrx_word' id='word_1_204' title='bbox 228 2578 480 2617; x_wconf 78' lang='lat' dir='ltr'>intercesserit.</span> <span class='ocrx_word' id='word_1_205' title='bbox 539 2580 648 2624; x_wconf 88' lang='lat' dir='ltr'>Quod</span> <span class='ocrx_word' id='word_1_206' title='bbox 681 2594 771 2630; x_wconf 88' lang='lat' dir='ltr'>qua-</span> 
     </span>
     <span class='ocr_line' id='line_1_39' title="bbox 120 2633 770 2687; baseline 0.009 -18"><span class='ocrx_word' id='word_1_207' title='bbox 120 2633 289 2681; x_wconf 83' lang='lat' dir='ltr'>draginta</span> <span class='ocrx_word' id='word_1_208' title='bbox 307 2635 382 2672; x_wconf 86' lang='lat' dir='ltr'>fere</span> <span class='ocrx_word' id='word_1_209' title='bbox 400 2649 577 2673; x_wconf 85' lang='lat' dir='ltr'>annorum</span> <span class='ocrx_word' id='word_1_210' title='bbox 600 2650 682 2674; x_wconf 86' lang='lat' dir='ltr'>esse</span> <span class='ocrx_word' id='word_1_211' title='bbox 703 2651 770 2687; x_wconf 88' lang='lat' dir='ltr'>po-</span> 
     </span>
     <span class='ocr_line' id='line_1_40' title="bbox 118 2689 771 2740; baseline 0.009 -15"><span class='ocrx_word' id='word_1_212' title='bbox 118 2689 184 2737; x_wconf 85' lang='lat' dir='ltr'>nit,</span> <span class='ocrx_word' id='word_1_213' title='bbox 205 2689 375 2728; x_wconf 77' lang='lat' dir='ltr'>laudante</span> <span class='ocrx_word' id='word_1_214' title='bbox 400 2692 482 2740; x_wconf 84' lang='lat' dir='ltr'><strong>Cr.,</strong></span> <span class='ocrx_word' id='word_1_215' title='bbox 513 2693 555 2729; x_wconf 88' lang='lat' dir='ltr'>C.</span> <span class='ocrx_word' id='word_1_216' title='bbox 573 2693 771 2731; x_wconf 80' lang='lat' dir='ltr'>O.Miiller.</span> 
     </span>
     <span class='ocr_line' id='line_1_41' title="bbox 119 2745 771 2798; baseline 0.009 -16"><span class='ocrx_word' id='word_1_217' title='bbox 119 2746 158 2782; x_wconf 89' lang='lat' dir='ltr'>in</span> <span class='ocrx_word' id='word_1_218' title='bbox 191 2745 360 2784; x_wconf 86' lang='lat' dir='ltr'>Orchom.</span> <span class='ocrx_word' id='word_1_219' title='bbox 401 2762 437 2798; x_wconf 92' lang='lat' dir='ltr'>p.</span> <span class='ocrx_word' id='word_1_220' title='bbox 469 2750 570 2795; x_wconf 84' lang='lat'>306,</span> <span class='ocrx_word' id='word_1_221' title='bbox 612 2749 771 2788; x_wconf 87' lang='lat' dir='ltr'>Larche-</span> 
     </span>
     <span class='ocr_line' id='line_1_42' title="bbox 120 2801 770 2856; baseline 0.011 -19"><span class='ocrx_word' id='word_1_222' title='bbox 120 2814 200 2838; x_wconf 88' lang='lat' dir='ltr'>rum</span> <span class='ocrx_word' id='word_1_223' title='bbox 229 2801 304 2849; x_wconf 92' lang='lat' dir='ltr'>(T.</span> <span class='ocrx_word' id='word_1_224' title='bbox 330 2803 398 2841; x_wconf 89' lang='lat' dir='ltr'>VH</span> <span class='ocrx_word' id='word_1_225' title='bbox 432 2818 469 2854; x_wconf 93' lang='lat' dir='ltr'>p.</span> <span class='ocrx_word' id='word_1_226' title='bbox 501 2805 608 2853; x_wconf 86' lang='lat'>351)</span> <span class='ocrx_word' id='word_1_227' title='bbox 646 2819 770 2856; x_wconf 87' lang='lat' dir='ltr'>repre-</span> 
     </span>
     <span class='ocr_line' id='line_1_43' title="bbox 122 2857 770 2911; baseline 0.008 -15"><span class='ocrx_word' id='word_1_228' title='bbox 122 2857 298 2906; x_wconf 83' lang='lat' dir='ltr'>hendens,</span> <span class='ocrx_word' id='word_1_229' title='bbox 323 2860 384 2909; x_wconf 92' lang='lat' dir='ltr'>qui</span> <span class='ocrx_word' id='word_1_230' title='bbox 400 2873 479 2899; x_wconf 89' lang='lat' dir='ltr'>cum</span> <span class='ocrx_word' id='word_1_231' title='bbox 494 2862 683 2911; x_wconf 82' lang='lat' dir='ltr'>sexaginta</span> <span class='ocrx_word' id='word_1_232' title='bbox 696 2868 770 2901; x_wconf 89' lang='lat' dir='ltr'>sta-</span> 
     </span>
    </p>
   </div>
   <div class='ocr_carea' id='block_1_22' title="bbox 822 1460 1485 1796">
    <p class='ocr_par' dir='ltr' id='par_1_22' title="bbox 822 1460 1485 1796">
     <span class='ocr_line' id='line_1_44' title="bbox 824 1460 1483 1511; baseline -0.002 -12"><span class='ocrx_word' id='word_1_233' title='bbox 824 1461 933 1500; x_wconf 91' lang='lat' dir='ltr'>tuerit</span> <span class='ocrx_word' id='word_1_234' title='bbox 965 1473 1100 1508; x_wconf 59' lang='lat' dir='ltr'>annm,</span> <span class='ocrx_word' id='word_1_235' title='bbox 1146 1462 1238 1498; x_wconf 89' lang='lat' dir='ltr'>duas</span> <span class='ocrx_word' id='word_1_236' title='bbox 1268 1461 1394 1511; x_wconf 87' lang='lat' dir='ltr'>plenas</span> <span class='ocrx_word' id='word_1_237' title='bbox 1425 1460 1483 1498; x_wconf 86' lang='lat' dir='ltr'>hic</span> 
     </span>
     <span class='ocr_line' id='line_1_45' title="bbox 825 1517 1485 1566; baseline 0 -12"><span class='ocrx_word' id='word_1_238' title='bbox 825 1518 996 1556; x_wconf 85' lang='lat' dir='ltr'>sumserit</span> <span class='ocrx_word' id='word_1_239' title='bbox 1021 1519 1289 1566; x_wconf 77' lang='lat' dir='ltr'>generationes,</span> <span class='ocrx_word' id='word_1_240' title='bbox 1319 1517 1485 1555; x_wconf 86' lang='lat' dir='ltr'>Collocat</span> 
     </span>
     <span class='ocr_line' id='line_1_46' title="bbox 825 1573 1484 1624; baseline -0.002 -14"><span class='ocrx_word' id='word_1_241' title='bbox 825 1575 961 1612; x_wconf 84' lang='lat' dir='ltr'>seilicet</span> <span class='ocrx_word' id='word_1_242' title='bbox 995 1573 1289 1623; x_wconf 83' lang='lat' dir='ltr'>Argonautarum</span> <span class='ocrx_word' id='word_1_243' title='bbox 1334 1574 1484 1624; x_wconf 59' lang='lat' dir='ltr'>expedi-</span> 
     </span>
     <span class='ocr_line' id='line_1_47' title="bbox 823 1630 1482 1678; baseline 0 -11"><span class='ocrx_word' id='word_1_244' title='bbox 823 1632 961 1668; x_wconf 84' lang='lat' dir='ltr'>tionem</span> <span class='ocrx_word' id='word_1_245' title='bbox 987 1633 1095 1671; x_wconf 88' lang='grc'>1350</span> <span class='ocrx_word' id='word_1_246' title='bbox 1116 1644 1148 1667; x_wconf 80' lang='lat' dir='ltr'>a.</span> <span class='ocrx_word' id='word_1_247' title='bbox 1173 1631 1240 1667; x_wconf 90' lang='lat' dir='ltr'><strong>Ch.</strong></span> <span class='ocrx_word' id='word_1_248' title='bbox 1262 1644 1316 1678; x_wconf 81' lang='lat' dir='ltr'><strong>n.‚</strong></span> <span class='ocrx_word' id='word_1_249' title='bbox 1348 1630 1482 1667; x_wconf 81' lang='lat' dir='ltr'>bellum</span> 
     </span>
     <span class='ocr_line' id='line_1_48' title="bbox 825 1686 1483 1728; baseline -0.002 -4"><span class='ocrx_word' id='word_1_250' title='bbox 825 1687 998 1724; x_wconf 79' lang='lat' dir='ltr'>Troicum</span> <span class='ocrx_word' id='word_1_251' title='bbox 1016 1690 1123 1728; x_wconf 79' lang='lat'>1290</span> <span class='ocrx_word' id='word_1_252' title='bbox 1141 1699 1173 1723; x_wconf 88' lang='lat' dir='ltr'><strong>a.</strong></span> <span class='ocrx_word' id='word_1_253' title='bbox 1195 1687 1280 1723; x_wconf 87' lang='lat' dir='ltr'>Chr.</span> <span class='ocrx_word' id='word_1_254' title='bbox 1310 1686 1368 1725; x_wconf 93' lang='lat' dir='ltr'>De</span> <span class='ocrx_word' id='word_1_255' title='bbox 1389 1691 1483 1723; x_wconf 88' lang='lat' dir='ltr'>tem-</span> 
     </span>
     <span class='ocr_line' id='line_1_49' title="bbox 822 1742 1448 1796; baseline -0.003 -15"><span class='ocrx_word' id='word_1_256' title='bbox 822 1757 915 1795; x_wconf 89' lang='lat' dir='ltr'>pore</span> <span class='ocrx_word' id='word_1_257' title='bbox 939 1745 1087 1796; x_wconf 78' lang='grc' dir='ltr'><em>γενεῶν</em></span> <span class='ocrx_word' id='word_1_258' title='bbox 1109 1744 1153 1780; x_wconf 88' lang='lat' dir='ltr'>cf.</span> <span class='ocrx_word' id='word_1_259' title='bbox 1178 1742 1207 1791; x_wconf 87' lang='grc' dir='ltr'>Ι,</span> <span class='ocrx_word' id='word_1_260' title='bbox 1228 1746 1266 1783; x_wconf 92' lang='grc'><strong>7.</strong></span> <span class='ocrx_word' id='word_1_261' title='bbox 1290 1743 1335 1790; x_wconf 87' lang='lat'>11,</span> <span class='ocrx_word' id='word_1_262' title='bbox 1354 1743 1448 1784; x_wconf 80' lang='lat'><strong>142.</strong></span> 
     </span>
    </p>
   </div>
   <div class='ocr_carea' id='block_1_23' title="bbox 824 1823 1482 2732">
    <p class='ocr_par' dir='ltr' id='par_1_23' title="bbox 824 1823 1482 2101">
     <span class='ocr_line' id='line_1_50' title="bbox 881 1823 1481 1880; baseline -0.002 -13"><span class='ocrx_word' id='word_1_263' title='bbox 881 1823 933 1867; x_wconf 87' lang='grc' dir='ltr'>δι’</span> <span class='ocrx_word' id='word_1_264' title='bbox 961 1825 1145 1880; x_wconf 66' lang='grc' dir='ltr'><em>ἁρπαγῆς</em></span> <span class='ocrx_word' id='word_1_265' title='bbox 1171 1825 1354 1879; x_wconf 82' lang='grc' dir='ltr'><em>γενέσθαι</em></span> <span class='ocrx_word' id='word_1_266' title='bbox 1387 1841 1423 1864; x_wconf 79' lang='grc' dir='ltr'><strong>κ.</strong></span> <span class='ocrx_word' id='word_1_267' title='bbox 1449 1840 1481 1866; x_wconf 85' lang='grc' dir='ltr'>τ.</span> 
     </span>
     <span class='ocr_line' id='line_1_51' title="bbox 824 1884 1482 1931; baseline -0.008 -8"><span class='ocrx_word' id='word_1_268' title='bbox 824 1886 876 1930; x_wconf 84' lang='grc' dir='ltr'>λ.]</span> <span class='ocrx_word' id='word_1_269' title='bbox 910 1884 931 1921; x_wconf 88' lang='lat' dir='ltr'><strong>i.</strong></span> <span class='ocrx_word' id='word_1_270' title='bbox 958 1897 989 1922; x_wconf 86' lang='lat' dir='ltr'>e.</span> <span class='ocrx_word' id='word_1_271' title='bbox 1016 1884 1203 1931; x_wconf 75' lang='lat' dir='ltr'>„voluisse</span> <span class='ocrx_word' id='word_1_272' title='bbox 1235 1884 1304 1919; x_wconf 65' lang='lat' dir='ltr'>sibi</span> <span class='ocrx_word' id='word_1_273' title='bbox 1329 1897 1345 1919; x_wconf 83' lang='lat' dir='ltr'>e</span> <span class='ocrx_word' id='word_1_274' title='bbox 1370 1884 1482 1920; x_wconf 42' lang='lat' dir='ltr'>Grae*</span> 
     </span>
     <span class='ocr_line' id='line_1_52' title="bbox 826 1938 1482 1989; baseline -0.006 -12"><span class='ocrx_word' id='word_1_275' title='bbox 826 1943 884 1977; x_wconf 74' lang='lat' dir='ltr'>cia</span> <span class='ocrx_word' id='word_1_276' title='bbox 902 1953 965 1989; x_wconf 79' lang='lat' dir='ltr'>per</span> <span class='ocrx_word' id='word_1_277' title='bbox 982 1942 1143 1988; x_wconf 77' lang='lat' dir='ltr'>rapinam</span> <span class='ocrx_word' id='word_1_278' title='bbox 1165 1952 1361 1987; x_wconf 78' lang='lat' dir='ltr'>comparare</span> <span class='ocrx_word' id='word_1_279' title='bbox 1372 1938 1482 1988; x_wconf 71' lang='lat' dir='ltr'>femi-</span> 
     </span>
     <span class='ocr_line' id='line_1_53' title="bbox 824 1994 1482 2033; baseline -0.003 0"><span class='ocrx_word' id='word_1_280' title='bbox 824 1997 943 2033; x_wconf 76' lang='lat' dir='ltr'>nam.“</span> <span class='ocrx_word' id='word_1_281' title='bbox 972 1996 1179 2032; x_wconf 87' lang='lat' dir='ltr'>Dictionem</span> <span class='ocrx_word' id='word_1_282' title='bbox 1196 1995 1284 2030; x_wconf 83' lang='lat' dir='ltr'>satis</span> <span class='ocrx_word' id='word_1_283' title='bbox 1303 1994 1482 2031; x_wconf 84' lang='lat' dir='ltr'>illustrant</span> 
     </span>
     <span class='ocr_line' id='line_1_54' title="bbox 825 2050 1313 2101; baseline -0.002 -12"><span class='ocrx_word' id='word_1_284' title='bbox 825 2064 848 2089; x_wconf 88' lang='lat' dir='ltr'>a</span> <span class='ocrx_word' id='word_1_285' title='bbox 871 2051 994 2099; x_wconf 80' lang='lat' dir='ltr'>Viger.</span> <span class='ocrx_word' id='word_1_286' title='bbox 1011 2064 1047 2101; x_wconf 92' lang='lat' dir='ltr'>p.</span> <span class='ocrx_word' id='word_1_287' title='bbox 1065 2050 1145 2091; x_wconf 87' lang='grc'>585</span> <span class='ocrx_word' id='word_1_288' title='bbox 1163 2050 1313 2100; x_wconf 86' lang='lat' dir='ltr'>prolata.</span> 
     </span>
    </p>

    <p class='ocr_par' dir='ltr' id='par_1_24' title="bbox 826 2113 1481 2732">
     <span class='ocr_line' id='line_1_55' title="bbox 885 2113 1479 2169; baseline 0 -13"><span class='ocrx_word' id='word_1_289' title='bbox 885 2115 1000 2156; x_wconf 77' lang='grc' dir='ltr'><em>οὔτε</em></span> <span class='ocrx_word' id='word_1_290' title='bbox 1019 2114 1095 2169; x_wconf 64' lang='grc' dir='ltr'><em>γάρ</em></span> <span class='ocrx_word' id='word_1_291' title='bbox 1111 2117 1285 2164; x_wconf 80' lang='grc' dir='ltr'><em>ἐκείνους</em></span> <span class='ocrx_word' id='word_1_292' title='bbox 1305 2113 1479 2162; x_wconf 89' lang='grc' dir='ltr'><em>διδόναι]</em></span> 
     </span>
     <span class='ocr_line' id='line_1_56' title="bbox 826 2170 1479 2222; baseline 0 -12"><span class='ocrx_word' id='word_1_293' title='bbox 826 2174 920 2211; x_wconf 87' lang='lat' dir='ltr'>Sunt</span> <span class='ocrx_word' id='word_1_294' title='bbox 936 2175 996 2222; x_wconf 87' lang='lat' dir='ltr'>qui</span> <span class='ocrx_word' id='word_1_295' title='bbox 1017 2174 1141 2210; x_wconf 86' lang='lat' dir='ltr'>malint</span> <span class='ocrx_word' id='word_1_296' title='bbox 1170 2170 1285 2222; x_wconf 69' lang='grc' dir='ltr'><em>ου’δὲς</em></span> <span class='ocrx_word' id='word_1_297' title='bbox 1308 2179 1348 2211; x_wconf 89' lang='lat' dir='ltr'>ut</span> <span class='ocrx_word' id='word_1_298' title='bbox 1372 2174 1479 2211; x_wconf 54' lang='grc' dir='ltr'>Πετ-</span> 
     </span>
     <span class='ocr_line' id='line_1_57' title="bbox 827 2230 1477 2280; baseline -0.002 -13"><span class='ocrx_word' id='word_1_299' title='bbox 827 2232 892 2268; x_wconf 87' lang='lat' dir='ltr'>fer.</span> <span class='ocrx_word' id='word_1_300' title='bbox 910 2231 946 2266; x_wconf 92' lang='lat' dir='ltr'>in</span> <span class='ocrx_word' id='word_1_301' title='bbox 964 2230 1063 2266; x_wconf 88' lang='lat' dir='ltr'>Actis</span> <span class='ocrx_word' id='word_1_302' title='bbox 1082 2230 1181 2280; x_wconf 81' lang='lat' dir='ltr'><strong>phin.</strong></span> <span class='ocrx_word' id='word_1_303' title='bbox 1202 2230 1364 2268; x_wconf 85' lang='lat' dir='ltr'>Monacc.</span> <span class='ocrx_word' id='word_1_304' title='bbox 1390 2230 1417 2266; x_wconf 92' lang='lat' dir='ltr'>I.</span> <span class='ocrx_word' id='word_1_305' title='bbox 1440 2235 1477 2272; x_wconf 80' lang='lat'>2.</span> 
     </span>
     <span class='ocr_line' id='line_1_58' title="bbox 826 2287 1480 2338; baseline 0 -15"><span class='ocrx_word' id='word_1_306' title='bbox 826 2301 863 2338; x_wconf 93' lang='lat' dir='ltr'>p.</span> <span class='ocrx_word' id='word_1_307' title='bbox 891 2289 990 2327; x_wconf 80' lang='lat'><strong>261:</strong></span> <span class='ocrx_word' id='word_1_308' title='bbox 1031 2299 1147 2334; x_wconf 83' lang='lat' dir='ltr'>„nam</span> <span class='ocrx_word' id='word_1_309' title='bbox 1172 2300 1212 2324; x_wconf 77' lang='lat' dir='ltr'>ne</span> <span class='ocrx_word' id='word_1_310' title='bbox 1239 2287 1316 2323; x_wconf 86' lang='lat' dir='ltr'>illos</span> <span class='ocrx_word' id='word_1_311' title='bbox 1344 2287 1480 2337; x_wconf 76' lang='lat' dir='ltr'>quidem.</span> 
     </span>
     <span class='ocr_line' id='line_1_59' title="bbox 828 2343 1480 2393; baseline 0.002 -14"><span class='ocrx_word' id='word_1_312' title='bbox 828 2343 1008 2380; x_wconf 83' lang='lat' dir='ltr'>dedisse“</span> <span class='ocrx_word' id='word_1_313' title='bbox 1038 2344 1341 2391; x_wconf 87' lang='lat' dir='ltr'>quemadmodum</span> <span class='ocrx_word' id='word_1_314' title='bbox 1367 2357 1480 2393; x_wconf 85' lang='lat' dir='ltr'>supra</span> 
     </span>
     <span class='ocr_line' id='line_1_60' title="bbox 828 2399 1478 2449; baseline 0 -14"><span class='ocrx_word' id='word_1_315' title='bbox 828 2412 906 2449; x_wconf 88' lang='lat' dir='ltr'><strong>cap.</strong></span> <span class='ocrx_word' id='word_1_316' title='bbox 931 2403 958 2440; x_wconf 81' lang='grc'>2</span> <span class='ocrx_word' id='word_1_317' title='bbox 984 2399 1044 2435; x_wconf 91' lang='lat' dir='ltr'>fin.</span> <span class='ocrx_word' id='word_1_318' title='bbox 1075 2399 1155 2436; x_wconf 88' lang='lat' dir='ltr'>Nos</span> <span class='ocrx_word' id='word_1_319' title='bbox 1169 2413 1247 2436; x_wconf 89' lang='lat' dir='ltr'>cum</span> <span class='ocrx_word' id='word_1_320' title='bbox 1262 2400 1342 2436; x_wconf 89' lang='lat' dir='ltr'>aliis</span> <span class='ocrx_word' id='word_1_321' title='bbox 1367 2400 1478 2436; x_wconf 89' lang='lat' dir='ltr'>inter</span> 
     </span>
     <span class='ocr_line' id='line_1_61' title="bbox 826 2452 1479 2507; baseline -0.006 -13"><span class='ocrx_word' id='word_1_322' title='bbox 826 2460 1010 2507; x_wconf 80' lang='lat' dir='ltr'>pretamur</span> <span class='ocrx_word' id='word_1_323' title='bbox 1037 2452 1128 2494; x_wconf 77' lang='grc' dir='ltr'><em>οὔτε</em></span> <span class='ocrx_word' id='word_1_324' title='bbox 1165 2470 1208 2494; x_wconf 88' lang='lat' dir='ltr'>eo</span> <span class='ocrx_word' id='word_1_325' title='bbox 1237 2469 1366 2502; x_wconf 83' lang='lat' dir='ltr'>sensu,</span> <span class='ocrx_word' id='word_1_326' title='bbox 1406 2469 1479 2504; x_wconf 83' lang='lat' dir='ltr'>quo</span> 
     </span>
     <span class='ocr_line' id='line_1_62' title="bbox 826 2506 1479 2586; baseline -0.005 -36"><span class='ocrx_word' id='word_1_327' title='bbox 826 2510 894 2550; x_wconf 83' lang='grc' dir='ltr'><em>καὶ</em></span> <span class='ocrx_word' id='word_1_328' title='bbox 926 2525 1012 2586; x_wconf 72' lang='grc' dir='ltr'>γαρι</span> <span class='ocrx_word' id='word_1_329' title='bbox 1034 2506 1102 2550; x_wconf 70' lang='lat'>013:</span> <span class='ocrx_word' id='word_1_330' title='bbox 1143 2526 1236 2560; x_wconf 75' lang='lat' dir='ltr'>„nec</span> <span class='ocrx_word' id='word_1_331' title='bbox 1276 2514 1364 2550; x_wconf 79' lang='lat' dir='ltr'>enim</span> <span class='ocrx_word' id='word_1_332' title='bbox 1399 2511 1479 2548; x_wconf 84' lang='lat' dir='ltr'>illos</span> 
     </span>
     <span class='ocr_line' id='line_1_63' title="bbox 827 2566 1479 2618; baseline 0.003 -13"><span class='ocrx_word' id='word_1_333' title='bbox 827 2568 1012 2605; x_wconf 82' lang='lat' dir='ltr'>dedisse.“</span> <span class='ocrx_word' id='word_1_334' title='bbox 1030 2590 1085 2595; x_wconf 85' lang='lat'>—</span> <span class='ocrx_word' id='word_1_335' title='bbox 1105 2568 1146 2604; x_wconf 94' lang='lat' dir='ltr'>In</span> <span class='ocrx_word' id='word_1_336' title='bbox 1171 2582 1274 2618; x_wconf 88' lang='lat' dir='ltr'>seqq</span> <span class='ocrx_word' id='word_1_337' title='bbox 1296 2566 1479 2618; x_wconf 85' lang='grc' dir='ltr'><em>πέμψαν-</em></span> 
     </span>
     <span class='ocr_line' id='line_1_64' title="bbox 826 2624 1481 2674; baseline -0.003 -11"><span class='ocrx_word' id='word_1_338' title='bbox 826 2639 895 2670; x_wconf 85' lang='grc' dir='ltr'><em>τας</em></span> <span class='ocrx_word' id='word_1_339' title='bbox 917 2624 1028 2670; x_wconf 79' lang='lat' dir='ltr'>dixit,</span> <span class='ocrx_word' id='word_1_340' title='bbox 1057 2627 1233 2662; x_wconf 86' lang='lat' dir='ltr'>structura</span> <span class='ocrx_word' id='word_1_341' title='bbox 1254 2630 1392 2662; x_wconf 91' lang='lat' dir='ltr'>mutata</span> <span class='ocrx_word' id='word_1_342' title='bbox 1412 2638 1481 2674; x_wconf 89' lang='lat' dir='ltr'>pro</span> 
     </span>
     <span class='ocr_line' id='line_1_65' title="bbox 826 2679 1481 2732; baseline -0.002 -13"><span class='ocrx_word' id='word_1_343' title='bbox 826 2679 1027 2730; x_wconf 82' lang='grc' dir='ltr'><em>πέμψασι,</em></span> <span class='ocrx_word' id='word_1_344' title='bbox 1077 2681 1124 2719; x_wconf 90' lang='lat' dir='ltr'>de</span> <span class='ocrx_word' id='word_1_345' title='bbox 1165 2694 1237 2732; x_wconf 93' lang='lat' dir='ltr'>quo</span> <span class='ocrx_word' id='word_1_346' title='bbox 1281 2682 1353 2719; x_wconf 83' lang='lat' dir='ltr'><strong>vid.</strong></span> <span class='ocrx_word' id='word_1_347' title='bbox 1388 2685 1481 2719; x_wconf 78' lang='lat' dir='ltr'>nott.</span> 
     </span>
    </p>
   </div>
   <div class='ocr_carea' id='block_1_24' title="bbox 826 2736 1483 2914">
    <p class='ocr_par' dir='ltr' id='par_1_25' title="bbox 826 2736 1483 2914">
     <span class='ocr_line' id='line_1_66' title="bbox 826 2736 1028 2783; baseline -0.015 -8"><span class='ocrx_word' id='word_1_348' title='bbox 826 2738 875 2775; x_wconf 83' lang='lat' dir='ltr'>ad</span> <span class='ocrx_word' id='word_1_349' title='bbox 898 2736 932 2783; x_wconf 91' lang='lat' dir='ltr'>I,</span> <span class='ocrx_word' id='word_1_350' title='bbox 965 2739 1028 2777; x_wconf 80' lang='lat'>19,</span> 
     </span>
     <span class='ocr_line' id='line_1_67' title="bbox 881 2801 1480 2858; baseline 0.002 -15"><span class='ocrx_word' id='word_1_351' title='bbox 881 2801 976 2851; x_wconf 73' lang='grc' dir='ltr'><em>τούς</em></span> <span class='ocrx_word' id='word_1_352' title='bbox 995 2801 1050 2852; x_wconf 82' lang='grc' dir='ltr'>δὲ,</span> <span class='ocrx_word' id='word_1_353' title='bbox 1076 2804 1373 2858; x_wconf 81' lang='grc' dir='ltr'><em>προϊσχομένων</em></span> <span class='ocrx_word' id='word_1_354' title='bbox 1388 2807 1480 2844; x_wconf 83' lang='grc' dir='ltr'><em>ταῦ-</em></span> 
     </span>
     <span class='ocr_line' id='line_1_68' title="bbox 826 2858 1483 2914; baseline -0.002 -11"><span class='ocrx_word' id='word_1_355' title='bbox 826 2877 894 2912; x_wconf 88' lang='grc' dir='ltr'><em>τα,</em></span> <span class='ocrx_word' id='word_1_356' title='bbox 940 2858 1157 2914; x_wconf 76' lang='grc' dir='ltr'><em>προφέρειν</em></span> <span class='ocrx_word' id='word_1_357' title='bbox 1188 2875 1260 2913; x_wconf 87' lang='grc' dir='ltr'>σφι</span> <span class='ocrx_word' id='word_1_358' title='bbox 1293 2862 1483 2914; x_wconf 84' lang='grc' dir='ltr'><em>Μηδείης</em></span> 
     </span>
    </p>
   </div>
  </div>
 </body>
</html>
