1909 3228
254 205 339 244 9⁰4
724 196 1285 238 EXCURSUSV

719 668 1214 718 EXCURSUS
1270 669 1316 719 V

484 785 609 825 AD
703 784 1542 832 HERoDoT.11,17.

676 1019 777 1062 De
843 1018 1027 1063 Nili
1091 1020 1368 1062 ostiis.

372 1123 441 1162 Est
461 1123 520 1163 hic
536 1123 703 1163 classicus
736 1124 835 1162 locus
862 1125 909 1162 de
929 1124 1007 1162 Nili
1030 1125 1156 1172 ostiis,
1195 1135 1289 1173 quae
1316 1126 1443 1160 nostra
1473 1127 1596 1161 aetate
1628 1123 1774 1161 minime

261 1192 388 1230 eadem
418 1206 500 1232 esse
527 1198 637 1244 atque
655 1194 834 1231 Herodoti
860 1196 1003 1240 aetate,
1033 1204 1140 1230 nemo
1172 1192 1249 1229 sere
1274 1192 1402 1228 nescit.
1460 1191 1657 1241 Hodieque
1677 1192 1775 1229 enim

261 1259 347 1297 bina
361 1261 591 1311 potissimum
612 1265 697 1299 sunt
715 1262 826 1309 ostia,
858 1261 989 1310 quibus
1017 1273 1193 1310 aquarum
1212 1259 1352 1309 copiam
1368 1258 1473 1296 Nilus
1494 1260 1531 1296 in
1552 1273 1652 1298 mare
1672 1260 1776 1298 emit-

259 1327 324 1375 tit,
353 1327 505 1366 alterum
532 1342 649 1380 prope
676 1330 801 1367 urbem
827 1328 1092 1375 Rosettanam,
1123 1327 1275 1365 alterum
1293 1340 1409 1378 prope
1431 1327 1662 1376 Damiatam,
1693 1327 1777 1365 reli—

260 1396 341 1445 quis
360 1397 461 1433 ostiis
479 1397 657 1434 obturatis
680 1397 835 1434 areniwe
854 1401 916 1433 aut
933 1397 1018 1433 limo
1044 1395 1220 1433 obductis.
1278 1395 1377 1433 Nam
1401 1401 1538 1446 septem
1558 1397 1667 1446 vulgo
1688 1408 1779 1434 enu-

260 1466 401 1500 merata
420 1468 503 1500 sunt
530 1464 606 1502 Nili
625 1464 740 1511 ostia,
771 1463 832 1512 qui
862 1463 947 1500 inde
971 1464 1195 1513 septemfluus
1221 1463 1410 1500 dicebatur
1431 1464 1557 1500 fluvius
1586 1478 1614 1500 s.
1635 1467 1778 1513 septem-

259 1531 417 1578 geminus
426 1543 438 1574 ;
477 1543 499 1568 a
519 1545 591 1581 qua
621 1532 800 1569 sententia
824 1543 893 1567 nec
914 1531 1145 1567 Herodotum
1170 1531 1324 1568 alienum
1344 1532 1477 1579 fuisse,
1508 1531 1588 1568 licet
1616 1532 1778 1580 quinque

260 1601 399 1633 tantum
422 1599 515 1636 ostia
538 1598 614 1636 Nili
635 1602 916 1645 commemoret,
945 1598 1097 1634 vidimus
1125 1598 1171 1634 ad
1204 1598 1255 1645 II,
1279 1601 1340 1640 10.
1398 1599 1474 1636 Sed
1503 1599 1608 1636 valde
1636 1598 1778 1635 variant

261 1664 298 1700 in
325 1664 477 1712 singulis
507 1665 606 1704 hisce
635 1667 738 1704 ostiis
769 1670 909 1716 septem
939 1666 1194 1712 recensendis,
1232 1665 1287 1702 vel
1317 1679 1438 1703 errore
1470 1667 1582 1716 lapsi,
1618 1665 1696 1712 vel,
1727 1665 1779 1702 uti

261 1732 339 1769 fieri
356 1731 470 1780 solet,
500 1747 594 1782 quae
613 1734 661 1770 ad
682 1733 827 1770 diversa
857 1737 1024 1782 tempora
1044 1734 1290 1782 pertinerent,
1319 1746 1393 1770 non
1414 1734 1500 1770 satis
1521 1737 1686 1771 accurate
1703 1733 1780 1769 dis-

262 1804 463 1838 cernentes.
524 1800 644 1844 Quam
670 1801 706 1838 in
729 1813 806 1838 rem
824 1812 919 1849 quae
939 1799 1092 1850 plurima
1112 1812 1132 1835 a
1153 1800 1237 1836 viris
1262 1801 1377 1837 doctis
1400 1805 1526 1837 nostra
1547 1800 1779 1850 potissimum

262 1871 384 1905 aetate
412 1868 597 1918 disputata
629 1872 736 1916 sunt,
777 1881 820 1906 ea
855 1867 1024 1905 nolumus
1054 1867 1124 1904 huc
1149 1868 1427 1914 transscribere,
1465 1880 1641 1905 summam
1668 1868 1779 1905 modo

262 1948 405 1983 eorum,
444 1941 624 1986 quatenus
666 1937 715 1974 ad
749 1937 982 1975 Herodotum
1018 1936 1087 1974 rite
1127 1935 1405 1985 intelligendum
1442 1936 1597 1984 saciant,
1644 1937 1780 1974 referre

261 2008 436 2054 praestat.

375 2069 428 2107 Ac
456 2071 579 2110 statuit
601 2071 784 2110 Mannert.
814 2072 973 2122 (Geogr.
996 2073 1031 2110 d.
1051 2073 1116 2110 Gr.
1136 2086 1171 2109 u.
1191 2072 1298 2109 Ram.
1321 2072 1377 2121 X,
1404 2076 1426 2114 1
1456 2086 1542 2124 pag.
1563 2072 1644 2114 528
1668 2073 1779 2121 seq.),

264 2137 445 2175 Herodoti
470 2141 686 2178 sententiam
709 2141 756 2178 de
778 2141 893 2177 tribus
925 2141 1102 2192 primariis
1132 2141 1206 2178 Nili
1234 2143 1357 2189 ostiis,
1401 2143 1499 2178 unde
1527 2141 1664 2189 reliqua
1688 2146 1780 2177 tem-

264 2218 394 2256 porum
413 2206 568 2244 decursu
587 2209 722 2246 fuerint
742 2209 900 2246 deducta
914 2237 924 2256 ,
957 2221 1037 2247 eam
1059 2209 1171 2245 x‘ideri
1185 2237 1196 2255 ,
1227 2222 1321 2258 quae
1346 2214 1381 2246 et
1408 2210 1561 2246 maxime
1583 2207 1780 2259 probabilis

267 2276 303 2309 et
331 2285 410 2309 cum
439 2273 519 2323 ipsa
544 2288 582 2313 re
610 2280 856 2314 consentanea
885 2277 941 2313 sit.
1002 2277 1121 2319 Quem
1147 2276 1305 2313 medium
1334 2276 1392 2313 ille
1421 2277 1516 2313 dicat
1539 2275 1613 2313 Nili
1634 2276 1782 2312 fluvium

266 2338 569 2388 Sebennyticum,
601 2356 682 2381 eum
701 2344 786 2381 olim
810 2345 919 2381 fuisse
935 2344 1050 2381 videri
1069 2344 1268 2394 principem
1292 2357 1333 2381 ac
1359 2344 1588 2394 primarium3
1621 2356 1663 2380 ex
1683 2356 1726 2380 eo
1746 2342 1782 2379 in

267 2410 456 2455 utramque
474 2413 616 2457 partem
641 2416 677 2449 et
694 2412 917 2449 occidentem
939 2416 975 2449 et
998 2411 1172 2447 orientem
1189 2425 1332 2459 versus,
1364 2412 1412 2448 ad
1439 2424 1538 2448 mare
1567 2411 1781 2448 discessisse

268 2473 340 2509 duo
362 2474 528 2512 brachia:
560 2478 784 2530 Canopicum
805 2486 840 2517 et
862 2479 1099 2517 Pelusiacum.
1157 2479 1241 2516 Hoc
1265 2481 1391 2528 utique
1413 2480 1528 2527 magis
1555 2478 1671 2515 videri
1692 2489 1780 2514 con-

267 2553 415 2588 gruum,
446 2555 553 2591 quam
580 2546 678 2593 quod
703 2547 930 2596 Canopicum
950 2547 1096 2583 fluvium
1117 2547 1231 2585 fuisse
1248 2548 1466 2597 primitivum
1496 2546 1596 2582 dicas
1616 2545 1782 2593 adeoque

267 2612 454 2658 parentem
482 2611 722 2660 reliquorum,
769 2618 950 2663 quotquot
979 2614 1087 2664 vulgo
1126 2615 1395 2664 perhibeantur.
1452 2613 1632 2662 Equidem
1662 2616 1782 2648 tamen

269 2688 332 2713 eos
356 2677 458 2725 sequi
483 2679 628 2726 malim,
667 2681 798 2730 quibus
828 2682 1054 2719 verisimilius
1083 2686 1119 2719 et
1153 2695 1233 2718 cum
1258 2682 1338 2732 ipsa
1364 2686 1483 2719 terrae
1514 2679 1635 2717 indole
1666 2678 1781 2727 magis

269 2748 551 2782 consentaneum
575 2747 736 2794 videtur,
776 2747 845 2785 cluo
869 2753 1009 2786 tantum
1040 2749 1206 2799 primitus
1229 2749 1337 2785 fuisse
1361 2748 1527 2795 brachia,
1557 2746 1782 2784 Pelusiacum

270 2816 306 2848 et
330 2811 577 2862 Canopicum,
613 2814 706 2852 intra
736 2829 830 2865 quae
872 2821 990 2863 terra,
1035 2817 1090 2853 cui
1121 2829 1254 2853 nomen
1281 2815 1414 2863 Delta,
1455 2815 1538 2852 olim
1570 2813 1781 2851 substiterit.
