1877 3223
658 214 876 255 CLIO.
921 216 948 254 1.

1383 219 1440 260 85

162 325 263 378 „202
301 324 379 380 μὲν
405 322 489 379 γάρ
522 322 753 377 ζάπλουτοι
791 323 1061 380 ἀνθρώπων,
1102 323 1301 382 ἀνόλβιοί
1339 329 1435 373 εἰσι·

138 404 344 455 9,,πολλοὶ
384 404 429 447 δὲ
465 403 645 459 μετρίως
687 403 853 459 ἔχοντες
889 405 1014 460 βίον,
1054 401 1255 459 εὐτυχέες
1294 402 1317 447 ὁ
1359 408 1482 460 μὲνΙὸ

159 482 248 539 »δὴ
294 482 400 539 μέγα
448 480 676 534 πλούσιος,
724 479 928 538 ἀνόλβιος
966 483 1035 536 δὲ,
1083 485 1227 527 δυοῖσι
1264 485 1436 540 προέχει

160 565 276 613 »τοῦ
315 559 512 617 εὐτυχέος
549 560 773 618 μούνοισι·

113 642 266 693 10,,καὶ
305 640 513 697 οἷνολβίου
550 645 759 685 πολλοῖσι.

823 556 952 612 οὗτος
991 562 1061 614 δὲ,
1105 566 1186 606 τοῦ
1223 565 1434 607 πλουσίου

820 639 843 684 ὁ
873 640 976 696 μὲν,
1013 641 1244 698 ἐπιθυμίην
1271 641 1434 686 ἐκτελέ-

156 732 285 772 ,,σαι,
322 720 395 763 καὶ
431 719 536 776 ἄτην
573 719 762 776 μεγάλην
797 724 1133 774 προσπεσοῦσαν
1171 720 1330 764 ἐνεῖκαι
1362 722 1433 764 δυ-

154 797 454 853 ,,νατω’τερος·
503 797 526 841 ὁ
568 798 639 849 δὲ,
689 800 848 842 τοισίδε
883 799 1053 854 προέχει
1088 798 1276 842 ἐκείνου·
1327 798 1433 855 ἄτην

151 877 266 933 »μὲν
292 877 365 921 καὶ
393 876 628 934 ἐπιθυμίην
654 876 736 921 οὐκ
763 876 921 933 ὁμοίως
951 877 1137 929 δυνατὸς
1162 878 1309 937 ἐκείνῳ
1332 879 1479 923 {vec-20

151 973 286 1009 ,,και,
329 960 465 999 ταῦτα
495 956 540 1000 δὲ
569 956 595 1013 ἡ
627 956 797 1014 εὐτυχίη
838 959 881 1001 οἱ
918 954 1142 1012 ἀπερύκει·
1181 956 1344 1013 ἄπηρος
1386 958 1432 1001 δὲ

151 1035 297 1087 ,,ἒστὶ,
345 1035 558 1089 ἄνουσος,
607 1033 776 1092 ἀπαθὴς
816 1040 985 1089 κακῶν,
1033 1034 1203 1089 εὔπαις,
1253 1033 1429 1092 εὐειδής.

162 1175 292 1214 δυοῖσι
338 1172 494 1227 προέχει
530 1176 603 1214 τοῦ
639 1170 755 1214 εὔτυ-

105 1229 191 1281 χέος
209 1226 420 1280 μούνοισι]
438 1231 577 1269 Eadem
599 1235 755 1268 structu-

103 1300 164 1333 ra,
196 1288 241 1323 de
261 1300 332 1335 qua
354 1288 401 1323 ad
426 1287 460 1333 I,
484 1289 504 1328 1
536 1288 753 1326 monuimus.

28 1355 39 1363 ‘
101 1341 267 1379 Recurrit
277 1342 383 1392 paulo
404 1346 508 1392 post:
531 1341 555 1382 ὅ
567 1341 620 1390 δὲ,
634 1343 754 1381 τοισί-

102 1398 146 1437 δε
165 1397 318 1448 προέχει
335 1398 486 1437 ἐκείνου
504 1413 539 1436 κ.
558 1414 589 1437 τ.
609 1401 660 1446 λ.,
692 1399 752 1435 ubi

101 1468 181 1493 cum
200 1455 316 1491 Sehw.
337 1458 373 1492 et
395 1455 512 1491 Gaiss.
524 1455 750 1504 reposuimus

100 1525 121 1549 τ
133 1525 152 1549 ο
162 1526 175 1549 ι
189 1522 211 1549 σ
223 1511 236 1549 ί
249 1511 271 1549 δ
284 1525 300 1549 ε
312 1540 322 1558 ,
345 1510 517 1547 librorum
537 1511 748 1548 auctoritate

101 1568 189 1603 satis
215 1567 304 1604 illud
329 1568 476 1616 quidem
504 1567 683 1603 firmatum
711 1570 747 1604 et

98 1624 290 1673 probatum
333 1623 464 1660 Matth.
509 1621 546 1673 ἓ.
583 1625 685 1670 630,
714 1636 745 1660 e.

101 1692 138 1729 p-
156 1682 263 1720 1292
293 1680 450 1729 itemque
475 1679 671 1716 Schaefero
697 1679 744 1714 ad

100 1733 284 1772 Lambert.
314 1736 400 1772 Bos.
437 1735 562 1785 Ellips.
598 1734 641 1772 L.
678 1734 743 1772 Gr.

100 1804 140 1840 p.
176 1794 256 1831 606
301 1795 336 1828 et
370 1791 538 1829 lVerfero
575 1791 612 1827 in
648 1790 742 1827 Actt.

101 1846 197 1896 phill.
216 1846 378 1883 Monacc.
394 1847 456 1897 Ip.
469 1849 521 1887 98
534 1860 624 1895 seq,
637 1859 744 1895 quem

100 1903 246 1939 omnino
276 1904 322 1939 de
339 1903 375 1940 h.
399 1902 420 1939 l.
442 1902 593 1949 consul,
613 1903 648 1938 in
674 1914 745 1950 quo

99 1972 301 2009 pronomen
331 1960 511 2006 (ταῦτα)
557 1959 605 1995 ad
640 1970 744 2005 seqq.

100 2020 265 2064 spectare
287 2019 384 2051 recte
405 2018 538 2051 monet.
555 2035 610 2041 —
639 2014 746 2056 Quae

98 2083 183 2107 vero
204 2071 261 2107 hie
281 2072 528 2120 disputantur,
556 2070 654 2105 haud
676 2068 745 2104 dif-

97 2128 229 2173 ferunt,
258 2131 402 2163 auctore
424 2126 453 2162 C
461 2139 502 2172 π,
521 2125 564 2161 ab
586 2126 640 2171 iis,
654 2137 746 2173 quae

99 2183 265 2219 uberiora
285 2196 306 2219 a
327 2182 454 2218 Proclo
475 2182 658 2230 disputata
692 2179 745 2216 le-

99 2240 217 2287 gimus
247 2239 283 2274 in
313 2237 591 2275 Commentariis
628 2248 744 2284 nuper

100 2296 204 2332 editis
245 2295 293 2331 ad
322 2294 484 2331 Platonis
521 2292 694 2339 Alcibiad.
727 2291 744 2328 I

100 2364 129 2388 c.
154 2352 207 2391 33
227 2364 262 2400 p.
283 2350 375 2391 104.
431 2350 543 2387 Redit
562 2352 679 2385 autem
698 2360 741 2385 eo

100 2408 176 2444 fere
204 2406 350 2443 Solonis
390 2406 591 2452 sententia,
629 2408 668 2440 ut
697 2404 741 2450 is,

102 2464 163 2509 qui
185 2463 284 2500 dives
304 2464 371 2509 sit,
401 2476 443 2501 eo
465 2465 669 2513 praevertat
688 2461 742 2497 fe-

102 2516 204 2554 licem
250 2519 475 2568 eundemque
532 2529 742 2567 pauperem,

103 2574 203 2621 quod
227 2573 306 2622 ipse
327 2579 359 2611 et
373 2575 589 2625 cupiditates
607 2572 743 2608 facilius

103 2628 248 2677 explere
266 2633 298 2665 et
318 2631 486 2668 damnum
500 2641 671 2677 magnum
687 2629 742 2665 in-

102 2686 228 2722 cidens
247 2686 384 2724 minore
409 2687 556 2734 negotio
584 2686 744 2734 perferre

103 2745 236 2789 queat3
264 2741 347 2778 felix
362 2755 446 2778 vero
465 2743 632 2789 idemque
654 2753 743 2790 pau-

103 2810 171 2847 per
191 2810 234 2834 eo
256 2798 443 2835 antecellat
459 2798 625 2844 divitem,
647 2797 745 2845 quod

101 2854 234 2891 damna
273 2853 576 2905 cupiditatesque,
616 2855 745 2904 quibus

824 1175 983 1213 ferendis
1034 1174 1114 1224 ipse
1160 1175 1277 1212 minus
1307 1187 1375 1225 par
1406 1180 1473 1223 est,

823 1233 969 1268 omnino
1001 1231 1146 1268 fortuna
1185 1231 1231 1268 ab
1260 1243 1303 1268 eo
1339 1236 1471 1278 arceat,

822 1287 1012 1336 ipsumque
1038 1299 1200 1324 securum
1221 1299 1263 1324 ac
1282 1290 1395 1324 tutum
1424 1288 1472 1324 al)

820 1343 888 1378 illis
915 1346 1086 1393 praestet.
1146 1343 1369 1385 Quibuscum
1401 1342 1468 1380 Cr.

818 1402 1022 1447 comparat,
1053 1410 1146 1446 quae
1157 1396 1372 1435 Aristoteles
1393 1399 1468 1434 dis-

815 1458 919 1503 putat
948 1455 984 1489 in
1016 1453 1130 1489 Ethic.
1150 1452 1360 1490 Nicomach.
1384 1453 1465 1501 VH,

818 1511 894 1555 133
934 1510 982 1547 ad
1014 1509 1095 1558 ipsa
1122 1509 1232 1546 verba
1259 1509 1346 1546 citat
1376 1509 1464 1546 Val-

814 1566 918 1603 cken.
951 1567 999 1602 ad
1027 1565 1181 1601 Theocr.
1219 1563 1397 1602 Adoniaz.
1427 1579 1461 1602 v.

814 1621 868 1662 24
890 1636 926 1672 p.
945 1623 1038 1662 317.
1070 1623 1150 1661 318
1180 1620 1269 1658 haec
1299 1625 1465 1658 statuen-

812 1682 905 1715 tem:
945 1674 1134 1727 ,,”Ολβιος
1172 1677 1357 1715 dicebatur
1387 1678 1461 1715 exi-

812 1735 903 1781 mie,
932 1747 1004 1769 non
1027 1731 1051 1772 ό
1069 1729 1250 1784 εὐτυχής,
1280 1733 1346 1771 sed
1365 1729 1462 1772 0⁰31}-

812 1790 987 1840 δαίμωνς
1014 1789 1097 1826 hinc
1123 1790 1193 1839 ipsi
1223 1790 1271 1827 dii
1292 1786 1458 1840 infimis<

811 1845 924 1882 Addit
951 1847 1047 1882 idem
1076 1846 1256 1893 insignem
1276 1845 1461 1896 Euripidis

811 1901 927 1938 locum
948 1902 985 1937 in
1003 1901 1137 1937 Medea
1156 1914 1207 1937 VS.
1229 1903 1347 1941 1228.

869 1954 1021 2006 ἄπηρος
1038 1953 1079 1994 δὲ
1102 1954 1204 2000 ἐστὶ]
1236 1953 1389 2006 ἄπηρος
1414 1957 1457 2003 (i.

813 2025 843 2049 e.
863 2013 1018 2048 membris
1042 2011 1194 2047 omnibus
1206 2012 1357 2059 integer)
1370 2012 1455 2049 dedi

812 2081 892 2105 cum
910 2071 1057 2104 recentt.
1078 2080 1144 2116 pro
1156 2067 1301 2115 wilgato
1319 2064 1383 2106 ὀίπ
1396 2083 1451 2107 ει-

813 2139 834 2175 ρ
847 2138 866 2162 o
879 2139 896 2169 ς
908 2152 918 2171 ,
947 2124 1046 2172 quod
1066 2135 1191 2159 omnes
1217 2124 1393 2173 praebent
1411 2124 1454 2160 li-

811 2180 884 2227 bri,
915 2180 1071 2228 exceptis
1093 2179 1234 2215 duobus
1258 2179 1455 2227 Vaticanis,

811 2236 871 2284 qui
894 2237 1134 2272 cfmiecturam
1145 2235 1284 2272 Heinsii
1305 2237 1454 2284 egregie

811 2293 977 2335 firmant3
1033 2293 1075 2328 cf.
1112 2290 1365 2339 Iungermann.
1404 2292 1452 2328 ad

809 2348 945 2384 Polluc.
970 2347 1025 2395 H,
1042 2350 1107 2388 61.
1146 2347 1251 2384 Unus
1275 2347 1366 2386 liber
1388 2348 1451 2385 dat

808 2401 969 2455 ἄπορος.

837 2456 1004 2510 εὐειδής]
1019 2454 1183 2511 εὐειδής,
1194 2459 1293 2509 quod
1304 2460 1450 2508 quidam

809 2517 930 2554 dixere
961 2512 1155 2566 ἀδόκιμον
1175 2512 1276 2555 εἶναι
1299 2513 1448 2565 ὄνομα,

808 2573 892 2610 hinc
924 2574 1016 2610 bene
1056 2576 1174 2609 tuetur
1218 2572 1448 2609 Grammatic.

810 2630 939 2668 Graec.
970 2629 1008 2665 in
1049 2627 1207 2665 Bekker.
1238 2626 1401 2667 Anecdd.
1432 2628 1448 2664 l

809 2699 846 2736 p.
867 2688 931 2727 92.
956 2688 1020 2726 26.
1062 2684 1125 2722 Cr.
1153 2684 1253 2721 addit
1280 2684 1447 2721 Eustath.

810 2743 859 2778 ad
873 2742 976 2778 Iliad.
997 2740 1068 2788 111,
1082 2740 1135 2781 48
1156 2739 1236 2777 coll.
1260 2740 1450 2788 adOdyss.

810 2798 881 2845 Vl,
904 2800 981 2839 187
1014 2810 1050 2846 p.
1068 2796 1160 2838 257.
1215 2795 1329 2833 Paulo
1365 2801 1450 2846 post

811 2854 858 2891 de
878 2858 1055 2891 structura
1083 2848 1334 2904 εἰτελεντήσει
1364 2865 1448 2888 con,-
