1909 3228
343 952 409 1000 95

140 1019 265 1048 Remedi
272 1027 318 1046 um
364 1019 418 1046 ad-

140 1063 244 1082 versus
263 1053 383 1082 culices.

465 206 549 246 694

878 200 1343 240 HERODOTI

465 311 519 356 τὰ
545 313 682 368 χείλεα
712 314 799 353 τῶν
829 325 872 353 τε
911 312 1121 365 ποταμῶν
1160 310 1233 352 καὶ
1271 312 1356 352 τῶν
1393 309 1578 365 λιμνέων
1609 311 1727 354 σπεί-
1740 318 1784 351 80

468 401 598 446 ρουσι
626 389 678 432 τοὶ
715 387 994 442 σιλλικύπρια
1033 392 1195 440 ταῦτα,
1246 388 1298 430 τὰ
1327 387 1564 446 ἐν”Ελλησι
1597 390 1728 435 αὐτό-

439 476 583 524 δματα
612 467 741 523 ἑέγρια
770 467 936 522 φύεται.
994 471 1130 510 ταῦτα
1160 468 1207 510 ἐν
1236 470 1288 524 τῇ
1318 466 1524 525 Αἰγύπτῳ
1556 469 1727 525 σπειρό-

440 551 602 602 4μενα,
631 545 802 599 καρπὸν
832 545 954 602 φέρει
983 546 1146 590 πολλὸν
1177 546 1276 602 μὲν,
1308 543 1506 589 δυσώδεα
1537 547 1594 589 δέ.
1624 551 1726 591 τοῦ-

467 642 546 669 τον
579 625 710 669 έπεοὶν
739 624 1043 678 συλλέξωνται,
1076 627 1119 669 οῖ
1147 625 1227 680 μὲν
1255 623 1469 676 κόψαντες
1500 623 1729 669 ἀπιποῦσι·

470 705 512 748 οἱ
543 704 588 748 δὲ
629 705 702 748 καὶ
741 701 986 760 φρύξαντες
1025 703 1261 757 ἀπέψουσι,
1317 702 1466 747 καὶτὸ
1506 701 1727 759 ἇπορῤέον
1743 712 1787 746 85

442 781 551 827 5ἀπ’
585 782 725 827 αὐτοῦ
755 785 1100 840 συγκομίζονται.
1153 785 1240 827 ἔστι
1269 783 1313 827 δὲ
1342 789 1465 837 πῖον,
1496 783 1568 826 καὶ
1601 782 1732 827 οὐδὲν

470 857 607 919 ἧσσον
635 866 716 907 τοῦ
754 863 903 906 ἐλαίου
938 866 999 920 τῷ
1039 862 1180 920 λύχνῳ
1221 862 1455 919 προσηνές·
1517 861 1656 918 ὀδμὴν
1686 861 1733 906 δὲ

470 942 637 999 βαρέαν
666 942 910 998 παρέχεται.

446 1028 587 1073 Ξνους
626 1021 800 1074 ἐόντας,
843 1020 945 1065 τάδε
983 1024 1063 1078 σφί
1102 1022 1191 1066 ἐστι
1230 1020 1570 1078 μεμηχανημένα.

969 942 1091 994 Πρός
1113 942 1158 986 δὲ
1179 942 1284 994 τοὺς
1315 941 1549 994 κώνωπας,
1582 939 1732 996 ἀφθό-

1630 1020 1734 1072 τοὺς

469 1102 549 1159 μὲν
578 1101 631 1145 τὰ
662 1100 753 1145 ἅνω
783 1104 872 1145 τῶν
901 1100 1032 1145 ἑλέων
1072 1101 1295 1152 οἰκέοντας
1337 1102 1379 1143 οἱ
1417 1098 1580 1155 πύργοι
1617 1099 1732 1156 ὠφε-

412 1274 500 1312 lant.
540 1297 595 1303 —
636 1274 765 1313 Nostri
802 1288 883 1313 eam
919 1275 1069 1312 ricinum

416 1335 547 1368 vocant
588 1344 610 1368 a
643 1332 873 1369 similitudine
912 1331 1068 1369 seminis.

419 1388 600 1437 Coquitur
619 1388 656 1424 id
675 1390 712 1425 in
732 1400 848 1437 aqua,
879 1388 1069 1424 innatans-

418 1457 490 1493 que
520 1443 636 1482 oleum
664 1444 810 1481 tollitur.
868 1443 917 1481 At
943 1445 980 1480 in
998 1442 1072 1481 Ae-

417 1505 557 1550 gypto,
587 1500 647 1537 ubi
667 1501 848 1547 abundat,
880 1501 957 1536 siue
983 1500 1071 1547 igne

420 1562 456 1593 et
473 1557 569 1605 aquit
596 1557 670 1594 sale
695 1570 882 1606 aspersum
903 1557 1072 1606 exprimi-

418 1617 497 1660 tur,
527 1612 616 1649 cibis
637 1613 803 1659 foedum,
828 1612 980 1649 lucernis
999 1612 1070 1648 uti-

418 1669 499 1706 le.“
566 1667 687 1717 Atque
731 1668 828 1718 apud
881 1668 1070 1705 Hebraeos

421 1737 570 1774 quoque
611 1726 803 1775 scriptores
843 1724 912 1761 hoc
952 1724 1072 1760 oleum

420 1783 696 1818 commemorari
735 1785 859 1817 monet
888 1779 1071 1817 Iablonsk.

419 1837 443 1874 l.
464 1837 486 1874 l.
544 1837 647 1873 Haec
674 1837 790 1873 habeo
811 1849 905 1885 quae
932 1837 969 1873 in
994 1849 1072 1873 me-

421 1894 521 1931 dium
538 1894 740 1943 proferam3
769 1905 863 1941 quae
885 1894 979 1930 enim
990 1891 1072 1928 Sal-

421 1950 556 1988 masius
578 1950 626 1985 ad
648 1949 760 1985 Solin.
783 1961 869 1999 pag.
890 1948 973 1990 704
999 1949 1074 1985 dis-

421 2006 527 2054 serit,
556 2006 613 2042 vix
632 2006 720 2042 talia
732 2009 836 2051 sunt,
849 2006 968 2053 unde,
983 2005 1074 2054 quid

425 2062 485 2100 ille
505 2061 677 2109 voluerit,
707 2065 805 2099 certo
826 2061 988 2111 colligas.

477 2115 526 2157 τοῖ
552 2117 594 2157 ἒν
619 2114 784 2169 ’Έλλησι
809 2113 1012 2168 αὐτόματα
1035 2113 1078 2155 c'x'-

422 2189 514 2229 γρια
540 2169 706 2223 φύεται]
754 2174 924 2211 Voculam
961 2171 1077 2226 ἄγρια

421 2245 489 2283 pro
518 2232 843 2281 interpretamento
871 2230 1076 2268 Valckena-

423 2289 496 2325 rius
523 2288 667 2335 habuit‚
696 2288 797 2337 quod
824 2288 903 2337 quis
930 2288 978 2324 ad
1006 2281 1075 2325 αύ-

422 2339 568 2394 τὸματα
590 2344 833 2393 adscripserit.
894 2343 1076 2390 ConfiIlL

429 2403 521 2442 100.
551 2400 659 2448 VIII,
693 2401 772 2441 138
800 2399 878 2437 coll.
905 2400 979 2447 lv,
1009 2398 1075 2440 74.

426 2457 507 2495 Nec
525 2460 647 2494 tamen
679 2456 857 2493 editorum
884 2457 1077 2505 quisquam

425 2514 648 2561 suffragatus
688 2517 753 2549 est.
812 2512 884 2549 Pro
913 2508 1079 2561 ΓΈλλησι

427 2582 519 2605 unus
548 2570 637 2607 liber
665 2567 786 2617 ἕλεσι,
824 2582 933 2617 quam
955 2568 1079 2605 lectio-

427 2638 510 2662 nem
535 2626 632 2662 haud
652 2626 897 2674 spernendam
920 2624 1004 2661 olim
1026 2624 1081 2660 iu·-

433 2682 577 2717 ‹Iicabat
590 2681 855 2730 I‘Vesselingius
866 2710 876 2728 ‚
897 2680 983 2718 illud
1003 2680 1082 2730 opi-

433 2749 500 2772 nor
527 2738 835 2786 praetermittens,
865 2737 1002 2787 opponi
1025 2736 1083 2774 hic

435 2792 500 2827 sibi
530 2794 673 2830 Graeca
698 2798 734 2830 et
762 2793 1010 2844 Aegyptiaca,
1043 2796 1083 2829 ut

435 2849 640 2897 sequentia:
670 2850 792 2887 ταῦτα
821 2848 864 2888 ἐν
891 2851 943 2902 τῇ
961 2844 1084 2901 Αἰγύ-

1138 1288 1222 1327 πτῳ
1244 1269 1484 1326 σπειρόμενα
1513 1272 1598 1310 satis
1618 1273 1789 1324 produnt.

1138 1330 1189 1367 Et
1217 1331 1475 1379 obloqueretur
1507 1343 1593 1367 sane
1621 1329 1687 1366 sibi
1711 1330 1790 1380 ipse

1139 1386 1370 1434 Herodotus,
1411 1400 1512 1432 cum,
1551 1399 1645 1435 quae
1667 1385 1791 1434 Aegy-

1139 1443 1223 1493 ptii,
1255 1444 1316 1491 qui
1337 1441 1427 1494 περὶ
1448 1439 1494 1480 τά
1513 1441 1597 1481 ἕλεα
1614 1442 1791 1489 habitant,

1138 1500 1238 1535 iuxta
1255 1500 1442 1535 fluviorum
1466 1500 1562 1548 ripas
1593 1502 1629 1535 et
1661 1502 1792 1546 stagna

1140 1561 1331 1601 sererent,
1383 1568 1427 1592 ea
1457 1553 1499 1593 ἐν
1529 1553 1630 1592 ἕλεσι
1662 1560 1791 1604 sponte

1140 1612 1239 1648 nasci
1277 1612 1424 1648 diceret.
1495 1611 1658 1660 Respicit
1696 1612 1792 1648 enim

1139 1668 1254 1717 ipsam
1274 1668 1478 1704 inferiorern
1499 1667 1724 1716 Aegyptum,
1758 1672 1794 1705 et

1141 1736 1204 1760 eas
1232 1724 1376 1772 quidem
1408 1727 1554 1772 parteS,
1592 1736 1686 1771 quae
1718 1728 1795 1760 sta-

1141 1779 1222 1828 gnis
1241 1792 1282 1816 ac
1313 1779 1506 1830 paludibus
1544 1780 1795 1827 abundabant,

1140 1848 1208 1872 nec
1239 1836 1328 1872 alios
1373 1836 1430 1872 hic
1464 1835 1632 1884 intelligit
1677 1851 1795 1875 ποτα-

1141 1887 1241 1943 μούς
1270 1892 1340 1928 nisi
1373 1891 1448 1928 ΝΗ
1481 1892 1609 1928 fluvios
1635 1892 1797 1930 canales-

1141 1961 1212 1997 que
1235 1948 1323 1986 inde
1351 1948 1552 1996 deductos,
1595 1952 1636 1985 ut
1663 1949 1716 1996 11,
1741 1950 1795 1990 93

1141 2005 1219 2042 init.

1201 2057 1348 2112 οἱμὲν
1385 2055 1641 2109 κόψαντες
1681 2056 1796 2099 οἷπι-

1143 2119 1296 2156 ποῦσι
1327 2131 1364 2154 κ.
1389 2131 1420 2154 τ.
1443 2115 1492 2166 λ.]
1535 2117 1638 2154 Haec
1655 2117 1796 2154 Salma-

1145 2174 1218 2211 sius
1242 2173 1278 2209 in
1308 2172 1424 2209 Solin.
1448 2186 1484 2222 p.
1505 2174 1586 2213 686
1618 2179 1715 2211 recte
1744 2175 1795 2211 sic

1143 2229 1321 2267 reddidit:
1360 2229 1461 2275 „alii
1481 2232 1659 2266 contusum
1680 2233 1797 2280 expri-

1143 2289 1260 2333 munt,
1292 2284 1360 2321 aliz·
1385 2285 1539 2335 frictum
1558 2288 1795 2336 excoquunt.“

1143 2342 1241 2380 Nam
1278 2336 1459 2380 α’πιποῦν
1513 2347 1569 2379 est
1612 2346 1797 2392 exprimere

1166 2410 1303 2447 granea
1323 2398 1395 2435 scil.
1419 2402 1457 2435 ut
1473 2400 1627 2448 prodeat
1647 2399 1797 2447 oleum),

1144 2452 1361 2501 ἔκπιέζειν,
1400 2459 1439 2490 ut
1473 2459 1576 2492 vetus
1605 2456 1799 2493 scholiasta

1146 2511 1296 2561 quidam
1333 2511 1496 2561 explicat.
1555 2512 1664 2549 Conf.
1691 2513 1799 2550 Wes-

1147 2568 1275 2616 seling.
1294 2567 1341 2603 ad
1360 2568 1394 2604 h.
1415 2567 1438 2603 l.

1206 2624 1528 2674 συγκομίζονται]
1569 2623 1593 2660 i.
1626 2637 1658 2662 e.
1699 2623 1798 2660 colli-

1147 2683 1238 2728 gunt
1256 2680 1323 2717 sibi
1340 2682 1376 2717 in
1398 2693 1497 2717 usum
1517 2679 1683 2730 futurum
1711 2680 1802 2717 illud

1146 2740 1353 2786 reponentes.
1384 2737 1457 2773 Ubi
1471 2742 1560 2773 nota
1574 2737 1684 2774 medii
1700 2737 1801 2774 verbi

1149 2805 1253 2829 nsum
1280 2806 1322 2830 ac
1342 2793 1424 2830 vim.
1453 2815 1509 2820 -—
1532 2789 1728 2844 προσηνὲς
1744 2796 1801 2830 est

1150 2848 1359 2887 commodum
1374 2878 1384 2897 ,
1414 2848 1581 2886 idoneum.

1907 689 1909 697 n
1905 377 1909 646 „ss———u
1906 332 1909 363 -
1901 0 1909 321 ,ψη-
