1877 3223
669 221 886 260 CLIO.
944 222 969 259 Ι.
1370 223 1450 263 171

170 332 440 388 3κατύπερθε
478 337 539 390 τῷ
578 331 748 388 πολέμῳ
796 331 1038 388 Τεγεητέων
1075 330 1284 385 γενοίατο.
1342 330 1369 386 ἡ
1402 332 1448 374 δὲ

198 415 347 470 Πυθίη
380 424 458 470 σφι
491 413 664 470 ἔχρησε,
702 411 755 454 τὰ
790 409 992 465 Ὀρέστεω
1024 413 1105 453 τοῦ
1139 408 1453 465 Ἀγαμέμνονος

196 492 321 538 ὀστέα
351 492 712 548 ἐπαγαγομένους.
772 487 829 540 ὥς
859 490 904 532 δὲ
933 488 1133 544 ἀνευρεῖν
1174 486 1257 531 οὐκ
1286 484 1375 531 οἷοί
1405 503 1451 531 τε
1465 495 1508 528 70

199 573 390 628 ἐγινέατο
430 571 508 627 την
545 571 689 626 θήκην
718 573 799 613 τοῦ
834 568 1065 624 Ὀρέστεω,
1111 568 1302 623 ἔπεμπον
1332 561 1454 617 αὖτις

198 651 276 706 τὴν
305 651 346 702 ἐς
375 650 480 694 θεὸν
508 649 866 705 ἐπειρησομένους
894 647 970 691 τὸν
1005 651 1147 704 χῶρον
1177 647 1224 690 έν
1253 649 1313 703 τῷ
1344 644 1454 689 κέοι-

172 734 252 773 4το
293 729 316 773 ὁ
355 728 565 784 Ὀρέστης.
626 731 832 783 εἰρωτῶσι
871 729 915 772 δὲ
952 731 1088 771 ταῦτα
1128 732 1239 770 τοῖσι
1267 724 1451 779 θεοπρό·

198 821 317 852 ποισι
346 809 455 864 λέγει
491 805 518 863 ἡ
550 809 699 862 Πυθίη
728 807 849 850 τάδε·

270 884 373 922 ’Ἐστι
401 900 455 928 τις
479 885 661 932 Ἀρκαδίης
691 885 803 931 Τεγέη
824 888 938 933 λευρῷ
965 885 1019 921 ε’νὶ
1041 885 1157 931 χώρῳ,

279 942 359 979 ἕνθ’
390 943 517 990 ἄνεμοι
541 946 706 981 πνείουσι
731 945 800 980 δύο
835 946 1010 988 κρατερῆς
1035 939 1095 979 ὑπ’
1122 941 1292 987 ἀνάγκης,
1468 942 1512 976 75

276 1002 335 1036 καὶ
358 1001 474 1044 τύπος
496 1001 715 1044 ἀντίτυπος,
752 1002 813 1037 καὶ
839 1000 924 1047 πῆμ’
955 1001 1013 1037 ἐπὶ
1037 1000 1177 1047 πήματι
1203 1004 1330 1036 κεῖται.

143 1174 238 1224 phill.
263 1175 425 1214 Monacc.
442 1177 564 1227 Ipag.
584 1178 664 1219 255
685 1178 791 1215 scribi

143 1231 215 1267 κυΙῖ
236 1229 410 1282 γειοίατ’
443 1230 513 1272 α’ν.
556 1235 639 1277 Qua
668 1239 791 1271 tamen

141 1288 314 1336 particula
333 1289 459 1326 iterata
482 1303 600 1339 neque
621 1291 655 1326 hi
660 1304 697 1336 c,
728 1304 791 1327 ne-

142 1356 213 1391 que
240 1344 333 1380 insm
364 1345 409 1392 ἶ,
437 1349 513 1393 92,
546 1349 569 1386 6
604 1347 693 1393 (ubi
724 1359 791 1395 pio

141 1394 325 1438 καλλιστα
381 1403 554 1452 proponit
617 1396 793 1440 κάλλιστ’

143 1451 232 1504 ἄν)
268 1456 373 1493 nobis
407 1471 499 1507 opus
527 1471 608 1495 esse
639 1458 790 1495 videtui.

143 1533 197 1539 —
235 1511 295 1548 Ad
352 1514 503 1550 formam
561 1510 792 1565 ἱλασάμενοι

142 1569 234 1605 conf.
259 1568 388 1606 Matth.
416 1569 451 1621 ᾗ.
479 1571 560 1612 238
583 1584 668 1621 pag.
697 1570 790 1611 465.

199 1621 312 1664 ὀστέα
342 1624 679 1680 ἐπαγαγομένους]
718 1627 792 1664 scil.

145 1681 451 1734 κατυπερτέρους
474 1682 671 1735 γενέσθαι.
718 1683 792 1721 Ubi

146 1738 366 1774 accusativus
386 1752 459 1777 non
480 1741 646 1788 offendit,
666 1752 793 1789 quain-

145 1794 196 1829 vis
241 1796 435 1843 praecedat
489 1797 632 1832 dativus
684 1808 791 1845 σφιν.

146 1850 254 1885 Conf.
281 1855 354 1887 not.
384 1852 432 1887 ad
462 1851 498 1899 Ι,
531 1854 569 1892 3.
599 1873 654 1880 ——
680 1847 792 1902 θήκη

146 1905 295 1942 loculum
320 1907 463 1944 indicat.
501 1908 584 1945 Vid.
625 1912 717 1945 nott.
746 1908 794 1945 ad

145 1962 197 2010 ΙΙ,
227 1964 291 2002 67.

202 2017 376 2068 ἔπεμπον
398 2012 510 2066 αὖτις
526 2016 599 2070 τήν
621 2018 660 2065 ἐς
678 2015 795 2068 θεὸν]

147 2071 240 2124 τήν
267 2073 306 2120 ἐς
322 2072 422 2114 θεόν
437 2077 564 2113 merito
585 2080 796 2112 revocarunt

148 2131 307 2167 Gronov.
369 2136 404 2168 et
467 2132 795 2179 Schweighaeuser.

147 2187 244 2224 Nam
281 2186 464 2225 deleverat
500 2188 685 2224 articulum
722 2184 795 2236 τήν

148 2243 423 2291 Vsesselingius.
462 2242 594 2281 Aldina
620 2242 665 2290 ἐς
710 2240 794 2283 τὸν

148 2296 267 2348 θεὸν;
314 2313 516 2350 perperam.
563 2299 623 2337 Tu
659 2299 730 2336 vid.
764 2299 794 2346 Ι,

153 2358 230 2397 109
260 2356 347 2405 ibiq.
376 2360 451 2394 not.
488 2355 672 2393 Lambcrt.
706 2356 795 2392 Bos.

152 2413 198 2449 de
221 2411 367 2462 Ellipss.
394 2412 438 2450 L.
463 2413 527 2449 Gr.
556 2426 592 2462 p.
612 2413 692 2452 331
716 2425 793 2461 seq.

153 2469 233 2509 335
270 2472 307 2505 et
339 2469 499 2518 inprimis
536 2482 630 2518 quae
654 2469 702 2504 ad
741 2481 796 2506 re-

153 2527 294 2572 ceptam
344 2523 530 2562 lectionem
585 2525 797 2561 firmandam

154 2578 304 2616 contulit
330 2579 480 2618 W‘erfer.
514 2580 535 2617 l.
567 2580 590 2617 l.
623 2593 708 2629 pag.
730 2583 797 2621 75.

155 2633 335 2684 Supplent
355 2638 474 2673 autem
488 2636 597 2684 vulgo
621 2633 724 2675 ὁδόν.
744 2658 799 2663 --

155 2690 251 2727 Ante
295 2685 474 2742 Ὀρέστης
520 2693 665 2741 quidam
723 2692 800 2729 libri

157 2746 324 2783 omittunt
342 2747 525 2784 articulum
543 2746 578 2787 ὁ.
608 2746 716 2786 Male.

213 2805 376 2856 λευρῷ
409 2801 468 2842 ἐνὶ
493 2799 632 2856 χώρῳ]
663 2804 800 2842 Eadem

158 2859 287 2896 locutio
319 2860 355 2896 in
382 2860 533 2899 Homeri
561 2860 696 2910 Odyss.
723 2861 802 2910 VH,

864 1180 963 1224 121,
987 1176 1047 1212 ubi
1074 1176 1202 1241 λευρῷ
1232 1175 1513 1224 interpretantur

860 1235 972 1286 λείι),
1014 1230 1147 1282 ὁααλω
1182 1247 1207 1281 η
1244 1233 1384 1269 πλατεῖ
1423 1231 1446 1266 i.
1481 1243 1510 1266 e.

859 1292 1080 1339 impotente,
1113 1301 1222 1336 aequo
1241 1300 1370 1336 campo,
1392 1287 1515 1336 Ipsum

861 1345 1043 1382 oraculum
1061 1344 1218 1380 afferunt
1230 1342 1375 1379 Aristid.
1391 1342 1512 1378 Schol.

860 1414 946 1451 pag.
976 1402 1057 1440 213
1088 1412 1164 1447 seq.
1185 1399 1240 1435 ed.
1263 1398 1454 1435 Frommel.
1479 1401 1516 1434 et

860 1457 1013 1494 Diodor.
1054 1456 1090 1491 in
1136 1455 1324 1504 Excerptt.
1373 1452 1410 1504 ἓ
1459 1455 1514 1494 32

861 1512 928 1561 (Τ.
955 1512 988 1548 ll
1024 1525 1060 1561 p.
1087 1512 1140 1551 28
1176 1524 1258 1550 nov.
1291 1510 1371 1547 coll.
1392 1509 1515 1557 Mai),

860 1570 920 1606 ubi
940 1573 1062 1605 tamen
1084 1568 1120 1603 in
1146 1567 1262 1616 primo
1291 1580 1398 1604 versu
1428 1566 1515 1602 seri-

858 1630 961 1676 ptum
984 1625 1115 1672 iegitur
1146 1621 1307 1675 Τεγέης,
1335 1624 1371 1660 in
1401 1622 1514 1659 altero

861 1678 919 1720 δυ’
934 1697 976 1719 ω.
1007 1681 1056 1717 Et
1081 1681 1174 1716 conf.
1205 1685 1393 1730 praeterea
1419 1679 1515 1715 Pau-

860 1752 936 1774 san.
957 1738 1030 1785 ΠΙ,
1061 1738 1086 1777 3
1119 1735 1155 1786 ξ.
1180 1737 1205 1777 5
1243 1736 1514 1787 Stephan.By-

861 1799 957 1831 zant.
982 1808 1010 1830 5.
1033 1807 1066 1830 v.
1095 1790 1214 1844 Τεγέα

919 1848 986 1887 καὶ
1019 1844 1144 1917 τύπος
1186 1843 1418 1893 ἀντίτυπος,
1448 1845 1516 1885 καὶ

863 1901 961 1956 πῆμ’
990 1903 1054 1943 ε’πι
1087 1900 1239 1953 πήματι
1273 1901 1411 1952 κεῖται]
1442 1903 1516 1938 Ex-

863 1962 967 2012 ponit
981 1960 1118 1997 Noster
1136 1960 1216 2009 ipse
1229 1960 1406 2008 (itemque
1422 1958 1515 1994 Pau-

865 2019 987 2055 sanias
1003 2016 1024 2052 l.
1043 2016 1085 2064 l.)
1108 2016 1136 2063 I,
1158 2018 1210 2056 68
1223 2016 1413 2052 obscurum
1433 2027 1515 2051 ora-

865 2074 933 2111 culi
963 2074 1110 2117 dictum3
1152 2069 1218 2110 τὸν
1256 2068 1410 2121 ἄκμονα
1447 2069 1515 2109 καὶ

863 2145 936 2180 την
965 2141 1124 2180 σφυραν
1155 2127 1331 2176 (incudem
1361 2132 1397 2165 et
1427 2127 1515 2164 mal-

864 2186 981 2253 leym)
1012 2198 1093 2222 esse
1122 2185 1172 2221 ait
1201 2180 1270 2223 τόν
1299 2198 1427 2222 τυπον
1448 2181 1515 2222 καὶ

863 2240 929 2282 τὸν
957 2237 1190 2290 ἀντίτυπον,
1230 2241 1329 2289 quod
1365 2239 1515 2277 malleus

863 2299 1028 2336 incudem
1057 2298 1161 2334 feriat
1188 2301 1224 2334 et
1244 2298 1344 2333 incus
1360 2297 1515 2333 vicissim

864 2355 1028 2392 malleum
1058 2354 1112 2401 (s,
1140 2352 1256 2390 mallei
1286 2352 1424 2401 ictum)
1458 2366 1516 2390 re-

863 2411 994 2463 pellat3
1024 2411 1145 2459 itaque
1162 2404 1260 2460 πῆμ’
1279 2408 1342 2447 ἐπὶ
1365 2404 1514 2458 πήματι

863 2471 988 2507 κεῖται
1017 2467 1062 2503 de
1088 2465 1208 2516 ferro,
1257 2466 1358 2514 quod
1383 2465 1514 2502 malleo

864 2537 974 2574 super
1020 2523 1150 2559 incude
1192 2522 1362 2558 tunditur.
1455 2521 1516 2557 Ad

867 2576 1077 2624 ἀντίτυπος
1095 2578 1198 2628 plura
1217 2578 1419 2616 Creuzerus
1448 2577 1471 2616 l.
1491 2577 1514 2614 l.

867 2635 1055 2680 excitavit3
1100 2639 1138 2671 tu
1167 2634 1250 2671 vide
1287 2634 1514 2684 potissimum

867 2692 1060 2732 Ruhnken.
1087 2691 1134 2727 ad
1154 2690 1295 2727 Timaei
1321 2689 1411 2728 Lex.
1430 2690 1513 2726 Pla-

868 2755 941 2786 ton.
972 2760 1056 2798 pag.
1089 2746 1179 2787 157.
1209 2745 1317 2796 Apud
1343 2745 1511 2796 Sophocl.

869 2804 1055 2843 Philoctet.
1093 2805 1185 2844 690.
1233 2802 1340 2843 1438
1378 2801 1514 2839 inveni-

871 2875 949 2901 mus
1010 2854 1146 2900 στόνον
1202 2855 1512 2906 ιῖντίτυπον,·
