1909 3228
571 158 991 196 EUTERPE.
1046 158 1089 195 ll.

69 268 169 316 154
192 267 301 311 κατά
331 266 409 323 τήν
447 265 659 322 Ἑλλήνων
697 266 897 322 γλῶσσάν
933 266 1022 310 ἐστι
1047 266 1259 322 ’Έπαφος.

1366 160 1449 200 839

1324 270 1446 310 Τοῖσι
1459 273 1501 307 45

190 347 234 390 δὲ
268 347 389 390 Ἴωσι
426 347 498 389 καὶ
548 351 659 388 τοῖσι
718 346 1212 401 συγκατεργασαμένοισι
1260 344 1379 402 αὐτῷ
1422 345 1446 389 ὁ

1508 275 1616 308 Agrum
1637 276 1685 302 dut
1702 276 1779 302 luni-

1504 307 1557 333 bus
1584 314 1613 334 et
1643 310 1779 343 caribus,

1505 349 1577 373 quus
1597 343 1710 368 Amasis
1730 352 1779 375 po-

1505 379 1570 399 stca
1630 376 1779 403 werinum

1505 407 1667 441 traductos,
1682 384 1718 436 iul
1748 419 1764 436 u

195 428 464 481 Ψαμμίτιχος
502 427 651 468 δίδωσι
690 425 859 480 χώρους
897 426 1118 480 ἐνοικῆσαι
1157 423 1332 476 ἀντίους
1370 423 1446 467 cist·
1502 426 1780 500 f,“}‘¹⁵²²1'¹¹⁰‘³‘¹'⁰·‘³3

1525 482 1591 500 ³21ss
1610 484 1615 500 :
1635 484 1719 510 origo
1734 485 1779 502 ΙῙΙ-

188 505 355 560 λήλων,
387 508 465 547 τοῦ
497 508 661 547 Νείλου
690 504 738 547 τό
771 504 902 559 μέσον
934 504 1126 558 ἔχοντος·
1166 508 1278 546 τοῖσι
1312 503 1443 547 οὐνό-

153 591 298 640 Ξματα
337 583 458 638 ἐτέθη
490 584 787 636 Στρατόπεδα.

845 582 1030 633 τούτους
1066 599 1110 625 τε
1149 582 1200 638 δή
1233 594 1311 637 σφι
1340 583 1443 633 τοὺς

185 660 355 718 χώρους
392 663 564 713 δίδωσι,
596 662 669 705 καὶ
698 661 833 704 τᾶλλα
863 661 916 704 τοὶ
945 660 1152 717 ὑπέσχετο
1173 661 1316 704 πάντα
1341 660 1445 705 ἆπὲ-
1458 670 1503 704 50

186 743 318 784 amne·
366 741 439 783 καὶ
469 741 521 796 δὴ
552 741 625 783 καὶ
655 743 813 792 παῖδας
850 741 1065 796 παρέβαλε
1105 739 1277 783 αὐτοῖσι
1308 743 1446 794 Αἰγυ-

156 822 364 871 3πτίους,
400 819 480 876 τὴν
504 818 688 863 Ἑλλάδα
717 825 919 875 γλῶσσαν
949 819 1294 863 ἐκδιδάσκεσθαι.

1356 818 1441 863 οἷπό

185 899 230 942 δὲ
259 897 427 941 τούτων
466 898 748 953 ἐκμαθόντων
788 899 867 956 τὴν
895 903 1097 955 γλῶσσαν
1128 900 1171 942 οἱ
1199 902 1282 942 νῦν
1313 899 1443 954 ἑρμη-

154 978 277 1028 4νέες
308 978 354 1021 ἐν
383 976 590 1035 Αἰγύπτῳ
619 977 834 1035 γεγόνασι.

127 1208 270 1244 modam
291 1208 414 1244 sedem
443 1206 601 1244 habeant
628 1206 699 1253 Ill,
723 1210 776 1248 27

127 1270 163 1301 et
185 1266 250 1304 28.
312 1264 350 1300 ln
371 1269 584 1311 argumento
606 1264 671 1301 loci
692 1277 777 1300 con-

124 1320 223 1357 venit
241 1320 378 1356 Aelian.
400 1319 433 1355 h.
458 1332 490 1355 a.
510 1320 574 1365 XI,
600 1323 663 1360 10.
696 1321 778 1356 ΙΧο-

125 1381 199 1413 ster
226 1381 330 1412 vocat
357 1375 545 1424 Epaphum
574 1376 626 1421 ΙΙ,
647 1377 700 1415 38
727 1376 775 1411 in.

126 1436 162 1469 et
184 1431 257 1477 ΙΙΙ,
281 1433 355 1477 283
398 1444 515 1479 eoque
544 1433 690 1468 nomine
715 1433 775 1479 gz'-

122 1491 262 1536 gantem
285 1515 296 1533 ,
345 1486 587 1535 magnitudine
627 1489 776 1536 corporis

122 1544 215 1581 alios
243 1543 343 1591 longe
371 1547 585 1592 superantem
624 1543 774 1579 indicari

122 1605 229 1651 putat
256 1599 438 1637 lablonsk.
469 1614 566 1637 voce.
598 1599 773 1649 Aegyptt.

122 1670 159 1707 p.
182 1656 247 1697 65.
306 1655 394 1693 Aliis
417 1657 557 1693 videtur
583 1669 663 1693 esse
694 1660 773 1691 tau-

123 1726 182 1749 rus
202 1727 230 1749 s.
244 1713 301 1748 bos
317 1716 431 1761 pater,
454 1718 514 1748 aut
535 1716 658 1748 taurus
672 1724 776 1761 prae-

124 1771 256 1818 cipuus.
316 1768 398 1804 Yid.
420 1768 591 1804 Creuzer.
614 1767 776 1815 Smeol.

123 1826 136 1861 l
156 1839 190 1874 p.
210 1828 316 1871 272,
338 1825 398 1873 qui
421 1824 453 1859 h.
474 1824 495 1860 l.
514 1825 615 1860 addit
637 1824 778 1871 l'ayue-

122 1881 264 1929 Knight
301 1893 348 1916 on
376 1880 582 1929 symbolical
605 1880 776 1928 languag.

123 1935 160 1987 §.
184 1939 236 1978 28
268 1949 354 1986 pag.
379 1940 444 1978 20.
502 1937 611 1973 Plura
638 1936 709 1973 vid,
729 1937 777 1973 ad

108 1993 191 2048 ΙΙΙ,
216 1994 282 2034 28.

318 2097 428 2149 cap.
458 2098 587 2136 CLiv.

177 2177 442 2234 Στρατόπεδα]
483 2183 590 2220 Conf.
616 2183 671 2230 ΙΙ,
694 2185 774 2224 112

122 2240 208 2289 ibiq.
231 2244 322 2276 nott.
351 2239 505 2276 Diodor.
525 2239 634 2276 Sicul.
659 2240 685 2286 Ι,
709 2242 774 2279 67.

120 2317 177 2324 —
216 2295 275 2332 Ad
304 2296 453 2332 verbum
481 2296 638 2333 medium
672 2295 774 2334 ἐκδι-

122 2347 343 2391 δάσκεσθαι
369 2352 620 2398 (unterrcclzten
642 2353 772 2400 lassen)

122 2412 306 2459 spectant,
336 2420 429 2456 quae
456 2407 635 2446 Matthiae
670 2414 773 2445 notat

123 2465 187 2501 Gr.
214 2465 278 2500 Gr.
311 2476 396 2514 pag.
418 2464 498 2504 925
533 2470 607 2501 not.
630 2466 664 2501 b.
705 2465 768 2501 Cr.

122 2522 170 2558 ad
204 2520 294 2557 haec
320 2521 430 2556 verba
469 2518 573 2570 (τήν
603 2517 769 2558 Ἑλλάδα

123 2578 303 2629 γλῶσσαν
326 2571 648 2625 ἐκδιδάσκεσθαι)
686 2590 773 2613 cou-

123 2633 207 2670 ferri
227 2631 300 2668 vult
327 2632 616 2669 winckelmann.
643 2647 727 2683 opp.
756 2633 770 2669 l

122 2702 205 2739 pag.
230 2690 307 2728 122
327 2700 402 2737 seq.
434 2688 491 2725 ed.
517 2689 713 2726 Dresdens.
735 2693 771 2726 et

125 2743 376 2794 wyttenbach.
409 2744 456 2779 ad
473 2743 649 2782 Plutarch.
679 2757 769 2782 mor.

122 2801 177 2849 ΙΙ,
201 2803 221 2841 1
252 2814 287 2851 p-
309 2801 386 2841 161
406 2812 484 2848 seq.

897 980 941 1022 οἷ
974 978 1020 1022 δὲ
1052 976 1197 1029 Ἴωνές
1226 994 1269 1022 τε
1299 978 1372 1021 καὶ
1403 980 1445 1021 οἱ

904 1207 944 1247 οἵ
961 1210 1037 1246 νῦν
1050 1206 1234 1259 ἑρμηνέες
1253 1206 1296 1247 ἕν
1308 1204 1498 1262 Αἰγύπτῳ

845 1261 1038 1318 γεγόνασι]
1062 1265 1295 1314 Interpretum
1318 1278 1407 1313 gens
1421 1279 1498 1303 me-

845 1327 1005 1358 moratur
1019 1322 1112 1357 infra
1133 1321 1283 1368 11‚164.
1303 1321 1358 1357 Ad
1380 1323 1498 1370 ipsam

845 1390 921 1414 rem
953 1378 1089 1413 faciunt
1108 1406 1118 1424 ,
1171 1390 1264 1425 quae
1294 1377 1497 1414 Heerenius

843 1433 956 1470 Ideen
984 1433 1040 1479 ΙΙ,
1064 1436 1090 1474 2
1118 1447 1154 1483 p.
1179 1434 1258 1473 145
1286 1434 1498 1482 disputavit,

847 1489 940 1526 bene
971 1489 1173 1525 admonens
1196 1490 1242 1525 de
1261 1490 1368 1535 odio,
1400 1491 1498 1538 quod

844 1546 1040 1594 indigenae
1068 1544 1243 1594 Aegyptii
1268 1546 1303 1581 in
1332 1546 1500 1595 peregri-

843 1615 910 1638 nos
942 1602 1030 1638 istos
1066 1606 1327 1650 conceperant,
1368 1603 1497 1650 quibus

843 1658 891 1694 ad
925 1671 1079 1706 regnum
1129 1658 1366 1694 obtinendum
1412 1671 1496 1694 usus

844 1718 922 1750 erat
949 1726 1031 1759 rex,
1063 1726 1228 1761 quosque
1255 1713 1424 1762 praemiis
1453 1727 1496 1750 ac

843 1770 1030 1806 beneficiis
1049 1770 1133 1806 inde
1156 1769 1340 1806 affecerat.
1371 1769 1497 1812 Quare

844 1826 906 1875 qui
928 1824 1099 1875 Aegyptii
1118 1826 1221 1875 pueri
1242 1825 1308 1862 illis
1332 1826 1496 1875 peregri-

845 1882 899 1918 nis
927 1882 1137 1918 instituendi
1161 1882 1419 1927 tradebantur,
1449 1882 1494 1918 iis

845 1937 990 1975 minime
1018 1937 1114 1974 licuit
1144 1943 1229 1987 post
1258 1938 1306 1974 ad
1337 1938 1494 1986 reliquos

844 1994 1048 2043 Aegyptios
1068 1994 1207 2040 redire,
1239 2007 1261 2030 a
1285 1994 1414 2043 quibus
1433 2007 1496 2031 ex-

844 2050 930 2087 clusi
959 2049 1092 2086 uullam
1121 2050 1158 2085 in
1191 2051 1322 2086 tribum
1351 2050 1496 2097 (Kaste

843 2106 952 2155 vulgo
986 2106 1201 2156 appellant)
1240 2106 1494 2156 reciperentur.

845 2161 955 2200 Unde
977 2162 1062 2199 nihil
1090 2163 1218 2211 reliqui
1247 2163 1335 2209 fuit,
1364 2163 1431 2198 nisi
1454 2167 1494 2199 ut

844 2231 939 2255 nova
963 2232 1006 2256 ex
1034 2219 1100 2255 illis
1117 2219 1229 2255 tribus
1257 2220 1492 2256 constituere-

843 2280 924 2322 tur,
955 2276 1216 2325 interpretum,
1247 2276 1307 2323 qui
1337 2288 1380 2311 eo
1399 2279 1492 2311 tem-

841 2345 960 2382 pore,
1005 2345 1078 2380 quo
1117 2332 1266 2368 Graecis
1304 2331 1421 2367 aditus
1453 2332 1490 2366 in

840 2387 1047 2437 Aegyptum
1063 2387 1352 2437 permittebatur,
1362 2400 1490 2424 neces-

838 2445 922 2480 sarii
956 2444 1114 2492 indeque
1143 2444 1249 2480 etiarn
1283 2444 1489 2491 frequentes

839 2501 951 2537 fuere.
1008 2499 1141 2548 Neque
1167 2500 1260 2536 enim
1280 2498 1489 2535 incredibile

842 2561 917 2602 est,
957 2554 1152 2604 plerosque
1193 2556 1406 2605 interpretes
1453 2559 1489 2592 et

840 2612 938 2661 ipsos
958 2615 1175 2648 mercatores
1195 2612 1306 2648 fuisse
1328 2616 1365 2648 et
1391 2624 1489 2647 com-

840 2667 1009 2704 mercium
1041 2680 1118 2704 cum
1155 2667 1356 2718 peregrinis
1387 2680 1489 2704 exer-

837 2735 964 2761 cuisse.

1501 545 1626 580 gymvz,

1500 579 1585 608 gypt!
1618 583 1675 601 iam
1711 584 1777 604 cer-

1501 607 1559 635 tius
1577 609 1727 642 cognitae.

1501 510 1666 541 terpretum
1681 512 1707 536 iu
1723 512 1778 537 Ae-

1647 550 1693 568 ren
1723 544 1777 569 Ae-
