1909 3228
569 173 991 214 EUTERPE.
1047 175 1094 213 ΙΙ.

1368 176 1451 215 809

188 283 297 329 θεόν
324 285 585 338 θαρσύνειν,
639 282 698 336 ὦς
738 283 871 328 οὐδὲν
909 285 1098 328 πείσεται
1135 282 1263 338 ἄχαρι
1301 281 1449 324 ‹imoi-

190 367 273 417 ζων
301 364 377 406 τὸν
403 363 612 420 Ἀραβίων
639 362 845 418 στρατόν·

895 361 1028 414 αὐτὸς
1065 360 1147 418 γάρ
1187 363 1229 406 οἱ
1269 361 1506 417 πέμψεινθέ)

160 442 417 498 4τιμωρούς.
449 443 642 487 τούτοισι
673 442 725 498 δή
757 459 831 498 μιν
851 444 1038 485 πίσυνον
1060 446 1172 485 τοῖσι
1193 441 1450 492 ἐνυπνίοισι,

188 521 501 577 παραλαβόντα
532 523 782 577 Αἰγυπτίων
811 520 913 572 τοὺς
952 520 1248 576 βουλομένους
1279 522 1322 563 οἱ
1351 520 1447 564 ἕπε-

190 606 322 654 σθαι,
353 600 808 653 στρατοπεδεύσασθαι
840 600 887 643 ἐν
919 602 1172 657 Πηλουσίῳ·
1203 598 1338 655 ταύτῃ
1366 599 1449 654 γάρ

190 682 270 724 εἶσι
309 682 354 723 αἱ
390 679 586 734 ἐσβολαί·

632 679 812 722 ἕπεσθαι
853 679 898 722 δέ
938 681 981 722 οῖ
1018 684 1106 722 τῶν
1144 681 1342 735 μαχίμων
1372 680 1450 734 μὲν

189 757 349 802 οὐδένα
390 757 586 812 ἀνδρῶν,
642 758 864 814 καπήλους
901 758 971 810 δὲ,
1031 759 1103 801 καὶ
1142 757 1449 813 χειρώνακτας,

159 846 180 879 5
190 838 263 881 καὶ
300 835 538 892 οἷγοραίους
567 835 845 892 ἀνθρώπους.

906 838 1099 880 ἐνθαῦτα
1137 836 1440 892 ἀπικομένους,
1458 845 1472 876 1

185 920 298 959 τοῖσι
339 915 571 959 ἐναντίοισι
613 915 785 960 αὐτοῖσι
832 916 1115 972 ἐπιχυθέντας
1159 917 1318 967 νυκτός
1364 921 1451 972 μῦς

186 993 478 1050 ἀρουραίους,
528 995 637 1038 κατὰ
678 996 757 1051 μὲν
798 996 975 1052 φαγέειν
1010 995 1114 1046 τούς
1144 1000 1449 1052 φαρετρεῶνας

186 1073 357 1126 αὐτῶν,
397 1074 506 1118 κατὰ
543 1075 588 1118 δὲ
618 1074 670 1118 τὰ
699 1074 820 1126 τόξα·

871 1073 982 1129 πρὸς
1017 1075 1086 1126 δὲ,
1126 1078 1213 1118 τῶν
1251 1072 1448 1118 ἀσπίδων

184 1152 236 1195 τὰ
281 1153 438 1208 ὄχανα,
498 1153 606 1197 ὥστε
654 1158 707 1210 τῇ
746 1151 950 1210 ὑστεραίῃ
992 1151 1246 1209 φευγόντων
1286 1155 1447 1209 σφέων,

156 1239 368 1288 δγυμνιόν
400 1233 569 1287 ὅπλων,
601 1234 767 1277 πεσέειν
796 1232 999 1284 πολλούς.
1046 1233 1120 1276 καὶ
1148 1237 1232 1277 νῦν
1260 1228 1390 1286 οὗτος
1420 1232 1475 1277 65

180 1412 372 1464 αντιαζων
385 1416 453 1457 τόν
463 1414 658 1469 Ἀραβίων
670 1431 780 1467 στρα-

126 1468 216 1522 τόν]
260 1476 366 1511 Conf.
403 1475 581 1512 Matthiae
609 1476 673 1512 Gr.
714 1476 780 1512 Gr.

126 1527 163 1580 §
182 1531 285 1577 383,
304 1534 341 1572 2

181 1583 388 1638 καπηλους
407 1584 448 1626 δὲ
460 1616 471 1634 ,
501 1602 568 1626 και
594 1602 780 1651 χειρωνα-

125 1657 240 1689 κτας,
276 1642 344 1682 καὶ
374 1639 588 1695 ἀγοραίους
620 1639 780 1694 οἷνθρώ-

126 1698 249 1749 πους]
280 1701 338 1738 De
366 1701 421 1737 his
450 1702 597 1738 vocibus
630 1702 704 1738 dixi
732 1701 780 1736 ad

126 1755 165 1801 I,
186 1757 252 1796 93.
311 1755 433 1805 Atque
457 1757 614 1794 Heeren.
648 1757 780 1804 (ldeen

127 1811 184 1857 ΙΙ,
204 1815 230 1852 2
253 1824 340 1861 pag.
366 1813 464 1860 140)
501 1826 626 1850 vocem
655 1808 780 1862 καπή-

127 1869 222 1913 λους
258 1868 516 1918 interpretatur
553 1870 635 1913 (ἄϊε
670 1869 781 1905 Kaste

127 1924 205 1968 cler)
251 1925 579 1972 gewerbtrez'bemlen
626 1925 778 1974 Biirger.

125 1979 297 2029 Namque
336 1994 460 2019 omnes
511 1982 663 2031 intelligi
707 1981 781 2018 vult

125 2037 296 2087 opifices,
338 2039 512 2086 artifices,
549 2043 781 2085 mercatores,

125 2106 318 2143 caupones.

182 2149 362 2188 ἐνταῦθα
392 2145 682 2200 οῗπικοιιένους]
721 2149 780 2187 Ad

125 2210 339 2243 structuram
367 2207 780 2255 eonf.ll‚66:za13-

125 2277 183 2301 τα
226 2260 267 2300 δὲ
307 2259 585 2314 γινόιιενα,
626 2262 780 2302 πένθεα

126 2313 274 2370 μεγάλα
293 2316 385 2366 τούς
401 2320 645 2372 Αἰγυπτίους
664 2335 779 2359 κατα-

125 2371 330 2426 λαμβανει.
387 2376 550 2414 Ub1v1d
576 2382 666 2414 nott.

183 2430 442 2482 επιχυθέντας
500 2449 643 2479 νυκτος
703 2449 780 2484 μυς

127 2482 366 2538 α’ρουραίους
381 2504 414 2527 κ.
428 2504 458 2527 τ.
471 2488 518 2539 λ]
539 2490 656 2526 Aliam
676 2503 781 2539 pror-

127 2557 185 2580 sus
206 2544 433 2592 Αεε)ῑίοι·ιιῐ]]
465 2546 577 2583 cladis
607 2559 648 2582 ac
670 2547 780 2594 fugae

128 2612 270 2637 causam
290 2602 412 2649 prodit
430 2603 583 2639 Iudaeus
599 2603 780 2651 propheta

127 2656 326 2703 XXXVII,
357 2659 434 2702 ὅθ’,
483 2664 588 2708 peste
613 2659 706 2695 enim
739 2671 780 2694 ac

127 2713 295 2749 divinitus
328 2714 437 2749 misso
473 2714 605 2762 angelo
632 2715 781 2751 interfe-

127 2772 226 2806 ctore
247 2770 294 2805 ad
324 2770 480 2807 reditum
499 2770 667 2819 Assyrios
697 2783 780 2807 coa-

127 2829 204 2863 ctos
244 2838 324 2863 esse
363 2827 497 2864 scribit.
566 2827 677 2872 Quod
703 2827 778 2864 Bo-

848 1419 972 1455 charto
1002 1418 1254 1468 explicandum
1292 1418 1433 1455 videtur
1460 1432 1504 1456 ex

849 1475 1079 1512 similitudine
1098 1488 1227 1511 vocum
1245 1471 1372 1524 λαμᾶς
1388 1475 1503 1524 (mus)

849 1536 885 1568 et
903 1527 1035 1579 λοιμὸς
1055 1531 1215 1580 (pestis),
1246 1544 1395 1579 quarum
1417 1545 1503 1568 con-

848 1588 940 1624 fusio
963 1588 1139 1624 diversam
1162 1588 1345 1637 pepererit
1376 1600 1503 1625 narra-

847 1644 995 1681 tionem.
1069 1644 1175 1688 Quae
1204 1648 1324 1681 tamen
1357 1645 1503 1683 minime

848 1702 1058 1737 satisfacere
1092 1713 1203 1750 posse
1229 1704 1351 1737 censet
1384 1702 1503 1739 Gese-

847 1757 949 1802 nius,
981 1769 1002 1792 a
1024 1756 1089 1792 Cr.
1114 1756 1305 1803 laudatus,
1328 1757 1375 1792 ad
1396 1758 1501 1794 Iesai.

847 1812 869 1848 l.
893 1813 915 1848 l.
945 1825 1029 1862 pag.
1060 1810 1153 1853 974.
1218 1810 1277 1849 Ad
1312 1812 1502 1850 Miehaelis

849 1869 1066 1905 sententiam
1105 1868 1163 1905 ille
1200 1881 1268 1904 nos
1313 1871 1503 1908 attendere

848 1925 978 1970 iubet,
1018 1925 1090 1973 qua
1125 1938 1204 1961 mus
1235 1924 1502 1975 Aegyptiorum

847 1982 885 2017 in
914 1981 1009 2017 notis
1039 1981 1318 2030 hieroglyphicis
1352 1983 1503 2020 denotet

847 2038 1087 2075 vastationem
1131 2042 1167 2074 et
1205 2038 1502 2086 internecionem,

848 2098 944 2131 teste
955 2093 1142 2143 Horapoll.
1159 2093 1382 2144 hieroglyph.
1395 2096 1422 2142 Ι,
1436 2097 1500 2136 50.

850 2151 934 2193 Qua
951 2151 1062 2186 muris
1088 2155 1177 2187 nota
1195 2150 1233 2186 in
1253 2152 1349 2199 regis
1379 2152 1502 2200 effigie

848 2207 939 2244 falso
964 2206 1143 2244 intellecta
1161 2210 1275 2243 ortam
1296 2208 1408 2244 videri
1424 2209 1502 2245 He-

848 2263 968 2300 rodoti
993 2264 1252 2301 narrationem.
1282 2264 1502 2314 Opportune

848 2332 995 2368 quoque
1025 2319 1290 2368 wesselingius
1320 2333 1502 2369 gramma-

847 2377 998 2413 ticorum
1021 2377 1246 2413 narrationes
1267 2377 1314 2413 ad
1341 2377 1443 2413 Iliad.
1471 2377 1500 2424 Ι,

848 2434 901 2479 39
923 2432 1039 2468 attulit
1056 2433 1101 2469 de
1114 2432 1272 2470 Troadis
1286 2433 1409 2470 ineolis
1423 2446 1502 2470 mu-

847 2502 905 2526 res
925 2489 1180 2525 xenerantibus
1194 2518 1204 2536 ,
1234 2485 1292 2527 ότι
1322 2504 1391 2535 τας
1412 2504 1501 2528 νευ-

848 2560 921 2596 ρας
948 2547 1025 2583 τῶν
1052 2545 1254 2596 πολεμίων
1288 2544 1500 2598 διέτρωγον

847 2598 984 2648 τόξων.

904 2672 1066 2708 γυμνων
1082 2653 1229 2707 όπλων]
1245 2657 1498 2707 Intelliguntur

846 2716 954 2751 armis
973 2714 1111 2750 nudati,
1169 2714 1339 2764 Xenoph.
1361 2715 1497 2766 Cyrop.

848 2770 893 2817 V,
906 2770 943 2817 4,
963 2769 1035 2811 45;
1066 2767 1196 2821 γυμνα
1213 2766 1343 2809 ὅπλων
1365 2783 1497 2812 σκευο-

848 2823 968 2878 φόρα.
1027 2826 1136 2865 Plura
1159 2828 1386 2879 interpretes.
