1877 3223
659 194 872 234 CLIO.
932 195 958 232 I.

1354 195 1431 235 197

182 314 257 359 λας
285 307 329 351 δὲ
359 307 431 350 καὶ
460 305 831 359 Λακεδαιμονίους
859 307 1059 359 παρεῖναι
1087 301 1130 352 ἐς
1166 299 1329 356 χρόνον
1360 303 1430 358 ῥη-

182 386 282 430 τόν·

341 385 489 435 ἁλίσας
518 401 561 427 τε
591 384 642 440 δή
676 383 879 434 τούτους,
929 384 1002 424 καὶ
1030 380 1108 435 τὴν
1137 379 1296 423 ἑαυτοῦ
1324 386 1430 424 συλ-

182 465 301 517 λέξας
331 463 554 518 στρατιὴν,
587 462 793 514 ἐνένωτο,
822 459 901 504 τόν
927 463 1114 516 χειμῶνα
1141 460 1310 514 παρεὶς,
1344 458 1432 514 ἅμα

153 548 243 603 3τῷ
282 539 357 599 ἦρι
397 542 644 596 στρατεύειν
691 541 760 585 ἐπὶ
794 538 896 591 τοὺς
940 539 1122 592 Πέρσας.
1180 537 1306 580 καὶὸ
1338 537 1426 592 μὲν,
1442 544 1486 578 95

181 627 314 665 ταῦτα
346 622 569 678 φρονέων,
600 618 659 671 ὥς
688 619 859 663 ἀπίκετο
889 617 930 668 ἐς
960 616 1035 666 τοὶς
1053 615 1242 669 Σάρδις,
1272 615 1427 670 ἔπεμπε

182 701 372 757 κήρυκας
401 699 508 743 κατα
537 698 612 750 τοὶς
641 700 902 754 συμμαχίας,
941 693 1225 750 προερέοντας
1261 695 1303 744 ἐς
1331 693 1430 749 πέμ-

155 783 291 822 4πτον
318 782 434 835 μῆνα
465 781 746 832 συλλέγεσθαι
776 777 818 827 ἐς
846 776 1023 830 Σάρδις.
1063 773 1139 818 τὸν
1172 773 1218 818 δὲ
1245 773 1427 829 παρεόν-

178 873 230 900 τα
258 857 330 899 καὶ
355 857 651 912 μαχεσάμενον
690 855 874 912 στρατόν
913 853 1130 911 Πέρσῃσι,
1179 851 1228 904 ὃς
1263 847 1319 908 ἦν
1348 850 1421 896 αὐ·

122 1041 192 1079 Hic
213 1041 355 1078 ultimus
374 1040 596 1089 Babyloniae
617 1053 679 1078 rex
690 1041 768 1087 fuit,

122 1098 166 1134 ab
187 1097 263 1133 aliis
285 1097 537 1144 Nabonsule'us,
560 1096 769 1134 Nabom'dus

122 1158 157 1190 et
187 1166 422 1202 quaecunque
460 1154 529 1190 alia
560 1158 644 1189 sunt
662 1153 765 1189 huius

120 1212 283 1258 generis,
321 1223 393 1245 non
421 1210 525 1247 valde
553 1213 675 1245 tamen
710 1209 765 1245 di-

119 1266 252 1301 stantia
269 1266 314 1301 al)
331 1279 374 1301 ea
400 1266 552 1301 nominis
574 1266 763 1314 scriptura,

118 1333 226 1369 quam
247 1322 345 1369 apud
371 1322 597 1358 Herodotum
624 1321 762 1356 inveni-

118 1388 208 1412 mus,
250 1377 356 1412 cons.
384 1376 552 1413 Larcher.
610 1375 763 1412 Videtur

116 1436 236 1468 autem
254 1431 310 1468 hie
331 1432 552 1480 Babyloniae
582 1444 644 1468 rex
682 1444 760 1468 cum

118 1487 258 1525 Croeso
293 1489 433 1524 iunctus
466 1501 545 1525 eam
573 1488 689 1537 ipsam
713 1487 760 1523 ob

117 1556 283 1591 causam,
320 1548 359 1580 ut
394 1545 641 1592 adaugeseens
674 1543 761 1590 Cyri

116 1600 279 1650 potentia
293 1600 456 1649 ipsisque
484 1600 673 1636 imminens
688 1599 761 1634 suis

118 1656 249 1692 finibus
293 1661 532 1701 coerceretur3
588 1668 656 1692 nec
693 1655 763 1691 alia

120 1723 228 1748 causa
265 1710 434 1759 Amasin,
468 1712 673 1761 Aegyptiae
704 1724 763 1748 re-

120 1779 225 1815 gem,
263 1767 476 1817 compulisse
512 1768 676 1814 videtur,
719 1770 761 1803 ut

121 1823 168 1858 ad
191 1823 368 1860 Croesum
385 1837 425 1860 se
451 1823 659 1873 applicaret.
679 1822 761 1859 Vid.

121 1877 342 1927 W'esseling.

177 1932 365 1984 ἐνένωτο]
409 1934 516 1970 conf.
545 1934 591 1970 ad
625 1933 661 1980 Ι,
699 1933 763 1972 68.

121 1990 316 2027 Caeterum
372 1990 523 2027 observa
593 1988 765 2024 orationis

119 2048 300 2094 quandam
342 2045 625 2091 anacoluthiam⁷
687 2056 767 2081 cum

119 2102 180 2148 id,
218 2103 316 2150 quod
343 2114 451 2152 supra
473 2101 549 2137 iam·
571 2100 765 2137 indicatum

120 2161 197 2195 erat
224 2157 360 2195 verbis:
400 2156 442 2196 ἐν
469 2153 545 2208 νόῳ
575 2155 672 2206 ἔχων
708 2155 766 2192 hic

118 2218 269 2263 propter
299 2212 410 2250 multa
439 2212 629 2263 participia
654 2212 766 2248 inter-

120 2269 213 2306 iecta
241 2274 426 2319 repetatur
448 2269 558 2306 verbo
586 2265 765 2314 ἐνένωτο,

120 2326 385 2362 constructione
414 2338 487 2361 non
517 2326 659 2372 integra
688 2337 764 2361 ser-

121 2384 215 2417 vata.
271 2381 352 2418 Nec
382 2384 501 2417 tamen
536 2393 638 2417 rarae
665 2380 765 2429 apud

123 2435 298 2473 Nostrum
320 2437 521 2473 huiusmodi
550 2439 761 2483 structurae,

125 2503 192 2526 nec
216 2491 324 2538 tales,
361 2506 452 2540 quae
481 2493 670 2529 offendere
694 2505 762 2528 nos

127 2546 293 2583 debeant.
305 2568 352 2575 --
364 2548 451 2585 Mox
465 2545 561 2586 κατά
581 2545 649 2593 τοίς
661 2559 761 2597 συμ-

127 2602 265 2651 μαχίας
302 2608 462 2640 vertunt:
507 2603 588 2650 „ad
618 2604 764 2650 socz'os‚“

126 2659 228 2705 quod
254 2658 342 2694 alius
366 2660 458 2695 hunc
481 2661 517 2695 in
538 2660 682 2696 modum
711 2661 765 2696 iu-

125 2718 357 2763 terpretatur:
387 2718 484 2763 „quz'
509 2718 616 2751 socios
637 2716 683 2752 ad
699 2730 764 2752 αα-

126 2770 253 2806 xilium
276 2770 460 2820 ferendum
490 2771 767 2819 adhortarentur,

126 2826 214 2862 nach
232 2826 295 2864 den
306 2826 646 2875 Bundesgenossen.“
656 2828 768 2878 Equi-

836 1041 919 1078 dem
935 1044 1053 1078 verto:
1083 1039 1266 1077 secundum
1287 1037 1434 1088 foedera
1452 1051 1482 1074 s.

829 1100 962 1146 pacta,
1001 1109 1094 1145 quae
1124 1110 1202 1133 cum
1240 1095 1307 1131 illis
1335 1095 1481 1143 regibus

833 1154 961 1190 inierat
992 1153 1163 1189 Croesus.
1233 1151 1310 1188 Sed
1335 1151 1428 1187 infra
1454 1150 1483 1196 l,

833 1211 907 1250 81:
949 1207 1094 1259 ἔπεμπε
1119 1229 1174 1235 -—
1203 1204 1346 1253 ἄλλους
1374 1202 1483 1257 ἄγγε’-

831 1267 924 1310 λους
962 1263 1008 1310 ἐς
1052 1261 1122 1310 τοὶς
1170 1263 1481 1313 συμμαχίας.

828 1320 924 1357 Add.
945 1320 985 1365 I,
1005 1322 1059 1361 82
1076 1321 1166 1366 init„
1195 1320 1257 1355 ubi
1276 1319 1476 1369 συμμαχίη

828 1389 895 1426 pro
917 1371 1113 1424 σύμμαχοι
1145 1375 1302 1424 positum
1331 1387 1477 1422 quoque

827 1436 951 1468 monet
968 1431 1097 1467 Matth.
1116 1429 1152 1482 ἓ.
1176 1430 1258 1471 429
1277 1443 1316 1480 p.
1335 1432 1429 1471 795.

887 1539 934 1588 ὃς
954 1537 1007 1592 ἦν
1026 1537 1151 1580 αὐτοῦ
1173 1537 1364 1590 ξεινικός]
1395 1553 1479 1587 „es-

830 1599 933 1636 sendo
964 1600 1204 1635 mercenario“
1235 1597 1343 1634 Italus
1367 1597 1480 1634 inter-

830 1669 938 1706 pres;
967 1668 1033 1692 nec
1051 1655 1166 1702 male,
1195 1667 1274 1690 cum
1294 1653 1380 1689 satis
1393 1666 1479 1690 con-

831 1716 924 1758 stet,
955 1707 1110 1757 ξενικὸν
1141 1706 1306 1761 στρατόν
1333 1709 1401 1746 dici
1429 1710 1476 1746 de

830 1768 1056 1805 mercenariis
1078 1766 1267 1813 militibus,
1297 1766 1344 1802 de
1363 1766 1477 1814 copiis

831 1823 996 1860 mercede
1022 1822 1220 1860 conductis.
1286 1821 1354 1857 Est
1392 1833 1477 1857 vero

830 1879 888 1915 hic
901 1879 1094 1926 cogitanda
1125 1876 1347 1913 orientalium
1376 1889 1477 1913 exer-

831 1935 962 1971 cituum
996 1934 1111 1979 ratio,
1157 1945 1309 1980 quorum
1343 1944 1478 1979 magua

831 2002 917 2040 pars
948 1993 1004 2025 est
1031 1989 1199 2034 militum,
1236 1999 1280 2024 ex
1308 1987 1476 2035 gentibus

831 2045 985 2081 subditis
1011 2044 1176 2081 mercede
1211 2043 1357 2091 quidem
1392 2055 1476 2080 coa-

831 2105 991 2147 ctorum,
1018 2101 1085 2137 sed
1105 2099 1226 2136 statim
1245 2099 1352 2147 signa
1367 2099 1475 2136 relin-

831 2157 1015 2205 quentium
1028 2185 1038 2202 ,
1056 2155 1200 2204 quando
1218 2155 1398 2204 expeditio
1420 2158 1476 2191 est

831 2213 943 2249 finita.
1012 2212 1129 2255 Quale
1164 2210 1343 2259 hodieque
1378 2211 1476 2259 apud

833 2268 973 2305 'l'urcas
998 2268 1160 2306 obtinere
1179 2267 1352 2304 videmus.
1384 2266 1475 2308 Quis

831 2325 949 2371 enirn,
988 2328 1028 2360 ut
1065 2324 1108 2360 iis
1135 2322 1359 2373 potissimum
1383 2325 1476 2368 utar,

832 2381 946 2418 nescit
963 2380 1137 2416 Albaniae
1156 2377 1294 2415 incolas
1312 2379 1349 2414 in
1378 2377 1412 2413 T
1416 2390 1477 2413 ur-

830 2450 951 2474 carum
989 2436 1143 2474 exercitu
1188 2434 1371 2484 stipendia
1408 2433 1476 2469 hoc

828 2493 937 2530 modo
960 2489 1166 2530 merentes?
1195 2490 1298 2527 Haec
1313 2490 1424 2538 igitur
1443 2489 1474 2524 si

831 2549 981 2597 cogites,
1002 2549 1078 2585 iure
1096 2561 1118 2584 a
1135 2546 1343 2583 Schlossero
1361 2545 1476 2593 (Uni-

831 2605 1069 2653 ve1·salgesch.
1094 2604 1131 2650 I,
1162 2605 1181 2641 1
1212 2616 1249 2651 p.
1269 2600 1350 2642 250
1378 2601 1476 2648 not.)

833 2662 903 2698 hoc
934 2661 1089 2710 positum
1129 2658 1327 2706 intelliges,
1378 2656 1477 2705 quod

834 2716 1021 2753 vernaculo
1068 2727 1234 2752 sermone
1272 2712 1478 2750 adscribere

834 2776 1012 2822 praestat:
1070 2783 1188 2819 „man
1218 2770 1353 2815 findet,
1390 2768 1477 2804 dass

835 2829 900 2866 des
918 2828 1077 2865 Croesus
1097 2827 1197 2865 Heer
1220 2838 1284 2863 aus
1304 2826 1376 2863 den
1398 2835 1477 2861 vet-

1522 2434 1532 2452 Ε
