1909 3228
445 209 527 249 270
837 207 1304 248 HERODOTI

292 332 388 378 103
445 323 499 363 θε
529 317 649 376 ἄγων
679 315 812 360 αὐτόν
851 315 987 372 μέσον
1015 314 1176 373 ἀνδρὸς
1207 315 1381 372 Μήδου.
1438 319 1697 363 Συνοικεού-

115 399 158 426 ()b
175 397 257 425 alind
284 406 308 424 a(
309 397 394 424 ›mni-

116 441 163 460 um
184 433 219 458 Α
207 436 271 466 tyn

116 467 156 493 lia
179 473 254 500 grav
239 431 367 492 ''iffa-³1
330 464 391 500 pri-

115 507 161 526 mo
188 499 288 533 nuptia
273 507 326 525 aru
310 506 358 524 um

454 410 530 454 σης
567 399 612 441 δὲ
651 400 711 452 τῷ
749 396 963 452 Καμβύσῃ
1001 399 1075 451 τῆς
1104 394 1365 452 Μανδάνης,
1413 396 1436 440 ὁ
1474 397 1701 454 Ἀστυάγης

418 481 511 534 9τῷ
540 475 696 533 πρώτῳ
735 474 817 517 ἔτεϊ
854 472 939 517 εἶδε
976 473 1110 530 ἄλλην
1153 474 1267 524 ὄψιν.
1326 474 1468 518 ἐδόκεε
1508 476 1552 518 δέ
1583 478 1626 519 οῖ
1653 477 1699 519 ἐκ

114 541 197 593 2rue
192 531 391 600 ”21:533
445 560 534 599 τῶν
561 555 740 598 αἰδοίων
776 557 850 609 τῆς
878 552 1100 608 θυγατρός
1128 552 1288 610 ταύτης
1316 557 1453 609 φῦναι
1484 553 1695 608 ἄμπελον·

115 607 151 626 cxx
166 607 291 635 puerum
302 606 390 633 pepe-

115 633 166 666 ‘sto
182 632 283 666 “ssva
287 640 325 667 ἕο
343 632 395 660 ‘¹⁸‘
421 634 530 690 3τήν
558 634 603 676 δὲ
634 631 824 688 ἄμπελον
852 632 1038 688 ἐπισχεῖν
1065 632 1144 688 τήν
1172 632 1312 689 Ἀσίην
1342 636 1496 675 πᾶσαν
1527 632 1634 675 ι’δων
1655 634 1702 676 δὲ

114 652 273 694 necandum

446 715 602 764 τοῦτο,
638 712 712 755 καὶ
740 710 1034 769 ὑπερθέμενος
1063 718 1175 755 τοῖσι
1205 711 1551 766 ὀνειροπόλοισι,
1580 718 1757 767 μετε-8ο

445 789 643 846 πέμψατο
693 791 739 835 ἐκ
787 796 876 835 τῶν
913 792 1114 846 Περσέων
1159 790 1239 847 τὴν
1275 790 1496 847 θυγατέρα
1531 790 1703 834 ἐπίτεκα

416 870 619 914 4ἐοῦσαν.
679 869 944 927 ἀπικομένην
983 872 1029 914 δὲ
1069 869 1309 926 ἐφύλασσε,
1351 870 1617 926 βουλόμενος
1654 870 1701 914 τό

583 936 593 943 „
1348 948 1394 991 ἐκ
1432 949 1516 1004 γάρ
1559 951 1602 992 οἱ
1628 953 1704 1005 τῆς

445 1025 574 1080 ὄψιος
610 1030 653 1072 οἱ
689 1033 777 1071 τῶν
816 1028 970 1084 μάγων
1007 1026 1286 1083 ὀνειροπόλοι
1330 1027 1585 1084 ἐσήμαινον,
1634 1028 1703 1071 ὅτι

444 949 716 1006 γεννώμενον
754 950 796 1002 ἐξ
840 949 972 1006 αὐτῆς
1013 952 1289 1005 διαφθεῖραι·

445 1108 593 1163 μέλλοι
637 1106 661 1151 ὁ
698 1111 773 1164 τῆς
809 1105 1031 1164 θυγατρὸς
1069 1104 1209 1150 αὐτοῦ
1251 1104 1382 1162 γόνος
1428 1104 1700 1162 βασιλεύσειν
1714 1113 1759 1148 85

417 1185 547 1229 5οέντὶ
566 1186 747 1230 ἐκείνου.
784 1191 933 1231 Ταῦτα
965 1185 1016 1243 δὴ
1050 1181 1112 1229 ὧν
1139 1185 1471 1241 φυλασσόμενος
1501 1184 1525 1228 ὁ
1550 1183 1704 1229 Ἀστυ-

446 1262 575 1321 άγης,
607 1263 666 1316 ὥς
695 1265 861 1322 ἐγένετο
892 1264 916 1310 ὁ
948 1269 1120 1319 Κῦρος,
1155 1264 1337 1315 καλέσας
1353 1263 1597 1321 Ἅρπαγον,
1630 1263 1703 1307 ἄν·

446 1345 530 1397 δρα
560 1343 753 1400 οἰκήϊον,
791 1345 865 1388 καὶ
895 1342 1154 1388 πιστότατόν
1182 1360 1226 1386 τε
1258 1343 1454 1399 Μήδων,
1494 1343 1567 1387 καὶ
1595 1341 1702 1386 πάν-

415 1430 535 1465 6των
568 1423 802 1479 ἐπίτροπον
830 1427 916 1466 τῶν
945 1422 1134 1475 ἑωυτοῦ,
1166 1420 1278 1477 ἐλεγέ
1310 1424 1354 1465 οἱ
1381 1421 1546 1465 τοιάδε·
1588 1421 1702 1476 ,ζἈρ-

443 1515 616 1557 ,,παγε,
656 1505 834 1558 πρῆγμα
861 1500 910 1546 τό
941 1500 997 1545 ἄν
1025 1518 1092 1545 τοι
1120 1500 1343 1556 προσθέω,
1387 1502 1595 1557 μηδαμῶς
1624 1515 1701 1544 πα-

587 1703 618 1741 C
631 1715 652 1740 a
662 1716 698 1754 p.
729 1701 861 1740 CVIII.

442 1781 575 1825 ἐδόκεε
604 1784 647 1825 δέ
676 1785 792 1825 οἵ-
812 1787 941 1835 φῦναι
968 1782 1040 1837 ἅμ-

386 1839 530 1892 πελον]
565 1843 737 1891 Sequitur
765 1841 834 1878 hoe
863 1842 942 1879 loco
974 1843 1040 1879 im-

385 1898 579 1947 personale
606 1899 718 1937 δοκεῖ
741 1898 932 1934 accusativi
960 1912 1039 1935 cum

386 1953 564 1991 infinitivo
583 1958 783 2001 structura,
812 1954 858 1991 de
879 1967 952 2003 quo
968 1955 1038 1992 vid.

384 2009 517 2046 Matth.
542 2008 580 2061 ς.
605 2010 687 2052 537
713 2022 799 2061 pag.
824 2012 944 2052 1057.

443 2064 648 2105 ἐπίτεκα
678 2064 848 2116 ἐοῦσαν]
880 2065 1040 2106 ἐπίτοκα

385 2121 575 2160 Mediceus
608 2126 645 2160 et
679 2122 737 2159 alii
772 2122 917 2171 quidam
946 2123 1039 2170 libri,

385 2178 448 2227 qui
474 2178 568 2215 infra
587 2178 623 2226 I,
646 2180 724 2220 111
748 2191 874 2215 omnes
895 2179 1040 2229 conspi-

383 2237 467 2271 rant
502 2234 540 2270 in
569 2233 723 2272 lectione
755 2233 904 2282 ἐπίτεξ,
945 2247 1038 2284 quae

382 2291 491 2327 etiam
512 2290 628 2340 proba
660 2290 789 2328 dicitur
819 2291 1038 2327 Grammati-

382 2346 433 2382 cis
458 2347 713 2383 damnantibus
724 2346 875 2384 alteram
884 2348 1036 2384 formam

383 2400 576 2449 ἐπίτοκος.
634 2403 718 2439 vid.
748 2402 928 2440 'rhomam
953 2402 1036 2439 Ma-

384 2458 486 2506 gistr.
509 2457 738 2508 p.357ibiq.
771 2458 1034 2496 Hemsterhusii

385 2518 460 2550 not.
478 2513 669 2562 Phrynich.
692 2528 727 2564 p.
749 2517 832 2556 333
856 2515 941 2563 ibiq.
959 2513 1037 2551 Lo-

385 2569 490 2607 beck.
508 2570 550 2606 In
566 2571 832 2620 significatione
849 2570 947 2607 nulla
964 2570 1039 2607 dis-

388 2626 583 2674 crepantia.
641 2627 824 2665 Iudicatur
851 2627 945 2664 enim
961 2639 1040 2663 mu-

390 2679 474 2725 lier,
507 2695 595 2730 quae
612 2686 738 2740 partui
755 2687 805 2720 est
816 2694 991 2734 proxzma.

445 2738 569 2775 ταῦτα
608 2738 657 2790 δή
693 2741 750 2778 ὠν
788 2734 1038 2788 φυλασσό-

392 2804 514 2841 {nvo
531 2810 550 2840 ς
576 2794 599 2834 ὁ
618 2791 883 2845 Ἀστυάγηςᾙ.
906 2808 936 2832 e.
956 2795 1040 2831 haec

392 2845 460 2884 sibi
476 2860 615 2889 cavens.
657 2852 766 2896 Quod
788 2851 862 2888 noli
881 2863 1039 2889 commu-

1106 1678 1184 1711 tare
1214 1686 1293 1711 cum
1320 1673 1358 1722 I,
1387 1673 1441 1715 49
1472 1669 1650 1723 φυλάξας
1683 1670 1758 1724 τὴν

1106 1730 1251 1781 κυρίην
1270 1732 1348 1768 τῶν
1371 1728 1573 1781 ήμερέωνς
1603 1743 1686 1767 nam
1710 1731 1759 1767 ibi

1107 1782 1325 1834 φυλασσειν
1358 1788 1420 1833 (iu
1441 1792 1509 1823 act·
1501 1787 1584 1833 vo)
1617 1791 1674 1823 est
1699 1786 1758 1823 ob-

1107 1854 1254 1879 servare.
1278 1863 1326 1869 --
1360 1843 1400 1879 In
1422 1855 1524 1891 seqq.
1551 1839 1677 1894 ἄνδρα
1703 1842 1761 1882 οἶ-

1106 1893 1227 1948 κη”ιον
1243 1911 1317 1935 non
1339 1898 1579 1947 familiarem,
1609 1899 1677 1936 sed
1701 1912 1759 1936 co-

1106 1958 1255 2003 gnatum
1283 1955 1442 1992 indicare
1471 1960 1622 2005 propter
1648 1955 1760 1993 verba

1108 2023 1187 2061 cap.
1209 2024 1285 2060 seq.
1317 2026 1385 2062 μοι
1414 2006 1607 2064 συγγενής
1631 2008 1760 2050 ἐστι’
1735 2026 1757 2051 ο

1107 2070 1202 2113 παῖς
1223 2072 1346 2104 mouet
1369 2066 1540 2104 Larcher.

1161 2137 1323 2174 πρηγμα
1340 2119 1381 2161 τὸ
1405 2119 1456 2160 ἅν
1483 2136 1544 2161 τοι
1559 2118 1760 2173 προσθέω,

1107 2178 1301 2228 μηδαμῶς
1330 2175 1588 2230 παραχρήσῃ]
1634 2178 1759 2227 μηδα-

1105 2236 1188 2284 μῶς
1209 2234 1366 2270 offerunt
1395 2233 1602 2280 Mediceus,
1633 2234 1760 2272 Schel-

1104 2289 1272 2327 lershem.
1315 2290 1479 2339 aliusque
1512 2289 1612 2326 liber.
1663 2290 1761 2328 Hinc

1104 2358 1183 2382 cum
1217 2345 1334 2382 Gaisf.
1368 2345 1454 2382 illud
1494 2350 1655 2395 recipere
1684 2359 1759 2384 non

1104 2401 1355 2438 dubitavimus.
1396 2401 1465 2437 Alii
1486 2401 1672 2452 μηδαμῆ,
1699 2403 1759 2439 alii

1104 2457 1270 2508 μηδαμοῖ
1288 2463 1477 2505 neutrum,
1507 2458 1635 2508 opiner
1653 2459 1757 2496 bene.

1107 2533 1164 2542 -·
1181 2516 1461 2565 παραχρᾶσθαι
1488 2514 1614 2562 obiter,
1642 2514 1759 2563 negle-

1108 2573 1190 2607 ctim
1214 2574 1389 2616 tractare,
1409 2570 1605 2619 negligere,
1635 2582 1759 2608 occur-

1107 2627 1153 2663 rit
1174 2625 1227 2672 ΙΙ,
1253 2627 1327 2668 141
1349 2626 1499 2676 aliisque
1527 2626 1636 2672 locis,
1665 2639 1758 2675 quos

1106 2681 1241 2720 Lexica
1252 2682 1465 2720 Herodotea
1474 2683 1693 2720 indicabunt.
1704 2703 1759 2711 -—

1107 2737 1164 2775 De
1185 2741 1302 2775 forma
1332 2738 1543 2776 coniunctivi
1572 2738 1694 2775 Ionica
1720 2739 1757 2774 in

1106 2792 1294 2845 προσθέω
1314 2795 1385 2832 vid.
1406 2793 1536 2832 Matth.
1556 2793 1592 2845 ἓ.
1610 2797 1709 2839 212,
1729 2795 1756 2834 9

1105 2863 1192 2902 pag.
1227 2851 1332 2899 402,
1392 2854 1430 2890 et
1470 2851 1518 2889 de
1554 2849 1755 2888 accusativo
