1909 3228
449 187 534 246 sm

839 203 1314 243 HERODOTI

234 299 257 308 s
291 311 388 356 171
442 312 514 356 'Ev
541 314 586 358 δὲ
604 316 656 370 τῇ
676 314 805 368 λίμνῃ
835 312 970 370 ταύτῃ
994 311 1046 355 τοέ
1067 313 1239 369 δείκηλα
1257 316 1345 356 τῶν
1367 314 1544 358 παθέων
1564 315 1700 359 αὐτοῦ

122 375 207 416 Quae
222 374 263 402 ibi
286 378 397 410 myste-

124 418 170 437 ria
187 410 278 436 hant:
299 410 395 437 Danai

123 443 207 470 tiliae
251 442 395 470 Thesmo-

122 475 230 544 &5³¹ssss
246 478 398 543 cii‘essssffiss
424 470 552 523 Ξπερὶ
580 468 659 524 μέν
688 487 772 513 νυν
801 470 968 514 τούτων
999 470 1131 514 εἰδότι
1160 488 1235 527 μοι
1264 472 1333 515 ἐπὶ
1361 472 1494 516 πλέον
1525 472 1583 524 ὦς
1602 472 1700 516 ἕκα-

125 542 398 570 nesumattulerunt

124 583 153 603 a.
171 575 245 603 157⁰.

395 769 501 804 nator
518 766 632 816 Spon.
661 766 757 815 (itin.
776 766 792 804 Ι
816 781 852 817 p.
869 769 967 816 136)
988 769 1044 805 in-

397 822 496 858 venit
515 835 558 859 ac
581 823 782 873 descripsit.
813 824 919 861 Conf.
937 825 1046 862 etiam

399 877 632 915 Tournefort.
660 893 803 929 voyage
833 881 881 916 du
907 879 1049 918 Levant

399 938 425 970 t.
443 935 457 971 l
484 948 519 985 p.
541 938 621 976 290
643 949 743 984 seq.,
771 937 870 973 cuius
892 938 1046 975 mentio-

401 1001 482 1028 nem
505 990 539 1028 h.
559 991 581 1028 l.
607 992 744 1029 faciunt
765 993 994 1043 interpretes.

576 1132 608 1169 C
617 1145 638 1169 a
645 1145 681 1182 p.
713 1131 879 1169 CLXXI.

455 1213 499 1253 ἐν
530 1212 572 1254 δὲ
602 1218 650 1270 τῇ
686 1215 828 1270 λίμνῃ]
877 1215 919 1256 ἐν
955 1217 989 1254 h.
1024 1217 1046 1254 l.

399 1271 497 1308 haud
516 1271 616 1309 aliter
638 1273 886 1323 accipiendum
908 1274 1048 1311 videtur

398 1332 509 1376 atque
538 1328 591 1374 ll,
623 1328 713 1370 159.
750 1331 852 1375 163,
882 1330 944 1367 ubi
975 1331 1045 1366 vid.

397 1405 454 1410 ——
481 1383 524 1420 In
553 1397 655 1434 seqq.
690 1397 768 1421 cum
807 1386 923 1423 Gaisf.
963 1387 1048 1424 dedi

399 1434 547 1477 αὐτῶν
570 1454 637 1490 pro
657 1436 832 1479 αὐτέων.

453 1492 501 1533 to?
523 1496 682 1546 δείκηλα
700 1499 781 1534 τῶν
793 1495 959 1535 παθέων
976 1494 1045 1536 αὖ·

398 1553 471 1590 τοῦ
484 1549 625 1598 νυκτός
644 1552 815 1602 ποιεῦσι]
846 1553 904 1589 De
925 1554 1045 1590 Saita—

398 1620 476 1643 rum
508 1608 611 1644 festis
644 1610 738 1645 cons.
764 1622 873 1658 supra
901 1609 953 1656 ll,
980 1610 1045 1651 59.

399 1665 466 1704 62.
495 1663 577 1700 Hoc
597 1665 632 1700 in
650 1664 727 1700 loco
746 1660 868 1703 αὐτοῦ
886 1666 1046 1703 reseren-

399 1720 485 1755 dum
506 1723 561 1756 est
582 1720 629 1756 ad
652 1720 847 1766 osiridem,
878 1721 925 1757 ad
946 1723 1044 1758 cuius

398 1775 527 1811 funera
545 1774 759 1813 celebranda
772 1777 935 1824 ritusque
952 1778 1048 1814 sera-

399 1831 451 1868 les
470 1835 658 1881 spectant,
689 1844 784 1881 quae
798 1832 831 1868 h.
852 1831 874 1868 l.
894 1834 1047 1869 tradun-

398 1890 467 1924 tur.
533 1887 574 1923 In
611 1888 653 1924 iis
695 1888 791 1924 enim
826 1888 1047 1926 exhibebant

400 1944 556 1992 speciem
578 1955 742 1991 casuum,
772 1945 834 1993 qui
856 1944 925 1981 deo
956 1946 1048 1981 acci-

400 2000 547 2045 derant,
579 2000 663 2036 dum
688 2000 724 2035 in
746 2001 833 2036 viris
855 2005 933 2037 erat
954 2005 991 2038 et
1011 2002 1048 2038 in

399 2060 497 2092 terra
525 2056 760 2103 versabatur,
790 2057 906 2094 donec
926 2069 947 2093 a
969 2056 1004 2094 Τ
1007 2072 1048 2107 y-

399 2111 520 2161 phone
543 2111 766 2149 caederetur.
823 2113 948 2150 Scenis
979 2114 1048 2162 igi-

400 2171 461 2203 tur
476 2166 611 2204 etludis
633 2169 737 2216 quasi
759 2173 1051 2219 repraesentasse

401 2223 569 2260 videntur
587 2224 790 2261 universam
809 2225 1051 2263 calamitatum

400 2278 608 2327 historiam,
647 2292 735 2329 quas
776 2281 864 2317 deus
896 2282 1051 2319 humana

400 2335 515 2371 forma
548 2336 697 2373 indutus
715 2350 908 2387 perpessus
934 2339 1050 2375 fuerit.

403 2391 508 2433 Quae
527 2392 653 2440 quales
676 2393 808 2430 fuerint
823 2422 833 2440 ‚
866 2394 922 2430 hic
942 2408 1053 2445 expo-

400 2458 488 2483 nere
508 2446 655 2496 longum
684 2453 761 2494 est3
792 2451 976 2499 exposuit,
1007 2463 1053 2488 ne

400 2502 471 2538 alia
506 2504 685 2552 attingam
710 2534 719 2551 ‚
764 2505 974 2543 Plutarchus
1006 2507 1053 2545 de

401 2556 448 2593 Is.
471 2563 506 2594 et
533 2560 630 2596 Osir.
657 2573 692 2609 p.
712 2561 793 2601 356
822 2576 850 2598 s.
873 2562 954 2603 459
977 2576 1051 2612 seq.

402 2612 593 2661 Wyttenb.
639 2615 688 2652 Et
705 2617 866 2666 pluribus
887 2618 974 2654 locis
993 2632 1053 2655 su-

406 2681 473 2718 pra
501 2670 570 2706 iam
608 2671 710 2709 liuius
739 2674 882 2711 fabulae
900 2676 1046 2712 mentio-

407 2736 491 2760 nem
516 2726 675 2763 fecimus.
733 2729 816 2766 Hoc
843 2743 929 2767 vero
960 2743 1054 2768 nunc

406 2783 647 2828 praetermitti
663 2784 846 2824 nolumus:
875 2787 1055 2824 Herodoti

408 2835 524 2872 locum
552 2838 639 2874 artis
667 2841 828 2879 scenicae
857 2842 912 2880 vel
937 2843 1054 2881 Grae-

452 392 607 442 νυκτὸς
635 395 832 444 ποιεῦσι,
873 391 925 434 τοὶ
963 392 1165 435 καλέουσι
1204 392 1419 449 μυστήρια
1457 393 1700 449 Αἰγύπτιοι.

454 560 531 591 στα
569 546 716 592 αὐτῶν
753 549 857 604 ἔχει,
909 550 1097 606 εὔστομα
1126 552 1297 595 κείσθω.
1345 552 1420 596 καὶ
1447 555 1522 608 τῆς
1551 549 1703 607 Λήμη-

1113 781 1236 806 corum
1273 769 1469 820 primordia
1514 772 1625 818 atque
1661 768 1761 806 initia

1113 827 1310 864 continere.
1381 826 1531 873 „Sicuti
1567 826 1661 863 enim
1689 824 1762 863 Ae-

1115 883 1264 933 gyptii“
1295 882 1411 929 (sunt
1451 882 1562 920 verba
1590 883 1761 919 Creuzeri

1118 939 1155 976 in
1172 952 1298 976 comm.
1322 939 1486 976 Herodd.
1504 952 1537 988 p.
1550 939 1650 986 223)
1669 951 1762 985 „no-

1118 1000 1177 1032 ctu
1195 996 1231 1032 in
1252 996 1340 1032 urbe
1365 996 1428 1032 Sa‘i
1460 996 1507 1031 ad
1534 995 1648 1030 laeum
1675 995 1762 1030 Osi-

1118 1052 1205 1088 ridis
1220 1064 1364 1088 casuum
1377 1052 1531 1100 speciem
1549 1050 1762 1099 imaginem-

1118 1120 1189 1156 que
1210 1107 1460 1145 exhibuerant:
1491 1108 1541 1143 ita
1560 1107 1678 1156 prisco
1697 1107 1763 1143 ad-

1117 1164 1266 1200 modum
1305 1176 1394 1200 aevo
1430 1163 1590 1200 similiter
1634 1167 1764 1200 eventa

1117 1219 1291 1256 Bacchica
1330 1219 1565 1257 exhibuerant
1590 1220 1638 1256 ad
1674 1219 1764 1257 Ler-

1115 1288 1248 1313 naeum
1267 1276 1380 1312 lacum
1400 1275 1533 1324 Argivi.
1590 1275 1681 1313 lnde
1698 1289 1764 1326 pu-

1114 1332 1207 1369 blice
1243 1345 1389 1380 quoque
1427 1332 1463 1368 in
1497 1332 1597 1369 sestis
1634 1332 1766 1369 Bacchi

1115 1388 1242 1425 diebus
1261 1388 1345 1423 talia
1358 1417 1369 1435 ,
1395 1401 1487 1437 quae
1503 1387 1645 1438 publice
1667 1387 1766 1425 evul-

1115 1445 1194 1491 gari
1215 1448 1406 1493 poterant,
1436 1445 1515 1480 rudi
1537 1445 1765 1493 incomtoque

1114 1500 1224 1537 modo
1236 1504 1508 1549 repraesentata
1519 1505 1602 1536 sunt
1618 1500 1653 1536 in
1667 1500 1762 1549 agris

1114 1556 1331 1604 oppidisque
1350 1568 1415 1604 per
1432 1556 1635 1593 universam
1647 1556 1764 1594 Grae-

1113 1612 1202 1648 ciam
1240 1616 1274 1648 et
1316 1610 1451 1647 ltaliam
1493 1625 1572 1649 eam
1592 1641 1603 1658 ‚
1655 1625 1764 1661 quam

1115 1667 1248 1703 Graeci
1276 1667 1496 1703 habitarunt.
1536 1668 1682 1705 Docent
1702 1681 1764 1705 va-

1115 1721 1232 1767 scula,
1262 1722 1298 1757 in
1319 1721 1385 1758 illis
1410 1724 1562 1760 maxime
1590 1724 1661 1760 on‘s
1688 1737 1765 1761 ma-

1115 1790 1189 1826 gno
1220 1790 1369 1814 numero
1404 1780 1589 1827 reperta.“
1657 1779 1767 1818 Plura

1117 1834 1164 1870 de
1186 1832 1241 1869 his
1266 1833 1339 1870 vid.
1369 1834 1418 1870 ad
1439 1834 1493 1882 V,
1514 1838 1588 1883 67,
1619 1836 1665 1873 de
1692 1849 1765 1885 quo

1114 1890 1193 1926 loco
1225 1890 1295 1926 iam
1332 1891 1471 1927 monuit
1503 1891 1673 1930 Creuzer.
1692 1891 1714 1929 l.
1741 1892 1764 1930 l.

1115 1959 1200 1997 pag.
1225 1948 1307 1987 221
1330 1959 1407 1995 seq.

1174 2000 1240 2041 ἐπὶ
1262 2000 1407 2052 πλέον]
1439 2005 1461 2040 i.
1483 2018 1514 2042 e.
1537 2004 1639 2054 plus,
1659 2019 1765 2043 accu-

1116 2062 1242 2096 ratius.
1282 2060 1389 2096 Conf.
1408 2060 1599 2097 Heindorf.
1619 2063 1666 2098 ad
1684 2062 1767 2098 Pla-

1117 2121 1191 2153 ton.
1213 2116 1327 2164 Gorg.
1354 2130 1390 2166 p.
1413 2118 1485 2163 23,
1510 2118 1557 2153 ad
1577 2117 1765 2154 Phaedon.

1117 2185 1154 2223 p.
1176 2174 1268 2212 161.
1314 2171 1408 2208 Add.
1437 2178 1505 2209 act.
1531 2173 1667 2223 philoll.
1685 2173 1767 2211 Mo-

1118 2240 1217 2265 nacc.
1236 2227 1250 2262 Ι
1268 2240 1353 2277 pag.
1374 2229 1463 2268 289-

1177 2280 1346 2334 εὔστομα
1363 2283 1529 2334 κείσθω]
1559 2285 1582 2321 i.
1604 2298 1635 2322 e.
1664 2285 1767 2322 silen-

1119 2342 1208 2377 tium
1247 2353 1350 2388 agere
1389 2340 1498 2377 debeo.
1572 2341 1767 2390 Loquendi

1120 2396 1273 2434 formula
1292 2397 1434 2433 serioris
1465 2398 1592 2434 aetatis
1617 2399 1768 2448 scripto-

1120 2453 1219 2488 ribus
1242 2454 1346 2489 valde
1365 2454 1536 2501 frequens
1550 2483 1559 2500 ‚
1572 2458 1611 2490 ut
1630 2455 1665 2490 in
1682 2467 1768 2504 pro-

1123 2509 1283 2545 verbium
1302 2510 1377 2546 sere
1403 2510 1543 2546 abierit.
1604 2509 1665 2547 Tu
1694 2511 1766 2547 vid.

1123 2564 1230 2601 schol.
1251 2566 1298 2601 ad
1317 2565 1487 2614 Sophoel.
1511 2565 1660 2603 Philoct.
1673 2569 1766 2607 201.

1122 2620 1303 2657 Plutarch.
1323 2622 1446 2658 moral.
1469 2635 1504 2671 p.
1529 2623 1622 2662 857.
1664 2621 1767 2659 Tho-

1121 2689 1198 2714 mas
1220 2676 1319 2725 Mag.
1351 2691 1386 2727 p.
1409 2678 1491 2719 395
1521 2683 1557 2715 et
1577 2677 1768 2727 Phrynich.

1121 2745 1207 2783 pag.
1227 2733 1308 2774 469
1339 2734 1395 2770 ed.
1425 2733 1587 2771 Lobeck.
1655 2735 1767 2777 Quod

1123 2801 1208 2825 vcro
1228 2790 1264 2825 in
1292 2790 1483 2826 Herodoto
1512 2790 1666 2827 scribere
1689 2790 1766 2839 pla-

1124 2850 1179 2882 cet
1197 2846 1340 2882 Sturzio
1361 2846 1407 2883 ad
1431 2845 1605 2884 Hellanic.
1634 2846 1763 2895 fragm.
