<?xml version="1.0" encoding="UTF-8"?>
<!DOCTYPE html PUBLIC "-//W3C//DTD XHTML 1.0 Transitional//EN"
    "http://www.w3.org/TR/xhtml1/DTD/xhtml1-transitional.dtd">
<html xmlns="http://www.w3.org/1999/xhtml" xml:lang="en" lang="en">
 <head>
  <title>
</title>
<meta http-equiv="Content-Type" content="text/html;charset=utf-8" />
  <meta name='ocr-system' content='tesseract 3.04.00' />
  <meta name='ocr-capabilities' content='ocr_page ocr_carea ocr_par ocr_line ocrx_word'/>
</head>
<body>
  <div class='ocr_page' id='page_1' title='image "./musaeherodoto01hero/musaeherodoto01hero_0910.png"; bbox 0 0 1909 3228; ppageno 0'>
   <div class='ocr_carea' id='block_1_1' title="bbox 283 183 1309 226">
    <p class='ocr_par' dir='ltr' id='par_1_1' title="bbox 283 183 1309 226">
     <span class='ocr_line' id='line_1_1' title="bbox 283 183 1309 226; baseline -0.006 0"><span class='ocrx_word' id='word_1_1' title='bbox 283 187 368 226; x_wconf 79' lang='lat'>896</span> <span class='ocrx_word' id='word_1_2' title='bbox 753 183 1309 222; x_wconf 84' lang='lat' dir='ltr'>EXCURSUSH</span> 
     </span>
    </p>
   </div>
   <div class='ocr_carea' id='block_1_2' title="bbox 285 296 1804 2102">
    <p class='ocr_par' dir='ltr' id='par_1_2' title="bbox 285 296 1804 2102">
     <span class='ocr_line' id='line_1_2' title="bbox 286 296 1789 347; baseline 0 -12"><span class='ocrx_word' id='word_1_3' title='bbox 286 299 332 335; x_wconf 86' lang='lat' dir='ltr'>ad</span> <span class='ocrx_word' id='word_1_4' title='bbox 362 296 548 346; x_wconf 82' lang='lat' dir='ltr'><strong>Lydorum</strong></span> <span class='ocrx_word' id='word_1_5' title='bbox 581 297 774 347; x_wconf 81' lang='lat' dir='ltr'>religiones</span> <span class='ocrx_word' id='word_1_6' title='bbox 810 297 977 347; x_wconf 80' lang='lat' dir='ltr'>pertinet.</span> <span class='ocrx_word' id='word_1_7' title='bbox 1035 296 1111 334; x_wconf 84' lang='lat' dir='ltr'>lam</span> <span class='ocrx_word' id='word_1_8' title='bbox 1140 309 1220 333; x_wconf 88' lang='lat' dir='ltr'>cum</span> <span class='ocrx_word' id='word_1_9' title='bbox 1251 309 1358 334; x_wconf 86' lang='lat' dir='ltr'>nemo</span> <span class='ocrx_word' id='word_1_10' title='bbox 1388 298 1545 344; x_wconf 87' lang='lat' dir='ltr'>nesciat,</span> <span class='ocrx_word' id='word_1_11' title='bbox 1582 311 1689 347; x_wconf 89' lang='lat' dir='ltr'>quam</span> <span class='ocrx_word' id='word_1_12' title='bbox 1717 300 1789 335; x_wconf 79' lang='lat' dir='ltr'>vim</span> 
     </span>
     <span class='ocr_line' id='line_1_3' title="bbox 286 365 1789 415; baseline 0 -14"><span class='ocrx_word' id='word_1_13' title='bbox 286 366 521 402; x_wconf 81' lang='lat' dir='ltr'>Etruscorum</span> <span class='ocrx_word' id='word_1_14' title='bbox 547 365 689 402; x_wconf 79' lang='lat' dir='ltr'>oracula</span> <span class='ocrx_word' id='word_1_15' title='bbox 720 366 756 401; x_wconf 91' lang='lat' dir='ltr'>in</span> <span class='ocrx_word' id='word_1_16' title='bbox 778 365 1025 401; x_wconf 83' lang='lat' dir='ltr'>Romanorum</span> <span class='ocrx_word' id='word_1_17' title='bbox 1051 377 1108 401; x_wconf 90' lang='lat' dir='ltr'>res</span> <span class='ocrx_word' id='word_1_18' title='bbox 1134 365 1328 414; x_wconf 87' lang='lat' dir='ltr'>antiquitus</span> <span class='ocrx_word' id='word_1_19' title='bbox 1363 372 1398 402; x_wconf 90' lang='lat' dir='ltr'>et</span> <span class='ocrx_word' id='word_1_20' title='bbox 1426 367 1473 403; x_wconf 89' lang='lat' dir='ltr'>ad</span> <span class='ocrx_word' id='word_1_21' title='bbox 1498 365 1641 401; x_wconf 84' lang='lat' dir='ltr'>Claudii</span> <span class='ocrx_word' id='word_1_22' title='bbox 1675 378 1789 415; x_wconf 86' lang='lat' dir='ltr'>usqne</span> 
     </span>
     <span class='ocr_line' id='line_1_4' title="bbox 287 431 1791 483; baseline 0.001 -15"><span class='ocrx_word' id='word_1_23' title='bbox 287 433 514 483; x_wconf 86' lang='lat' dir='ltr'>imperatoris</span> <span class='ocrx_word' id='word_1_24' title='bbox 541 437 706 482; x_wconf 86' lang='lat' dir='ltr'>tempora</span> <span class='ocrx_word' id='word_1_25' title='bbox 734 432 945 478; x_wconf 76' lang='lat' dir='ltr'>habuerint,</span> <span class='ocrx_word' id='word_1_26' title='bbox 981 431 1177 481; x_wconf 89' lang='lat' dir='ltr'>probabilis</span> <span class='ocrx_word' id='word_1_27' title='bbox 1210 434 1414 470; x_wconf 85' lang='lat' dir='ltr'>coniectura</span> <span class='ocrx_word' id='word_1_28' title='bbox 1447 437 1526 480; x_wconf 81' lang='lat' dir='ltr'>est,</span> <span class='ocrx_word' id='word_1_29' title='bbox 1564 432 1658 470; x_wconf 86' lang='lat' dir='ltr'>illam</span> <span class='ocrx_word' id='word_1_30' title='bbox 1689 446 1791 471; x_wconf 89' lang='lat' dir='ltr'>men-</span> 
     </span>
     <span class='ocr_line' id='line_1_5' title="bbox 285 499 1788 551; baseline 0.001 -15"><span class='ocrx_word' id='word_1_31' title='bbox 285 500 419 537; x_wconf 80' lang='lat' dir='ltr'>tionem</span> <span class='ocrx_word' id='word_1_32' title='bbox 449 499 588 549; x_wconf 69' lang='lat' dir='ltr'>Lydiae</span> <span class='ocrx_word' id='word_1_33' title='bbox 617 499 713 536; x_wconf 81' lang='lat' dir='ltr'>Deae</span> <span class='ocrx_word' id='word_1_34' title='bbox 739 500 785 536; x_wconf 88' lang='lat' dir='ltr'>ad</span> <span class='ocrx_word' id='word_1_35' title='bbox 812 499 986 536; x_wconf 90' lang='lat' dir='ltr'>Etruscos</span> <span class='ocrx_word' id='word_1_36' title='bbox 1022 500 1120 549; x_wconf 90' lang='lat' dir='ltr'>prius</span> <span class='ocrx_word' id='word_1_37' title='bbox 1147 512 1255 548; x_wconf 86' lang='lat' dir='ltr'>quam</span> <span class='ocrx_word' id='word_1_38' title='bbox 1283 500 1330 536; x_wconf 89' lang='lat' dir='ltr'>ad</span> <span class='ocrx_word' id='word_1_39' title='bbox 1359 501 1544 537; x_wconf 87' lang='lat' dir='ltr'>Romanos</span> <span class='ocrx_word' id='word_1_40' title='bbox 1572 502 1788 551; x_wconf 83' lang='lat' dir='ltr'>pervenisse.</span> 
     </span>
     <span class='ocr_line' id='line_1_6' title="bbox 286 566 1792 616; baseline 0.001 -11"><span class='ocrx_word' id='word_1_41' title='bbox 286 568 389 605; x_wconf 89' lang='lat' dir='ltr'>Haec</span> <span class='ocrx_word' id='word_1_42' title='bbox 412 567 611 604; x_wconf 71' lang='lat' dir='ltr'>Creuzerus.</span> <span class='ocrx_word' id='word_1_43' title='bbox 668 567 799 615; x_wconf 84' lang='lat' dir='ltr'>ltaque</span> <span class='ocrx_word' id='word_1_44' title='bbox 820 567 1013 616; x_wconf 82' lang='lat' dir='ltr'>probamus</span> <span class='ocrx_word' id='word_1_45' title='bbox 1035 566 1214 604; x_wconf 89' lang='lat' dir='ltr'>Lanzium</span> <span class='ocrx_word' id='word_1_46' title='bbox 1241 568 1376 604; x_wconf 86' lang='lat' dir='ltr'>cautius</span> <span class='ocrx_word' id='word_1_47' title='bbox 1403 569 1450 605; x_wconf 92' lang='lat' dir='ltr'>de</span> <span class='ocrx_word' id='word_1_48' title='bbox 1473 568 1526 605; x_wconf 91' lang='lat' dir='ltr'>his</span> <span class='ocrx_word' id='word_1_49' title='bbox 1557 570 1792 607; x_wconf 79' lang='lat' dir='ltr'>disserentem</span> 
     </span>
     <span class='ocr_line' id='line_1_7' title="bbox 286 634 1793 685; baseline 0.002 -14"><span class='ocrx_word' id='word_1_50' title='bbox 286 648 354 673; x_wconf 91' lang='lat' dir='ltr'>nec</span> <span class='ocrx_word' id='word_1_51' title='bbox 375 635 540 684; x_wconf 83' lang='lat' dir='ltr'>Dionysii</span> <span class='ocrx_word' id='word_1_52' title='bbox 561 634 810 670; x_wconf 86' lang='lat' dir='ltr'>auctoritatem</span> <span class='ocrx_word' id='word_1_53' title='bbox 841 638 977 671; x_wconf 87' lang='lat' dir='ltr'>temere</span> <span class='ocrx_word' id='word_1_54' title='bbox 1003 639 1213 684; x_wconf 76' lang='lat' dir='ltr'>sequentem</span> <span class='ocrx_word' id='word_1_55' title='bbox 1237 636 1273 671; x_wconf 92' lang='lat' dir='ltr'>in</span> <span class='ocrx_word' id='word_1_56' title='bbox 1299 636 1414 684; x_wconf 85' lang='lat' dir='ltr'>Sagg.</span> <span class='ocrx_word' id='word_1_57' title='bbox 1443 637 1479 672; x_wconf 93' lang='lat' dir='ltr'>di</span> <span class='ocrx_word' id='word_1_58' title='bbox 1506 636 1593 685; x_wconf 87' lang='lat' dir='ltr'>ling.</span> <span class='ocrx_word' id='word_1_59' title='bbox 1613 637 1756 674; x_wconf 90' lang='lat' dir='ltr'>Etrusc.</span> <span class='ocrx_word' id='word_1_60' title='bbox 1778 638 1793 674; x_wconf 89' lang='grc' dir='ltr'>Ι</span> 
     </span>
     <span class='ocr_line' id='line_1_8' title="bbox 286 702 1794 753; baseline 0.001 -14"><span class='ocrx_word' id='word_1_61' title='bbox 286 716 324 753; x_wconf 90' lang='lat' dir='ltr'>p.</span> <span class='ocrx_word' id='word_1_62' title='bbox 346 702 407 743; x_wconf 81' lang='lat'>14.</span> <span class='ocrx_word' id='word_1_63' title='bbox 431 703 519 742; x_wconf 79' lang='lat'><strong>147.</strong></span> <span class='ocrx_word' id='word_1_64' title='bbox 551 702 583 737; x_wconf 85' lang='lat' dir='ltr'>ll</span> <span class='ocrx_word' id='word_1_65' title='bbox 605 714 641 751; x_wconf 92' lang='lat' dir='ltr'>p.</span> <span class='ocrx_word' id='word_1_66' title='bbox 665 703 729 742; x_wconf 79' lang='lat'>82.</span> <span class='ocrx_word' id='word_1_67' title='bbox 753 703 806 741; x_wconf 85' lang='lat'>83</span> <span class='ocrx_word' id='word_1_68' title='bbox 829 715 931 751; x_wconf 86' lang='lat' dir='ltr'>seqq.</span> <span class='ocrx_word' id='word_1_69' title='bbox 949 703 1004 739; x_wconf 89' lang='lat' dir='ltr'>ed.</span> <span class='ocrx_word' id='word_1_70' title='bbox 1024 716 1113 749; x_wconf 85' lang='lat' dir='ltr'>sec.,</span> <span class='ocrx_word' id='word_1_71' title='bbox 1143 703 1201 740; x_wconf 91' lang='lat' dir='ltr'>ubi</span> <span class='ocrx_word' id='word_1_72' title='bbox 1226 703 1337 740; x_wconf 88' lang='lat' dir='ltr'>multa</span> <span class='ocrx_word' id='word_1_73' title='bbox 1358 704 1454 741; x_wconf 91' lang='lat' dir='ltr'>idem</span> <span class='ocrx_word' id='word_1_74' title='bbox 1487 703 1607 741; x_wconf 89' lang='lat' dir='ltr'>attulit</span> <span class='ocrx_word' id='word_1_75' title='bbox 1640 704 1794 753; x_wconf 87' lang='lat' dir='ltr'>singula,</span> 
     </span>
     <span class='ocr_line' id='line_1_9' title="bbox 289 769 1795 820; baseline 0.003 -15"><span class='ocrx_word' id='word_1_76' title='bbox 289 782 383 817; x_wconf 85' lang='lat' dir='ltr'>quae</span> <span class='ocrx_word' id='word_1_77' title='bbox 414 770 461 806; x_wconf 87' lang='lat' dir='ltr'>ad</span> <span class='ocrx_word' id='word_1_78' title='bbox 484 769 718 806; x_wconf 87' lang='lat' dir='ltr'>Etruscarum</span> <span class='ocrx_word' id='word_1_79' title='bbox 749 782 866 806; x_wconf 89' lang='lat' dir='ltr'>rerum</span> <span class='ocrx_word' id='word_1_80' title='bbox 903 771 1080 818; x_wconf 81' lang='lat' dir='ltr'>originem</span> <span class='ocrx_word' id='word_1_81' title='bbox 1112 770 1288 820; x_wconf 74' lang='lat' dir='ltr'>Lydicam</span> <span class='ocrx_word' id='word_1_82' title='bbox 1316 771 1371 808; x_wconf 77' lang='lat' dir='ltr'>vel</span> <span class='ocrx_word' id='word_1_83' title='bbox 1400 775 1498 809; x_wconf 88' lang='lat' dir='ltr'>certe</span> <span class='ocrx_word' id='word_1_84' title='bbox 1517 770 1710 808; x_wconf 81' lang='lat' dir='ltr'>Asiaticam</span> <span class='ocrx_word' id='word_1_85' title='bbox 1739 773 1795 809; x_wconf 88' lang='lat' dir='ltr'>fa-</span> 
     </span>
     <span class='ocr_line' id='line_1_10' title="bbox 290 836 1796 888; baseline 0.003 -15"><span class='ocrx_word' id='word_1_86' title='bbox 290 838 394 873; x_wconf 85' lang='lat' dir='ltr'>ciant.</span> <span class='ocrx_word' id='word_1_87' title='bbox 451 836 632 885; x_wconf 83' lang='lat' dir='ltr'>Equidem</span> <span class='ocrx_word' id='word_1_88' title='bbox 654 837 739 886; x_wconf 92' lang='lat' dir='ltr'>quid</span> <span class='ocrx_word' id='word_1_89' title='bbox 760 841 933 885; x_wconf 86' lang='lat' dir='ltr'>statuam,</span> <span class='ocrx_word' id='word_1_90' title='bbox 964 842 1156 887; x_wconf 87' lang='lat' dir='ltr'>antequam</span> <span class='ocrx_word' id='word_1_91' title='bbox 1184 839 1220 875; x_wconf 85' lang='lat' dir='ltr'>in</span> <span class='ocrx_word' id='word_1_92' title='bbox 1250 839 1408 876; x_wconf 89' lang='lat' dir='ltr'>medium</span> <span class='ocrx_word' id='word_1_93' title='bbox 1439 839 1641 888; x_wconf 88' lang='lat' dir='ltr'>proferam,</span> <span class='ocrx_word' id='word_1_94' title='bbox 1672 841 1796 878; x_wconf 86' lang='lat' dir='ltr'>dicen-</span> 
     </span>
     <span class='ocr_line' id='line_1_11' title="bbox 292 904 1796 953; baseline 0.003 -13"><span class='ocrx_word' id='word_1_95' title='bbox 292 905 377 941; x_wconf 88' lang='lat' dir='ltr'>dum</span> <span class='ocrx_word' id='word_1_96' title='bbox 408 908 463 942; x_wconf 83' lang='lat' dir='ltr'>est</span> <span class='ocrx_word' id='word_1_97' title='bbox 502 906 549 942; x_wconf 86' lang='lat' dir='ltr'>de</span> <span class='ocrx_word' id='word_1_98' title='bbox 582 904 625 941; x_wconf 89' lang='lat' dir='ltr'>C.</span> <span class='ocrx_word' id='word_1_99' title='bbox 655 905 701 942; x_wconf 91' lang='grc' dir='ltr'>Ο.</span> <span class='ocrx_word' id='word_1_100' title='bbox 731 905 875 943; x_wconf 82' lang='lat' dir='ltr'>Miilleri</span> <span class='ocrx_word' id='word_1_101' title='bbox 912 907 1114 953; x_wconf 91' lang='lat' dir='ltr'>sententia,</span> <span class='ocrx_word' id='word_1_102' title='bbox 1151 906 1187 942; x_wconf 88' lang='lat' dir='ltr'>in</span> <span class='ocrx_word' id='word_1_103' title='bbox 1217 906 1313 943; x_wconf 89' lang='lat' dir='ltr'>librr.</span> <span class='ocrx_word' id='word_1_104' title='bbox 1344 907 1390 943; x_wconf 91' lang='lat' dir='ltr'>de</span> <span class='ocrx_word' id='word_1_105' title='bbox 1420 906 1579 943; x_wconf 85' lang='lat' dir='ltr'>Etruscis</span> <span class='ocrx_word' id='word_1_106' title='bbox 1618 907 1796 945; x_wconf 84' lang='lat' dir='ltr'>volumine</span> 
     </span>
     <span class='ocr_line' id='line_1_12' title="bbox 290 973 1797 1024; baseline 0.003 -16"><span class='ocrx_word' id='word_1_107' title='bbox 290 973 403 1022; x_wconf 89' lang='lat' dir='ltr'>priori</span> <span class='ocrx_word' id='word_1_108' title='bbox 424 986 460 1023; x_wconf 91' lang='lat' dir='ltr'>p.</span> <span class='ocrx_word' id='word_1_109' title='bbox 478 976 534 1014; x_wconf 77' lang='lat'>72</span> <span class='ocrx_word' id='word_1_110' title='bbox 557 986 660 1022; x_wconf 91' lang='lat' dir='ltr'>seqq.</span> <span class='ocrx_word' id='word_1_111' title='bbox 692 975 744 1014; x_wconf 79' lang='lat'>82</span> <span class='ocrx_word' id='word_1_112' title='bbox 769 986 871 1022; x_wconf 88' lang='lat' dir='ltr'>seqq.</span> <span class='ocrx_word' id='word_1_113' title='bbox 903 976 955 1014; x_wconf 90' lang='lat'>88</span> <span class='ocrx_word' id='word_1_114' title='bbox 975 987 1077 1023; x_wconf 87' lang='lat' dir='ltr'>seqq.</span> <span class='ocrx_word' id='word_1_115' title='bbox 1111 974 1269 1024; x_wconf 89' lang='lat' dir='ltr'>pluribus</span> <span class='ocrx_word' id='word_1_116' title='bbox 1296 975 1472 1024; x_wconf 80' lang='lat' dir='ltr'>exposita.</span> <span class='ocrx_word' id='word_1_117' title='bbox 1538 974 1707 1024; x_wconf 76' lang='lat' dir='ltr'>Namque</span> <span class='ocrx_word' id='word_1_118' title='bbox 1737 989 1797 1013; x_wconf 90' lang='lat' dir='ltr'>co-</span> 
     </span>
     <span class='ocr_line' id='line_1_13' title="bbox 292 1040 1797 1093; baseline 0.003 -17"><span class='ocrx_word' id='word_1_119' title='bbox 292 1040 395 1077; x_wconf 87' lang='lat' dir='ltr'>lonos</span> <span class='ocrx_word' id='word_1_120' title='bbox 416 1053 459 1078; x_wconf 83' lang='lat' dir='ltr'>ex</span> <span class='ocrx_word' id='word_1_121' title='bbox 477 1040 564 1077; x_wconf 89' lang='lat' dir='ltr'>Asia</span> <span class='ocrx_word' id='word_1_122' title='bbox 587 1041 717 1077; x_wconf 88' lang='lat' dir='ltr'>minori</span> <span class='ocrx_word' id='word_1_123' title='bbox 737 1042 773 1078; x_wconf 92' lang='lat' dir='ltr'>in</span> <span class='ocrx_word' id='word_1_124' title='bbox 789 1041 972 1078; x_wconf 84' lang='lat' dir='ltr'>Etruriam</span> <span class='ocrx_word' id='word_1_125' title='bbox 987 1042 1130 1079; x_wconf 85' lang='lat' dir='ltr'>venisse</span> <span class='ocrx_word' id='word_1_126' title='bbox 1158 1042 1254 1078; x_wconf 90' lang='lat' dir='ltr'>haud</span> <span class='ocrx_word' id='word_1_127' title='bbox 1282 1041 1339 1078; x_wconf 89' lang='lat' dir='ltr'>ille</span> <span class='ocrx_word' id='word_1_128' title='bbox 1360 1046 1488 1090; x_wconf 78' lang='lat' dir='ltr'>negat3</span> <span class='ocrx_word' id='word_1_129' title='bbox 1518 1055 1585 1079; x_wconf 91' lang='lat' dir='ltr'>nec</span> <span class='ocrx_word' id='word_1_130' title='bbox 1608 1056 1692 1080; x_wconf 83' lang='lat' dir='ltr'>vero</span> <span class='ocrx_word' id='word_1_131' title='bbox 1718 1042 1797 1093; x_wconf 85' lang='lat' dir='ltr'>Ly-</span> 
     </span>
     <span class='ocr_line' id='line_1_14' title="bbox 292 1100 1798 1159; baseline 0.002 -15"><span class='ocrx_word' id='word_1_132' title='bbox 292 1109 360 1145; x_wconf 91' lang='lat' dir='ltr'>dos</span> <span class='ocrx_word' id='word_1_133' title='bbox 380 1109 490 1146; x_wconf 84' lang='lat' dir='ltr'>fuisse</span> <span class='ocrx_word' id='word_1_134' title='bbox 507 1109 717 1156; x_wconf 81' lang='lat' dir='ltr'>arbitratur,</span> <span class='ocrx_word' id='word_1_135' title='bbox 748 1110 812 1146; x_wconf 91' lang='lat' dir='ltr'>sed</span> <span class='ocrx_word' id='word_1_136' title='bbox 830 1109 1003 1157; x_wconf 88' lang='lat' dir='ltr'>Pelasgos</span> <span class='ocrx_word' id='word_1_137' title='bbox 1020 1100 1206 1159; x_wconf 84' lang='lat' dir='ltr'>palantes,</span> <span class='ocrx_word' id='word_1_138' title='bbox 1228 1109 1288 1158; x_wconf 91' lang='lat' dir='ltr'>qui</span> <span class='ocrx_word' id='word_1_139' title='bbox 1311 1109 1420 1145; x_wconf 87' lang='lat' dir='ltr'>iidem</span> <span class='ocrx_word' id='word_1_140' title='bbox 1441 1108 1621 1157; x_wconf 81' lang='lat' dir='ltr'>Lesbum,</span> <span class='ocrx_word' id='word_1_141' title='bbox 1641 1109 1798 1147; x_wconf 87' lang='lat' dir='ltr'>Imbrum</span> 
     </span>
     <span class='ocr_line' id='line_1_15' title="bbox 292 1174 1800 1225; baseline 0.002 -13"><span class='ocrx_word' id='word_1_142' title='bbox 292 1176 457 1225; x_wconf 84' lang='lat' dir='ltr'>aliasque</span> <span class='ocrx_word' id='word_1_143' title='bbox 481 1175 619 1225; x_wconf 82' lang='lat' dir='ltr'>Aegaei</span> <span class='ocrx_word' id='word_1_144' title='bbox 652 1177 759 1213; x_wconf 78' lang='lat' dir='ltr'>maris</span> <span class='ocrx_word' id='word_1_145' title='bbox 789 1177 923 1213; x_wconf 85' lang='lat' dir='ltr'>insulas</span> <span class='ocrx_word' id='word_1_146' title='bbox 958 1176 1041 1213; x_wconf 93' lang='lat' dir='ltr'>olim</span> <span class='ocrx_word' id='word_1_147' title='bbox 1068 1177 1247 1213; x_wconf 88' lang='lat' dir='ltr'>tenuerint</span> <span class='ocrx_word' id='word_1_148' title='bbox 1281 1179 1319 1212; x_wconf 92' lang='lat' dir='ltr'>et</span> <span class='ocrx_word' id='word_1_149' title='bbox 1347 1176 1382 1212; x_wconf 91' lang='lat' dir='ltr'>in</span> <span class='ocrx_word' id='word_1_150' title='bbox 1411 1174 1518 1213; x_wconf 80' lang='lat' dir='ltr'>Asiae</span> <span class='ocrx_word' id='word_1_151' title='bbox 1552 1177 1698 1214; x_wconf 87' lang='lat' dir='ltr'>minoris</span> <span class='ocrx_word' id='word_1_152' title='bbox 1735 1191 1800 1215; x_wconf 87' lang='lat' dir='ltr'>ora</span> 
     </span>
     <span class='ocr_line' id='line_1_16' title="bbox 292 1242 1798 1293; baseline 0.001 -13"><span class='ocrx_word' id='word_1_153' title='bbox 292 1242 432 1293; x_wconf 81' lang='lat' dir='ltr'>Lydica</span> <span class='ocrx_word' id='word_1_154' title='bbox 462 1257 609 1293; x_wconf 89' lang='lat' dir='ltr'>quoque</span> <span class='ocrx_word' id='word_1_155' title='bbox 639 1245 867 1282; x_wconf 85' lang='lat' dir='ltr'>consederint</span> <span class='ocrx_word' id='word_1_156' title='bbox 895 1244 1011 1291; x_wconf 91' lang='lat' dir='ltr'>(unde</span> <span class='ocrx_word' id='word_1_157' title='bbox 1031 1243 1228 1292; x_wconf 74' lang='lat' dir='ltr'>Tyrrhenis</span> <span class='ocrx_word' id='word_1_158' title='bbox 1252 1244 1345 1280; x_wconf 88' lang='lat' dir='ltr'>adeo</span> <span class='ocrx_word' id='word_1_159' title='bbox 1375 1243 1444 1280; x_wconf 85' lang='lat' dir='ltr'>illis</span> <span class='ocrx_word' id='word_1_160' title='bbox 1475 1245 1716 1293; x_wconf 83' lang='lat' dir='ltr'>cognomen),</span> <span class='ocrx_word' id='word_1_161' title='bbox 1744 1245 1798 1282; x_wconf 91' lang='lat' dir='ltr'>his</span> 
     </span>
     <span class='ocr_line' id='line_1_17' title="bbox 293 1311 1800 1362; baseline 0.003 -15"><span class='ocrx_word' id='word_1_162' title='bbox 293 1312 380 1362; x_wconf 86' lang='lat' dir='ltr'>ipsis</span> <span class='ocrx_word' id='word_1_163' title='bbox 402 1326 422 1349; x_wconf 90' lang='lat' dir='ltr'>e</span> <span class='ocrx_word' id='word_1_164' title='bbox 442 1313 546 1349; x_wconf 82' lang='lat' dir='ltr'>terris</span> <span class='ocrx_word' id='word_1_165' title='bbox 569 1313 658 1349; x_wconf 87' lang='lat' dir='ltr'>mari</span> <span class='ocrx_word' id='word_1_166' title='bbox 678 1313 828 1350; x_wconf 89' lang='lat' dir='ltr'>traiecto</span> <span class='ocrx_word' id='word_1_167' title='bbox 851 1313 898 1350; x_wconf 90' lang='lat' dir='ltr'>ad</span> <span class='ocrx_word' id='word_1_168' title='bbox 929 1311 1052 1349; x_wconf 88' lang='lat' dir='ltr'>ltaliae</span> <span class='ocrx_word' id='word_1_169' title='bbox 1082 1325 1163 1349; x_wconf 89' lang='lat' dir='ltr'>oras</span> <span class='ocrx_word' id='word_1_170' title='bbox 1183 1312 1398 1361; x_wconf 86' lang='lat' dir='ltr'>Tiberisque</span> <span class='ocrx_word' id='word_1_171' title='bbox 1415 1312 1526 1349; x_wconf 88' lang='lat' dir='ltr'>ferme</span> <span class='ocrx_word' id='word_1_172' title='bbox 1547 1313 1638 1349; x_wconf 90' lang='lat' dir='ltr'>ostia</span> <span class='ocrx_word' id='word_1_173' title='bbox 1657 1314 1800 1351; x_wconf 85' lang='lat' dir='ltr'>venisse</span> 
     </span>
     <span class='ocr_line' id='line_1_18' title="bbox 293 1379 1802 1430; baseline 0.001 -16"><span class='ocrx_word' id='word_1_174' title='bbox 293 1379 416 1429; x_wconf 86' lang='lat' dir='ltr'>ibique</span> <span class='ocrx_word' id='word_1_175' title='bbox 440 1379 653 1429; x_wconf 75' lang='lat' dir='ltr'>Tarquinios</span> <span class='ocrx_word' id='word_1_176' title='bbox 676 1380 902 1430; x_wconf 87' lang='lat' dir='ltr'>potissimum</span> <span class='ocrx_word' id='word_1_177' title='bbox 926 1379 1154 1428; x_wconf 88' lang='lat' dir='ltr'>condidisse,</span> <span class='ocrx_word' id='word_1_178' title='bbox 1186 1394 1294 1429; x_wconf 91' lang='lat' dir='ltr'>quam</span> <span class='ocrx_word' id='word_1_179' title='bbox 1323 1380 1393 1430; x_wconf 89' lang='lat' dir='ltr'>ipsi</span> <span class='ocrx_word' id='word_1_180' title='bbox 1415 1379 1528 1416; x_wconf 82' lang='lat' dir='ltr'>Tusci</span> <span class='ocrx_word' id='word_1_181' title='bbox 1557 1379 1684 1416; x_wconf 89' lang='lat' dir='ltr'>urbem</span> <span class='ocrx_word' id='word_1_182' title='bbox 1709 1380 1802 1417; x_wconf 89' lang='lat' dir='ltr'>inter</span> 
     </span>
     <span class='ocr_line' id='line_1_19' title="bbox 292 1446 1801 1496; baseline 0.001 -14"><span class='ocrx_word' id='word_1_183' title='bbox 292 1446 450 1495; x_wconf 85' lang='lat' dir='ltr'>reliquas</span> <span class='ocrx_word' id='word_1_184' title='bbox 471 1447 676 1496; x_wconf 88' lang='lat' dir='ltr'>primariam</span> <span class='ocrx_word' id='word_1_185' title='bbox 697 1448 907 1494; x_wconf 85' lang='lat' dir='ltr'>habuerint,</span> <span class='ocrx_word' id='word_1_186' title='bbox 937 1448 1097 1484; x_wconf 89' lang='lat' dir='ltr'>omnium</span> <span class='ocrx_word' id='word_1_187' title='bbox 1128 1460 1246 1484; x_wconf 88' lang='lat' dir='ltr'>rerum</span> <span class='ocrx_word' id='word_1_188' title='bbox 1280 1451 1318 1484; x_wconf 91' lang='lat' dir='ltr'>et</span> <span class='ocrx_word' id='word_1_189' title='bbox 1346 1447 1544 1483; x_wconf 80' lang='lat' dir='ltr'>divinarum</span> <span class='ocrx_word' id='word_1_190' title='bbox 1572 1451 1608 1483; x_wconf 91' lang='lat' dir='ltr'>et</span> <span class='ocrx_word' id='word_1_191' title='bbox 1627 1447 1801 1484; x_wconf 88' lang='lat' dir='ltr'>humana-</span> 
     </span>
     <span class='ocr_line' id='line_1_20' title="bbox 292 1513 1800 1565; baseline 0.001 -16"><span class='ocrx_word' id='word_1_192' title='bbox 292 1526 372 1550; x_wconf 89' lang='lat' dir='ltr'>rum</span> <span class='ocrx_word' id='word_1_193' title='bbox 394 1514 492 1563; x_wconf 91' lang='lat' dir='ltr'>apud</span> <span class='ocrx_word' id='word_1_194' title='bbox 518 1514 658 1551; x_wconf 91' lang='lat' dir='ltr'>Tuscos</span> <span class='ocrx_word' id='word_1_195' title='bbox 679 1516 780 1564; x_wconf 87' lang='lat' dir='ltr'>quasi</span> <span class='ocrx_word' id='word_1_196' title='bbox 798 1520 996 1565; x_wconf 87' lang='lat' dir='ltr'>parentem.</span> <span class='ocrx_word' id='word_1_197' title='bbox 1056 1514 1188 1563; x_wconf 89' lang='lat' dir='ltr'>Neque</span> <span class='ocrx_word' id='word_1_198' title='bbox 1213 1515 1318 1551; x_wconf 87' lang='lat' dir='ltr'>etiam</span> <span class='ocrx_word' id='word_1_199' title='bbox 1341 1513 1458 1550; x_wconf 77' lang='lat' dir='ltr'>Caerz&#39;s</span> <span class='ocrx_word' id='word_1_200' title='bbox 1482 1514 1655 1551; x_wconf 86' lang='lat' dir='ltr'>rationem</span> <span class='ocrx_word' id='word_1_201' title='bbox 1676 1515 1800 1552; x_wconf 89' lang='lat' dir='ltr'>haberi</span> 
     </span>
     <span class='ocr_line' id='line_1_21' title="bbox 293 1581 1801 1631; baseline 0.001 -14"><span class='ocrx_word' id='word_1_202' title='bbox 293 1584 415 1629; x_wconf 85' lang='lat' dir='ltr'>negat.</span> <span class='ocrx_word' id='word_1_203' title='bbox 474 1581 578 1624; x_wconf 84' lang='lat' dir='ltr'>Quae</span> <span class='ocrx_word' id='word_1_204' title='bbox 606 1583 786 1619; x_wconf 88' lang='lat' dir='ltr'>sententia</span> <span class='ocrx_word' id='word_1_205' title='bbox 815 1596 893 1619; x_wconf 90' lang='lat' dir='ltr'>cum</span> <span class='ocrx_word' id='word_1_206' title='bbox 923 1584 967 1619; x_wconf 87' lang='lat' dir='ltr'>ab</span> <span class='ocrx_word' id='word_1_207' title='bbox 996 1583 1176 1620; x_wconf 86' lang='lat' dir='ltr'>Herodoti</span> <span class='ocrx_word' id='word_1_208' title='bbox 1207 1582 1364 1631; x_wconf 83' lang='lat' dir='ltr'>(quem,</span> <span class='ocrx_word' id='word_1_209' title='bbox 1397 1582 1576 1617; x_wconf 87' lang='lat' dir='ltr'>Graecum</span> <span class='ocrx_word' id='word_1_210' title='bbox 1607 1582 1801 1629; x_wconf 87' lang='lat' dir='ltr'>hominem,</span> 
     </span>
     <span class='ocr_line' id='line_1_22' title="bbox 296 1648 1802 1699; baseline 0.001 -15"><span class='ocrx_word' id='word_1_211' title='bbox 296 1649 454 1685; x_wconf 89' lang='lat' dir='ltr'>Graecas</span> <span class='ocrx_word' id='word_1_212' title='bbox 481 1648 717 1685; x_wconf 87' lang='lat' dir='ltr'>Etruscorum</span> <span class='ocrx_word' id='word_1_213' title='bbox 744 1650 901 1698; x_wconf 82' lang='lat' dir='ltr'>origines</span> <span class='ocrx_word' id='word_1_214' title='bbox 934 1663 1006 1686; x_wconf 89' lang='lat' dir='ltr'>non</span> <span class='ocrx_word' id='word_1_215' title='bbox 1029 1649 1242 1699; x_wconf 86' lang='lat' dir='ltr'>protulisse,</span> <span class='ocrx_word' id='word_1_216' title='bbox 1274 1649 1383 1686; x_wconf 91' lang='lat' dir='ltr'>modo</span> <span class='ocrx_word' id='word_1_217' title='bbox 1414 1648 1503 1684; x_wconf 84' lang='lat' dir='ltr'>tales</span> <span class='ocrx_word' id='word_1_218' title='bbox 1533 1650 1691 1696; x_wconf 85' lang='lat' dir='ltr'>suerint,</span> <span class='ocrx_word' id='word_1_219' title='bbox 1721 1651 1802 1699; x_wconf 87' lang='lat' dir='ltr'>quis</span> 
     </span>
     <span class='ocr_line' id='line_1_23' title="bbox 295 1714 1803 1765; baseline 0 -12"><span class='ocrx_word' id='word_1_220' title='bbox 295 1714 479 1763; x_wconf 65' lang='lat' dir='ltr'>credat2)</span> <span class='ocrx_word' id='word_1_221' title='bbox 510 1715 732 1763; x_wconf 86' lang='lat' dir='ltr'>aliorumque</span> <span class='ocrx_word' id='word_1_222' title='bbox 757 1717 968 1765; x_wconf 82' lang='lat' dir='ltr'>scriptorum</span> <span class='ocrx_word' id='word_1_223' title='bbox 990 1717 1196 1753; x_wconf 86' lang='lat' dir='ltr'>testimonio</span> <span class='ocrx_word' id='word_1_224' title='bbox 1214 1718 1379 1762; x_wconf 81' lang='lat' dir='ltr'>recedat,</span> <span class='ocrx_word' id='word_1_225' title='bbox 1410 1729 1476 1753; x_wconf 87' lang='lat' dir='ltr'>nec</span> <span class='ocrx_word' id='word_1_226' title='bbox 1502 1716 1588 1765; x_wconf 85' lang='lat' dir='ltr'>ipsis</span> <span class='ocrx_word' id='word_1_227' title='bbox 1612 1717 1697 1752; x_wconf 86' lang='lat' dir='ltr'>artis</span> <span class='ocrx_word' id='word_1_228' title='bbox 1725 1730 1803 1753; x_wconf 93' lang='lat' dir='ltr'>mo-</span> 
     </span>
     <span class='ocr_line' id='line_1_24' title="bbox 296 1782 1801 1832; baseline 0.001 -12"><span class='ocrx_word' id='word_1_229' title='bbox 296 1784 476 1820; x_wconf 88' lang='lat' dir='ltr'>numentis</span> <span class='ocrx_word' id='word_1_230' title='bbox 497 1795 615 1832; x_wconf 88' lang='lat' dir='ltr'>nuper</span> <span class='ocrx_word' id='word_1_231' title='bbox 642 1782 794 1819; x_wconf 85' lang='lat' dir='ltr'>detectis</span> <span class='ocrx_word' id='word_1_232' title='bbox 822 1784 1034 1829; x_wconf 86' lang='lat' dir='ltr'>conveniat,</span> <span class='ocrx_word' id='word_1_233' title='bbox 1069 1796 1142 1819; x_wconf 88' lang='lat' dir='ltr'>non</span> <span class='ocrx_word' id='word_1_234' title='bbox 1169 1787 1246 1830; x_wconf 84' lang='lat' dir='ltr'>est,</span> <span class='ocrx_word' id='word_1_235' title='bbox 1277 1783 1375 1832; x_wconf 89' lang='lat' dir='ltr'>quod</span> <span class='ocrx_word' id='word_1_236' title='bbox 1400 1783 1460 1818; x_wconf 91' lang='lat' dir='ltr'>diu</span> <span class='ocrx_word' id='word_1_237' title='bbox 1497 1784 1532 1818; x_wconf 87' lang='lat' dir='ltr'>in</span> <span class='ocrx_word' id='word_1_238' title='bbox 1562 1796 1605 1819; x_wconf 85' lang='lat' dir='ltr'>ea</span> <span class='ocrx_word' id='word_1_239' title='bbox 1636 1784 1801 1822; x_wconf 88' lang='lat' dir='ltr'>immore-</span> 
     </span>
     <span class='ocr_line' id='line_1_25' title="bbox 296 1849 1804 1899; baseline 0.002 -12"><span class='ocrx_word' id='word_1_240' title='bbox 296 1863 388 1888; x_wconf 92' lang='lat' dir='ltr'>mur.</span> <span class='ocrx_word' id='word_1_241' title='bbox 446 1849 541 1895; x_wconf 86' lang='lat' dir='ltr'>Iam,</span> <span class='ocrx_word' id='word_1_242' title='bbox 572 1853 611 1885; x_wconf 92' lang='lat' dir='ltr'>ut</span> <span class='ocrx_word' id='word_1_243' title='bbox 629 1849 697 1886; x_wconf 89' lang='lat' dir='ltr'>hoc</span> <span class='ocrx_word' id='word_1_244' title='bbox 715 1863 825 1886; x_wconf 91' lang='lat' dir='ltr'>unum</span> <span class='ocrx_word' id='word_1_245' title='bbox 842 1851 951 1887; x_wconf 90' lang='lat' dir='ltr'>modo</span> <span class='ocrx_word' id='word_1_246' title='bbox 977 1863 1270 1897; x_wconf 87' lang='lat' dir='ltr'>commemorem,</span> <span class='ocrx_word' id='word_1_247' title='bbox 1301 1854 1481 1899; x_wconf 88' lang='lat' dir='ltr'>quotquot</span> <span class='ocrx_word' id='word_1_248' title='bbox 1509 1850 1545 1886; x_wconf 90' lang='lat' dir='ltr'>in</span> <span class='ocrx_word' id='word_1_249' title='bbox 1571 1851 1804 1890; x_wconf 88' lang='lat' dir='ltr'>Etruscomm</span> 
     </span>
     <span class='ocr_line' id='line_1_26' title="bbox 297 1917 1804 1969; baseline 0.002 -14"><span class='ocrx_word' id='word_1_250' title='bbox 297 1918 469 1969; x_wconf 84' lang='lat' dir='ltr'>sepulcris</span> <span class='ocrx_word' id='word_1_251' title='bbox 492 1917 643 1966; x_wconf 90' lang='lat' dir='ltr'>aliisque</span> <span class='ocrx_word' id='word_1_252' title='bbox 658 1918 898 1954; x_wconf 86' lang='lat' dir='ltr'>monumentis</span> <span class='ocrx_word' id='word_1_253' title='bbox 915 1919 1176 1968; x_wconf 84' lang='lat' dir='ltr'>repraesentati</span> <span class='ocrx_word' id='word_1_254' title='bbox 1194 1918 1465 1967; x_wconf 82' lang='lat' dir='ltr'>conspiciuntur</span> <span class='ocrx_word' id='word_1_255' title='bbox 1483 1917 1665 1967; x_wconf 89' lang='lat' dir='ltr'>homines,</span> <span class='ocrx_word' id='word_1_256' title='bbox 1682 1933 1804 1959; x_wconf 89' lang='lat' dir='ltr'>nonne</span> 
     </span>
     <span class='ocr_line' id='line_1_27' title="bbox 297 1983 1803 2039; baseline 0.002 -17"><span class='ocrx_word' id='word_1_257' title='bbox 297 1986 402 2022; x_wconf 86' lang='lat' dir='ltr'>aliam</span> <span class='ocrx_word' id='word_1_258' title='bbox 426 1998 574 2036; x_wconf 90' lang='lat' dir='ltr'>prorsus</span> <span class='ocrx_word' id='word_1_259' title='bbox 596 1984 666 2020; x_wconf 92' lang='lat' dir='ltr'>oris</span> <span class='ocrx_word' id='word_1_260' title='bbox 685 1983 988 2032; x_wconf 86' lang='lat' dir='ltr'>delineationem,</span> <span class='ocrx_word' id='word_1_261' title='bbox 1019 1986 1126 2022; x_wconf 90' lang='lat' dir='ltr'>alium</span> <span class='ocrx_word' id='word_1_262' title='bbox 1147 1986 1302 2032; x_wconf 78' lang='lat' dir='ltr'>vultum,</span> <span class='ocrx_word' id='word_1_263' title='bbox 1334 1985 1441 2022; x_wconf 89' lang='lat' dir='ltr'>alium</span> <span class='ocrx_word' id='word_1_264' title='bbox 1463 1998 1610 2035; x_wconf 88' lang='lat' dir='ltr'>prorsus</span> <span class='ocrx_word' id='word_1_265' title='bbox 1641 1990 1803 2039; x_wconf 88' lang='lat' dir='ltr'>corporis</span> 
     </span>
     <span class='ocr_line' id='line_1_28' title="bbox 298 2052 1655 2102; baseline 0.001 -12"><span class='ocrx_word' id='word_1_266' title='bbox 298 2056 582 2090; x_wconf 88' lang='lat' dir='ltr'>commonstrant</span> <span class='ocrx_word' id='word_1_267' title='bbox 605 2052 786 2099; x_wconf 87' lang='lat' dir='ltr'>habitum,</span> <span class='ocrx_word' id='word_1_268' title='bbox 820 2052 924 2090; x_wconf 89' lang='lat' dir='ltr'>valde</span> <span class='ocrx_word' id='word_1_269' title='bbox 945 2053 1042 2090; x_wconf 91' lang='lat' dir='ltr'>illum</span> <span class='ocrx_word' id='word_1_270' title='bbox 1062 2054 1207 2102; x_wconf 88' lang='lat' dir='ltr'>quidem</span> <span class='ocrx_word' id='word_1_271' title='bbox 1230 2058 1407 2091; x_wconf 88' lang='lat' dir='ltr'>remotum</span> <span class='ocrx_word' id='word_1_272' title='bbox 1431 2066 1452 2090; x_wconf 87' lang='lat' dir='ltr'>a</span> <span class='ocrx_word' id='word_1_273' title='bbox 1474 2054 1655 2092; x_wconf 67' lang='lat' dir='ltr'>Graecis?</span> 
     </span>
    </p>
   </div>
   <div class='ocr_carea' id='block_1_3' title="bbox 298 2142 1806 2868">
    <p class='ocr_par' dir='ltr' id='par_1_3' title="bbox 298 2142 1806 2868">
     <span class='ocr_line' id='line_1_29' title="bbox 410 2142 1803 2195; baseline 0.003 -17"><span class='ocrx_word' id='word_1_274' title='bbox 410 2142 564 2178; x_wconf 88' lang='lat' dir='ltr'>Multum</span> <span class='ocrx_word' id='word_1_275' title='bbox 593 2142 689 2179; x_wconf 90' lang='lat' dir='ltr'>enim</span> <span class='ocrx_word' id='word_1_276' title='bbox 720 2142 844 2189; x_wconf 85' lang='lat' dir='ltr'>abest,</span> <span class='ocrx_word' id='word_1_277' title='bbox 884 2146 925 2179; x_wconf 87' lang='lat' dir='ltr'>ut</span> <span class='ocrx_word' id='word_1_278' title='bbox 958 2155 1053 2192; x_wconf 87' lang='lat' dir='ltr'>quae</span> <span class='ocrx_word' id='word_1_279' title='bbox 1083 2143 1289 2193; x_wconf 86' lang='lat' dir='ltr'>nuperrime</span> <span class='ocrx_word' id='word_1_280' title='bbox 1320 2143 1463 2180; x_wconf 86' lang='lat' dir='ltr'>detecta</span> <span class='ocrx_word' id='word_1_281' title='bbox 1489 2147 1525 2181; x_wconf 87' lang='lat' dir='ltr'>et</span> <span class='ocrx_word' id='word_1_282' title='bbox 1553 2157 1573 2181; x_wconf 86' lang='lat' dir='ltr'>e</span> <span class='ocrx_word' id='word_1_283' title='bbox 1603 2144 1803 2195; x_wconf 70' lang='lat' dir='ltr'>hypogaeis</span> 
     </span>
     <span class='ocr_line' id='line_1_30' title="bbox 298 2210 1803 2259; baseline 0.001 -11"><span class='ocrx_word' id='word_1_284' title='bbox 298 2211 452 2248; x_wconf 86' lang='lat' dir='ltr'>maxime</span> <span class='ocrx_word' id='word_1_285' title='bbox 479 2215 580 2247; x_wconf 84' lang='lat' dir='ltr'>eruta</span> <span class='ocrx_word' id='word_1_286' title='bbox 613 2213 697 2246; x_wconf 84' lang='lat' dir='ltr'>sunt</span> <span class='ocrx_word' id='word_1_287' title='bbox 729 2211 991 2248; x_wconf 78' lang='lat' dir='ltr'>vetustissimae</span> <span class='ocrx_word' id='word_1_288' title='bbox 1014 2210 1247 2247; x_wconf 86' lang='lat' dir='ltr'>Etruscorum</span> <span class='ocrx_word' id='word_1_289' title='bbox 1277 2211 1361 2246; x_wconf 86' lang='lat' dir='ltr'>artis</span> <span class='ocrx_word' id='word_1_290' title='bbox 1389 2217 1646 2259; x_wconf 86' lang='lat' dir='ltr'>monumenta,</span> <span class='ocrx_word' id='word_1_291' title='bbox 1687 2213 1803 2250; x_wconf 88' lang='lat' dir='ltr'>Grae—</span> 
     </span>
     <span class='ocr_line' id='line_1_31' title="bbox 298 2278 1805 2328; baseline 0.001 -13"><span class='ocrx_word' id='word_1_292' title='bbox 298 2291 376 2315; x_wconf 87' lang='lat' dir='ltr'>cam</span> <span class='ocrx_word' id='word_1_293' title='bbox 394 2279 552 2328; x_wconf 87' lang='lat' dir='ltr'>prodant</span> <span class='ocrx_word' id='word_1_294' title='bbox 576 2278 777 2326; x_wconf 87' lang='lat' dir='ltr'>originem,</span> <span class='ocrx_word' id='word_1_295' title='bbox 812 2283 850 2315; x_wconf 90' lang='lat' dir='ltr'>ut</span> <span class='ocrx_word' id='word_1_296' title='bbox 876 2279 923 2315; x_wconf 89' lang='lat' dir='ltr'>ad</span> <span class='ocrx_word' id='word_1_297' title='bbox 953 2279 1128 2316; x_wconf 87' lang='lat' dir='ltr'>orientem</span> <span class='ocrx_word' id='word_1_298' title='bbox 1155 2278 1276 2328; x_wconf 86' lang='lat' dir='ltr'>potius</span> <span class='ocrx_word' id='word_1_299' title='bbox 1307 2279 1497 2315; x_wconf 86' lang='lat' dir='ltr'>reserenda</span> <span class='ocrx_word' id='word_1_300' title='bbox 1521 2281 1731 2327; x_wconf 75' lang='lat' dir='ltr'>videantur,</span> <span class='ocrx_word' id='word_1_301' title='bbox 1762 2294 1805 2317; x_wconf 82' lang='lat' dir='ltr'>ex</span> 
     </span>
     <span class='ocr_line' id='line_1_32' title="bbox 299 2345 1804 2396; baseline 0.001 -14"><span class='ocrx_word' id='word_1_302' title='bbox 299 2359 371 2395; x_wconf 91' lang='lat' dir='ltr'>quo</span> <span class='ocrx_word' id='word_1_303' title='bbox 400 2358 471 2381; x_wconf 92' lang='lat' dir='ltr'>uno</span> <span class='ocrx_word' id='word_1_304' title='bbox 503 2346 699 2394; x_wconf 88' lang='lat' dir='ltr'>imagines,</span> <span class='ocrx_word' id='word_1_305' title='bbox 731 2346 860 2394; x_wconf 82' lang='lat' dir='ltr'>signa,</span> <span class='ocrx_word' id='word_1_306' title='bbox 902 2345 1064 2394; x_wconf 71' lang='lat' dir='ltr'>symbola</span> <span class='ocrx_word' id='word_1_307' title='bbox 1092 2346 1127 2382; x_wconf 93' lang='lat' dir='ltr'>in</span> <span class='ocrx_word' id='word_1_308' title='bbox 1153 2346 1250 2382; x_wconf 82' lang='lat' dir='ltr'>hisce</span> <span class='ocrx_word' id='word_1_309' title='bbox 1282 2347 1521 2382; x_wconf 87' lang='lat' dir='ltr'>monumentis</span> <span class='ocrx_word' id='word_1_310' title='bbox 1549 2347 1804 2396; x_wconf 87' lang='lat' dir='ltr'>antiquissimis</span> 
     </span>
     <span class='ocr_line' id='line_1_33' title="bbox 300 2412 1805 2464; baseline 0.001 -16"><span class='ocrx_word' id='word_1_311' title='bbox 300 2413 491 2462; x_wconf 86' lang='lat' dir='ltr'>conspicua</span> <span class='ocrx_word' id='word_1_312' title='bbox 515 2412 684 2449; x_wconf 81' lang='lat' dir='ltr'>illustrari</span> <span class='ocrx_word' id='word_1_313' title='bbox 717 2418 829 2462; x_wconf 88' lang='lat' dir='ltr'>atque</span> <span class='ocrx_word' id='word_1_314' title='bbox 861 2414 1012 2462; x_wconf 90' lang='lat' dir='ltr'>intelligi</span> <span class='ocrx_word' id='word_1_315' title='bbox 1041 2416 1226 2463; x_wconf 81' lang='lat' dir='ltr'>poterunt.</span> <span class='ocrx_word' id='word_1_316' title='bbox 1285 2412 1473 2455; x_wconf 85' lang='lat' dir='ltr'>Quaenam</span> <span class='ocrx_word' id='word_1_317' title='bbox 1497 2426 1582 2450; x_wconf 71' lang='lat' dir='ltr'>vero</span> <span class='ocrx_word' id='word_1_318' title='bbox 1610 2413 1699 2450; x_wconf 87' lang='lat' dir='ltr'>haec</span> <span class='ocrx_word' id='word_1_319' title='bbox 1727 2414 1805 2464; x_wconf 88' lang='lat' dir='ltr'>ipsa</span> 
     </span>
     <span class='ocr_line' id='line_1_34' title="bbox 300 2480 1806 2530; baseline 0.001 -14"><span class='ocrx_word' id='word_1_320' title='bbox 300 2481 448 2517; x_wconf 83' lang='lat' dir='ltr'>orientis</span> <span class='ocrx_word' id='word_1_321' title='bbox 478 2481 522 2516; x_wconf 92' lang='lat' dir='ltr'>sit</span> <span class='ocrx_word' id='word_1_322' title='bbox 545 2481 669 2529; x_wconf 86' lang='lat' dir='ltr'>regio,</span> <span class='ocrx_word' id='word_1_323' title='bbox 699 2482 753 2518; x_wconf 90' lang='lat' dir='ltr'>cui</span> <span class='ocrx_word' id='word_1_324' title='bbox 785 2493 850 2517; x_wconf 88' lang='lat' dir='ltr'>sua</span> <span class='ocrx_word' id='word_1_325' title='bbox 880 2482 1037 2519; x_wconf 81' lang='lat' dir='ltr'>debeant</span> <span class='ocrx_word' id='word_1_326' title='bbox 1067 2481 1178 2517; x_wconf 78' lang='lat' dir='ltr'>Tusci</span> <span class='ocrx_word' id='word_1_327' title='bbox 1204 2484 1241 2518; x_wconf 88' lang='lat' dir='ltr'>et</span> <span class='ocrx_word' id='word_1_328' title='bbox 1270 2481 1366 2517; x_wconf 90' lang='lat' dir='ltr'>unde</span> <span class='ocrx_word' id='word_1_329' title='bbox 1395 2480 1597 2518; x_wconf 87' lang='lat' dir='ltr'>Tuscorum</span> <span class='ocrx_word' id='word_1_330' title='bbox 1627 2482 1730 2530; x_wconf 88' lang='lat' dir='ltr'>origo</span> <span class='ocrx_word' id='word_1_331' title='bbox 1761 2482 1806 2519; x_wconf 80' lang='lat' dir='ltr'>sit</span> 
     </span>
     <span class='ocr_line' id='line_1_35' title="bbox 301 2547 1806 2599; baseline 0.001 -16"><span class='ocrx_word' id='word_1_332' title='bbox 301 2548 521 2597; x_wconf 83' lang='lat' dir='ltr'>repetenda,</span> <span class='ocrx_word' id='word_1_333' title='bbox 562 2549 600 2584; x_wconf 89' lang='lat' dir='ltr'>id</span> <span class='ocrx_word' id='word_1_334' title='bbox 628 2552 728 2585; x_wconf 90' lang='lat' dir='ltr'>certo</span> <span class='ocrx_word' id='word_1_335' title='bbox 760 2549 998 2598; x_wconf 83' lang='lat' dir='ltr'>pronunciare</span> <span class='ocrx_word' id='word_1_336' title='bbox 1028 2549 1173 2585; x_wconf 89' lang='lat' dir='ltr'>minime</span> <span class='ocrx_word' id='word_1_337' title='bbox 1212 2547 1328 2585; x_wconf 87' lang='lat' dir='ltr'>adhuc</span> <span class='ocrx_word' id='word_1_338' title='bbox 1358 2548 1462 2595; x_wconf 90' lang='lat' dir='ltr'>licet,</span> <span class='ocrx_word' id='word_1_339' title='bbox 1501 2561 1611 2597; x_wconf 90' lang='lat' dir='ltr'>quum</span> <span class='ocrx_word' id='word_1_340' title='bbox 1641 2549 1722 2599; x_wconf 88' lang='lat' dir='ltr'>ipsa</span> <span class='ocrx_word' id='word_1_341' title='bbox 1747 2549 1806 2586; x_wconf 90' lang='lat' dir='ltr'>illa</span> 
     </span>
     <span class='ocr_line' id='line_1_36' title="bbox 303 2617 1806 2654; baseline 0.001 -2"><span class='ocrx_word' id='word_1_342' title='bbox 303 2621 532 2652; x_wconf 82' lang='lat' dir='ltr'>monumenta</span> <span class='ocrx_word' id='word_1_343' title='bbox 557 2617 716 2652; x_wconf 87' lang='lat' dir='ltr'>nondum</span> <span class='ocrx_word' id='word_1_344' title='bbox 745 2618 864 2652; x_wconf 90' lang='lat' dir='ltr'>omnia</span> <span class='ocrx_word' id='word_1_345' title='bbox 894 2617 941 2652; x_wconf 89' lang='lat' dir='ltr'>ad</span> <span class='ocrx_word' id='word_1_346' title='bbox 972 2621 1177 2652; x_wconf 88' lang='lat' dir='ltr'>accuratam</span> <span class='ocrx_word' id='word_1_347' title='bbox 1217 2617 1404 2653; x_wconf 87' lang='lat' dir='ltr'>doctorum</span> <span class='ocrx_word' id='word_1_348' title='bbox 1437 2617 1620 2653; x_wconf 88' lang='lat' dir='ltr'>hominum</span> <span class='ocrx_word' id='word_1_349' title='bbox 1642 2617 1806 2654; x_wconf 84' lang='lat' dir='ltr'>notitiam</span> 
     </span>
     <span class='ocr_line' id='line_1_37' title="bbox 302 2683 1806 2733; baseline 0.002 -14"><span class='ocrx_word' id='word_1_350' title='bbox 302 2683 531 2733; x_wconf 75' lang='lat' dir='ltr'>pervenerint</span> <span class='ocrx_word' id='word_1_351' title='bbox 549 2684 716 2732; x_wconf 85' lang='lat' dir='ltr'>adeoque</span> <span class='ocrx_word' id='word_1_352' title='bbox 735 2684 836 2720; x_wconf 73' lang='lat' dir='ltr'>novis</span> <span class='ocrx_word' id='word_1_353' title='bbox 853 2684 1005 2720; x_wconf 74' lang='lat' dir='ltr'>inventis</span> <span class='ocrx_word' id='word_1_354' title='bbox 1028 2683 1189 2732; x_wconf 88' lang='lat' dir='ltr'>quotidie</span> <span class='ocrx_word' id='word_1_355' title='bbox 1207 2690 1428 2733; x_wconf 85' lang='lat' dir='ltr'>augeantur,</span> <span class='ocrx_word' id='word_1_356' title='bbox 1448 2689 1507 2732; x_wconf 89' lang='lat' dir='ltr'>ut,</span> <span class='ocrx_word' id='word_1_357' title='bbox 1525 2686 1594 2721; x_wconf 91' lang='lat' dir='ltr'>nisi</span> <span class='ocrx_word' id='word_1_358' title='bbox 1615 2685 1728 2721; x_wconf 89' lang='lat' dir='ltr'>omnis</span> <span class='ocrx_word' id='word_1_359' title='bbox 1748 2697 1806 2722; x_wconf 86' lang='lat' dir='ltr'>me</span> 
     </span>
     <span class='ocr_line' id='line_1_38' title="bbox 304 2749 1806 2801; baseline 0.001 -15"><span class='ocrx_word' id='word_1_360' title='bbox 304 2749 395 2786; x_wconf 81' lang='lat' dir='ltr'>fallit</span> <span class='ocrx_word' id='word_1_361' title='bbox 413 2763 514 2798; x_wconf 82' lang='lat' dir='ltr'>spes,</span> <span class='ocrx_word' id='word_1_362' title='bbox 544 2749 739 2799; x_wconf 86' lang='lat' dir='ltr'>aliquando</span> <span class='ocrx_word' id='word_1_363' title='bbox 761 2752 934 2788; x_wconf 78' lang='lat' dir='ltr'>tenebrae</span> <span class='ocrx_word' id='word_1_364' title='bbox 959 2765 1053 2788; x_wconf 87' lang='lat' dir='ltr'>nunc</span> <span class='ocrx_word' id='word_1_365' title='bbox 1072 2751 1299 2789; x_wconf 87' lang='lat' dir='ltr'>Etruscorum</span> <span class='ocrx_word' id='word_1_366' title='bbox 1332 2754 1440 2790; x_wconf 86' lang='lat' dir='ltr'>rebus</span> <span class='ocrx_word' id='word_1_367' title='bbox 1469 2753 1606 2789; x_wconf 84' lang='lat' dir='ltr'>offusae</span> <span class='ocrx_word' id='word_1_368' title='bbox 1625 2752 1806 2801; x_wconf 88' lang='lat' dir='ltr'>dissipen-</span> 
     </span>
     <span class='ocr_line' id='line_1_39' title="bbox 305 2817 1804 2868; baseline 0.001 -14"><span class='ocrx_word' id='word_1_369' title='bbox 305 2821 363 2854; x_wconf 88' lang='lat' dir='ltr'>tur</span> <span class='ocrx_word' id='word_1_370' title='bbox 383 2817 581 2867; x_wconf 81' lang='lat' dir='ltr'>clariorque</span> <span class='ocrx_word' id='word_1_371' title='bbox 607 2818 660 2854; x_wconf 85' lang='lat' dir='ltr'>his</span> <span class='ocrx_word' id='word_1_372' title='bbox 681 2819 784 2856; x_wconf 87' lang='lat' dir='ltr'>terris</span> <span class='ocrx_word' id='word_1_373' title='bbox 810 2818 986 2867; x_wconf 83' lang='lat' dir='ltr'>affulgeat</span> <span class='ocrx_word' id='word_1_374' title='bbox 1007 2818 1076 2855; x_wconf 82' lang='lat' dir='ltr'>lux.</span> <span class='ocrx_word' id='word_1_375' title='bbox 1126 2820 1217 2856; x_wconf 85' lang='lat' dir='ltr'>Utut</span> <span class='ocrx_word' id='word_1_376' title='bbox 1238 2825 1314 2868; x_wconf 86' lang='lat' dir='ltr'>est,</span> <span class='ocrx_word' id='word_1_377' title='bbox 1344 2820 1554 2858; x_wconf 83' lang='lat' dir='ltr'>orientalem</span> <span class='ocrx_word' id='word_1_378' title='bbox 1574 2819 1804 2857; x_wconf 89' lang='lat' dir='ltr'>Etruscorum</span> 
     </span>
    </p>
   </div>
  </div>
 </body>
</html>
