1909 3228
55 1091 151 1137 121

658 189 873 229 CLIO.
931 191 958 229 Ι.

1315 207 1318 209 ’
1351 195 1432 237 291

179 297 497 355 9,δουλούμεθά
526 315 589 350 τε,
619 300 690 343 καὶ
718 298 854 356 λόγου
884 298 1065 352 οὐδενὸς
1091 301 1307 358 γινόμεθα
1322 302 1434 356 πρός

152 386 206 429 8„
220 381 444 434 Περσέων,
491 378 632 430 ἐόντες
663 381 816 432 ξεῖνοι·
857 380 928 423 σέο
959 378 1002 424 δ’
1033 380 1283 433 ἐνεστεῶτος
1310 383 1431 437 βασι-

179 457 334 509 ,,λέος,
367 457 515 509 ἐόντος
547 459 779 515 πολιήτεω,
809 460 883 503 καὶ
905 458 1095 516 ἄρχομεν
1115 459 1165 504 τό
1186 460 1335 517 μέρος,
1359 460 1433 504 καὶ
1486 475 1541 514 61

179 535 339 590 ,,τιμο“ις
369 537 477 591 πρὸς
503 537 574 580 σέο
603 537 789 593 μεγάλας
819 539 982 594 ἔχομεν.
1023 539 1139 583 οὕτω
1168 534 1231 584 ὦν
1257 538 1430 590 πάντως

178 615 320 671 »ἡμῖν
371 618 441 660 σέο
479 633 522 660 τε
562 618 636 660 καὶ
675 621 748 674 τῆς
788 621 864 672 σῆς
898 615 1031 674 α’ρχῆς
1058 618 1301 672 προοπτέον
1329 618 1430 662 ἐστι’.

150 697 291 746 9,,καί
319 700 403 739 νῦν
433 699 468 739 εἰ
498 695 695 752 φοβερόν
726 713 766 739 τι
795 695 1015 751 ἑωρῶμεν,
1046 701 1134 740 πᾶν
1163 698 1218 741 ἄν
1238 709 1308 740 σοι
1327 704 1488 752 προ-65

179 773 477 830 ,,εφρα’ζομεν·
536 778 619 817 νῦν
659 774 706 818 δὲ
745 773 1079 832 ἀποσκήψαντος
1116 781 1195 820 τοῦ
1224 776 1432 820 ἐνυπνίου

175 851 253 903 ,,ἐς
283 857 505 908 φλαῦρον,
552 853 680 897 αὐτοί
716 870 760 896 τε
795 855 1062 910 θαρσέομεν,
1109 855 1180 899 καὶ
1211 856 1279 899 σοὶ
1311 856 1432 911 ἕτεροι

175 963 200 982 ,,
213 935 395 975 τοιαῦτα
424 933 831 989 παρακελευόμεθα·
862 933 938 976 τὸν
968 934 1013 977 δὲ
1041 936 1175 978 παῖδα
1203 939 1361 978 τοῦτον
1388 935 1431 987 ἐξ

176 1009 456 1067 »ὀφθαλμοῖν
485 1011 739 1068 ἀπόπεμψαι
768 1012 811 1063 ἐς
842 1011 1016 1066 Πέρσας
1041 1029 1085 1057 τε
1112 1013 1185 1057 καὶ
1217 1013 1321 1065 τούς
1348 1029 1431 1069 γει-

176 1185 245 1221 τε,·
281 1170 355 1213 καὶ
390 1171 572 1222 καλέσας
608 1170 686 1215 τόν
713 1174 890 1225 Κῦρον,
939 1171 1051 1227 ἐλεγέ
1088 1174 1132 1216 οἱ
1165 1171 1284 1216 τάδε·

177 1092 472 1146 ,,ναμένους-“
525 1090 734 1142 Ἀκούσας
778 1095 915 1134 ταῦτα
952 1092 974 1135 ὁ
1011 1091 1263 1149 Ἀστυάγης,
1297 1092 1425 1149 ἐχάρη
1439 1096 1592 1160 6005Ὗ11ἵ1
1609 1100 1639 1127 ῑ“
1657 1100 1757 1128 1’0‘21-

1483 1143 1529 1161 ain
1555 1143 1572 1160 a
1618 1139 1758 1168 parentes

1342 1167 1427 1224 ”552
1483 1168 1631 1197 dimissus.

175 1253 310 1300 ,,παῐ,
352 1249 397 1293 σε
426 1249 509 1305 γαρ
540 1250 622 1306 ἐγώ
652 1249 705 1293 δι’
734 1248 839 1302 ὄψιν
867 1247 1041 1306 ὀνείρου
1080 1248 1134 1296 οὕ
1161 1250 1309 1308 τελέην
1336 1250 1427 1309 ἠδί-

119 1433 171 1470 sic
183 1433 311 1469 dicitur
332 1434 371 1470 in
386 1433 545 1483 aliquem
565 1432 772 1484 περιϊέναι,

119 1492 344 1538 περιελθεῖν
383 1494 419 1527 et
455 1503 548 1539 quae
579 1491 654 1528 eius
688 1494 773 1527 sunt

119 1546 276 1595 generis.
330 1546 437 1583 conf.
457 1546 595 1584 Herod.
619 1546 664 1594 ΙΙ,
680 1549 770 1588 120.

117 1602 193 1649 ΠΙ,
217 1602 283 1643 65.
313 1602 404 1643 140.
443 1603 515 1650 vi,
544 1605 635 1644 111.
670 1603 708 1650 I,
732 1606 769 1643 7.

119 1661 185 1699 96.
218 1660 310 1699 187.
337 1661 431 1700 210.
481 1659 582 1696 Alios
620 1659 771 1696 aliorum

118 1713 219 1750 locos
249 1715 321 1750 vid.
348 1715 384 1750 in
420 1714 647 1752 Valckenarii
682 1720 771 1752 nota

120 1770 169 1807 ad
189 1770 224 1806 h.
246 1769 270 1806 l.
297 1791 353 1797 -—
382 1766 497 1821 λόγου
527 1766 689 1817 ου’δενός
713 1770 770 1821 γί-

120 1829 265 1864 νεσθαι
293 1821 393 1875 πρός
420 1841 527 1872 τινος
556 1831 632 1863 est:
681 1826 772 1863 m'ln'l

121 1884 304 1920 aestimare·
329 1882 372 1918 ab
403 1882 539 1932 aliqua,
565 1882 659 1919 nullo
683 1882 769 1930 loco,

119 1939 218 1975 nullo
244 1940 282 1974 in
306 1950 443 1974 numero
470 1939 597 1975 haberi.
657 1938 768 1975 Com-

121 1999 294 2046 parentur
321 1995 451 2030 similia
471 1995 569 2043 apud
593 1993 770 2031 Nostrum

120 2052 319 2100 quaedam:
361 2050 401 2097 I,
433 2050 523 2091 143.
568 2050 619 2087 ΙΙΙ
633 2078 643 2097 ,
677 2049 769 2092 146.

121 2107 184 2154 IV,
205 2106 295 2148 135.
325 2106 398 2153 IX,
430 2108 503 2153 80,
524 2106 603 2143 alia.

179 2161 243 2201 σέο
266 2158 309 2201 δ’
333 2161 637 2208 ἐνεστεῶτος
660 2161 770 2212 βασι·

122 2216 230 2265 λέος]
263 2215 444 2264 ἐνεστεωζ·
463 2219 509 2255 de
529 2231 637 2268 rege,
665 2218 770 2267 quasi

122 2277 178 2328 τῷ
204 2271 345 2329 θρόνῳ
377 2271 561 2320 ε’νεστεοᾶς
591 2275 680 2321 dici,
726 2286 770 2311 ex

121 2330 190 2368 hoc
217 2331 296 2369 loco
324 2332 509 2368 annotavit
528 2330 700 2368 Valcken.
722 2330 771 2367 ad

122 2386 188 2434 ΙΙΙ,
205 2390 269 2428 66.
299 2387 376 2425 Sed
386 2387 506 2437 possis
522 2400 668 2436 quoque
688 2399 769 2423 cum

124 2443 326 2492 Schweigh.
347 2439 510 2488 ἐνεστώς
538 2443 700 2492 accipere
725 2454 769 2480 eo

125 2511 248 2545 sensu,
267 2512 339 2548 quo
357 2496 600 2549 κατεστηκτδς
617 2498 673 2536 vel
691 2494 769 2546 ὦν,-

124 2567 343 2604 quamquam
361 2555 683 2593 Valckenarianam
711 2567 770 2591 ra-

127 2612 263 2648 tionem
294 2614 331 2647 et
359 2612 612 2648 accuratiorem
639 2614 676 2648 et
709 2622 770 2647 ex·

125 2667 347 2716 quisitiorem
362 2667 475 2704 videri
499 2680 573 2704 non
589 2679 697 2715 nego.
726 2666 768 2703 In

125 2735 230 2772 seqq.
278 2718 627 2773 ἀποσκήπτειν
671 2722 767 2759 idem

124 2780 202 2817 fere
223 2779 322 2828 quod
340 2777 583 2831 ἐξέρχεσθαι,
614 2773 767 2829 ἐξήκειν

127 2836 174 2873 de
203 2835 403 2883 insomnio,
432 2837 532 2886 quod
558 2835 687 2875 exitum
712 2835 768 2873 in-

841 1434 940 1471 venit
966 1446 994 1471 s.
1021 1432 1203 1484 expletum
1240 1435 1291 1472 ita
1318 1438 1359 1471 ut
1387 1429 1484 1475 οἷπο·

842 1485 1030 1540 σκήπτειν
1047 1490 1087 1537 ἐς
1111 1494 1172 1539 φλ
1183 1493 1274 1543 αὕρ
1287 1505 1307 1530 ο
1322 1505 1345 1530 ν
1365 1490 1484 1540 (cuius

839 1546 918 1583 loeo
938 1547 1032 1585 male
1052 1547 1200 1596 quidam
1220 1547 1301 1585 libri
1316 1550 1485 1598 φαῦλον,

838 1602 936 1639 haud
951 1616 1032 1640 rara
1053 1607 1151 1641 certe
1170 1604 1399 1654 confusione)
1417 1605 1482 1642 sit:

837 1661 874 1695 in
892 1672 960 1696 <rem
985 1659 1117 1696 nullius
1136 1663 1337 1698 inminentis.
1356 1664 1483 1709 exigu-

836 1727 893 1751 am
911 1718 1004 1753 exire
1019 1745 1029 1762 ‚
1058 1716 1182 1753 cedere.
1220 1717 1328 1754 Conf.
1349 1719 1397 1754 ad
1416 1717 1485 1754 ini-

836 1771 924 1807 tium
942 1771 1068 1821 capitis
1086 1774 1233 1809 monita.

891 1825 962 1864 καὶ
992 1825 1055 1865 σοὶ
1089 1825 1238 1879 ἕτερα
1265 1829 1486 1867 τοιαῦτα

838 1878 1213 1933 παρακελευόμεθα]
1269 1882 1377 1935 ἕτερα
1409 1898 1486 1922 τοι-

840 1940 940 1976 αῦτα
952 1943 1037 1975 sunt
1056 1939 1132 1975 αἰία
1145 1939 1237 1976 talia
1254 1940 1276 1978 i.
1290 1953 1320 1977 e.
1339 1940 1485 1986 similia,

838 1998 873 2031 et
894 1994 1055 2031 adverbii
1076 1999 1279 2043 potestate,
1314 1996 1485 2033 similiter.

836 2049 933 2087 Hinc
953 2063 1032 2087 eum
1058 2050 1336 2098 wyttenbachio
1357 2053 1394 2088 in
1415 2052 1485 2090 Se-

837 2105 934 2142 lectt.
960 2106 1137 2143 historice.
1158 2119 1243 2157 pag.
1265 2107 1346 2149 352
1377 2108 1487 2145 verti-

837 2174 916 2198 mus
935 2162 970 2198 h.
990 2162 1031 2198 l.:
1060 2166 1125 2209 „et
1142 2165 1211 2212 ipsi
1229 2164 1432 2212 confidimus
1451 2166 1486 2200 et

838 2221 871 2254 te
889 2220 970 2255 item
991 2219 1156 2267 confidere
1177 2219 1393 2256 laortamurf‘
1413 2220 1487 2263 Qui

837 2274 934 2311 idem
951 2274 1004 2310 vir
1015 2275 1084 2310 alia
1108 2276 1237 2312 excitat
1255 2274 1358 2312 huius
1381 2275 1487 2312 dicti-

837 2330 916 2366 onis
935 2330 1116 2380 exempla3
1143 2343 1187 2367 ex
1202 2330 1392 2368 Herodoto
1405 2331 1485 2368 lau-

837 2387 901 2422 dat
922 2386 958 2432 Ι,
981 2389 1069 2427 191.
1098 2389 1191 2427 207.
1222 2386 1273 2434 ΙΙ,
1300 2390 1390 2429 150.
1418 2387 1484 2434 ΙΠ,

838 2442 903 2483 47.
931 2444 997 2482 79.
1026 2461 1081 2470 -—-
1116 2443 1157 2478 In
1183 2442 1254 2479 fine
1287 2443 1411 2494 capitis
1444 2443 1487 2482 οἷ

836 2493 1059 2550 γεινάμενοι
1079 2498 1165 2548 poni
1183 2511 1250 2547 pro
1280 2498 1321 2538 οἱ
1339 2502 1483 2551 γονεῖς,

835 2555 1062 2604 participium
1083 2568 1148 2604 pro
1160 2554 1397 2602 substantivo,
1406 2568 1487 2593 mo·-

835 2614 898 2649 net
915 2610 1092 2648 Matthiae
1110 2608 1146 2661 ἓ.
1170 2609 1252 2651 570
1269 2624 1306 2661 p.
1318 2613 1437 2653 1126.

1021 2694 1129 2744 Cap.
1158 2692 1292 2731 CXXI.

890 2773 940 2818 δι’
961 2774 1058 2828 ’όψιν
1086 2772 1243 2828 ὀνείρου
1270 2773 1328 2816 οὔ
1357 2776 1484 2818 τελέ-

833 2849 859 2886 η
874 2838 921 2882 ν]
952 2835 975 2872 ἰ.
997 2847 1028 2873 e.
1061 2837 1198 2885 propter
1225 2836 1351 2872 somnii
1371 2836 1485 2873 visum

1174 2890 1228 2930 19
1249 2890 1268 2912 *
