1909 3228
441 231 527 273 462

838 228 1303 270 HERODo'rl

440 337 699 391 „dooivarog
742 336 907 388 δοκέεις
949 336 1086 391 εἶναι,
1143 339 1214 384 καὶ
1262 345 1462 397 στρατιῆς
1498 338 1701 396 τοιαύτης

440 416 647 473 „doxam
677 414 806 459 οὐδὲν
837 415 892 459 ἂν
920 418 984 473 ε’ίη
1012 421 1186 474 πρῆγμα
1214 417 1392 473 γνώμας
1410 419 1480 473 ἐμέ
1504 432 1573 462 σοι
1590 419 1695 462 αἶπο-
1711 426 1758 459 50

412 501 465 548 4„
477 497 726 551 φαίνεσθαι.

786 496 823 538 εἰ
853 495 898 539 δὲ
929 495 1119 551 ἔγνωκας
1164 496 1231 540 ὅτι
1272 496 1507 552 ἅνθρωπος
1545 499 1617 541 καὶ
1647 498 1702 541 σύ

441 573 556 628 ,,εἷς,
597 574 669 617 καὶ
713 573 871 628 ἑτέρων
908 577 1091 619 τοιῶνδε
1129 576 1295 632 ἄρχεις,
1353 577 1494 621 ἐκεῖνο
1527 581 1703 631 πρῶτον

440 687 464 706 ,,
476 652 617 709 μάθε,
657 653 716 704 ὦς
742 651 903 706 κύκλος
931 659 1019 698 τῶν
1057 654 1352 712 ἀνθρωπηΐων
1390 655 1479 699 ἐστὶ
1511 652 1704 712 πρηγμά-

440 766 465 785 ,,
479 746 586 775 των·
625 732 969 788 περιφερόμενος
995 735 1062 786 δὲ,
1106 734 1187 778 οὐκ
1217 736 1265 793 ἐᾷ
1300 735 1382 779 αἰεὶ
1411 734 1514 787 τούς
1543 732 1704 786 αὐτοὺς

412 819 469 863 5,,
482 810 709 867 εὐτυχέειν.
739 810 822 868 ἤδη
853 807 917 856 ὧν
944 811 1027 870 ἐγώ
1056 812 1233 871 γνώμην
1259 815 1339 871 ἔχω
1368 815 1465 869 περὶ
1493 817 1575 858 τοῦ
1598 830 1702 868 προ-

411 891 680 946 6,,κειμένου
709 890 959 948 πρήγματος
997 892 1049 937 τὰ
1088 894 1270 948 ἔμπαλιν
1298 892 1327 950 ἦ
1357 889 1493 938 οὗτοι.

1553 895 1590 938 εἰ
1618 892 1702 950 γὰρ
1715 899 1757 934 55

438 1003 464 1024 ,,
478 969 741 1026 ἐθελήσομεν
770 970 1025 1024 ἐσδέξασθαι
1054 973 1154 1024 τούς
1184 975 1419 1028 πολεμίους
1448 974 1490 1025 ἐς
1517 973 1596 1029 τὴν
1616 971 1704 1029 χώ-

439 1067 579 1106 ,,ρην,
611 1048 684 1094 ὅδε
713 1067 781 1094 τοι
809 1050 856 1094 ἐν
886 1050 1005 1108 αὐτῷ
1034 1053 1238 1104 κίνδυνος
1266 1052 1351 1096 ἔνι·
1380 1052 1585 1104 ἑσσωθεὶς
1602 1051 1697 1108 μἐν,

441 1164 465 1182 ,,
478 1129 828 1185 προσαπολλύεις
855 1134 1002 1175 πᾶσαν
1035 1131 1116 1189 τὴν
1155 1129 1312 1189 ἀρχήν·

440 1242 465 1262 ,,
479 1209 546 1254 ὅτι
575 1214 781 1262 νικῶντες
816 1211 1121 1268 Μασσαγέται,

1370 1134 1479 1188 δῆλα
1514 1132 1596 1188 γὰρ
1636 1129 1705 1187 δὴ,

1173 1210 1228 1255 ου’
1257 1211 1306 1255 τὸ
1351 1209 1487 1255 ὀπίσω
1526 1209 1706 1266 φεύξον-

410 1295 573 1342 7,,ται,
605 1288 702 1333 ἀλλ’
735 1288 807 1334 ἐπ’
837 1289 973 1347 ἀρχάς
1003 1289 1078 1342 τὰς
1108 1290 1187 1342 σὰς
1216 1290 1355 1335 ἐλῶσι.
1385 1294 1522 1335 νικῶν
1553 1289 1618 1341 δὲ,
1649 1286 1761 1332 οὐ60

438 1372 600 1427 ,,νικᾷς
627 1373 866 1422 τοσοῦτον,
915 1368 1023 1414 ὅσον
1064 1372 1100 1414 εἰ
1135 1371 1289 1424 διαβὰς
1326 1370 1369 1422 ἐς
1405 1369 1485 1426 τὴν
1513 1368 1704 1421 ἐκείνων,

439 1480 466 1500 ,,
478 1452 616 1491 νικῶν
644 1449 959 1505 Μασσαγέτας,
1002 1450 1125 1493 ἕποιο
1156 1449 1389 1505 φεύγουσι·

1447 1447 1588 1491 τώυτὸ
1617 1445 1703 1503 γὰρ

437 1525 696 1584 »ἀντιθήσω
723 1527 896 1585 ἐκείνῳ,
936 1528 1003 1573 ὅτι
1030 1527 1211 1585 νικήσας
1247 1527 1353 1580 τούς
1382 1525 1698 1584 ἀντιουμένους

382 1758 524 1796 videtur
543 1757 772 1795 locutionem.
805 1757 916 1800 Quod
931 1757 1039 1807 vulgo

382 1814 556 1851 adiiciunt
582 1811 629 1852 τὰ
662 1818 748 1852 ante
768 1809 906 1860 ἐόντα,
936 1815 1039 1852 abie-

382 1871 430 1908 cit
450 1870 653 1919 Schweigh.
681 1875 722 1906 ut
752 1869 889 1907 facilius
910 1871 1040 1908 flueret

382 1927 520 1974 oratio,
558 1927 655 1963 cuius
686 1926 745 1963 hic
772 1927 848 1964 sere
875 1931 931 1964 est
953 1940 1038 1965 sen-

384 1996 465 2021 sus:
503 1996 591 2033 quae
607 1986 679 2033 ipse
693 1996 824 2032 passus
847 1995 942 2030 sum,
973 1986 1039 2021 tri-

383 2042 453 2077 stia
474 2043 594 2090 utique
611 2042 710 2089 (cum
724 2040 879 2086 essent),
909 2053 960 2077 me
978 2054 1039 2077 sa-

383 2100 430 2134 tis
457 2096 686 2144 edocuerunt,
721 2096 925 2134 documenta
952 2097 1040 2134 mihi

383 2155 491 2203 fuere.
511 2174 568 2181 ——
596 2153 655 2191 Ad
680 2152 895 2190 locutionem
917 2149 1038 2193 ου’ὅὲν

382 2206 548 2261 πρῆγμά
577 2208 657 2249 ἔστι
684 2209 802 2257 (ηίΙιίί
822 2209 960 2260 refert)
990 2211 1036 2248 cf.

382 2267 507 2316 Yiger.
538 2280 622 2317 pag.
645 2268 746 2313 139,
777 2279 824 2303 ne
847 2266 972 2317 plura,
1002 2270 1039 2304 et

382 2324 612 2362 Herodotum
632 2322 669 2369 I,
693 2326 746 2364 79
763 2323 839 2359 init.

441 2378 496 2426 ὥς
523 2377 669 2425 κύκλος
690 2381 769 2417 τῶν
798 2374 1038 2428 ἅνθρωπηΐ-

386 2452 441 2475 ων
458 2435 539 2476 ἐστὶ
561 2431 817 2486 πρηγμάτων]
838 2436 937 2472 Citat
950 2435 1038 2472 haee

384 2494 565 2530 stab-aeus
591 2494 668 2534 105
683 2521 693 2539 ,
715 2493 779 2534 53.
796 2514 851 2519 --
871 2491 1036 2528 Eandem

387 2551 600 2587 seutentiam
616 2579 626 2595 ‚
645 2549 761 2586 iudice
782 2547 1038 2596 iVesselingio,

385 2606 543 2656 respexit
594 2604 808 2642 Aristoteles
856 2604 1036 2642 Problem.

385 2662 481 2699 Sect.
517 2666 567 2703 17
597 2675 682 2713 pag.
717 2664 797 2702 129
831 2662 989 2709 itemque
1017 2674 1037 2697 e

386 2716 526 2755 Latinis
547 2719 688 2756 Seneca
698 2718 846 2755 Cousol.
862 2719 909 2755 ad
922 2717 1034 2753 Marc.

390 2774 452 2813 15.
512 2774 607 2823 Apte.
647 2775 714 2811 hoc
750 2775 829 2811 loco
869 2787 953 2810 usus
983 2779 1038 2811 est

388 2827 524 2877 laeger.
545 2830 705 2879 Disputt.
726 2831 892 2867 Herodd.
910 2843 945 2879 p.
968 2829 1035 2875 49,

388 2884 448 2920 ubi
488 2887 649 2934 quaerit,
701 2886 816 2936 qualis
857 2886 1038 2923 Herodoti

1108 1758 1215 1795 suerit
1241 1757 1420 1795 sententia
1447 1755 1490 1793 de
1507 1769 1621 1794 rerum
1640 1768 1760 1802 curm,

1108 1827 1202 1863 quae
1233 1813 1338 1850 simul
1373 1814 1576 1852 continetur
1612 1813 1761 1850 notione

1107 1870 1368 1908 moderationis
1400 1870 1556 1908 divinae.
1613 1869 1762 1918 Aequa-

1107 1926 1188 1964 litas
1220 1927 1288 1974 (ita
1307 1925 1366 1964 ille
1383 1926 1475 1974 ait),
1503 1939 1612 1976 quam
1639 1930 1761 1964 tuetur

1108 1996 1242 2021 numen
1258 1982 1437 2030 divinum,
1467 1983 1624 2021 cernitur
1649 1981 1707 2020 hic
1723 1981 1760 2019 in

1104 2045 1282 2090 perpetua
1321 2039 1605 2088 magnitudinis,
1646 2037 1762 2076 felici-

1105 2097 1190 2132 tatis
1218 2102 1254 2134 et
1283 2095 1543 2132 contrariorum
1581 2094 1760 2132 vicissitu-

1105 2152 1202 2189 dine.
1260 2151 1364 2189 Haec
1384 2151 1592 2188 vicissitudo
1621 2155 1677 2188 est
1699 2163 1760 2187 or-

1105 2208 1154 2244 do
1183 2214 1219 2246 et
1238 2207 1316 2254 lex,
1348 2208 1421 2256 qua
1440 2220 1559 2244 rerum
1586 2207 1760 2244 mutatio-

1104 2277 1170 2301 nes
1206 2264 1434 2301 continentur
1462 2276 1505 2301 ex
1533 2269 1654 2301 mente
1680 2263 1760 2300 He-

1103 2320 1234 2357 rodoti.
1253 2341 1308 2347 —-
1339 2320 1378 2357 ln
1399 2332 1502 2369 seqq.
1521 2320 1568 2356 ad
1597 2318 1680 2366 ἐᾶν,
1702 2319 1759 2356 cui

1103 2377 1297 2414 infinitivus
1326 2376 1485 2424 iungitur
1504 2376 1684 2426 participii
1703 2375 1758 2412 lo-

1105 2447 1169 2480 co,
1213 2434 1337 2470 confer
1376 2431 1554 2470 Matthiae
1590 2432 1656 2469 Gr.
1690 2431 1757 2469 Gr.

1105 2503 1140 2540 p-
1168 2492 1295 2536 1086,
1327 2489 1557 2538 eundemque
1573 2501 1659 2539 pag.
1674 2490 1759 2530 322

1105 2547 1151 2583 de
1172 2547 1280 2583 futuri
1309 2547 1426 2582 foruna
1453 2544 1571 2584 ἐλῶσι
1595 2545 1631 2582 in
1654 2557 1759 2594 seqq.

1104 2623 1161 2630 —
1180 2602 1250 2639 Pro
1271 2599 1431 2654 γνώμην
1453 2600 1526 2652 ἔχω
1558 2601 1702 2650 Steger.
1720 2601 1758 2637 in

1105 2658 1264 2695 Praefat.
1299 2672 1384 2708 pag.
1407 2659 1458 2695 XI
1484 2663 1657 2695 mutatum
1684 2656 1759 2694 vuit

1105 2710 1266 2767 γνώμης
1285 2715 1358 2765 ἔχω
1383 2720 1420 2753 et
1447 2716 1484 2751 in
1511 2727 1613 2764 seqq.
1640 2712 1759 2764 χωρὶς

1106 2771 1155 2811 <5¹
1143 2786 1159 2810 ε
1182 2775 1253 2810 τοῦ
1278 2767 1534 2823 ἀπηγημένου
1552 2782 1619 2821 pro
1640 2770 1758 2821 χωρίς

1106 2845 1124 2867 ¹1:
1141 2843 1156 2866 ε
1187 2844 1258 2867 τθυ
1291 2824 1409 2878 (ἕπηγ.

1162 2880 1220 2923 ότι
1239 2880 1406 2935 νικήσας
1435 2897 1527 2929 τους
1551 2874 1754 2930 ἆντιουμὲ·
