1909 3228
462 175 546 215 786
860 170 1330 210 HERODOTI

463 282 605 327 αὐτοῦ
615 315 629 335 ,
660 282 741 338 τὴν
769 279 938 338 μοῦνόν
970 281 1013 323 οἱ
1032 277 1145 324 εἶναι
1165 279 1211 323 ἐν
1229 282 1341 322 τοῖσι
1361 279 1534 322 οἰκίοισι
1554 279 1721 323 τέκνον.

434 361 542 406 [adv
573 362 641 413 δὲ,
686 356 1047 415 ὑπεραλγήσαντά
1086 375 1129 402 τε
1159 362 1220 417 τῷ
1250 358 1581 412 περιεπεπτώκεε
1610 358 1721 414 πρή-

461 457 614 498 γματι,
650 439 722 483 καὶ
753 437 1027 494 βουλόμενον
1056 437 1363 492 περισσότερόν
1394 454 1434 480 τι
1462 440 1551 479 τῶν
1580 436 1723 481 ἄλλων

459 520 604 570 θάψαι
646 516 725 575 τὴν
761 516 1013 573 θυγατέρα,
1072 517 1342 574 ποιήσασθαι
1390 519 1503 571 βοῦν
1549 516 1724 573 ξυλίνην

461 600 628 654 κοίλην.
658 597 730 641 καὶ
760 597 902 640 ἔπειτα
931 593 1326 652 καταχρυσώσαντά
1345 611 1420 650 μιν
1440 593 1622 650 ταύτην,
1642 595 1724 638 ἔσω
1736 603 1779 637 85

459 677 506 721 ἐν
536 676 647 734 αὐτῇ
678 674 823 729 θάψαι
851 675 1015 731 ταύτην
1046 675 1098 732 δὴ
1129 675 1208 731 τὴν
1238 674 1559 718 ἀποθανοῦσαν
1582 678 1725 728 θυγα-

461 755 577 811 τέρα.
635 753 760 810 Αὕτη
791 749 854 798 ὧν
883 753 910 810 ἡ
942 756 1053 810 βοῦς
1083 758 1140 812 γῇ
1172 753 1254 798 οὐκ
1285 753 1508 808 ἐκρύφθη,
1540 750 1630 795 ἀλλ’
1665 752 1725 796 ἔτι

304 759 402 805 130

130 826 202 853 Eam
237 825 341 852 bovem
376 827 406 851 et

129 859 279 894 Myeerini
298 867 404 885 conou-

129 893 265 920 binarum
289 892 406 926 ligneos

130 926 260 953 co1ossoe
277 930 405 953 exstare·
462 915 570 971 μὲνη
603 914 648 957 δὲ
679 914 725 957 ἐν
754 917 867 956 τοῖσι
896 915 1183 969 βασιληίοισι,
1229 914 1275 956 ἐν
1307 911 1505 967 οἰκήματι
1536 909 1723 967 ἠσκημέ-

462 836 536 879 καὶ
565 834 608 886 ἐς
639 834 710 890 ἐμὲ
739 829 794 891 ἦν
824 833 1018 890 φανερή·
1052 834 1098 876 ἐν
1119 833 1206 877 Σάι·
1232 835 1310 889 μὲν
1331 832 1432 877 πόλι
1452 832 1585 875 ἐοῦσα
1602 863 1612 883 ,
1634 847 1724 875 κει-

458 1009 546 1051 νῳ·
586 991 841 1049 θυμιήματα
873 992 918 1035 δὲ
949 990 1049 1047 παρ’
1082 992 1192 1050 αὐτῇ
1229 997 1418 1035 παντοῖα
1448 991 1779 1045 καταγίζουσι90

459 1071 544 1117 ἀνὰ
588 1076 734 1116 πᾶσαν
769 1069 956 1127 ἡμέρην·
1015 1070 1153 1114 νύκτα
1201 1072 1245 1115 δὲ
1285 1070 1467 1126 ἑκάστην
1502 1068 1724 1124 πάννυχος

433 1152 621 1209 Ξλύχνος
651 1152 950 1205 παρακαίεται.
1009 1149 1142 1207 άγχοῦ
1174 1151 1219 1195 δὲ
1248 1154 1324 1206 τῆς
1354 1148 1460 1205 βοὸς
1488 1145 1647 1203 ταύτης
1676 1147 1723 1191 ἐν

459 1232 574 1289 ἄλλῳ
613 1230 816 1287 οἰκήματι
860 1229 1022 1281 εἰκόνες
1051 1234 1139 1273 τῶν
1169 1227 1426 1272 παλλακέων
1454 1231 1542 1271 τῶν
1569 1231 1723 1271 Μυκε-

460 1312 590 1366 ρίνου
636 1311 806 1364 ἑστᾶσι,
864 1308 924 1362 ὥς
964 1310 1112 1366 ἔλεγον
1151 1311 1194 1353 οἱ
1229 1308 1275 1351 ἐν
1315 1308 1406 1351 Σάι·
1451 1306 1555 1351 πόλι
1594 1306 1722 1363 ἱρέες·

461 1527 551 1579 τήν
576 1525 730 1579 μοῦνόν
748 1528 789 1568 οἵ
808 1524 977 1567 εἷναι-
993 1525 1057 1566 τέ-

404 1585 518 1636 κνον]
552 1586 706 1622 Mutavit
732 1585 947 1622 Schaeferus
968 1585 1058 1620 inxi-

406 1644 452 1680 tis
474 1643 594 1689 libris,
625 1639 697 1692 τήν
718 1642 754 1678 in
773 1638 814 1680 τὸ
833 1642 879 1678 ob
901 1654 1055 1690 sequens

402 1697 542 1738 τέκνον
563 1727 574 1745 ,
620 1699 800 1747 probante
843 1698 1056 1734 Hermanno

404 1756 453 1792 ad
478 1755 597 1803 Viger.
615 1766 700 1804 pag.
729 1755 822 1794 708.
853 1752 935 1789 Nec
952 1752 1057 1789 aliter

404 1824 515 1862 supra
554 1810 608 1858 ΙΙ,
645 1808 725 1851 124
766 1806 852 1855 τάς
887 1806 1059 1847 ἐποιέετο

404 1863 588 1917 θήκας.
647 1867 723 1903 Sed
760 1866 854 1902 infra
882 1864 952 1912 IV,
982 1867 1058 1905 20:

408 1920 461 1963 τὸ
492 1921 669 1962 καλέεται
692 1921 887 1973 Κρημνοί.
919 1943 971 1948 —
1001 1921 1060 1958 De

408 1994 477 2018 usu
497 1979 722 2031 pronominis
746 1978 885 2014 relativi
914 1978 948 2014 in
966 1982 1061 2014 stru-

409 2042 510 2075 ctura
526 2035 717 2074 accusativi
737 2048 816 2071 cum
833 2035 960 2071 infinit.
987 2034 1059 2070 viu.

408 2093 542 2131 Matth.
573 2106 609 2143 p.
632 2093 751 2132 1058.
817 2091 856 2127 In
885 2103 988 2139 seqq.
1011 2091 1059 2126 ad

408 2146 658 2200 ποιήσασθαι
677 2149 721 2184 cf.
732 2148 779 2194 ΙῘ,
794 2150 873 2189 127
886 2147 973 2196 ibiq.
984 2151 1059 2182 not.

465 2201 713 2255 ποιήσασθαι
753 2204 857 2254 βοῦν
896 2202 1060 2252 ξυλίνην

409 2261 565 2312 κοίλην]
580 2263 684 2299 Haec
701 2274 773 2309 quo
793 2264 971 2310 spectent,
983 2272 1060 2296 ma-

410 2321 579 2357 nifestum
601 2318 670 2356 erit
694 2330 738 2355 ex
755 2317 810 2363 iis,
833 2329 927 2366 quae
947 2317 994 2352 ad
1013 2316 1059 2362 ΙΙ,

413 2378 495 2417 132
509 2379 693 2413 notantur.
751 2372 847 2410 Add.
869 2385 933 2419 ea,
963 2385 1059 2421 quae

412 2433 459 2470 ad
478 2432 523 2478 ΙΙ,
539 2432 590 2473 41
612 2430 876 2480 disputavimus
894 2430 940 2466 de
952 2429 1059 2475 bove,

411 2501 505 2537 quae
535 2488 620 2525 Isidi
647 2491 703 2524 est
721 2489 930 2524 consecrata
956 2485 1060 2522 tellu-

409 2545 531 2593 risque
553 2545 708 2582 habetur
735 2542 947 2591 symbolum.
1007 2541 1060 2578 Ac

410 2606 556 2650 praeter
573 2600 780 2651 primarium
800 2597 979 2635 Piutarchi
1007 2598 1061 2634 lo-

414 2670 515 2704 cum,
553 2670 661 2706 quem
697 2656 790 2693 infra
834 2655 1059 2705 proferemus

414 2713 475 2759 (ΙΙ
500 2726 584 2762 pag.
608 2713 732 2759 366),
771 2711 925 2749 conferri
952 2711 1059 2747 etiam

412 2769 544 2817 poterit
563 2769 655 2806 alter
684 2769 845 2806 eiusdem
877 2767 1060 2817 scriptoris

412 2824 511 2861 locus
535 2825 595 2871 (ΙΙ
621 2838 706 2875 pag.
726 2825 829 2871 368,
848 2823 921 2872 A),
952 2836 1060 2872 quem

1124 1528 1280 1566 eundem
1302 1539 1381 1563 cum
1397 1526 1579 1563 Herodoti
1602 1526 1779 1563 narratio-

1124 1597 1171 1621 ne
1203 1585 1249 1621 de
1282 1583 1457 1631 Mycerini
1489 1583 1561 1619 filia
1592 1588 1677 1633 apte
1707 1583 1779 1619 iam

1124 1641 1273 1677 contulit
1292 1640 1420 1688 zoega
1440 1640 1486 1676 de
1507 1639 1611 1676 obeli.
1630 1652 1665 1689 p.
1683 1640 1777 1680 331.

1305 1722 1603 1772 cap.cxxx.

1183 1804 1225 1844 ἔν
1247 1802 1433 1856 οἰκήματι
1455 1801 1682 1858 ἠσκημένῳ]
1704 1805 1727 1843 i.
1748 1819 1779 1844 e.

1127 1865 1164 1899 in
1186 1862 1346 1899 conclavi
1361 1863 1537 1911 eleganti,
1563 1862 1686 1912 pulcre
1707 1862 1782 1899 ela-

1127 1919 1257 1955 borato.
1317 1919 1414 1956 Nam
1435 1915 1572 1957 α’σκεῖν
1593 1932 1782 1957 commune

1126 1976 1272 2012 verbum
1298 1989 1377 2012 esse
1399 1989 1519 2013 earum
1539 1976 1699 2012 omnium
1723 1988 1782 2012 ar-

1126 2033 1214 2068 tium
1227 2061 1237 2078 ,
1265 2045 1357 2081 quae
1381 2033 1429 2069 ad
1450 2045 1571 2068 curam
1591 2036 1627 2069 et
1644 2032 1778 2068 cultum

1127 2090 1326 2138 pertinent,
1358 2090 1426 2125 iam
1444 2089 1684 2125 Casaubonus
1702 2101 1780 2124 mo-

1127 2146 1217 2181 nuit.
1277 2145 1331 2180 Ex
1354 2158 1426 2194 qua
1445 2144 1642 2181 instruendi
1659 2145 1780 2180 notio-

1128 2215 1174 2238 ne
1202 2201 1350 2237 ornandi
1384 2201 1598 2249 significatio
1638 2201 1780 2237 deriva-

1127 2262 1197 2294 tur.
1256 2257 1363 2294 Cons.
1391 2257 1569 2295 Herodot.
1600 2257 1654 2303 ll,
1686 2258 1778 2297 169.

1127 2314 1199 2360 111,
1220 2312 1272 2353 57
1287 2343 1297 2360 ‚
1323 2313 1415 2360 alia,
1447 2327 1540 2362 quae
1561 2313 1608 2349 ad
1627 2313 1660 2349 h.
1686 2312 1707 2348 Ι.
1727 2312 1778 2349 ci-

1126 2375 1179 2406 tat
1198 2370 1440 2419 wesseling,
1469 2370 1523 2406 cui
1549 2369 1634 2405 add.
1656 2368 1780 2405 Blom-

1127 2427 1222 2464 field.
1262 2427 1298 2463 in
1332 2427 1483 2475 glossar.
1520 2426 1568 2463 ad
1611 2424 1779 2475 Aeschyl.

1126 2483 1225 2520 Pers.
1250 2485 1340 2523 187.

1184 2539 1433 2590 καταγίζουσι
1447 2534 1524 2577 άνᾶ
1535 2540 1667 2577 πᾶσαν
1685 2535 1778 2588 ἦμέ-

1129 2594 1219 2646 ρην]
1242 2596 1300 2633 De
1316 2596 1426 2633 verbo
1446 2595 1664 2646 καταγίζειν
1685 2594 1778 2632 conf.

1129 2653 1166 2698 l,
1201 2655 1275 2697 863
1321 2654 1368 2689 de
1393 2665 1459 2689 usu
1497 2650 1777 2702 praepositionis

1129 2704 1205 2748 α’νά
1228 2708 1358 2746 Matth.
1379 2709 1444 2746 Gr.
1467 2709 1532 2746 Gr.
1550 2721 1635 2758 pag.
1660 2705 1779 2748 1148.

1128 2765 1186 2802 Ad
1217 2770 1470 2814 argumentum
1509 2765 1602 2802 conf.
1635 2763 1690 2808 ΙΙ,
1723 2764 1778 2803 62

1129 2830 1164 2860 et
1185 2836 1280 2872 quae
1298 2824 1344 2860 ad
1363 2822 1414 2870 11,
1437 2823 1516 2863 132
1533 2821 1709 2857 dicentur.
