<?xml version="1.0" encoding="UTF-8"?>
<!DOCTYPE html PUBLIC "-//W3C//DTD XHTML 1.0 Transitional//EN"
    "http://www.w3.org/TR/xhtml1/DTD/xhtml1-transitional.dtd">
<html xmlns="http://www.w3.org/1999/xhtml" xml:lang="en" lang="en">
 <head>
  <title>
</title>
<meta http-equiv="Content-Type" content="text/html;charset=utf-8" />
  <meta name='ocr-system' content='tesseract 3.04.00' />
  <meta name='ocr-capabilities' content='ocr_page ocr_carea ocr_par ocr_line ocrx_word'/>
</head>
<body>
  <div class='ocr_page' id='page_1' title='image "./musaeherodoto01hero/musaeherodoto01hero_0639.png"; bbox 0 0 1909 3228; ppageno 0'>
   <div class='ocr_carea' id='block_1_1' title="bbox 554 231 1435 276">
    <p class='ocr_par' dir='ltr' id='par_1_1' title="bbox 554 231 1435 276">
     <span class='ocr_line' id='line_1_1' title="bbox 554 231 1435 276; baseline 0.003 -4"><span class='ocrx_word' id='word_1_1' title='bbox 554 231 978 273; x_wconf 85' lang='lat' dir='ltr'><strong>EUTERPE.</strong></span> <span class='ocrx_word' id='word_1_2' title='bbox 1029 233 1074 272; x_wconf 88' lang='lat'>11.</span> <span class='ocrx_word' id='word_1_3' title='bbox 1351 234 1435 276; x_wconf 80' lang='lat'>625</span> 
     </span>
    </p>
   </div>
   <div class='ocr_carea' id='block_1_2' title="bbox 48 340 1763 413">
    <p class='ocr_par' dir='ltr' id='par_1_2' title="bbox 48 340 1763 413">
     <span class='ocr_line' id='line_1_2' title="bbox 48 340 1763 413; baseline 0.009 -31"><span class='ocrx_word' id='word_1_4' title='bbox 48 351 113 396; x_wconf 79' lang='grc'>63</span> <span class='ocrx_word' id='word_1_5' title='bbox 173 340 304 397; x_wconf 82' lang='grc' dir='ltr'><em>αὕτη,</em></span> <span class='ocrx_word' id='word_1_6' title='bbox 346 341 434 385; x_wconf 74' lang='grc' dir='ltr'><em>ἔστι</em></span> <span class='ocrx_word' id='word_1_7' title='bbox 471 341 565 396; x_wconf 77' lang='grc' dir='ltr'>ἷρός</span> <span class='ocrx_word' id='word_1_8' title='bbox 605 343 702 398; x_wconf 82' lang='grc' dir='ltr'><em>περὶ</em></span> <span class='ocrx_word' id='word_1_9' title='bbox 739 342 881 386; x_wconf 81' lang='grc' dir='ltr'><em>αὐτοῦ</em></span> <span class='ocrx_word' id='word_1_10' title='bbox 908 341 1038 398; x_wconf 79' lang='grc' dir='ltr'>λόγος</span> <span class='ocrx_word' id='word_1_11' title='bbox 1066 341 1308 398; x_wconf 79' lang='grc' dir='ltr'>λεγόμενος·</span> <span class='ocrx_word' id='word_1_12' title='bbox 1366 340 1763 413; x_wconf 46' lang='grc' dir='ltr'>Ἑς35ξξξξξῖἳᾶἶᾟῇῗξιθ·</span> 
     </span>
    </p>
   </div>
   <div class='ocr_carea' id='block_1_3' title="bbox 1487 412 1763 447">
    <p class='ocr_par' dir='ltr' id='par_1_3' title="bbox 1487 412 1763 447">
     <span class='ocr_line' id='line_1_3' title="bbox 1487 412 1763 447; baseline 0.014 -9"><span class='ocrx_word' id='word_1_13' title='bbox 1487 412 1625 439; x_wconf 73' lang='lat' dir='ltr'>Latonae</span> <span class='ocrx_word' id='word_1_14' title='bbox 1634 434 1642 447; x_wconf 87' lang='lat'><strong>‚</strong></span> <span class='ocrx_word' id='word_1_15' title='bbox 1662 415 1763 442; x_wconf 76' lang='lat' dir='ltr'>numi-</span> 
     </span>
    </p>
   </div>
   <div class='ocr_carea' id='block_1_4' title="bbox 169 419 1762 483">
    <p class='ocr_par' dir='ltr' id='par_1_4' title="bbox 169 419 1762 483">
     <span class='ocr_line' id='line_1_4' title="bbox 169 419 1762 483; baseline 0.001 -19"><span class='ocrx_word' id='word_1_16' title='bbox 169 420 216 464; x_wconf 78' lang='grc' dir='ltr'>δὲ</span> <span class='ocrx_word' id='word_1_17' title='bbox 239 419 390 464; x_wconf 73' lang='grc' dir='ltr'><em>Ἱῑῖλίου</em></span> <span class='ocrx_word' id='word_1_18' title='bbox 419 420 547 464; x_wconf 83' lang='grc' dir='ltr'><em>πόλιν</em></span> <span class='ocrx_word' id='word_1_19' title='bbox 575 423 648 465; x_wconf 79' lang='grc' dir='ltr'><em>καὶ</em></span> <span class='ocrx_word' id='word_1_20' title='bbox 677 426 882 466; x_wconf 82' lang='grc' dir='ltr'>Βουτοῦν</span> <span class='ocrx_word' id='word_1_21' title='bbox 910 424 1070 473; x_wconf 74' lang='grc' dir='ltr'><em>θυσίας</em></span> <span class='ocrx_word' id='word_1_22' title='bbox 1098 420 1266 478; x_wconf 80' lang='grc' dir='ltr'><strong><em>μούνας</em></strong></span> <span class='ocrx_word' id='word_1_23' title='bbox 1293 421 1431 465; x_wconf 74' lang='grc' dir='ltr'><em>ἔπιτε·</em></span> <span class='ocrx_word' id='word_1_24' title='bbox 1486 446 1597 475; x_wconf 54' lang='lat' dir='ltr'>mun„</span> <span class='ocrx_word' id='word_1_25' title='bbox 1644 448 1762 483; x_wconf 69' lang='lat' dir='ltr'>Martia,</span> 
     </span>
    </p>
   </div>
   <div class='ocr_carea' id='block_1_5' title="bbox 1484 479 1764 516">
    <p class='ocr_par' dir='ltr' id='par_1_5' title="bbox 1484 479 1764 516">
     <span class='ocr_line' id='line_1_5' title="bbox 1484 479 1764 516; baseline 0.018 -12"><span class='ocrx_word' id='word_1_26' title='bbox 1484 479 1722 516; x_wconf 73' lang='lat' dir='ltr'>Papremiticum,</span> <span class='ocrx_word' id='word_1_27' title='bbox 1732 482 1764 509; x_wconf 82' lang='lat' dir='ltr'>in</span> 
     </span>
    </p>
   </div>
   <div class='ocr_carea' id='block_1_6' title="bbox 168 499 1761 558">
    <p class='ocr_par' dir='ltr' id='par_1_6' title="bbox 168 499 1761 558">
     <span class='ocr_line' id='line_1_6' title="bbox 168 499 1761 558; baseline 0.004 -16"><span class='ocrx_word' id='word_1_28' title='bbox 168 499 317 543; x_wconf 78' lang='grc' dir='ltr'><em>λέουσι</em></span> <span class='ocrx_word' id='word_1_29' title='bbox 349 502 605 555; x_wconf 79' lang='grc' dir='ltr'>φοιτέοντες.</span> <span class='ocrx_word' id='word_1_30' title='bbox 648 502 695 545; x_wconf 77' lang='grc' dir='ltr'>ἐν</span> <span class='ocrx_word' id='word_1_31' title='bbox 734 502 779 544; x_wconf 81' lang='grc' dir='ltr'>δὲ</span> <span class='ocrx_word' id='word_1_32' title='bbox 823 501 1031 558; x_wconf 73' lang='grc' dir='ltr'><em>Παπρήμι</em></span> <span class='ocrx_word' id='word_1_33' title='bbox 1060 503 1220 552; x_wconf 77' lang='grc' dir='ltr'><em>θυσίας</em></span> <span class='ocrx_word' id='word_1_34' title='bbox 1248 501 1327 556; x_wconf 76' lang='grc' dir='ltr'>μὲν</span> <span class='ocrx_word' id='word_1_35' title='bbox 1357 500 1430 544; x_wconf 81' lang='grc' dir='ltr'><em>καὶ</em></span> <span class='ocrx_word' id='word_1_36' title='bbox 1486 521 1542 547; x_wconf 80' lang='lat' dir='ltr'>quo</span> <span class='ocrx_word' id='word_1_37' title='bbox 1569 513 1657 547; x_wconf 59' lang='lat' dir='ltr'>lignis</span> <span class='ocrx_word' id='word_1_38' title='bbox 1692 523 1761 542; x_wconf 75' lang='lat' dir='ltr'>con-</span> 
     </span>
    </p>
   </div>
   <div class='ocr_carea' id='block_1_7' title="bbox 140 577 1427 637">
    <p class='ocr_par' dir='ltr' id='par_1_7' title="bbox 140 577 1427 637">
     <span class='ocr_line' id='line_1_7' title="bbox 140 577 1427 637; baseline 0.002 -16"><span class='ocrx_word' id='word_1_39' title='bbox 140 578 268 634; x_wconf 73' lang='grc' dir='ltr'><em>2ἴ9ὰ,</em></span> <span class='ocrx_word' id='word_1_40' title='bbox 300 578 488 635; x_wconf 71' lang='grc' dir='ltr'><em>κατάπερ</em></span> <span class='ocrx_word' id='word_1_41' title='bbox 519 581 589 624; x_wconf 82' lang='grc' dir='ltr'><em>καὶ</em></span> <span class='ocrx_word' id='word_1_42' title='bbox 619 585 671 636; x_wconf 84' lang='grc' dir='ltr'>τῇ</span> <span class='ocrx_word' id='word_1_43' title='bbox 702 580 831 637; x_wconf 78' lang='grc' dir='ltr'><em>ἄλλῃ,</em></span> <span class='ocrx_word' id='word_1_44' title='bbox 862 586 1046 624; x_wconf 75' lang='grc' dir='ltr'>ποιεῦσι.</span> <span class='ocrx_word' id='word_1_45' title='bbox 1079 577 1169 624; x_wconf 74' lang='grc' dir='ltr'>εὖτ’</span> <span class='ocrx_word' id='word_1_46' title='bbox 1201 580 1255 623; x_wconf 72' lang='grc' dir='ltr'>ἂν</span> <span class='ocrx_word' id='word_1_47' title='bbox 1284 579 1329 623; x_wconf 74' lang='grc' dir='ltr'>δὲ</span> <span class='ocrx_word' id='word_1_48' title='bbox 1360 581 1427 636; x_wconf 78' lang='grc' dir='ltr'>γί-</span> 
     </span>
    </p>
   </div>
   <div class='ocr_carea' id='block_1_8' title="bbox 631 658 642 673">
    <p class='ocr_par' dir='ltr' id='par_1_8' title="bbox 631 658 642 673">
     <span class='ocr_line' id='line_1_8' title="bbox 631 658 642 673; baseline 0 -8"><span class='ocrx_word' id='word_1_49' title='bbox 631 658 642 673; x_wconf 82' lang='lat'>‹-</span> 
     </span>
    </p>
   </div>
   <div class='ocr_carea' id='block_1_9' title="bbox 1483 547 1760 617">
    <p class='ocr_par' dir='ltr' id='par_1_9' title="bbox 1483 547 1760 617">
     <span class='ocr_line' id='line_1_9' title="bbox 1485 547 1760 577; baseline 0.018 -6"><span class='ocrx_word' id='word_1_50' title='bbox 1485 547 1642 574; x_wconf 73' lang='lat' dir='ltr'>vulnerant</span> <span class='ocrx_word' id='word_1_51' title='bbox 1704 549 1760 577; x_wconf 76' lang='lat' dir='ltr'>eibi</span> 
     </span>
     <span class='ocr_line' id='line_1_10' title="bbox 1483 580 1713 617; baseline 0.013 -10"><span class='ocrx_word' id='word_1_52' title='bbox 1483 584 1584 608; x_wconf 82' lang='lat' dir='ltr'>mutuo</span> <span class='ocrx_word' id='word_1_53' title='bbox 1602 580 1713 617; x_wconf 80' lang='lat' dir='ltr'>capita.</span> 
     </span>
    </p>
   </div>
   <div class='ocr_carea' id='block_1_10' title="bbox 167 658 1486 794">
    <p class='ocr_par' dir='ltr' id='par_1_10' title="bbox 167 658 1486 794">
     <span class='ocr_line' id='line_1_11' title="bbox 167 658 1431 716; baseline 0.001 -15"><span class='ocrx_word' id='word_1_54' title='bbox 167 676 293 714; x_wconf 75' lang='grc' dir='ltr'><em>νηται</em></span> <span class='ocrx_word' id='word_1_55' title='bbox 334 660 582 716; x_wconf 75' lang='grc' dir='ltr'><em>καταφερὴς</em></span> <span class='ocrx_word' id='word_1_56' title='bbox 621 677 645 704; x_wconf 95' lang='grc' dir='ltr'><em>ο</em></span> <span class='ocrx_word' id='word_1_57' title='bbox 686 659 828 716; x_wconf 75' lang='grc' dir='ltr'><em>ἥλιος,</em></span> <span class='ocrx_word' id='word_1_58' title='bbox 891 658 1026 714; x_wconf 79' lang='grc' dir='ltr'><em>ὀλίγοι</em></span> <span class='ocrx_word' id='word_1_59' title='bbox 1070 659 1150 715; x_wconf 83' lang='grc' dir='ltr'>μέν</span> <span class='ocrx_word' id='word_1_60' title='bbox 1193 675 1304 710; x_wconf 78' lang='grc' dir='ltr'><em>τινες</em></span> <span class='ocrx_word' id='word_1_61' title='bbox 1341 663 1431 702; x_wconf 79' lang='grc' dir='ltr'>τῶν</span> 
     </span>
     <span class='ocr_line' id='line_1_12' title="bbox 169 736 1486 794; baseline -0.002 -14"><span class='ocrx_word' id='word_1_62' title='bbox 169 737 299 792; x_wconf 76' lang='grc' dir='ltr'><em>ἱρέων</em></span> <span class='ocrx_word' id='word_1_63' title='bbox 328 739 427 792; x_wconf 78' lang='grc' dir='ltr'><em>περὶ</em></span> <span class='ocrx_word' id='word_1_64' title='bbox 452 739 654 794; x_wconf 77' lang='grc' dir='ltr'><em>τῶγαλμα</em></span> <span class='ocrx_word' id='word_1_65' title='bbox 682 737 962 782; x_wconf 77' lang='grc' dir='ltr'><em>πεπονέαται’</em></span> <span class='ocrx_word' id='word_1_66' title='bbox 1012 740 1055 782; x_wconf 82' lang='grc' dir='ltr'>οἱ</span> <span class='ocrx_word' id='word_1_67' title='bbox 1093 739 1138 782; x_wconf 76' lang='grc' dir='ltr'>δὲ</span> <span class='ocrx_word' id='word_1_68' title='bbox 1168 739 1321 782; x_wconf 83' lang='grc' dir='ltr'>πολλοὶ</span> <span class='ocrx_word' id='word_1_69' title='bbox 1352 736 1486 782; x_wconf 62' lang='lat' dir='ltr'>avj-40</span> 
     </span>
    </p>
   </div>
   <div class='ocr_carea' id='block_1_11' title="bbox 166 817 1428 872">
    <p class='ocr_par' dir='ltr' id='par_1_11' title="bbox 166 817 1428 872">
     <span class='ocr_line' id='line_1_13' title="bbox 166 817 1428 872; baseline 0.002 -13"><span class='ocrx_word' id='word_1_70' title='bbox 166 821 275 868; x_wconf 75' lang='grc' dir='ltr'><em>τῶν,</em></span> <span class='ocrx_word' id='word_1_71' title='bbox 327 818 466 869; x_wconf 79' lang='grc' dir='ltr'><em>ξύλων</em></span> <span class='ocrx_word' id='word_1_72' title='bbox 504 818 695 872; x_wconf 72' lang='grc' dir='ltr'><em>κορύνας</em></span> <span class='ocrx_word' id='word_1_73' title='bbox 724 819 913 872; x_wconf 72' lang='grc' dir='ltr'><em>ἔχοντες,</em></span> <span class='ocrx_word' id='word_1_74' title='bbox 964 817 1111 861; x_wconf 73' lang='grc' dir='ltr'><em>ἑστᾶσι</em></span> <span class='ocrx_word' id='word_1_75' title='bbox 1139 822 1220 861; x_wconf 84' lang='grc' dir='ltr'>τοῦ</span> <span class='ocrx_word' id='word_1_76' title='bbox 1251 819 1351 872; x_wconf 74' lang='grc' dir='ltr'><em>ἱροῦ</em></span> <span class='ocrx_word' id='word_1_77' title='bbox 1381 817 1428 861; x_wconf 79' lang='grc' dir='ltr'>ἐν</span> 
     </span>
    </p>
   </div>
   <div class='ocr_carea' id='block_1_12' title="bbox 165 895 1426 953">
    <p class='ocr_par' dir='ltr' id='par_1_12' title="bbox 165 895 1426 953">
     <span class='ocr_line' id='line_1_14' title="bbox 165 895 1426 953; baseline 0.002 -14"><span class='ocrx_word' id='word_1_78' title='bbox 165 900 218 953; x_wconf 74' lang='grc' dir='ltr'>τῇ</span> <span class='ocrx_word' id='word_1_79' title='bbox 248 895 405 953; x_wconf 79' lang='grc' dir='ltr'><em>ἐσόδῳ·</em></span> <span class='ocrx_word' id='word_1_80' title='bbox 462 897 584 940; x_wconf 74' lang='grc' dir='ltr'>ἄλλοι</span> <span class='ocrx_word' id='word_1_81' title='bbox 616 898 660 941; x_wconf 77' lang='grc' dir='ltr'>ὁὲ</span> <span class='ocrx_word' id='word_1_82' title='bbox 692 896 880 953; x_wconf 72' lang='grc' dir='ltr'><em>εὐχωλας</em></span> <span class='ocrx_word' id='word_1_83' title='bbox 905 897 1210 948; x_wconf 76' lang='grc' dir='ltr'>ἐπιτελέοντες,</span> <span class='ocrx_word' id='word_1_84' title='bbox 1248 901 1426 948; x_wconf 81' lang='grc' dir='ltr'><em>πλεῦνες</em></span> 
     </span>
    </p>
   </div>
   <div class='ocr_carea' id='block_1_13' title="bbox 163 971 1424 1033">
    <p class='ocr_par' dir='ltr' id='par_1_13' title="bbox 163 971 1424 1033">
     <span class='ocr_line' id='line_1_15' title="bbox 163 971 1424 1033; baseline 0.002 -16"><span class='ocrx_word' id='word_1_85' title='bbox 163 976 311 1029; x_wconf 83' lang='grc' dir='ltr'><em>χιλίων</em></span> <span class='ocrx_word' id='word_1_86' title='bbox 360 973 557 1031; x_wconf 76' lang='grc' dir='ltr'><em>ἀνδρῶν,</em></span> <span class='ocrx_word' id='word_1_87' title='bbox 615 977 789 1020; x_wconf 78' lang='grc' dir='ltr'><em>ἕκαστοι</em></span> <span class='ocrx_word' id='word_1_88' title='bbox 826 977 992 1033; x_wconf 71' lang='grc' dir='ltr'><em>ἔχοντες</em></span> <span class='ocrx_word' id='word_1_89' title='bbox 1030 976 1138 1028; x_wconf 81' lang='grc' dir='ltr'><em>ξύλα</em></span> <span class='ocrx_word' id='word_1_90' title='bbox 1176 976 1250 1019; x_wconf 85' lang='grc' dir='ltr'><em>καὶ</em></span> <span class='ocrx_word' id='word_1_91' title='bbox 1287 971 1424 1027; x_wconf 78' lang='grc' dir='ltr'><em>οὗτοι,</em></span> 
     </span>
    </p>
   </div>
   <div class='ocr_carea' id='block_1_14' title="bbox 130 1053 803 1111">
    <p class='ocr_par' dir='ltr' id='par_1_14' title="bbox 130 1053 803 1111">
     <span class='ocr_line' id='line_1_16' title="bbox 130 1053 743 1093; baseline 0.007 -28"><span class='ocrx_word' id='word_1_92' title='bbox 130 1053 180 1093; x_wconf 82' lang='lat'>3,</span> <span class='ocrx_word' id='word_1_93' title='bbox 217 1054 225 1067; x_wconf 80' lang='grc'><strong>.</strong></span> <span class='ocrx_word' id='word_1_94' title='bbox 302 1054 310 1067; x_wconf 76' lang='grc'><strong>.</strong></span> <span class='ocrx_word' id='word_1_95' title='bbox 347 1054 367 1068; x_wconf 49' lang='grc' dir='ltr'>μ,</span> <span class='ocrx_word' id='word_1_96' title='bbox 509 1054 520 1068; x_wconf 55' lang='lat' dir='ltr'>f</span> <span class='ocrx_word' id='word_1_97' title='bbox 561 1055 569 1069; x_wconf 53' lang='lat'><strong><em>1</em></strong></span> <span class='ocrx_word' id='word_1_98' title='bbox 651 1056 662 1069; x_wconf 60' lang='lat' dir='ltr'>f</span> <span class='ocrx_word' id='word_1_99' title='bbox 730 1063 743 1069; x_wconf 77' lang='lat'>-</span> 
     </span>
     <span class='ocr_line' id='line_1_17' title="bbox 164 1060 803 1111; baseline 0.006 -15"><span class='ocrx_word' id='word_1_100' title='bbox 164 1070 230 1096; x_wconf 82' lang='grc' dir='ltr'>επι</span> <span class='ocrx_word' id='word_1_101' title='bbox 259 1072 312 1097; x_wconf 83' lang='grc' dir='ltr'><em>τα</em></span> <span class='ocrx_word' id='word_1_102' title='bbox 344 1072 467 1111; x_wconf 79' lang='grc' dir='ltr'><em>ετερα</em></span> <span class='ocrx_word' id='word_1_103' title='bbox 498 1060 614 1108; x_wconf 81' lang='grc' dir='ltr'><em>αλεες</em></span> <span class='ocrx_word' id='word_1_104' title='bbox 643 1067 803 1100; x_wconf 79' lang='grc' dir='ltr'><em>εστασι.</em></span> 
     </span>
    </p>
   </div>
   <div class='ocr_carea' id='block_1_15' title="bbox 98 1248 758 1693">
    <p class='ocr_par' dir='ltr' id='par_1_15' title="bbox 98 1248 758 1693">
     <span class='ocr_line' id='line_1_18' title="bbox 106 1248 756 1300; baseline 0.003 -13"><span class='ocrx_word' id='word_1_105' title='bbox 106 1248 236 1287; x_wconf 77' lang='grc' dir='ltr'><em>εἵνεκα</em></span> <span class='ocrx_word' id='word_1_106' title='bbox 260 1264 338 1287; x_wconf 89' lang='lat' dir='ltr'>cum</span> <span class='ocrx_word' id='word_1_107' title='bbox 361 1251 561 1300; x_wconf 67' lang='lat' dir='ltr'>Schweigh.</span> <span class='ocrx_word' id='word_1_108' title='bbox 586 1256 622 1290; x_wconf 87' lang='lat' dir='ltr'>et</span> <span class='ocrx_word' id='word_1_109' title='bbox 638 1253 756 1289; x_wconf 83' lang='lat' dir='ltr'>Gaisf.</span> 
     </span>
     <span class='ocr_line' id='line_1_19' title="bbox 102 1307 758 1359; baseline 0.008 -18"><span class='ocrx_word' id='word_1_110' title='bbox 102 1307 225 1355; x_wconf 80' lang='lat' dir='ltr'>recepi</span> <span class='ocrx_word' id='word_1_111' title='bbox 248 1320 314 1356; x_wconf 86' lang='lat' dir='ltr'>pro</span> <span class='ocrx_word' id='word_1_112' title='bbox 342 1307 438 1355; x_wconf 69' lang='lat' dir='ltr'>vulg.</span> <span class='ocrx_word' id='word_1_113' title='bbox 465 1307 588 1346; x_wconf 73' lang='grc' dir='ltr'><em>ἕνεκα.</em></span> <span class='ocrx_word' id='word_1_114' title='bbox 647 1309 758 1359; x_wconf 84' lang='lat' dir='ltr'><strong>Apud</strong></span> 
     </span>
     <span class='ocr_line' id='line_1_20' title="bbox 103 1361 756 1413; baseline 0.011 -16"><span class='ocrx_word' id='word_1_115' title='bbox 103 1361 321 1400; x_wconf 71' lang='lat' dir='ltr'>Pausaniam</span> <span class='ocrx_word' id='word_1_116' title='bbox 365 1369 558 1413; x_wconf 81' lang='lat' dir='ltr'>utrumque</span> <span class='ocrx_word' id='word_1_117' title='bbox 574 1395 585 1412; x_wconf 78' lang='grc'>,</span> <span class='ocrx_word' id='word_1_118' title='bbox 627 1365 756 1403; x_wconf 75' lang='grc' dir='ltr'><em>εἵνεκα</em></span> 
     </span>
     <span class='ocr_line' id='line_1_21' title="bbox 103 1417 753 1469; baseline 0.005 -15"><span class='ocrx_word' id='word_1_119' title='bbox 103 1423 139 1454; x_wconf 85' lang='lat' dir='ltr'>et</span> <span class='ocrx_word' id='word_1_120' title='bbox 162 1417 275 1456; x_wconf 71' lang='grc' dir='ltr'><em>ἕνεκα</em></span> <span class='ocrx_word' id='word_1_121' title='bbox 295 1421 442 1469; x_wconf 81' lang='lat' dir='ltr'>reperiri</span> <span class='ocrx_word' id='word_1_122' title='bbox 455 1426 577 1458; x_wconf 86' lang='lat' dir='ltr'>monet</span> <span class='ocrx_word' id='word_1_123' title='bbox 588 1421 753 1458; x_wconf 86' lang='lat' dir='ltr'>Siebelis.</span> 
     </span>
     <span class='ocr_line' id='line_1_22' title="bbox 101 1475 753 1526; baseline 0.006 -16"><span class='ocrx_word' id='word_1_124' title='bbox 101 1475 148 1510; x_wconf 86' lang='lat' dir='ltr'>ad</span> <span class='ocrx_word' id='word_1_125' title='bbox 169 1475 323 1512; x_wconf 79' lang='lat' dir='ltr'>l&#39;ausan.</span> <span class='ocrx_word' id='word_1_126' title='bbox 345 1476 381 1521; x_wconf 85' lang='lat' dir='ltr'>I,</span> <span class='ocrx_word' id='word_1_127' title='bbox 404 1478 425 1515; x_wconf 74' lang='lat'>5</span> <span class='ocrx_word' id='word_1_128' title='bbox 460 1475 495 1526; x_wconf 51' lang='grc' dir='ltr'>ᾖ.</span> <span class='ocrx_word' id='word_1_129' title='bbox 516 1477 552 1517; x_wconf 82' lang='grc'>4.</span> <span class='ocrx_word' id='word_1_130' title='bbox 574 1499 629 1504; x_wconf 88' lang='grc'>--</span> <span class='ocrx_word' id='word_1_131' title='bbox 660 1478 753 1514; x_wconf 85' lang='lat' dir='ltr'>Cae-</span> 
     </span>
     <span class='ocr_line' id='line_1_23' title="bbox 99 1532 755 1583; baseline 0.008 -17"><span class='ocrx_word' id='word_1_132' title='bbox 99 1538 215 1567; x_wconf 81' lang='lat' dir='ltr'><strong>terum</strong></span> <span class='ocrx_word' id='word_1_133' title='bbox 247 1532 293 1569; x_wconf 83' lang='lat' dir='ltr'>de</span> <span class='ocrx_word' id='word_1_134' title='bbox 325 1532 471 1570; x_wconf 88' lang='lat' dir='ltr'>Osiride</span> <span class='ocrx_word' id='word_1_135' title='bbox 518 1533 575 1570; x_wconf 86' lang='lat' dir='ltr'>hic</span> <span class='ocrx_word' id='word_1_136' title='bbox 610 1547 755 1583; x_wconf 86' lang='lat' dir='ltr'>quoque</span> 
     </span>
     <span class='ocr_line' id='line_1_24' title="bbox 100 1588 755 1639; baseline 0.005 -15"><span class='ocrx_word' id='word_1_137' title='bbox 100 1588 331 1635; x_wconf 82' lang='lat' dir='ltr'>cogitandum</span> <span class='ocrx_word' id='word_1_138' title='bbox 356 1602 448 1635; x_wconf 87' lang='lat' dir='ltr'>esse,</span> <span class='ocrx_word' id='word_1_139' title='bbox 470 1590 556 1626; x_wconf 85' lang='lat' dir='ltr'>satis</span> <span class='ocrx_word' id='word_1_140' title='bbox 578 1603 672 1639; x_wconf 82' lang='lat' dir='ltr'>quae</span> <span class='ocrx_word' id='word_1_141' title='bbox 692 1604 755 1627; x_wconf 85' lang='lat' dir='ltr'>su·-</span> 
     </span>
     <span class='ocr_line' id='line_1_25' title="bbox 98 1644 649 1693; baseline 0.009 -14"><span class='ocrx_word' id='word_1_142' title='bbox 98 1657 166 1693; x_wconf 90' lang='lat' dir='ltr'>pra</span> <span class='ocrx_word' id='word_1_143' title='bbox 180 1644 331 1682; x_wconf 82' lang='lat' dir='ltr'>diximus</span> <span class='ocrx_word' id='word_1_144' title='bbox 353 1651 649 1684; x_wconf 77' lang='lat' dir='ltr'>commonstrant.</span> 
     </span>
    </p>
   </div>
   <div class='ocr_carea' id='block_1_16' title="bbox 295 1730 566 1780">
    <p class='ocr_par' dir='ltr' id='par_1_16' title="bbox 295 1730 566 1780">
     <span class='ocr_line' id='line_1_26' title="bbox 295 1730 566 1780; baseline 0.004 -14"><span class='ocrx_word' id='word_1_145' title='bbox 295 1730 400 1780; x_wconf 77' lang='lat' dir='ltr'>Cap.</span> <span class='ocrx_word' id='word_1_146' title='bbox 431 1730 566 1768; x_wconf 76' lang='lat' dir='ltr'>Lxui.</span> 
     </span>
    </p>
   </div>
   <div class='ocr_carea' id='block_1_17' title="bbox 91 1809 752 2975">
    <p class='ocr_par' dir='ltr' id='par_1_17' title="bbox 91 1809 752 2975">
     <span class='ocr_line' id='line_1_27' title="bbox 155 1809 752 1859; baseline 0.003 -8"><span class='ocrx_word' id='word_1_147' title='bbox 155 1811 194 1859; x_wconf 79' lang='grc' dir='ltr'>ἔς</span> <span class='ocrx_word' id='word_1_148' title='bbox 213 1810 254 1851; x_wconf 78' lang='grc' dir='ltr'>δὲ</span> <span class='ocrx_word' id='word_1_149' title='bbox 274 1811 411 1852; x_wconf 86' lang='grc' dir='ltr'><em>Ἠλίου</em></span> <span class='ocrx_word' id='word_1_150' title='bbox 430 1809 545 1853; x_wconf 79' lang='grc' dir='ltr'><em>πόλιν</em></span> <span class='ocrx_word' id='word_1_151' title='bbox 565 1812 631 1851; x_wconf 78' lang='grc' dir='ltr'><em>καὶ</em></span> <span class='ocrx_word' id='word_1_152' title='bbox 653 1816 752 1853; x_wconf 85' lang='grc' dir='ltr'>Βου-</span> 
     </span>
     <span class='ocr_line' id='line_1_28' title="bbox 98 1869 752 1920; baseline 0.003 -14"><span class='ocrx_word' id='word_1_153' title='bbox 98 1871 197 1907; x_wconf 82' lang='grc' dir='ltr'><em>τοῦν</em></span> <span class='ocrx_word' id='word_1_154' title='bbox 217 1870 364 1916; x_wconf 78' lang='grc' dir='ltr'><em>θυσίας</em></span> <span class='ocrx_word' id='word_1_155' title='bbox 392 1885 425 1908; x_wconf 77' lang='grc' dir='ltr'>κ.</span> <span class='ocrx_word' id='word_1_156' title='bbox 450 1886 481 1908; x_wconf 86' lang='grc' dir='ltr'>τ.</span> <span class='ocrx_word' id='word_1_157' title='bbox 505 1869 556 1920; x_wconf 84' lang='grc' dir='ltr'>λ.]</span> <span class='ocrx_word' id='word_1_158' title='bbox 586 1870 643 1907; x_wconf 91' lang='lat' dir='ltr'>De</span> <span class='ocrx_word' id='word_1_159' title='bbox 672 1872 752 1908; x_wconf 85' lang='lat' dir='ltr'>He-</span> 
     </span>
     <span class='ocr_line' id='line_1_29' title="bbox 98 1925 752 1979; baseline 0.005 -18"><span class='ocrx_word' id='word_1_160' title='bbox 98 1925 245 1974; x_wconf 82' lang='lat' dir='ltr'>liopoli⁷</span> <span class='ocrx_word' id='word_1_161' title='bbox 283 1926 343 1962; x_wconf 88' lang='lat' dir='ltr'>ubi</span> <span class='ocrx_word' id='word_1_162' title='bbox 372 1926 450 1962; x_wconf 83' lang='lat' dir='ltr'>Soli</span> <span class='ocrx_word' id='word_1_163' title='bbox 481 1925 619 1979; x_wconf 69' lang='grc' dir='ltr'><em>(ἡλίῳ)</em></span> <span class='ocrx_word' id='word_1_164' title='bbox 651 1939 752 1964; x_wconf 81' lang='lat' dir='ltr'>sacra</span> 
     </span>
     <span class='ocr_line' id='line_1_30' title="bbox 97 1982 750 2033; baseline 0.003 -16"><span class='ocrx_word' id='word_1_165' title='bbox 97 1982 260 2028; x_wconf 82' lang='lat' dir='ltr'>fiebant,</span> <span class='ocrx_word' id='word_1_166' title='bbox 300 1983 372 2019; x_wconf 71' lang='lat' dir='ltr'>vid.</span> <span class='ocrx_word' id='word_1_167' title='bbox 415 1996 524 2033; x_wconf 85' lang='lat' dir='ltr'>supra</span> <span class='ocrx_word' id='word_1_168' title='bbox 553 1984 600 2020; x_wconf 86' lang='lat' dir='ltr'>ad</span> <span class='ocrx_word' id='word_1_169' title='bbox 632 1982 685 2028; x_wconf 85' lang='lat' dir='ltr'>ll,</span> <span class='ocrx_word' id='word_1_170' title='bbox 713 1987 750 2023; x_wconf 91' lang='lat'>7.</span> 
     </span>
     <span class='ocr_line' id='line_1_31' title="bbox 96 2037 751 2086; baseline 0.003 -12"><span class='ocrx_word' id='word_1_171' title='bbox 96 2037 155 2075; x_wconf 89' lang='lat' dir='ltr'>De</span> <span class='ocrx_word' id='word_1_172' title='bbox 183 2037 304 2075; x_wconf 70' lang='grc' dir='ltr'><em>Βαΐας</em></span> <span class='ocrx_word' id='word_1_173' title='bbox 335 2039 444 2086; x_wconf 87' lang='lat' dir='ltr'>urbe,</span> <span class='ocrx_word' id='word_1_174' title='bbox 493 2040 552 2076; x_wconf 88' lang='lat' dir='ltr'>ubi</span> <span class='ocrx_word' id='word_1_175' title='bbox 584 2039 751 2077; x_wconf 82' lang='lat' dir='ltr'>Latonae</span> 
     </span>
     <span class='ocr_line' id='line_1_32' title="bbox 95 2095 692 2142; baseline 0 -11"><span class='ocrx_word' id='word_1_176' title='bbox 95 2095 246 2141; x_wconf 86' lang='lat' dir='ltr'>festum,</span> <span class='ocrx_word' id='word_1_177' title='bbox 278 2095 437 2132; x_wconf 82' lang='lat' dir='ltr'>dicemus</span> <span class='ocrx_word' id='word_1_178' title='bbox 460 2097 507 2132; x_wconf 89' lang='lat' dir='ltr'>ad</span> <span class='ocrx_word' id='word_1_179' title='bbox 526 2096 578 2142; x_wconf 86' lang='lat' dir='ltr'>Il,</span> <span class='ocrx_word' id='word_1_180' title='bbox 601 2096 692 2136; x_wconf 78' lang='lat'>155.</span> 
     </span>
     <span class='ocr_line' id='line_1_33' title="bbox 153 2147 746 2202; baseline 0 -12"><span class='ocrx_word' id='word_1_181' title='bbox 153 2149 195 2190; x_wconf 80' lang='grc' dir='ltr'>ἒν</span> <span class='ocrx_word' id='word_1_182' title='bbox 218 2148 260 2189; x_wconf 76' lang='grc' dir='ltr'>δὲ</span> <span class='ocrx_word' id='word_1_183' title='bbox 283 2147 479 2202; x_wconf 74' lang='grc' dir='ltr'><em>Παπρήμι</em></span> <span class='ocrx_word' id='word_1_184' title='bbox 496 2175 551 2180; x_wconf 84' lang='grc'><strong>-</strong></span> <span class='ocrx_word' id='word_1_185' title='bbox 570 2150 746 2202; x_wconf 76' lang='grc' dir='ltr'>ποιεῦσι]</span> 
     </span>
     <span class='ocr_line' id='line_1_34' title="bbox 94 2206 748 2258; baseline 0.002 -14"><span class='ocrx_word' id='word_1_186' title='bbox 94 2206 154 2245; x_wconf 86' lang='lat' dir='ltr'>De</span> <span class='ocrx_word' id='word_1_187' title='bbox 174 2206 242 2244; x_wconf 85' lang='lat' dir='ltr'>hac</span> <span class='ocrx_word' id='word_1_188' title='bbox 259 2208 347 2244; x_wconf 92' lang='lat' dir='ltr'>urbe</span> <span class='ocrx_word' id='word_1_189' title='bbox 367 2209 748 2258; x_wconf 85' lang='lat' dir='ltr'>praeterHerodotum</span> 
     </span>
     <span class='ocr_line' id='line_1_35' title="bbox 97 2263 747 2313; baseline 0.005 -10"><span class='ocrx_word' id='word_1_190' title='bbox 97 2263 176 2311; x_wconf 88' lang='lat' dir='ltr'>(II,</span> <span class='ocrx_word' id='word_1_191' title='bbox 207 2266 272 2304; x_wconf 86' lang='lat'>63.</span> <span class='ocrx_word' id='word_1_192' title='bbox 311 2267 376 2305; x_wconf 85' lang='lat'>64.</span> <span class='ocrx_word' id='word_1_193' title='bbox 408 2267 472 2305; x_wconf 86' lang='lat'>71.</span> <span class='ocrx_word' id='word_1_194' title='bbox 509 2266 608 2313; x_wconf 88' lang='grc'>165)</span> <span class='ocrx_word' id='word_1_195' title='bbox 639 2278 747 2302; x_wconf 83' lang='lat' dir='ltr'>nemo</span> 
     </span>
     <span class='ocr_line' id='line_1_36' title="bbox 95 2321 747 2369; baseline 0.005 -13"><span class='ocrx_word' id='word_1_196' title='bbox 95 2325 257 2357; x_wconf 86' lang='lat' dir='ltr'>veterum</span> <span class='ocrx_word' id='word_1_197' title='bbox 276 2321 473 2369; x_wconf 83' lang='lat' dir='ltr'>quidquam</span> <span class='ocrx_word' id='word_1_198' title='bbox 491 2322 622 2359; x_wconf 82' lang='lat' dir='ltr'>retulit.</span> <span class='ocrx_word' id='word_1_199' title='bbox 669 2322 747 2359; x_wconf 75' lang='lat' dir='ltr'>Sita</span> 
     </span>
     <span class='ocr_line' id='line_1_37' title="bbox 95 2377 746 2428; baseline 0.003 -15"><span class='ocrx_word' id='word_1_200' title='bbox 95 2381 174 2413; x_wconf 90' lang='lat' dir='ltr'>erat</span> <span class='ocrx_word' id='word_1_201' title='bbox 192 2377 229 2412; x_wconf 91' lang='lat' dir='ltr'>in</span> <span class='ocrx_word' id='word_1_202' title='bbox 249 2377 461 2414; x_wconf 85' lang='lat' dir='ltr'>occidentali</span> <span class='ocrx_word' id='word_1_203' title='bbox 482 2378 611 2415; x_wconf 80' lang='lat' dir='ltr'>Deltae</span> <span class='ocrx_word' id='word_1_204' title='bbox 630 2383 746 2428; x_wconf 84' lang='lat' dir='ltr'>parte,</span> 
     </span>
     <span class='ocr_line' id='line_1_38' title="bbox 94 2431 744 2481; baseline 0.006 -14"><span class='ocrx_word' id='word_1_205' title='bbox 94 2433 144 2467; x_wconf 85' lang='lat' dir='ltr'>ita</span> <span class='ocrx_word' id='word_1_206' title='bbox 167 2437 206 2468; x_wconf 91' lang='lat' dir='ltr'>ut</span> <span class='ocrx_word' id='word_1_207' title='bbox 229 2431 443 2470; x_wconf 85' lang='lat' dir='ltr'>Mannertus</span> <span class='ocrx_word' id='word_1_208' title='bbox 470 2435 634 2471; x_wconf 79' lang='lat' dir='ltr'>coniiciat</span> <span class='ocrx_word' id='word_1_209' title='bbox 655 2435 696 2481; x_wconf 89' lang='lat' dir='ltr'>(l.</span> <span class='ocrx_word' id='word_1_210' title='bbox 723 2434 744 2471; x_wconf 92' lang='lat' dir='ltr'>l.</span> 
     </span>
     <span class='ocr_line' id='line_1_39' title="bbox 95 2487 746 2538; baseline 0 -11"><span class='ocrx_word' id='word_1_211' title='bbox 95 2487 141 2533; x_wconf 81' lang='grc' dir='ltr'>Χ,</span> <span class='ocrx_word' id='word_1_212' title='bbox 163 2490 184 2527; x_wconf 86' lang='grc'>1</span> <span class='ocrx_word' id='word_1_213' title='bbox 218 2501 254 2537; x_wconf 90' lang='lat' dir='ltr'>p-</span> <span class='ocrx_word' id='word_1_214' title='bbox 273 2489 351 2528; x_wconf 79' lang='lat'>591</span> <span class='ocrx_word' id='word_1_215' title='bbox 373 2490 490 2538; x_wconf 67' lang='lat' dir='ltr'>seq),</span> <span class='ocrx_word' id='word_1_216' title='bbox 519 2490 618 2526; x_wconf 84' lang='lat' dir='ltr'>haud</span> <span class='ocrx_word' id='word_1_217' title='bbox 640 2491 746 2527; x_wconf 82' lang='lat' dir='ltr'>aliam</span> 
     </span>
     <span class='ocr_line' id='line_1_40' title="bbox 94 2543 744 2593; baseline 0.005 -13"><span class='ocrx_word' id='word_1_218' title='bbox 94 2549 204 2592; x_wconf 82' lang='lat' dir='ltr'>atque</span> <span class='ocrx_word' id='word_1_219' title='bbox 231 2543 483 2592; x_wconf 86' lang='lat' dir='ltr'>Papremidem</span> <span class='ocrx_word' id='word_1_220' title='bbox 506 2559 585 2583; x_wconf 83' lang='lat' dir='ltr'>esse</span> <span class='ocrx_word' id='word_1_221' title='bbox 607 2548 744 2593; x_wconf 86' lang='lat' dir='ltr'>urbem,</span> 
     </span>
     <span class='ocr_line' id='line_1_41' title="bbox 94 2600 746 2648; baseline 0.006 -14"><span class='ocrx_word' id='word_1_222' title='bbox 94 2612 187 2648; x_wconf 88' lang='lat' dir='ltr'>quae</span> <span class='ocrx_word' id='word_1_223' title='bbox 214 2600 320 2636; x_wconf 90' lang='lat' dir='ltr'>etiam</span> <span class='ocrx_word' id='word_1_224' title='bbox 343 2600 434 2637; x_wconf 77' lang='lat' dir='ltr'>Xois</span> <span class='ocrx_word' id='word_1_225' title='bbox 464 2603 577 2638; x_wconf 85' lang='lat' dir='ltr'>serius</span> <span class='ocrx_word' id='word_1_226' title='bbox 611 2603 656 2638; x_wconf 85' lang='lat' dir='ltr'>sit</span> <span class='ocrx_word' id='word_1_227' title='bbox 681 2615 746 2638; x_wconf 82' lang='lat' dir='ltr'>vo-</span> 
     </span>
     <span class='ocr_line' id='line_1_42' title="bbox 93 2655 740 2706; baseline 0.005 -15"><span class='ocrx_word' id='word_1_228' title='bbox 93 2661 183 2692; x_wconf 87' lang='lat' dir='ltr'>cata.</span> <span class='ocrx_word' id='word_1_229' title='bbox 196 2655 254 2692; x_wconf 92' lang='lat' dir='ltr'>De</span> <span class='ocrx_word' id='word_1_230' title='bbox 265 2656 352 2693; x_wconf 92' lang='lat' dir='ltr'>urbe</span> <span class='ocrx_word' id='word_1_231' title='bbox 364 2656 431 2693; x_wconf 87' lang='lat' dir='ltr'>hac</span> <span class='ocrx_word' id='word_1_232' title='bbox 442 2657 740 2706; x_wconf 62' lang='lat' dir='ltr'>(Xo&#39;is-Skleeiou)</span> 
     </span>
     <span class='ocr_line' id='line_1_43' title="bbox 91 2712 741 2763; baseline 0.005 -16"><span class='ocrx_word' id='word_1_233' title='bbox 91 2712 197 2762; x_wconf 88' lang='lat' dir='ltr'>plura</span> <span class='ocrx_word' id='word_1_234' title='bbox 228 2712 397 2748; x_wconf 79' lang='lat' dir='ltr'>disseruit</span> <span class='ocrx_word' id='word_1_235' title='bbox 424 2714 624 2763; x_wconf 87' lang='lat' dir='ltr'>Champoll.</span> <span class='ocrx_word' id='word_1_236' title='bbox 646 2715 741 2763; x_wconf 81' lang='lat' dir='ltr'>l&#39;Eg.</span> 
     </span>
     <span class='ocr_line' id='line_1_44' title="bbox 93 2768 713 2819; baseline 0.003 -15"><span class='ocrx_word' id='word_1_237' title='bbox 93 2781 177 2805; x_wconf 88' lang='lat' dir='ltr'>sous</span> <span class='ocrx_word' id='word_1_238' title='bbox 195 2768 216 2804; x_wconf 93' lang='lat' dir='ltr'>l.</span> <span class='ocrx_word' id='word_1_239' title='bbox 239 2768 340 2818; x_wconf 83' lang='lat' dir='ltr'>phar.</span> <span class='ocrx_word' id='word_1_240' title='bbox 365 2768 399 2805; x_wconf 93' lang='grc' dir='ltr'>ΙΙ</span> <span class='ocrx_word' id='word_1_241' title='bbox 426 2782 510 2818; x_wconf 82' lang='lat' dir='ltr'>pag.</span> <span class='ocrx_word' id='word_1_242' title='bbox 534 2772 613 2810; x_wconf 79' lang='lat'>211</span> <span class='ocrx_word' id='word_1_243' title='bbox 637 2783 713 2819; x_wconf 82' lang='lat' dir='ltr'>seq.</span> 
     </span>
     <span class='ocr_line' id='line_1_45' title="bbox 150 2818 744 2877; baseline 0.002 -14"><span class='ocrx_word' id='word_1_244' title='bbox 150 2818 226 2863; x_wconf 74' lang='grc' dir='ltr'>εὖτ’</span> <span class='ocrx_word' id='word_1_245' title='bbox 255 2821 305 2862; x_wconf 70' lang='grc' dir='ltr'>ἂν</span> <span class='ocrx_word' id='word_1_246' title='bbox 334 2823 375 2863; x_wconf 74' lang='grc' dir='ltr'>δὲ</span> <span class='ocrx_word' id='word_1_247' title='bbox 401 2826 557 2877; x_wconf 81' lang='grc' dir='ltr'><em>γίνηται</em></span> <span class='ocrx_word' id='word_1_248' title='bbox 576 2840 744 2875; x_wconf 82' lang='grc' dir='ltr'><em>καταφε-</em></span> 
     </span>
     <span class='ocr_line' id='line_1_46' title="bbox 92 2878 743 2934; baseline 0.005 -16"><span class='ocrx_word' id='word_1_249' title='bbox 92 2878 167 2933; x_wconf 68' lang='grc' dir='ltr'>ρής</span> <span class='ocrx_word' id='word_1_250' title='bbox 209 2878 232 2919; x_wconf 83' lang='grc' dir='ltr'>ὁ</span> <span class='ocrx_word' id='word_1_251' title='bbox 258 2878 394 2929; x_wconf 76' lang='grc' dir='ltr'>ἥλιος]</span> <span class='ocrx_word' id='word_1_252' title='bbox 430 2878 656 2934; x_wconf 76' lang='grc' dir='ltr'><em>καταφερής</em></span> <span class='ocrx_word' id='word_1_253' title='bbox 695 2883 743 2921; x_wconf 90' lang='lat' dir='ltr'>de</span> 
     </span>
     <span class='ocr_line' id='line_1_47' title="bbox 135 2937 407 2975; baseline 0 0"><span class='ocrx_word' id='word_1_254' title='bbox 135 2937 346 2975; x_wconf 61' lang='lat' dir='ltr'>Hnnonow.</span> <span class='ocrx_word' id='word_1_255' title='bbox 376 2937 407 2975; x_wconf 90' lang='grc' dir='ltr'>Ι.</span> 
     </span>
    </p>
   </div>
   <div class='ocr_carea' id='block_1_18' title="bbox 863 1053 1426 1112">
    <p class='ocr_par' dir='ltr' id='par_1_18' title="bbox 863 1053 1426 1112">
     <span class='ocr_line' id='line_1_48' title="bbox 863 1053 1426 1112; baseline -0.002 -13"><span class='ocrx_word' id='word_1_256' title='bbox 863 1055 913 1099; x_wconf 80' lang='grc' dir='ltr'>τό</span> <span class='ocrx_word' id='word_1_257' title='bbox 953 1056 998 1099; x_wconf 75' lang='grc' dir='ltr'>δὲ</span> <span class='ocrx_word' id='word_1_258' title='bbox 1035 1053 1227 1112; x_wconf 73' lang='grc' dir='ltr'><em>ἄγαλμα,</em></span> <span class='ocrx_word' id='word_1_259' title='bbox 1277 1053 1350 1099; x_wconf 81' lang='grc' dir='ltr'>ἐὸν</span> <span class='ocrx_word' id='word_1_260' title='bbox 1379 1054 1426 1099; x_wconf 80' lang='grc' dir='ltr'>ἐν</span> 
     </span>
    </p>
   </div>
   <div class='ocr_carea' id='block_1_19' title="bbox 809 1250 1480 2934">
    <p class='ocr_par' dir='ltr' id='par_1_19' title="bbox 821 1250 1480 1920">
     <span class='ocr_line' id='line_1_49' title="bbox 827 1250 1480 1297; baseline -0.002 -9"><span class='ocrx_word' id='word_1_261' title='bbox 827 1251 904 1290; x_wconf 86' lang='lat' dir='ltr'>sole</span> <span class='ocrx_word' id='word_1_262' title='bbox 941 1255 996 1288; x_wconf 85' lang='lat' dir='ltr'>est</span> <span class='ocrx_word' id='word_1_263' title='bbox 1025 1250 1172 1288; x_wconf 76' lang='lat' dir='ltr'>declivis</span> <span class='ocrx_word' id='word_1_264' title='bbox 1191 1279 1202 1297; x_wconf 88' lang='lat'>,</span> <span class='ocrx_word' id='word_1_265' title='bbox 1242 1250 1292 1287; x_wconf 75' lang='lat' dir='ltr'>acl</span> <span class='ocrx_word' id='word_1_266' title='bbox 1321 1262 1480 1287; x_wconf 79' lang='lat' dir='ltr'>occasum</span> 
     </span>
     <span class='ocr_line' id='line_1_50' title="bbox 824 1308 1479 1357; baseline 0 -13"><span class='ocrx_word' id='word_1_267' title='bbox 824 1321 980 1357; x_wconf 79' lang='lat' dir='ltr'>vergens.</span> <span class='ocrx_word' id='word_1_268' title='bbox 1029 1308 1152 1351; x_wconf 85' lang='lat' dir='ltr'>Quare</span> <span class='ocrx_word' id='word_1_269' title='bbox 1170 1320 1244 1343; x_wconf 84' lang='lat' dir='ltr'>non</span> <span class='ocrx_word' id='word_1_270' title='bbox 1267 1308 1479 1344; x_wconf 84' lang='lat' dir='ltr'>mutandum</span> 
     </span>
     <span class='ocr_line' id='line_1_51' title="bbox 823 1360 1480 1415; baseline -0.003 -13"><span class='ocrx_word' id='word_1_271' title='bbox 823 1360 1057 1415; x_wconf 71' lang='grc' dir='ltr'><em>κατωφερής</em></span> <span class='ocrx_word' id='word_1_272' title='bbox 1079 1393 1090 1411; x_wconf 84' lang='grc'>,</span> <span class='ocrx_word' id='word_1_273' title='bbox 1141 1375 1361 1412; x_wconf 84' lang='lat' dir='ltr'>quamquam</span> <span class='ocrx_word' id='word_1_274' title='bbox 1410 1363 1480 1400; x_wconf 94' lang='lat' dir='ltr'>hoc</span> 
     </span>
     <span class='ocr_line' id='line_1_52' title="bbox 823 1419 1479 1458; baseline 0 -1"><span class='ocrx_word' id='word_1_275' title='bbox 823 1422 974 1458; x_wconf 88' lang='lat' dir='ltr'>notione</span> <span class='ocrx_word' id='word_1_276' title='bbox 1009 1421 1067 1455; x_wconf 77' lang='lat' dir='ltr'>vix</span> <span class='ocrx_word' id='word_1_277' title='bbox 1107 1420 1243 1456; x_wconf 79' lang='lat' dir='ltr'>differt.</span> <span class='ocrx_word' id='word_1_278' title='bbox 1308 1419 1396 1455; x_wconf 81' lang='lat' dir='ltr'>Mox</span> <span class='ocrx_word' id='word_1_279' title='bbox 1430 1420 1479 1457; x_wconf 87' lang='lat' dir='ltr'>de</span> 
     </span>
     <span class='ocr_line' id='line_1_53' title="bbox 822 1471 1475 1525; baseline -0.002 -11"><span class='ocrx_word' id='word_1_280' title='bbox 822 1479 942 1514; x_wconf 83' lang='lat' dir='ltr'>forma</span> <span class='ocrx_word' id='word_1_281' title='bbox 966 1473 1206 1515; x_wconf 80' lang='grc' dir='ltr'><em>πεπονέαται</em></span> <span class='ocrx_word' id='word_1_282' title='bbox 1234 1476 1320 1525; x_wconf 88' lang='lat' dir='ltr'>(pro</span> <span class='ocrx_word' id='word_1_283' title='bbox 1353 1471 1475 1513; x_wconf 80' lang='grc' dir='ltr'><em>πεπό-</em></span> 
     </span>
     <span class='ocr_line' id='line_1_54' title="bbox 823 1530 1478 1583; baseline -0.006 -11"><span class='ocrx_word' id='word_1_284' title='bbox 823 1533 983 1583; x_wconf 79' lang='grc' dir='ltr'><em>νηνται)</em></span> <span class='ocrx_word' id='word_1_285' title='bbox 1006 1533 1099 1569; x_wconf 85' lang='lat' dir='ltr'>conf.</span> <span class='ocrx_word' id='word_1_286' title='bbox 1127 1530 1304 1568; x_wconf 79' lang='lat' dir='ltr'>Matthiae</span> <span class='ocrx_word' id='word_1_287' title='bbox 1324 1531 1389 1566; x_wconf 89' lang='lat' dir='ltr'>Gr.</span> <span class='ocrx_word' id='word_1_288' title='bbox 1410 1531 1478 1568; x_wconf 83' lang='lat' dir='ltr'>Gr.</span> 
     </span>
     <span class='ocr_line' id='line_1_55' title="bbox 823 1588 1477 1640; baseline -0.009 -9"><span class='ocrx_word' id='word_1_289' title='bbox 823 1588 860 1640; x_wconf 64' lang='grc' dir='ltr'>ἓ.</span> <span class='ocrx_word' id='word_1_290' title='bbox 888 1591 993 1635; x_wconf 81' lang='lat'>502,</span> <span class='ocrx_word' id='word_1_291' title='bbox 1024 1592 1062 1629; x_wconf 80' lang='lat'>2.</span> <span class='ocrx_word' id='word_1_292' title='bbox 1120 1588 1190 1624; x_wconf 88' lang='lat' dir='ltr'>Est</span> <span class='ocrx_word' id='word_1_293' title='bbox 1217 1600 1304 1625; x_wconf 81' lang='lat' dir='ltr'>vero</span> <span class='ocrx_word' id='word_1_294' title='bbox 1341 1590 1477 1626; x_wconf 83' lang='grc' dir='ltr'><em>πονεῖ-</em></span> 
     </span>
     <span class='ocr_line' id='line_1_56' title="bbox 823 1643 1474 1695; baseline -0.009 -10"><span class='ocrx_word' id='word_1_295' title='bbox 823 1651 922 1685; x_wconf 75' lang='grc' dir='ltr'><em>σθαι</em></span> <span class='ocrx_word' id='word_1_296' title='bbox 955 1646 1150 1695; x_wconf 76' lang='lat' dir='ltr'>occupari,</span> <span class='ocrx_word' id='word_1_297' title='bbox 1188 1645 1324 1680; x_wconf 74' lang='lat' dir='ltr'>versari</span> <span class='ocrx_word' id='word_1_298' title='bbox 1357 1643 1392 1680; x_wconf 88' lang='lat' dir='ltr'>in</span> <span class='ocrx_word' id='word_1_299' title='bbox 1430 1643 1474 1680; x_wconf 89' lang='lat' dir='ltr'>iis</span> 
     </span>
     <span class='ocr_line' id='line_1_57' title="bbox 822 1699 1475 1751; baseline -0.003 -12"><span class='ocrx_word' id='word_1_300' title='bbox 822 1703 937 1750; x_wconf 87' lang='lat' dir='ltr'>curis,</span> <span class='ocrx_word' id='word_1_301' title='bbox 967 1715 1062 1751; x_wconf 87' lang='lat' dir='ltr'>quae</span> <span class='ocrx_word' id='word_1_302' title='bbox 1082 1701 1130 1738; x_wconf 87' lang='lat' dir='ltr'>ad</span> <span class='ocrx_word' id='word_1_303' title='bbox 1159 1701 1217 1738; x_wconf 88' lang='lat' dir='ltr'>dei</span> <span class='ocrx_word' id='word_1_304' title='bbox 1244 1699 1475 1737; x_wconf 86' lang='lat' dir='ltr'>simulacrum</span> 
     </span>
     <span class='ocr_line' id='line_1_58' title="bbox 821 1751 1471 1810; baseline -0.005 -14"><span class='ocrx_word' id='word_1_305' title='bbox 821 1760 1038 1810; x_wconf 83' lang='lat' dir='ltr'>pertineant.</span> <span class='ocrx_word' id='word_1_306' title='bbox 1066 1780 1123 1785; x_wconf 85' lang='lat'>—-</span> <span class='ocrx_word' id='word_1_307' title='bbox 1151 1757 1211 1794; x_wconf 85' lang='lat' dir='ltr'>De</span> <span class='ocrx_word' id='word_1_308' title='bbox 1232 1751 1306 1795; x_wconf 73' lang='grc' dir='ltr'>εὖτ’</span> <span class='ocrx_word' id='word_1_309' title='bbox 1330 1752 1382 1795; x_wconf 63' lang='grc' dir='ltr'>ἂν</span> <span class='ocrx_word' id='word_1_310' title='bbox 1406 1756 1471 1793; x_wconf 81' lang='lat' dir='ltr'>Cr.</span> 
     </span>
     <span class='ocr_line' id='line_1_59' title="bbox 821 1812 1473 1863; baseline -0.003 -12"><span class='ocrx_word' id='word_1_311' title='bbox 821 1817 961 1851; x_wconf 76' lang='lat' dir='ltr'>confert</span> <span class='ocrx_word' id='word_1_312' title='bbox 993 1813 1178 1851; x_wconf 84' lang='lat' dir='ltr'>Schaefer.</span> <span class='ocrx_word' id='word_1_313' title='bbox 1217 1814 1265 1849; x_wconf 88' lang='lat' dir='ltr'>ad</span> <span class='ocrx_word' id='word_1_314' title='bbox 1301 1812 1473 1863; x_wconf 82' lang='lat' dir='ltr'>Sophocl.</span> 
     </span>
     <span class='ocr_line' id='line_1_60' title="bbox 822 1869 1196 1920; baseline -0.005 -13"><span class='ocrx_word' id='word_1_315' title='bbox 822 1871 954 1920; x_wconf 84' lang='lat' dir='ltr'>Oedip.</span> <span class='ocrx_word' id='word_1_316' title='bbox 985 1871 1079 1917; x_wconf 81' lang='lat' dir='ltr'>Reg.</span> <span class='ocrx_word' id='word_1_317' title='bbox 1102 1869 1196 1909; x_wconf 77' lang='lat'><strong>749.</strong></span> 
     </span>
    </p>

    <p class='ocr_par' dir='ltr' id='par_1_20' title="bbox 810 1920 1472 2750">
     <span class='ocr_line' id='line_1_61' title="bbox 877 1920 1471 1975; baseline -0.003 -11"><span class='ocrx_word' id='word_1_318' title='bbox 877 1924 988 1965; x_wconf 71' lang='grc' dir='ltr'>ἄλλοι</span> <span class='ocrx_word' id='word_1_319' title='bbox 1004 1923 1046 1965; x_wconf 78' lang='grc' dir='ltr'>δὲ</span> <span class='ocrx_word' id='word_1_320' title='bbox 1066 1920 1238 1975; x_wconf 72' lang='grc' dir='ltr'><em>εὕχὼλοῖς</em></span> <span class='ocrx_word' id='word_1_321' title='bbox 1257 1921 1471 1963; x_wconf 77' lang='grc' dir='ltr'><em>ἐπιτελέον-</em></span> 
     </span>
     <span class='ocr_line' id='line_1_62' title="bbox 818 1975 1470 2034; baseline -0.003 -13"><span class='ocrx_word' id='word_1_322' title='bbox 818 1982 906 2034; x_wconf 81' lang='grc' dir='ltr'><strong>τες]</strong></span> <span class='ocrx_word' id='word_1_323' title='bbox 938 1978 1087 2033; x_wconf 73' lang='grc' dir='ltr'><em>εὕχωλή</em></span> <span class='ocrx_word' id='word_1_324' title='bbox 1105 1982 1162 2017; x_wconf 61' lang='lat' dir='ltr'>rix</span> <span class='ocrx_word' id='word_1_325' title='bbox 1184 1981 1306 2017; x_wconf 82' lang='lat' dir='ltr'>differt</span> <span class='ocrx_word' id='word_1_326' title='bbox 1331 1981 1376 2017; x_wconf 88' lang='lat' dir='ltr'>ab</span> <span class='ocrx_word' id='word_1_327' title='bbox 1410 1975 1470 2019; x_wconf 75' lang='grc' dir='ltr'>εὕ-</span> 
     </span>
     <span class='ocr_line' id='line_1_63' title="bbox 819 2035 1472 2089; baseline -0.002 -13"><span class='ocrx_word' id='word_1_328' title='bbox 819 2035 880 2089; x_wconf 79' lang='grc' dir='ltr'>χή,</span> <span class='ocrx_word' id='word_1_329' title='bbox 912 2043 1040 2076; x_wconf 77' lang='lat' dir='ltr'>votum.</span> <span class='ocrx_word' id='word_1_330' title='bbox 1100 2038 1259 2074; x_wconf 83' lang='lat' dir='ltr'>Verbum</span> <span class='ocrx_word' id='word_1_331' title='bbox 1279 2035 1472 2075; x_wconf 80' lang='grc' dir='ltr'><em>ἐπιτελεῖν</em></span> 
     </span>
     <span class='ocr_line' id='line_1_64' title="bbox 819 2094 1472 2145; baseline -0.005 -13"><span class='ocrx_word' id='word_1_332' title='bbox 819 2095 993 2143; x_wconf 71' lang='lat' dir='ltr'>(soluere,</span> <span class='ocrx_word' id='word_1_333' title='bbox 1014 2094 1206 2145; x_wconf 77' lang='lat' dir='ltr'>peragere)</span> <span class='ocrx_word' id='word_1_334' title='bbox 1232 2094 1403 2141; x_wconf 85' lang='lat' dir='ltr'>frequens</span> <span class='ocrx_word' id='word_1_335' title='bbox 1434 2094 1472 2129; x_wconf 88' lang='lat' dir='ltr'>in</span> 
     </span>
     <span class='ocr_line' id='line_1_65' title="bbox 817 2150 1470 2197; baseline -0.006 -8"><span class='ocrx_word' id='word_1_336' title='bbox 817 2165 857 2189; x_wconf 90' lang='lat' dir='ltr'>re</span> <span class='ocrx_word' id='word_1_337' title='bbox 890 2165 1014 2197; x_wconf 74' lang='lat' dir='ltr'>sacra3</span> <span class='ocrx_word' id='word_1_338' title='bbox 1054 2152 1127 2187; x_wconf 65' lang='lat' dir='ltr'>vid.</span> <span class='ocrx_word' id='word_1_339' title='bbox 1169 2154 1244 2186; x_wconf 82' lang='lat' dir='ltr'>not.</span> <span class='ocrx_word' id='word_1_340' title='bbox 1276 2154 1389 2186; x_wconf 84' lang='lat' dir='ltr'>nostr.</span> <span class='ocrx_word' id='word_1_341' title='bbox 1422 2150 1470 2186; x_wconf 86' lang='lat' dir='ltr'>ad</span> 
     </span>
     <span class='ocr_line' id='line_1_66' title="bbox 817 2205 1470 2256; baseline -0.005 -12"><span class='ocrx_word' id='word_1_342' title='bbox 817 2208 964 2246; x_wconf 87' lang='lat' dir='ltr'>Ctesiae</span> <span class='ocrx_word' id='word_1_343' title='bbox 988 2209 1154 2256; x_wconf 78' lang='lat' dir='ltr'>fragium.</span> <span class='ocrx_word' id='word_1_344' title='bbox 1182 2218 1267 2256; x_wconf 82' lang='lat' dir='ltr'>pag.</span> <span class='ocrx_word' id='word_1_345' title='bbox 1289 2205 1382 2246; x_wconf 84' lang='lat'><strong>436.</strong></span> <span class='ocrx_word' id='word_1_346' title='bbox 1413 2227 1470 2233; x_wconf 92' lang='lat'>—-</span> 
     </span>
     <span class='ocr_line' id='line_1_67' title="bbox 816 2261 1469 2315; baseline -0.008 -12"><span class='ocrx_word' id='word_1_347' title='bbox 816 2263 881 2303; x_wconf 76' lang='grc' dir='ltr'>ἐπὶ</span> <span class='ocrx_word' id='word_1_348' title='bbox 910 2261 956 2303; x_wconf 69' lang='grc' dir='ltr'>τοὶ</span> <span class='ocrx_word' id='word_1_349' title='bbox 991 2264 1099 2315; x_wconf 72' lang='grc' dir='ltr'><em>ἕτερα</em></span> <span class='ocrx_word' id='word_1_350' title='bbox 1127 2264 1163 2299; x_wconf 92' lang='lat' dir='ltr'>in</span> <span class='ocrx_word' id='word_1_351' title='bbox 1187 2275 1289 2311; x_wconf 85' lang='lat' dir='ltr'>seqq.</span> <span class='ocrx_word' id='word_1_352' title='bbox 1315 2266 1394 2299; x_wconf 87' lang='lat' dir='ltr'>est:</span> <span class='ocrx_word' id='word_1_353' title='bbox 1425 2262 1469 2298; x_wconf 76' lang='lat' dir='ltr'>ab</span> 
     </span>
     <span class='ocr_line' id='line_1_68' title="bbox 815 2318 1466 2371; baseline -0.003 -14"><span class='ocrx_word' id='word_1_354' title='bbox 815 2321 928 2358; x_wconf 77' lang='lat' dir='ltr'>altera</span> <span class='ocrx_word' id='word_1_355' title='bbox 942 2325 1046 2371; x_wconf 80' lang='lat' dir='ltr'>parte</span> <span class='ocrx_word' id='word_1_356' title='bbox 1065 2322 1086 2357; x_wconf 89' lang='lat' dir='ltr'>i.</span> <span class='ocrx_word' id='word_1_357' title='bbox 1107 2334 1138 2358; x_wconf 86' lang='lat' dir='ltr'>e.</span> <span class='ocrx_word' id='word_1_358' title='bbox 1160 2331 1201 2356; x_wconf 78' lang='lat' dir='ltr'>ex</span> <span class='ocrx_word' id='word_1_359' title='bbox 1220 2318 1375 2355; x_wconf 76' lang='lat' dir='ltr'>adverso.</span> <span class='ocrx_word' id='word_1_360' title='bbox 1407 2319 1466 2355; x_wconf 92' lang='lat' dir='ltr'>Cf.</span> 
     </span>
     <span class='ocr_line' id='line_1_69' title="bbox 814 2375 1466 2425; baseline -0.008 -11"><span class='ocrx_word' id='word_1_361' title='bbox 814 2377 854 2424; x_wconf 84' lang='lat' dir='ltr'>I,</span> <span class='ocrx_word' id='word_1_362' title='bbox 885 2379 950 2419; x_wconf 83' lang='lat'>51.</span> <span class='ocrx_word' id='word_1_363' title='bbox 991 2378 1048 2425; x_wconf 83' lang='lat' dir='ltr'>II,</span> <span class='ocrx_word' id='word_1_364' title='bbox 1074 2379 1140 2418; x_wconf 83' lang='lat'>36.</span> <span class='ocrx_word' id='word_1_365' title='bbox 1198 2375 1466 2424; x_wconf 84' lang='lat' dir='ltr'>Interpunctio-</span> 
     </span>
     <span class='ocr_line' id='line_1_70' title="bbox 813 2424 1466 2483; baseline -0.003 -13"><span class='ocrx_word' id='word_1_366' title='bbox 813 2447 922 2480; x_wconf 86' lang='lat' dir='ltr'>nem,</span> <span class='ocrx_word' id='word_1_367' title='bbox 951 2447 1045 2483; x_wconf 87' lang='lat' dir='ltr'>quae</span> <span class='ocrx_word' id='word_1_368' title='bbox 1069 2433 1175 2481; x_wconf 83' lang='lat' dir='ltr'>vulgo</span> <span class='ocrx_word' id='word_1_369' title='bbox 1203 2434 1288 2468; x_wconf 87' lang='lat' dir='ltr'>ante</span> <span class='ocrx_word' id='word_1_370' title='bbox 1306 2429 1374 2468; x_wconf 80' lang='grc' dir='ltr'><em>καὶ</em></span> <span class='ocrx_word' id='word_1_371' title='bbox 1398 2424 1466 2469; x_wconf 76' lang='grc' dir='ltr'>οὗ-</span> 
     </span>
     <span class='ocr_line' id='line_1_71' title="bbox 813 2485 1464 2537; baseline -0.005 -9"><span class='ocrx_word' id='word_1_372' title='bbox 813 2505 874 2528; x_wconf 90' lang='grc' dir='ltr'>τοι</span> <span class='ocrx_word' id='word_1_373' title='bbox 902 2496 999 2537; x_wconf 85' lang='lat' dir='ltr'>erat,</span> <span class='ocrx_word' id='word_1_374' title='bbox 1036 2502 1131 2526; x_wconf 88' lang='lat' dir='ltr'>nune</span> <span class='ocrx_word' id='word_1_375' title='bbox 1159 2487 1264 2537; x_wconf 87' lang='lat' dir='ltr'>posui</span> <span class='ocrx_word' id='word_1_376' title='bbox 1290 2490 1374 2524; x_wconf 78' lang='lat' dir='ltr'>ante</span> <span class='ocrx_word' id='word_1_377' title='bbox 1398 2485 1464 2525; x_wconf 79' lang='grc' dir='ltr'>ἐπὶ</span> 
     </span>
     <span class='ocr_line' id='line_1_72' title="bbox 812 2543 1462 2597; baseline -0.008 -13"><span class='ocrx_word' id='word_1_378' title='bbox 812 2543 860 2584; x_wconf 74' lang='grc' dir='ltr'>τὰ</span> <span class='ocrx_word' id='word_1_379' title='bbox 883 2545 991 2597; x_wconf 76' lang='grc' dir='ltr'><em>ἕτερα</em></span> <span class='ocrx_word' id='word_1_380' title='bbox 1009 2559 1089 2582; x_wconf 88' lang='lat' dir='ltr'>curn</span> <span class='ocrx_word' id='word_1_381' title='bbox 1103 2545 1217 2581; x_wconf 86' lang='lat' dir='ltr'>Gaisf.</span> <span class='ocrx_word' id='word_1_382' title='bbox 1231 2547 1267 2580; x_wconf 90' lang='lat' dir='ltr'>et</span> <span class='ocrx_word' id='word_1_383' title='bbox 1278 2543 1462 2591; x_wconf 84' lang='lat' dir='ltr'>Schwgh.‚</span> 
     </span>
     <span class='ocr_line' id='line_1_73' title="bbox 814 2593 1462 2649; baseline -0.006 -11"><span class='ocrx_word' id='word_1_384' title='bbox 814 2607 852 2638; x_wconf 89' lang='lat' dir='ltr'>ut</span> <span class='ocrx_word' id='word_1_385' title='bbox 877 2604 948 2639; x_wconf 81' lang='lat' dir='ltr'>scil.</span> <span class='ocrx_word' id='word_1_386' title='bbox 978 2603 1090 2639; x_wconf 62' lang='lat' dir='ltr'>verba</span> <span class='ocrx_word' id='word_1_387' title='bbox 1116 2599 1184 2639; x_wconf 76' lang='grc' dir='ltr'><em>καὶ</em></span> <span class='ocrx_word' id='word_1_388' title='bbox 1210 2593 1320 2638; x_wconf 76' lang='grc' dir='ltr'><em>οὗτοι</em></span> <span class='ocrx_word' id='word_1_389' title='bbox 1342 2600 1462 2649; x_wconf 83' lang='lat' dir='ltr'>aptius</span> 
     </span>
     <span class='ocr_line' id='line_1_74' title="bbox 813 2658 1462 2696; baseline -0.006 -1"><span class='ocrx_word' id='word_1_390' title='bbox 813 2671 892 2695; x_wconf 89' lang='lat' dir='ltr'>cum</span> <span class='ocrx_word' id='word_1_391' title='bbox 918 2658 1214 2696; x_wconf 86' lang='lat' dir='ltr'>antecedentibus</span> <span class='ocrx_word' id='word_1_392' title='bbox 1243 2660 1462 2692; x_wconf 82' lang='lat' dir='ltr'>connectan-</span> 
     </span>
     <span class='ocr_line' id='line_1_75' title="bbox 810 2718 879 2750; baseline 0 0"><span class='ocrx_word' id='word_1_393' title='bbox 810 2718 879 2750; x_wconf 86' lang='lat' dir='ltr'>tur.</span> 
     </span>
    </p>

    <p class='ocr_par' dir='ltr' id='par_1_21' title="bbox 809 2764 1463 2934">
     <span class='ocr_line' id='line_1_76' title="bbox 867 2764 1463 2820; baseline -0.005 -12"><span class='ocrx_word' id='word_1_394' title='bbox 867 2766 911 2808; x_wconf 73' lang='grc' dir='ltr'>τό</span> <span class='ocrx_word' id='word_1_395' title='bbox 938 2767 980 2808; x_wconf 77' lang='grc' dir='ltr'>δὲ</span> <span class='ocrx_word' id='word_1_396' title='bbox 1012 2765 1187 2820; x_wconf 68' lang='grc' dir='ltr'><em>ἄγαλμα,</em></span> <span class='ocrx_word' id='word_1_397' title='bbox 1213 2764 1280 2807; x_wconf 74' lang='grc' dir='ltr'>ἐὸν</span> <span class='ocrx_word' id='word_1_398' title='bbox 1310 2767 1352 2806; x_wconf 78' lang='grc' dir='ltr'>ἐν</span> <span class='ocrx_word' id='word_1_399' title='bbox 1376 2768 1463 2820; x_wconf 77' lang='grc' dir='ltr'>νηῷ</span> 
     </span>
     <span class='ocr_line' id='line_1_77' title="bbox 811 2823 1460 2878; baseline -0.008 -14"><span class='ocrx_word' id='word_1_400' title='bbox 811 2825 959 2878; x_wconf 66' lang='grc' dir='ltr'><em>μικρῷ]</em></span> <span class='ocrx_word' id='word_1_401' title='bbox 1000 2823 1093 2875; x_wconf 84' lang='grc' dir='ltr'><em>νηὸς</em></span> <span class='ocrx_word' id='word_1_402' title='bbox 1128 2825 1185 2862; x_wconf 87' lang='lat' dir='ltr'>hic</span> <span class='ocrx_word' id='word_1_403' title='bbox 1214 2829 1269 2862; x_wconf 87' lang='lat' dir='ltr'>est</span> <span class='ocrx_word' id='word_1_404' title='bbox 1298 2823 1460 2861; x_wconf 80' lang='lat' dir='ltr'>aedicula</span> 
     </span>
     <span class='ocr_line' id='line_1_78' title="bbox 809 2880 1459 2934; baseline -0.005 -15"><span class='ocrx_word' id='word_1_405' title='bbox 809 2895 922 2934; x_wconf 73' lang='lat' dir='ltr'>parva</span> <span class='ocrx_word' id='word_1_406' title='bbox 938 2882 1073 2931; x_wconf 82' lang='lat' dir='ltr'>lignea,</span> <span class='ocrx_word' id='word_1_407' title='bbox 1088 2882 1126 2918; x_wconf 88' lang='lat' dir='ltr'>in</span> <span class='ocrx_word' id='word_1_408' title='bbox 1146 2893 1218 2930; x_wconf 87' lang='lat' dir='ltr'>qua</span> <span class='ocrx_word' id='word_1_409' title='bbox 1231 2880 1459 2917; x_wconf 81' lang='lat' dir='ltr'>si1nu1acr1un</span> 
     </span>
    </p>
   </div>
   <div class='ocr_carea' id='block_1_20' title="bbox 1154 2939 1211 2977">
    <p class='ocr_par' dir='ltr' id='par_1_22' title="bbox 1154 2939 1211 2977">
     <span class='ocr_line' id='line_1_79' title="bbox 1154 2939 1211 2977; baseline 0 0"><span class='ocrx_word' id='word_1_410' title='bbox 1154 2939 1211 2977; x_wconf 83' lang='lat'>40</span> 
     </span>
    </p>
   </div>
  </div>
 </body>
</html>
