1909 3228
427 180 509 220 312

816 172 1284 214 HERODOTI

432 289 608 342 βασιλεῖ.
649 284 696 328 ἐν
723 282 806 338 γὰρ
838 281 890 337 δὴ
918 286 1032 324 τοῖσι
1061 280 1193 324 ἅπασι
1225 281 1420 338 Πέρσῃσι
1447 281 1521 325 καὶ
1550 278 1682 330 αὐτὸς
1695 281 1740 321 45

406 367 609 420 4γίνεται.
642 361 770 405 ἐπεὰν
799 361 845 404 δὲ
876 357 1153 415 διαμιστύλας
1182 358 1292 403 κατά
1315 358 1445 414 μέρεα
1463 359 1512 402 τὸ
1543 358 1686 415 ἷρήϊον

436 442 574 499 ἑψήσῃ
603 440 656 483 τὰ
685 438 811 494 κρέα,
857 437 1089 488 ὑποπάσας
1121 439 1253 492 ποίην
1293 434 1351 488 ὠς
1389 436 1684 493 ἁπαλωτάτην,

436 521 620 578 μάλιστα
645 518 691 562 δὲ
719 516 768 560 τὸ
798 518 1058 573 τρίφυλλον,
1089 516 1158 560 ἐπὶ
1181 515 1339 572 ταύτης
1357 515 1486 572 ἔθηκε
1504 511 1563 558 ὧν
1581 516 1686 559 πάν-

436 616 489 643 τα
516 599 568 642 τὰ
595 595 719 652 κρέα·
749 595 977 647 διαθέντος
1007 596 1052 640 δὲ
1073 594 1237 649 αὐτοῦ,
1268 597 1404 651 μάγος
1427 592 1540 652 ἀνήρ
1560 610 1689 650 παρε-

384 797 486 832 tante
507 792 542 830 Τ
544 792 640 830 hom.
653 790 819 840 Magistr.
837 804 924 843 pag.
937 791 1032 839 512,

386 851 444 888 ubi
470 850 541 886 vid.
561 849 801 898 Oudendorp.

440 903 562 945 ἐπεάν
581 902 624 943 δὲ
653 899 908 955 διαμιστύλας
934 900 1032 942 κατά

388 960 505 1014 μέρεα
550 958 593 1000 τὸ
639 957 774 1012 ἷρήϊυν
819 956 950 1014 ἑψήσῃ
987 956 1034 998 τὰ

389 1016 506 1071 κρέα]
539 1017 632 1067 διαμ
645 1033 656 1056 ι
670 1012 756 1056 στύ
770 1019 840 1064 λας
859 1030 926 1067 pro
937 1017 1034 1064 vulg.

389 1074 687 1125 διοιμυστίλας
714 1086 808 1110 nunc
833 1078 931 1110 recte
961 1074 1038 1110 edi-

390 1136 477 1169 tum.
521 1130 630 1167 Conf.
651 1130 901 1167 Hemsterhus.
922 1131 969 1166 ad
989 1129 1040 1166 A-

390 1186 588 1238 ristophan.
609 1186 702 1223 Plut.
724 1199 776 1222 vs.
797 1188 878 1226 626
904 1199 940 1235 p.
959 1188 1040 1226 210

392 1257 468 1292 seq.
511 1242 580 1279 Est
605 1247 724 1280 autem
753 1237 1041 1294 διαμιστύλλειν

393 1302 430 1337 in
443 1299 589 1349 frustra
605 1298 790 1335 concidere.
847 1298 889 1335 In
914 1311 957 1336 eo
978 1311 1041 1335 ve-

394 1368 474 1392 rum
499 1355 578 1404 ipso
611 1355 806 1392 haeserunt
834 1354 900 1391 viri
931 1355 1040 1401 docti,

395 1411 495 1460 quod
512 1410 719 1447 Herodotus
731 1439 742 1457 ,
771 1410 832 1458 qui
851 1422 929 1460 cap.
939 1415 1042 1447 ante—

396 1466 538 1504 cedenti
551 1465 682 1503 Persas
696 1479 763 1503 nec
781 1465 906 1502 altaria
923 1467 1043 1503 facere

396 1535 465 1560 nee
490 1522 615 1570 ignem
642 1523 679 1558 in
707 1522 815 1558 sacris
843 1522 1042 1559 accendere

399 1579 619 1625 tradiderat,
653 1578 711 1615 hic
737 1578 784 1614 de
808 1578 957 1614 victimis
987 1577 1041 1613 lo-

400 1635 519 1683 quitur
536 1634 572 1670 in
594 1638 715 1684 partes
735 1633 884 1670 concisis
902 1646 1042 1670 earum-

402 1703 472 1739 que
489 1703 594 1727 carue
612 1690 760 1733 elixata3
789 1690 826 1726 id
846 1691 947 1738 quod
964 1690 1043 1727 sine

403 1748 482 1783 soco
517 1746 674 1794 igneque
709 1745 787 1782 fieri
818 1746 942 1794 utique
971 1758 1043 1782 nou

402 1802 529 1852 potuit.
588 1801 711 1844 Quare
737 1802 807 1837 iam
842 1801 1046 1839 Valckena-

403 1858 475 1894 rius
505 1856 622 1893 locum
655 1857 907 1894 Herodoteum
939 1858 1048 1908 plane

404 1913 474 1950 alio
504 1913 615 1950 modo
644 1913 848 1958 coustituit3
898 1914 957 1950 alii
982 1927 1049 1963 pro

406 1964 538 2023 ἑψήσῃ
555 1965 602 2007 τὰ
620 1967 714 2021 κρέα
729 1969 947 2007 maluerunt:
970 1969 1050 2023 ἕψῃ

407 2023 453 2064 τὰ
473 2023 568 2077 κρέα
603 2024 655 2073 (a
676 2026 786 2063 verbo
820 2024 900 2064 ἕπω
920 2047 976 2054 -
993 2026 1055 2063 ubi

408 2095 525 2119 carnes
560 2082 790 2128 curaverit),
826 2082 905 2119 alii:
935 2079 1052 2137 ’φήσῃ

407 2135 454 2177 τοὶ
474 2135 569 2190 κρέα
592 2138 674 2185 (ubi
690 2151 810 2175 carnes
832 2138 962 2175 ossibus
992 2139 1051 2176 cle-

410 2194 589 2243 traxerz't).
647 2195 722 2232 Sed
736 2195 852 2231 minus
878 2195 966 2232 haec
989 2195 1052 2232 ab-

410 2255 492 2287 sunt
511 2255 584 2287 tuin
605 2263 627 2287 a
647 2249 818 2288 librorum
833 2255 1051 2288 vetustorum

409 2306 588 2355 vestigiis,
618 2311 692 2343 tum
713 2307 758 2343 ab
776 2308 856 2358 ipsa
873 2307 1052 2345 Herodoti

410 2363 608 2409 sententia,
648 2364 710 2412 qui
737 2363 774 2399 in
801 2363 902 2400 altari
929 2364 1050 2412 ignem

413 2419 520 2456 fuisse
528 2419 673 2456 minime
683 2419 857 2465 (leclarat3
875 2420 1052 2469 necquid-

413 2487 520 2523 quam
547 2475 719 2525 impedit,
751 2475 958 2524 quominus
983 2475 1053 2513 alio

414 2530 490 2567 loco
507 2542 648 2568 caesam
669 2531 846 2568 victimam
863 2536 899 2569 et
916 2532 951 2568 in
970 2544 1055 2582 par-

413 2590 467 2622 tes
482 2586 683 2623 minutatim
709 2592 863 2635 sectam,
892 2587 1055 2625 elixatam

415 2641 524 2679 fuisse
539 2643 736 2680 credamus.
764 2644 868 2682 Haec
885 2648 939 2681 est
949 2644 1056 2681 Wes-

416 2696 556 2745 selingii
605 2699 804 2747 sententia,
849 2701 1057 2737 confirmata

418 2752 480 2797 iis,
529 2766 623 2801 quae
650 2755 698 2792 de
729 2755 872 2804 Scythis
906 2756 1056 2806 legimus

419 2807 482 2855 lV,
497 2808 550 2849 59
583 2822 747 2859 quaeque
772 2811 962 2850 Persarum
980 2825 1058 2851 mo-

1099 791 1197 828 ribus
1239 790 1347 842 plane
1383 793 1610 830 conveniunt.
1668 791 1748 830 Nec

1100 847 1203 885 aliter
1220 846 1336 885 locum
1353 849 1527 886 intellexit
1542 849 1748 885 Brissonius

1101 904 1124 941 l.
1144 903 1166 940 l.
1190 903 1221 939 Il
1236 931 1246 949 ,
1267 903 1332 945 43.
1354 926 1410 932 —
1439 905 1630 942 Trifolium
1644 935 1654 953 ,
1676 917 1748 954 quo

1103 959 1139 996 in
1158 959 1254 996 hisee
1279 965 1363 998 sunt
1399 962 1474 1008 usi,
1502 961 1750 1011 frequentissi-

1104 1029 1201 1053 mum
1227 1015 1295 1053 illis
1331 1018 1368 1053 in
1391 1018 1612 1066 regionibus.
1668 1017 1752 1054 Vid.

1104 1073 1267 1109 Brisson.
1286 1073 1319 1110 ll
1348 1072 1385 1124 §-
1407 1076 1486 1115 137
1517 1078 1554 1111 et
1581 1074 1626 1110 cf.
1649 1072 1751 1110 Suid.

1108 1124 1277 1179 Μηδική
1295 1125 1390 1178 πόα,
1418 1129 1446 1181 ἡ
1468 1129 1680 1181 τρίφυλλος
1695 1131 1753 1168 λε-

1107 1184 1266 1238 γομένη.
1299 1185 1329 1223 C
1334 1200 1362 1223 r.
1386 1187 1487 1224 addit
1505 1186 1656 1224 Barkeri
1677 1189 1752 1222 not.

1108 1243 1144 1278 in
1163 1241 1245 1279 The
1270 1242 1404 1280 classic.
1422 1243 1540 1280 Iourn.
1562 1242 1596 1279 V
1610 1256 1646 1292 p.
1660 1241 1754 1282 243.

1109 1297 1217 1344 244,
1246 1299 1308 1335 ubi
1332 1300 1379 1337 de
1409 1299 1478 1336 hac
1501 1299 1625 1349 planta
1655 1310 1755 1335 sacra

1107 1355 1352 1403 trinitatisque
1371 1355 1544 1404 symbolo,
1581 1355 1659 1391 Sed
1677 1366 1755 1391 ma-

1109 1410 1164 1458 gis
1191 1409 1261 1446 huc
1289 1413 1424 1447 faciunt
1459 1411 1640 1459 Biittigeri
1663 1414 1754 1446 nott.

1109 1467 1146 1501 in
1168 1464 1356 1503 Amalthea
1374 1467 1389 1503 Ι
1406 1480 1441 1516 p.
1467 1469 1546 1507 107
1567 1471 1642 1503 not.

1167 1519 1287 1570 ἔθηκε
1308 1544 1364 1550 —-
1384 1519 1431 1560 ττέ
1458 1520 1578 1572 κρέα]
1617 1522 1758 1559 Articu-

1109 1577 1180 1614 lum
1206 1573 1253 1614 w*
1277 1591 1298 1614 a
1327 1578 1477 1615 Reiskio
1506 1578 1642 1614 illatum
1673 1578 1759 1616 reti-

1111 1634 1271 1680 nuimus,
1301 1635 1437 1685 quippe
1463 1635 1511 1671 ad
1542 1635 1758 1672 sententiam

1111 1703 1365 1727 necessarium.

1169 1744 1376 1792 ῦιαθέντος
1413 1743 1456 1785 δὲ
1493 1742 1643 1797 αὐτοῦ]
1673 1748 1695 1784 i.
1727 1760 1759 1785 e.

1114 1815 1201 1851 quae
1237 1802 1298 1839 ubi
1333 1805 1404 1852 ipse
1442 1803 1760 1852 (sacrificaturus)

1114 1859 1300 1908 disposuit,
1321 1871 1445 1907 magus
1464 1861 1672 1910 (sacerdos)
1692 1860 1759 1897 ad-

1117 1918 1215 1951 stans
1239 1916 1456 1963 theogonium
1486 1919 1638 1964 accinit,
1675 1930 1762 1968 qua-

1118 1971 1182 2008 lem
1213 1971 1270 2009 illi
1297 1974 1567 2009 incantationem
1599 1986 1668 2009 esse
1706 1973 1763 2010 ‹li-

1119 2031 1211 2064 cunt.
1255 2028 1384 2078 Carpit
1403 2028 1490 2065 haec
1506 2029 1614 2078 Hyde
1637 2030 1684 2067 de
1704 2042 1763 2067 re-

1117 2083 1180 2132 lig.
1200 2083 1317 2121 Perss.
1339 2097 1394 2135 cp.
1415 2085 1441 2125 3
1464 2097 1548 2135 pag.
1567 2088 1634 2131 99,
1653 2098 1763 2134 quum

1117 2140 1327 2177 Herodotus
1348 2142 1525 2177 contraria
1557 2142 1690 2178 scribat
1708 2142 1764 2187 iis,

1118 2208 1212 2244 quae
1237 2209 1345 2246 supra
1374 2202 1601 2244 narraverat,
1634 2198 1763 2235 Persas

1118 2253 1206 2288 deos
1227 2265 1269 2289 ex'
1300 2252 1501 2290 homiuibus
1533 2254 1675 2302 genitos
1700 2266 1766 2291 ne-

1117 2320 1204 2356 gare
1233 2303 1612 2360 (ἄνθροποφυέας);
1668 2311 1766 2348 unde

1119 2364 1261 2401 Graeco
1288 2367 1407 2415 potius
1430 2379 1554 2414 more,
1582 2379 1656 2403 non
1678 2366 1767 2403 Per-

1120 2419 1192 2457 sico
1210 2422 1425 2472 θεογονίην
1440 2423 1642 2461 admisceri.
1661 2422 1768 2466 Quae

1120 2489 1199 2513 cum
1218 2490 1329 2527 prava
1351 2479 1447 2515 vocis
1464 2474 1768 2531 ἅνθρωποφυής

1120 2533 1416 2584 interpretatione
1442 2536 1623 2583 nitantur,
1661 2534 1768 2574 resel-

1123 2588 1196 2626 lere
1223 2603 1298 2627 non
1326 2592 1463 2630 attinet.
1500 2592 1581 2630 Nec
1608 2593 1769 2629 Graeco-

1123 2657 1200 2682 rum
1232 2645 1432 2695 Tlaeogonia
1463 2648 1520 2687 hic
1549 2649 1587 2686 in
1623 2660 1769 2686 censum

1122 2703 1245 2740 venire
1290 2709 1432 2754 potest,
1474 2709 1515 2742 ut
1552 2705 1648 2743 bene
1680 2705 1770 2741 vidit

1125 2758 1386 2809 VVesselingius
1436 2762 1526 2799 haec
1573 2761 1767 2798 adficiens:

1125 2814 1293 2861 „Persae
1321 2821 1361 2854 ut
1385 2817 1491 2868 plura
1517 2817 1676 2866 variique
1703 2827 1768 2865 ge-

1755 451 1808 490 67
