1877 3223
446 213 530 253 202

859 211 1319 253 HERODOTI

448 319 523 364 καὶ
549 318 701 371 ΗΥλλος
730 319 1000 377 συρῥηγνῦσι
1044 320 1086 372 ἐς
1124 321 1201 366 τόν
1237 321 1459 376 μέγιστον,
1501 323 1697 380 καλεόμε-

447 415 528 443 νον
557 398 804 455 δὲ’Έρμον,
846 397 894 450 ὃς
926 398 968 452 ἐξ
997 399 1151 455 οὔρεος
1189 402 1289 454 ἱροῦ
1319 400 1498 457 Μητρὸς
1529 405 1696 447 Δινδυ-

447 476 585 536 μήνης
612 476 745 534 ῥέων,
793 478 961 522 ἐκδιδοῖ
993 478 1035 530 ἐς
1072 476 1305 522 θάλασσαν
1340 479 1449 523 κατὰ
1491 484 1753 538 Φωκαίην35

418 555 623 610 2πόλιν,)
655 557 844 602 ἐνθαῦτα
875 557 899 602 ὁ
933 560 1082 613 Κῦρος
1111 555 1172 609 ὦς
1201 555 1285 602 εἶδε
1315 557 1420 609 τούς
1449 560 1626 612 Λυδούς
1655 561 1697 612 ἐς

445 634 586 692 μάχην
603 637 919 692 τασσομένους,
948 635 1285 693 καταρρωδήσας
1303 636 1384 694 τὴν
1405 639 1558 692 ἵππον,
1586 638 1697 682 ἐποί-

444 725 546 770 ησε,
589 712 809 771 Ἁρπάγου
837 714 1116 773 ὑποθεμένου
1147 715 1309 771 ἀνδρὸς
1337 715 1524 773 Μήδου,
1558 715 1698 761 τοιόν-

416 793 504 836 3δε.
558 791 658 837 ὅσαι
686 797 747 853 τῷ
785 799 954 852 στρατῷ
993 799 1054 853 τῷ
1084 795 1253 840 ἑωυτοῦ
1281 796 1436 840 ἕποντο
1467 794 1699 853 σιτοφόροι

442 886 487 915 τε
515 871 589 915 καὶ
617 872 884 929 σκευοφόροι
921 874 1128 932 κάμηλοι,
1171 874 1331 926 ταύτας
1362 873 1503 927 πάσας
1533 874 1754 929 ἁλίσας,40

442 949 517 993 καὶ
554 947 725 994 ἅπελών
765 951 818 996 τοὶ
847 951 1005 1008 ἄχθεα,
1060 951 1225 1007 ἄνδρας
1262 953 1323 997 ἐπ’
1353 952 1487 1005 αὐτὰς
1517 953 1698 1011 ἀνέβησε

443 1027 607 1073 ἱππάδα
636 1030 792 1087 στολὴν
821 1030 1163 1088 ἐνεσταλμένους.
1201 1032 1414 1084 σκευάσας
1443 1033 1489 1076 δὲ
1518 1031 1693 1086 αὐτούς,
1765 1038 1821 1082 40

440 1107 673 1163 προσέταξε
701 1113 776 1167 τῆς
814 1110 947 1167 ἄλλης
985 1115 1188 1168 στρατιῆς
1231 1112 1431 1168 προϊέναι
1469 1110 1580 1167 πρὸς
1617 1111 1698 1169 τὴν

441 1188 640 1242 Κροίσου
679 1190 835 1242 ἵππον,
895 1194 948 1247 τῇ
979 1191 1024 1235 δὲ
1051 1192 1229 1249 καμήλῳ
1260 1192 1439 1236 ἕπεσθαι
1466 1191 1543 1235 τὸν
1571 1189 1698 1244 πεζόν

441 1265 629 1322 στρατὸν
657 1267 843 1313 ἐκέλευε·
889 1267 1045 1315 ὄπισθε
1076 1271 1122 1315 δὲ
1149 1275 1230 1315 τοῦ
1258 1275 1389 1325 πεζοῦ
1422 1270 1591 1323 ἐπέταξε
1619 1269 1699 1327 τὴν

412 1348 585 1389 4πᾶσαν
623 1347 767 1390 ἵππον.

833 1348 891 1400 ὥς
927 1349 972 1393 δέ
1012 1351 1056 1394 οἱ
1093 1347 1250 1401 πάντες
1283 1349 1572 1406 διετετάχατο,
1618 1353 1754 1392 στα-45

441 1425 612 1480 ραίνεσε
652 1428 742 1468 τῶν
779 1427 859 1482 μὲν
897 1426 1041 1471 ἄλλων
1089 1431 1249 1473 Λυδῶν
1297 1428 1355 1485 μὴ
1397 1426 1697 1484 φειδομένους,

440 1504 622 1548 κτείνειν
651 1505 794 1547 πάντα
834 1505 913 1549 τὸν
949 1506 1153 1563 ἐμποδών
1190 1506 1445 1563 γινόμενον,
1502 1510 1696 1562 Κροῖσον

440 1581 487 1627 δὲ
527 1579 662 1627 αὐτὸν
695 1582 754 1640 μή
792 1585 994 1639 κτείνειν,
1056 1587 1162 1642 μηδὲ
1200 1584 1255 1642 ἢν
1285 1585 1698 1642 συλλαμβανόμενος

411 1658 667 1718 5ἆμὺνηται.
723 1666 862 1707 ταῦτα
889 1663 969 1719 μὲν
996 1665 1238 1720 παραίνεσε.
1294 1663 1371 1717 τιές
1400 1665 1446 1710 δὲ
1474 1663 1696 1721 καμήλους
1707 1672 1753 1707 50

447 1841 516 1883 καὶ
559 1839 704 1892 ”Tuos
762 1845 1030 1899 συῤῥηγνῦσι]

382 1898 504 1948 Vulgo
526 1896 772 1953 συρῥήγνυσι
791 1903 828 1939 in
847 1903 1032 1952 singulari.

382 1956 460 1993 Sed
474 1955 648 2007 pluralem
662 1957 763 1995 libris
781 1960 1032 1997 addicentibus

381 2012 626 2063 praetulimus,
683 2014 814 2053 Itidem
851 2029 935 2053 mox
968 2016 1032 2054 de-

382 2068 501 2106 dimus
531 2067 698 2120 Μητρός
733 2083 801 2121 pro
838 2071 934 2122 vulg.
961 2087 1032 2123 μη-

382 2121 491 2175 τρὸς,
522 2125 625 2164 litera
653 2127 781 2164 initiali
808 2128 946 2165 minori.
975 2149 1032 2157 —

381 2180 442 2219 De
473 2178 673 2222 ἐκδιδόναι
705 2196 816 2234 supra
854 2184 926 2222 iam
953 2196 1032 2220 mo-

381 2237 534 2277 nuimus.
589 2235 715 2278 κατὰ
747 2241 937 2291 Φωκαίην
962 2235 1033 2279 πό-

382 2295 445 2332 λιν
471 2299 545 2333 est:
574 2296 648 2344 bei,
672 2298 711 2333 in
727 2295 787 2333 der
803 2296 946 2345 Gegend
964 2309 1032 2333 von

384 2348 556 2389 Phocaea,
586 2352 732 2390 Monuit
747 2351 877 2391 Matth.
894 2351 931 2405 ἓ.
947 2352 1028 2394 581

382 2418 468 2456 pag.
494 2407 612 2450 1154.

437 2459 526 2501 ὅσαι
551 2467 606 2518 τῷ
627 2466 778 2520 στρατῷ
800 2466 857 2518 τῷ
877 2461 1030 2504 ἑωυτοῦ

383 2515 558 2569 ἕποντο]
597 2520 740 2561 ἕποντο
769 2533 849 2559 cum
882 2525 1027 2558 reccntt.

383 2574 467 2610 edd.
495 2576 688 2615 addicente
712 2577 1028 2615 Schellershemia-

384 2641 432 2665 no
451 2630 540 2667 libro
562 2633 730 2671 dedimus
751 2646 818 2683 pro
845 2633 941 2682 vulg.
971 2632 1027 2671 εἵ-

384 2700 518 2725 ποντο.
532 2709 586 2716 —-
605 2689 647 2726 ln
668 2690 857 2728 anteccdd.
880 2694 915 2727 et
925 2702 1026 2737 seqq.

383 2738 413 2790 ἦ
429 2741 548 2790 ἵππος
569 2749 642 2782 est:
665 2748 866 2795 equitatus,
889 2747 1028 2796 equites.

384 2797 459 2833 Sed
480 2798 569 2845 hoc,
599 2802 729 2850 credo,
758 2802 866 2852 lippis
888 2814 930 2838 ac
950 2806 1030 2837 ton-

386 2853 525 2891 son'bus
543 2860 675 2894 uotum.
736 2858 855 2896 Verba
877 2852 1030 2897 ἱππάδα

1100 1844 1244 1898 στολήν
1263 1845 1565 1898 ἐνεσταλμένους
1577 1850 1749 1898 (equestri

1100 1904 1223 1942 habitu
1239 1917 1269 1942 s.
1289 1907 1439 1954 equestri
1458 1907 1656 1942 vestimento
1689 1918 1750 1942 ar-

1099 1962 1231 2011 misque
1264 1960 1432 2011 indutos)
1476 1961 1645 2012 explicuit
1671 1961 1750 1999 He-

1099 2017 1198 2065 sych.
1219 2029 1292 2057 s.v.
1349 2017 1527 2068 Respexit
1545 2017 1640 2055 hunc
1661 2029 1748 2054 eun-

1100 2073 1185 2110 dem
1219 2073 1335 2110 locum
1365 2073 1564 2110 Grammat.
1596 2074 1632 2110 in
1650 2073 1749 2110 Bek-

1099 2128 1177 2166 keri
1196 2128 1357 2166 Anecdd.
1387 2129 1403 2165 I
1432 2142 1517 2179 pag.
1537 2129 1641 2175 395,
1676 2129 1746 2168 16:

1101 2180 1126 2222 ἆ
1137 2199 1159 2222 ν
1171 2183 1188 2222 ε’
1200 2185 1258 2234 βη
1273 2196 1295 2222 σ
1307 2198 1323 2222 ε
1334 2199 1356 2222 ν
1369 2193 1377 2202 ·
1395 2179 1631 2235 ἐνεβίβασεν
1646 2194 1655 2204 ·
1680 2179 1746 2222 οὕ-

1098 2255 1174 2286 τως
1192 2235 1411 2289 Ἡρόδοτος.
1459 2241 1567 2278 Conf.
1586 2239 1748 2277 Fischer.

1098 2297 1146 2334 ad
1167 2295 1311 2334 Weller.
1329 2295 1401 2344 lu,
1428 2308 1452 2334 a
1479 2309 1568 2347 pag.
1594 2295 1660 2337 44.
1681 2295 1747 2337 46.

1152 2406 1321 2446 κτείνειν
1337 2402 1467 2447 πάντα
1477 2405 1546 2448 τόν
1561 2404 1747 2458 ἐμποδών

1096 2460 1331 2516 γινόμενον]
1381 2464 1488 2513 Vulg.
1523 2459 1745 2515 γενόμενον.

1095 2521 1173 2557 Sed
1193 2535 1214 2571 y
1228 2515 1336 2569 ινόμ
1349 2534 1400 2559 εν
1416 2536 1435 2560 ο
1451 2536 1473 2560 ν
1503 2522 1641 2558 dabant
1669 2520 1747 2570 ple-

1095 2577 1197 2625 rique
1233 2577 1313 2613 libri
1348 2590 1421 2613 una
1453 2590 1533 2615 cum
1563 2577 1678 2613 Suida
1704 2590 1747 2613 ac

1097 2633 1242 2670 Thomu
1277 2632 1456 2682 Magistro
1502 2633 1597 2670 hunc
1628 2632 1745 2669 locum

1097 2690 1286 2726 citantibus
1306 2703 1335 2725 s.
1359 2703 1390 2726 v,
1410 2684 1609 2740 ἐμποδών.
1661 2688 1743 2725 Vid.

1096 2745 1229 2782 Thom.
1248 2744 1396 2794 Magist.
1429 2760 1463 2796 p.
1487 2745 1569 2787 305
1596 2757 1746 2783 monen-

1098 2805 1170 2837 tem
1192 2799 1378 2851 ἐμποδών
1406 2815 1487 2840 csse
1519 2802 1617 2841 idem
1646 2800 1743 2851 quod

1100 2856 1140 2896 ἐν
1160 2858 1290 2898 ποσίν.
