1909 3228
509 186 593 227 878

924 186 1387 226 HERODOTI

512 294 724 353 ἀνέθηκε,
750 295 904 345 λίθους
931 310 976 338 τε
1006 294 1164 347 ἄλλους
1192 296 1235 347 ἐς
1264 296 1494 354 ἐπισκευήν
1520 299 1770 355 ὑπερφυέας

484 375 562 419 2τὸ
597 375 789 431 μέγαθος
819 373 1005 429 ἐκόμισε.
1056 373 1236 430 ἠγάγετο
1268 376 1314 418 δὲ
1350 376 1518 419 τούτων
1546 378 1647 428 τούς
1675 379 1767 433 μὲν,

511 455 558 498 ἐκ
589 457 677 496 τῶν
715 451 824 496 κατὰ
864 453 1049 509 Μέμφιν
1089 454 1277 497 ἐουσέων
1312 456 1624 511 λιθοτομιέων·
1666 457 1768 508 τούς

509 532 555 575 δὲ
582 530 936 587 ὑπερμεγάθεας,
977 532 1019 584 ἐξ
1047 530 1348 589 Ἐλεφαντίνης
1388 533 1571 587 πόλιος,
1630 534 1769 579 πλόον

480 611 585 654 3καὶ
615 611 770 654 ἐείκοσι
807 611 999 666 ἡμερέων
1037 610 1278 668 ἀπεχούσης
1318 610 1402 656 ἀπὸ
1434 612 1582 665 Σάϊος.
1642 614 1690 658 τὸ
1722 615 1823 658 δὲ9ο

510 688 594 732 οὐκ
621 688 773 746 ἥκιστα
812 689 982 742 αὐτῶν,
1036 689 1141 734 ἀλλὰ
1182 691 1366 746 μάλιστα
1402 691 1644 748 θωυμάζω,
1682 693 1769 737 ἐστι

510 767 632 811 τόδε·
683 769 840 825 οἴκημα
868 768 1142 826 μουνόλιθον
1180 770 1350 826 ἐκόμισε
1379 771 1421 824 ἐξ
1462 769 1766 828 Ἐλεφαντίνης

453 981 490 1015 et
510 976 633 1015 Nilum
654 977 747 1014 intra
768 977 916 1025 virginis
938 986 975 1013 et
990 977 1103 1015 leonis

453 1035 594 1083 signum
623 1034 780 1071 coeleste
820 1038 1040 1071 crescentem
1067 1037 1105 1072 et

451 1094 566 1128 terras
595 1091 830 1127 inundantem
849 1119 859 1137 ‚
898 1095 1027 1139 postea
1057 1092 1104 1127 ad

451 1148 553 1184 robur
575 1147 806 1183 indicandum
833 1150 944 1195 atque
965 1150 1103 1196 sapien-

451 1205 539 1240 tiam
557 1203 615 1239 illa
640 1202 752 1240 relata
773 1204 837 1247 sit3
877 1203 974 1240 unde
1006 1204 1104 1240 haud

451 1259 689 1310 improbabile
711 1288 721 1306 ‚
761 1259 942 1296 masculae
967 1261 1104 1297 formae

451 1315 624 1367 sphinges
655 1328 734 1353 esse
770 1317 956 1352 formatas.
1015 1317 1104 1364 Sed,

450 1372 797 1420 Schweighaeusero
825 1376 997 1419 notante,
1030 1373 1103 1420 „in

451 1441 540 1465 voce
569 1423 860 1480 οἷνὸρόσφιγγες
889 1428 988 1477 prior
1018 1442 1102 1478 pars

450 1484 615 1522 vocabuli
638 1496 711 1520 non
736 1485 783 1519 ad
815 1484 1011 1520 masculum
1036 1498 1102 1532 ge-

450 1553 518 1578 nus
539 1541 711 1586 refertur,
742 1540 808 1576 sed
829 1540 924 1576 idem
943 1540 1039 1576 valet
1060 1552 1101 1577 ac

453 1597 483 1633 si
514 1597 651 1633 diceres
691 1591 1099 1646 a'vv‘JQcono'ooetyyagf‘

452 1653 558 1696 Quae
585 1665 671 1688 num
697 1652 744 1688 ad
775 1652 955 1688 Herodoti
982 1652 1099 1688 locum

451 1709 700 1758 explicandum
729 1707 931 1755 sufficiant,
961 1707 1018 1744 alii
1044 1709 1100 1744 ‹li-

449 1765 619 1802 iudicent.

505 1815 675 1872 ’ἠγάγετο
708 1815 750 1858 δὲ
786 1813 962 1868 τούτων]
1006 1818 1099 1856 Cum

451 1877 568 1914 Gaisf.
605 1875 691 1914 dedi
726 1869 878 1913 τούτων
911 1888 978 1925 pro
1010 1889 1100 1914 του-

449 1931 549 1972 τέων
587 1937 624 1971 et
657 1926 789 1971 αὐτῶν
828 1944 895 1981 pro
934 1926 1097 1979 αὐτέων,

450 1989 594 2029 ἐείκοσι
613 2002 681 2039 pro
706 1987 848 2033 εἴκοσι,
881 1991 920 2024 ut
941 1988 996 2036 ΙΙ,
1020 1991 1098 2029 176

453 2050 488 2084 et
506 2046 562 2093 ll,
589 2048 663 2087 121
681 2074 692 2092 ‚
721 2045 782 2081 ubi
802 2044 871 2080 vid.

507 2102 550 2141 ἐκ
569 2104 715 2140 τῶν-
739 2098 1017 2151 λιθοτομιέων]
1041 2100 1098 2138 Cf.

452 2159 505 2205 H,
525 2160 561 2199 8.
586 2158 664 2199 158
684 2157 769 2206 ibiq.
791 2163 865 2193 not.

508 2214 548 2261 ἐξ
567 2210 848 2263 Ἐλεφαντίνης
871 2208 1019 2258 πόλιος]
1042 2212 1100 2249 De

453 2270 706 2320 Eleplmntines
725 2269 841 2305 insula
867 2270 937 2305 vid.
956 2274 1030 2305 not.
1053 2269 1099 2305 ad

451 2327 505 2375 ΙΙ,
527 2330 589 2367 17.
648 2327 757 2364 Urbis
777 2326 901 2362 ruinae
920 2325 1099 2374 quaedam

451 2384 488 2420 in
508 2383 597 2421 colle
613 2383 797 2433 dispersae
814 2382 995 2430 hodieque
1014 2394 1100 2418 con-

451 2440 541 2490 spici
562 2440 746 2484 dicuntur,
776 2439 823 2475 de
843 2438 972 2487 quibus
994 2437 1097 2487 plura

451 2496 584 2533 Ritter.
613 2495 802 2533 Erdkund.
838 2495 853 2531 l
882 2506 968 2545 pag.
1002 2496 1095 2534 690.

452 2552 563 2588 Unde
595 2565 669 2588 non
702 2551 897 2588 admodum
935 2554 1095 2587 remotae

452 2607 693 2657 lapicidinae,
742 2621 762 2646 e
791 2608 919 2656 quibus
960 2606 1098 2656 lapides

452 2664 500 2700 ad
536 2663 735 2701 istiusmodi
773 2664 885 2701 moles
928 2662 1100 2713 protracti

453 2723 546 2755 sunt.
604 2720 687 2757 vid.
707 2724 780 2756 not.
800 2721 846 2756 ad
876 2720 906 2756 ll
922 2748 931 2765 ‚
952 2721 988 2759 8.
1046 2717 1100 2754 Ac

453 2775 535 2811 navi
557 2775 740 2824 ingentem
760 2777 891 2812 molem
918 2774 1098 2825 lapideam

453 2832 612 2868 secundo
641 2833 749 2869 ssuiio
791 2833 879 2869 Sa'i'n
910 2832 1098 2869 advectam

1174 991 1274 1026 esse,
1303 978 1384 1028 ipsa
1409 977 1590 1015 Herodoti
1608 978 1718 1016 verba
1736 992 1823 1029 pro-

1172 1035 1263 1071 bant
1282 1063 1293 1081 ,
1330 1047 1425 1083 quae
1458 1036 1564 1071 etiam
1588 1064 1598 1082 ‚
1636 1036 1735 1083 quod
1774 1035 1823 1071 ad

1172 1091 1440 1139 navigationem
1462 1104 1529 1141 per
1544 1091 1667 1128 Nilum
1686 1091 1821 1128 institui

1172 1147 1312 1184 solitam
1338 1148 1495 1194 attinet,
1534 1147 1639 1184 valde
1663 1147 1823 1185 tenenda

1174 1208 1269 1240 sunt.
1328 1204 1433 1239 Conf.
1461 1204 1619 1241 Heeren.
1644 1203 1755 1241 ldeen
1776 1204 1821 1251 ll,

1173 1264 1199 1301 2
1228 1272 1312 1309 pag.
1337 1259 1416 1300 144
1449 1273 1526 1308 seq.
1586 1260 1715 1297 Ritter.
1746 1259 1767 1296 Ι.
1798 1260 1822 1296 l.

1172 1330 1208 1366 p.
1228 1318 1307 1356 881
1328 1320 1364 1353 et
1383 1320 1456 1352 not.
1472 1317 1519 1352 ad
1539 1317 1676 1354 Herod.
1696 1317 1821 1363 11‚96.

1171 1372 1452 1420 Navigationem
1467 1373 1591 1421 viginti
1609 1373 1748 1409 dierum
1768 1373 1823 1409 iu-

1172 1432 1264 1464 stam
1286 1429 1398 1465 videri
1418 1429 1552 1465 iudicat
1577 1430 1732 1465 Iomard.
1756 1429 1820 1466 de-

1172 1485 1293 1533 script.
1328 1485 1375 1520 de
1407 1484 1572 1533 l'Egypt.
1605 1489 1678 1521 ant.
1708 1485 1818 1521 Ilivr.

1168 1553 1205 1590 p.
1228 1543 1332 1586 626,
1365 1541 1393 1575 si
1411 1541 1572 1589 quinque
1593 1542 1730 1577 dierum
1751 1542 1820 1578 iter

1168 1596 1380 1642 maioribus,
1403 1596 1618 1644 reliquorum
1640 1610 1725 1634 vero
1743 1598 1820 1635 die-

1167 1665 1246 1688 rum
1266 1653 1333 1688 iter
1349 1653 1546 1689 minoribus
1565 1653 1726 1690 schoenis
1753 1654 1818 1690 ab-

1168 1708 1256 1743 solvi
1276 1708 1487 1755 cogitemus.
1548 1709 1655 1745 Conf.
1674 1713 1750 1746 not.
1770 1710 1818 1746 ad

1168 1763 1220 1806 ll,
1238 1762 1274 1802 4.
1295 1765 1332 1803 9.
1363 1784 1417 1789 -
1446 1764 1684 1815 κυβερνῆται
1711 1766 1819 1802 iidem

1168 1823 1274 1865 sunt,
1304 1819 1364 1867 qui
1395 1832 1505 1870 supra
1534 1820 1588 1867 ll,
1620 1820 1699 1862 164
1722 1834 1819 1858 com-

1167 1879 1431 1921 memorantum
1461 1877 1522 1913 ubi
1543 1877 1613 1914 vid.
1631 1881 1708 1914 not.

1224 1931 1372 1981 οἴκημα
1394 1929 1663 1982 μουνόλιθον]
1689 1932 1818 1981 „Atti-

1167 1987 1220 2036 git
1246 1988 1342 2024 hunc
1367 1988 1483 2026 locum
1504 1990 1659 2027 Iomard.
1690 1991 1724 2026 in
1752 1991 1818 2028 de-

1168 2044 1363 2094 scriptione
1383 2045 1642 2095 Elephantines
1657 2075 1668 2093 ,
1699 2047 1815 2084 deser.

1168 2101 1214 2137 de
1233 2100 1327 2148 l’Eg.
1348 2102 1489 2150 antiqq.
1510 2106 1535 2138 t.
1554 2103 1565 2138 l
1588 2116 1641 2151 cp.
1655 2103 1680 2142 3
1701 2116 1735 2152 p.
1748 2104 1814 2143 3.“

1170 2156 1234 2192 Cr.
1276 2157 1336 2193 Tu
1356 2159 1449 2194 conf.
1470 2171 1579 2207 supra
1600 2158 1652 2204 ll,
1676 2159 1753 2199 155
1779 2163 1815 2196 et

1166 2212 1307 2249 Joillois
1345 2218 1381 2250 et
1424 2215 1472 2250 du
1500 2214 1739 2263 Bois—Ayme
1777 2215 1814 2251 in

1168 2268 1336 2318 descript.
1373 2270 1437 2306 des
1477 2271 1594 2307 ruines
1632 2271 1678 2308 de
1707 2271 1814 2307 Delta

1168 2325 1355 2373 (descript.
1379 2326 1425 2362 de
1453 2325 1545 2375 l'Eg.
1567 2327 1705 2376 antiqq.
1735 2331 1760 2363 t.
1782 2327 1812 2363 ll

1166 2380 1268 2430 chap.
1282 2381 1387 2417 XXV
1405 2394 1489 2431 pag.
1507 2385 1543 2423 9.
1565 2384 1647 2430 10),
1677 2383 1737 2419 ubi
1757 2396 1814 2420 se-

1164 2438 1320 2473 cundum
1336 2450 1524 2474 mensuras
1540 2438 1667 2488 lapidis
1679 2439 1725 2475 ab
1735 2439 1814 2476 He-

1163 2494 1295 2530 rodoto
1314 2494 1510 2542 indicatas,
1543 2496 1704 2532 eiusdem
1720 2508 1812 2545 pon-

1163 2550 1231 2586 dus
1248 2550 1480 2600 probabiliter
1500 2555 1672 2588 statuunt.
1730 2551 1812 2597 „Le

1167 2605 1248 2643 bloc
1266 2607 1381 2644 entier
1397 2607 1446 2644 du
1465 2607 1661 2644 monolithe
1686 2606 1811 2656 (prae-

1168 2666 1238 2698 stat
1255 2663 1348 2699 enim
1366 2663 1445 2713 ipsa
1465 2665 1648 2713 adponere
1667 2663 1810 2710 verba),

1167 2718 1216 2755 tel
1241 2719 1323 2767 qu'il
1354 2732 1374 2755 a
1396 2721 1451 2756 ete
1477 2719 1629 2757 detache
1656 2719 1721 2756 des
1751 2732 1811 2756 ro-

1166 2774 1266 2812 chers
1285 2775 1489 2825 granitique
1510 2777 1556 2813 de
1569 2776 1701 2824 Syene,
1719 2775 1809 2812 etoit

1166 2831 1213 2869 de
1241 2831 1323 2872 344
1365 2833 1497 2870 metres
1533 2832 1640 2870 cubes
1679 2835 1716 2868 et
1743 2831 1807 2869 de-
