1877 3223
451 238 533 279 162

839 236 1304 277 HERODO'I'I

419 351 438 384 6
520 345 664 389 Ἥκεις,
694 343 723 383 ὦ
749 347 951 393 Λυκόοργε,
975 347 1067 393 ἐμὸν
1088 347 1173 384 ποτὶ
1198 348 1312 383 πίονα
1337 346 1440 392 νηὸν,
1713 349 1761 384 25

533 406 622 451 Ζηνὶ
645 406 752 450 φίλος
761 431 769 447 ,

793 405 855 441 καὶ
879 406 989 441 πᾶσιν
1009 404 1193 450 Ὀλύμπια
1211 403 1346 448 δώματ’
1369 403 1500 449 ἔχουσι.

531 464 618 505 διζῶ
635 460 658 506 ἤ
675 473 712 497 σε
731 460 825 498 θεὸν
844 462 1115 507 μαντεύσομαι,
1140 461 1162 507 ἢ
1182 460 1395 505 ἄνθρωπον.

532 517 603 555 ἀλλ’
626 517 679 554 ἔτι
694 519 754 555 καὶ
773 521 912 564 μᾶλλον
939 519 1034 556 θεὸν
1054 519 1226 564 ἔλπομαι,
1257 513 1287 552 ὦ
1303 518 1498 563 Λυκόοργε.

426 589 512 631 6οῐ
540 587 618 643 μὲν
646 585 700 642 δή
730 604 844 640 τινες
873 587 985 643 πρὸς
1013 587 1205 632 τούτοισι
1235 586 1410 643 λέγουσι
1438 586 1512 630 καὶ
1541 584 1763 642 φράσαι3ο

395 804 526 854 Pythia
533 804 798 843 sciscitantibus
809 807 952 845 oracula
961 808 1045 845 edit.

396 862 504 898 Conf.
524 865 616 898 nott.
639 862 743 909 adl,
761 862 829 904 47.

451 911 484 957 ὠ
511 913 744 969 Λυκόοργε]
790 918 913 968 Vulgo
963 923 1047 958 Λυ-

395 968 546 1025 κὸεργε,
585 975 686 1023 quod
717 988 737 1012 e
763 974 979 1013 Schellersh.
1009 980 1047 1013 et

396 1030 563 1068 Mediceo
601 1030 692 1068 libro
732 1044 826 1068 nunc
869 1036 952 1068 mut
947 1035 1045 1068 ttum

397 1090 455 1125 est
485 1087 521 1123 in
538 1082 768 1139 Λυκόοργε,
800 1092 836 1124 et
860 1088 1047 1138 probatur,

397 1148 568 1181 monente
580 1144 610 1180 C
618 1156 658 1191 r.,
687 1143 857 1194 Apollon.
878 1144 998 1180 Rhod.
1017 1143 1047 1191 I,

399 1201 491 1241 162.
527 1199 677 1237 Homer.
700 1199 740 1237 ll.
760 1200 809 1237 Vl
824 1229 835 1247 ‚
856 1202 958 1248 130,
988 1200 1048 1237 ubi

396 1255 468 1292 vid.
487 1255 629 1304 Heyne.
665 1256 735 1294 Est
753 1261 872 1294 autem
895 1261 1048 1305 utraque

396 1312 514 1349 forma
526 1313 657 1349 usitata
669 1342 680 1361 ‚
700 1317 740 1350 ut
751 1314 874 1350 scribit
883 1313 1044 1351 Boeckh.

397 1367 435 1404 in
464 1368 576 1417 Corp.
597 1368 762 1418 Inscript.
793 1369 830 1415 Ι,
868 1373 885 1409 1
919 1382 955 1419 p.
980 1371 1047 1409 78.

396 1444 454 1451 —-
480 1419 685 1475 Λυκόεργε
706 1425 858 1473 praebet
877 1424 1046 1461 Aristidis

397 1479 520 1517 Schol.
540 1492 625 1530 pag.
652 1482 731 1522 108
757 1480 965 1527 Frommel.‚
984 1481 1046 1517 ubi

398 1534 532 1572 oraculi
565 1548 691 1573 versus
722 1536 912 1585 leguntur,
942 1538 1047 1574 item-

402 1604 473 1641 que
490 1591 599 1642 paulo
621 1597 708 1642 post
727 1591 817 1632 ποτὶ
840 1590 937 1631 ναὸν
955 1587 1045 1631 (ἶνι-

374 1643 470 1686 'aba
527 1647 753 1685 Exhibentur
785 1650 892 1686 iidem
919 1662 1045 1687 versus

378 1731 385 1735 .
398 1704 434 1740 in
454 1703 608 1740 Diodori
627 1704 808 1755 Excerp'tt.
828 1719 848 1742 a
865 1704 964 1742 Maio
980 1707 1046 1743 de-

397 1759 501 1797 tectis
531 1759 645 1807 (Nov.
665 1762 787 1811 script.
806 1761 884 1798 coll.
905 1762 937 1798 ll
952 1776 988 1812 p.
1001 1762 1044 1809 1)

397 1815 585 1864 additique
604 1816 771 1865 leguntur
788 1817 823 1853 hi
839 1818 931 1854 duo:

453 1881 564 1937 ἥκεις
592 1879 631 1924 δ’
656 1882 849 1937 εὐνομίαν
874 1882 1051 1938 αἰτεύμε-

565 1953 656 1988 νος·
680 1938 802 2010 αὕτοῖρ
817 1941 940 2009 ἔγωγε

453 1991 572 2038 δώσω
602 2013 675 2049 την
707 1994 783 2039 ov’n
808 1996 932 2050 α’λλην
961 1997 1050 2040 ἔπι-

566 2055 713 2106 χθονίη
737 2050 853 2102 πόλις
877 2055 964 2104 ἕξει.

398 2124 522 2175 Ipsum
563 2125 746 2163 oraculum
776 2127 1047 2165 celeberrimum

399 2182 588 2231 Spartanis
610 2183 724 2220 fuisse
742 2182 903 2230 videtur,
932 2183 1047 2222 inser-

398 2241 547 2286 tumque
572 2242 658 2285 ταῖς
682 2236 963 2286 παλαιοτάταις
1003 2235 1046 2278 οἲ-

398 2297 620 2344 ναγραφαῖς
635 2323 645 2343 ,
673 2299 714 2332 ut
735 2297 845 2333 refert
863 2296 1045 2334 Plutarch.

398 2349 499 2386 adm.
529 2350 646 2388 Colot.
671 2364 707 2401 p.
739 2351 930 2400 1156‚F.
987 2352 1047 2390 De

398 2405 526 2454 quibus
548 2401 796 2459 ἀναγραφαῖς
817 2408 882 2446 Cr.
907 2409 1047 2446 confert

398 2461 442 2498 C.
465 2461 511 2498 O.
530 2461 668 2501 Miiller.
692 2463 714 2500 l.
735 2463 756 2500 l.
786 2464 819 2501 ΙΙ
840 2477 926 2514 pag.
951 2465 1042 2504 131.

398 2516 478 2554 Nec
510 2517 746 2568 improbabile
776 2520 972 2566 videbitur,
1002 2532 1046 2557 ex

397 2570 454 2608 his
474 2573 563 2622 ipsis
583 2575 715 2613 oraculi
742 2576 853 2614 verba
871 2575 1044 2614 Herodo-

398 2630 475 2666 tum
494 2631 676 2670 sumsisse.

463 2711 579 2760 διζῶ]
638 2715 759 2765 Vulgo
810 2714 913 2762 δίζω.
969 2714 1045 2753 Sed

397 2773 560 2817 praestat
584 2770 732 2809 alterum
745 2801 757 2820 ,
792 2776 832 2809 ut
852 2772 969 2821 magis
985 2771 1046 2808 Io-

397 2824 525 2862 nicum.
583 2826 690 2864 conf.
715 2828 750 2875 I,
781 2831 836 2869 94
870 2832 906 2866 et
939 2827 1044 2865 Butt-

1113 819 1149 856 p.
1176 807 1267 845 111.
1325 804 1448 855 Ipsum
1473 803 1622 842 verbum
1654 803 1764 840 ambi-

1112 862 1219 910 gendi
1243 862 1389 898 notiori(-
1418 862 1596 898 invenitur
1626 860 1662 896 in
1684 860 1765 896 Ho-

1112 931 1199 954 mer.
1218 917 1257 954 ll.
1278 918 1376 963 ΧΠ,
1396 919 1489 958 713.
1547 917 1587 953 ln
1606 916 1763 953 Diodori

1113 973 1300 1022 Excerptis
1320 975 1440 1010 itidem
1455 977 1573 1011 exstat
1594 973 1763 1018 διξαὶ-

1117 1025 1386 1080 μαντεύσομαι
1405 1043 1447 1066 eo
1465 1042 1575 1066 sensu
1585 1029 1764 1078 accipien-

1116 1087 1204 1123 dum
1217 1116 1228 1133 ,
1281 1099 1353 1135 quo
1391 1087 1548 1122 futurum
1582 1085 1668 1134 poni
1691 1084 1766 1120 vult

1116 1142 1274 1180 WVerser.
1295 1143 1331 1179 in
1357 1141 1452 1181 Actt.
1480 1140 1578 1192 phill.
1599 1140 1764 1177 Monacc.

1115 1198 1132 1236 I
1147 1212 1233 1249 pag.
1249 1199 1332 1240 232
1346 1218 1393 1225 -—
1409 1198 1490 1240 234
1501 1227 1512 1245 ,
1541 1197 1602 1234 ubi
1618 1197 1768 1234 coniun-

1116 1255 1208 1293 ctivo
1230 1255 1466 1293 deliberativo
1491 1267 1566 1290 non
1586 1267 1698 1304 opus,
1728 1256 1768 1289 ut

1115 1311 1155 1359 Ι,
1178 1311 1242 1353 55.
1267 1314 1320 1352 97
1343 1316 1409 1349 etc.
1437 1311 1516 1348 coll.
1551 1315 1640 1346 nott.
1662 1310 1710 1347 ad
1737 1308 1767 1355 Ι,

1118 1370 1181 1408 11.
1230 1367 1326 1404 Hinc
1345 1375 1482 1405 vertas:
1513 1367 1671 1403 dicturus
1690 1368 1767 1412 sim,

1117 1423 1155 1459 ob
1175 1423 1381 1460 ich—soll.
1423 1424 1566 1460 Censor
1585 1423 1622 1458 in
1641 1421 1767 1472 Ephe-

1115 1480 1240 1516 merid.
1265 1480 1425 1517 lenenss.
1453 1481 1561 1520 1817
1585 1491 1663 1514 nro.
1688 1481 1768 1519 162

1113 1548 1200 1586 pag.
1229 1536 1312 1577 359
1342 1536 1447 1573 scribi
1467 1548 1580 1587 posse
1605 1535 1768 1585 suspica-

1113 1597 1191 1630 tur:

1171 1648 1326 1699 δίζομαι
1350 1646 1389 1687 εἴ
1407 1659 1449 1687 σε
1471 1644 1569 1687 θεὸν
1597 1642 1768 1698 μαντεύ-

1255 1717 1374 1756 σομαι
1396 1701 1424 1756 ἢ
1447 1701 1680 1756 ἄνθρωπον.

1171 1783 1200 1837 ἢ
1225 1785 1471 1839 ἄνθρωπον]
1508 1787 1564 1824 Ita
1598 1787 1767 1825 meliores

1119 1844 1211 1881 libri.
1248 1844 1320 1880 Alii
1339 1840 1386 1895 ἠὲ
1405 1843 1472 1883 καὶ
1493 1841 1630 1893 ἄνδρα.
1656 1843 1768 1894 Apud

1118 1899 1317 1938 Aristidem
1338 1901 1358 1937 l.
1383 1901 1405 1937 l.
1424 1904 1540 1938 exstat
1559 1897 1605 1950 ἠὲ
1625 1895 1767 1952 βροτόν

1119 1971 1159 1995 τε
1171 1974 1183 2005 ,-
1213 1957 1512 2006 quoleerferus
1533 1956 1617 1994 olim
1637 1957 1766 1994 desen-

1120 2014 1175 2050 dit
1188 2027 1230 2051 eo
1244 2015 1342 2063 quod
1361 2015 1459 2064 apud
1471 2018 1600 2064 poetas
1612 2013 1767 2050 subinde

1120 2065 1261 2120 ἦ-τε
1280 2071 1316 2106 in
1329 2070 1442 2107 altero
1463 2070 1634 2105 orationis
1652 2081 1767 2106 mem-

1114 2126 1183 2163 bro
1201 2131 1376 2177 ponatur,
1407 2126 1466 2163 ubi
1488 2124 1639 2175 simplex
1662 2127 1767 2162 ante-

1115 2183 1221 2219 cedat
1247 2179 1285 2233 ἤ.
1345 2182 1425 2220 Nec
1441 2187 1563 2219 tamen
1582 2181 1666 2217 ideo
1687 2193 1765 2218 me-

1113 2236 1239 2275 liorem
1277 2237 1447 2276 librorum
1482 2237 1672 2275 lectionem
1700 2237 1767 2274 de-

1113 2306 1236 2331 serere
1256 2294 1371 2332 visum
1389 2299 1455 2333 est.

1171 2358 1252 2402 ἄλλ’
1276 2362 1329 2402 ἔτι
1346 2361 1412 2401 καὶ
1438 2362 1615 2414 μᾶλλον]
1645 2363 1764 2402 InDi-

1114 2420 1218 2456 odori
1255 2419 1438 2469 Excerptt.
1474 2419 1624 2467 legitur:
1664 2415 1763 2460 α’λλιὶ

1113 2473 1213 2515 θεόν
1224 2475 1291 2514 καὶ
1310 2477 1459 2527 μᾶλλον
1480 2472 1529 2514 ἔτ’
1549 2476 1684 2527 οἴομαι
1693 2497 1762 2515 -.

1113 2531 1171 2570 De
1182 2546 1249 2569 usu
1261 2532 1459 2583 particulae
1469 2532 1536 2572 καὶ
1555 2533 1598 2581 (κ
1609 2531 1654 2571 αὶ
1667 2535 1763 2583 μᾶλ-

1113 2590 1203 2637 λον)
1234 2602 1307 2626 non
1329 2588 1530 2638 copulativa
1559 2589 1625 2627 sed
1644 2590 1762 2628 inten-

1113 2645 1189 2681 siva
1230 2645 1261 2682 C
1267 2659 1294 2682 r.
1337 2645 1461 2682 laudat
1499 2645 1683 2684 Schaefer.
1712 2646 1761 2683 ad

1112 2700 1263 2749 Dionys
1272 2701 1387 2739 Halic.
1400 2703 1446 2741 de
1465 2714 1625 2753 compos
1637 2702 1761 2740 verbb.

1109 2769 1146 2807 p.
1165 2759 1258 2798 333.

1164 2826 1206 2865 οἱ
1231 2824 1304 2878 μὲν
1335 2824 1387 2879 δή
1414 2843 1517 2876 τινες
1542 2825 1642 2879 πρός
1666 2822 1755 2866 τού-

396 2891 516 2918 mann.
570 2883 741 2921 aussuhrl.
798 2885 959 2921 Gramm.
1008 2884 1041 2921 11
1107 2895 1209 2923 τοισι
1233 2883 1418 2936 λέγουσι]
1458 2885 1590 2923 Refert
1623 2883 1755 2920 Strabo
