1877 3223
428 229 510 268 184

819 223 1282 263 HERODOTI

427 350 518 379 νων
547 332 706 388 Σύριοι
737 330 1043 388 ὀνομάζονται·
1072 327 1183 389 ἦσαν
1214 332 1259 375 δὲ
1289 333 1332 376 οἱ
1350 330 1510 387 Σύριοι
1539 327 1674 385 οὗτοι,

426 413 476 457 τό
513 413 590 469 μὲν
619 410 831 467 πρότερον
869 411 898 468 ἢ
929 411 1103 467 Πέρσας
1143 410 1290 465 ἄρξαι,
1336 410 1507 466 Μήδων
1545 410 1672 467 κατή-

399 498 549 543 Ξκοοι,
579 489 674 533 τότε
703 491 747 534 δὲ
778 490 945 545 Κύρου.
998 490 1021 534 ὁ
1050 490 1133 546 γὰρ
1165 485 1298 543 οὖρος
1325 483 1381 546 ἦν
1406 493 1480 546 τῆς
1509 506 1553 533 τε
1579 494 1676 546 Μη-

427 573 548 625 δικῆς
576 567 706 624 ἀρχῆς
742 571 816 612 καὶ
855 574 932 625 τῆς
960 572 1150 625 Λυδικῆς
1181 567 1204 611 ὁ
1231 567 1361 619 ’Ἀλυς
1388 568 1599 624 ποταμός·
1628 567 1677 620 ὃς

429 648 516 704 ῥέει
544 647 586 699 ἐξ
610 645 833 703 Ἀρμενίου
863 646 1017 703 οὔρεος
1043 649 1115 692 διὰ
1132 648 1342 691 Κιλίκων·
1367 646 1471 704 μετὰ
1491 647 1557 701 δὲ,
1579 651 1674 690 Μα-
1687 655 1732 689 80

372 850 429 885 est
444 846 576 884 Strabo
590 844 678 883 XIV
695 857 731 895 Ρ.
741 847 823 887 737
840 859 869 884 s.
895 850 1015 894 1071,

371 903 422 941 Α.
454 903 565 942 δοκεῖ
594 899 637 941 δὲ
681 915 724 940 το
759 904 841 940 τῶν
872 899 1017 955 Σύρων

371 956 500 1008 ὄνομα
528 959 718 997 διατεῖναι
749 953 830 997 dno
857 957 928 1009 μὲν
947 961 1019 1009 τῆς

370 1015 628 1066 Βαβυλωνίας
660 1013 774 1082 μέχρι
805 1017 879 1053 τοῦ
912 1011 1020 1054 Ἱσσι-

370 1073 448 1111 κοῦ
490 1067 660 1111 κόλπου·
699 1066 776 1109 α’πό
804 1068 846 1109 δὲ
872 1067 1017 1110 τούτου

371 1126 483 1193 μέχρι
527 1130 600 1167 τοῦ
635 1121 831 1174 Ευξείνου
867 1124 910 1167 τὸ
945 1143 1018 1166 πα-

371 1180 500 1223 λαιόν.
522 1185 645 1227 Quare
660 1184 902 1235 Cappadoces
920 1185 1019 1222 idem

371 1241 476 1278 addit
507 1239 759 1288 Leucosyros,
795 1241 817 1277 i.
848 1254 880 1279 e.
914 1240 1018 1278 albos

370 1296 484 1345 Syros
520 1296 663 1343 vocari,
714 1296 856 1345 aliaque
895 1301 1020 1334 monet

371 1353 418 1391 de
438 1353 539 1401 Syris
551 1381 561 1399 ,
588 1353 649 1401 qui
665 1351 853 1400 Babylone
869 1365 910 1390 ac
928 1352 1017 1390 Nini

371 1421 522 1456 regnum
543 1408 801 1444 constituerint.
848 1408 1019 1457 Namque

371 1476 510 1511 omnem,
524 1467 702 1512 quotquot
711 1462 919 1502 Aramaicae
937 1465 1020 1501 stir-

371 1520 429 1571 pis
445 1520 622 1557 habentur
647 1523 796 1567 gentes,
815 1520 883 1558 hoc
901 1521 1018 1557 nomi-

370 1589 418 1613 ne
455 1576 669 1623 designatae
714 1588 795 1613 esse
841 1577 1019 1613 videntur.

372 1632 635 1681 Cappadoces,
669 1631 731 1679 qui
770 1632 818 1668 ad
853 1632 1020 1669 Armeni-

371 1700 470 1734 cam,
506 1700 599 1736 quae
628 1700 702 1724 non
731 1687 800 1724 alia
825 1692 882 1725 est
909 1692 1018 1737 atque

370 1741 581 1790 Aramaica,
629 1744 778 1792 stirpem
823 1744 1017 1794 pertinent,

370 1799 467 1836 haud
488 1799 590 1836 aliter
608 1799 692 1835 inde
715 1800 811 1848 Syr-ii
831 1800 1017 1849 appellan-

370 1859 428 1891 tur
446 1858 555 1903 atque
576 1855 600 1890 ii
620 1855 664 1902 S)
674 1855 726 1901 rii,
753 1856 813 1903 qui
830 1856 878 1892 ad
899 1855 934 1892 T
936 1856 1018 1892 her-

369 1911 578 1947 modontem
609 1910 842 1957 habitabant,
887 1916 950 1948 aut
981 1912 1018 1958 ii,

369 1966 431 2016 qui
449 1965 690 2004 Palaestinam
705 1966 929 2014 habitabant,
958 1968 1018 2004 alii

369 2022 495 2073 populi
528 2022 622 2059 intra
651 2022 743 2059 fines
780 2024 889 2060 modo
922 2024 1018 2060 indi-

370 2083 481 2115 catos.
547 2077 656 2115 Conf.
699 2078 914 2116 Billerbeck.
959 2080 1019 2118 De

369 2133 478 2172 Asiae
526 2134 706 2171 Herodot.
767 2135 1018 2173 difficilioribb.

371 2190 536 2239 Gotting.
564 2190 687 2237 1794,
702 2203 788 2242 pag.
822 2191 859 2233 4.
897 2192 1019 2229 Szabo

369 2245 550 2297 Descript.
577 2246 710 2284 Persic.
745 2248 870 2298 imper.
899 2248 1018 2296 (Hei-

370 2302 530 2351 delberg.
553 2303 680 2351 1816)
710 2316 796 2353 pag·
823 2303 913 2345 104·
940 2304 1018 2342 He-

370 2359 537 2395 rodotum
565 2363 684 2396 autem
705 2360 752 2396 de
771 2360 941 2398 Armenia
961 2360 1017 2397 hic

369 2414 467 2463 loqui
490 2418 599 2463 atque
619 2416 745 2452 incolis
771 2416 877 2453 huius
902 2421 1020 2454 terrae

369 2470 650 2519 antiquissimis,
687 2473 749 2521 qui
782 2472 924 2510 Graeco
952 2485 1019 2509 no-

370 2526 465 2563 mine
486 2526 647 2563 dicantur
664 2528 778 2576 syrii,
808 2528 895 2566 satis
906 2531 1018 2578 patet.

372 2582 478 2618 Plura
497 2582 648 2619 Rennel.
670 2584 807 2633 Geogr.
832 2585 866 2621 d.
880 2584 1018 2621 Herod.

370 2651 406 2688 p.
443 2636 535 2678 484.
580 2638 708 2678 Ritter.
745 2640 946 2678 Erdkunde
984 2639 1017 2677 11

369 2706 452 2744 pag·
483 2696 575 2735 783.

426 2745 590 2800 Σύριοι]

370 2817 495 2843 omncs
516 2806 612 2853 libri,
648 2808 708 2856 qui
729 2809 813 2845 alibi
843 2809 902 2856 (ut
924 2809 951 2854 l,
976 2811 1018 2849 6.

370 2859 457 2909 Vll,
487 2865 559 2910 72)
609 2864 645 2901 in
691 2865 844 2903 lectione
890 2861 1018 2917 Σύροι

639 2751 694 2788 lta
723 2757 930 2790 constanter
961 2752 1018 2789 hie

1083 847 1303 896 conspirant.
1343 845 1466 890 Quare
1487 844 1572 882 nihil
1596 848 1735 883 mutare

1081 915 1191 940 ausus
1219 915 1309 938 sum.

1140 952 1245 1007 ἦσαν
1276 955 1319 995 δὲ
1351 956 1392 996 οἷ
1418 952 1584 1008 Σύριοι]
1628 950 1734 1008 ἦσαν

1085 1015 1132 1051 ob
1150 1014 1320 1050 librorum
1344 1013 1557 1062 scriptorum
1582 1026 1735 1050 consen-

1085 1083 1166 1106 sum
1199 1068 1432 1120 praetulimus
1477 1068 1644 1117 vulgatae
1682 1068 1735 1106 le-

1085 1126 1194 1163 ctioni
1223 1124 1342 1173 ἔστιν,
1373 1137 1468 1174 quae
1492 1124 1625 1162 Aldina
1648 1137 1736 1175 pro-

1083 1187 1220 1233 pagata
1239 1186 1327 1219 erat.

1142 1237 1221 1287 ῥέει
1268 1236 1308 1285 ἐξ
1345 1232 1550 1288 Ἀρμενίον
1596 1233 1737 1288 οὔρεος

1086 1291 1152 1333 δια
1175 1291 1373 1344 Κιλίκων]
1413 1293 1550 1330 Montis
1582 1293 1740 1330 Armenii

1085 1350 1180 1388 nulla
1219 1351 1302 1387 alibi
1338 1350 1496 1397 mentio,
1532 1350 1602 1386 nisi
1638 1349 1738 1399 apud

1085 1419 1195 1443 unum
1225 1406 1403 1454 Dinonys.
1433 1406 1613 1454 Perieget.
1640 1404 1736 1453 694,

1085 1463 1147 1499 ubi
1173 1462 1300 1499 Phasis
1335 1462 1419 1498 inde
1445 1464 1626 1512 profluere
1646 1461 1737 1498 ‹lici-

1083 1521 1152 1555 tur.
1212 1518 1335 1561 Quare
1391 1518 1592 1567 suspicatur
1642 1516 1737 1554 Lar-

1084 1575 1212 1612 cherus
1226 1603 1236 1621 ,
1274 1574 1423 1610 indicari
1441 1573 1555 1610 Tauri
1579 1572 1736 1621 aliquem

1085 1635 1245 1668 montem
1277 1631 1313 1667 in
1347 1629 1492 1676 Cilicia,
1532 1629 1736 1678 intelligen-

1086 1687 1227 1735 dosque
1259 1699 1342 1724 esse
1370 1686 1516 1722 omniuo
1542 1685 1736 1722 Armeniae

1086 1755 1180 1792 qnae
1204 1755 1299 1778 nunc
1319 1746 1467 1778 vocatur
1495 1746 1613 1780 terrae
1633 1753 1738 1777 mon-

1084 1802 1140 1835 tes
1175 1798 1243 1846 (cf.
1273 1797 1380 1834 Tom.
1409 1797 1494 1833 Vssl
1534 1810 1608 1848 pag
1643 1797 1736 1845 50).

1084 1852 1201 1890 Multo
1223 1853 1421 1890 accuratius
1448 1853 1485 1889 in
1511 1853 1600 1892 haec
1619 1854 1738 1902 inqui-

1086 1910 1169 1946 sivit
1209 1909 1338 1947 Ritter.
1380 1909 1582 1947 Erdkunde
1625 1909 1672 1946 T.
1702 1909 1738 1946 H

1085 1979 1170 2016 pag.
1189 1968 1281 2008 716.
1321 1965 1394 2009 Qui
1423 1959 1542 2017 οὖρος
1563 1966 1597 2003 h.
1616 1965 1638 2002 l.
1661 1977 1736 2002 non

1087 2023 1134 2059 de
1151 2035 1222 2059 uno
1244 2027 1387 2069 monte,
1416 2023 1483 2059 sed
1495 2023 1541 2059 (le
1561 2023 1737 2058 montium

1084 2082 1199 2115 tractu
1217 2078 1483 2127 intelligendum
1500 2092 1581 2115 esse
1599 2081 1735 2123 monet,

1084 2147 1205 2183 neque
1225 2134 1331 2171 alium
1362 2134 1418 2170 hic
1449 2134 1596 2170 indicari
1630 2145 1734 2169 mon-

1083 2194 1176 2237 tem,
1214 2190 1283 2226 nisi
1324 2188 1565 2239 Paryadrem,
1607 2189 1734 2235 (unde

1081 2245 1172 2283 alter
1199 2248 1356 2295 profluat
1384 2246 1523 2293 Halyos
1562 2246 1644 2281 sons
1676 2257 1736 2282 se-

1081 2301 1333 2352 ptentrionalis
1373 2306 1518 2351 praeter
1553 2301 1735 2338 Sebasteu

1082 2371 1111 2394 s.
1131 2358 1267 2405 Siwas)
1299 2356 1542 2406 velArgacum
1562 2361 1734 2403 montem,

1086 2414 1148 2463 qui
1177 2414 1371 2450 altissimus
1399 2415 1556 2451 omnium
1583 2413 1651 2449 illic
1678 2413 1735 2449 di-

1086 2475 1187 2506 catur
1232 2470 1428 2518 montium,
1483 2483 1526 2508 ex
1575 2482 1647 2519 quo
1696 2469 1734 2505 in

1086 2531 1276 2576 utrumque
1303 2539 1403 2564 mare
1430 2531 1554 2577 pateat
1580 2537 1735 2576 prospe-

1087 2587 1164 2619 ctus
1180 2612 1191 2630 ‚
1231 2586 1267 2620 et
1301 2595 1343 2619 ex
1380 2595 1453 2632 quo
1481 2583 1571 2620 alter
1593 2581 1734 2630 Halyos

1085 2639 1167 2675 sons
1221 2639 1464 2677 meridionalis
1516 2638 1734 2689 proveniens

1085 2695 1304 2733 Caesaream
1350 2694 1536 2733 Mazacam
1573 2698 1736 2744 praeter-

1085 2750 1235 2789 labatur.
1280 2750 1482 2801 Utrumque
1502 2756 1660 2789 montem
1685 2749 1732 2787 ad

1086 2821 1168 2845 eum
1196 2808 1379 2859 pertinere
1410 2813 1580 2855 tractum,
1624 2819 1731 2855 quem

1084 2867 1306 2916 posteriores
1344 2865 1543 2916 geographi
1572 2862 1730 2914 appella—
