1909 3228
556 197 974 238 EUTERPE.
1033 198 1079 236 11.

1355 198 1440 238 735

175 309 248 352 καὶ
288 305 515 363 Αἰγύπτου
565 308 607 359 ἐς
644 308 692 351 τὸ
733 311 819 352 νῦν
859 304 1122 363 Κανωβικόν
1171 305 1441 362 καλεύμενον

146 387 315 444 3στόμα
358 392 439 431 τοῦ
470 390 656 440 Νείλου,
707 387 780 431 καὶ
820 387 863 438 ἐς
896 387 1132 442 Ταριχείας.
1189 380 1246 441 ἦν
1286 385 1332 428 δὲ
1373 385 1441 429 ἐπὶ

176 471 252 524 τῆς
280 467 459 524 ἠϊόνος,
492 467 517 511 ὂ
546 469 618 511 καὶ
646 471 731 510 νῦν
761 466 869 517 ἐστι,
895 464 1133 521 ‘Homul-{og
1163 464 1284 520 ἱρόν·
1315 464 1358 516 ἐς
1388 462 1437 508 τὸ
1452 471 1496 504 75

174 546 229 603 ἢν
262 548 529 603 καταφυγών
558 549 723 603 οἰκέτης
760 546 865 604 ὅτεῳ
902 543 1150 600 ἀνθρώπων
1183 542 1438 600 ἐπιβάληται
1498 543 1578 584 155

176 628 385 683 στίγματα
416 627 509 682 ἱρὰ,
563 627 728 670 ἑωυτὸν
759 625 910 677 διδούς
939 629 999 682 τῷ
1028 628 1147 681 θεῷ,
1196 622 1277 668 οὐκ
1308 623 1440 676 ἔξεστι

119 828 240 859 niente
261 824 498 871 repetendum
517 827 583 860 est.
625 822 685 858 Sic
705 822 773 858 hoc

118 879 197 915 loco
221 879 512 927 Schweighaeus.
535 878 772 927 subintelligit

119 933 313 981 πνέοντα,
337 941 374 971 ut
394 936 469 972 sere
492 936 560 982 ll',
586 937 672 976 152.
695 935 774 972 [Ne-

119 1004 190 1039 que
212 991 280 1028 huc
300 1005 373 1027 non
392 992 551 1041 pertinet
568 992 612 1038 ll,
632 995 720 1039 121,
736 995 773 1032 2.

118 1047 181 1093 IV,
201 1050 265 1088 28.
297 1048 368 1096 lll,
400 1051 477 1088 105)
501 1054 582 1094 etc,
613 1062 708 1097 quae
735 1048 772 1084 in

118 1103 230 1141 lexico
252 1105 467 1141 Herodoteo
495 1105 641 1141 laudata
667 1118 773 1154 repe-

119 1161 201 1197 ries.
257 1160 347 1198 Inde
381 1162 540 1197 cessandi
559 1191 568 1208 ,
599 1164 771 1198 intermit-

119 1217 215 1253 tendi
233 1217 352 1264 notio,
383 1230 477 1266 qnae
497 1218 577 1254 huic
597 1219 708 1256 verbo
734 1221 772 1254 ut

117 1273 308 1323 plurimum
327 1275 513 1319 convenit,
537 1279 616 1310 orta
637 1287 679 1312 ex
699 1274 772 1324 pri-

118 1331 240 1366 mitiva
253 1330 467 1377 remittendi,
499 1330 702 1367 clz'nn‘ttendz‘
723 1331 771 1366 si-

118 1386 364 1435 gnificatione.

177 1441 216 1487 ἒς
251 1439 295 1480 τό
339 1444 415 1480 νῦν
460 1438 773 1492 Κανωβικὸν

118 1493 365 1548 καλεύμενον
385 1494 509 1548 στόμα
524 1501 595 1537 τοῦ
608 1497 771 1549 Νείλου]

118 1555 203 1592 Yid.
227 1568 363 1592 excurs.
384 1556 431 1592 ad
460 1556 515 1603 ll,
539 1558 601 1595 17.
663 1555 771 1592 Tari-

119 1611 241 1659 cheae,
273 1625 367 1661 quae
385 1625 468 1649 mox
486 1616 680 1659 vocantur,
700 1612 770 1649 Ca-

117 1670 260 1717 nopz'cae
291 1673 397 1715 sunt,
432 1669 598 1706 diversae
618 1682 638 1705 a
659 1668 769 1706 Pelu-

117 1727 245 1772 siacis,
270 1726 316 1762 de
335 1726 464 1774 quibus
484 1738 592 1774 snpra
614 1725 647 1761 Il
661 1754 671 1773 ,
706 1726 769 1767 15.

118 1779 228 1818 Nunc
246 1781 328 1817 loco
356 1794 490 1818 nomen
511 1780 651 1817 IlIeclea.
711 1782 773 1819 Sic

120 1842 216 1874 certe
236 1837 508 1874 Schlichthorst.
526 1837 548 1873 l.
570 1837 591 1873 l.
608 1839 771 1887 pag.58‚

121 1893 183 1942 qui
216 1892 251 1929 T
253 1893 413 1930 aricheas
440 1897 544 1943 putat
571 1893 654 1929 olim
685 1906 772 1930 ean-

121 1950 205 1985 dem
232 1950 344 1986 fuisse
371 1950 520 1996 urbem,
559 1962 651 1998 quae
683 1955 776 1987 tem-

119 2018 209 2055 pore
228 2006 431 2055 insequenti
448 2006 656 2043 Heraclium
678 2006 776 2043 voci-

119 2066 196 2098 tata
214 2063 330 2098 fuerit.

175 2116 382 2168 Ἡρακλέος
415 2114 523 2169 ἱρὸν]
578 2118 773 2169 Templum

119 2179 246 2210 notum
275 2188 392 2225 prope
426 2175 501 2212 Nili
533 2176 625 2212 ostia
664 2180 773 2224 atque

119 2231 310 2280 Canopum
338 2232 485 2278 urbem,
517 2232 617 2269 cuius
645 2232 774 2268 subur-

117 2287 218 2323 bium
243 2288 328 2325 inde
361 2287 569 2325 Heraclium
611 2288 774 2338 appella-

119 2347 214 2388 tum,
246 2343 436 2394 ipsumque
454 2345 529 2381 Nili
548 2346 678 2382 ostium
698 2345 774 2381 He·

119 2399 354 2436 Tacleott'currz.
405 2401 489 2437 Yid.
519 2402 641 2438 Strab.
668 2401 774 2439 XXII

121 2468 207 2505 pag.
233 2458 333 2503 801,
353 2457 384 2492 B
416 2471 442 2493 s.
468 2470 553 2507 pag.
576 2458 704 2504 1153,
728 2457 772 2495 A.

123 2511 216 2547 Eum
234 2524 319 2548 vero
338 2512 533 2550 Herculem
554 2514 650 2550 haud
668 2514 774 2551 valde

124 2568 305 2604 diversum
318 2582 397 2606 esse
409 2570 622 2607 crediderim
642 2582 663 2606 a
674 2570 775 2607 Tha-

124 2624 177 2659 sio
207 2628 316 2672 atque
343 2625 458 2674 Tyrio
485 2625 664 2672 Hercule,
694 2639 773 2662 cum

123 2679 322 2717 Phoenices
345 2709 355 2728 ‚
404 2694 494 2730 quos
533 2684 570 2718 in
604 2681 774 2732 Aegypto

124 2737 353 2774 considentes
375 2751 483 2787 supra
499 2737 532 2773 II
545 2767 555 2785 ,
576 2740 655 2779 112
675 2739 775 2776 inve-

123 2793 265 2838 nimus,
296 2793 362 2830 hac
383 2794 490 2831 etiam
511 2794 547 2830 in
572 2794 680 2830 maris
699 2807 775 2842 ora,

123 2848 203 2887 loco
231 2854 453 2889 mercaturae
477 2850 638 2902 inprimis
675 2855 777 2902 apto,

839 821 1015 871 templum
1052 821 1259 858 condidisse
1298 819 1494 856 admodum

840 878 1029 928 probabile
1050 879 1106 914 sit.
1166 878 1274 914 Conf.
1299 878 1346 914 de
1367 877 1420 912 his
1438 889 1496 912 re-

841 935 1033 983 ligionibus
1053 939 1214 972 veterum
1235 934 1367 970 CreuZ.
1388 933 1497 981 Sym-

841 991 912 1028 bol.
930 991 961 1027 ll
986 1005 1022 1041 p.
1043 993 1124 1032 218
1148 1003 1250 1039 seqq.
1294 990 1366 1026 Pro
1389 985 1410 1027 ὃ
1430 987 1497 1026 καὶ

841 1050 917 1086 νῦν
937 1047 1028 1092 ἐστι,
1046 1046 1125 1098 ΓΗῼ.
1139 1044 1239 1097 ἴρόν,
1260 1060 1304 1083 ex
1316 1045 1496 1082 constanti

842 1118 908 1141 usu
936 1104 1062 1141 Nostri
1100 1104 1284 1154 scriptoris
1305 1132 1316 1149 ‚
1367 1102 1498 1138 Struve

841 1166 982 1210 quaest.
1004 1162 1050 1198 de
1071 1160 1154 1197 dial.
1177 1160 1316 1197 Herod.
1336 1171 1421 1209 pag.
1444 1159 1496 1198 13

841 1218 987 1254 rescribi
1016 1218 1091 1253 vult
1126 1213 1178 1255 τό
1209 1215 1275 1254 καὶ
1308 1217 1385 1254 νῦν
1417 1213 1497 1253 ἐστι

838 1272 919 1325 Ἡρ.
950 1270 1058 1325 ἱρόν,
1077 1275 1153 1311 fere
1175 1277 1216 1309 ut
1234 1273 1280 1319 II,
1296 1274 1385 1313 181.
1416 1270 1497 1307 Nos

840 1330 940 1367 libris
970 1330 1137 1366 omnibus
1170 1330 1206 1365 in
1233 1329 1381 1377 vulgata
1410 1340 1498 1364 con-

843 1387 1062 1436 spirantibus
1075 1416 1085 1434 ,
1114 1386 1201 1422 nihil
1216 1389 1357 1422 mutare
1376 1397 1496 1421 sumus

841 1442 931 1479 ausi.

899 1493 1156 1550 οἰκέτης-ὅτεῳ
1172 1491 1403 1544 α’νθρώπων
1417 1494 1498 1534 ἔπι-

842 1550 1012 1606 βοῖληται
1043 1554 1230 1606 στίγματα
1262 1550 1351 1604 ἱροὶ]
1411 1551 1498 1589 Noli

840 1616 983 1649 mutare
1009 1606 1122 1658 ὅτευ,
1159 1617 1199 1648 ut
1228 1610 1408 1659 genitivus
1437 1609 1497 1645 sit.

839 1668 907 1705 Est
925 1668 1021 1705 enim
1048 1669 1085 1704 in
1105 1667 1234 1705 talibus
1262 1666 1361 1704 haud
1383 1666 1498 1702 infre-

841 1738 955 1774 quens
986 1725 1097 1761 dativi
1136 1737 1246 1769 usus;
1294 1723 1365 1759 vid.
1398 1722 1497 1758 mod.

839 1780 970 1818 Matth.
996 1779 1032 1831 ξ.
1055 1782 1149 1821 389.
1195 1781 1320 1824 Quare
1343 1779 1394 1815 sic
1416 1792 1498 1816 ver-

840 1838 1008 1874 tendum:
1040 1838 1077 1872 in
1108 1836 1198 1885 quod
1225 1835 1438 1884 (templum)
1466 1836 1500 1871 si

844 1895 922 1943 quis
949 1895 1183 1942 cuiuscunque
1212 1892 1359 1928 hominis
1380 1904 1498 1928 servus

844 1949 1044 1999 confugerit
1074 1953 1105 1986 et
1135 1961 1256 1985 sacras
1291 1951 1392 1984 notas
1430 1948 1500 1984 sibi

841 2008 972 2055 imponi
989 2007 1151 2052 iusserit,
1179 2005 1240 2042 cleo
1261 2017 1308 2040 sc.
1331 2017 1365 2040 se
1384 2006 1498 2054 ipsum

843 2062 985 2099 tradens
1005 2076 1033 2099 s.
1057 2062 1190 2099 dicans.
1225 2083 1273 2088 —
1309 2060 1498 2112 στίγματα

843 2123 926 2156 sunt
942 2124 1050 2155 notae
1061 2148 1071 2166 ‚
1090 2118 1216 2167 quales
1236 2118 1498 2167 imprimeban-

840 2181 900 2212 tur
914 2176 1014 2225 apud
1032 2180 1175 2212 veteres
1197 2175 1402 2211 hominibus
1419 2179 1497 2210 tum

840 2233 904 2276 iis,
946 2232 1006 2280 qni
1037 2231 1145 2268 sacris
1183 2231 1348 2267 initiandi
1380 2234 1497 2276 erant,

840 2293 917 2325 tum
944 2301 1030 2325 vero
1064 2288 1174 2325 etiam
1196 2287 1332 2334 servis,
1360 2287 1499 2324 facino-

841 2345 933 2381 rosis
946 2373 956 2391 ,
971 2344 1048 2381 aliis
1064 2372 1074 2391 ,
1097 2343 1259 2394 supplicii
1278 2356 1395 2380 causa.
1425 2343 1498 2387 Qui

841 2414 887 2438 ne
911 2401 979 2437 hoe
999 2400 1078 2437 loco
1104 2400 1376 2448 intelligantur,
1406 2412 1495 2437 con-

841 2457 935 2494 sulto
974 2456 1113 2494 Noster
1153 2457 1286 2494 dixisse
1333 2457 1496 2493 videtur:

844 2514 1033 2564 στίγματα
1064 2508 1147 2563 ἷρά
1189 2513 1211 2548 i.
1240 2526 1271 2550 e.
1301 2517 1406 2550 notas
1438 2525 1498 2549 sa-

845 2583 946 2616 cras,
977 2582 1072 2617 quae
1092 2581 1273 2605 sacrorum
1299 2581 1408 2606 causa
1430 2569 1496 2605 im·

840 2627 1055 2676 primuntur.
1114 2625 1226 2661 Plura
1245 2625 1291 2662 de
1313 2625 1367 2662 his
1397 2626 1496 2663 notis

840 2683 1059 2731 interpretes
1082 2682 1130 2718 ad
1147 2680 1249 2718 Pauli
1276 2695 1333 2731 ep.
1350 2683 1398 2718 ad
1420 2682 1498 2718 Ga-

841 2738 902 2775 lat.
921 2738 994 2784 VI,
1022 2741 1084 2778 19.
1117 2737 1181 2774 Cr.
1210 2739 1351 2776 confert
1371 2738 1494 2776 Iacob.

843 2795 878 2832 Τ
881 2795 952 2831 ollii
983 2794 1141 2843 insignia
1176 2795 1348 2832 Itinerarii
1381 2794 1495 2833 Italici

843 2851 859 2888 I
882 2863 969 2902 pag.
991 2853 1058 2892 20.
