1909 3228
549 234 973 274 EUTERPE.
1027 234 1073 272 11.

1350 234 1436 274 653

169 342 327 400 πλήθεϊ
355 344 433 400 μὲν
462 342 659 388 οἷδύνατα
697 342 1030 400 ἀπηγήσασθαι·
1083 342 1217 397 σωροὶ
1246 342 1292 386 δὲ
1321 335 1435 398 ἦσαν

171 422 403 467 ἀκανθέων
434 425 505 467 καὶ
535 423 735 480 μεγάλοι,
767 424 840 466 καὶ
858 422 1185 476 ὑποδεέστεροι,
1215 423 1288 466 καὶ
1309 420 1433 465 ἐλάσ-
1447 429 1490 463 15

141 508 300 554 ὃσονες
329 503 390 546 ἔτι
416 502 605 545 τούτων·
637 503 791 546 πολλοὶ
816 503 861 546 oh
892 497 1004 557 ἦσαν
1034 496 1172 545 οὗτοι.
1213 502 1302 545 ἔστι
1332 501 1378 544 δὲ
1409 498 1433 544 ὁ

171 586 313 638 χῶρος
368 577 517 634 οὗτος,
576 582 623 625 ἐν
672 586 733 640 τῷ
779 584 825 624 αῖ
864 580 1059 625 ἄκανθαι
1098 579 1438 636 κατακεχύαται,

169 661 339 706 τοιόσδε
380 677 465 712 τις·

525 661 681 717 ἐσβολὴ
724 662 765 714 ἐξ
805 659 975 715 οὐρέων
1006 664 1185 703 στεινῶν
1213 659 1256 711 ἐς
1284 661 1436 704 πεδίον

170 740 300 798 μέγα·
348 740 397 784 τό
429 741 474 783 δὲ
512 743 664 785 πεδίον
699 744 830 784 τοῦτο
872 738 1077 783 συνάπτει
1120 743 1181 796 τῷ
1211 741 1434 797 Αἰγυπτίῳ

142 821 324 879 4πεδίῳ.
356 819 484 875 λόγος
515 818 560 863 δέ
590 819 700 872 ἐστι,
733 818 823 875 ἅμα
852 824 913 876 τῷ
942 820 1040 873 ἔαρι
1067 819 1313 874 πτερωτούς
1331 817 1435 875 ὄφις

171 900 218 944 ἐκ
257 903 333 956 τῆς
368 897 567 956 Ἀραβίης
613 898 817 943 πέτεσθαι
856 897 926 943 ἐπ’
969 898 1219 955 Αἰγύπτου·
1273 899 1350 950 τας
1388 898 1491 942 δὲὲο

171 980 258 1034 ἴβις
286 977 363 1029 τὰς
404 979 588 1033 ὄρνιθας
627 976 905 1030 ἀπαντώσας
927 978 970 1030 ἐς
1008 978 1089 1034 τήν
1113 978 1299 1035 ἐσβολήν
1327 977 1433 1022 ταύ-

170 1075 245 1114 της
273 1061 348 1114 τῆς
375 1057 538 1114 χώρης,
570 1057 624 1102 οὐ
654 1059 859 1113 παριέναι
886 1057 991 1110 τούς
1021 1056 1143 1114 ὄφις,
1174 1056 1282 1101 ἄλλα
1300 1075 1434 1102 κατα-

141 1144 164 1179 5
175 1139 372 1181 κτείνειν.

172 1367 215 1408 ἐν
241 1371 298 1421 τῷ
327 1368 372 1407 αἱ
400 1367 579 1409 ἄκανθαι
609 1384 769 1409 κατακε-

114 1419 283 1476 χύαται]
315 1425 463 1463 Retinui
488 1425 539 1465 ἐν
557 1429 642 1479 τῷ,
668 1427 770 1476 quod

115 1486 272 1531 quatuor
300 1483 460 1532 optimae
486 1487 595 1520 notae
613 1483 692 1519 libri
712 1488 770 1519 tu-

115 1543 240 1585 entur,
279 1540 453 1588 quodque
502 1552 612 1575 unum
651 1539 769 1588 placet

114 1594 236 1632 Struv.
264 1601 406 1643 quaest.
431 1596 478 1633 de
511 1595 596 1631 dial.
626 1595 768 1633 Herod.

114 1664 201 1702 pag.
223 1653 297 1699 38,
327 1665 406 1688 cum
426 1650 469 1691 ἐν
491 1646 521 1706 ᾧ
542 1653 601 1700 (ut
620 1652 768 1701 quidam

116 1707 198 1744 libri
217 1708 274 1745 hic
300 1709 484 1756 afferunt)
518 1710 563 1745 ab
583 1709 769 1745 Herodoti

118 1777 285 1801 sermone
308 1778 455 1814 prorsus
482 1766 527 1801 sit
545 1764 711 1802 alienum.

173 1818 394 1871 πτερωτούς
412 1818 571 1869 ὅφις-
582 1816 639 1859 ἐπ’
652 1816 770 1872 Αἰγύ-

119 1874 240 1926 πτου]
279 1877 442 1914 Pertinet
485 1877 553 1913 huc
586 1877 773 1914 Ciceronis

118 1931 218 1968 locus
239 1933 285 1969 de
306 1938 380 1969 nat.
400 1933 500 1969 deor.
525 1932 559 1978 I,
574 1936 647 1973 36:
673 1933 775 1980 „Ve-

118 1987 171 2024 lut
199 1989 274 2026 ibes
304 1990 494 2026 maximam
525 1989 595 2025 vim
624 2003 773 2039 serpen-

118 2044 207 2081 tium
231 2046 445 2092 conficiunt,
476 2059 555 2082 cum
590 2046 661 2082 siut
687 2059 772 2082 aves

120 2101 306 2148 excelsae,
338 2102 497 2138 cruribus
514 2102 663 2149 rigidis,
694 2115 775 2138 cor-

119 2170 189 2194 neo
227 2170 453 2207 proceroque
488 2164 628 2204 rostro3
668 2171 773 2196 aver-

119 2218 198 2250 tunt
222 2219 364 2263 pestem
397 2215 444 2251 ab
468 2215 660 2264 AegyptO,
692 2228 771 2252 cum

118 2269 282 2306 volucres
304 2282 441 2319 angues
461 2284 504 2308 ex
521 2271 689 2308 vastitate
709 2271 772 2308 Li-

119 2326 213 2374 byae
242 2332 349 2363 vento
379 2327 499 2364 Africo
524 2328 681 2365 invectas
715 2328 771 2364 in-

120 2381 301 2419 terficiunt
321 2386 429 2431 atque
462 2389 695 2429 consumunt3
726 2397 770 2421 ex

123 2450 196 2486 quo
223 2437 285 2485 fit,
314 2443 353 2474 ut
374 2439 454 2476 illae
482 2454 548 2477 nec
570 2454 691 2477 morsu
717 2440 770 2477 vi-

122 2505 189 2530 vae
215 2499 391 2541 noceant,
430 2508 497 2532 nec
525 2497 639 2534 odore
672 2510 771 2533 mor-

123 2550 245 2585 tuae.“
293 2549 366 2586 Ubi
383 2551 470 2588 alios
489 2558 648 2589 veterum
670 2552 769 2589 locos

123 2604 191 2641 hac
215 2605 261 2642 de
282 2618 321 2642 re
340 2607 458 2644 attulit
474 2607 656 2646 Davisius.
674 2608 769 2646 Add.

122 2659 291 2698 Bochart.
312 2661 334 2697 1.
358 2661 380 2698 l.

180 2715 247 2755 καὶ
267 2715 341 2767 τήν
363 2717 446 2768 ἴβιν
469 2716 534 2757 διοὶ
552 2721 669 2759 τοῦτο
689 2735 724 2758 κ.
738 2735 769 2759 τ.

122 2770 171 2823 λ.]
208 2773 329 2823 Vulgo
359 2775 432 2811 ibin
461 2788 541 2813 eam
568 2776 772 2825 intelligunt

122 2841 225 2866 avem
241 2858 251 2876 ,
296 2843 392 2880 quae
429 2831 556 2868 dicitur
595 2832 772 2869 Tantalus

122 2884 190 2923 ibis
205 2884 315 2924 Linn.
373 2887 450 2925 Sed
469 2888 586 2939 probe
611 2889 694 2927 hinc
716 2890 774 2927 di-

431 1138 503 1182 καὶ
540 1137 622 1194 τήν
657 1139 748 1195 ἰ’βιν
785 1138 857 1182 δια
903 1142 1034 1183 τοῦτο
1073 1137 1122 1182 τό
1159 1137 1288 1194 ἔργον
1323 1153 1432 1182 τετι-

837 1370 1095 1418 stinguendam
1118 1383 1200 1407 esse
1236 1383 1339 1408 avem
1367 1369 1491 1421 Aegy-

836 1428 922 1476 ptiis
947 1440 1084 1463 sacram
1105 1427 1227 1463 docuit
1251 1427 1412 1475 Cuvien,
1430 1441 1492 1465 ac-

838 1487 962 1520 curato
985 1483 1149 1520 examine
1170 1483 1334 1520 instituto
1360 1488 1396 1521 et
1423 1484 1492 1520 ad-

837 1539 957 1576 hibitis
976 1543 1051 1575 tum
1073 1544 1234 1576 veterum
1265 1540 1311 1577 de
1339 1539 1406 1577 hac
1433 1538 1492 1577 avi

835 1595 922 1632 locis
945 1600 1019 1632 tum
1039 1595 1128 1645 ipsis
1151 1596 1291 1632 mumiis
1313 1596 1490 1634 dissectis.

836 1652 929 1689 Eam
949 1653 1043 1689 enim
1077 1665 1158 1690 esse
1185 1653 1492 1700 commonstravit,

837 1708 891 1746 cui
912 1722 1046 1747 nomen
1067 1707 1264 1746 Numenius
1284 1709 1352 1746 ibis
1378 1724 1406 1747 s.
1424 1710 1493 1746 ibis

837 1765 1004 1813 religiosa
1044 1765 1233 1814 (courlis)‚
1263 1765 1345 1803 albo
1371 1765 1493 1804 colore

840 1822 1043 1869 insignem,
1062 1822 1181 1871 capite
1210 1827 1246 1859 et
1268 1822 1358 1858 collo
1379 1823 1492 1869 nudo,

840 1878 1018 1925 remigum
1055 1877 1216 1927 apicibus
1239 1907 1249 1925 ,
1299 1883 1417 1914 rostro
1453 1882 1492 1915 et

840 1934 996 1983 pedibus
1028 1933 1162 1981 nigris,
1201 1934 1398 1982 remigibus
1434 1947 1494 1972 se-

841 1989 1021 2026 cundariis
1052 1989 1232 2038 elongatis
1268 1991 1493 2039 nigro—vio-

842 2045 961 2082 laceis.
1012 2046 1117 2089 Quae
1137 2058 1336 2095 sanequam
1354 2048 1492 2097 optime

840 2102 1058 2139 conveniunt
1095 2115 1173 2138 cum
1211 2103 1391 2140 Herodoti
1426 2104 1493 2141 de-

839 2159 1059 2208 scriptione,
1090 2171 1184 2206 quae
1208 2159 1237 2195 si
1265 2160 1311 2197 de
1336 2159 1492 2196 Tantalo

840 2215 1055 2264 accipiatur,
1083 2214 1311 2252 Herodotum
1338 2217 1492 2266 turpiter

838 2270 979 2320 lapsum
1011 2284 1092 2308 esse
1122 2271 1219 2308 dicas
1248 2285 1397 2309 necesse
1424 2277 1491 2310 est.

838 2327 921 2363 vid.
943 2326 1073 2364 annali.
1094 2327 1128 2364 d.
1145 2329 1268 2366 musee
1285 2329 1403 2365 d'hist.
1416 2333 1490 2366 nat.

838 2387 864 2420 t.
884 2383 933 2419 IV
949 2396 1034 2433 pag.
1059 2386 1137 2424 116
1161 2397 1263 2433 seqq.
1296 2388 1374 2426 126
1386 2398 1490 2434 seqq.

842 2443 932 2481 132.
979 2440 1200 2490 Aegyptium
1244 2441 1318 2477 avis
1356 2454 1492 2479 nomeu

838 2497 951 2534 fuisse
996 2496 1071 2545 Hip
1126 2497 1312 2534 contendit
1357 2497 1492 2534 Cham-

838 2553 926 2603 poll.
947 2552 1041 2600 l'Eg.
1067 2566 1094 2590 s.
1108 2552 1276 2602 l.phar.I
1298 2566 1384 2603 pag.
1397 2553 1492 2595 295.

840 2610 961 2652 Quum
990 2609 1084 2646 enim
1123 2609 1188 2645 ibis
1226 2608 1302 2646 Nili
1339 2609 1491 2657 insecta,

837 2678 978 2702 vermes
993 2694 1003 2712 ,
1037 2665 1106 2701 alia
1127 2665 1302 2702 eiusmodi
1323 2666 1491 2703 conficiat

839 2721 1016 2770 simulque
1062 2734 1142 2758 cum
1178 2721 1264 2758 Nilo
1307 2726 1491 2760 crescente

840 2778 1039 2826 adpareat,
1068 2777 1154 2814 inde
1169 2777 1360 2827 Aegyptiis
1387 2791 1490 2816 sacra

838 2833 963 2870 habita
985 2838 1039 2870 est
1061 2834 1136 2870 avis
1153 2847 1220 2884 pro
1232 2833 1307 2871 Nili
1325 2848 1490 2872 crescen-

840 2890 884 2927 tis
905 2890 1011 2940 signo
1031 2890 1190 2941 indeque
1206 2889 1387 2929 Mercurio
1408 2890 1489 2941 (qui
