1877 3223
57 798 122 843 10

659 207 957 247 CL10.1.
1393 209 1450 250 29

149 317 314 375 5,,γυνὴ
341 316 370 374 ἦ
401 317 478 374 ἐμή
508 318 552 370 ἐς
580 322 740 362 κοῖτον.
780 321 916 360 κεῖται
946 316 991 360 δὲ
1020 313 1160 372 ἀγχοῦ
1186 318 1262 371 τῆς
1292 315 1449 361 ἐσόδου

167 396 387 451 ,,θρόνος·
429 396 499 441 ἐπὶ
529 400 687 440 τοῦτον
713 400 802 440 τῶν
832 398 1014 452 ἷματίων
1045 393 1154 437 κατὰ
1184 395 1234 437 ἓν
1264 394 1449 439 ἕκαστον
1494 402 1520 440 6

170 475 447 528 ,,ἐκδύνουσα
483 475 630 532 θήσει·
668 476 741 520 καὶ
779 473 879 518 κατ’
919 473 1102 530 ἡσυχίην
1140 472 1307 529 πολλήν
1336 480 1494 529 παρ-46

148 556 286 608 6,,έξει
336 572 404 598 τοι
448 553 704 611 θεήσασθαι.
756 554 886 597 ἐπεάν
936 554 982 597 δὲ
1027 550 1111 596 ἀπὸ
1159 555 1238 595 τοῦ
1276 551 1448 607 θρόνου

169 636 345 691 ,,στει’χῃ
375 634 439 678 ἐπὶ
471 634 550 691 τὴν
579 632 711 689 εὐνὴν
722 666 738 685 ,
778 631 886 675 κατα
916 631 1061 676 νώτου
1089 648 1134 675 τε
1165 628 1298 687 αὐτῆς
1326 631 1447 689 γένῃ,

168 715 275 765 ,,σοὶ
311 715 468 770 μελέτω
508 713 556 757 τὸ
594 713 797 756 ἐνθεῦτεν
836 710 949 762 ὅκως
979 711 1036 767 μή
1067 723 1111 754 σε
1143 709 1293 762 ὄψεται
1324 710 1447 755 ἰόντα

168 792 275 843 ,,διοὶ
307 792 522 848 θυρέων.“

166 871 300 927 γέειν,
346 866 401 927 ἦν
439 870 619 928 ἑτοῖμος.

125 1070 212 1094 τον
230 1060 327 1094 recte
355 1061 535 1093 servatum
555 1056 599 1092 ab
625 1056 774 1093 editori-

125 1112 207 1150 bus.
246 1112 444 1160 Dionysius
481 1113 591 1149 habet
619 1113 771 1162 κοίτην,

125 1169 242 1217 magis
262 1168 399 1213 Attice3
429 1170 538 1217 idque
573 1169 690 1218 ipsum
716 1169 773 1205 hie

125 1225 162 1260 in
192 1225 406 1272 quibusdam
435 1225 534 1261 libris
562 1237 772 1274 comparere

123 1279 264 1317 dicitur.
305 1281 382 1317 Sed
406 1281 478 1316 vid.
505 1281 675 1318 Creuzer.
697 1285 773 1318 not.

124 1336 172 1372 ad
204 1336 318 1373 Cicer.
349 1337 396 1374 de
432 1336 563 1373 Natur.
598 1336 711 1373 Deor.
744 1336 773 1383 I,

126 1395 174 1432 11
209 1405 293 1441 pag·
324 1392 377 1432 50
411 1392 489 1429 coll.
529 1392 658 1428 Matth.
705 1392 770 1427 Gr.

125 1448 191 1485 Gr.
214 1446 250 1498 ἓ.
274 1448 326 1489 95
357 1462 393 1498 p.
415 1451 510 1489 207.
542 1448 623 1484 Alia
643 1449 771 1494 forma,

124 1517 240 1553 eaque
267 1505 384 1553 magis
415 1504 556 1542 dialecti
575 1504 771 1541 communis

124 1566 180 1598 est
197 1557 360 1608 κοιτών,
391 1561 437 1597 de
460 1573 532 1609 qua
551 1561 770 1609 W'esseling.

122 1617 172 1654 ad
195 1617 231 1654 h.
251 1616 299 1665 l.‚
338 1618 435 1654 unde
454 1616 510 1654 vel
544 1616 601 1653 hic
626 1617 773 1666 quidam

122 1673 203 1710 libri
232 1675 415 1712 κοιτῶνα.
472 1672 582 1723 Apud
603 1673 774 1710 Herodo-

122 1734 199 1766 tum
227 1730 346 1779 ipsum
374 1730 447 1777 ΙΙΙ,
489 1729 581 1770 134.
623 1729 678 1776 ΙΙ,
719 1729 772 1770 94

122 1787 270 1823 recurrit
294 1786 407 1837 κοίτη
445 1785 575 1832 lectus,
616 1786 774 1834 indeque

124 1854 279 1889 somnus,
307 1847 347 1879 ut
366 1842 544 1892 κοίτην
567 1846 774 1880 ποιεῖσθαι

123 1898 293 1945 dormire,
335 1901 541 1948 requiescere
569 1899 667 1948 apud
694 1898 773 1935 He-

122 1955 312 2001 rodotum,
341 1955 413 1991 Vit.
434 1954 543 1991 Hom.
559 1956 611 1993 31
634 1959 669 1990 et
683 1954 770 1991 ibid.

122 2014 179 2052 22
209 2006 294 2062 ὤρη
331 2011 486 2049 κοίτου
517 2009 666 2045 cubandi
685 2012 770 2044 tem-

117 2080 188 2117 pus
214 2071 254 2103 ut
282 2066 320 2113 I,
352 2069 418 2107 10.
449 2088 504 2093 ——
533 2065 772 2102 Locutionem

118 2125 305 2173 παρεῖναι
322 2143 379 2150 -
399 2121 438 2168 ἐς
458 2126 591 2160 κοῖτον
620 2121 772 2158 illustrat

118 2178 336 2217 Valckenar.
368 2179 416 2216 ad
444 2178 478 2225 Ι,
513 2180 579 2219 21.

176 2289 243 2331 ἐπὶ
289 2292 430 2330 τοῦτον
477 2292 558 2329 τῶν
605 2288 770 2341 ἱματίων

120 2344 242 2387 nocto?
288 2347 343 2386 ’ἓν
397 2345 615 2386 ἕκαστον
660 2343 771 2386 ἐκδύ-

121 2415 248 2444 νουσα
266 2399 414 2454 θήσει]
457 2405 530 2451 „in
550 2404 622 2453 ‹1ch
642 2403 768 2452 (sella)

121 2459 188 2497 illa
208 2460 369 2508 singulas
389 2463 498 2496 vestes
523 2474 627 2507 suem,
659 2461 770 2497 aliam

119 2519 198 2566 post
243 2517 374 2563 aliam,
423 2529 547 2553 exuens
593 2517 770 2566 deponet.“

126 2572 202 2608 Ubi
239 2576 326 2608 nota
362 2586 466 2609 usum
504 2573 769 2609 distributivum

122 2629 404 2680 praepositionis
437 2625 557 2675 κατά,
595 2641 618 2666 a
636 2629 770 2666 Sebae-

122 2685 201 2721 fero
228 2685 276 2720 ad
303 2684 456 2732 Dionys,
494 2684 610 2722 locum
646 2698 682 2734 p.
715 2684 769 2726 44

123 2753 181 2789 sq.
207 2740 354 2788 egregie
379 2740 516 2789 aliqu'ot
548 2740 769 2778 Herodoteis

120 2795 210 2833 locis
248 2795 471 2834 illustratum.
509 2817 564 2823 ———
618 2797 661 2834 In
696 2798 770 2834 fine

122 2852 249 2903 capitis
266 2853 315 2890 ad
334 2853 445 2891 verba
464 2848 565 2899 ὅκως
588 2873 645 2882 -
672 2849 768 2903 ὅψε-

575 790 625 835 ‘O
650 792 728 847 μὲν
760 791 835 848 δὴ,
868 790 927 841 ὠς
956 788 1039 833 οὐκ
1067 788 1259 847 ἠδύνατο
1291 790 1493 844 &mom-50

679 869 702 914 ὁ
751 871 797 915 δὲ
837 869 1117 926 Κανδαύλης,
1165 868 1254 912 ἐπεὶ
1302 866 1447 911 ἐδόκεε

840 1070 903 1094 ται
922 1054 1204 1105 cf.S1praI‚8:
1235 1052 1345 1092 ποίεε
1368 1047 1493 1098 ὅκως

839 1133 894 1140 —
922 1116 954 1149 θ
968 1107 1083 1162 εησε
1097 1128 1120 1150 α
1124 1126 1171 1178 ,ι,
1203 1111 1324 1159 ibique
1347 1113 1423 1145 not.

894 1172 1019 1207 κεῖται
1042 1165 1084 1206 δὲ
1109 1163 1233 1219 α’γχοῦ
1255 1168 1366 1215 τῆςε
1350 1161 1490 1203 ἐσόδου

839 1221 1048 1276 θρόνος]
1095 1225 1153 1261 De
1179 1222 1304 1260 vocula
1339 1216 1492 1273 θρόνος

843 1281 873 1317 C
879 1294 907 1319 v
938 1281 1063 1318 laudat
1077 1284 1250 1330 praeter
1242 1278 1374 1315 Mmh
1402 1276 1491 1314 Ani-

839 1338 1040 1374 madverss.
1063 1337 1110 1373 ad
1142 1336 1253 1383 Hym.
1283 1334 1490 1370 Homericc.

837 1406 877 1442 p.
901 1394 983 1433 382
1010 1392 1219 1442 primarium
1243 1390 1420 1427 Athenaei
1439 1389 1494 1425 lo-

839 1462 918 1485 cum
948 1448 981 1485 V
1019 1462 1055 1498 p.
1090 1451 1191 1495 192,
1220 1446 1274 1483 Ε;
1315 1444 1377 1494 ,,ὁ”
1418 1442 1494 1498 γὰρ

839 1502 1012 1556 θρόνος,
1046 1499 1139 1543 αὐτὸ
1171 1499 1296 1554 μόνον
1328 1500 1494 1541 ἐλευθέ-

841 1557 927 1614 ριός
963 1561 1044 1601 ἐστι
1076 1559 1258 1611 καθέδρα
1290 1556 1363 1598 συν
1395 1573 1495 1597 υπο-

839 1618 988 1673 ποδίῳ·
1020 1614 1114 1668 ὅπερ
1142 1619 1303 1683 θρηνυν
1323 1617 1491 1654 καλοῦν-
1511 1639 1518 1646 ·

840 1689 922 1723 τες,
966 1674 1154 1714 ἐντεῦθεν
1183 1669 1307 1713 αὐτον
1337 1668 1491 1723 ω’νόμα-

842 1744 915 1771 σαν
964 1735 1025 1783 θρ
1041 1726 1165 1770 όνον
1185 1761 1196 1779 ,
1261 1743 1332 1768 του
1383 1724 1494 1780 θρη-

842 1792 990 1827 σασθαι
1019 1801 1160 1851 χαριν,
1195 1783 1292 1838 ὅπερ
1322 1783 1387 1825 ἐπὶ
1421 1787 1493 1824 τοῦ

839 1845 1080 1891 καθίζεσθαι
1108 1854 1323 1881 τασσουσιν
1348 1857 1384 1880 κ.
1404 1856 1435 1880 τ.
1456 1843 1493 1879 λ.

839 1901 1044 1949 Distinguit
1099 1900 1233 1936 deinde
1283 1898 1492 1935 Athenaeus

839 1961 915 1993 tum
935 1969 957 1993 a
976 1952 1137 2005 κλισμὸς
1151 1984 1161 2000 ‚
1189 1958 1265 1990 tum
1292 1966 1314 1990 a
1318 1953 1488 2018 δίφρος,

841 2012 921 2060 (qui
955 2016 1011 2048 est
1051 2006 1239 2057 ,,του’των
1283 2003 1492 2048 εὔτελέστε-

840 2069 920 2119 ροςζ
924 2069 964 2115 ⁴.)
991 2067 1087 2103 Hinc
1106 2065 1308 2104 Larcherus
1329 2065 1492 2103 voculam

838 2125 959 2161 reddit
986 2125 1104 2171 siege,
1132 2123 1156 2159 i.
1180 2136 1212 2160 e.
1245 2135 1330 2170 „un
1349 2123 1452 2171 siege
1469 2136 1491 2159 a

837 2180 922 2217 bras
941 2193 1027 2217 avec
1045 2192 1095 2216 un
1115 2178 1423 2229 marche-pied.“

1065 2267 1183 2319 Cap.
1213 2268 1262 2306 X.

892 2341 947 2399 ἧν
978 2345 1212 2397 ἑτοῖμος]
1256 2347 1368 2390 Quod
1399 2347 1487 2385 alias

837 2403 929 2442 hanc
955 2405 1148 2441 dictionem
1166 2404 1362 2440 infinitivus
1381 2401 1488 2443 ποιέ-

838 2475 897 2499 ειν
918 2460 973 2497 vel
991 2460 1107 2497 simile
1128 2461 1215 2509 quid
1244 2460 1407 2509 excipere
1429 2473 1490 2496 so·

836 2517 908 2554 leat
931 2517 983 2563 (v.
1005 2517 1043 2563 I,
1064 2516 1130 2557 42.
1150 2516 1214 2563 ΙΙΙ,
1245 2516 1319 2562 75)
1349 2515 1489 2565 Diony-

837 2573 928 2609 sium
963 2573 998 2609 h.
1033 2546 1057 2609 l.
1089 2573 1140 2609 ita
1150 2572 1301 2628 legisse
1339 2573 1491 2623 putabat

837 2629 1116 2666 Valckenarius:
1139 2629 1192 2679 ἠν
1214 2627 1369 2679 ἑτοῖμος
1384 2627 1491 2668 ποιέ-

839 2699 896 2724 ειν
921 2687 1066 2732 ταῦτα,
1117 2685 1195 2722 vzel
1244 2683 1396 2724 ποιέειν
1436 2699 1490 2736 ην

837 2740 1000 2792 ἑτοῖμος,
1045 2741 1120 2779 Sed
1170 2741 1265 2779 bene
1314 2742 1487 2792 opposuit

836 2798 1126 2846 SchweighaeuS.
1154 2797 1190 2845 Ι,
1219 2801 1284 2839 70.
1315 2798 1371 2845 V,
1410 2799 1481 2838 31.

835 2854 1049 2904 Scripsimus
1070 2858 1189 2892 autem
1208 2850 1374 2906 ἑτοῖμος,
1403 2865 1483 2891 cum
