1909 3228
474 208 558 249 556

867 205 1336 244 HERODOTI

474 315 726 372 ὑφαίνουσι.
784 312 1023 368 ὑφαίνουσι
1059 314 1103 356 δὲ
1146 315 1187 356 οἱ
1222 314 1298 368 μὲν
1338 314 1485 366 ἄλλοι,
1523 314 1613 357 ἅνω
1644 313 1724 370 τήν

447 394 641 448 4κρόκηυ
680 391 912 443 ὠθέοντες,
951 390 1181 447 Αἰγύπτιοι
1217 393 1285 443 ὁὲ,
1324 390 1451 435 κάτω.
1508 393 1559 436 τά
1590 393 1724 448 ἄχθεα

476 474 520 515 οῖ
547 473 624 527 μὲν
654 471 803 524 ἄνδρες
841 471 910 514 ἐπὶ
950 476 1034 514 τῶν
1066 472 1285 526 κεφαλέων
1315 470 1548 526 φορέουσι,
1601 475 1645 515 αἱ
1675 473 1722 515 ὸὲ

477 555 678 607 γυναῖκες
707 549 774 592 ἐπὶ
802 553 889 592 τῶν
919 549 1066 606 ὤμων·
1117 549 1322 603 οὐρέουσι
1340 583 1349 601 ,
1393 552 1438 593 αἱ
1468 550 1546 606 μὲν
1574 555 1725 604 γυναῖ-

450 634 570 679 5κες,
603 625 759 682 ὀρθαί·
793 631 836 672 οἱ
866 629 910 672 δὲ
940 627 1116 684 ἄνδρες,
1149 628 1392 684 κατήμενοι.
1425 628 1725 684 εὐμαρέῃχρέ-

479 723 611 750 ωνται
650 706 697 749 ἐν
734 712 845 751 τοῖσι
881 710 1060 759 οἴκοισι,
1119 708 1313 752 ἐσθίουσι
1352 708 1396 752 δὲ
1438 708 1513 760 ἔξω
1552 707 1599 750 ἐν
1630 711 1728 765 τῇσι
1742 715 1784 749 85

424 941 520 975 ctum
545 937 608 984 sit,
636 942 677 975 ut
703 937 775 975 tale
801 951 892 988 opus
914 939 1070 976 virorum

423 995 543 1046 potius
580 995 686 1032 suerit
727 1007 836 1043 quam
872 995 1070 1033 mulierum.

424 1050 535 1088 Plura
554 1050 713 1088 Heeren.
742 1051 853 1089 ldeen
884 1055 952 1089 etc.
975 1052 1027 1099 ll,
1045 1054 1072 1093 2

423 1119 500 1158 pag
517 1108 608 1148 368.

480 1159 700 1212 ’ὑφαίνουσι
724 1159 766 1201 δὲ
794 1162 836 1202 οἵ
861 1161 931 1214 μὲν
951 1160 1072 1209 ἄλλοι,

426 1216 512 1258 ἅνω
536 1216 608 1267 τήν
637 1214 783 1269 κρόκην
817 1214 1010 1266 ω’θέοντες
1037 1235 1073 1258 κ.

425 1291 461 1314 τ.
480 1273 531 1325 λ.]
561 1271 646 1313 ἅνω
672 1271 746 1324 τὴν
777 1273 927 1327 κρόκην
949 1273 1074 1315 ω’θεῐν

427 1331 515 1370 nihil
531 1331 626 1368 aliud
645 1335 702 1368 est
724 1344 834 1380 quam
852 1330 935 1371 ἅνω
953 1332 1074 1383 ὑφαί-

426 1402 530 1435 νειν,
561 1387 595 1424 h.
612 1400 643 1424 e.
673 1401 807 1425 sursum
829 1402 945 1425 versus
965 1393 1076 1426 texere

427 1458 456 1482 s.
476 1446 512 1481 in
534 1443 755 1480 altitudinem
776 1448 907 1488 ηαστε,-
936 1446 997 1494 qui
1021 1450 1077 1482 te-

427 1499 536 1538 xendi
557 1500 684 1536 modus
705 1501 870 1537 omnibus
907 1501 1074 1549 gentibus

429 1556 495 1594 suit
529 1556 681 1592 usitatus
720 1560 974 1605 praeterquam
1003 1556 1076 1592 Ae-

429 1612 574 1661 gyptiis.
623 1610 829 1660 „Aegyptii
850 1612 944 1649 enim
972 1613 1077 1649 deor-

429 1680 508 1705 sum
536 1680 659 1704 versus
687 1669 875 1714 texebant,
916 1669 977 1716 qui
1002 1673 1077 1705 tra-

430 1735 525 1761 mam
545 1724 581 1758 in
605 1724 809 1760 inferiorem
838 1728 976 1773 partem
1002 1728 1077 1760 tru-

431 1780 575 1816 debant.
634 1778 743 1827 Apud
781 1784 940 1816 caeteras
981 1780 1076 1816 enim

431 1838 559 1885 gentes
581 1847 660 1870 cum
683 1838 799 1870 trama
827 1835 881 1872 vel
907 1835 968 1870 fila
987 1834 1080 1871 infra

431 1895 583 1937 essent,
613 1890 650 1926 in
671 1890 912 1939 superioribus
929 1891 1081 1928 teneba—

431 1951 489 1984 tur
519 1946 792 1983 vestimentum:
823 1950 860 1983 et
885 1947 934 1983 sic
963 1951 1081 1984 trama

432 2015 578 2052 semper
610 2002 754 2052 pectine
782 2003 830 2040 ad
858 2003 1079 2053 superiorem

431 2063 574 2110 partem
605 2058 806 2096 ducebatur
836 2063 873 2097 et
905 2059 1079 2096 trudeba-

431 2121 512 2160 tnr3
551 2118 660 2164 atque
694 2114 753 2162 id,
791 2128 929 2152 sursum
955 2128 1079 2152 versus

433 2175 555 2209 texere
582 2170 639 2209 vel
675 2170 713 2206 in
741 2171 989 2218 altitudinem,
1016 2184 1080 2207 vo-

433 2227 576 2264 cabant.
633 2225 826 2264 contrario
860 2228 970 2264 modo
1009 2226 1083 2264 Ae-

433 2283 579 2334 gyptii,
628 2295 672 2320 ex
706 2284 948 2333 superioribus
970 2311 982 2330 ‚
1020 2284 1079 2320 ubi

435 2344 538 2377 erant
557 2339 636 2386 fila,
661 2338 719 2376 vel
740 2340 838 2386 licia,
867 2341 914 2376 ad
934 2339 1081 2376 inferio-

434 2408 476 2432 ra
500 2395 768 2445 procedebant,
803 2396 864 2432 ubi
889 2396 1082 2433 vestimen-

435 2455 509 2488 tum
529 2451 584 2489 vel
605 2451 676 2488 tela
693 2464 786 2501 quae
803 2453 1002 2498 texebatur,
1027 2452 1081 2488 in-

436 2509 551 2544 erat.“
571 2507 772 2545 Salmasius
794 2508 840 2545 ad
858 2507 1082 2557 Vopisct'Au-

436 2563 558 2600 relian.
583 2576 668 2614 pag.
687 2564 768 2605 564
796 2569 882 2601 tom.
905 2564 947 2600 ll.
994 2564 1081 2611 lugo

436 2619 588 2656 textorio
615 2620 761 2668 Indico,
796 2621 896 2670 quod
926 2620 1083 2656 omnium

438 2675 734 2724 simplicissimum
774 2677 846 2722 sit,
883 2675 1083 2725 Aegyptios

438 2742 523 2765 usos
551 2732 680 2779 fuisse,
711 2745 754 2770 ex
781 2732 930 2770 aliorum
959 2733 1084 2768 obser-

438 2786 637 2823 vationibus
671 2792 774 2824 notat
800 2789 911 2826 Beck.
941 2788 1081 2837 allgem.

441 2840 659 2889 Weltgeseh.
683 2843 696 2879 l
721 2856 757 2893 p.
773 2845 866 2885 765.

1195 939 1235 979 οῖ
1257 935 1327 988 μὲν
1351 935 1493 989 ἄνδρες
1525 936 1589 978 ἐπὶ
1620 939 1701 976 τῶν
1726 952 1786 977 κε-

1140 994 1296 1046 φαλέων
1316 993 1526 1046 φορέουσι]
1546 993 1706 1034 ἐπὶτῶν
1726 1009 1787 1033 κε-

1140 1050 1298 1102 φαλέων
1319 1051 1425 1101 plane
1445 1055 1485 1087 ut
1502 1064 1589 1087 nos:
1621 1050 1694 1100 auf
1715 1050 1789 1087 clem

1143 1108 1273 1157 Καρ-[ι’.
1307 1107 1415 1144 Conf.
1438 1106 1614 1144 Matthiae
1635 1107 1700 1143 Gr.
1723 1107 1788 1142 Gr.

1141 1166 1318 1216 p.1162.
1347 1184 1402 1190 —
1431 1163 1532 1200 Haec
1559 1175 1642 1200 vero
1672 1163 1789 1199 minus

1142 1220 1358 1258 conveniunt
1388 1232 1466 1255 cum
1487 1218 1724 1269 anaglyphis,
1753 1218 1790 1255 in

1142 1277 1270 1326 quibus
1297 1275 1395 1312 haud
1420 1288 1500 1312 raro
1528 1275 1793 1325 conspiciuntur

1142 1333 1307 1370 homines
1333 1344 1443 1368 onera
1472 1332 1507 1367 in
1542 1331 1699 1368 humeris
1727 1343 1792 1379 ge-

1145 1393 1293 1425 stantes.
1324 1388 1432 1424 Cous.
1447 1388 1593 1423 Costaz.
1609 1386 1790 1435 Descript.

1144 1445 1191 1481 de
1211 1444 1304 1491 l’Eg.
1334 1444 1471 1491 antiqq.
1500 1443 1514 1478 l
1537 1444 1640 1479 mein.
1672 1455 1706 1491 p.
1724 1444 1789 1483 69.

1201 1495 1381 1549 ου’ρέουσι
1401 1520 1456 1525 -
1476 1494 1704 1548 κατήμενοι]
1726 1512 1792 1535 κα-

1143 1552 1305 1605 τήμενοι
1333 1554 1532 1602 Schweigh.
1561 1554 1698 1591 reddit:
1737 1567 1790 1590 re-

1144 1612 1298 1649 sidente&
1363 1609 1568 1656 Larchero,
1609 1610 1669 1658 qui
1707 1610 1790 1646 olim

1143 1672 1299 1705 verterat
1337 1669 1447 1712 assis,
1489 1671 1617 1715 postea
1658 1665 1792 1715 placuit

1144 1724 1326 1771 ‹zccroupz's
1354 1722 1405 1769 (i.
1435 1734 1465 1758 e.
1495 1735 1529 1758 se
1558 1721 1792 1770 deprimentes,

1143 1779 1387 1825 demittentes).
1446 1778 1545 1814 ldem
1564 1778 1678 1824 addit,
1696 1779 1794 1828 apud

1147 1835 1280 1880 Indos,
1311 1834 1371 1882 qui
1402 1834 1450 1870 ad
1480 1833 1650 1870 Hudsoni
1678 1834 1795 1870 sinum

1147 1890 1331 1937 habitent,
1360 1890 1456 1927 idem
1485 1890 1530 1927 ab
1549 1889 1669 1937 Anglo
1689 1903 1795 1940 pere-

1148 1947 1331 1995 grinator-e
1350 1947 1577 1983 observatum
1592 1946 1714 1984 fuisse.

1206 1998 1375 2055 εὐμαρές]
1394 2000 1606 2053 χρέωνται]
1639 2002 1710 2039 Pro
1729 1997 1795 2042 ευ’-

1149 2059 1293 2112 μαρίῃ,
1323 2060 1423 2108 quod
1449 2060 1562 2095 tenuit
1598 2058 1795 2096 Wesselin-

1147 2117 1249 2165 gius,
1288 2128 1382 2151 nunc
1409 2113 1596 2151 meliorum
1626 2114 1794 2150 librorum

1147 2184 1327 2209 consensu
1352 2171 1548 2219 repositum
1583 2175 1637 2206 est
1678 2165 1795 2220 εὐμα-

1148 2226 1229 2280 ρέῃ.
1288 2227 1395 2263 conf.
1414 2226 1475 2273 lv,
1494 2226 1572 2266 113
1603 2225 1687 2275 ibiq.
1708 2226 1796 2263 Val-

1148 2284 1250 2321 cken.
1274 2287 1309 2320 et
1333 2283 1450 2319 Koen.
1473 2282 1520 2319 ad
1541 2282 1696 2329 Gregor.
1720 2283 1795 2319 Co-

1147 2339 1252 2376 rinth.
1291 2338 1337 2375 dc
1362 2337 1502 2375 dialect.
1538 2337 1611 2374 lon.
1641 2337 1793 2388 &119-

1147 2395 1287 2432 Iudicat
1317 2400 1435 2431 autem
1469 2388 1660 2443 εὖμαρέη,
1697 2395 1796 2443 quod

1148 2451 1331 2488 honestius
1353 2453 1403 2488 rei
1421 2451 1536 2500 turpis
1563 2455 1617 2487 est
1639 2452 1794 2488 vocabu-

1147 2507 1243 2553 luin,
1274 2507 1368 2543 alvei
1385 2508 1656 2543 exonerationem
1683 2511 1797 2544 recte-

1151 2576 1222 2612 que
1256 2565 1448 2613 exponitur
1478 2576 1499 2599 a
1522 2563 1656 2600 buida:
1696 2558 1796 2602 οἷπό-

1151 2634 1284 2665 πατος.
1341 2619 1437 2656 Add.
1460 2618 1622 2655 Eustath.
1651 2619 1699 2656 ad
1717 2619 1798 2655 Ho-

1151 2688 1237 2713 mer.
1262 2675 1300 2711 ll.
1320 2671 1348 2722 ξ’
1370 2689 1406 2725 p.
1423 2677 1525 2720 970,
1548 2677 1597 2715 13
1618 2687 1646 2711 s.
1665 2688 1701 2724 p.
1715 2677 1796 2716 980

1152 2732 1208 2768 ed.
1229 2732 1333 2768 Rom.
1393 2730 1444 2767 Ac
1471 2730 1631 2767 Graecos
1651 2731 1795 2779 quidem

1150 2788 1198 2824 ad
1226 2787 1425 2825 istiusmodi
1462 2787 1694 2824 necessitates
1736 2799 1795 2823 ex-

1151 2843 1300 2893 plendas
1348 2843 1498 2880 aedibus
1537 2843 1632 2881 exire
1673 2841 1795 2878 solitos
