1909 3228
416 187 500 228 3⁰2
831 184 1297 222 HERODOTI

419 298 546 349 ,,δων
575 289 688 340 εἶναι
719 293 774 339 ου’
804 291 1123 349 φαυλοτέρους,
1175 292 1274 336 οὕτε
1313 292 1366 337 τά
1394 293 1523 344 ἄλλα,
1578 295 1677 339 οὔτε

419 375 510 428 ,,τά
541 375 738 429 πολέμια.
799 371 856 423 ὠς
888 367 950 415 ὧν
979 372 1164 427 ἐχόντων
1195 367 1298 430 fide,
1333 370 1572 418 ἀπίστασθε
1603 373 1677 418 ἀπ’

421 453 710 508 ,,Ἀστυάγεος
739 451 820 506 τὴν
849 453 1094 508 ταχίστην.“

262 552 361 598 127
533 533 699 585 Πέρσαι
725 529 805 586 μέν
828 546 912 574 νυν
927 527 1176 584 προστάτεω
1199 527 1524 585 ἐπιλαβόμενοι,
1557 529 1680 586 ἅσμε-

121 617 206 681 fflffff
251 618 365 654 praeno
423 629 493 655 νοι
523 611 856 664 ἐλευθεροῦντο,
887 611 959 654 καὶ
991 609 1123 653 πάλαι
1154 607 1300 652 δεινὸν
1325 608 1577 664 ποιεύμενοι
1592 609 1678 653 ὑπὸ

395 688 602 745 ΞΜήὸων
632 687 853 744 ἄρχεσθαι.
892 689 1123 745 Ἁστυάγης
1153 690 1198 732 ὁὲ
1229 687 1286 740 ὡς
1317 687 1500 732 ἐπύθετο
1530 692 1740 743 Κῦρονῖο

417 767 670 824 πρήσσοντα
700 773 858 821 ταῦτα,
891 768 1062 824 πέμψας
1099 769 1305 825 ἄγγελον,
1347 768 1491 812 ἐκάλεε
1529 766 1678 811 αὐτόν.

421 846 445 893 ὁ
477 848 522 892 δὲ
553 850 702 904 Κῦρος
731 847 897 892 ἐκέλευε
927 848 1005 892 τόν
1045 849 1225 904 ἄγγελον
1265 848 1570 904 ἀπαγγέλλειν,
1618 847 1686 892 ὅτι

422 927 642 983 πρότερον
669 927 766 984 ἥξοι
794 926 900 982 παρ’
931 927 1099 971 ἐκεῖνον
1118 927 1147 984 ἢ
1169 927 1300 978 αὐτὸς
1325 925 1559 983 Ἀστυάγης
1580 929 1685 982 βου-

395 1006 610 1064 3λήσεται.
678 1005 872 1058 οἰκούσας
912 1007 957 1051 δὲ
999 1011 1137 1050 ταῦτα
1175 1006 1198 1050 ὁ
1238 1006 1473 1062 Ἀστυάγης
1502 1006 1688 1062 Μήδους

424 1104 469 1131 τε
509 1087 666 1131 ω’πλισε
706 1085 894 1140 πάντας,
954 1087 1027 1130 καὶ
1066 1087 1306 1143 στρατηγὸν
1353 1084 1519 1139 αὐτῶν,
1580 1084 1689 1128 ὥστε

423 1167 670 1223 θεοβλαβὴς
703 1167 808 1217 ἐών,
860 1164 1032 1218 ἀπέδεξε
1059 1165 1310 1222 ’Ἀρπαγον,
1360 1166 1504 1222 λήθην
1542 1163 1744 1208 ποιεῦ-75

396 1249 556 1301 4μενος
581 1244 634 1289 τά
663 1263 738 1301 μιν
768 1244 925 1302 ἐόργεε.
987 1245 1046 1297 ὥς
1087 1245 1130 1290 δ’
1173 1248 1216 1290 οἱ
1246 1248 1398 1302 Μῆδοι
1431 1242 1689 1299 στρατευσά-

423 1342 546 1381 μενοι
575 1330 690 1369 τοῖσι
721 1325 918 1382 Πέρσῃσι
948 1325 1233 1382 συνέμισγον,
1284 1327 1328 1368 οῖ
1357 1324 1436 1381 μέν
1467 1340 1582 1374 τινες
1613 1321 1688 1366 av’-

421 1408 510 1447 τῶν
539 1403 771 1460 ἐμάχοντο,
821 1404 920 1448 ὅσοι
949 1405 1007 1461 μή
1037 1409 1118 1448 τοῦ
1147 1405 1283 1460 λόγου
1309 1404 1536 1459 μετέσχον·
1569 1404 1614 1445 οἱ
1643 1402 1689 1445 δὲ

426 1481 696 1539 αὐτομόλεον
724 1484 832 1537 πρὸς
861 1482 963 1534 τοὺς
996 1484 1191 1537 Πέρσας·
1225 1485 1267 1526 οἱ
1298 1483 1342 1526 δὲ
1372 1487 1561 1525 πλεῖστοι
1592 1480 1689 1523 ἐθε-

267 1584 364 1629 128
424 1552 636 1608 Zondiceo'v
666 1579 710 1605 τε
741 1563 814 1605 καὶ
844 1562 1043 1618 ἔφευγον.
1083 1561 1384 1612 Διαλυθέντος
1415 1561 1459 1604 ὁὲ
1489 1564 1568 1604 τοῦ
1591 1564 1685 1616 Μη-
1702 1567 1746 1600 80

93 1649 372 1720 ᾗὲίῑῗὲῡέεῄῐῐᾟῦοῡξέἱῇ
432 1645 558 1686 δικοῦ
590 1640 908 1697 στρατεύματος
937 1643 1144 1697 αἰσχρῶς,
1196 1640 1251 1692 ὠς
1292 1640 1476 1684 ἐπύθετο
1516 1640 1693 1695 τάχιστα

93 1725 158 1747 (ἓῑΙΙΒ
177 1724 208 1745 (ξι
224 1725 310 1744 vlvus
323 1724 371 1743 ca·

94 1755 161 1788 ptus
180 1759 207 1780 a.
226 1751 286 1779 550.

431 1720 455 1766 ὁ
483 1720 742 1777 Ἀστυάγης,
772 1722 879 1776 ἔφη,
913 1719 1123 1763 ἀπειλέων
1142 1724 1202 1776 τῷ
1223 1719 1379 1779 Κύρῳ·
1411 1719 1557 1771 ,,Ἀλλ’
1588 1715 1690 1762 οὐδ’

373 1800 528 1853 .Ξ,,ὡ“ς
561 1800 583 1843 ὁ
616 1797 763 1853 Κῦρός
792 1815 838 1854 γε
869 1797 1103 1854 χαιρήσει.“
1167 1803 1365 1842 Τοσαῦτα
1404 1800 1545 1849 εἴπας,
1577 1799 1693 1850 πρῶ-

430 1895 508 1924 τον
538 1879 615 1934 μὲν
644 1882 732 1921 τῶν
766 1877 916 1934 μάγων
945 1877 1047 1928 τοὺς
1076 1877 1410 1931 ὀνειροπόλους,
1443 1878 1490 1921 οἳ
1507 1893 1581 1933 μιν
1600 1874 1693 1919 ἀνέ-

432 1969 608 2016 γνωσαν
636 1963 828 2014 μετεῖναι
857 1957 935 2001 τόν
963 1960 1138 2012 Κῦρον,
1168 1957 1354 2008 τούτους
1371 1954 1693 2001 ἀνεσκολόπισε.
1705 1961 1750 1996 85

545 2106 656 2155 cap.
687 2103 872 2141 cxxvii.

431 2161 499 2202 καὶ
519 2157 733 2212 στρατηγὸν
755 2155 910 2208 αύτῶν,
933 2155 1029 2198 ὥστε

374 2216 605 2270 θεοβλαβὴς
625 2215 699 2257 ἒών
716 2232 751 2255 κ.
772 2232 804 2254 τ.
827 2215 873 2266 λ.]
905 2216 953 2253 Et
973 2216 1030 2253 hic

376 2280 414 2315 et
438 2275 545 2327 paulo
565 2276 660 2312 infra
680 2269 813 2312 αὐτῶν
835 2272 1028 2323 epluribus

376 2333 482 2370 codd.
525 2331 755 2368 adscivimus.
821 2329 941 2378 Vulgo
986 2340 1030 2365 ex

378 2388 473 2426 Aldo
485 2391 731 2439 propagatum
752 2390 829 2424 erat
849 2381 1029 2424 αὐτέων.

377 2465 435 2473 --
463 2441 694 2495 θεοβλαβής
729 2444 856 2480 dicitur
881 2443 932 2489 is,
969 2441 1028 2490 qui

379 2514 403 2537 a
422 2501 491 2538 diis
511 2504 629 2538 mente
661 2500 765 2549 quasi
789 2503 915 2550 captus
947 2497 1031 2534 red-

381 2557 476 2594 ditur
505 2555 695 2608 (βλαβεὶς
726 2552 807 2595 ύπό
835 2557 908 2594 τοῦ
929 2554 1032 2592 θεοῦ

380 2610 455 2663 τήν
479 2612 658 2665 φρένα),
688 2616 728 2649 ut
745 2625 870 2649 amens
898 2609 1029 2647 stolida

382 2669 501 2718 capiat
522 2669 668 2706 consilia
680 2679 923 2718 perverseque
933 2670 1029 2716 agat.

381 2724 490 2761 conf.
510 2725 617 2773 VIII,
639 2727 728 2766 137.

438 2775 573 2829 λήθην
602 2777 838 2831 ποιεύμενος
872 2774 920 2818 τά
964 2792 1032 2829 μιν

384 2830 534 2887 ἐόργεε]
583 2835 641 2874 De
678 2837 787 2875 verbo
814 2839 1030 2882 ποιεῖσθαι,

1096 2103 1156 2139 ubi
1196 2101 1375 2151 duplicem
1410 2102 1648 2139 accusativum
1682 2100 1750 2137 ad-

1096 2159 1209 2205 scivit,
1222 2159 1423 2194 monuimus
1445 2158 1492 2194 ad
1510 2157 1546 2204 Ι,
1569 2158 1634 2197 68.
1655 2156 1750 2193 For-

1096 2227 1191 2251 mam
1214 2210 1340 2265 ἐόργεε
1361 2218 1511 2263 propter
1530 2226 1649 2249 rarum
1661 2225 1751 2262 aug-

1097 2270 1208 2308 menti
1249 2283 1364 2319 genus
1411 2268 1533 2305 laudat
1571 2268 1750 2307 Matthiae

1098 2325 1134 2377 §.
1153 2329 1227 2366 161
1255 2339 1339 2376 pag.
1354 2327 1435 2366 297
1460 2324 1538 2362 coll.
1557 2338 1642 2376 pag.
1654 2325 1749 2372 458,

1098 2383 1158 2419 ubi
1181 2384 1227 2420 de
1255 2383 1376 2419 radice
1397 2380 1516 2435 ἔργω,
1544 2383 1643 2420 unde
1665 2395 1751 2432 per-

1098 2440 1232 2476 sectum
1271 2439 1468 2476 secundum
1501 2437 1616 2490 ἔοργα
1651 2438 1750 2490 apud

1098 2494 1244 2545 Epicos.
1262 2495 1303 2532 Iu
1315 2508 1419 2543 seqq.
1434 2507 1500 2544 pro
1513 2493 1751 2547 συνέμισγον

1098 2565 1190 2588 unus
1211 2553 1290 2589 cod.
1305 2550 1476 2602 ἔμισγον,
1495 2550 1553 2588 alii
1571 2549 1750 2602 συνέσμι-

1096 2623 1167 2660 γον
1181 2638 1190 2656 ,
1215 2621 1326 2658 prava
1344 2608 1528 2645 literarum
1545 2609 1752 2658 transposi-

1097 2665 1215 2711 tione,
1245 2664 1389 2713 qualem
1414 2664 1541 2701 itidem
1561 2665 1752 2702 advertunt

1099 2721 1137 2768 l,
1157 2720 1247 2762 185.
1278 2721 1349 2769 vl,
1367 2719 1429 2762 14.
1459 2720 1549 2767 Vll,
1571 2720 1638 2762 40.

1255 2777 1286 2814 C
1297 2789 1366 2827 ap.
1397 2776 1601 2814 CXXVIII.

1157 2829 1321 2879 τούτους
1338 2827 1641 2882 ἀνεσκολόπισε]
1670 2832 1693 2869 i.
1713 2843 1746 2869 e.

1753 764 1807 806 64
