1909 3228
265 1335 366 1380 116

94 1396 158 1436 Rex
183 1405 250 1425 eum
279 1407 372 1433 ngno-

93 1433 150 1457 nmt
161 1451 169 1465 ‚
186 1435 217 1458 ct
231 1433 373 1461 bubulcus

94 1471 198 1493 verum
211 1465 334 1498 fatetur,

433 190 517 230 282

828 185 1297 226 HERODOTI

405 297 621 354 Ξπὲμπετο
660 295 736 340 τόν
772 311 816 339 τε
851 293 1069 351 βουκόλον
1109 296 1181 339 καὶ
1218 295 1296 339 τὸν
1321 298 1469 341 παῖδα.
1526 295 1687 340 ἐπείτε

432 377 480 420 δὲ
508 380 711 431 παρῆσαν
740 372 1005 430 ἀμφότεροι,
1051 373 1214 429 βλέψας
1241 373 1351 429 πρός
1378 374 1455 418 τὸν
1483 379 1634 432 Κῦρον
1662 373 1685 419 ὁ

425 454 675 510 Ἀστυάγης,
705 454 809 510 ἔφη·
857 452 962 504 ,,Σύ
992 452 1062 510 δή,
1092 452 1178 497 ἐών
1202 455 1332 496 τοῦδε
1360 453 1566 498 τοιούτου
1595 454 1742 498 ἐόν-25

429 551 537 587 „tos
564 538 687 585 παῖς,
713 530 952 589 ἐτόλμησας
973 531 1051 576 τὸν
1071 535 1199 576 τοῦδε
1220 534 1380 584 παῖδα,
1409 532 1555 584 ἐόντος
1574 534 1687 587 πρώ-

401 620 546 666 3,,του
577 609 675 666 παρ’
707 612 821 668 ἐμοὶ,
851 610 1013 669 ἀεικείῃ
1041 613 1189 668 τοιῇδε
1218 616 1509 667 περισπεῖν,·“
1563 610 1611 655 Ὃ
1641 612 1687 657 δὲ

430 689 626 747 ἀμείβετο
656 686 763 735 ὦδε·
821 686 902 743 »Ὧι
932 691 1137 742 δέσποτα,
1176 690 1259 747 ἐγώ
1290 690 1337 735 δὲ
1365 695 1502 735 ταῦτα
1527 694 1688 735 τοῦτον

429 770 644 827 ,,έποιήσα
676 770 758 815 σὺν
785 772 897 828 δίκῃ.

956 772 1000 815 οῖ
1026 770 1110 827 γάρ
1148 787 1200 826 με
1229 771 1277 815 ἐκ
1305 774 1380 828 τῆς
1415 770 1563 826 κώμης
1591 774 1689 814 παῖ-

428 851 556 902 ,,δες,
605 853 695 893 τῶν
724 849 799 893 καὶ
827 848 902 894 ὅδε
930 844 1011 907 ἦν.
1070 851 1316 903 παίζοντες,
1367 850 1515 906 σφέων
1546 848 1691 893 αὐτῶν
1758 850 1810 893 58

398 926 700 986 4,,έστήσαντο
749 928 940 985 βασιλέα.
999 926 1177 972 ἐδόκεον
1223 927 1307 985 γάρ
1355 941 1437 985 σφι
1484 927 1596 973 εἶναι
1645 930 1688 981 ἐς

425 1012 589 1060 ,,τοῦτο
639 1008 985 1065 ἐπιτηδειότατος.
1044 1010 1088 1052 οῖ
1125 1007 1205 1065 μέν
1244 1024 1328 1052 νυν
1365 1006 1488 1052 ἄλλοι
1538 1010 1745 1059 παῖδεςδο

424 1088 512 1139 »τὰ
541 1087 854 1144 ἐπιτασσόμενα
897 1088 1137 1132 ἐπετέλεον·
1188 1082 1318 1139 οὗτος
1346 1087 1393 1131 δὲ
1423 1086 1687 1143 ἀνηκούστεέ

424 1182 529 1219 ,,τε,
560 1168 634 1211 καὶ
662 1166 796 1223 λόγον
825 1165 907 1224 εἶχε
938 1165 1122 1212 οὐδένα·
1157 1166 1200 1218 ἐς
1228 1166 1256 1211 ὃ
1285 1167 1408 1224 ἔλαβε
1437 1166 1518 1223 τήν
1547 1168 1685 1224 δίκην.

423 1248 494 1297 „sl
523 1241 586 1290 ὧν
615 1245 667 1303 δὴ
694 1249 823 1291 τοῦδε
851 1248 993 1292 εἵνεκα
1023 1246 1142 1300 ἄξιός
1169 1262 1243 1290 τευ
1273 1250 1415 1292 κακοῦ
1444 1247 1552 1302 εἰμὶ,
1602 1241 1688 1291 ὧδέ

423 1341 524 1377 ,,τοι
552 1325 776 1382 πάρειμι.“
838 1330 986 1370 Ταῦτα
1023 1327 1227 1383 λέγοντος
1266 1330 1346 1370 τοῦ
1385 1326 1569 1380 παιδός,
1609 1326 1687 1371 τὸν

426 1401 659 1459 Ἀστυάγεα
688 1405 803 1462 ἐσῄει
832 1404 1078 1460 ἀνάγνωσις
1107 1403 1267 1449 αὐτοῦ·
1298 1407 1373 1449 καί
1403 1407 1447 1449 οἱ
1478 1404 1502 1449 ὅ
1543 1421 1587 1448 τε
1616 1422 1685 1460 χα-
1697 1411 1742 1447 35

425 1482 589 1538 ρακτὴρ
615 1487 697 1526 τοῦ
715 1482 954 1537 προσώπου
982 1485 1313 1540 προσφέρεσθαι
1342 1483 1486 1528 ἐδόκεε
1512 1484 1555 1536 ἐς
1584 1485 1687 1529 έωυ·

422 1560 525 1614 τὸν,
573 1562 707 1620 καὶὴ
757 1562 987 1620 ὑπόκρισις
1034 1563 1349 1621 ἐλευθερωτέρη
1398 1561 1527 1608 εἶναι·
1587 1564 1612 1607 ὅ
1641 1579 1686 1608 τε

365 1784 439 1822 tiva
457 1784 503 1822 ab
523 1786 708 1823 adieetivis
728 1786 764 1822 in
784 1800 832 1836 ης
850 1785 1020 1823 desinen-

962 1839 1018 1847 ...-

364 1855 481 1903 tibus,
527 1869 621 1906 quae
654 1856 850 1906 genitivum
890 1856 927 1894 in
958 1869 1020 1902 εος

363 1925 566 1975 declinant,
596 1928 780 1976 derivata,
810 1926 920 1964 radici
940 1926 1019 1964 lite-

363 2009 423 2033 ras
436 1996 476 2046 ίη
498 1997 699 2046 adiungant
720 1998 843 2046 itaque
862 1998 1013 2035 formam

363 2075 420 2080 -—
438 2053 498 2103 εἰη
526 2053 693 2091 habeant.
734 2053 817 2091 Vid.
839 2054 914 2092 eius
936 2058 1011 2091 not.

363 2110 412 2146 ad
437 2108 469 2145 ΙΙ
483 2138 493 2156 ‚
528 2112 593 2151 87.
641 2110 765 2159 ltaque
800 2111 1012 2148 retinuimus

362 2161 525 2219 ἀεικείῃ.
582 2166 732 2203 Rectius
769 2180 789 2204 e
827 2166 926 2204 libris
955 2180 1012 2205 re-

362 2223 464 2259 duxit
486 2222 718 2259 Gaissordius
741 2217 922 2276 ἆμείβετο
947 2236 1015 2274 pro

362 2278 458 2327 vulg.
481 2274 697 2329 ἀμείβεται.

419 2333 459 2381 ἐς
475 2331 496 2374 ὃ
523 2334 639 2386 ἔλαβε
669 2331 744 2386 τήν
775 2335 918 2386 δίκην]
940 2336 962 2372 i.
983 2349 1015 2374 e.

363 2390 469 2428 donec
489 2391 628 2429 tandem
645 2405 772 2441 poenas
791 2393 898 2439 «ledit,
919 2396 1018 2430 recte

363 2447 567 2497 explicante
612 2449 745 2487 Struve
784 2450 821 2486 in
866 2449 1016 2492 Quaest.

363 2503 502 2541 Herod.
519 2505 666 2555 specim.
689 2519 726 2556 p.
740 2505 808 2553 42,
836 2506 896 2542 ubi
911 2508 1019 2554 quot-

362 2564 453 2608 quot
483 2561 582 2611 apud
612 2561 840 2599 Herodotum
877 2561 1017 2599 inveni-

363 2619 470 2653 untur
483 2616 551 2654 loci
564 2618 738 2656 formulae
755 2617 796 2666 ἐς
815 2615 836 2657 ὃ
858 2617 1016 2665 (donec),

362 2671 536 2719 singulari
561 2674 741 2712 industria
772 2674 926 2724 collegit.
955 2674 1017 2711 Sic

361 2725 400 2774 Ι,
421 2730 486 2783 92⁹>-
508 2731 574 2770 94.
599 2732 653 2771 98
675 2734 743 2768 ete.

429 2783 459 2820 ώ
480 2782 540 2823 δέ
578 2801 639 2825 τοι
667 2782 856 2837 πάρειμι]
914 2785 1016 2824 Bene

361 2837 565 2889 Schweigh.
597 2855 664 2892 pro
687 2836 764 2883 ὦδε
784 2842 919 2881 mavult
937 2839 1015 2891 ὅδε,

1088 1771 1188 1820 quod
1208 1775 1283 1810 tres
1302 1771 1382 1809 libri
1395 1771 1604 1818 ostendunt,
1623 1771 1741 1821 quod-

1089 1840 1161 1876 que
1193 1828 1228 1864 in
1259 1828 1467 1866 melioribus
1504 1828 1604 1865 libris
1631 1841 1741 1879 supra

1088 1883 1265 1921 invenitur
1291 1885 1326 1932 1,
1359 1888 1450 1925 111.
1501 1884 1656 1923 Dubitat
1683 1888 1741 1922 ta-

1086 1953 1170 1977 men
1201 1941 1411 1978 Buttmann.
1443 1941 1481 1978 in
1514 1941 1580 1979 Gr.
1608 1941 1739 1979 Graec.

1080 1997 1204 2034 maior.
1228 1997 1260 2035 ll
1279 2010 1365 2049 pag.
1386 1999 1481 2040 286.

1272 2087 1304 2125 C
1318 2100 1339 2124 a
1349 2101 1386 2139 p.
1419 2087 1551 2125 CXVI.

1137 2161 1205 2204 τόν
1246 2160 1459 2217 Ἀστυάγεα
1495 2160 1603 2219 ἐσῄει
1642 2158 1739 2204 ἄνᾶ-

1083 2224 1250 2273 γνωσις]
1283 2223 1306 2259 i.
1339 2236 1371 2260 e.
1409 2222 1515 2259 subiit
1545 2221 1739 2271 Astyagem

1083 2281 1123 2315 ut
1148 2282 1348 2326 agnosceret
1368 2291 1526 2328 puerum.
1584 2277 1642 2317 De
1677 2292 1738 2316 ac-

1084 2335 1234 2372 cusativi
1265 2348 1332 2371 usu
1358 2340 1444 2385 post
1474 2332 1657 2384 εἰσιέναι,
1686 2336 1738 2372 si-

1084 2390 1203 2438 milia,
1234 2392 1307 2428 iam
1328 2392 1489 2439 monuit,
1519 2392 1660 2430 idoneis
1681 2396 1737 2430 te-

1086 2447 1202 2484 stibus
1229 2447 1360 2495 allatis,
1380 2448 1511 2486 Matth.
1532 2447 1569 2500 §.
1586 2449 1682 2496 402,
1699 2448 1736 2486 D

1086 2516 1122 2554 p.
1141 2505 1235 2546 736.
1266 2504 1376 2541 Conf.
1403 2505 1543 2542 Herod.
1563 2506 1650 2553 Vll,
1667 2507 1735 2547 46.

1135 2558 1436 2612 προσφέρεσθαι
1447 2558 1578 2602 ἐδόκεε
1589 2561 1629 2609 ἔς
1640 2560 1737 2601 ἑωυ-

1085 2611 1177 2667 τὸν]
1220 2616 1393 2656 Nonnulli
1413 2618 1492 2655 libri
1516 2617 1555 2666 ἐς
1573 2615 1736 2668 αὕτοῦς,

1084 2674 1184 2721 quod
1201 2674 1322 2724 placet
1332 2674 1520 2712 Gronovio
1533 2705 1544 2723 ,
1563 2676 1611 2713 ad
1623 2676 1735 2714 Cam-

1083 2729 1208 2777 bysem
1227 2735 1263 2769 et
1286 2731 1500 2770 Mandanen
1528 2731 1618 2771 haec
1639 2733 1733 2771 refe-

1083 2787 1199 2834 renti,
1228 2800 1323 2837 quae
1350 2789 1399 2826 ad
1423 2786 1624 2838 Astyagem
1650 2799 1733 2838 per-

1084 2843 1198 2883 tinere
1236 2849 1349 2896 patet.
1416 2843 1459 2883 Iu
1490 2857 1595 2896 seqq.
1633 2844 1732 2894 quod
