1909 3228
41 1035 136 1081 175

548 216 1063 256 EUTERPE.1L

1338 220 1422 259 877

169 324 220 381 δν)
250 325 322 368 καὶ
352 323 547 381 ἡλίσκετο
577 325 662 369 ὑπό
693 328 779 368 τῶν
809 329 1051 382 μαντηΐων,
1101 325 1237 370 πολλὰ
1268 327 1314 370 δὲ
1343 329 1416 371 καὶ
1478 333 1556 372 189

137 410 158 444 3
171 403 482 460 ἀποφεύγεσκε.

167 482 337 527 τοιάδε·
394 483 492 526 ὅσοι
530 484 608 539 μὲν
648 482 785 527 αὐτὸν
818 489 907 526 τῶν
943 487 1063 526 θεῶν
1108 482 1326 527 ἀπέλυσαν
1363 485 1422 541 μὴ

166 567 297 617 φῶρα
328 561 463 615 εἶναι,
493 563 662 607 τούτων
691 562 770 618 μὲν
800 566 888 604 τῶν
918 564 1028 617 ἱρῶν
1059 563 1157 606 οὔτε
1188 563 1421 619 ἐπεμέλετο,

166 639 265 684 οὕτε
294 641 336 691 ἐς
364 641 596 698 ἐπισκευήν
624 641 773 685 ἐδίδου
793 640 944 684 οὐδέν·
978 641 1080 686 οὐδὲ
1100 643 1285 697 φοιτέων
1307 643 1420 695 ἔθυε,

165 717 223 770 ὦς
253 718 433 772 οὐδενὸς
461 720 583 764 ἐοῦσι
612 719 795 773 α’ξίοισι,
843 719 1002 771 ψεύδεά
1042 737 1086 764 τε
1124 721 1310 777 μαντήϊα
1349 738 1420 765 κε-

135 798 427 854 4κτημένοισι.

486 799 585 842 ὅσοι
621 799 667 842 δέ
707 816 780 855 μιν
819 799 1063 854 κατέδησαν
1107 803 1238 854 φῶρα
1288 799 1419 852 εἶναι,

540 405 630 447 έπεί
665 420 708 447 τε
747 405 792 447 δὲ
836 405 907 447 καὶ
953 405 1231 460 ἐβασίλευσε,
1283 406 1478 450 ἐποίεε75

160 875 331 919 τούτων
362 878 432 928 δὲ,
475 876 534 928 ὥς
563 876 760 933 ἀληθέως
788 882 907 921 θεῶν
938 876 1098 920 ἐόντων
1127 878 1202 920 καὶ
1233 876 1420 931 ἀψευδέα
1433 889 1477 922 80

158 954 344 1010 μαντήϊα
376 957 708 1012 παρεχομένων,
746 956 798 999 τοὶ
830 955 1013 1011 μάλιστα
1042 956 1275 1012 ἐπεμέλετο.

274 1036 360 1077 Καὶ
389 1039 519 1079 τοῦτο
548 1036 649 1092 μὲν,
679 1037 724 1079 έν
740 1034 831 1079 Σοὲϊ
849 1039 903 1092 τῇ
931 1034 1135 1092 Ἀθηναίῃ
1168 1037 1418 1091 προπύλαια

157 1112 390 1168 θωυμάσιά
421 1116 464 1158 οἵ
492 1115 732 1172 ἐξεποίησε,
762 1114 924 1158 πολλὸν
953 1114 1118 1165 πάντας
1140 1113 1414 1171 ὑπερβαλλό-

157 1209 285 1247 μενος
314 1196 374 1251 τῷ
400 1210 443 1236 τε
472 1193 576 1246 ὕψεϊ
602 1196 675 1238 καὶ
704 1198 764 1251 τῷ
794 1193 994 1250 μεγάθεϊ,
1043 1192 1159 1237 ὅσων
1187 1211 1231 1237 τε
1261 1194 1308 1238 τὸ
1338 1195 1413 1250 μέ-

1474 1041 1634 1070 Minervae
1674 1047 1748 1071 tem-

1474 1077 1554 1110 plum
1574 1084 1678 1103 ornat:
1698 1077 1749 1104 dn-

1472 1117 1536 1136 mus
1574 1118 1607 1136 ex
1650 1110 1750 1146 lapide

1472 1143 1566 1170 solido
1586 1144 1749 1178 adingres-

1472 1185 1536 1203 sum
1563 1179 1685 1212 templi,
1714 1187 1749 1205 ex

1471 1210 1673 1244 Elephantina
1700 1221 1748 1239 us-

1472 1253 1530 1279 que
1544 1245 1680 1274 advecta.

157 1277 296 1326 γαθος
325 1274 461 1315 λίθων
490 1273 598 1326 ἐστὶ,
629 1275 701 1317 καὶ
732 1271 892 1317 ὁκοίων
920 1272 1048 1316 τέων’
1079 1278 1209 1318 τοῦτο
1238 1274 1304 1323 δὲ,
1335 1291 1411 1317 κο-
1427 1282 1471 1316 85

157 1351 346 1402 λοσσούς
381 1353 593 1408 μεγάλους
641 1353 715 1396 καὶ
772 1351 1100 1410 ἀνδρόσφιγγας
1155 1352 1416 1409 περιμήκεας

154 1557 281 1598 ἐποίεε
303 1554 452 1608 τοιοίδε]
485 1558 557 1596 Pro
587 1558 750 1610 ἐποίησε

98 1629 176 1652 cum
197 1621 344 1653 recentt.
367 1617 451 1653 dedi
473 1614 621 1666 ε’ποίεε,
650 1618 750 1666 quod

98 1685 182 1709 usus
210 1672 382 1721 loquendi
409 1673 610 1721 flagitabat.

156 1724 355 1766 (ἐπέλυσαν
405 1725 467 1778 μή
505 1731 649 1780 φῶρα
690 1725 749 1768 εἶ-

99 1787 206 1829 ναι]
239 1784 296 1822 De
325 1785 492 1820 infinitivi
520 1798 586 1821 usu
612 1786 750 1821 monuit

99 1840 227 1877 Matth.
252 1853 336 1889 pag.
359 1843 475 1881 1057.
507 1841 615 1877 Conf.
635 1841 662 1886 Ι,
681 1843 746 1882 32.

99 1896 239 1933 Eodem
268 1898 399 1943 modo,
437 1898 596 1946 opinor,
635 1897 748 1946 expli-

99 1954 271 1989 candum:
303 1949 391 1992 ὅσοι
424 1951 465 1990 δέ
491 1968 558 2002 μιν
583 1952 748 2003 κατέδη-

100 2021 172 2047 σαν
191 2011 310 2057 φῶρα
332 2004 432 2046 εἶναι
452 2009 536 2055 (ie.
558 2012 618 2059 qui
636 2011 748 2058 ipsum

91 2065 195 2115 furti
232 2067 482 2113 convicerant).

99 2123 165 2162 68.

541 2067 571 2102 C
576 2067 649 2103 ons.
685 2065 748 2113 IV,

265 2206 295 2242 c
309 2218 330 2242 a
341 2219 377 2257 p.
409 2205 595 2243 chxv.

151 2291 201 2343 τῇ
225 2285 418 2344 Ἀθηναίῃ
448 2311 502 2317 —
521 2289 746 2341 ἐξεποίησε]

97 2345 155 2382 Ad
187 2343 415 2394 προπύλαια
452 2349 545 2383 conf.
582 2347 636 2393 ΙΙ,
670 2350 744 2388 101

99 2407 134 2438 et
154 2403 201 2438 ad
224 2401 425 2451 ἐξεποίησε
452 2403 507 2449 11,
540 2402 628 2444 125.
658 2406 748 2444 126·

98 2458 270 2494 Voculam
293 2458 355 2502 οῖ,
387 2471 495 2507 quam
525 2460 654 2495 abesse
673 2472 750 2495 ma-

98 2514 171 2550 vult
189 2515 370 2551 Schaeser.
394 2515 439 2550 ad
460 2513 646 2551 Lambert.
660 2515 746 2552 Bos.

100 2570 147 2606 de
173 2569 285 2619 ellips.
309 2570 330 2606 l.
354 2570 417 2606 Gr.
438 2584 472 2619 p.
488 2571 581 2615 582,
604 2571 747 2617 retinui,

99 2626 277 2675 probante
295 2626 510 2674 Schweigh„
526 2626 585 2674 qui
607 2639 685 2662 eam
702 2639 745 2663 ex

99 2681 298 2717 abundanti
351 2681 529 2718 Herodoti
581 2695 745 2719 sermone

98 2741 217 2774 tuetur
247 2742 283 2774 et
313 2737 360 2773 ad
388 2739 437 2790 τῇ
466 2733 659 2789 Ἀθηναίῃ
688 2751 746 2775 re-

97 2794 178 2829 fert.
207 2815 262 2819 -—
298 2789 449 2839 πάντας
474 2792 638 2841 intelligit
670 2806 746 2840 eos,

99 2851 265 2898 quiante
293 2849 410 2899 ipsum
433 2849 519 2886 talia
545 2861 655 2900 opera
686 2862 746 2887 ex-

819 1563 1031 1598 struxerant.
1043 1583 1098 1588 —
1116 1559 1174 1598 Ad
1192 1558 1290 1600 τέων
1310 1562 1346 1598 in
1366 1574 1468 1612 seqq.

817 1618 911 1654 conf.
935 1617 1062 1654 Matth.
1081 1631 1116 1667 p.
1133 1618 1225 1658 284.

872 1673 940 1711 καὶ
991 1669 1285 1726 ἀνδρόσφιγγας
1305 1673 1318 1724 ]
1368 1674 1467 1712 Satis

817 1734 969 1775 constat,
989 1735 1074 1766 ante
1095 1730 1357 1780 Aegyptiorum
1375 1736 1467 1767 tem-

815 1785 876 1834 pla
907 1787 1015 1822 statui
1044 1786 1168 1822 solitas
1195 1800 1274 1823 esse
1304 1787 1467 1835 sphinges

810 1841 912 1891 facie
932 1843 1110 1889 ‘virginem
1136 1843 1182 1878 de
1211 1843 1341 1891 quibus
1370 1844 1466 1892 figu-

816 1899 864 1933 ris
886 1898 955 1933 vid.
974 1898 1110 1935 Aelian.
1133 1911 1168 1934 n.
1191 1911 1223 1935 a.
1258 1898 1350 1946 Xll,
1371 1903 1395 1940 7
1427 1904 1465 1937 et

816 1967 911 2002 quae
931 1954 1000 1990 alia
1024 1954 1221 1991 attulerunt
1250 1955 1465 2005 interpretes

817 2011 865 2046 ad
902 2010 1082 2047 Herodoti
1119 2010 1267 2057 locum,
1305 2012 1467 2061 inprimis

816 2078 902 2103 vero
916 2066 1046 2103 Creuz.
1065 2067 1100 2102 in
1120 2067 1280 2114 Symbol.
1304 2068 1318 2103 Ι
1338 2082 1372 2117 p.
1385 2068 1467 2109 495

816 2136 934 2171 seqq„
964 2124 1025 2170 qui
1052 2135 1146 2159 nunc
1167 2123 1271 2160 addit
1296 2124 1468 2171 wytten-

816 2179 917 2215 bach.
938 2179 986 2214 ad
1006 2179 1099 2215 Plut.
1119 2179 1243 2215 moral.
1272 2180 1337 2225 (de
1362 2180 1404 2216 Is.
1428 2184 1466 2218 et

816 2235 972 2280 Osirid.)
1000 2234 1055 2281 ΙΙ,
1093 2238 1111 2274 1
1152 2248 1236 2285 pag.
1267 2239 1355 2277 179.
1413 2236 1467 2274 Ac

817 2295 1000 2328 testantur
1028 2291 1124 2327 Galli
1153 2292 1270 2339 docti,
1301 2306 1362 2339 se,
1395 2305 1465 2330 una

817 2351 969 2395 excepta
995 2347 1161 2397 Sphinge
1192 2349 1239 2384 ad
1260 2351 1465 2397 pyramides

816 2403 1016 2449 collocata,
1055 2404 1092 2439 in
1121 2403 1330 2452 sphingibus
1370 2405 1466 2442 nulla

815 2459 885 2494 alia
903 2459 971 2494 nisi
991 2459 1147 2496 feminea
1166 2461 1285 2509 capita
1305 2474 1372 2510 per
1393 2461 1467 2499 Ae-

815 2519 967 2564 gyptum
1012 2515 1155 2552 vidisse.
1222 2516 1305 2559 Quo
1347 2518 1464 2565 magis

815 2572 1002 2607 advertere
1034 2584 1100 2607 nos
1138 2571 1247 2609 debet
1282 2572 1467 2610 Herodoti

812 2625 910 2662 locus
947 2627 993 2662 de
1032 2627 1196 2663 masculis
1242 2628 1462 2677 spln'ngibus,

814 2695 921 2730 quem
944 2682 993 2717 ita
1013 2683 1185 2732 expedire
1214 2685 1360 2721 student
1393 2686 1462 2721 do-

814 2738 860 2774 cti
898 2737 993 2773 Galli
1013 2767 1023 2784 ,
1069 2743 1107 2775 ut
1128 2767 1138 2785 ‚
1178 2752 1256 2776 cum
1294 2742 1459 2790 primitus

815 2793 978 2843 sphingis
999 2795 1114 2830 forma
1136 2796 1184 2831 ad
1197 2797 1457 2834 astronomicas

813 2849 968 2887 rationes
991 2851 1160 2901 spectarit
1173 2879 1184 2899 ,
1204 2852 1252 2889 ad
1267 2852 1457 2891 solstitium
