1909 3228
437 208 522 249 4⁰6
827 201 1296 242 HERODOTI

280 317 379 365 183

109 381 142 411 ln
144 383 189 411 vis
231 381 298 411 Beli
347 381 388 409 si-

109 424 212 451 guum,
228 414 355 444 sacrifici
348 422 388 449 ia,

112 450 144 478 se
145 455 190 476 ι-ιιι
195 458 222 476 ιι
247 457 306 476 ann
360 456 388 474 ι’-

111 491 160 509 ura
175 491 238 509 ιι.
257 457 333 509 alia¹
327 457 388 508 :ta-

112 521 144 543 ιιι
137 524 165 543 ιιι
184 516 214 542 fu
219 520 263 542 rto
277 523 295 545 ιι
313 515 386 542 Xer-

112 557 149 578 xe
165 549 276 578 ablata.

424 313 545 358 Ἔστι
584 314 630 357 δὲ
665 315 748 356 τοῦ
788 311 836 356 ἐν
877 314 1108 367 Βαβυλῶνι
1156 312 1257 364 ἱροῦ
1290 311 1364 354 καὶ
1403 309 1532 364 ἄλλος
1575 311 1694 357 κάτω

443 391 568 451 νηός·
615 391 726 435 ἔνθα
755 389 927 446 ἄγαλμα
955 389 1063 446 μέγα
1091 394 1172 434 τοῦ
1203 388 1310 440 Διὸς
1349 390 1414 434 ἔνι
1451 391 1695 449 κατήμενον

445 470 648 529 χρύσεον,
677 469 752 512 καί
780 470 825 512 οἱ
851 468 1037 523 τράπεζα
1065 469 1225 525 μεγάλη
1253 468 1510 522 παρακέεται
1525 471 1696 528 χρυσέη,

442 551 517 595 καὶ
545 547 594 591 τὸ
626 545 801 603 βάθρον
830 548 875 591 οἱ
901 548 974 592 καὶ
1011 546 1035 592 ὁ
1065 548 1232 602 θρόνος
1260 545 1441 603 χρύσεός
1470 548 1583 592 ἐστι·
1620 551 1726 594 καὶὸ

443 627 504 679 ὥς
531 627 680 683 ἔλεγον
709 628 753 670 οῖ
777 629 1016 681 Χαλδαῖοι,
1053 625 1277 672 ταλάντων
1306 624 1576 672 ὀκτακοσίων
1603 645 1702 684 χρυ-

444 708 546 752 σίου
583 706 810 762 πεποίηται
846 711 994 751 ταῦτα.
1053 707 1131 760 ἔξω
1176 706 1220 751 δὲ
1257 711 1338 750 τοῦ
1375 710 1507 764 νηοῦ,
1557 706 1704 764 βωμός

444 785 536 830 ἐστι
563 784 756 842 χρύσεος.
786 785 874 830 ἔστι
904 787 950 830 δὲ
979 786 1054 830 καὶ
1082 786 1211 838 ἄλλος
1230 785 1378 843 βωμός
1407 785 1560 842 μέγας,
1591 785 1706 831 ὅπου

417 863 603 910 Βθύεται
631 863 685 908 τοὶ
714 864 834 909 τέλεα
863 869 950 909 τῶν
980 863 1227 923 προβάτων.
1285 864 1353 908 ἐπὶ
1381 864 1465 921 γοέρ
1498 869 1579 909 τοῦ
1606 881 1708 922 χρυ-

449 944 554 990 σὲου
591 947 747 1001 βωμοῦ
790 943 874 988 οὐκ
909 944 1041 996 ἔξεστι
1079 946 1230 997 θύειν,
1281 943 1348 988 ὅτι
1385 943 1443 1001 μὴ
1481 943 1709 1001 γαλαθηνὰ

420 1028 609 1081 4μοῦνα.
641 1023 711 1067 ἐπὶ
740 1023 786 1067 δὲ
815 1026 895 1067 τοῦ
924 1023 1100 1079 μέζονος
1138 1025 1293 1079 βωμοῦ
1334 1023 1406 1066 καὶ
1433 1024 1709 1078 καταγίζουσι
1723 1033 1767 1066 10

449 1105 697 1161 λιβανωτοῦ
736 1103 850 1158 χίλια
877 1101 1066 1146 τάλαντα
1101 1102 1214 1154 ἔτεος
1244 1100 1428 1146 ἑκάστου
1458 1102 1502 1145 οἱ
1529 1103 1713 1145 Χαλδαῖ-

452 1199 520 1236 οι,
557 1180 653 1226 τότε
686 1180 816 1225 ἐπεάν
860 1181 941 1239 τὴν
979 1178 1115 1237 ὁρτήν
1153 1180 1290 1237 ἄγωσι
1327 1184 1389 1240 τῷ
1427 1183 1518 1236 θεῷ’
1555 1179 1713 1239 τούτῳ.

423 1255 532 1306 5³Hv
561 1260 607 1305 δὲ
636 1260 684 1305 ἐν
711 1264 774 1317 τῷ
802 1259 968 1318 τεμένεϊ
993 1259 1134 1319 τούτῳ
1166 1261 1227 1305 ἔτι
1254 1259 1332 1304 τὸν
1359 1259 1521 1317 χρόνον
1548 1260 1717 1305 ἐκεῖνον

397 1459 473 1497 que
493 1459 630 1484 vocem.
679 1445 788 1482 Conf.
806 1443 862 1488 Π,
883 1444 950 1485 55.
984 1443 1050 1492 Vl,

398 1505 466 1546 66.
494 1502 598 1549 Vlll,
623 1502 702 1543 135
723 1502 808 1550 ibiq.
828 1499 1051 1549 lVesseling.

400 1563 440 1599 et
463 1558 636 1596 Valcken.
658 1557 704 1593 ad
722 1557 841 1594 Schol.
866 1557 903 1593 in
925 1556 1052 1608 Eurip.

399 1614 592 1653 Phoeniss.
613 1616 708 1655 210.

543 1698 654 1748 Cap.
682 1695 922 1734 chxxm.

459 1779 530 1821 καὶ
566 1776 610 1819 τό
651 1773 812 1830 βάθρον
851 1778 892 1818 οἵ
933 1777 1001 1817 καὶ
1035 1776 1057 1818 ὁ

405 1833 559 1889 θρόνος
586 1830 752 1887 χρύσεός
775 1833 878 1885 ἐστι]
915 1832 959 1874 τὸ
986 1830 1058 1886 βά-

405 1898 512 1946 θρον
533 1896 590 1931 est
607 1891 796 1928 scabellum
817 1905 847 1929 s.
862 1894 900 1927 ut
911 1892 1059 1928 Curtius

405 1949 537 1996 vertit,
576 1948 709 1997 gradus
751 1949 865 1994 ιἰηιιε,
907 1961 981 1996 quo
1011 1948 1061 1984 ad

405 2001 562 2057 θρόνον
583 2005 607 2041 i.
623 2016 656 2042 e.
675 2003 800 2041 sellam
818 2003 1004 2041 celsiorem
1022 2007 1059 2041 et

405 2062 594 2108 altiorem,
623 2061 695 2109 quu
718 2073 826 2108 reges
846 2059 1060 2111 plerumque

407 2121 555 2155 utuntur
594 2116 709 2164 diive,
746 2117 999 2164 adscenditur,
1028 2129 1058 2153 s.

407 2174 509 2223 quod
527 2173 564 2209 in
593 2167 736 2226 θρόνῳ
765 2172 967 2210 sedentium
995 2185 1061 2222 pe-

407 2230 515 2267 dibus
543 2229 775 2278 supponitur.
840 2229 938 2266 Hinc
967 2228 1064 2266 Dio-

407 2285 521 2323 dorus
538 2284 669 2332 XVlI,
691 2287 745 2326 66
774 2289 879 2321 vocat
896 2282 940 2324 τό
963 2281 1062 2323 πατρὶ

407 2338 476 2381 τὸν
493 2335 651 2393 θρόνον
669 2335 935 2392 ὖπόβαθρον,
963 2340 1063 2389 quod

408 2397 464 2435 ita
493 2401 534 2434 ut
560 2397 632 2433 dixi
659 2397 820 2435 reddidit
847 2397 995 2433 Curtius
1016 2395 1062 2443 V,

411 2455 461 2499 23
489 2452 548 2490 alii
585 2453 708 2490 dicunt
743 2449 980 2492 ιῖποπόὸιον.
1009 2472 1064 2479 —-

414 2508 631 2557 Octingenta
649 2507 787 2546 talenta
808 2509 993 2559 ponderis,
1011 2508 1065 2544 iu-

413 2565 494 2603 dice
512 2564 695 2602 Larchero
707 2593 719 2612 ,
742 2565 950 2614 aequabunt
966 2577 1066 2600 sum-

413 2632 510 2658 mam
556 2620 805 2667 56,160,0oo
846 2621 1066 2659 Francorum

414 2687 641 2713 nummorum
659 2676 847 2724 (Francs).

477 2726 580 2770 ὅπου
623 2728 767 2771 θύεται
816 2727 875 2771 τοὶ
918 2729 1066 2770 τέλεα

416 2785 495 2824 τῶν
513 2783 752 2838 προβάτων]
777 2787 965 2826 Werferus
986 2788 1021 2825 h.
1043 2787 1066 2824 l.

419 2841 534 2879 citans
553 2842 590 2879 in
611 2842 706 2881 Actt.
733 2843 833 2895 phill.
855 2843 1020 2882 Monaec.
1037 2843 1068 2891 1,

1123 1446 1146 1485 1
1173 1457 1259 1494 pag.
1288 1442 1341 1485 85
1373 1443 1513 1482 restitui
1550 1442 1626 1481 vult
1654 1445 1772 1493 magis

1120 1500 1280 1538 Ionicum
1300 1496 1356 1539 ὅκ
1370 1514 1390 1539 o
1403 1515 1427 1539 υ
1446 1513 1512 1551 pro
1533 1495 1650 1540 ὅπου.
1696 1502 1774 1539 Sed

1122 1556 1209 1593 talia
1243 1558 1322 1594 sine
1353 1556 1453 1593 libris
1490 1561 1629 1594 mutare
1666 1558 1773 1605 velle,

1123 1617 1223 1650 vetat
1250 1612 1401 1661 religio,
1427 1626 1495 1650 nec
1519 1613 1636 1663 ipsum
1655 1614 1778 1651 Hero-

1125 1668 1250 1706 dotum
1275 1669 1310 1704 in
1339 1669 1437 1705 hisee
1461 1674 1687 1706 constantem
1708 1671 1777 1707 sibi

1121 1725 1237 1761 videri
1256 1725 1381 1771 fuisse,
1401 1724 1592 1774 aliquoties
1608 1725 1680 1762 iam
1698 1739 1780 1763 mo-

1123 1780 1277 1817 nuimus.
1305 1778 1352 1817 τοῖ
1366 1778 1474 1819 τέλεα
1487 1781 1534 1818 de
1554 1781 1657 1818 victis
1676 1782 1779 1819 adul-

1124 1837 1194 1883 tis,
1224 1836 1387 1884 integris,
1404 1849 1499 1885 quae
1526 1838 1693 1875 omnibus
1711 1852 1780 1875 nu-

1124 1892 1234 1930 meris
1256 1896 1342 1928 sunt
1360 1894 1564 1943 perfectae,
1586 1907 1654 1932 nec
1670 1895 1779 1933 ullum

1126 1949 1298 1986 mendum
1317 1950 1516 1999 praebent3
1534 1954 1574 1986 ut
1591 1952 1689 2001 apud
1698 1952 1781 1989 Ho-

1124 2017 1213 2043 mer.
1232 2005 1336 2052 ll.l
1356 2007 1422 2046 66.
1453 2005 1589 2053 XXW,
1609 2007 1674 2048 54
1722 2009 1782 2047 De

1125 2062 1207 2111 ipsa
1245 2061 1343 2098 vocis
1370 2062 1485 2099 forma
1522 2062 1645 2100 Ionica
1685 2065 1780 2102 conf.

1126 2117 1258 2154 Matth.
1285 2118 1351 2154 Gr.
1370 2117 1436 2154 Gr.
1455 2130 1542 2167 pag.
1563 2120 1629 2160 53.
1648 2120 1783 2158 ——De

1124 2169 1185 2213 ότι
1207 2169 1263 2224 μή
1291 2173 1330 2208 in
1360 2186 1465 2222 seqq.
1510 2176 1604 2211 conf.
1645 2175 1782 2223 1,18.

1132 2230 1235 2276 181,
1265 2241 1308 2265 ac
1334 2230 1380 2265 de
1406 2230 1625 2281 καταγίζειν
1655 2233 1693 2279 l,
1716 2235 1783 2274 86.

1133 2287 1226 2325 167.
1249 2305 1304 2312 -—
1324 2284 1383 2321 Ad
1400 2299 1478 2323 voc.
1499 2283 1714 2337 προβάτων
1737 2290 1783 2326 cf.

1130 2339 1169 2387 l,
1199 2342 1289 2382 133.
1316 2361 1371 2368 —-
1400 2341 1502 2379 Mille
1537 2343 1675 2381 talenta
1705 2345 1786 2382 effi-

1131 2397 1246 2444 cient,
1284 2397 1412 2435 eodem
1454 2398 1637 2437 Larchero
1678 2406 1786 2449 teste,

1131 2453 1225 2490 circa
1245 2453 1319 2500 51,
1333 2454 1416 2495 432
1440 2455 1530 2491 turis
1549 2454 1669 2494 libras.
1726 2457 1787 2495 De

1135 2510 1218 2559 ipso
1244 2510 1338 2546 sesto
1356 2510 1444 2547 nihil
1458 2512 1533 2548 fere
1546 2512 1690 2551 aliunde
1699 2525 1789 2550 con-

1132 2568 1218 2601 stat.
1249 2566 1358 2604 Conf.
1387 2566 1545 2605 Miinter.
1575 2568 1598 2605 l.
1620 2569 1643 2606 l.
1661 2583 1697 2620 p.
1719 2572 1787 2611 66.

1191 2619 1247 2660 ε’τι
1265 2636 1336 2660 τον
1355 2618 1502 2674 χρόνον
1521 2622 1719 2675 ἐκεῖνον]
1711 2639 1732 2662 ι.
1755 2637 1788 2663 e

1134 2676 1266 2714 Xerxis
1286 2683 1424 2726 aetate,
1448 2684 1487 2716 ut
1509 2691 1530 2717 e
1549 2681 1785 2730 sequentibus

1135 2733 1328 2783 colligitur.
1384 2734 1444 2773 Ad
1463 2737 1573 2774 verba
1601 2737 1786 2787 proxima:

1135 2786 1211 2841 ἐγω
1231 2788 1304 2840 μέν
1335 2805 1405 2842 μιν
1441 2786 1518 2832 ουίι
1547 2789 1656 2834 εἶδον
1690 2793 1785 2830 conf.

1136 2850 1212 2883 not.
1231 2846 1279 2884 ad
1305 2846 1457 2895 1,178.
