1877 3223
684 223 903 265 CLIO.
946 226 973 265 Ι.

1373 229 1455 270 231

202 336 396 388 ,,ρεσθαι
424 331 675 389 πέμψαντα,
714 332 872 389 κότερα
900 334 979 392 τὴν
1007 335 1174 379 ἑωυτοῦ
1201 332 1230 391 ἢ
1258 334 1336 392 τὴν
1365 337 1453 381 Κύ-

171 419 317 465 5,,ρου
345 410 461 467 λέγοι
491 410 640 471 ἀρχήν.
672 411 727 458 οὐ
756 413 984 471 συλλαβών
1014 414 1060 458 δὲ
1087 411 1136 457 τὸ
1168 413 1323 470 ῥηθὲν,
1359 413 1452 459 οὐδ’

199 523 225 543 ,,
236 490 590 548 ἐπανειρόμενος,
618 493 781 537 ἑωυτὸν
810 495 950 537 αἴτιον
979 491 1268 548 ἀποφαινέτω.
1317 487 1354 551 ᾧ
1381 493 1455 537 καὶ

198 570 283 622 »τό
312 574 559 615 τελευταῖον
595 572 997 630 χρηστηριαζομένῳ
1038 569 1129 616 εἶπε
1165 571 1219 615 τὰ
1248 570 1340 616 εἶπε
1369 575 1452 616 Λο-

174 650 329 705 6,,ξίης
357 650 456 704 περὶ
491 648 696 706 ἡμιόνου·
725 649 827 695 οὐδὲ
855 656 983 696 τοῦτο
1015 651 1238 707 συνέλαβε.
1279 645 1335 707 ἦν
1362 651 1476 707 γαρῙ

197 727 288 784 »δὴ
317 727 340 772 ὁ
370 731 521 783 Κῦρος
553 723 680 781 οὗτος
709 729 916 786 ἡμίονος·
947 731 994 775 ἐκ
1022 730 1105 786 γαρ
1138 732 1264 774 δυοῖν
1294 729 1375 774 οὐκ
1406 728 1448 773 ὁ-

197 806 454 863 ,,μοεθνε’ων
483 806 695 864 ἐγεγόνεε,
740 808 900 865 μητρὸς
928 809 1180 866 ἀμείνονος,
1209 808 1372 864 πατρὸς
1402 809 1448 853 δὲ

166 883 557 941 7,,ὑποδεεστέρου.
600 888 628 944 ἡ
657 887 734 945 μὲν
762 887 848 943 γαρ
878 882 934 944 ἦν
961 889 1133 946 Μηδὶς,
1172 889 1246 933 καὶ
1270 886 1448 931 Ἀστυά-

191 980 326 1020 »7809
353 964 550 1022 θυγάτηρ
580 971 659 1011 τοῦ
689 966 861 1024 Μήδων
901 968 1121 1025 βασιλέος·
1166 965 1190 1012 ὁ
1221 967 1290 1021 δὲ,
1331 965 1447 1020 Πέρ-

191 1055 307 1099 ,,σης
334 1061 378 1088 τε
407 1040 482 1100 ἦν,
512 1046 583 1089 καὶ
612 1044 850 1103 (ἐρχόμενος
879 1045 950 1091 ὑπ’
978 1047 1200 1091 ἐκείνοισι·
1231 1046 1302 1090 καὶ
1328 1045 1475 1100 {vso-5

190 1126 276 1173 „aa
306 1121 390 1166 ἐών
418 1129 530 1168 τοῖσι
559 1124 715 1178 ἅπασι,
767 1128 973 1184 δεσποίνῃ
1009 1130 1063 1183 τῇ
1102 1125 1270 1169 ἑωυτοῦ
1305 1124 1447 1168 συνοί-

133 1295 156 1332 i.
177 1309 208 1334 e.
240 1308 314 1334 eum
333 1309 413 1334 vero
423 1298 471 1334 ad
482 1298 670 1349 (propter)
684 1299 781 1348 haec,

132 1353 166 1388 si
189 1352 269 1389 bene
304 1354 477 1391 consulere
501 1355 571 1392 sz'bz'
601 1356 781 1403 voluisset,

131 1409 305 1457 oportebat
322 1409 432 1446 denno
458 1412 592 1447 mittere
616 1414 780 1448 sciscita-

130 1468 214 1502 tum.
271 1462 330 1503 De
352 1468 452 1516 χρῆν
483 1468 576 1503 conf.
606 1467 717 1515 I‚39
745 1473 782 1505 et

129 1520 259 1558 Matth.
287 1519 323 1571 ἓ.
348 1523 452 1570 505,
475 1525 501 1564 2
526 1527 602 1560 not.
631 1537 668 1575 p.
685 1524 781 1573 958,

129 1589 176 1615 ne
202 1577 317 1627 plura.

188 1636 272 1672 εἰπε
302 1630 350 1672 τά
386 1630 471 1673 εἶπε
509 1635 664 1686 Λοξίης
692 1635 783 1687 περὶ

130 1684 326 1755 ἡμιόνου]
363 1691 425 1727 Sic
455 1690 512 1738 II,
545 1692 598 1734 49
625 1695 784 1732 ποιεῦσι

130 1742 179 1783 τὰ
195 1747 353 1784 ποιεῦσι
359 1742 569 1797 ’Έλληνες,
589 1761 683 1796 quae
700 1749 782 1798 ipsa

132 1802 246 1839 citans
289 1801 550 1839 Valckenarius
586 1805 694 1840 scribi
725 1810 781 1840 ta-

131 1870 215 1894 men
244 1857 278 1894 h.
307 1856 329 1893 l.
361 1870 441 1894 max
444 1858 511 1906 ult
550 1858 664 1896 altero
697 1855 780 1899 εἷπε

131 1914 284 1950 omisso:
314 1928 361 1951 τα
393 1909 477 1952 εἷπε
505 1914 657 1964 Λοξίης
689 1929 738 1954 πε
741 1914 780 1965 οὶ

129 1964 303 2020 ἡμιόνου
324 1964 417 2008 ου’δὲ
437 1972 555 2009 τοῦτο
578 1969 777 2021 συνέλαβε,

129 2026 181 2062 ita
197 2030 235 2062 ut
251 2026 361 2062 verba
380 2027 569 2075 sequentia
587 2032 684 2064 arcte
699 2041 778 2064 cum

129 2081 186 2119 his
234 2085 512 2130 connectantur,
579 2083 778 2131 eademque

129 2137 259 2175 existat
282 2139 456 2174 orationis
473 2142 652 2175 structura
663 2136 779 2186 (ου’ὂὲ

126 2196 272 2233 τοῦτο
293 2216 349 2220 ——
372 2191 428 2232 τοὶ
450 2190 567 2242 εἷπε),
597 2208 703 2243 quam
730 2195 779 2232 ad

127 2249 165 2296 Ι,
195 2251 247 2291 89
279 2250 327 2287 ἰη.
359 2251 640 2288 observavimus.
698 2251 778 2289 Nec

127 2309 248 2343 tamen
279 2307 468 2355 quisquam
498 2308 675 2344 editorum
700 2308 776 2344 viro

127 2362 362 2410 sagacissimo
383 2363 573 2400 obsecutus
585 2368 650 2400 est.
671 2363 776 2400 Unus

128 2416 304 2456 Matthiae
326 2423 449 2456 monet
463 2447 473 2465 ,
487 2432 625 2456 comma
644 2421 775 2456 rectius

129 2473 217 2523 poni
255 2479 340 2523 post
375 2472 569 2525 ἡμιόνου,
611 2477 776 2524 quando-

130 2528 273 2578 quidem
293 2527 337 2568 τό
360 2534 579 2569 τελευταῖον
603 2532 774 2582 scriptum

130 2596 213 2621 esse
227 2585 387 2623 videatur
404 2600 471 2636 pro
499 2584 519 2626 ὃ
542 2589 774 2626 τελευταῖον.

129 2640 171 2677 lu
194 2653 265 2689 quo
292 2642 496 2690 obloquitur
521 2644 651 2680 Struve
669 2644 775 2693 Spec-

130 2697 282 2739 Quaest.
309 2697 447 2735 Herod.
476 2712 512 2748 p.
542 2702 595 2739 27
625 2700 673 2736 ad
690 2699 776 2736 Val-

129 2752 288 2789 ckenarii
310 2758 433 2803 partes
459 2756 576 2803 magis
603 2755 776 2792 inclinans

131 2812 168 2845 et
186 2808 344 2846 dativum
372 2804 439 2863 ᾦ
431 2824 467 2847 111
490 2813 544 2848 τῶ
563 2810 690 2849 saltem
719 2824 776 2849 re-

133 2863 340 2913 fingendum
355 2879 515 2906 mouens,
573 2867 629 2905 Ex
647 2866 777 2907 Aldina

852 1300 1011 1339 editores
1040 1300 1273 1337 restituerunt
1298 1295 1498 1349 συνέλαβε,

849 1357 901 1393 uti
919 1357 989 1393 iam
1015 1356 1159 1405 scripsit
1185 1356 1281 1392 idem
1299 1355 1332 1391 V
1334 1354 1501 1391 alekena-

849 1413 943 1458 rius,
973 1425 1054 1448 cum
1075 1412 1111 1447 in
1137 1411 1301 1447 omnibus
1332 1410 1431 1446 libris
1453 1410 1502 1445 sit

849 1466 1050 1519 συνέβαλε.
1108 1465 1189 1503 Nos
1225 1464 1414 1516 συνέλαβε
1444 1464 1503 1500 iti-

852 1524 936 1561 dem
961 1523 1149 1570 dedimus,
1180 1523 1280 1572 quod
1308 1526 1383 1559 est:
1419 1532 1500 1570 per-

852 1582 963 1629 cepz·,t
1002 1579 1198 1623 mtellexfflt
1244 1591 1317 1628 qua
1354 1577 1502 1627 quidem

851 1636 1114 1685 significatione
1145 1636 1292 1672 verbum
1326 1628 1502 1684 συμβαλ-

850 1695 956 1740 λειν,
989 1687 1284 1756 συμβάλλεσθαι
1315 1690 1356 1738 (i.
1379 1703 1409 1727 e.
1423 1702 1501 1725 con-

848 1722 994 1797 z'ectair)
1012 1749 1159 1785 minime
1182 1747 1344 1785 adhiberi
1370 1749 1500 1782 notant

847 1805 912 1840 viri
935 1805 1041 1841 docti.
1100 1804 1207 1840 Conf.
1239 1814 1352 1852 supra
1376 1801 1412 1848 Ι,
1443 1801 1498 1841 63

848 1861 934 1908 ibiq.
955 1860 1077 1896 laudd.
1135 1858 1184 1894 Et
1206 1859 1304 1907 quod
1328 1857 1497 1893 continuo

847 1915 904 1952 hic
927 1915 1107 1952 antecedit
1135 1910 1360 1963 συλλαβών,
1400 1912 1498 1948 idem

845 1971 955 2008 credo
973 1971 1032 2006 hic
1048 1971 1096 2006 ad
1121 1982 1266 2015 veram,
1297 1981 1405 2017 quam
1431 1980 1498 2003 no-

845 2027 902 2063 bis
921 2026 1068 2063 dedisse
1095 2025 1277 2072 videmur,
1308 2023 1497 2061 lectionem

846 2083 978 2120 ducere
1013 2085 1166 2132 poterat.
1195 2101 1250 2107 —
1287 2079 1346 2116 Ad
1376 2079 1495 2128 ipsum

845 2138 912 2175 loci
930 2141 1182 2186 argumentum
1213 2137 1306 2173 conf.
1329 2135 1365 2181 I,
1386 2134 1438 2176 55
1458 2138 1495 2171 et

846 2207 940 2243 quae
961 2194 1010 2231 ibi
1031 2193 1298 2242 adscripsimus.
1343 2190 1493 2228 &vesse-

844 2250 975 2298 lingius
995 2250 1028 2286 h.
1041 2249 1064 2285 l.
1083 2249 1184 2286 addit
1202 2247 1337 2284 Euseb.
1359 2246 1490 2295 Praep.

844 2307 984 2354 Evang.
1022 2305 1103 2352 IX,
1148 2304 1200 2345 41
1247 2308 1284 2341 et
1325 2302 1383 2349 V,
1426 2305 1491 2342 21.

842 2362 985 2414 Apulei.
1011 2361 1166 2411 Apolog.
1191 2373 1227 2409 p.
1248 2361 1341 2400 289.

900 2416 921 2458 ὁ
958 2420 1094 2469 Κῦρος
1133 2417 1248 2460 οὗτος
1296 2411 1488 2464 ἡμίονος]

842 2503 867 2522 ,,
877 2473 1016 2512 Doctus
1028 2474 1080 2509 u'r
1091 2474 1125 2510 in
1143 2473 1203 2510 the
1218 2469 1378 2508 classical
1389 2469 1489 2505 Iour-

841 2530 902 2567 nal
928 2530 1007 2567 Vol.
1033 2530 1065 2566 II
1104 2543 1139 2579 p.
1167 2529 1248 2569 588
1287 2525 1489 2576 suspicatur

841 2588 959 2633 οὗτος
982 2584 1006 2626 ὁ
1024 2584 1212 2636 ἡμίονος,
1242 2587 1281 2619 ut
1304 2582 1350 2618 sit
1374 2580 1489 2618 mulus

838 2645 925 2690 nte,
967 2655 1073 2692 quem
1102 2639 1280 2677 oraculum
1308 2637 1487 2687 significa-

841 2700 927 2736 vit“
951 2699 1015 2736 Cr.
1062 2697 1152 2734 Mihi
1182 2701 1302 2732 tamen
1338 2692 1486 2731 articulo

840 2756 939 2793 haud
958 2767 1049 2805 opus
1070 2766 1152 2791 esse
1169 2753 1319 2789 videtur.

898 2809 966 2850 καὶ
982 2807 1156 2861 ε’νερθε’
1139 2823 1214 2848 ων
1226 2817 1328 2846 τοισι
1347 2801 1484 2850 ἅπασι]

844 2869 868 2905 i.
900 2881 931 2906 e.
980 2879 1055 2905 cum
1090 2865 1235 2916 inseiior
1266 2866 1351 2902 esset
1388 2862 1486 2900 rebus

1506 719 1560 761 47
