1909 3228
190 658 277 686 Afilae
286 661 373 692 utque
383 656 461 696 ᾼΐι-ἰ-

189 699 242 719 cae
305 694 461 717 terminum

188 723 462 752 enscNiluin:eiu³
761 743 770 756 7
891 740 899 753 ,
975 738 985 751 ‹-
1038 739 1045 753 ,
1108 744 1119 754 ,
1173 742 1180 754 ,
1392 741 1400 753 ,
1432 738 1441 754 ,
1595 742 1604 755 Ι
1719 740 1728 753 x

188 758 264 818 {tetra
278 762 309 784 et
349 760 461 791 septen·
517 758 594 796 περ
627 745 824 796 Κιλικίην
854 757 933 796 την
961 756 1047 784 mro
1079 744 1295 792 Ῑιιλικων,
1334 757 1406 782 και
1436 745 1660 796 Ασσυριην
1683 756 1763 792 την

188 799 219 818 on
236 799 243 817 ι
266 809 274 818 .

513 242 597 283 514

923 237 1383 277 HERODOTI

513 349 669 394 τούτου
697 347 805 390 κατὰ
830 346 878 390 τὸ
908 345 984 397 6ξύ
1014 344 1353 401 περιρῥήγνυται
1383 346 1406 390 ὁ
1438 350 1616 403 Νεῖλος,
1654 347 1761 393 ὥστε

514 430 560 472 ἐν
599 431 659 484 τῷ
703 425 858 482 μεταξὺ
906 422 1046 480 Ἀσίης
1082 441 1126 468 τε
1164 425 1236 467 καὶ
1286 424 1451 481 Λιβύης
1491 426 1649 481 γίνοιτ’
1691 426 1759 471 ἅν.

513 507 600 550 Καὶ
628 505 705 561 τὴν
734 503 811 559 μὲν
832 502 992 546 Ἰώνων
1020 502 1196 560 γνώμην
1225 502 1419 558 α’πίεμεν
1454 502 1574 559 ἡμεῖς
1603 507 1647 549 ὁὲ
1677 501 1760 549 ὦδε

397 594 462 636 17
518 585 589 628 καὶ
618 583 716 638 περὶ
737 582 903 626 τούτων
931 582 1119 638 λέγομεν.

1179 584 1400 637 Αἴγυπτον
1428 583 1506 637 μὲν
1531 588 1673 626 πᾶσαν
1702 582 1762 627 εἷ-

519 681 592 707 ναι
620 661 782 718 ταύτην
813 661 890 717 τὴν
926 659 1006 704 ὑπ’
1040 663 1287 715 Αἰγυπτίων
1317 662 1591 716 οἰκεομένην,
1630 662 1818 704 κατά-70

485 819 604 864 215πό
629 819 878 873 Ἀσσυρίων.
929 819 1114 874 οὔρισμα
1145 821 1190 863 δὲ
1215 818 1330 875 Ἀσίῃ
1363 820 1435 861 καὶ
1466 818 1609 875 Λιβύῃ
1640 820 1762 862 οἴδα-

513 916 591 955 μεν
621 899 749 943 οὐδὲν
780 898 852 942 ἐὸν
882 897 1007 954 ὀρθῷ
1043 898 1177 954 λόγῳ,
1233 900 1267 941 εἰ
1296 898 1353 954 μὴ
1382 898 1483 947 τούς
1515 899 1764 952 Αἰγυπτίων

484 979 692 1034 δοῦρους.
735 980 771 1021 εἰ
801 978 845 1020 δὲ
874 981 934 1035 τῷ
972 977 1051 1020 ὑπ’
1090 976 1302 1032 Ἑλλήνων
1340 977 1630 1033 νενομισμένῳ
1659 993 1761 1032 χρη-

517 1056 705 1112 σόμεθα,
753 1060 992 1112 νομιοῦμεν
1027 1057 1250 1111 Αἴγυπτον
1298 1060 1464 1107 πᾶσαν,
1522 1054 1764 1110 ἀρξαμένην

456 1257 651 1291 retractans
685 1265 805 1299 snam,
842 1251 1026 1299 vulgatam
1052 1252 1104 1289 le-

456 1311 611 1347 ctionem
641 1314 759 1346 tnctur
794 1309 830 1344 in
859 1308 1025 1358 Append.
1057 1309 1104 1344 ad

457 1367 558 1402 Bast.
581 1366 697 1416 Epist.
719 1365 825 1401 critic.
856 1377 940 1414 pag.
959 1367 1022 1406 28.
1062 1364 1104 1401 ln

457 1422 690 1471 grammatica
719 1421 847 1457 Matth.
877 1419 912 1469 ξ.
946 1421 1050 1466 354,
1079 1421 1104 1470 β

458 1492 495 1528 p.
517 1480 619 1523 666⁷
650 1477 708 1512 ubi
730 1477 786 1512 hic
808 1476 905 1512 locus
927 1476 973 1511 ob
1001 1477 1105 1524 geni-

458 1533 520 1570 tivi
537 1545 637 1569 usum
654 1532 838 1577 laudatur,
859 1532 1028 1580 scriptum
1049 1545 1105 1569 re-

458 1588 560 1639 perio
591 1588 831 1637 δουρίζων;
870 1588 934 1623 sed
960 1589 995 1624 in
1027 1589 1104 1625 edi-

458 1645 556 1681 tione
573 1645 752 1681 Herodoti
770 1643 900 1691 legitur
922 1640 1101 1693 οὐρίζων.

460 1722 515 1728 —-
533 1699 591 1736 Ad
609 1700 719 1736 verba
741 1695 879 1749 γένοιτ’
902 1695 951 1736 ἂν
979 1701 1013 1735 in
1032 1701 1102 1736 sine

458 1755 582 1805 capitis
603 1757 695 1792 conf.
717 1755 871 1791 iVerser.
891 1755 982 1792 Actt.
1003 1755 1102 1804 phill.

457 1811 621 1848 Monacc.
644 1811 677 1856 l,
702 1815 727 1851 2
745 1823 830 1858 pag.
853 1811 944 1850 255.

513 1863 611 1904 κατοῖ
639 1863 682 1904 τό
712 1861 802 1914 ὀξύ]
846 1866 956 1908 Quod
984 1867 1104 1903 Hero-

460 1924 547 1960 doto
574 1926 628 1959 est
662 1918 704 1959 τὸ
729 1916 800 1967 ὀξύ
834 1922 924 1968 (τοῦ
945 1921 1101 1969 Δέλτα),

458 1979 629 2015 Straboni
657 1977 761 2014 XVII
788 1991 823 2027 p.
848 1981 974 2026 1136,
1004 1979 1034 2015 C
1068 1983 1103 2015 et

460 2038 587 2082 1137,
618 2034 652 2071 D
699 2034 826 2070 dieitur
864 2032 891 2084 ἦ
929 2030 1102 2084 κορυφή.

455 2090 678 2141 Pomponius
716 2089 815 2127 Mela
843 2089 882 2137 l,
921 2094 946 2133 9
983 2089 1019 2141 ἓ.
1049 2090 1102 2131 25

457 2147 615 2184 reddidit
631 2159 772 2182 acumen
784 2146 907 2183 Deltae
918 2177 928 2194 ‚
952 2148 1012 2183 ubi
1027 2148 1104 2184 He-

456 2203 596 2240 rodotei
627 2202 694 2239 loci
724 2215 798 2240 non
829 2203 1014 2241 immemor
1038 2204 1105 2240 fuit

454 2259 502 2296 ls.
521 2259 626 2296 voss.

653 2343 684 2380 c
697 2356 762 2393 ap.
792 2342 906 2380 xvn.

515 2426 552 2466 εἰ
570 2423 612 2465 δὲ
633 2428 690 2481 τῷ
708 2420 788 2465 ὑπ’
819 2421 1018 2475 Ἑλλήνων
1046 2439 1103 2464 νε-

458 2481 680 2536 νομισμένῳ
700 2478 944 2533 χρησόμεθα]
975 2482 1040 2517 Est
1060 2494 1103 2519 ea

456 2540 535 2589 ipsa
560 2539 686 2575 Ionum
716 2539 840 2588 opinio
865 2538 974 2588 paulo
997 2543 1103 2573 antea

455 2599 752 2639 commemorata,
793 2596 884 2643 qua,
922 2607 999 2630 cum
1031 2597 1104 2631 tcr-

456 2665 525 2689 nae
544 2656 663 2689 essent
695 2651 790 2686 orbis
819 2655 991 2687 terrarum
1015 2662 1099 2698 par-

455 2711 532 2753 tes,
566 2707 684 2743 Asiam
710 2711 819 2754 atque
836 2707 988 2743 Africam
1015 2705 1100 2742 Nilo

455 2763 634 2799 terminari
671 2763 853 2809 dicerent,
883 2763 931 2798 ita
959 2766 999 2798 ut
1027 2761 1099 2799 Ae-

456 2823 587 2866 gyptus
602 2847 612 2863 ,
642 2820 776 2867 qnippe
801 2819 837 2854 in
857 2819 1007 2866 utraque
1023 2817 1098 2855 Nili

456 2873 533 2920 ripa
561 2873 649 2919 sita,
678 2875 807 2923 partim
836 2874 943 2911 Asiae
969 2875 1098 2924 partim

1171 1251 1313 1289 Africae
1362 1251 1633 1289 adscriberetur.
1710 1251 1820 1295 Quod

1173 1308 1337 1358 displicet
1382 1309 1473 1356 patri
1517 1309 1708 1355 historiae,
1758 1308 1820 1357 qui

1173 1364 1378 1413 Aegyptum
1422 1377 1529 1401 uuam
1571 1378 1651 1403 esse
1688 1369 1820 1401 terram

1172 1421 1355 1457 contendit
1394 1433 1460 1456 nec
1495 1421 1544 1457 ita
1582 1421 1750 1466 divisam,
1780 1423 1819 1456 ut

1173 1476 1285 1512 altera
1303 1488 1384 1523 pars
1406 1476 1513 1512 Asiae
1547 1476 1656 1512 attera
1677 1475 1820 1512 Africae

1172 1532 1395 1568 accensenda
1422 1531 1488 1577 sit3
1528 1545 1605 1568 cum
1624 1537 1699 1568 tota
1723 1536 1820 1569 terra

1171 1588 1209 1623 in
1231 1593 1381 1635 utraque
1399 1586 1470 1623 Nili
1502 1588 1580 1637 ripa
1599 1589 1646 1624 ad
1664 1587 1819 1636 Libyam

1173 1657 1199 1680 s.
1228 1643 1383 1679 Africam
1420 1645 1608 1692 pertineat.
1678 1643 1719 1679 In
1748 1655 1819 1692 qua

1172 1699 1371 1744 sententia,
1393 1705 1431 1734 ut
1445 1700 1614 1736 Arabicus
1636 1699 1734 1735 sinus
1753 1712 1818 1749 pro

1171 1755 1323 1791 termino
1344 1755 1485 1791 Africae
1505 1759 1614 1803 atque
1626 1755 1734 1792 Asiae
1751 1767 1819 1804 po-

1170 1811 1239 1846 tius
1278 1810 1483 1857 habeatur,
1531 1810 1696 1847 meliores
1732 1822 1820 1848 suae

1171 1866 1298 1902 aetatis
1348 1866 1577 1915 geographos
1614 1866 1820 1915 persistere,

1170 1922 1302 1958 Strabo
1329 1927 1453 1958 auctor
1482 1927 1536 1959 est
1566 1922 1582 1958 I
1610 1935 1644 1972 p.
1665 1922 1740 1969 34,
1773 1922 1816 1959 C.

1171 1977 1232 2014 Tu
1252 1978 1322 2013 vid.
1343 1977 1612 2015 Schlichthorst.
1635 1978 1658 2014 l.
1679 1978 1700 2014 l.
1717 1992 1753 2028 p.
1768 1980 1818 2020 16

1171 2033 1249 2070 coll.
1281 2033 1436 2071 Rennel.
1474 2034 1612 2083 Geogr.
1638 2034 1816 2072 Herodot-

1170 2103 1254 2139 pag.
1275 2091 1366 2130 567.

1227 2141 1453 2196 ἀρξαμένην
1493 2140 1571 2184 ‘tino'
1612 2140 1817 2184 Καταδού-

1171 2216 1258 2240 πων
1277 2215 1316 2239 τε
1344 2200 1409 2239 καὶ
1437 2197 1713 2251 Ἐλεφαντίνης
1747 2198 1816 2240 πό-

1170 2256 1275 2306 λιος]
1310 2257 1378 2293 vix
1409 2270 1555 2294 monere
1579 2258 1728 2304 attinet,
1760 2257 1814 2295 his

1169 2314 1281 2351 ferme
1307 2313 1392 2349 locis
1413 2313 1559 2349 iudicari
1581 2313 1669 2350 fines
1693 2314 1817 2362 Aegy-

1169 2370 1222 2419 pti
1259 2369 1483 2418 Aethiopiam
1516 2382 1650 2406 versus.
1717 2369 1814 2407 Nam

1171 2425 1387 2474 Catadupz's,
1417 2438 1509 2474 qnae
1526 2429 1716 2473 vocantur,
1736 2425 1818 2462 No-

1171 2486 1244 2518 ster
1261 2482 1425 2529 intelligit
1453 2485 1684 2518 catarractem
1706 2483 1817 2518 mino-

1170 2551 1239 2574 rem
1257 2551 1362 2586 quem
1381 2538 1523 2584 dicunt,
1543 2550 1565 2574 a
1585 2538 1706 2586 Syene
1724 2538 1815 2575 urbe

1167 2607 1241 2630 non
1279 2594 1382 2631 valde
1417 2598 1594 2630 remotum
1629 2594 1815 2631 meridiem

1166 2663 1290 2687 versus
1331 2649 1548 2687 escendenti.
1622 2649 1681 2687 De
1717 2650 1814 2686 cuius

1167 2707 1415 2754 magnitudine
1448 2706 1632 2754 nimioque
1681 2706 1813 2752 sonitu,

1167 2775 1238 2810 quo
1261 2762 1402 2799 accolae
1419 2762 1588 2799 audiendi
1613 2774 1720 2799 sensu
1738 2761 1812 2811 pri-

1165 2824 1313 2865 ventur,
1352 2818 1503 2867 plurima
1531 2817 1727 2854 retulerunt
1749 2829 1812 2852 ve-

1165 2878 1258 2911 teres
1271 2902 1282 2920 ,
1314 2886 1407 2923 quae
1427 2887 1470 2912 eo
1488 2875 1604 2911 minus
1622 2873 1679 2910 hic
1697 2873 1809 2909 refer-

1907 2761 1909 2794 2

1906 2801 1909 2841 1

1908 2860 1909 2873 i

1907 2884 1909 2903 1
