1909 3228
412 174 495 213 780
806 172 1277 212 HERODOTI

409 296 476 340 πῳ
508 283 768 336 διαχρᾶσθαι
797 285 858 340 τῷ
888 281 1045 340 ἑτέρῳ,
1093 281 1146 324 τά
1175 297 1220 325 τε
1250 279 1379 335 ἄλλα,
1428 284 1500 327 καὶ
1530 300 1670 339 πυρα-

410 361 514 416 μίδα
553 363 759 415 ποιῆσαι,
805 360 848 411 ἐς
887 361 965 415 μὲν
1006 360 1059 403 τοὶ
1099 360 1269 404 ἐκείνου
1293 361 1425 416 μέτρα
1455 361 1535 406 οὐκ
1566 362 1671 419 ἀνή-

409 450 601 483 κουσαν·
662 443 799 482 ταῦτα
840 439 924 495 γάρ
981 435 1044 483 ὦν
1093 440 1166 483 καὶ
1203 440 1326 497 ἡμεῖς
1365 441 1728 498 ἐμετρήσαμεν·55

380 517 514 561 δοῦτε
543 516 628 572 γάρ
661 516 812 561 ὕπεστι
854 517 1068 574 οἰκήματα
1101 518 1185 562 ὑπὸ
1227 523 1334 574 γῆν,
1385 519 1486 564 οὔτε
1516 520 1563 563 ἐκ
1592 525 1673 564 τοῦ

411 598 580 640 Νείλου
617 596 782 652 διώρυξ
818 597 914 653 ἥκει
955 598 997 649 ἐς
1028 596 1186 653 αὐτὴν,
1228 597 1372 652 ὥσπερ
1406 599 1448 650 ἐς
1476 599 1555 655 τὴν
1585 599 1671 642 ἑτέ-

409 692 513 732 ρην,
547 675 730 730 ῥέουσα·
778 676 850 720 διὰ
891 676 1238 733 οἰκοδομημένου
1278 677 1324 720 δὲ
1363 676 1559 730 αὐλῶνος
1588 679 1671 722 ἔσω

445 759 462 767 ιν
686 757 696 770 2
714 756 726 769 t·
738 755 746 769 Ι
846 756 857 771 7
953 760 970 768 ¹-
1045 754 1055 770 9
1098 757 1106 769 x
1199 756 1208 770 1
1420 762 1436 770 αι
1611 756 1619 771 1

407 766 544 811 νησον
574 771 809 812 περιρρέει,
841 774 888 799 εν
917 774 968 813 τῃ
1001 773 1136 800 αυτον
1164 761 1340 812 λεγουσι
1368 763 1543 801 κεισθαι
1562 762 1671 801 Χεο-

379 838 482 877 4πα.
541 832 777 891 ὑποδείμας
807 836 852 880 δὲ
881 836 959 880 τόν
988 839 1163 892 πρῶτον
1193 835 1330 892 δόμον
1358 838 1489 881 λίθου
1512 839 1670 881 Αἰθιο-

350 1033 424 1070 quo
445 1022 556 1058 frater
576 1023 684 1057 antea
698 1034 780 1058 usus
794 1025 882 1067 erat,
897 1034 1005 1070 quem

349 1081 426 1114 tum
445 1077 479 1113 in
508 1077 587 1114 aliis
615 1077 843 1125 imitabatur,
873 1083 947 1115 tum
969 1078 1005 1114 in

348 1133 537 1184 pyramide
577 1135 805 1171 exstruenda.
835 1156 891 1162 —
922 1134 1005 1173 δια-

349 1192 522 1240 χρᾶσθαι
550 1189 606 1226 hic
640 1203 706 1239 pro
735 1191 884 1241 simplici
912 1193 1003 1241 χρᾶ-

350 1251 448 1285 σθαι
472 1247 631 1296 positum
652 1247 803 1284 videtur.
864 1248 1003 1284 Confer

348 1303 386 1351 I,
410 1303 474 1344 58.
495 1306 560 1343 71.
592 1303 648 1348 Il,
673 1305 735 1344 13.
759 1307 812 1345 77
833 1308 899 1342 etc.

405 1358 474 1397 καὶ
517 1359 723 1410 πυραμίδα
760 1358 1002 1410 ποιῆσαι]

347 1415 532 1453 Invenitur
557 1417 713 1452 activum
742 1418 891 1453 verbum
911 1417 1005 1453 insra

347 1485 496 1521 quoque
514 1472 543 1508 ll
559 1501 569 1517 ,
591 1474 670 1512 136
687 1501 697 1518 ,
731 1486 809 1509 cum
830 1473 918 1509 alias
943 1486 1003 1509 so-

347 1529 465 1566 lemne
487 1529 532 1564 sit
552 1529 721 1564 medium.
780 1529 863 1565 vid.
888 1529 915 1576 1,
934 1530 1001 1569 31.

346 1584 403 1631 Π,
442 1587 529 1625 129-
562 1585 640 1624 133
672 1597 748 1633 seq.
807 1586 927 1634 Supra
957 1585 1002 1632 ll,

349 1640 429 1681 124
446 1641 555 1677 dixit:
569 1637 744 1678 κελεύειν
758 1638 1001 1692 ἐργάζεσθαι.

403 1695 442 1743 ές
461 1694 532 1747 μὲν
556 1693 602 1733 w*
632 1695 682 1734 ἐκ
697 1696 770 1734 είν
785 1712 839 1735 ου
868 1695 1000 1746 μέτρα]

347 1751 524 1799 ἐκείνου,
551 1752 649 1788 illius
670 1753 691 1788 i.
715 1767 746 1789 e.
770 1754 912 1800 fratris,
945 1752 1001 1789 vel

345 1810 492 1860 potius,
523 1809 719 1859 pyramidis
747 1821 769 1844 a
796 1811 907 1846 fratre
937 1822 1000 1846 ex-

347 1870 515 1902 structae.
586 1864 644 1901 Ad
672 1867 795 1903 ταῦτα
826 1867 862 1901 in
897 1878 998 1914 seqq.

345 1921 510 1970 intellige
528 1917 574 1960 τοὶ
595 1919 735 1972 μέτρα,
765 1926 802 1959 et
824 1923 871 1958 ad
890 1922 1002 1959 verba

345 1975 428 2017 ’ὑπό
451 1981 526 2030 γῆν
561 1979 654 2015 conf.
677 1977 810 2015 Matth.
843 1978 908 2015 Gr.
935 1978 1000 2015 Gr.

343 2049 429 2086 pag.
454 2036 572 2076 1188.

404 2088 493 2130 οὔτε
521 2090 564 2130 ἐκ
590 2093 662 2130 τοῦ
684 2090 832 2129 Νείλου
854 2085 1001 2141 διώρυξ

344 2143 433 2198 ’ἥκει
447 2163 479 2185 κ.
492 2163 522 2186 τ.
535 2146 584 2197 λ.]
616 2148 720 2184 Haec
738 2152 773 2184 et
791 2160 893 2196 seqq.
916 2147 1002 2184 dedi

346 2209 492 2242 secutus
505 2205 705 2251 Gaisford.‚
722 2204 783 2252 qui
797 2204 891 2240 idem
902 2207 998 2240 recte

344 2266 429 2312 post
446 2274 569 2298 vocem
595 2258 739 2309 ῥέουσα
761 2260 998 2297 distinctionis

345 2318 490 2366 signum
509 2318 676 2367 posuisse
694 2317 846 2354 videtur.
900 2316 998 2353 Nam

344 2374 475 2411 verba:
517 2370 583 2412 δια
609 2370 926 2423 οἰκοδομημένου
956 2368 998 2411 δὲ

344 2450 401 2458 —-
414 2428 548 2469 Χέοπα
564 2443 630 2481 per
647 2430 882 2479 parenthesin
896 2428 999 2477 quasi

344 2486 557 2536 accipienda
579 2490 687 2533 sunt,
708 2490 746 2522 nt
765 2486 901 2522 dudum
923 2498 1000 2521 mo-

344 2547 475 2580 nuerat
485 2543 620 2579 Stroth.
635 2542 808 2592 Aegyptt.
827 2542 839 2577 l
856 2556 891 2591 p.
906 2544 1003 2586 1073

344 2612 424 2636 cum
444 2600 491 2636 ad
512 2599 672 2636 canalem
701 2611 746 2635 ex
764 2598 850 2635 Nilo
876 2599 912 2634 in
933 2611 1000 2647 py-

345 2655 521 2692 ramidem
549 2668 570 2691 a
613 2655 764 2705 Clieope
803 2654 999 2691 deductum

346 2715 533 2759 spectent,
562 2712 609 2748 de
637 2724 710 2760 quo
742 2710 798 2759 ll,
827 2710 906 2751 124
935 2710 998 2747 fin.

344 2766 456 2803 Unde
481 2767 571 2803 haec
598 2767 665 2803 loci
701 2767 883 2804 enascitur
915 2779 999 2802 sen-

347 2822 480 2860 tentia:
512 2836 652 2874 „neque
682 2836 724 2860 ex
751 2821 837 2861 Nilo
862 2823 999 2860 canalis

1074 1022 1167 1058 venit
1184 1023 1221 1058 in
1244 1033 1317 1058 eam
1347 1021 1596 1073 (Chephrenis
1620 1021 1725 1059 scilic.

1072 1078 1319 1128 pyramidem)
1333 1079 1474 1127 fluens,
1507 1079 1727 1128 quemadmo-

1072 1134 1154 1171 dum,
1171 1136 1206 1171 in
1226 1134 1375 1171 alteram
1399 1135 1588 1185 (Cheopis
1617 1148 1726 1185 pyra-

1073 1192 1225 1239 midem)
1239 1220 1249 1238 ‚
1278 1191 1340 1227 ubi
1353 1204 1415 1240 per
1434 1192 1590 1228 canalem
1608 1204 1726 1228 mura-

1072 1249 1124 1284 <rio
1146 1260 1241 1297 opere
1261 1251 1492 1284 constructum
1505 1248 1650 1296 (Nilus)
1669 1250 1725 1284 in-

1072 1308 1220 1341 trorsum
1249 1304 1402 1340 insulam
1430 1305 1629 1342 circmnluit
1648 1334 1658 1352 ,
1688 1307 1724 1341 in

1073 1374 1143 1410 qua
1182 1363 1294 1397 iacere
1334 1361 1495 1410 Cheopem
1524 1364 1637 1410 ipsum
1666 1360 1723 1397 ‹li-

1073 1418 1193 1453 c›mt.“
1222 1417 1279 1453 Ad
1301 1416 1496 1467 περιῤῥέει
1517 1431 1559 1454 ex
1580 1423 1724 1454 antece-

1071 1473 1241 1510 dentibus
1265 1473 1382 1523 suppl.
1407 1470 1563 1523 διώρυξ.

1126 1527 1347 1579 ύποδείμας
1380 1527 1422 1568 δὲ
1459 1527 1525 1568 τὸν
1563 1531 1722 1579 πρῶτον

1072 1581 1197 1636 δόμον
1217 1600 1252 1623 κ.
1280 1600 1311 1622 τ.
1333 1583 1395 1637 λ.]
1439 1587 1480 1623 In
1506 1586 1559 1623 his
1590 1586 1724 1623 consti-

1070 1642 1212 1679 tuendis
1229 1643 1342 1689 (quae
1361 1642 1521 1692 pluribus
1544 1642 1723 1679 illustran-

1069 1702 1128 1734 tur
1150 1709 1171 1732 a
1191 1698 1354 1733 Strothio
1378 1698 1399 1733 l.
1427 1698 1448 1734 l.
1473 1710 1556 1747 pag.
1579 1700 1723 1738 107—

1073 1754 1172 1799 109)
1197 1753 1397 1801 Schweigh.
1414 1758 1449 1790 et
1467 1754 1583 1790 Gaiss.
1602 1767 1723 1791 sumus

1071 1809 1194 1846 secuti.
1253 1809 1441 1846 Posuimus
1465 1811 1560 1847 enim
1592 1811 1724 1847 distin-

1070 1866 1226 1902 ctionem
1249 1870 1335 1915 post
1361 1866 1543 1905 ποικίλου
1572 1871 1608 1903 et
1638 1870 1723 1916 post

1071 1920 1246 1972 μέγαθος
1265 1949 1277 1968 ,
1319 1923 1524 1973 scripsimus
1553 1919 1722 1973 ὕποβᾶς,

1070 1979 1170 2027 quod
1199 1978 1280 2014 libri
1308 1980 1492 2026 ferebant,
1521 1980 1723 2028 itidemque

1071 2029 1310 2084 οἰκοδόμησε
1332 2048 1376 2072 ex
1407 2036 1522 2073 Henr.
1543 2036 1722 2085 Stephani

1071 2091 1326 2128 emendatione
1373 2105 1439 2141 pro
1492 2092 1719 2141 οἰκοδομῆς,

1071 2148 1170 2196 quod
1189 2147 1268 2184 libri
1286 2148 1432 2196 quidem
1455 2150 1575 2198 scripti
1594 2161 1720 2185 omnes

1066 2205 1222 2240 retinent
1243 2205 1415 2252 quodque
1434 2206 1541 2241 etiam
1560 2204 1627 2240 hoc
1644 2217 1721 2240 mo-

1068 2261 1116 2296 do
1136 2260 1293 2297 sortasse
1306 2260 1474 2309 explicari
1496 2274 1605 2311 posse
1617 2261 1721 2298 vide-

1066 2320 1125 2352 tur
1146 2316 1513 2364 Schweighaeusem,
1536 2322 1573 2354 ut
1589 2330 1631 2355 ex
1654 2329 1721 2354 an·-

1068 2372 1316 2409 tecedentibus
1340 2375 1502 2419 (τοῦτον
1520 2395 1576 2400 -
1596 2388 1719 2423 πυρα-

1069 2429 1164 2479 μίδα
1200 2430 1394 2479 ποιῆσαι)
1434 2429 1722 2478 subintelligatur

1068 2484 1249 2534 ἐποίησε,·
1280 2486 1326 2521 ad
1343 2487 1441 2534 quod
1469 2487 1539 2523 iam
1561 2484 1720 2525 ὑποδεί-

1069 2556 1143 2591 μας
1157 2546 1192 2578 et
1204 2538 1358 2591 ὑποβὰς
1378 2543 1496 2579 forent
1515 2543 1718 2580 reserenda.

1069 2598 1174 2641 Quae
1206 2603 1382 2634 structura
1409 2612 1516 2647 quam
1544 2600 1634 2636 dura
1657 2599 1716 2644 sit,

1067 2666 1175 2691 nemo
1211 2667 1285 2690 non
1326 2655 1502 2703 iutelligit.
1569 2655 1718 2691 Accedit

1066 2710 1175 2755 illud,
1213 2711 1311 2759 quod
1350 2711 1466 2760 ipsum
1506 2711 1717 2748 vocabulum

1067 2764 1259 2818 οἰκοδομή
1290 2767 1428 2804 meliori
1455 2780 1544 2805 aevo
1574 2766 1717 2803 inaudi-

1065 2827 1140 2860 tum
1176 2835 1220 2860 ac
1252 2827 1329 2861 toto
1368 2836 1502 2873 genere
1548 2823 1716 2860 vitiosum
