1909 3228
492 207 576 248 746
908 207 1372 248 HERODOTI

493 315 713 367 δοκέοντες
743 314 820 359 ὑπ’
852 313 999 359 αὐτῶν
1016 349 1028 369 ,
1076 316 1191 361 οὕτω
1219 317 1272 374 δή
1304 318 1605 374 ἐπολιόρκεον,
1655 322 1696 372 ές
1725 320 1750 365 ὃ

464 395 666 446 5ἐξεῖλον.
723 394 873 438 ἑλοῦσι
913 395 959 439 δὲ
998 395 1048 438 τό
1089 401 1226 451 τεῖχος
1269 393 1329 447 ὥς
1369 396 1454 440 οὐκ
1492 398 1748 456 ἐφαίνετοὴ

488 472 656 529 Ἑλένη,
708 472 814 517 ἀλλά
843 473 922 518 τὸν
965 473 1100 518 αὐτὸν
1135 475 1269 530 λόγον
1307 479 1369 532 τῷ
1398 477 1593 537 προτέρῳ
1621 479 1751 522 ἐπυν-

492 551 706 605 θάνοντο,
748 552 863 596 οὕτω
894 552 946 609 δὴ
976 551 1280 606 πιστεύσαντες
1307 559 1367 612 τῷ
1396 555 1512 612 λόγῳ
1541 560 1603 614 τῷ
1631 557 1808 611 πρῶ-80

490 647 551 686 τῳ
580 633 622 674 οἱ
639 631 865 689 Ἕλληνες,
899 630 1035 675 αὐτόν
1053 632 1286 676 Μενέλεων
1305 631 1618 678 ἀποστέλλουσι
1635 635 1752 690 παρά

333 714 430 758 119
488 711 684 764 Πρωτέα.

159 778 318 852 {iffi-¹¹2³?
324 780 378 852 bAJ'
371 786 436 873 Ξζ-
491 806 686 845 γυπτον,
722 793 796 835 καὶ
830 791 1087 842 ἀναπλώσας
1117 791 1159 842 ἐς
1187 791 1266 847 τὴν
1285 790 1490 848 Μέμφιν,
1522 795 1644 844 εἴπας
1672 792 1752 848 τήν

178 854 204 872 10

768 711 1046 768 Ἀπικόμενος
1085 711 1130 755 δὲ
1170 710 1193 755 ὁ
1225 713 1454 765 Μενέλεως
1484 713 1526 765 ἐς
1562 714 1642 769 τήν
1670 715 1752 756 Αἴ-

160 854 387 907 riamqimiilin
337 856 435 908 deriut.
493 867 710 927 ἀληθηΐην
737 888 826 914 των
855 871 1136 927 πρηγμάτων,
1193 872 1267 914 καὶ
1296 873 1464 923 ξεινίων
1494 870 1650 928 ἤντησε
1677 887 1752 927 με-

489 949 660 1006 γάλων,
701 951 774 993 καὶ
797 949 971 1006 Ἑλένην
1002 950 1175 995 ἀπαθέα
1205 955 1352 994 κακῶν
1383 950 1588 1007 ἀπέλαβε·

463 1029 562 1082 Ξδὲ,
594 1030 665 1072 καὶ
694 1028 747 1073 τά
778 1029 945 1074 ἑωυτοῦ
975 1029 1170 1086 χρήματα
1199 1028 1352 1073 πάντα.

1642 949 1751 1004 πρὸς
1764 958 1807 991 85

1416 1030 1570 1086 Τυχών
1604 1030 1753 1086 μέντοι

492 1109 688 1161 τούτων,
745 1108 910 1164 ἐγένετο
952 1110 1180 1160 Μενέλεως
1220 1106 1329 1163 ἀνὴρ
1364 1108 1514 1160 ἄδικος
1545 1110 1587 1160 ἐς
1617 1111 1753 1163 Αἰγυ-

486 1190 654 1239 πτίους.
714 1187 945 1232 ἀποπλέειν
1006 1187 1088 1243 γάρ
1139 1186 1395 1244 ὡρμημένον
1444 1188 1580 1232 αὐτόν
1628 1190 1754 1244 ἰ’σχον

490 1267 688 1311 ἄπλοιαι”
749 1267 894 1324 ἐπειδὴ
936 1267 981 1311 δὲ
1017 1270 1148 1309 τοῦτο
1184 1266 1253 1309 ἐπὶ
1281 1266 1446 1311 πολλόν
1474 1271 1649 1311 τοιοῦτο
1680 1261 1753 1322 ἦν,
1796 1269 1875 1310 158

489 1347 754 1403 ἐπιτεχνᾶται
794 1352 974 1403 πρῆγμα
1012 1345 1094 1390 οὐκ
1134 1345 1279 1390 ὅσιον·

434 1568 509 1617 HQ.
549 1565 635 1615 ἔχει.
699 1568 830 1605 Struve
870 1567 905 1603 in
940 1566 1087 1617 specim.

433 1622 516 1658 dial.
543 1623 685 1659 lierod.
715 1637 749 1673 p.
786 1626 836 1663 21
866 1636 942 1671 seq.
983 1623 1087 1659 scribi

432 1679 533 1715 iubet
553 1681 647 1716 τῶν
668 1692 734 1728 pro
756 1676 800 1725 ὃ,
831 1684 870 1716 ut
892 1680 929 1714 in
960 1679 1087 1715 simili-

433 1735 500 1771 bus
532 1735 618 1771 locis
644 1736 690 1780 V,
718 1738 810 1776 106.
840 1735 927 1780 Vll,
955 1735 992 1776 5.
1023 1734 1086 1781 lx,

432 1792 498 1831 58.
522 1791 575 1831 94
595 1791 805 1828 inveniatur.
851 1791 947 1827 Nam
966 1791 1002 1826 in
1022 1803 1088 1839 ge-

432 1847 543 1883 nitivo
569 1847 718 1896 pluralis
755 1847 961 1895 neglectam
996 1846 1088 1883 hane

431 1904 683 1940 attractionem
713 1904 861 1952 reperiri
882 1907 1004 1951 negat.
1033 1922 1088 1929 —-·

430 1959 472 1995 ln
498 1973 601 2008 seqq.
628 1959 666 2006 ἐς
686 1956 708 1998 ὃ
730 1959 866 2007 (donee,
887 1959 989 2006 dum)
1021 1972 1087 2008 pro

434 2014 507 2062 ἓως
528 2017 574 2054 οὐ
602 2029 645 2053 ex
663 2016 733 2053 hoe
752 2016 831 2053 loco
856 2015 979 2052 laudat
993 2016 1088 2052 Gre-

433 2086 510 2120 gwr
531 2072 617 2109 Cor.
646 2073 667 2109 l.
690 2073 713 2109 l.
742 2071 778 2123 ξ.
801 2074 865 2114 63.
927 2071 987 2108 Tu
1014 2072 1086 2108 vid.

432 2129 479 2165 ad
515 2128 551 2176 l,
586 2132 639 2170 67
673 2133 710 2167 et
738 2129 791 2177 ll,
821 2131 899 2169 116
927 2133 1003 2166 not.
1043 2128 1087 2176 ll,

437 2185 528 2226 157.

624 2268 654 2305 C
667 2281 687 2305 a
697 2282 732 2319 p.
765 2269 900 2306 CXIX.

490 2351 670 2403 εἴπας]
710 2352 768 2389 De
795 2353 910 2391 forma
940 2353 1034 2390 conf.
1058 2352 1086 2400 Ι,

431 2411 496 2449 22.
521 2409 574 2450 49
604 2410 690 2458 ibiq.
710 2413 788 2446 not.

489 2465 646 2512 ξεινίων
694 2462 840 2514 ἤντησε
887 2461 1083 2516 μεγάλων]

432 2521 454 2557 i.
479 2535 510 2558 e.
546 2534 676 2570 magna
695 2521 784 2559 (lona
804 2522 993 2572 hospitalia
1022 2536 1086 2558 ηα-

431 2581 507 2614 ctus
527 2582 599 2625 est,
633 2593 660 2615 s.
688 2579 884 2626 insignibus
907 2579 1004 2615 (lonis
1026 2578 1086 2614 lw-

430 2634 617 2683 spz'talz'bus
636 2639 798 2684 exceptus
817 2639 877 2672 est.
909 2636 968 2672 De
987 2640 1084 2671 stru-

430 2695 530 2726 ctura
549 2692 648 2728 verbi
667 2687 796 2745 ἀντςῖν
816 2691 886 2728 vid.
907 2691 1086 2727 Matthiae

431 2745 496 2782 Gr.
519 2746 584 2783 Gr.
611 2761 695 2797 pag.
719 2750 822 2793 6363
851 2747 975 2794 ξείνια
998 2747 1087 2796 quid

433 2801 528 2848 sint,
557 2805 761 2841 monuimus
780 2805 828 2841 ad
848 2804 905 2851 11,
929 2806 1020 2844 107-

488 2855 556 2897 καὶ
572 2855 996 2911 Ἑλένην-ἀπέλαβε]
1028 2859 1086 2897 Cf.

1339 1346 1488 1404 λαβών
1535 1346 1619 1403 γὰρ
1670 1343 1752 1390 δύο

1157 1579 1251 1615 quae
1284 1565 1494 1604 Eustathius
1535 1566 1749 1616 adscripsit,
1786 1578 1809 1602 a

1158 1623 1223 1659 Cr.
1256 1623 1420 1660 laudatus
1442 1653 1452 1670 ‚
1502 1624 1550 1660 ad
1579 1623 1713 1671 odyss.
1746 1622 1808 1669 lv,

1155 1682 1237 1718 227
1257 1692 1336 1727 sqq.
1362 1693 1396 1729 p.
1413 1679 1492 1721 164
1515 1693 1591 1728 seq.
1619 1680 1675 1716 ed.
1695 1678 1807 1715 Basil.

1155 1735 1234 1771 coll.
1254 1748 1289 1784 p.
1318 1738 1391 1776 151
1409 1764 1419 1781 ‚
1443 1737 1495 1776 39
1518 1736 1604 1772 ibid.
1657 1734 1707 1771 Et
1726 1747 1810 1784 per-

1155 1791 1247 1827 tinet
1268 1791 1335 1827 huc
1346 1792 1545 1828 Stesichori
1560 1803 1706 1840 quoque
1727 1803 1810 1827 nar-

1155 1847 1246 1883 ratio
1278 1847 1324 1884 de
1345 1846 1488 1885 Helen&
1511 1861 1532 1884 a
1552 1848 1685 1884 Proteo
1704 1845 1811 1896 capto.

1155 1908 1265 1951 atque
1296 1905 1436 1940 retente.
1453 1933 1464 1950 ,
1502 1904 1601 1953 apud
1629 1902 1810 1940 scholiast.

1155 1958 1307 1995 Aristid.
1329 1973 1414 2009 pag.
1437 1961 1489 2001 56
1512 1961 1569 1997 ed.
1589 1958 1810 2006 Frmnmell„

1157 2017 1255 2052 cuius
1275 2016 1343 2054 loci
1363 2017 1430 2052 iam
1444 2029 1552 2066 supra
1572 2017 1809 2053 meminimus.

1156 2071 1274 2119 Nam,
1314 2077 1352 2109 ut
1377 2078 1499 2110 monet
1531 2072 1808 2120 Wesselingius‚

1155 2128 1261 2165 valde
1282 2130 1376 2165 inter
1396 2134 1536 2166 veteres
1556 2130 1810 2178 disceptatum,

1156 2185 1299 2221 Helena
1315 2185 1513 2222 Troiamne
1534 2186 1579 2222 ab
1602 2184 1810 2221 Alexandro

1154 2241 1263 2278 suerit
1278 2247 1466 2291 asportata
1483 2255 1528 2278 au
1542 2243 1578 2278 in
1589 2241 1808 2291 Aegyptum.

1211 2350 1363 2408 ἐπειδη
1369 2350 1410 2391 δὲ
1428 2355 1542 2392 τοῦτο
1569 2351 1634 2392 ἐπὶ
1663 2348 1808 2391 πολλὸν

1153 2412 1309 2448 τοιοῦτο
1336 2410 1410 2457 ην]
1462 2409 1527 2448 ἐπι
1569 2406 1719 2448 πολλου
1752 2412 1809 2445 est

1154 2466 1238 2511 dau,
1277 2471 1314 2502 ut
1338 2465 1402 2504 ἐπὶ
1424 2463 1525 2504 πολυ
1556 2466 1654 2515 apud
1683 2465 1808 2502 Xeno-

1153 2494 1279 2572 pho'nt.
1303 2522 1460 2572 Ephes,
1492 2523 1551 2559 ubi
1582 2522 1651 2558 vid.
1671 2521 1807 2558 Loceli.

1153 2591 1240 2628 pag.
1264 2579 1353 2619 146.
1413 2578 1509 2615 Infra
1532 2578 1559 2614 ΙΙ
1574 2608 1584 2625 ,
1611 2579 1687 2618 133
1703 2592 1710 2614 2
1728 2577 1808 2627 ἐβί-

1156 2647 1263 2672 ωσαν
1315 2630 1460 2685 χρόνον
1508 2633 1591 2673 ἐπὶ
1645 2630 1814 2673 πολλόν.

1154 2692 1249 2727 Add.
1274 2691 1328 2737 ΙΙ,
1353 2692 1441 2733 154.
1499 2690 1568 2727 Est
1594 2695 1713 2727 autem
1731 2691 1810 2727 He-

1154 2748 1272 2783 rodoti
1292 2749 1489 2785 sententia:
1516 2747 1677 2784 adversis
1693 2747 1808 2784 ventis

1155 2803 1357 2853 longiorem
1384 2816 1523 2841 moram
1560 2804 1672 2841 fuisse
1698 2803 1809 2840 inter-

1155 2861 1325 2910 positam.
