1877 3223
605 238 822 279 cL10.
877 242 905 278 1.

1325 248 1380 289 81

93 344 280 402 9,,ἡμέας
308 347 564 405 «ἒποιήσοεςςιι
596 347 645 392 Ὁ
675 349 721 393 δὲ
751 348 863 394 εἶπε·
894 346 977 402 ,,Ὦ
1004 352 1187 405 Κροῖσε,
1216 350 1382 398 ἐπιστά-

113 425 278 480 ,,μενόν
298 443 348 482 με
367 426 415 470 τὸ
435 432 557 471 θεῖον
574 431 662 470 πᾶν
689 427 763 471 ἐὸν
791 427 1016 484 φθονερόν
1036 445 1081 472 τε
1102 430 1174 473 καὶ
1195 436 1382 487 ταραχῶ-

110 505 241 557 ,,δες,
281 504 513 565 ἐπειρωτᾷς
550 504 841 563 ἅνθρωπηΐων
878 507 1139 563 πρηγμάτων
1175 509 1297 565 πέρι,-
1337 511 1427 554 ἐν90

111 581 228 639 »γάρ
259 589 320 643 τῷ
348 590 500 644 μακρῷ
529 583 670 644 χρόνῳ
700 585 838 628 πολλὰ
865 586 942 642 μέν
971 587 1059 631 ἐστι
1088 585 1216 631 ἰδέειν
1243 587 1295 631 τὰ
1322 589 1382 646 μή

88 670 209 712 3,,τις
247 663 404 718 ἐθέλει,
442 665 580 708 πολλὰ
607 665 653 709 δὲ
683 665 754 709 καὶ
777 665 977 711 παθέειν·
1020 665 1062 718 ἐς
1090 665 1172 724 γὰρ
1202 666 1382 725 ἑβδομή-

120 852 381 907 ἐπιστοὲμενόν
396 872 443 908 με
467 856 510 898 τὸ
533 863 717 898 θεῖον-

64 913 302 962 ταραχῶδες]
361 915 501 951 Eadem
539 917 719 954 sententia

65 967 158 1004 infra
187 968 258 1017 III,
288 970 352 1011 40.
378 971 464 1018 Vll,
493 971 545 1012 46
573 977 608 1009 et
638 972 718 1019 Vll,

67 1026 119 1065 1.0
154 1022 191 1074 S
215 1026 240 1066 5
267 1039 440 1075 expressa
465 1032 499 1064 et
522 1028 717 1077 impietatis

65 1081 211 1118 nomine
239 1086 359 1119 taxata
385 1084 422 1119 in
452 1083 632 1120 Plutarchi
656 1084 718 1132 qui

66 1138 182 1172 fertur
209 1137 326 1175 libello
361 1140 408 1176 de
427 1139 606 1176 Herodoti
635 1140 718 1176 Ma-

63 1192 176 1240 lignit.
194 1193 292 1243 Opp.
314 1194 348 1230 II
373 1208 408 1243 p.
424 1196 519 1242 857,
537 1196 579 1232 F.
594 1195 715 1244 Magis

65 1250 159 1285 enim
185 1248 318 1298 placuit
336 1250 499 1287 Platonis
527 1254 718 1299 sententia,

64 1311 100 1342 et
126 1305 207 1354 ipsa
232 1305 351 1342 multis
375 1307 460 1343 dein
485 1309 661 1357 repetita:
692 1306 716 1346 ὁ

65 1357 223 1410 φθόνος
250 1360 322 1407 ἔξω
349 1364 421 1401 τοῦ
448 1363 566 1401 θείου
595 1365 718 1414 χοροῦ

63 1417 238 1465 ἵσταται,
269 1417 305 1453 in
320 1418 474 1456 Phaedr.
505 1432 540 1468 p.
562 1419 656 1465 247,
672 1419 716 1455 A.

62 1486 99 1524 p.
129 1473 211 1514 252
237 1474 386 1522 Heind.,
416 1476 525 1522 unde,
545 1480 717 1512 monente

65 1530 128 1567 Cr.
152 1529 315 1566 Plotinus
341 1532 465 1568 scribit
490 1545 525 1582 p.
551 1535 644 1578 216,
664 1531 716 1568 B:

65 1582 125 1625 ότι
145 1583 200 1637 μή
225 1585 342 1637 θέμις
371 1584 534 1636 φθόνον
566 1587 608 1626 ἐν
634 1590 718 1633 τοῖς

63 1646 176 1688 θεοῖς
196 1646 307 1682 εἰναι.
337 1643 418 1681 Nos
437 1657 583 1694 pauca
571 1644 717 1681 adiicia-

65 1712 164 1745 muS‚
213 1712 307 1748 quae
335 1702 383 1737 ad
417 1700 599 1738 Herodoti
633 1713 717 1737 sen-

65 1756 215 1792 tentiam
244 1756 309 1793 rite
333 1757 604 1805 intelligendam
633 1769 719 1807 per-

66 1812 192 1848 tinent.
238 1811 310 1854 Qui
337 1813 489 1863 scriptor
525 1814 606 1862 ipse
638 1812 719 1859 VH,

70 1870 121 1908 10
147 1865 183 1916 ἓ.
202 1866 226 1908 5
248 1869 398 1904 eandem
427 1870 616 1919 proferens
635 1881 719 1905 sen-

65 1924 235 1970 teutiam,
281 1924 397 1960 addit:
455 1920 503 1963 ου’
549 1939 626 1990 γαρ
675 1923 721 1963 {c}

67 1978 259 2028 φθονέειν
295 1978 391 2030 μέγα
420 1977 440 2019 ὁ
468 1977 562 2026 θεὸς
600 1964 720 2018 ἄλλον

68 2051 93 2086 ἠ
121 2031 285 2082 ἑωυτόν,
325 2041 360 2073 et
390 2036 498 2085 paulo
521 2040 625 2072 ante:
657 2050 720 2083 φι-

67 2090 143 2130 λέει,
167 2107 240 2143 γαρ
260 2090 279 2130 ὁ
296 2095 345 2129 θε
350 2088 394 2137 ὂς
416 2090 463 2130 τοὶ
484 2090 722 2143 ὑπερέχοντα

67 2163 196 2187 παντα
231 2144 423 2186 κολούειν.
478 2148 581 2191 Quos
623 2147 721 2183 locos

70 2204 265 2254 respiciens
284 2204 543 2242 Valckenarius
566 2204 633 2251 (ad
658 2202 721 2249 ΙΙΙ,

70 2261 151 2307 40)
200 2264 409 2307 monuerat,
457 2260 659 2296 istiusmodi
686 2263 722 2296 et

69 2316 248 2353 Herodoti
265 2322 302 2354 et
323 2316 474 2353 aliorum
489 2317 585 2353 dicta
605 2316 722 2352 minus

70 2373 183 2409 videri
226 2373 403 2409 invidiosa
456 2372 628 2421 cogitanti
675 2367 720 2410 τό

71 2432 183 2467 θεῖον
199 2428 317 2466 Deum
339 2442 420 2465 esse
437 2429 601 2475 ultorem,
622 2423 724 2477 φθό-

73 2497 144 2521 νον
180 2485 370 2521 vindz'ctam
399 2485 575 2531 divinam,
614 2484 722 2532 vulgo

73 2539 203 2575 dictam
230 2539 396 2591 νέμεσιν.
438 2542 535 2578 Hinc
558 2540 724 2590 superbis

73 2594 295 2642 hominibus,
325 2610 415 2645 quos
441 2597 534 2633 ultor
564 2596 725 2644 sequitur

74 2651 186 2697 deus,
223 2651 319 2688 idem
362 2653 488 2689 dicitur
524 2646 726 2703 φθονερός

73 2707 227 2755 talisque
246 2707 383 2744 Croeso
406 2708 569 2757 inprimis
592 2708 651 2745 ille
673 2708 726 2744 vi-

73 2762 151 2800 deri
181 2767 348 2812 poterat,
377 2776 484 2812 quem
507 2768 592 2813 post
615 2763 726 2814 ἔλαβε

74 2817 116 2857 ἐκ
136 2820 238 2857 θεοῦ
257 2817 410 2868 νέμεσις
429 2816 572 2871 μεγάλη
585 2817 724 2871 (l,34).

76 2874 147 2918 Qui
175 2875 269 2911 enim
302 2875 464 2913 homines
492 2876 539 2913 ob
567 2876 725 2923 nimiam,

134 2929 339 2969 Hssnonor.
374 2931 400 2968 Ι.

775 873 848 910 qua
870 862 1053 907 fruuntur,
1090 860 1296 899 felicitatem
1321 863 1428 912 spiri-

772 921 831 953 tus
861 922 1006 953 sumunt
1032 922 1068 953 et
1093 918 1210 966 magis
1239 931 1346 966 quam
1372 920 1428 955 fas

773 978 847 1019 est,
887 986 970 1010 sese
1005 986 1116 1023 supra
1142 974 1300 1022 reliquos
1331 986 1428 1010 11101-

772 1029 862 1066 tales
928 1029 1076 1076 tollunt,
1143 1034 1429 1078 arrogantesque

772 1085 886 1132 fiunt,
926 1098 1051 1121 eorum
1089 1086 1333 1133 arrogantiam
1369 1099 1429 1121 su-

771 1142 1006 1191 perbiamque
1046 1141 1307 1177 calamitatibus
1345 1154 1430 1189 gra-

771 1197 928 1233 vioribus
947 1197 1117 1233 immissis
1143 1198 1324 1245 castigare
1338 1197 1431 1234 solet

776 1254 865 1290 deus
894 1266 1032 1301 eosque
1057 1254 1103 1290 de
1135 1254 1303 1290 fortunae
1333 1258 1430 1289 statu

773 1310 939 1354 deiicere,
959 1322 1030 1356 quo
1048 1309 1265 1346 modestiam
1288 1310 1431 1345 discant

772 1377 840 1400 nec
874 1376 1034 1411 uuquam
1068 1365 1238 1401 mortales
1274 1377 1316 1400 se
1349 1378 1431 1401 esse

773 1425 882 1467 atque
938 1419 1101 1455 infirmos
1163 1419 1428 1456 obliviscantur.

772 1475 856 1511 Hoc
874 1475 985 1522 igitur
1002 1488 1112 1511 sensu
1134 1475 1224 1512 deus
1249 1479 1305 1512 est
1325 1479 1431 1524 φθο-

772 1526 899 1582 νερός.
945 1531 1158 1568 Sententiae
1177 1532 1283 1567 huius
1309 1544 1429 1568 exem-

772 1587 834 1638 pla
869 1587 931 1636 qui
969 1591 1142 1635 quaerat,
1190 1588 1222 1623 is
1268 1588 1431 1624 consulat

773 1643 1003 1680 Valckenarii
1040 1648 1164 1680 notam
1198 1643 1221 1680 l.
1254 1642 1276 1679 l.
1349 1642 1431 1680 Alia

774 1700 954 1749 quaedam
983 1699 1067 1736 olim
1094 1700 1176 1750 ipse
1202 1699 1353 1737 excitavi
1383 1700 1431 1736 ad

773 1756 868 1792 Plut.
902 1756 1077 1792 Alcibiad.
1117 1769 1145 1792 c.
1175 1757 1228 1796 33
1268 1769 1304 1805 p.
1346 1756 1429 1796 235

775 1813 903 1861 quibus
931 1825 1027 1848 nunc
1065 1812 1162 1848 adde
1189 1812 1280 1848 Plut.
1307 1811 1430 1848 Philo-

774 1881 894 1917 poem.
921 1881 999 1917 cap.
1032 1871 1095 1908 17.
1129 1869 1179 1907 18
1216 1868 1430 1904 Pindarum-

775 1935 846 1971 que
867 1924 971 1970 Pyth.
993 1923 1040 1969 X,
1067 1924 1133 1962 31.
1164 1923 1310 1971 Olyinp.
1330 1922 1428 1968 ΠΗ,

779 1979 858 2019 114
911 1979 998 2025 ibiq.
1055 1977 1190 2014 Tafelii
1249 1978 1430 2014 Dilucidd.

776 2047 862 2083 pag.
882 2035 962 2073 323
986 2045 1063 2081 seq.
1092 2032 1259 2070 Eandem
1284 2036 1431 2070 senten-

777 2091 864 2126 tiam
891 2088 1050 2125 declarat
1076 2088 1275 2125 Pausanias
1296 2089 1350 2136 ΙΙ,
1375 2091 1429 2130 33

778 2144 815 2196 ᾗ.
833 2147 859 2185 3
893 2144 1043 2193 aliisque
1072 2144 1181 2192 locis,
1221 2146 1266 2182 ab
1291 2147 1430 2183 editore

778 2201 984 2250 nuperrimo
1022 2201 1199 2236 indicatis.
1255 2201 1431 2251 Disputa-

777 2262 860 2293 riult
886 2270 1031 2305 quoque
1057 2257 1149 2293 hanc
1169 2258 1205 2292 in
1223 2270 1300 2294 rem
1316 2257 1430 2294 Dahi-

779 2326 898 2351 mann.
925 2314 961 2348 in
980 2313 1070 2349 libro
1097 2313 1143 2349 de
1160 2313 1338 2350 Herodoti
1357 2315 1430 2350 vita

780 2383 823 2406 ac
850 2370 956 2406 rebus
988 2381 1072 2418 pag.
1107 2371 1184 2409 177
1214 2383 1290 2418 seq.
1321 2374 1430 2418 atque

781 2426 989 2462 Giintherus
1041 2425 1077 2461 in
1121 2437 1188 2474 pro
1230 2430 1431 2474 grammate

780 2481 1016 2527 scholastico,
1075 2481 1174 2528 quod
1224 2481 1428 2518 Helmstad.

784 2537 891 2579 1824
908 2538 1055 2587 prodiit,
1077 2537 1262 2574 continens
1281 2537 1431 2587 „expla-

781 2595 967 2631 nationem
1024 2592 1093 2629 loci
1138 2593 1340 2631 Herodotei
1384 2594 1430 2631 de

784 2651 885 2703 Θειῳ
907 2649 1107 2700 φθονερῶ.
1111 2649 1135 2668 “

836 2690 960 2745 πολλοὶ
982 2703 1052 2755 μέν
1073 2703 1151 2743 ἐστι
1170 2703 1287 2744 ἰδέειν
1307 2702 1354 2744 vo?
1374 2701 1429 2756 μή

779 2777 837 2808 τις
851 2761 989 2806 ἐθέλει]
1022 2762 1043 2797 i.
1057 2774 1088 2797 e.
1117 2761 1272 2807 „multas
1294 2775 1346 2798 res
1366 2762 1431 2798 ad-

780 2831 909 2865 versas,
936 2817 1046 2864 mala,
1076 2817 1429 2855 calamitatesf‘vid.

781 2879 872 2912 nott.
901 2876 948 2910 ad
974 2874 1012 2920 Ι,
1045 2875 1106 2913 16.

1133 2931 1161 2968 6
