1877 3223
451 219 534 258 208
591 194 600 204 '

863 213 1327 254 HERODOTI

451 328 528 378 δος
556 322 840 382 συμπεσόντες
869 324 1098 381 ἐμάχοντο·
1127 322 1351 368 πεσόντων
1380 323 1426 367 δὲ
1455 323 1528 368 καὶ
1557 322 1701 380 ἄμφο-

423 413 445 447 7
457 405 594 460 τὲρων
640 408 815 448 πολλῶν
827 439 837 456 ,

900 404 1055 448 ἐνίκων
1093 401 1443 458 Λακεδαιμόνιοι.
1486 400 1727 460 ,Ἀργεῖοιι

449 483 528 541 μέν
568 499 650 527 νυν
702 482 787 527 ἀπὸ
826 481 985 527 τούτου
1023 487 1102 526 τοῦ
1139 481 1303 537 χρόνου
1349 483 1704 536 κατακειράμενοι

452 561 529 614 τὰς
558 561 775 617 κεφαλάς,
802 561 1015 618 πρότερον
1043 560 1275 616 ἐπάναγκες
1296 563 1531 614 κομῶντες,
1561 560 1704 616 ἐποιή-

451 652 585 684 σαντο
615 638 752 695 νόμον
780 657 824 684 τε
853 641 926 685 καὶ
955 639 1168 695 κατάρην,
1199 637 1256 695 μὴ
1287 637 1502 694 πρότερον
1524 637 1704 692 θρέψειν

449 718 590 775 κόμην
631 717 831 774 Ἀργείων
878 718 1067 775 μηδένα,
1126 718 1232 774 μηδὲ
1270 716 1347 768 τὰς
1384 716 1593 772 γυναῖκάς
1623 724 1732 773 σφι5

424 796 832 854 ὃχρυσοφορήσειν,
860 799 964 854 πρὶν
994 797 1048 841 ἂν
1070 798 1238 853 Θυρέας
1257 794 1579 840 ἀνασώσωνται.
1618 800 1705 839 Λα-

450 876 719 933 κεδαιμόνιοι
769 877 814 920 δὲ
853 877 906 920 τὰ
953 876 1127 920 ἐναντία
1165 874 1333 920 τούτων
1370 876 1521 919 ἔθεντο
1550 873 1704 930 νόμον,

460 954 512 999 οὕ
541 955 626 1011 γὰρ
656 960 873 1012 κομῶντες
911 954 997 1012 πρὸ
1026 953 1210 1007 τούτου,
1247 952 1332 999 ἀπὸ
1360 952 1521 998 τούτου
1550 957 1704 1010 κομᾶν.

394 1171 575 1222 πεσόντες
603 1170 817 1226 ἐμάχοντο]
850 1171 928 1211 Alia
958 1173 1047 1212 Plu-

395 1232 506 1269 tarchi
532 1232 791 1280 Chrysermum
816 1230 1047 1281 Peloponne-

394 1289 573 1325 siacorum
585 1288 676 1324 libro
695 1287 800 1325 tertio
810 1287 951 1323 citantis
963 1300 1047 1324 nar-

394 1344 485 1381 ratio
516 1343 677 1392 (Morall.
698 1343 731 1379 II
750 1357 785 1393 p.
799 1344 902 1390 306,
923 1342 966 1379 A.
980 1344 1046 1391 B),

395 1399 677 1450 Amphictyones
723 1399 778 1441 ,de
836 1398 1048 1447 Othryadae

394 1456 542 1493 victoria
567 1468 785 1506 persuasos,
814 1458 853 1490 ut
878 1455 1046 1500 arbitror,

395 1512 577 1548 victoriam
630 1510 819 1561 Spartanis
860 1510 1045 1547 detulisse.

395 1567 476 1605 Nec
493 1567 692 1617 quidquam
713 1568 759 1604 de
783 1565 894 1602 altero
906 1566 1045 1616 proelio

395 1624 548 1675 posthac
569 1627 659 1659 orto.
699 1621 807 1672 Apud
827 1621 1045 1659 Pausaniam

395 1680 463 1728 (X,
477 1683 522 1724 9)
546 1678 702 1728 Argivos
722 1678 872 1726 legimus
904 1678 1048 1715 victori-

393 1748 452 1772 am
487 1736 555 1771 sibi
605 1735 842 1784 adscripsisse
880 1735 1046 1783 adeoque

394 1791 559 1840 Delphos
604 1791 687 1838 equi
725 1790 828 1826 aenei
859 1790 1045 1826 donarium

394 1847 548 1884 misisse.
607 1845 772 1889 Quorum
793 1845 881 1882 illud
899 1859 973 1881 non
987 1858 1047 1882 sa-

394 1903 440 1939 tis
461 1902 651 1948 convenit,
678 1900 989 1938 Lacedaemonios
1008 1902 1046 1938 in

395 1958 755 2008 Gymnopaediorum
777 1958 872 1994 festo
893 1970 1046 1994 coronas

395 2019 585 2064 gestasse,
614 2026 704 2063 quas
725 2013 759 2050 Τ
762 2013 962 2061 hyreaticas
981 2026 1048 2064 ap-

394 2070 585 2121 pellarent.
629 2069 766 2106 Auctor
787 2074 843 2107 est
862 2068 1048 2108 Athenae-

394 2140 437 2163 us
458 2126 540 2173 XV,
561 2130 586 2168 6
607 2139 643 2176 p.
662 2128 765 2173 678,
784 2125 826 2162 Β.

452 2179 507 2234 μή
527 2178 715 2234 πρότερον
734 2179 905 2234 θρέψειν
916 2176 1046 2232 κόμην

393 2234 577 2291 Ἀργείων
605 2236 755 2289 μηδένα
775 2253 811 2276 κ.
832 2252 866 2276 τ.
885 2236 932 2288 L]
963 2237 1044 2275 Me-

393 2296 495 2332 minit
507 2296 558 2332 rei
575 2295 666 2331 Plat.
686 2295 722 2331 in
732 2294 918 2332 Phaedon.
930 2308 964 2344 p.
978 2296 1043 2338 89,

395 2352 427 2388 C
439 2380 449 2398 ,
478 2352 619 2388 ubivid.
634 2350 886 2400 VVyttenbach.
898 2364 935 2401 p.
949 2351 1040 2391 236.

394 2428 450 2435 ·—
467 2407 508 2444 ln
536 2420 638 2457 seqq.
671 2405 766 2459 πρὶν
800 2402 860 2445 ἂν
890 2404 1043 2457 Θυρέας

396 2459 680 2502 ἀνασώσωνται
708 2463 801 2500 male
829 2461 1040 2512 particulam

396 2515 447 2557 ἂν
476 2532 498 2555 a
528 2520 742 2569 quibusdam
780 2519 879 2556 libris
909 2518 1039 2555 abesse

395 2575 512 2611 video.
568 2576 650 2613 lure
677 2576 735 2612 illa
754 2578 872 2613 exstat
892 2575 929 2610 in
955 2574 1039 2610 Pla-

396 2631 490 2667 tonis
519 2630 540 2666 l.
576 2632 598 2668 l.
631 2632 788 2680 gemino.
848 2630 908 2667 Tu
944 2630 1038 2667 conf.

397 2687 579 2736 disputata
634 2687 762 2724 Matth.
807 2686 843 2738 ἓ.
871 2687 974 2733 522,
1013 2689 1040 2727 2

396 2755 481 2792 pag.
506 2745 608 2783 1011
629 2757 705 2793 seq.
746 2743 787 2779 In
804 2743 914 2780 verbo
931 2737 956 2780 οἶ
968 2756 1040 2780 να-

398 2793 533 2843 σώζειν
577 2800 729 2837 similem
766 2804 933 2837 notamus
969 2799 1040 2835 vim

397 2854 674 2905 praepositionis
715 2851 811 2904 α’νοὶ,
861 2868 970 2905 quain
1000 2855 1037 2892 in

1114 1174 1224 1212 verbo
1244 1168 1520 1223 ἀναμάχεσθαι
1537 1171 1764 1210 animadver-

1112 1235 1235 1268 terunt
1254 1229 1428 1267 Platonici
1459 1229 1676 1279 interpretes
1697 1228 1719 1265 l.
1738 1229 1760 1265 l.

1113 1286 1182 1324 Est
1201 1291 1321 1324 autem
1335 1285 1549 1322 Latinorum
1570 1298 1604 1322 re
1617 1285 1762 1335 insepa-

1114 1343 1227 1380 rabile
1254 1341 1308 1379 vel
1337 1342 1443 1379 etiam
1473 1342 1602 1389 denuo,
1639 1341 1680 1378 ‹le
1707 1344 1762 1377 in-

1114 1403 1223 1447 tegro.
1281 1398 1389 1434 Cous.
1409 1397 1567 1436 Fischer.
1585 1398 1632 1434 ad
1651 1396 1760 1434 well.

1112 1455 1182 1502 Ill,
1203 1455 1226 1490 b
1252 1467 1288 1503 p.
1311 1456 1402 1494 164.

1171 1505 1220 1549 ου’
1236 1506 1309 1560 γαρ
1340 1511 1540 1558 κομῶντες
1567 1505 1646 1560 πρό
1671 1504 1761 1547 τού.

1112 1581 1206 1613 του,
1234 1562 1311 1604 cino*
1332 1561 1474 1604 τούτου
1503 1567 1656 1616 κομᾶν]
1688 1565 1762 1601 Ex-

1112 1623 1268 1674 peditior
1301 1622 1367 1659 erit
1407 1627 1604 1668 structura,
1654 1621 1682 1656 si
1718 1633 1762 1658 ex

1113 1679 1408 1716 antecedentibus
1455 1677 1679 1727 suppleveris
1726 1675 1762 1715 ἕ-

1112 1739 1233 1773 θεντο
1281 1729 1418 1784 νόμον.
1500 1734 1578 1770 vid.
1629 1731 1759 1769 Matth.

1115 1789 1151 1841 ᾗ.
1190 1790 1270 1830 535
1312 1794 1388 1826 not.
1426 1791 1453 1830 4
1507 1803 1543 1840 p.
1575 1789 1684 1830 1052
1725 1792 1762 1826 et

1115 1845 1152 1897 ἓ.
1173 1846 1253 1888 556
1276 1849 1350 1882 not.
1374 1847 1396 1886 1
1426 1858 1512 1897 pag.
1537 1846 1654 1886 1093.
1686 1843 1761 1881 Iam

1114 1903 1170 1939 hic
1191 1903 1258 1939 erit
1277 1915 1422 1939 sensus:
1453 1914 1549 1949 „nec
1573 1903 1663 1938 enim
1693 1914 1761 1937 ‹zn-

1114 1958 1213 1995 telcac
1242 1971 1319 1994 cum
1344 1971 1475 1995 comam
1503 1957 1650 2004 alerent,
1680 1957 1760 1994 inde

1114 2015 1158 2051 ab
1181 2015 1242 2051 hoc
1273 2019 1417 2064 tempore
1447 2017 1486 2050 ut
1523 2014 1652 2051 alerent
1687 2013 1762 2062 lege

1113 2072 1340 2108 sanxeruntf‘
1398 2070 1509 2113 Quod
1549 2071 1597 2107 ad
1642 2070 1759 2119 ipsam

1112 2141 1188 2165 rem
1207 2127 1351 2173 attinet,
1383 2126 1442 2162 alii
1473 2139 1610 2163 morem
1640 2125 1760 2162 Laco-

1114 2196 1222 2230 num,
1269 2196 1312 2219 ex
1348 2195 1421 2230 quo
1463 2194 1585 2219 comas
1621 2180 1759 2217 alerent

1112 2239 1372 2287 antiquioribus
1384 2238 1604 2287 temporibus
1616 2237 1661 2273 ab
1676 2237 1758 2286 ipso

1110 2294 1363 2343 Lycurgoiam
1385 2294 1585 2330 institutum
1605 2305 1757 2331 essevo-

1109 2350 1196 2387 lunt.
1256 2350 1364 2387 Conf.
1405 2349 1573 2399 Xenoph.
1619 2347 1755 2386 Laced.

1108 2406 1215 2443 Polit.
1247 2406 1299 2442 Xl
1331 2404 1367 2456 ὃ.
1395 2408 1419 2446 3
1458 2405 1535 2443 coll.
1578 2404 1756 2442 Plutarch.

1107 2461 1269 2511 Lysand.
1297 2476 1332 2512 p.
1363 2462 1468 2509 433,
1498 2462 1530 2499 F
1571 2466 1607 2498 et
1634 2459 1758 2498 Philo-

1107 2523 1208 2555 strat.
1257 2518 1330 2555 Vit.
1380 2517 1547 2569 Apollon.
1596 2516 1667 2565 Ill,
1706 2515 1758 2557 15

1106 2589 1141 2625 p.
1169 2577 1257 2616 106.
1297 2574 1402 2622 vm,
1429 2577 1455 2615 6
1489 2588 1525 2625 p.
1550 2572 1654 2620 335,
1695 2571 1756 2609 ubi

1106 2630 1309 2668 Leonidam
1338 2643 1477 2668 comam
1497 2630 1592 2667 alere
1617 2628 1756 2666 inveni-

1107 2700 1186 2724 mus
1212 2687 1431 2724 sortitudinis
1452 2698 1583 2732 causa,
1613 2697 1685 2733 quo
1713 2696 1754 2720 a-

1107 2743 1206 2779 micis
1223 2744 1339 2791 magis
1351 2743 1576 2780 venerandus
1589 2746 1623 2778 et
1642 2739 1755 2777 hosti-—

1108 2800 1173 2835 bus
1194 2799 1386 2836 terribilior
1403 2799 1595 2836 videretur.
1653 2794 1747 2832 Add.

1107 2854 1311 2894 Philostrat.
1331 2855 1474 2894 Heroic.
1495 2867 1532 2906 p.
1557 2853 1645 2894 132-
1668 2850 1742 2891 511
