1909 3228
469 206 554 248 544

882 199 1347 241 HERODOTI

442 313 550 358 5καὶ
576 313 623 357 ἐν
654 310 809 366 Μαρέῃ
847 308 956 364 πρὸς
994 308 1161 365 Λιβύης
1190 308 1309 364 ἄλλη.
1357 309 1418 352 ἔτι
1447 310 1492 353 δὲ
1521 308 1591 354 ἐπ’
1622 309 1779 367 ἐμεῦὃῡ

469 393 543 437 καὶ
574 389 775 443 Περσέων
803 387 911 432 κατὰ
941 385 1074 431 τούτά
1105 389 1151 431 αἱ
1173 388 1364 442 φυλακαὶ
1384 388 1542 443 ἔχουσι,
1572 387 1630 440 ὦς
1649 390 1722 433 καὶ

470 472 539 515 ἐπὶ
575 469 845 524 Ψαμμιτίχου
874 462 1006 523 ἦσαν’
1037 465 1206 522 καὶγὰρ
1238 467 1285 510 ἐν
1309 465 1583 524 Ἐλεφαντίνῃ
1607 469 1722 523 Πέρ-

443 559 546 593 6σαι
575 546 867 603 φρουρέουσι,
893 546 966 589 καὶ
995 545 1042 588 ἐν
1069 543 1290 601 Δάφνῃσι.
1339 545 1442 596 τοὺς
1472 541 1535 588 οἷν
1562 546 1613 602 δὴ
1643 549 1721 590 Αἰ-

469 627 679 682 γυπτίους
726 627 824 681 τρία
863 625 958 668 ἔτεα
1006 622 1341 680 φρουρήσαντας
1385 622 1540 668 ἀπέλυε
1581 623 1724 676 οὐδεὶς

469 709 547 762 τῆς
579 708 801 761 φρουρῆς·
845 705 889 748 οἱ
916 703 983 751 δὲ,
1015 702 1357 759 βουλευσάμενοι
1385 703 1459 746 καὶ
1488 707 1623 760 κοινῷ
1652 702 1780 747 λό-85

469 800 533 841 γῳ
563 782 847 840 χρησάμενοι,
894 782 1052 833 πάντες
1082 781 1167 825 ἀπὸ
1195 785 1274 825 τοῦ
1313 783 1585 838 Ψαμμιτίχου
1616 783 1725 826 ἀπο-

442 862 671 916 7στάντες,
708 862 838 919 ἤϊσαν
876 862 918 913 ἐς
945 863 1197 918 Αἰθιοπίην.

1266 863 1534 918 Ψαμμίτιχος
1567 862 1613 907 δὲ
1640 879 1724 906 πυ-

469 941 679 998 θόμενος,
720 941 880 986 ἐδίωκε.
939 939 998 992 ὥς
1027 941 1072 984 δὲ
1102 941 1327 997 κατέλαβε,
1374 941 1538 993 ἐδέετο,
1585 942 1724 985 πολλὰ

471 1020 634 1077 λέγων,
675 1022 750 1064 καί
779 1031 916 1076 σφεας
944 1018 1078 1070 θεοὺς
1115 1018 1344 1079 πατρςόους
1381 1018 1612 1064 ἀπολιπεῖν
1642 1019 1725 1064 οὐκ

443 1099 544 1150 8ὲά,
575 1099 648 1142 καὶ
675 1099 829 1152 τέκνα,
867 1099 941 1143 καὶ
969 1104 1192 1155 γυναῖκας.
1245 1102 1334 1142 τῶν
1363 1099 1409 1142 δέ
1438 1115 1535 1142 τινα
1563 1099 1727 1155 λέγεται

471 1179 667 1230 δείξαντα
695 1178 745 1222 τό
777 1180 947 1222 αἰδοῖον
975 1179 1108 1221 εἰπεῖν
1134 1178 1278 1229 »ἔνθα
1306 1176 1360 1221 ἂν
1388 1181 1520 1221 τοῦτο
1550 1172 1603 1235 ᾗ,
1634 1178 1723 1222 ἔσε-
1768 1184 1845 1221 117

470 1262 610 1309 »σθαι
639 1255 810 1301 αὐτοῖσι
848 1257 1040 1301 ἐνθαῦτα
1078 1258 1152 1301 καὶ
1193 1258 1322 1301 τέκνα
1356 1258 1430 1301 καὶ
1468 1262 1686 1313 γυναῖκας.
1699 1263 1723 1282 “
1738 1264 1783 1299 90

443 1331 612 1380 9οὗτοι
641 1336 734 1380 ἐπεί
763 1353 807 1380 τε
836 1335 880 1388 ἐς
909 1339 1150 1393 Αἰθιοπίην
1170 1336 1396 1388 ἀπίκοντο,
1428 1338 1601 1380 διδοῦσι
1622 1337 1727 1393 σφέ-

473 1433 524 1468 ας
553 1414 715 1466 αύτούς
752 1418 812 1473 τῷ
846 1414 1074 1459 Αἰθιόπων
1103 1415 1277 1471 βασιλέϊ.
1323 1413 1346 1459 ὁ
1378 1415 1422 1458 δέ
1453 1426 1589 1470 σφεας
1617 1416 1726 1472 τῷδε

418 1503 462 1537 10
473 1492 790 1549 ἀντιδωρέεται.
820 1487 934 1550 ἦσαν
964 1494 1008 1536 οἱ
1031 1491 1239 1549 διάφοροί
1267 1509 1380 1545 τινες
1399 1492 1623 1549 γεγονότες
1638 1496 1726 1536 τῶν

472 1571 727 1616 Αἰθιόπων·
756 1569 941 1625 τούτους
969 1571 1136 1616 ἐκέλευε
1165 1570 1409 1626 ἐξελόντας,
1445 1571 1524 1629 τήν
1552 1571 1726 1616 ἐκείνων
1737 1578 1781 1614 95

416 1778 606 1827 aliquoties
628 1780 818 1814 occurrunt
832 1777 976 1815 nomine
991 1775 1068 1814 Ta·

412 1835 541 1885 planes,
571 1834 670 1883 quod
697 1834 742 1870 ab
771 1833 948 1870 hodierno
975 1832 1070 1882 Sas-

416 1904 483 1928 nas
511 1902 583 1926 non
616 1888 722 1926 valde
751 1889 898 1926 recedit.
957 1889 1066 1926 Conf.

417 1945 688 1983 Schlichthorst.
707 1945 729 1981 l.
751 1944 773 1982 l.
799 1958 835 1995 p.
854 1944 921 1987 75.
961 1944 1069 1982 Man-

417 2006 508 2040 nert.
541 2001 564 2038 l.
593 2001 615 2038 l.
641 2001 697 2048 X,
727 2005 744 2042 1
777 2014 864 2051 pag.
884 2000 968 2043 492
990 2013 1065 2050 seq.

417 2058 635 2095 Hartmann.
678 2057 955 2095 Erdbeschreib.
996 2070 1068 2094 von

417 2113 510 2162 Aeg.
531 2127 566 2164 p.
586 2114 679 2155 855.
713 2113 803 2150 Mox
830 2114 959 2163 scripsi
987 2125 1066 2151 cum

420 2171 537 2207 Gaisf.
547 2165 740 2221 Ἀραβίων
759 2184 780 2208 τ
793 2183 809 2208 ε
829 2168 896 2208 καὶ
911 2164 1065 2221 Σύρων,

418 2227 480 2263 ubi
500 2226 609 2275 vulgo
632 2227 758 2264 deerat
774 2239 814 2265 τε
841 2230 878 2264 et
896 2238 963 2275 pro
984 2221 1066 2263 Σύ-

421 2296 500 2334 ρων
547 2282 794 2320 inveniebatur
837 2277 1066 2333 Ἀσσυρίων,

420 2338 520 2388 quod
556 2338 684 2376 merito
724 2339 795 2374 iam
832 2338 1067 2375 damnaverat

419 2393 725 2432 Valcken.—De
741 2392 873 2431 Marea
891 2394 964 2431 vid.
975 2397 1066 2431 nott.

420 2450 468 2486 ad
493 2450 550 2497 11,
579 2453 643 2492 18.
674 2471 730 2478 —-
768 2450 810 2487 In
835 2450 974 2488 verbis:
1012 2447 1066 2496 ὥς

420 2504 487 2543 καὶ
505 2504 570 2544 ἐπὶ
586 2506 833 2556 Ψαμμιτίχου
844 2500 947 2557 ἦσαν
960 2506 1066 2543 Stru-

422 2574 466 2599 γε
494 2561 601 2612 Spec.
631 2563 782 2606 Quaest.
811 2566 877 2600 etc.
904 2575 988 2612 pag.
1009 2564 1062 2603 26

422 2621 524 2654 notat
546 2631 648 2655 usum
669 2618 863 2669 particulae
880 2616 932 2664 ὦς
951 2618 1065 2655 rario-

423 2685 496 2709 rem
511 2678 594 2722 post
614 2686 867 2725 praegressum
882 2668 1006 2713 ταύτὰ
1029 2677 1066 2711 et

425 2727 562 2765 similia.

489 2783 577 2831 τρία
627 2783 711 2824 ἔτεα
762 2781 1072 2838 φρουρήσαντας

426 2831 572 2877 ἀπέλυε
612 2854 646 2878 κ.
674 2855 704 2878 τ.
726 2839 786 2891 λ.]
835 2842 915 2880 Alia
949 2842 1071 2894 prodit

1136 1776 1320 1815 Diodorus
1349 1776 1384 1825 I,
1410 1779 1487 1825 67,
1515 1789 1671 1827 quocum
1695 1789 1783 1814 con-

1137 1834 1257 1870 ferunt
1274 1833 1452 1871 Plutarch.
1471 1833 1570 1870 Mor.
1586 1846 1670 1885 pag.
1688 1835 1784 1881 601,

1137 1888 1168 1925 E
1199 1893 1236 1926 et
1263 1889 1446 1928 Aristotel.
1474 1889 1582 1928 Rhet.
1616 1890 1688 1937 ΙΙΙ,
1718 1891 1782 1930 16.

1135 1944 1197 1982 Tu
1232 1945 1302 1982 vid.
1329 1958 1424 1995 quae
1461 1946 1571 1997 paulo
1603 1950 1687 1983 ante
1713 1946 1784 1996 ipsi

1134 2002 1350 2039 monuimus.
1367 2023 1424 2030 —
1447 1997 1521 2041 ου’κ
1546 2000 1589 2041 ἓά
1607 2006 1704 2040 recte
1721 2014 1784 2040 ex-

1134 2057 1244 2107 plicat
1264 2057 1438 2096 Valcken.
1459 2057 1702 2105 dissuadebat,
1723 2057 1783 2095 de-

1134 2112 1350 2151 hortabatur.
1407 2114 1490 2151 vid.
1527 2115 1603 2152 eius
1639 2118 1715 2150 not.
1745 2117 1782 2151 et

1133 2170 1178 2206 cf.
1197 2169 1395 2207 Hermann.
1424 2170 1471 2206 ad
1490 2170 1612 2218 Viger.
1633 2183 1669 2220 p.
1686 2171 1780 2211 890.

1188 2227 1269 2263 τῶν
1289 2224 1331 2264 δέ
1349 2240 1436 2264 τινα
1462 2223 1611 2277 λέγεται
1630 2225 1780 2272 δείξαν-

1132 2294 1181 2319 τα
1211 2278 1253 2319 τὸ
1287 2281 1443 2320 αἰδοῖον
1471 2281 1596 2320 εἰπεῖν
1623 2296 1658 2319 κ.
1679 2297 1711 2320 τ.
1730 2279 1779 2332 λ.]

1132 2336 1258 2374 Simile
1277 2337 1459 2386 quoddam
1483 2338 1530 2376 de
1548 2337 1658 2374 nobili
1670 2350 1780 2376 uxore

1132 2391 1246 2440 Itala,
1277 2393 1474 2430 Catharina
1505 2394 1657 2441 Sforza,
1685 2406 1780 2443 quae

1133 2449 1280 2486 domino
1299 2449 1466 2486 Forlensi
1485 2454 1562 2487 erat
1581 2454 1706 2500 nupta,
1735 2462 1780 2487 ex

1131 2503 1353 2543 Machiavell.
1366 2505 1461 2543 Hist.
1479 2505 1639 2544 Florent.
1659 2505 1682 2543 l.
1697 2505 1780 2543 Vll!

1131 2562 1269 2611 profert
1288 2561 1396 2598 Italus
1413 2562 1601 2612 interpres,

1186 2614 1350 2664 τούτους
1386 2616 1534 2657 ἐκέλευε
1563 2611 1779 2668 ἐξελόντας]

1138 2669 1302 2720 τούτους
1329 2673 1377 2710 ad
1408 2673 1603 2724 Aethiopes
1641 2678 1781 2723 spectat

1139 2735 1176 2767 et
1201 2742 1223 2766 a
1244 2729 1354 2766 verbo
1391 2725 1593 2777 ἐξελόντας
1630 2729 1779 2779 pendet,

1139 2785 1239 2834 quod
1269 2785 1387 2835 ipsum
1416 2787 1463 2822 ad
1493 2784 1696 2835 Aegyptios
1722 2797 1779 2821 re-

1139 2855 1223 2880 cens
1243 2845 1406 2892 receptos
1423 2842 1549 2880 referri
1569 2841 1690 2888 debet,
1711 2840 1778 2876 hoe
