1877 3223
648 213 860 253 CLIO.
918 215 945 253 Ι.
1379 220 1432 258 61

119 321 436 378 Ιοὺπολαβόντα
480 323 681 376 ἐξενεῖκαι
717 322 787 368 ἐπὶ
833 324 1062 377 Ταίναρον.

1123 321 1347 379 ἀποβάντα
1388 326 1434 369 δὲ

161 399 295 445 αὐτὸν
322 401 498 457 χωρέειν
526 402 569 453 ἐς
597 400 826 457 Κόρινθον
855 402 936 445 σὺν
964 405 1018 458 τῇ
1047 405 1204 459 σκευῇ,
1243 403 1316 446 καὶ
1341 401 1477 447 (ἐπι-55

117 480 346 536 ῙῙκόμενον
386 479 649 537 ἀπηγέεσθαι
687 485 774 525 πᾶν
823 480 872 523 τό
913 480 1104 537 γεγονός.
1161 482 1436 537 Περίανδρον

160 560 206 603 δὲ
233 558 321 603 ὑπὸ
361 558 555 616 α’πιστίης
590 558 762 614 Ἀρίονα
798 560 875 615 μὲν
904 559 950 602 ἐν
989 564 1165 617 φυλακῇ
1194 561 1324 616 ἔχειν,
1368 559 1437 604 οὐ-

160 640 272 695 δαμῆ
301 639 518 693 μετιέντα,
559 637 731 690 α’νακῶς
760 640 806 683 δὲ
836 639 945 694 ἔχειν
973 643 1060 682 τῶν
1088 639 1342 695 πορθμέων·
1377 638 1435 690 ὠς

160 717 205 760 δὲ
248 717 332 772 ἄρα
367 723 567 772 παρεῖναι
606 716 788 770 αὐτούς,
827 719 1063 774 κληθέντας
1100 719 1369 773 ἱστορέεσθαι
1398 720 1438 762 εἴ

114 805 198 840 12η
225 795 389 852 λέγοιεν
416 798 514 851 περὶ
541 797 750 853 Ἀρίονος.
783 797 990 854 φαμένων
1021 797 1065 840 δὲ
1095 797 1269 841 ἐκείνων
1292 797 1348 849 ὡς
1370 799 1434 854 εἴη

155 891 199 919 τε
230 879 315 926 σῶς
343 875 440 931 περὶ
468 874 665 933 Ἰταλίην,
705 878 778 921 καί
805 893 880 933 μιν
908 871 958 920 εὖ
994 874 1241 932 πρήσσοντα
1268 877 1480 919 λίποιεν60

155 954 202 998 ἐν
247 954 454 1010 Τάραντι,
502 955 766 1012 ἐπιφανῆναί
817 966 895 1011 σφι
941 954 1018 998 τόν
1053 952 1249 1010 Ἀρίονα,
1290 954 1434 1010 ὥσπερ

156 1033 263 1089 ἔχων
301 1033 546 1089 ἐξεπήδησε·
589 1036 662 1078 καὶ
696 1034 820 1086 τούς,
861 1033 1164 1089 ἐκπλαγέντας,
1202 1032 1285 1077 οὐκ
1324 1034 1434 1090 ἔχειν

112 1112 218 1155 13ἔτι
243 1111 542 1168 ἐλεγχομένους
571 1111 814 1169 ἀρνέεσθαι.

878 1116 1024 1155 Ταῦτα
1051 1111 1130 1168 μέν
1160 1128 1243 1155 νυν
1271 1114 1435 1166 Κορίν-

156 1192 250 1234 θιοί
278 1207 320 1234 τε
348 1192 422 1235 καὶ
446 1191 624 1249 Λέσβιοι
651 1193 837 1250 λέγουσι.
893 1192 967 1236 καὶ
991 1189 1187 1247 Ἀρίονός
1215 1191 1302 1236 ἐστι
1329 1190 1433 1235 α’νοὶ-

165 1335 326 1387 ἆνακῶς
353 1338 395 1380 δὲ
431 1339 532 1392 ἔχειν
557 1345 640 1382 τοῖν
665 1358 758 1395 πορ-

107 1396 280 1448 θμέων]
313 1398 335 1433 i.
356 1411 387 1434 e.
411 1410 486 1434 eum
506 1412 626 1436 curam
645 1403 758 1436 inten-

108 1453 198 1490 disse
233 1457 271 1490 z'n
305 1457 445 1493 nautas.
503 1455 691 1504 „Legitur
720 1456 757 1493 in

108 1509 229 1548 Lexic.
240 1510 401 1558 Seguier.
414 1524 450 1560 p.
462 1513 540 1553 391
556 1513 612 1549 ed.
625 1512 756 1550 Bekk.:

110 1568 359 1616 φυλακτικῶς
387 1572 422 1604 et
453 1563 610 1614 α’νακῶς
635 1568 753 1619 ἔχειν·

110 1623 372 1673 φροντίζειν.“
404 1622 467 1660 Cr.
504 1624 646 1662 Eodem
681 1627 756 1663 fere

110 1679 217 1715 modo
236 1678 355 1716 Schol.
374 1680 422 1716 ad
441 1679 646 1729 Thucydid.
659 1682 756 1728 VIII,

113 1736 205 1781 102,
217 1736 277 1771 ubi
287 1735 421 1772 consul.
432 1736 697 1787 interpreteS.N
698 1751 756 1776 am

112 1803 155 1827 ex
174 1791 362 1828 Herodoto
386 1804 510 1829 vocem
539 1795 755 1831 assumsisse

111 1846 360 1895 Thucydidem
381 1849 514 1885 volunt.
558 1849 655 1887 Add.
676 1851 755 1887 He-

109 1903 188 1940 rod.
222 1903 326 1950 Vlss,
358 1905 459 1950 109,
502 1917 607 1953 quem
639 1906 756 1942 locum

109 1959 196 1995 citat
216 1958 381 1995 Eustath.
415 1960 462 1995 ad
483 1960 619 2008 Odyss.
649 1962 665 1997 I
697 1975 754 1998 vs.

109 2017 191 2056 397
230 2028 314 2064 pag.
352 2017 428 2061 67,
458 2017 512 2056 47
534 2017 591 2052 ed.
613 2017 700 2055 Bas.

166 2068 282 2116 ὦς-
293 2070 490 2121 παρεῖναι]
506 2073 611 2108 Conf.
622 2071 756 2109 Matth.

108 2125 146 2178 §.
171 2126 252 2167 538
279 2139 365 2175 pag.
390 2128 510 2167 1057.

165 2181 410 2233 ἱστορέεσθαι
452 2182 492 2221 εἴ
516 2198 553 2221 τι
583 2181 756 2234 λέγοιεν]

109 2237 355 2289 ἱστορέεσθαι
372 2239 529 2276 medium
540 2252 620 2276 cum
633 2242 755 2276 scisci-

108 2295 214 2332 tandi
228 2295 375 2332 notione
395 2296 561 2346 nuspiam
580 2296 616 2331 in
636 2295 757 2333 Hero-

109 2351 197 2388 doto
215 2351 414 2388 inveniatur
426 2381 436 2398 ,
467 2352 528 2401 qui
550 2352 665 2389 activo
677 2365 757 2390 ver-

112 2407 160 2445 bo
192 2405 379 2459 ἷστορέειν
417 2408 468 2444 uti
495 2408 628 2454 soleat,
669 2408 756 2445 Val-

116 2463 304 2501 ckenarius
317 2463 466 2501 coniecit
486 2463 751 2515 εἰρωτέεσθαι,

108 2516 246 2556 Nostro
264 2521 529 2568 frequentatum
549 2520 619 2566 VI,
649 2523 686 2561 3.
705 2521 753 2568 II,

108 2577 175 2616 32.
233 2576 363 2625 Scripti
391 2576 470 2612 libri
500 2576 535 2613 h.
554 2576 576 2612 l.
608 2580 752 2614 tuentur

111 2628 378 2681 ἱστορέεσθαι,
436 2633 535 2681 quod
584 2632 614 2667 si
670 2646 749 2670 cum

108 2686 308 2734 Schweigh.
342 2689 488 2736 passiva
515 2687 662 2725 notione
690 2702 750 2727 ac-

108 2742 218 2792 cipias
230 2771 240 2789 ‚
270 2742 366 2778 haud
384 2744 500 2791 magis
521 2757 612 2793 opus
624 2745 689 2781 erit
707 2758 750 2783 ea

108 2799 378 2844 emendatione,
406 2804 514 2848 atque
542 2800 610 2836 alia
642 2800 748 2851 εἰρω-

108 2850 294 2894 νεύεσθαι
306 2884 317 2905 ,
339 2866 447 2904 quam
468 2868 488 2893 e
509 2855 614 2894 Gellii
632 2858 748 2896 verbis

826 1342 931 1388 XVI,
965 1343 1015 1382 19
1053 1342 1105 1388 (,‚
1117 1343 1255 1379 navitas
1283 1341 1475 1390 requisitos

824 1419 879 1425 »ἡ
891 1398 1147 1434 dissimulanter
1159 1398 1405 1445 interrogasse
1419 1410 1477 1434 ec-

824 1454 911 1502 quid
936 1454 1124 1490 audissent
1144 1476 1199 1480 —
1229 1466 1337 1502 super
1369 1453 1476 1489 Ario-

823 1512 915 1557 ne4‘)
937 1510 1017 1557 quis
1041 1510 1196 1559 probare
1216 1510 1371 1546 studeat.
1392 1508 1477 1546 Ma-

822 1565 883 1602 lim
904 1566 1070 1614 equidem
1100 1567 1194 1603 tueri
1226 1566 1475 1602 auctoritatem

824 1622 1014 1669 librorum,
1045 1622 1120 1660 sive
1143 1623 1258 1659 activa
1292 1622 1366 1658 sive
1388 1635 1475 1671 pas-

823 1679 898 1715 siva
924 1679 1072 1715 notione
1099 1680 1248 1716 verbum
1280 1678 1474 1728 acceperis.

822 1735 881 1771 De
904 1734 984 1783 ipso
1025 1735 1135 1772 verbo
1173 1735 1268 1772 conf.
1300 1738 1391 1771 nott.
1424 1735 1473 1771 ad

822 1790 989 1827 Prooem.

879 1844 933 1892 aig
952 1846 1011 1896 εἴη
1027 1860 1067 1885 τε
1081 1848 1158 1892 σῶς
1182 1844 1272 1897 περὶ
1289 1842 1464 1896 Ἰταλίην]

822 1901 912 1952 περὶ
937 1897 1098 1951 Ἰταλίην
1130 1905 1178 1938 in
1207 1902 1341 1949 Italia,
1372 1908 1410 1938 ut
1440 1902 1471 1948 l,

823 1961 900 1998 27:
930 1957 967 1994 εἴ
989 1973 1025 1995 τι
1044 1958 1103 2007 εἴη
1133 1954 1321 2008 νεώτερον
1353 1956 1473 2009 περὶ

822 2009 916 2061 τὴν
944 2009 1162 2051 Ἑλλάδα.
1190 2013 1471 2050 ConfiFischer.

822 2069 870 2104 ad
890 2067 1036 2105 W‘eller.
1057 2068 1128 2115 ΙΙΙ,
1159 2068 1181 2104 b
1208 2083 1245 2118 p.
1270 2072 1364 2110 217.
1401 2069 1468 2108 Cr.

823 2124 959 2160 consuli
981 2125 1054 2161 vult
1075 2125 1256 2162 Schaefer.
1279 2126 1326 2162 ad
1348 2126 1467 2162 Schol.

823 2178 974 2219 Parisin‚
994 2180 1162 2231 Apollon.
1180 2181 1301 2220 Rhod.
1327 2196 1362 2231 p.
1387 2184 1469 2222 279

825 2240 860 2273 et
908 2236 1011 2273 Hase
1061 2238 1108 2273 ad
1155 2236 1270 2274 Leon.
1316 2238 1469 2275 Diacon.

822 2305 910 2343 pag.
934 2295 1029 2333 210.

879 2344 1075 2399 ἀνάθημα
1110 2345 1272 2399 χάλκεον
1310 2345 1368 2389 ου’
1406 2349 1468 2401 με’-

821 2419 872 2456 γα
895 2403 959 2443 ἐπὶ
987 2401 1195 2458 Ταινάρῳ]
1228 2406 1356 2444 Plures
1386 2407 1466 2444 libri

821 2461 944 2511 scripti
971 2462 1138 2498 omittunt
1165 2457 1233 2501 ου’.
1292 2463 1368 2500 Sed
1400 2477 1467 2513 po-

819 2518 887 2553 tuit
924 2519 1004 2555 mea
1037 2519 1183 2567 quidem
1223 2532 1265 2556 ex
1288 2520 1468 2556 sententia

818 2572 1041 2610 librariorum
1080 2575 1301 2624 negligentia
1345 2577 1467 2625 potius

796 2629 931 2666 ,omitti
956 2630 1146 2679 particula,
1182 2644 1289 2680 quam
1315 2632 1360 2668 ab
1387 2632 1465 2668 aliis

815 2685 977 2723 consulto
1008 2687 1126 2723 inseri.
1174 2687 1350 2735 Agnoscit
1375 2701 1466 2736 quo-

816 2755 886 2790 que
931 2743 1143 2792 particulam
1188 2743 1259 2781 Dio
1307 2743 1466 2792 Chryso-

818 2803 922 2834 stom.
973 2799 1036 2835 Or.
1078 2801 1133 2839 37
1176 2813 1212 2849 p.
1260 2799 1354 2841 455.
1407 2801 1463 2836 Ex

814 2853 980 2893 Mediceo
1024 2854 1114 2893 libro
1162 2854 1246 2893 nihil
1282 2861 1467 2901 enotatur3
