1909 3228
48 508 113 553 73

530 232 955 273 EUTERPE.
1013 233 1060 271 11.

1347 234 1432 273 649

141 345 298 401 Ξῖρούς
327 344 372 389 δὲ
401 342 588 395 τούτους
615 345 697 386 τοῦ
726 343 888 386 Νείλου
928 342 1037 398 φασὶ
1068 339 1205 386 εἶναι·
1241 341 1314 386 καὶ
1343 343 1433 385 τῶν

169 423 367 481 ὀρνίθων
394 423 496 475 τούς
524 421 838 480 χηναλώπεκας.

114 690 251 727 loticus.
295 691 407 734 Quod
428 690 475 726 ad
491 689 691 737 anguillam
711 693 767 726 at-

113 748 228 794 tinet,
275 746 373 784 haud
405 748 529 795 inepte
565 746 767 783 Larcherus

115 808 301 853 comparat
310 804 439 840 Athen.
467 802 544 847 Vll,
559 805 609 843 13
622 817 657 853 p.
672 805 767 849 299,

115 860 158 896 E.
181 860 224 896 F.
276 861 381 903 Quae
402 860 448 896 de
471 860 621 908 piscium
646 872 768 896 sacro-

114 929 192 953 rum
229 917 370 953 mumiis
417 917 652 966 proferuntur
669 945 680 962 ‚
721 917 768 953 de

114 973 157 1009 iis
176 973 339 1009 nondum
362 974 450 1009 satis
476 972 600 1021 liquet.
660 973 768 1009 Conf.

113 1029 327 1067 Reinhardt.
347 1029 369 1065 l.
392 1029 412 1065 l.
431 1042 517 1079 pag.
540 1030 605 1069 30.
630 1031 695 1070 31.

170 1111 335 1152 καὶτῶν
364 1108 547 1165 ὀρνίθων
574 1110 669 1160 τούς
695 1129 770 1164 χη-

113 1165 442 1221 ναλώπεκας]
483 1171 540 1208 De
561 1172 769 1220 vulpansere

114 1228 209 1264 conf.
224 1227 486 1265 Schneiderum
512 1229 559 1263 ad
579 1228 765 1264 Aristotel.

114 1283 163 1320 H.
177 1284 218 1320 A.
234 1283 339 1331 Vlll,
363 1285 400 1325 5.
421 1287 445 1325 8
467 1297 553 1334 pag.
567 1287 645 1325 601
670 1283 768 1331 (coll.

114 1341 151 1376 in
179 1339 245 1377 lex.
270 1340 401 1377 Graec.
428 1354 456 1377 s.
476 1342 550 1388 xx),
580 1341 642 1389 qui
672 1345 769 1378 recte

113 1396 288 1433 admonet
304 1396 444 1433 Aeliani
468 1396 517 1433 N.
538 1397 582 1433 A.
617 1396 652 1433 X
668 1425 678 1443 ‚
705 1399 768 1437 16.

113 1452 160 1499 V,
178 1454 233 1493 30
255 1458 291 1490 et
324 1453 397 1499 XI,
421 1455 487 1493 38.
545 1453 614 1489 Est
646 1458 768 1489 autem

114 1522 202 1545 anas
226 1509 378 1545 tadorna
407 1508 502 1555 Lin.,
532 1522 628 1558 quae
653 1509 770 1559 vulpis

113 1565 232 1602 instar
261 1578 431 1603 cavernas
462 1570 582 1603 terrae
618 1566 769 1612 habitat,

115 1625 152 1659 et
191 1635 277 1660 vero
317 1622 425 1660 etiam
461 1623 509 1659 ad
548 1624 768 1660 domesticas

113 1678 376 1729 Aegyptiorum
398 1679 534 1716 bestias
547 1679 767 1729 pertinebat.

115 1736 192 1771 Cur
215 1748 353 1772 sacram
374 1735 566 1773 habuerint
583 1735 769 1786 Aegyptii,

115 1791 201 1828 nihil
226 1792 380 1838 scimus,
419 1792 487 1828 nisi
515 1793 615 1840 quod
647 1793 768 1828 Hora-

115 1847 214 1897 pollo
238 1848 274 1895 I,
294 1849 347 1889 53
369 1848 405 1884 in
425 1848 705 1898 hieroglyphieis
725 1848 768 1883 li-

115 1904 202 1940 teris
233 1904 302 1941 hac
329 1917 394 1941 ave
434 1903 546 1940 filium
585 1905 769 1953 designari

116 1960 258 2006 scribit,
299 1961 469 2009 quoniam
502 1961 651 1998 caritate
680 1973 770 2009 erga

116 2021 223 2054 natos
243 2017 302 2054 illa
319 2029 409 2067 prae
427 2016 555 2054 ceteris
576 2016 736 2055 excellat.

295 2128 404 2180 Cap.
434 2127 604 2166 Lxxnl.

172 2214 230 2267 τῷ
256 2210 411 2262 οὕνομα
433 2210 595 2263 φοίνιξ]
632 2211 772 2262 Scripsi

118 2270 256 2319 φοίνιξ
287 2283 330 2307 ex
351 2270 538 2307 Schaeseri
558 2274 769 2319 praecepto,

118 2328 217 2375 quod
232 2327 442 2363 Buttmann.
466 2327 628 2363 Gramm.
650 2326 715 2362 Gr.
739 2325 771 2361 11

118 2395 154 2432 p-
174 2385 255 2423 399
287 2387 323 2420 et
353 2383 554 2420 Hermann.
578 2383 625 2419 ad
653 2382 769 2431 Soph.

120 2439 214 2475 Oed.
235 2444 302 2487 tyT.
326 2438 407 2479 746
427 2451 543 2489 nuper
558 2439 772 2488 probarunt.

118 2493 241 2542 Vulgo
261 2495 405 2543 φοῖνιξ.
423 2516 479 2522 —-
499 2495 556 2532 De
579 2507 774 2543 argumen-

119 2555 157 2587 to
177 2550 280 2586 huius
299 2551 426 2601 capitis
455 2551 604 2600 longum
622 2556 678 2588 est
698 2551 774 2587 ‹lis-

121 2619 252 2643 serere.
310 2606 479 2656 Namque
500 2612 584 2657 post
603 2607 773 2644 Herodo-

119 2667 218 2709 tum,
246 2675 354 2711 quem
374 2663 491 2713 ipsum
512 2663 548 2698 in
576 2663 632 2700 his
653 2663 773 2701 Heca-

118 2719 192 2756 taei
230 2719 360 2755 scrinia
403 2719 618 2768 compilasse
648 2720 773 2757 dicunt

121 2776 243 2822 (conf.
275 2779 397 2811 tamen
427 2775 668 2812 Henrichsen.
698 2775 719 2812 l.
750 2776 773 2813 l.

117 2843 205 2882 pag.
223 2834 248 2872 6
268 2832 378 2879 not.),
407 2830 550 2881 plurimi
580 2833 771 2882 scriptores

119 2888 167 2925 de
183 2887 360 2939 phoenice
390 2887 617 2936 retulerunt,
637 2889 774 2926 descri-

269 501 392 548 ’Έστι
421 505 466 549 δὲ
495 504 570 548 καὶ
598 501 726 554 ἄλλος
754 501 875 557 ὅρνις
903 500 1016 557 ἷρός,
1048 504 1109 559 τῷ
1140 500 1310 557 οὕνομα
1329 500 1432 557 φοί-

834 688 964 726 beutes
1018 689 1269 727 Herodoteam
1311 686 1491 724 narratio-

836 758 919 782 nem
951 749 989 782 et
1020 745 1234 795 plerumque
1271 744 1487 795 ampliantes

837 807 948 850 atque
977 806 1214 847 exornantes,
1252 813 1407 851 quorum
1436 800 1490 837 lo-

836 872 896 895 cos
918 858 1163 908 suppeditabit
1184 858 1331 894 Martini
1352 857 1399 893 ad
1416 855 1490 893 La-

837 915 959 952 ctantii
978 928 1121 952 carmen
1148 915 1194 952 de
1212 913 1381 951 Phoenic.
1395 912 1490 960 (Lu-

839 972 1013 1020 naeburg.
1036 971 1163 1018 1825)
1184 984 1270 1021 pag.
1292 972 1357 1011 38.
1389 969 1486 1006 Add.

838 1028 1077 1065 Henrichsen.
1103 1041 1230 1065 comm.
1262 1027 1277 1064 I
1305 1027 1351 1064 de
1369 1026 1490 1063 Phoe-

838 1085 906 1122 nic.
939 1085 1048 1121 sabul.
1078 1084 1391 1132 (Havn.1825)‚
1430 1082 1493 1131 qui

837 1142 962 1178 itidem
999 1142 1159 1190 singulos
1190 1145 1350 1178 veterum
1389 1138 1488 1175 locos

837 1198 991 1235 excussit
1010 1198 1195 1247 ipsiusque
1215 1197 1360 1234 fabulae
1381 1195 1491 1232 ratio-

836 1268 921 1291 nem
941 1255 1095 1293 reddere
1116 1258 1263 1291 conatus
1286 1258 1340 1291 est
1359 1254 1422 1302 (p.
1436 1254 1491 1292 26

841 1312 995 1359 -30).
1054 1310 1222 1347 Pluribus
1265 1310 1420 1347 eandem
1450 1308 1492 1344 il-

836 1367 1001 1404 lustravit
1029 1367 1200 1404 Creuzer.
1232 1366 1269 1402 in
1299 1364 1453 1415 symbol.
1476 1364 1493 1401 I

837 1437 924 1474 pag.
947 1423 1028 1464 438
1047 1444 1104 1450 —
1121 1422 1225 1468 4453
1255 1423 1354 1459 unde
1395 1434 1490 1457 non-

838 1480 938 1517 nulla
958 1480 1015 1516 hic
1038 1480 1297 1515 adscribamus.
1356 1476 1490 1526 Neque

839 1537 935 1574 enim
956 1549 1049 1584 quae
1078 1535 1149 1572 alia
1174 1535 1260 1571 alias
1280 1535 1378 1585 apud
1401 1547 1493 1582 gen-

835 1597 893 1630 tes
920 1593 1069 1630 orientis
1088 1592 1316 1642 potissimum
1337 1591 1490 1627 tradun-

837 1653 896 1686 tur
919 1648 1066 1695 similia,
1098 1661 1280 1699 exponere
1309 1660 1404 1684 nunc
1431 1659 1495 1683 va-

837 1710 915 1752 cat,
937 1706 975 1742 in
992 1706 1199 1742 universum
1220 1704 1404 1741 monuisse
1417 1704 1494 1740 suf-

837 1763 953 1808 ficiat,
983 1762 1246 1811 Aegyptiorum
1277 1760 1492 1811 phoenicem

836 1831 939 1855 avem
969 1831 1051 1855 esse
1091 1818 1306 1862 fictitieiam3
1347 1818 1394 1854 (le
1421 1828 1495 1865 qua

838 1887 932 1923 quae
962 1874 1159 1911 memoriae
1185 1875 1388 1923 prodantur
1417 1876 1494 1909 tum

838 1931 938 1980 apud
976 1931 1230 1977 Herodotum,
1280 1933 1355 1966 tum
1394 1928 1495 1978 apud

840 1986 929 2024 alios
942 2016 952 2033 ‚
974 1999 1018 2024 ea
1038 1987 1086 2022 ad
1107 1986 1320 2023 tesserarias
1340 1997 1382 2021 ac
1397 1998 1497 2034 sym-

840 2043 975 2080 bolicas
1000 2043 1158 2079 rationes
1184 2055 1251 2092 pro
1270 2041 1494 2090 antiquitatis

841 2113 942 2137 more
961 2113 1042 2136 esse
1061 2099 1262 2136 referenda.
1313 2097 1494 2134 Astrono-

841 2157 951 2194 micas
973 2156 1066 2193 enim
1088 2157 1247 2192 rationes
1277 2154 1306 2190 si
1325 2166 1494 2203 respexe-

839 2213 911 2259 ris,
941 2213 1049 2262 prisci
1076 2212 1126 2249 illi
1146 2211 1409 2261 Aegyptiorum
1435 2223 1495 2247 sa·-

840 2270 1006 2307 cerdotes
1036 2269 1221 2318 phoenicis
1251 2267 1408 2304 adventu
1438 2267 1495 2303 in-

841 2326 961 2362 dicare
986 2325 1143 2362 voluisse
1171 2325 1336 2361 ridentur
1369 2323 1492 2371 magni

838 2382 929 2419 illius
963 2382 1047 2418 anni
1076 2381 1369 2426 conversionem,
1400 2392 1495 2427 quae

840 2438 1032 2476 multorum
1076 2450 1251 2475 annorum
1294 2435 1496 2485 vulgarium

840 2494 939 2544 cyclo
975 2507 1057 2531 cum
1096 2494 1327 2540 absolvatur,
1368 2505 1494 2530 recens

841 2550 945 2600 quasi
983 2555 1108 2587 natum
1145 2551 1304 2588 adducat
1338 2552 1495 2599 tempus.

842 2607 954 2650 Quod
985 2620 1065 2643 cum
1094 2610 1257 2656 praestet
1293 2605 1369 2652 sol,
1399 2606 1495 2642 cuius

841 2676 947 2700 cursu
973 2663 1054 2700 talis
1083 2663 1257 2713 periodus
1302 2662 1498 2699 definiatur

841 2719 1006 2767 illiusque
1039 2719 1125 2755 anni
1162 2719 1285 2767 magni
1316 2718 1380 2755 fiat
1402 2731 1497 2756 con-

841 2775 980 2821 versio,
1008 2776 1189 2826 phoenix,
1216 2787 1288 2823 quo
1307 2775 1388 2825 ipso
1408 2775 1497 2812 haec

841 2832 1029 2869 conversio
1048 2831 1228 2869 indicatur
1240 2859 1251 2879 ,
1271 2831 1354 2868 solis
1371 2831 1498 2880 utique

843 2892 900 2926 est
925 2889 1022 2935 avis3
1067 2889 1116 2926 ad
1142 2888 1256 2926 solem
1287 2888 1498 2937 solaresque

1487 490 1619 519 Phoenix
1628 491 1725 526 qualis
1737 494 1767 520 et

1511 528 1636 552 uantus:
1661 525 1767 553 rabula

1509 567 1526 587 e
1543 558 1607 587 illo.
