1909 3228
643 197 861 238 CLlO.
918 199 946 238 l.
1343 201 1426 240 443

172 323 248 359 τα,
279 304 628 363 συμβουλεύουσι
657 308 755 362 περὶ
783 310 856 364 τῆς
884 306 1072 359 νούσου,
1105 308 1144 351 εἴ
1168 323 1233 358 τις
1257 308 1328 350 καὶ
1353 306 1425 351 αὐ-

173 387 244 438 τὸς
274 390 449 431 τοιοῦτο
481 387 636 439 ἔπαθε,
666 384 817 430 ὁκοῖον
849 386 932 442 ἔχει
961 386 984 431 ὁ
1007 386 1185 443 κάμνων
1203 419 1214 439 ,
1245 385 1428 443 ἢᾶλλον

143 464 258 509 3εἷδε
285 465 501 510 παθόντα.
532 471 667 510 ταῦτα
687 464 941 520 προσιόντες
961 466 1330 522 συμβουλεύουσι,
1354 468 1427 510 καὶ

170 544 455 600 παραινέουσι
494 545 606 589 ἅσσα
647 544 778 597 αὐτὸς
814 544 999 601 ποιήσας
1045 545 1223 601 ἐξέφυγε
1269 543 1427 602 ὁμοίην

142 627 362 677 4νοῦσον,
391 625 419 682 ἢ
448 625 581 669 ἄλλον
611 623 696 669 εἶδε
725 624 983 681 ἐκφυγόντα.
1025 629 1124 681 σιγῇ
1156 625 1200 668 δὲ
1230 626 1424 679 παρεξελ·
1442 632 1482 667 15

171 709 268 747 θεῖν
300 703 376 748 τόν
402 702 625 760 κάμνοντα
656 703 711 748 οὔ
731 715 810 760 σφι
830 703 960 756 ἔξεστι
974 736 985 755 ,
1014 704 1116 757 πρὶν
1138 702 1191 746 ἄν
1211 703 1429 760 ἐπείρηται

54 784 148 832 198
172 782 327 839 ἥντινα
357 787 522 828 νοῦσον
550 784 647 841 ἔχει.

169 989 308 1031 ὁκοῖον
339 990 415 1043 ἔχει
442 988 463 1031 ὅ
492 987 680 1042 κάμνων]
710 991 766 1028 Ita

112 1049 358 1099 rescripsimus
386 1061 465 1086 cum
491 1049 693 1098 Schweigh.
729 1052 766 1086 et

115 1105 230 1141 Gaisf.
255 1118 322 1155 pro
353 1102 489 1143 ὁκοῖον
523 1101 584 1143 ἂν
612 1104 716 1155 ἔχοι
747 1102 789 1144 ὅ-

112 1157 291 1211 κοὲμνων.
322 1161 455 1198 Iisdem
470 1162 674 1198 auctoribus
699 1162 765 1199 eti-

113 1229 173 1253 am
200 1217 292 1254 infra
321 1217 359 1253 in
388 1218 450 1255 fin.
481 1218 607 1268 capitis
640 1218 765 1268 scripsi

115 1271 190 1322 ἔχει
211 1287 277 1323 pro
298 1271 376 1327 ἔχῃ,
399 1274 578 1324 probante
597 1274 765 1312 W‘erfero

114 1329 152 1365 in
181 1328 276 1366 Actt.
303 1329 438 1379 philoll.
471 1329 636 1367 Monacc.
671 1330 710 1377 l,
739 1333 766 1371 2

111 1397 198 1435 pag.
227 1386 322 1426 256.

166 1439 232 1479 καὶ
267 1438 528 1492 παραινέουσι
566 1437 669 1480 ἅσσα
695 1436 765 1479 ccv'-

111 1493 174 1543 τὸς
190 1493 362 1547 ποιήσας
387 1512 422 1536 κ.
440 1513 471 1536 τ.
494 1496 543 1548 λ.]
574 1497 632 1535 De
663 1494 765 1536 ἅσσα

114 1554 209 1590 conf.
240 1553 276 1601 1,
308 1555 400 1595 138.
457 1554 499 1591 In
520 1554 664 1603 reliquis
683 1567 766 1591 ver-

114 1609 168 1647 bis
190 1609 361 1647 transitus
394 1614 449 1648 est
475 1625 496 1649 e
519 1610 646 1661 plurali
674 1611 766 1659 (πα-

114 1665 336 1716 ραινέουσι)
362 1667 398 1703 in
426 1667 643 1716 singularem
675 1663 766 1714 (αὕ-

115 1719 179 1768 τὸς
199 1718 370 1772 ποιήσας
397 1722 614 1776 ἐξέφυγε),
644 1724 766 1761 similis

119 1780 196 1816 fere
216 1791 258 1816 ac
275 1792 383 1830 supra
401 1779 436 1827 I,
460 1781 539 1821 195
562 1780 637 1817 init.

288 1862 398 1913 Cap.
427 1862 631 1899 cxcvm.

174 1943 300 1995 ταφαὶ
319 1943 361 1984 δέ
381 1957 453 1995 σφι
471 1944 513 1984 ἐν
536 1944 682 1996 μέλιτι]
713 1946 774 1982 Iu-

118 2015 158 2040 re
177 2002 245 2038 hoc
274 2002 322 2038 ad
350 2002 635 2040 condiendorum
664 2003 773 2039 cada-

117 2070 241 2095 verum
277 2071 437 2105 morem,
478 2071 554 2095 non
579 2057 771 2108 Aegyptiis

120 2114 205 2151 solis
229 2127 351 2151 verum
383 2114 460 2151 aliis
500 2127 647 2163 quoque
671 2118 771 2151 vete-

118 2183 196 2207 rum
208 2170 350 2220 populis
362 2171 533 2207 usitatum
553 2172 664 2207 refert
674 2170 772 2206 Zo'e-

120 2239 168 2275 ga
199 2226 246 2263 de
274 2226 440 2263 obelisco.
465 2239 551 2276 pag.
573 2228 674 2272 268,
704 2226 772 2262 ad-

120 2282 242 2319 iiciens
277 2283 324 2320 de
351 2282 560 2331 Babyloniis
580 2282 771 2319 Strabonis

123 2338 365 2375 testimonium
394 2338 417 2375 l.
440 2338 482 2387 l.,
511 2338 572 2376 ubi
601 2338 692 2375 haec
721 2337 774 2376 le-

122 2394 260 2442 gimus:
282 2391 485 2434 θοῖπτουσι
504 2393 546 2434 ἐν
559 2392 682 2445 μέλιτι
702 2389 773 2444 κη’-

123 2463 179 2501 ρῳ
201 2446 520 2500 περιπλάσαντες.
563 2450 623 2488 De
651 2449 772 2499 Magis

123 2517 167 2541 ae
191 2503 312 2542 Persis
343 2519 451 2556 supra
476 2506 630 2543 vidimus
661 2507 710 2543 ad
741 2506 771 2553 Ι,

127 2558 232 2606 140,
261 2561 323 2609 qui
348 2563 429 2598 cera
453 2562 601 2599 oblitum
621 2563 774 2599 cadaver

126 2615 298 2653 condunt.
353 2617 491 2655 Similia
509 2618 689 2667 quaedam
707 2618 775 2655 ad-

128 2671 181 2707 dit
212 2671 361 2720 Zoega‚
389 2672 427 2709 in
457 2674 583 2722 quibus
613 2674 776 2710 testimo-

127 2727 226 2763 nium
275 2727 496 2766 Beniaminis
544 2728 774 2777 Tudelensis,

128 2782 189 2830 qui
209 2783 245 2819 in
265 2784 413 2832 regione
439 2784 619 2822 Haoulam
647 2798 669 2822 a
687 2785 776 2823 Per-

130 2838 208 2876 side
226 2839 274 2876 ad
294 2845 411 2878 ortum
437 2840 578 2879 saeculo
606 2841 778 2879 duodeci-

711 784 857 840 Ταφαὶ
888 783 934 827 δέ
965 794 1044 838 σφι
1072 782 1118 826 ἐν
1139 783 1288 838 μέλιτι.
1318 787 1425 840 θρῆ-
1483 783 1646 819 S⁰Pult¹¹fa
1665 783 1755 810 ‘'th'‘

1483 826 1565 843 crus:
1585 818 1632 843 vir
1648 821 1679 843 et
1695 825 1758 843 mu-

1482 851 1538 878 lier
1556 854 1628 877 ante
1650 858 1759 876 concu-

1483 884 1575 911 bitum
1628 886 1658 910 ct
1693 887 1759 918 post

1483 917 1554 953 quid
1587 917 1709 944 saciant.

833 1004 892 1028 mo
912 994 998 1041 post
1020 991 1106 1028 Chr.
1123 1004 1158 1028 n.
1181 990 1301 1028 scribit
1323 995 1483 1027 mortuos

833 1061 906 1085 non
946 1047 1089 1098 sepeliri
1133 1049 1198 1085 sed
1246 1047 1484 1083 acromatibus

833 1104 971 1141 condiri
1019 1104 1303 1152 sindonibusque
1348 1103 1484 1152 obtegi.

833 1160 883 1197 Et
913 1161 1014 1209 quod
1041 1160 1235 1197 Alexandri
1267 1158 1483 1196 Macedonis

832 1230 962 1266 corpus
987 1217 1032 1253 ab
1061 1216 1251 1266 Aegyptiis
1271 1215 1484 1253 Chaldaeis-

833 1286 905 1321 que
936 1286 998 1309 suo
1033 1285 1123 1308 more
1162 1277 1322 1309 curatum
1363 1276 1486 1309 narrat

833 1329 979 1365 Curtius
1007 1329 1076 1376 (X,
1098 1330 1190 1376 10),
1220 1329 1258 1364 id
1289 1327 1349 1364 alii
1378 1328 1485 1366 melle

834 1388 1013 1421 servatum
1035 1385 1284 1434 prodiderunt.
1326 1384 1485 1421 Causam

832 1441 942 1478 moris
975 1441 1011 1476 in
1043 1453 1086 1477 eo
1118 1440 1274 1490 positam
1293 1441 1486 1486 credimus,

832 1497 934 1546 quod
970 1509 1087 1545 aeque
1117 1508 1159 1533 ac
1191 1496 1327 1533 Persae
1364 1496 1486 1545 ignem

834 1553 1048 1590 cadaverum
1078 1552 1222 1589 ustione
1251 1552 1488 1588 contaminari

833 1608 1038 1646 noluerunt.
1098 1609 1223 1652 Quare
1241 1608 1376 1646 loculos
1395 1609 1488 1645 ossi-

834 1666 902 1703 bus
920 1665 1104 1716 repletos,
1135 1679 1178 1703 eo
1200 1665 1280 1702 loco
1308 1665 1489 1713 inventos,

836 1723 899 1759 ubi
917 1723 1019 1770 regia
1027 1722 1308 1770 Babyloniorum
1321 1734 1384 1758 arx
1400 1722 1490 1759 fuis-

841 1792 881 1815 se
897 1783 1082 1824 censetur,
1114 1779 1161 1815 ad
1183 1778 1407 1826 Babylonios
1427 1792 1491 1815 ve·

839 1838 936 1871 teres
957 1836 1068 1871 refert
1083 1834 1272 1871 Miinterus
1294 1833 1316 1870 l.
1330 1834 1351 1871 l.
1372 1848 1408 1884 p.
1421 1837 1489 1874 77.

839 1889 884 1927 Id
903 1903 1011 1926 unum
1041 1890 1304 1926 dubitationem
1331 1902 1490 1937 movere,

841 1946 922 1994 quis
943 1946 1142 1992 existimet,
1162 1946 1260 1993 quod
1277 1945 1312 1980 in
1328 1947 1493 1995 superio-

840 2001 938 2037 ribus
975 2001 1117 2038 aedium
1160 2001 1490 2050 contignationibus

840 2056 945 2093 loculi
963 2057 1097 2094 fuerint
1114 2057 1259 2106 reperti.
1318 2058 1395 2094 Sed
1421 2071 1491 2108 po-

839 2116 933 2150 terat
971 2113 1095 2161 utique
1134 2113 1243 2149 moris
1279 2112 1493 2162 Babylonici

839 2182 946 2215 esse,
975 2172 1140 2217 utquam
1165 2169 1369 2207 diutissime
1391 2183 1491 2207 mor-

838 2229 983 2262 tuorum
1012 2225 1188 2261 cadavera
1214 2238 1335 2262 secum
1360 2225 1397 2262 in
1428 2238 1492 2263 ae-

839 2282 945 2318 dibus
984 2280 1140 2318 retinere
1176 2281 1401 2329 studuerint,
1436 2282 1493 2319 in-

841 2338 962 2386 deque
980 2336 1089 2374 etiam
1110 2337 1191 2374 cera
1209 2341 1271 2374 aut
1282 2338 1398 2385 melle,
1419 2351 1492 2387 quo

841 2393 903 2430 illa
934 2396 1189 2430 conservarent
1220 2393 1376 2442 diutius,
1405 2407 1493 2431 con-

843 2449 1012 2487 diderint.
1071 2448 1150 2486 Alia
1166 2461 1253 2486 vasa
1273 2449 1402 2488 iisdem
1420 2451 1493 2488 fer-

839 2519 900 2544 me
919 2505 956 2542 in
979 2505 1189 2553 regionibus
1210 2506 1355 2543 detecta
1373 2511 1410 2544 et
1426 2506 1493 2543 hu-

840 2563 956 2600 manis
993 2561 1135 2598 ossibus
1170 2561 1267 2598 haud
1298 2563 1493 2599 combustis

841 2618 981 2668 repleta
998 2618 1046 2654 ad
1056 2617 1185 2655 Persas
1206 2618 1341 2656 referre
1360 2619 1495 2656 mavult

841 2673 1031 2712 Miinterus
1061 2672 1085 2710 l.
1112 2673 1135 2711 l.
1203 2673 1311 2711 Conf.
1347 2674 1384 2722 I,
1415 2673 1495 2715 140

843 2730 930 2779 ibiq.
950 2733 1025 2767 not.
1056 2729 1239 2778 Equidem
1266 2743 1375 2767 unum
1396 2730 1494 2767 istud

843 2786 968 2834 addo,
1008 2789 1148 2824 veteres
1177 2785 1282 2824 melle
1309 2787 1499 2834 cadavera,

845 2854 941 2892 quae
970 2842 1105 2880 servari
1139 2840 1338 2892 voluerint,
1373 2841 1499 2880 condi-
