1877 3223
459 227 516 268 54
863 224 1328 263 HERODOTI

435 331 484 378 26
516 334 785 388 Περίανδρος
817 334 1054 387 Κορίνθου.
1100 336 1160 393 τῷ
1196 334 1249 389 δὴ
1287 334 1457 389 λέγουσι
1500 335 1735 387 Κορίνθιοι

461 411 769 469 (ὁμολογέουσι
799 412 845 456 δέ
873 423 951 467 σφι
973 412 1170 468 Λέσβιοι)
1201 412 1247 455 ἐν
1276 416 1335 469 τῷ
1367 413 1446 468 βίῳ
1476 416 1635 467 θῶυμα
1667 411 1734 466 μέ·

458 504 611 548 γιστον
644 495 937 549 παραστῆναι·
984 489 1159 545 Ἀρίονα
1208 491 1284 534 τὸν
1319 494 1617 547 Μηθυμναῖον
1664 489 1778 534 ἐπὶ25

412 687 576 736 sequitur
595 685 672 722 sere
691 682 863 721 Lorentz.
882 683 903 720 l.
921 682 990 734 1.p.
1006 685 1059 726 16

411 755 516 791 seqq.
572 741 604 779 E
651 739 869 777 coloniarum
918 741 1059 777 ratione

410 797 602 847 ingeniose
617 795 774 833 fabulam
791 794 943 845 explicat
954 797 998 835 C.
1012 797 1059 833 Ο.

411 854 557 893 Milller.
598 853 636 888 in
662 851 814 890 Doribb.
847 850 879 887 II
908 864 945 902 p.
978 853 1060 892 369

410 910 634 948 assentiente
663 907 789 945 Plehn.
817 907 854 942 in
872 905 1059 945 Lesbiacc.

411 966 492 1005 libr.
511 978 597 1016 pag.
620 966 711 1005 166.
771 963 892 1007 Quum
917 964 1010 1000 enim
1040 975 1063 999 a

413 1022 585 1061 Taenaro
601 1020 683 1057 olim
693 1019 1062 1057 Lacedaemoniorum

412 1078 554 1117 colonia
582 1077 783 1115 Phalantho
806 1076 898 1113 duce
919 1074 1062 1113 Taren-

410 1139 486 1172 tum
505 1135 670 1185 prosecta
689 1136 788 1170 esset
814 1143 886 1168 una
907 1144 986 1168 cum
1003 1144 1062 1168 sa-

410 1191 481 1227 cris
504 1203 546 1226 ac
575 1190 751 1238 religione
777 1187 965 1237 Neptuni,
993 1187 1063 1224 hoe

410 1247 450 1283 in
481 1245 613 1282 fabulis
652 1246 703 1282 ita
749 1247 1061 1293 repraesentatum

411 1315 498 1339 esse
517 1301 614 1348 vult,
642 1305 682 1338 ut
694 1299 1062 1351 Tarantem‚Neptu-

411 1358 449 1396 ni
461 1357 572 1394 filium
583 1357 618 1394 T
620 1357 808 1405 arentique
826 1356 1064 1402 conditorem,

410 1413 583 1463 delphino
644 1412 846 1451 Tarentum
892 1411 1063 1449 Taenaro

410 1474 553 1507 vectum
600 1468 833 1513 exhiberent·,
888 1467 926 1504 id
965 1467 1064 1516 quod

412 1526 498 1564 dein
513 1524 725 1563 translatum
735 1524 782 1561 ad
793 1522 962 1561 Arionem
974 1536 1065 1573 poe-

413 1587 513 1628 tam,
561 1581 691 1619 eodem
740 1580 850 1617 modo
900 1579 1064 1617 Tarento

416 1638 628 1675 Taenarum
647 1640 839 1674 revectum.
867 1636 972 1673 Haec
993 1635 1064 1682 ille,

414 1706 510 1743 quae
527 1697 646 1730 utrum
669 1693 801 1730 veteris
822 1692 964 1729 fabulae
979 1692 1066 1728 sim-

413 1749 563 1801 plicitati
602 1752 712 1798 atque
750 1748 898 1786 candori
937 1761 1068 1785 conve-

415 1806 540 1852 niant,
571 1817 640 1853 ego
662 1817 737 1842 non
763 1810 952 1854 exputem,
980 1804 1070 1840 illud

415 1861 527 1902 modo
565 1861 721 1908 addam,
768 1861 886 1898 numis
924 1873 1070 1909 quoque

417 1920 554 1956 samam
574 1916 648 1953 late
669 1929 834 1966 sparsam
855 1915 1070 1953 celebratam

415 1973 542 2012 fuisse.
599 1972 661 2008 Sic
678 1973 714 2008 in
735 1971 1072 2020 Methymnaeorum

418 2028 537 2067 numis
577 2025 690 2065 Arion
740 2027 911 2079 delphino
947 2032 1071 2065 vectus

419 2082 661 2133 conspicitur3
701 2084 748 2121 (le
768 2096 841 2133 quo
864 2083 929 2121 Cr.
949 2083 1074 2120 laudat

419 2138 571 2179 Eckhel.
584 2138 631 2176 D.
642 2138 690 2176 N.
700 2139 744 2176 V.
756 2140 782 2177 Ι.
795 2140 875 2177 Vol.
888 2140 920 2178 ΙΙ
930 2154 965 2190 p.
977 2140 1071 2181 502.

417 2196 517 2234 Nam
548 2195 595 2232 de
619 2195 792 2245 delphino
822 2200 982 2243 taceam,
1011 2196 1072 2245 qui

420 2256 478 2289 tot
514 2251 551 2287 in
593 2252 712 2288 numis
759 2256 1071 2302 repraesentatum

421 2310 596 2346 monente
619 2307 748 2345 eodem
771 2308 955 2346 Creuzero
972 2308 1072 2346 Diss.

424 2363 523 2403 laud.
542 2374 627 2412 pag.
648 2365 702 2405 28
722 2368 797 2400 not.
816 2363 897 2400 coll.
910 2377 994 2414 pag.
1009 2367 1071 2404 11.

481 2416 716 2469 ἐτυράννευε
728 2416 770 2457 δὲ
789 2418 812 2458 0‘
826 2420 1073 2471 Περίανδρος

426 2473 662 2526 Κορίνθου]
701 2474 898 2513 Periander
925 2476 992 2513 suit
1015 2480 1073 2524 ty-

426 2543 565 2569 rannus
585 2533 732 2580 antiquo
762 2531 924 2569 vocabuli
949 2544 1073 2578 sensu,

428 2599 579 2636 regnum
605 2587 718 2625 tenuit
742 2589 845 2638 quasi
870 2588 1074 2626 haeredita-

429 2644 524 2680 rium
544 2643 734 2695 aCypselo
751 2649 855 2695 patre
875 2648 1072 2695 acceptum.

426 2698 518 2737 Inde
550 2712 625 2738 non
647 2700 774 2739 mirum
798 2701 897 2752 apud
922 2700 1073 2738 Latinos

430 2755 610 2804 quosdam
655 2762 820 2796 auctores
857 2769 970 2805 regem
1006 2756 1074 2794 dici

431 2811 597 2850 eundem.
655 2812 737 2851 Vid.
756 2815 841 2852 Car.
861 2814 947 2852 Ern.
961 2813 1076 2862 Wag-

432 2879 506 2907 ner.
530 2868 565 2907 in
595 2870 788 2923 scriptione
817 2871 912 2912 laud.
934 2871 982 2912 dc
1007 2871 1078 2910 Pe-

1125 685 1271 722 riandro
1301 697 1388 736 pag.
1417 686 1469 726 10
1499 696 1578 733 seq.
1634 682 1694 721 De
1723 687 1780 735 ty-

1125 744 1230 779 ranm'
1256 741 1431 779 vocabulo
1463 753 1575 792 supra
1603 740 1651 776 ad
1683 740 1723 787 Ι,
1755 741 1782 781 6

1126 811 1343 836 monuimus.

1186 852 1441 906 ὁμολογέουσι
1453 851 1494 892 δέ
1505 864 1578 902 σφι
1589 848 1780 902 Λέσβιοι]

1127 910 1340 959 Methymna
1373 912 1465 948 enim
1479 939 1489 957 ,
1535 909 1632 945 unde
1674 912 1781 944 natus

1127 966 1261 1013 Arion,
1289 965 1402 1003 Lesbi
1424 965 1561 1002 insulae
1593 964 1661 1001 suit
1683 963 1781 999 urbs.

1129 1022 1225 1059 Hinc
1254 1022 1335 1071 ipsa
1364 1021 1480 1058 insula
1510 1034 1604 1058 nunc
1635 1023 1784 1056 vocatur

1133 1076 1299 1115 Mitilo'ni.
1334 1099 1390 1105 --
1430 1078 1626 1113 Caeterum
1660 1075 1785 1112 laudat

1129 1133 1311 1171 Herodoti
1356 1133 1475 1170 locum
1527 1131 1784 1180 Hermogenes

1128 1188 1220 1242 περὶ
1242 1185 1381 1240 μεθόδ.
1407 1182 1677 1238 ὅεινότητοςρ.
1694 1186 1783 1228 157.

1184 1248 1398 1296 -θῶυμα
1421 1243 1603 1297 μέγιστον
1633 1257 1786 1294 παρα-

1131 1304 1220 1353 στῆ
1232 1317 1256 1341 ν
1269 1317 1292 1340 α
1307 1301 1344 1352 ι]
1375 1301 1611 1338 Locutionem
1632 1300 1786 1337 eandem

1131 1359 1322 1407 aliquoties
1364 1357 1526 1394 adhibuit
1563 1355 1787 1400 Pausaniam

1131 1416 1179 1452 de
1203 1427 1277 1463 quo
1296 1414 1435 1450 monuit
1455 1411 1609 1450 Siebelis
1629 1412 1678 1449 ad
1688 1412 1716 1460 Ι,
1729 1413 1785 1453 23

1132 1469 1158 1522 ς
1184 1522 1346 1577 Ἀρίονα
1388 1521 1459 1565 τὸν
1501 1525 1786 1575 Μηθυμναῖον

1132 1581 1198 1623 ἐπὶ
1229 1583 1415 1632 δελφῖνος
1444 1579 1715 1631 ἐξενειχθέντα
1748 1594 1788 1619 κ.

1132 1654 1164 1678 τ.
1182 1637 1230 1689 λ.]
1262 1639 1438 1676 Punctum
1450 1638 1584 1684 maius,
1604 1649 1676 1686 quo
1698 1637 1788 1673 haec

1133 1709 1156 1735 a
1180 1695 1429 1746 superioribus
1451 1694 1621 1730 distincta
1633 1694 1789 1739 fuerunt,

1135 1753 1212 1789 iure
1245 1751 1464 1796 tollendum,
1504 1753 1566 1787 aut
1599 1749 1635 1785 in
1669 1748 1788 1787 minus

1135 1812 1307 1859 punctum
1356 1806 1567 1844 mutandum
1582 1834 1592 1851 ‚
1651 1805 1789 1854 quippe

1136 1877 1218 1901 cum
1239 1864 1328 1901 haec
1350 1863 1458 1900 verba
1488 1874 1554 1912 per
1586 1861 1788 1910 appositio·-

1137 1932 1221 1959 nem
1231 1920 1414 1969 quandam
1435 1918 1553 1955 verbis
1565 1919 1713 1967 θῶυμα
1724 1913 1788 1967 μέ-

1137 1988 1272 2028 γιστον
1294 1976 1434 2012 adiecta
1453 1972 1789 2012 v·ideant11r.—Ad

1138 2033 1258 2083 ipsum
1267 2035 1518 2080 argumentum
1528 2029 1611 2066 nolo
1622 2033 1788 2080 repetere

1139 2101 1234 2137 quae
1256 2087 1364 2138 paulo
1385 2091 1470 2124 ante
1495 2086 1669 2129 disserui3
1697 2097 1789 2135 pau-

1139 2145 1191 2181 cis
1218 2143 1371 2180 sufficiat
1410 2141 1596 2180 monuisse
1633 2141 1679 2178 de
1710 2140 1789 2178 del-

1138 2199 1270 2250 pinno,
1312 2197 1373 2246 qui
1401 2202 1457 2234 est
1485 2197 1678 2245 Delphinus
1700 2196 1788 2235 Del-

1133 2255 1214 2305 pln's
1233 2254 1341 2292 Linn.
1363 2266 1392 2289 s,
1412 2252 1471 2289 cler
1501 2252 1536 2290 T
1538 2253 1677 2289 zimmler
1685 2267 1697 2297 ;
1727 2266 1789 2290 cu-

1138 2311 1193 2349 ius
1215 2322 1308 2359 quae
1329 2313 1451 2359 partes
1484 2310 1556 2346 siut
1590 2310 1626 2345 in
1645 2310 1713 2346 hac
1731 2310 1787 2346 sa-

1138 2366 1243 2413 bula,
1286 2366 1473 2413 indagaxit
1515 2366 1720 2403 Creuzerus
1748 2365 1785 2401 in

1138 2422 1237 2463 Diss.
1256 2422 1389 2459 laudat.
1400 2421 1560 2460 sectione
1570 2422 1690 2472 priore
1701 2421 1786 2458 inde

1139 2491 1264 2528 apag.
1301 2480 1352 2519 10
1381 2491 1459 2526 seq.
1498 2482 1534 2515 et
1561 2478 1716 2528 posthac
1747 2477 1785 2514 in

1139 2534 1333 2582 Symbolic.
1367 2533 1401 2570 ΙΙ
1425 2547 1461 2584 p.
1474 2535 1554 2574 600
1573 2546 1676 2582 seqq.
1698 2533 1784 2570 edit.

1140 2603 1226 2637 sec„
1248 2591 1308 2628 ubi
1326 2591 1362 2629 in
1382 2591 1586 2629 universum
1606 2590 1653 2628 de
1680 2589 1784 2626 huius

1140 2647 1303 2683 animalis
1339 2651 1468 2684 natura
1502 2659 1545 2684 ac
1588 2646 1786 2683 rationibus

1140 2703 1342 2740 tesserariis
1389 2703 1597 2753 disputavit.
1687 2702 1783 2740 Add.

1141 2758 1313 2798 Lorentz.
1330 2758 1353 2796 l.
1365 2758 1387 2795 l.
1407 2773 1491 2810 pag.
1504 2761 1557 2799 20
1570 2769 1647 2807 seq.
1679 2757 1784 2796 Multi

1143 2816 1237 2853 enim
1266 2820 1349 2852 sunt
1374 2820 1515 2854 veteres
1542 2817 1577 2852 in
1605 2814 1785 2851 laudanda

1143 2872 1247 2912 huius
1264 2873 1391 2912 beluae
1409 2873 1499 2912 mira
1517 2871 1708 2919 celeritate,
1729 2872 1783 2908 in-
