1909 3228
642 259 861 298 CLIO.
920 260 946 297 1.
1338 261 1423 300 367

50 376 147 424 166
169 371 283 414 Ἐπεί
316 385 360 414 τε
391 370 436 414 δὲ
465 370 507 421 ἐς
536 369 615 428 τήν
644 367 825 425 Κύρνον
854 368 1090 418 ἀπίκοντο,
1121 369 1266 412 οἴκεον
1294 373 1424 426 κοινῆ
1478 379 1534 413 Qui
1567 377 1722 407 Gornicam

1477 421 1548 452 perv
1551 417 1688 447 enei-unt,

170 451 275 507 μετὰ
303 454 388 493 τῶν
418 449 628 505 πρότερον
658 448 933 504 ἀπικομένων
958 447 1026 492 ἐπ’
1058 448 1151 492 ἔτεα
1171 447 1319 499 πέντε,
1350 449 1423 491 καὶ
1479 434 1755 506 gulfq²¹⁸¹¹¹¹¹⁰¹³⁰⁹⁸

1573 479 1687 506 rrhenis
1723 484 1754 507 et

1478 512 1591 540 Carta
1614 513 1737 540 iniensi-

140 529 245 585 Ξίρὰ
274 528 572 584 ἐνιδρύσαντο.
602 531 672 573 καὶ
705 529 815 585 ἄγον
843 530 926 585 γὰρ
957 527 1009 585 δὴ
1039 529 1111 571 καὶ
1134 527 1294 582 ἔφερον
1315 527 1420 578 τοὺς
1477 547 1530 573 ima
1550 546 1753 584 hamanitas,

167 611 416 663 περιοίκους
446 609 662 660 ἅπαντας,
711 608 1018 663 στρατεύονται
1058 602 1120 650 ὧν
1160 603 1225 650 ἐπ’
1258 605 1420 658 αὐτοῦς

1475 579 1624 615 Rhegium
1632 568 1753 610 abeunt'

167 693 304 747 κοινῷ
334 688 449 744 λόγῳ
478 687 738 744 χρησάμενοι
772 687 994 744 Τυρσηνοὶ
1021 687 1093 729 καὶ
1113 685 1420 742 Καρχηδόνιοι,

141 774 162 808 3
173 768 302 823 νηυσὶ
332 767 527 821 ἑκάτεροι
557 766 774 822 ἑξήκοντα.

836 768 879 810 οἵ
917 766 962 809 δὲ
1005 763 1220 815 Φωκαιέες
1256 764 1477 821 §tanoni-35

167 859 316 896 σαντες
344 846 414 889 καὶ
445 843 571 888 αὐτοὶ
602 845 653 888 τά
683 850 840 899 πλοῖα,
871 845 999 889 ἐόντα
1029 843 1222 900 ἀριθμὸν
1251 843 1422 899 ἑξήκον-

165 942 238 975 τα,
266 923 470 977 ἀντίαζον
500 924 543 975 ἐς
572 924 622 968 τὸ
652 924 905 979 Σαρδόνιον
934 922 1198 979 καλεόμενον
1225 923 1421 979 πέλαγος.

138 1001 502 1059 4συμμισγόντων
533 1002 578 1047 δὲ
618 1008 671 1060 τῇ
701 1005 938 1061 ναυμαχίῃ,
992 1003 1187 1059 Καδμείη
1223 1018 1286 1053 τις
1323 1003 1423 1058 νίκη

166 1087 280 1126 τοῖσι
315 1085 564 1126 Φωκαιεῦσι
593 1082 771 1139 ἐγένετο.

285 1306 317 1343 C
330 1319 396 1357 ap.
426 1305 593 1344 CLXVI.

165 1403 260 1440 μετα
293 1392 373 1428 τῶν
405 1385 596 1442 πρότερον
621 1386 759 1429 danno-

108 1443 237 1497 μένων
261 1441 319 1484 ἐπ’
335 1445 421 1484 ἔτεα
440 1445 553 1484 πέντε
565 1445 616 1496 ]’
600 1442 658 1485 επ’
673 1446 760 1485 ἔτεα

107 1500 223 1541 πέντε
251 1502 308 1538 hic
329 1506 404 1539 est:
424 1515 486 1552 per
514 1504 664 1552 quinque
693 1516 758 1539 αη-

105 1571 177 1595 nos.
210 1558 268 1595 Cf.
284 1558 416 1596 Matth.
427 1559 492 1595 Gr.
507 1559 571 1595 Gr.
584 1573 621 1609 p.
635 1561 756 1600 1169.

106 1636 162 1643 -
183 1614 225 1650 In
257 1627 358 1663 seqq.
388 1615 435 1652 dc
463 1615 616 1652 formula
646 1612 758 1666 ἄγειν

106 1668 175 1710 καὶ
195 1668 330 1722 φέρειν
354 1671 541 1720 (diripere,
559 1671 758 1719 abducere),

106 1728 191 1764 vide
215 1740 306 1775 quos
335 1727 477 1764 laudavi
503 1728 552 1765 ad
580 1728 758 1764 Plutarch.

106 1783 260 1821 Flamin.
280 1784 370 1824 116.
390 1784 482 1824 253.

164 1841 287 1891 κοινῷ
320 1835 446 1890 λόγῳ]
485 1839 507 1874 i.
529 1851 559 1875 e.
589 1840 761 1875 commum·

108 1894 271 1939 consz'lz'o;
303 1907 396 1943 quae
413 1894 541 1931 eadem
558 1894 640 1930 hinc
664 1894 760 1930 Pau-

108 1952 232 1989 saniae
244 1953 413 1998 frequens
437 1953 492 1986 est
513 1949 656 1986 locutio.
672 1949 759 1986 Plu-

107 2021 148 2044 ra
187 2006 332 2056 collegit
365 2005 529 2043 Siebelis.
557 2006 605 2042 ad
638 2005 675 2053 Ι,
704 2008 757 2047 29

106 2062 144 2115 ὃ
156 2133 279 2173 κοινῳ
264 2112 394 2170 λόγῳ
409 2113 648 2181 χρησάμενοι
663 2119 759 2167 Τυρ-

108 2174 224 2226 σηνοὶ
245 2189 310 2213 και
330 2169 599 2224 Καρχηδόνιοι
615 2188 649 2211 κ.
664 2188 695 2210 τ.
708 2171 756 2222 λ.]

108 2232 296 2281 Tyrsenos
317 2231 391 2267 sive
411 2230 552 2267 Tuscos
572 2234 657 2266 tunc
667 2234 759 2266 tem-

108 2289 206 2339 poris
224 2286 384 2337 inprimis
409 2285 521 2323 classe
540 2285 692 2322 valuisse
722 2288 758 2322 et

108 2345 146 2382 in
164 2345 233 2381 isto
249 2343 339 2381 mari
360 2343 563 2379 dominatos
587 2355 667 2379 esse
687 2342 757 2378 iam

110 2413 220 2450 supra
243 2399 365 2436 monui
385 2400 432 2435 ad
456 2399 492 2445 I,
516 2400 606 2438 163.
646 2398 758 2436 Unde

109 2468 186 2493 non
218 2456 345 2492 mirum
374 2468 436 2492 eos
467 2455 673 2492 coniunctos
704 2454 760 2492 hic

109 2511 260 2561 reperiri
286 2524 364 2548 cum
383 2510 759 2558 Carthaginiensibus,

110 2580 178 2617 per
211 2567 359 2603 inferius
390 2566 486 2603 idern
515 2579 615 2603 mare
644 2567 759 2603 domi-

110 2626 240 2659 nantes
257 2634 323 2658 nec
333 2621 403 2658 ullo
422 2623 531 2658 modo
547 2622 757 2671 alienigenis

109 2678 278 2728 gentibus
290 2678 398 2714 maris
408 2678 561 2714 fructum
581 2678 759 2715 colonias-

109 2747 183 2784 que
210 2733 389 2770 condendi
415 2734 638 2771 occasionem
674 2746 758 2784 per-

109 2790 305 2827 mittentes.
332 2789 458 2838 Itaque
477 2794 606 2839 postea
622 2793 757 2827 utram-

108 2858 181 2894 que
212 2845 394 2882 nationem
419 2846 568 2882 foedere
601 2847 756 2883 iunctam

109 2901 309 2940 invenimus
344 2901 443 2953 apud
474 2901 619 2939 Pindar.
648 2902 754 2950 Pyth.

820 1085 865 1127 αἱ
892 1083 970 1140 μὲν
998 1082 1082 1139 γὰρ
1111 1079 1425 1138 τεσσεράκοντά

829 1278 868 1325 I,
893 1281 971 1321 139
993 1292 1070 1328 seq.
1128 1277 1208 1317 Nec
1237 1292 1323 1317 vero
1352 1292 1478 1318 omnes

829 1335 865 1372 T
869 1349 972 1373 uscos
1009 1336 1067 1372 hic
1106 1335 1255 1385 intelligi
1288 1335 1363 1372 vult
1387 1336 1479 1374 Nie-

827 1391 974 1428 buhrius
1003 1391 1120 1439 (cuius
1149 1391 1266 1428 locum
1287 1392 1480 1441 adscripsit

828 1447 892 1484 Cr.
913 1448 1020 1484 Rom.
1042 1446 1173 1483 Gesch.
1202 1447 1219 1483 I
1242 1460 1279 1496 p.
1304 1449 1380 1487 130
1400 1460 1478 1496 seq.

826 1504 882 1540 ed.
900 1504 1023 1549 seo),
1064 1515 1186 1540 verurn
1228 1516 1289 1540 eos
1324 1506 1479 1550 tantum,

826 1560 887 1608 qui
907 1558 1074 1608 Agyllam
1105 1558 1321 1605 habitarint,
1353 1559 1481 1597 Caeri-

827 1619 905 1662 tes,
938 1628 1031 1664 quos
1053 1615 1160 1652 etiam
1180 1615 1275 1652 solos
1299 1615 1413 1653 scelus
1441 1615 1478 1652 in

825 1672 976 1722 captivis
1005 1672 1231 1708 commissum
1252 1671 1359 1710 luisse
1384 1672 1480 1708 infra

827 1727 979 1776 legimus
998 1727 1041 1774 I,
1066 1729 1157 1768 167.
1205 1727 1272 1764 Vix
1292 1728 1387 1765 enim
1412 1740 1480 1778 par

827 1788 923 1829 erat,
955 1797 1017 1820 eos
1038 1796 1194 1832 poenam
1218 1784 1359 1821 sceleris
1377 1784 1479 1829 dare,

827 1840 874 1875 ad
887 1852 977 1886 quos
999 1839 1094 1875 istud
1106 1839 1222 1888 ipsum
1239 1840 1383 1876 minime
1394 1851 1479 1889 per-

827 1895 993 1940 tinuerit,
1023 1895 1084 1942 qui
1099 1894 1231 1931 nullam
1251 1895 1378 1944 culpae
1389 1907 1478 1944 par-

826 1953 899 1986 tem
916 1950 952 1985 in
974 1963 1013 1987 se
1040 1951 1260 1987 admiserint.
1317 1950 1376 1987 De
1398 1952 1478 1988 foe-

827 2006 973 2042 deribus
995 2006 1088 2041 inter
1105 2005 1246 2042 Tuscos
1267 2009 1302 2042 et
1320 2006 1478 2043 Cartha-

826 2061 1007 2110 ginienses
1039 2061 1101 2097 Cr.
1131 2061 1267 2097 consuli
1294 2061 1372 2099 vult
1394 2075 1481 2100 eun·

827 2118 909 2153 dem
928 2116 1102 2153 Niebuhr.
1134 2116 1151 2153 I
1179 2130 1215 2166 p.
1242 2119 1333 2158 132.
1378 2118 1477 2156 Nam

825 2173 881 2210 vel
906 2171 1107 2210 Aristotelis
1132 2177 1252 2211 aetate
1280 2173 1340 2210 illa
1369 2175 1478 2211 exsti-

827 2230 915 2266 tisse
941 2229 1116 2266 dicuntur.

882 2285 1062 2335 Καδμείη
1081 2299 1139 2330 τις
1158 2283 1249 2335 νίκη
1269 2288 1369 2324 τοῖσι
1388 2287 1477 2324 Φω-

824 2344 999 2387 καιεῦσι]
1033 2341 1182 2378 Cadnoea
1208 2342 1357 2378 victoria
1387 2342 1477 2379 dici-

825 2403 884 2435 tur
931 2398 999 2445 (ut
1029 2397 1360 2445 Schweighaeuseri
1394 2402 1476 2435 utar

825 2454 975 2501 verbis),
997 2483 1020 2501 „
1032 2466 1141 2502 quum
1160 2453 1240 2503 plus
1258 2454 1475 2491 incommodi

826 2511 964 2561 accepit
991 2512 1124 2556 victor,
1164 2522 1271 2558 quam
1301 2509 1474 2556 intulit;“

826 2567 876 2604 ita
888 2571 928 2603 ut
947 2567 1067 2604 hostes
1091 2566 1227 2603 cladem
1248 2566 1395 2614 quidem
1415 2579 1475 2603 ac-

826 2624 988 2673 ceperint
1007 2623 1178 2673 priusque
1196 2635 1239 2659 ex
1263 2623 1340 2660 acie
1359 2635 1399 2660 se
1414 2635 1472 2660 re-

825 2680 1007 2728 ceperint,
1057 2679 1124 2728 ipsi
1160 2682 1280 2716 tamen
1322 2678 1474 2716 victores

822 2734 1072 2772 Phocaeenses
1092 2738 1164 2771 tam
1183 2735 1306 2771 afflicti
1318 2747 1338 2772 e
1346 2747 1472 2785 pugna

823 2791 1073 2837 discesserint,
1114 2794 1152 2827 ut
1191 2790 1303 2827 victos
1350 2791 1472 2841 potius

822 2860 931 2896 quam
944 2847 1094 2884 victores
1107 2847 1372 2884 existimaveris.
1387 2846 1472 2883 Vid.

822 2902 1042 2953 Wesseling.
1068 2903 1116 2940 ad
1136 2901 1288 2940 Diodor.
1315 2903 1387 2940 Sic.
1405 2902 1473 2951 XI,
