1877 3223
394 247 474 287 152

803 239 1263 280 HERODOTI

366 353 628 411 Ξθυγατέρα.
670 351 740 396 οἷα
771 351 815 396 δὲ
845 351 1013 394 παίδων
1041 350 1085 393 τέ
1115 350 1157 392 οἱ
1184 347 1467 402 ὑπαρχόντων
1496 363 1641 403 νεηνι-

393 433 497 488 έων,
529 435 600 477 καὶ
628 431 870 487 λεγομένων
901 428 1088 484 ἐναγέων
1119 427 1229 470 εἶναι
1258 429 1345 468 τῶν
1370 424 1641 481 Ἀλκμαιωνι-

395 513 523 563 δέων,
555 511 608 554 οὐ
637 509 902 567 βουλόμενός
941 511 984 552 οἱ
1012 508 1217 564 γενέσθαι
1247 505 1292 548 ἐκ
1322 507 1396 560 τῆς
1424 503 1642 560 νεογάμου

365 591 602 648 3γυναικός
639 591 792 643 τέκνα,
840 586 1031 644 ἐμίσγετό
1077 589 1119 630 οἷ
1149 583 1202 629 οὐ
1244 583 1353 628 κατα
1384 582 1535 640 νόμον.
1591 585 1644 628 τὰ

394 671 472 726 μέν
503 686 587 713 νυν
615 672 766 723 πρῶτα
805 669 986 722 ἔκρυπτε
1029 670 1163 709 ταῦτα
1202 663 1228 720 ἡ
1258 661 1390 719 γυνή·
1449 663 1552 718 μετὰ
1585 663 1702 717 δὲ,50

396 750 476 792 εἴτε
506 747 757 803 ἱστορεύσῃ,
786 749 866 790 εἴτε
897 746 971 789 καὶ
999 743 1073 796 οὔ,
1115 743 1269 800 φράζει
1298 746 1349 799 τῇ
1381 742 1542 799 ἑωυτῆς
1571 759 1647 799 μη-

369 828 491 881 4τρί·
535 826 562 882 ἡ
592 826 658 878 δὲ,
691 828 752 881 τῷ
779 825 915 879 ἀνδρί.
975 824 1054 867 τόν
1083 824 1128 868 δὲ
1158 821 1303 867 δεινόν
1338 838 1379 864 τι
1406 821 1520 876 ἔσχε,
1562 820 1650 864 ἅτι-

397 905 606 961 μάζεσθαι
643 905 753 959 πρὸς
800 902 1126 958 Πεισιστράτου.

1187 900 1297 956 ὀργῇ
1332 900 1399 952 δὲ,
1447 898 1506 951 ὠς
1545 898 1648 956 εἶχε,

371 985 712 1028 ὅκαταλλάσσετο
741 982 821 1038 τήν
852 982 1011 1038 ἔχθρην
1040 986 1151 1025 τοῖσι
1181 978 1450 1035 στασιώτῃσι.
1493 979 1650 1034 μαθών

399 1065 444 1107 ὸὲ
473 1064 496 1107 ὁ
530 1065 838 1118 Πεισίστρατος
877 1060 930 1104 τα
960 1059 1197 1116 ποιεύμενα
1226 1056 1287 1102 ἐπ’
1319 1058 1486 1116 ἑωυτῷ,
1517 1058 1705 1102 (ἔπαλ-55

398 1141 576 1186 λάσσετο
606 1142 651 1187 ἐκ
680 1147 753 1198 τῆς
780 1140 920 1197 χώρης
957 1139 1005 1183 τὸ
1044 1138 1265 1194 παράπαν.
1315 1135 1576 1194 ἀπικόμενος
1605 1137 1651 1182 δὲ

344 1373 497 1411 rumque
542 1364 589 1401 de
635 1365 795 1402 foemina
841 1364 993 1410 dicatur,

344 1429 433 1466 quae
449 1431 484 1455 se
512 1419 568 1466 (in
593 1420 880 1468 matrimonium)
910 1418 994 1455 duci

339 1475 500 1523 patitur,
547 1487 611 1512 seu
644 1478 721 1513 viro
744 1477 853 1512 nubit.
893 1475 991 1511 Citat

346 1528 412 1566 Cr.
439 1530 574 1578 Odyss.
604 1531 678 1579 XI,
709 1533 790 1573 273
810 1532 894 1580 ibiq.
915 1530 990 1566 Eu-

345 1586 453 1622 stath.
500 1599 536 1635 p.
574 1587 676 1633 434,
713 1588 766 1629 46
802 1587 912 1624 Basil.
960 1590 996 1623 ct

346 1640 382 1678 T
384 1641 479 1679 hom.
508 1642 675 1692 Magistr.
697 1656 782 1694 pag.
814 1645 891 1684 191
912 1656 940 1678 s.
962 1655 993 1678 v.

345 1698 480 1749 γῆμαι·
915 1750 933 1757 ,

401 1752 623 1805 λεγομένων
673 1754 844 1809 ἐναγέων
893 1757 996 1793 εἰναι

345 1811 424 1848 τῶν
442 1805 794 1861 Ἀλκμαιωνιδέων]
822 1810 995 1861 Appella-

345 1866 480 1903 tionem
516 1865 686 1918 ἐναγέων
737 1869 815 1918 ipse
858 1866 996 1904 Noster

346 1922 500 1973 explicat
522 1923 569 1970 V,
591 1927 658 1970 70,
679 1924 739 1961 ubi
765 1923 836 1960 vid.

401 1973 577 2031 ἐμίσγετό
605 1978 647 2018 οἱ
674 1974 732 2018 οὗ
759 1974 881 2018 κατὰ
909 1973 995 2017 νό-

346 2033 453 2086 μον]
493 2034 603 2084 Apud
628 2035 824 2086 Ulpianum
853 2035 890 2071 in
918 2034 995 2072 De-

345 2091 477 2128 mosth.
511 2090 661 2128 Midian.
693 2092 760 2129 hac
789 2092 837 2129 de
863 2104 903 2128 re
936 2103 994 2128 re-

346 2148 520 2185 ferentem
563 2147 735 2196 legimus:
796 2142 996 2199 χρώμενος

347 2197 452 2257 αὐτῇ
498 2200 628 2254 παρα
681 2199 866 2252 φύσιν,
934 2202 994 2239 ubi

347 2263 499 2308 uterque
541 2260 694 2310 scriptor
735 2273 810 2298 rem
853 2264 994 2309 turpem

348 2315 508 2352 indicare
525 2328 632 2364 quam
652 2316 830 2366 explicare
859 2315 994 2353 maluit.

348 2370 510 2408 Pertinet
541 2372 634 2409 enim
681 2372 749 2410 hoc
786 2373 833 2410 ad
873 2372 994 2409 vitium

349 2427 468 2474 istud,
504 2439 576 2475 quo
599 2428 662 2464 viri
689 2429 866 2477 sequioris
888 2440 993 2465 sexus

349 2482 442 2519 vices
465 2483 643 2530 subeunt,
671 2484 804 2534 pathici
834 2484 918 2521 iude
939 2483 994 2519 di-

349 2538 406 2575 cti.
445 2537 525 2575 Nec
552 2538 621 2575 alio
646 2542 755 2577 modo
775 2541 831 2577 hic
850 2540 994 2585 femina,

350 2606 459 2642 quam
481 2593 624 2642 pathico
652 2609 738 2632 usus
770 2597 909 2633 videtur
933 2595 994 2631 Pi—

349 2649 526 2685 sistratus,
558 2651 663 2687 Cous.
685 2652 727 2688 C.
746 2653 792 2689 G.
819 2651 940 2689 Stark.
958 2651 994 2686 in

350 2704 490 2741 l’rolus.
512 2705 557 2741 de
579 2702 709 2760 νούσῳ
730 2708 874 2762 θηλείᾳ
897 2707 995 2758 apud

350 2760 525 2797 Herodot.
542 2761 615 2799 len.
643 2765 747 2804 1827
776 2777 861 2814 pag.
882 2764 919 2805 5.

426 2812 498 2853 τόν
544 2815 587 2854 δὲ
630 2814 764 2857 δεινόν
819 2835 856 2858 τι
897 2818 992 2869 ἔσχε,

351 2866 628 2922 ἀτιμάζεσθαι]
666 2874 723 2912 Dc
752 2875 858 2913 huius
877 2876 995 2913 infmi-

1059 1361 1122 1398 tiw'
1166 1361 1328 1408 ratione,
1377 1361 1438 1410 qui
1478 1361 1627 1400 subiecti
1668 1364 1708 1398 ut

1057 1418 1157 1454 aiunt
1184 1417 1261 1453 loeo
1293 1417 1340 1453 ad
1383 1413 1516 1456 δεινόν
1552 1433 1589 1456 τι
1624 1416 1708 1467 ἔσχε

1057 1473 1238 1523 pertinere
1259 1473 1412 1520 videtur,
1427 1473 1561 1511 consul.
1578 1473 1708 1510 Matth.

1061 1528 1098 1579 ἓ.
1124 1529 1226 1575 534,
1257 1543 1279 1566 a
1305 1542 1390 1579 pag.
1422 1529 1540 1571 1044.
1571 1530 1629 1567 Ad
1655 1529 1708 1566 10-

1063 1586 1240 1622 cutionem
1262 1587 1354 1622 cons.
1375 1585 1530 1623 Pausan.
1553 1586 1615 1633 lv,
1641 1586 1709 1633 25,

1065 1640 1101 1692 ᾗ.
1115 1645 1150 1688 1,
1169 1642 1228 1678 ubi
1250 1642 1363 1678 nostri
1383 1642 1450 1679 loci
1467 1642 1563 1680 haud
1585 1642 1709 1680 irmne-

1064 1711 1143 1734 mor
1159 1699 1225 1735 suit
1242 1698 1408 1736 Sicbelis.

1120 1749 1217 1808 ὀργῇ
1239 1752 1300 1802 δὲ,
1345 1752 1398 1800 ὥς
1423 1749 1524 1803 εἶχε]
1564 1755 1713 1792 recurrit

1060 1808 1192 1846 locutio
1225 1809 1262 1855 I,
1304 1809 1404 1856 114,
1444 1811 1544 1847 cuius
1575 1810 1644 1848 loci
1680 1811 1711 1848 si

1061 1878 1199 1902 memor
1223 1865 1352 1902 suisset
1370 1865 1607 1915 Schaeserus,
1636 1880 1710 1904 non

1061 1922 1266 1972 scripsisset
1303 1916 1422 1972 ὀργῆς
1455 1919 1497 1961 δὲ
1534 1921 1587 1969 ὥς
1619 1920 1710 1974 εἶχε,

1061 1979 1127 2015 sed
1147 1978 1412 2015 distinctionem
1431 1979 1615 2029 posuisset
1626 1985 1712 2030 post

1061 2031 1122 2080 δὲ,
1154 2033 1295 2083 qualem
1319 2047 1413 2071 nunc
1429 2036 1589 2072 additam
1609 2037 1711 2074 vide-

1062 2103 1153 2127 mus.
1184 2091 1237 2128 Ut
1256 2090 1350 2127 enim
1369 2091 1497 2127 dicitur
1521 2089 1575 2137 ὥς
1594 2087 1711 2143 ὀργῆς

1063 2146 1163 2197 ἔχειν
1176 2148 1239 2194 (cf.
1263 2146 1391 2182 Matth.
1407 2144 1443 2195 ἓ.
1465 2148 1547 2188 337
1568 2160 1604 2197 p.
1627 2151 1709 2190 643

1063 2202 1162 2251 seq.)
1193 2203 1243 2238 ita
1264 2214 1331 2239 nec
1360 2202 1522 2249 dativus,
1552 2216 1625 2251 quo
1652 2205 1710 2243 hic

1061 2259 1151 2295 ratio
1211 2271 1240 2294 s,
1297 2257 1426 2294 modus
1491 2260 1711 2309 exprimitur,

1062 2314 1261 2364 quidquam
1290 2314 1420 2360 habet,
1449 2327 1521 2363 quo
1545 2316 1709 2354 offenda-

1061 2371 1120 2407 ris.
1151 2391 1206 2397 —
1234 2370 1322 2406 Mox
1340 2366 1574 2425 στασιώτῃσι
1594 2373 1630 2408 iu
1646 2373 1710 2410 ali-

1061 2431 1149 2475 quot
1181 2425 1278 2463 libris
1313 2431 1488 2463 mutatum
1526 2428 1562 2464 iu
1600 2441 1709 2481 στρα-

1061 2477 1236 2531 τιώτησι,
1265 2482 1362 2519 haud
1382 2496 1462 2519 rara
1483 2486 1709 2534 confusione,

1062 2539 1108 2576 de
1134 2523 1205 2586 qiia
1234 2538 1453 2587 W‘esscling.
1477 2541 1525 2576 ad
1543 2541 1578 2576 h.
1601 2541 1623 2578 l.

1119 2589 1355 2645 ἀπικόμενος
1381 2593 1423 2633 δὲ
1439 2594 1478 2641 ἐς
1496 2591 1708 2648 Ἐρέτριαν]

1061 2650 1299 2700 intelligenda
1329 2656 1385 2689 est
1410 2652 1594 2690 Euboeica
1617 2654 1710 2692 Ere-

1062 2707 1150 2753 tria,
1180 2721 1258 2744 cum
1289 2721 1332 2745 ex
1353 2708 1504 2745 Euboea
1524 2711 1709 2759 profectus

1064 2762 1274 2800 Pisistratus
1295 2765 1414 2801 denuo
1439 2764 1624 2803 invaderet
1643 2765 1709 2803 At-

1062 2819 1189 2866 ticam,
1224 2825 1369 2857 auctore
1396 2820 1579 2871 Polyaeno
1606 2822 1707 2859 Stra-

1061 2879 1132 2923 tcg.
1161 2876 1196 2921 l,
1231 2880 1280 2918 21
1305 2875 1341 2927 ᾗ.
1371 2879 1404 2917 1.
