1909 3228
687 216 992 258 cL10.1.

1332 231 1336 236 ·
1384 223 1467 264 3ῖ3

212 340 313 369 mov
340 323 647 383 ποιησάμενοι,
676 325 860 385 ἡσυχίην
889 325 1008 384 ἄγον.
1052 327 1178 374 Οὕτω
1208 327 1261 386 δὴ
1291 329 1340 374 τὸ
1370 329 1463 374 δεύ-

209 419 339 459 τερον
361 401 502 461 Ἰωνίη
532 403 808 450 ἐδεδούλωτο.
852 403 911 458 ὥς
939 405 984 452 δὲ
1012 405 1115 459 τοὺς
1143 407 1191 452 ἐν
1219 409 1273 464 τῇ
1302 406 1461 468 ἠπείρῳ

193 480 349 534 Ἴωνας
379 481 636 540 ἐχειρώσατο
655 482 899 541 Ἅρπαγος,
931 485 974 529 οἱ
1002 483 1077 536 τὰς
1104 483 1266 543 νήσους
1295 486 1463 543 ἔχοντες

193 560 360 615 Ἴωνες,
386 561 799 620 καταρρωδήσαντες
825 567 981 615 ταῦτα,
1011 563 1145 620 σφέας
1171 563 1332 616 αὐτούς
1362 565 1456 611 2³:¹60-
1470 573 1515 609 80

202 719 348 777 μένων
377 719 507 764 οὐδὲν
535 714 672 776 ἧσσον
700 720 743 772 ἐς
772 719 822 764 τὸ
853 719 1128 770 Πανιώνιον,
1170 721 1452 780 πυνθάνομαι

200 798 378 856 γνώμην
406 800 569 841 Βίαντα
596 796 734 852 ἄνδρα
771 798 968 856 Πριηνέα
1005 797 1296 852 ἀποδέξασθαι
1330 802 1450 847 Ἴωσι

83 654 182 701 170
205 652 288 685 σαν
316 640 464 699 Κύρῳ.
521 641 846 698 Κεκακωμένων
875 641 921 686 δὲ·
955 639 1114 686 Ἰώνων
1141 643 1216 687 καὶ
1253 647 1455 700 συλλεγο-
1509 655 1626 686 Bianns
1666 661 1786 688 consin-

1509 696 1605 725 um,ut
1612 691 1698 720 Iones
1708 703 1785 722 com-

1507 726 1588 752 muni
1623 726 1718 755 classe
1752 729 1782 755 in

1506 757 1675 786 Sardiniam
1720 761 1782 788 abi-

1504 794 1589 819 rent:
1614 792 1694 819 aliud
1712 799 1783 821 anto

1503 831 1523 851 a
1533 824 1661 852 Thalete
1669 826 1781 863 datum,

1506 861 1539 884 ut
1560 859 1673 885 curiam
1691 860 1781 887 habe-

197 875 546 935 χρησιμωτάτην·
573 880 628 934 τῇ
653 879 690 920 εἰ
718 877 964 930 ἐπείθοντο,
992 883 1167 934 παρεῖχε
1197 879 1252 923 ἄν
1281 891 1361 937 σφι
1383 880 1449 924 εύ-
1505 895 1573 919 tent
1591 899 1778 922 communem.

198 956 444 1013 δαιμονὲειν
474 955 689 1013 Ἑλλήνων
725 956 936 1012 μάλιστα·
994 957 1043 1009 ὃς
1078 958 1243 1002 ἐκέλευε
1278 963 1509 1020 ,,κοινς585

194 1034 366 1094 ,,στόλῳ
402 1034 557 1087 Ἴωνας
597 1033 830 1090 ἀερθέντας
873 1035 1015 1080 πλέειν
1053 1036 1098 1088 ἐς
1134 1036 1320 1092 Σαρδώ,
1375 1039 1450 1082 καὶ

165 1114 372 1167 2,,ἔπειτα
400 1113 530 1157 πόλιν
557 1116 662 1171 μίαν
688 1117 844 1169 κτίζειν
872 1115 1048 1160 πάντων
1063 1113 1234 1160 Ἰώνων.
1270 1116 1345 1160 καὶ
1363 1115 1446 1160 οὕ-

192 1209 284 1245 ,,τω
314 1190 667 1249 ἀπαλλαχθέντας
706 1193 842 1251 σφέας
881 1195 1153 1252 δουλοσύνης
1191 1192 1446 1251 εὐδαιμονή-

190 1304 217 1326 ,,
227 1283 337 1325 σειν,
367 1271 512 1329 νήσων
538 1288 584 1317 τε
612 1271 816 1319 ἁπασέων
841 1275 1044 1332 μεγίστην
1061 1273 1326 1331 νεμομένους
1337 1274 1445 1333 ‚junci

187 1451 292 1496 οὕτω
312 1453 363 1507 δή
381 1451 428 1494 τό
450 1450 636 1507 δεύτερον
655 1451 779 1508 Ἰωνίη

130 1508 383 1562 ἐδεδούλωτο]
397 1511 539 1549 Primus
561 1513 655 1550 enim
665 1513 780 1551 Croe-

127 1582 187 1606 sus
206 1569 312 1607 Iones
340 1569 378 1605 in
408 1568 579 1607 ditionem
602 1582 702 1606 suam
720 1582 778 1607 re-

127 1626 301 1674 degerat,
329 1628 370 1661 ut
394 1637 503 1675 supra
528 1624 563 1670 I,
586 1628 623 1666 6.
648 1627 702 1666 28
723 1625 776 1663 le-

126 1681 253 1729 gimus.
320 1681 444 1724 Quare
483 1681 775 1719 verisimillimum

127 1738 290 1783 videtur,
321 1737 419 1785 quod
440 1735 564 1773 Plehn.
586 1738 775 1774 contendit

127 1793 164 1829 in
182 1792 369 1830 Lesbiacc.
400 1791 489 1827 libro
510 1804 595 1841 pag.
624 1792 677 1833 55
713 1806 776 1830 eo-

127 1849 211 1885 dem
241 1848 348 1885 etiam
379 1851 544 1897 tempore
567 1846 710 1884 Lesbios
738 1849 776 1885 in

125 1903 317 1941 Persarum
346 1903 455 1940 fidem
483 1906 592 1952 atque
613 1907 776 1955 potesta-

124 1964 198 1998 tem
218 1973 257 1998 se
273 1958 494 2011 permisisse.

306 2098 338 2136 C
349 2111 370 2135 a
380 2111 416 2149 p.
444 2096 595 2136 CLXX.

175 2176 438 2232 πυνθάνομαι
447 2177 611 2233 γνώμην
624 2179 772 2220 Βίαντα

121 2260 178 2266 -
187 2234 458 2285 οῗποδέξασθαι
471 2234 603 2287 Ἴωσι]
643 2237 702 2275 De
717 2237 772 2274 lo-

123 2295 265 2332 cutione
276 2289 438 2346 γνώμην
455 2289 770 2332 ἀποδείκνυσθαι

124 2364 152 2387 s.
164 2345 462 2400 ἀποφαίνεσθαι
474 2349 696 2397 (sententiam
708 2349 768 2386 de-

125 2406 277 2453 clarare,
307 2406 488 2455 exponere)
515 2405 626 2442 multa
646 2405 771 2443 citavi-

123 2474 222 2508 mus,
252 2474 345 2510 quae
386 2461 453 2499 huc
478 2461 638 2499 adhiberi
668 2461 771 2498 volu-

124 2530 203 2554 mus
216 2545 228 2564 ,
239 2517 285 2553 ad
303 2517 480 2554 Plutarch.
492 2517 661 2568 Pyrrh.p.
676 2518 768 2557 161.

128 2594 176 2600 --
201 2574 426 2611 κακοῦσθαι
451 2573 508 2611 hic
535 2576 610 2610 est:
636 2575 674 2609 in
696 2584 769 2609 ser-

123 2631 269 2666 vitutem
290 2628 424 2676 redigi,
460 2631 610 2665 notante
636 2627 769 2666 Siebel.

122 2685 173 2721 ad
190 2684 346 2721 Pausan.
365 2684 407 2731 Ι,
432 2682 458 2725 4
479 2682 516 2734 §.
542 2686 578 2730 1,
608 2684 669 2733 qui
685 2683 770 2720 scri-

123 2744 209 2791 ptor
227 2752 271 2777 ex
278 2740 459 2778 Herodoti
476 2739 673 2778 imitatione
690 2751 771 2779 sae-

125 2796 206 2846 pius
227 2809 311 2833 usus
329 2800 385 2834 est
399 2795 467 2833 hoc
480 2795 602 2833 verbo.

180 2849 311 2892 πλέειν
350 2851 390 2900 ἐς
416 2848 560 2905 Σαρδώ
590 2866 627 2891 κ.
656 2865 691 2892 τ.
716 2850 769 2905 L]

848 1457 956 1495 Conf.
976 1457 1152 1496 Nostrum
1171 1458 1216 1507 V,
1237 1461 1329 1501 106.
1359 1459 1434 1505 VI,
1453 1462 1493 1500 2.

845 1511 898 1551 Ac
916 1515 1140 1565 vituperatur
1169 1514 1305 1553 Noster
1335 1528 1358 1552 a
1380 1515 1496 1553 Dahl-

843 1582 978 1607 manno
1008 1571 1206 1619 (Herodot.
1226 1585 1263 1622 p.
1282 1571 1370 1618 55),
1391 1573 1491 1620 quod

842 1626 934 1663 miro
964 1639 1086 1664 errore
1113 1626 1256 1678 lapsus,
1285 1627 1491 1666 Sardiniam

841 1683 1000 1720 omnium
1020 1682 1215 1720 insularum
1233 1683 1422 1720 maximam
1435 1684 1492 1720 ‹li-

841 1739 944 1775 xerit.
975 1740 1051 1776 Sed
1069 1739 1126 1776 bic
1142 1740 1288 1788 quidem
1298 1752 1372 1776 non
1386 1752 1489 1777 suam

840 1793 951 1843 ipsius
977 1794 1035 1832 ille
1051 1796 1161 1832 refert
1179 1796 1403 1842 sententiam,
1423 1807 1487 1832 ve-

842 1862 921 1885 rum
940 1849 1078 1886 Biantis
1100 1851 1146 1887 de
1165 1851 1333 1887 Sardinia
1353 1851 1402 1887 sic
1413 1850 1488 1887 exi-

843 1905 1040 1951 stimantis3
1068 1917 1135 1942 nec
1160 1906 1239 1954 ipse
1262 1906 1299 1941 in
1320 1905 1486 1941 Sardini-

842 1973 900 1998 am
919 1973 1034 2008 usque
1051 1961 1238 2010 pervenire
1251 1964 1404 2009 poterat,
1434 1964 1486 2008 ut,

842 2028 936 2064 quae
956 2016 1057 2052 istius
1074 2015 1187 2052 insula
1214 2016 1259 2052 sit
1287 2015 1484 2065 amplitudo

842 2076 878 2109 et
897 2071 1128 2120 magnitudo,
1144 2071 1365 2121 comperiret.
1383 2071 1486 2114 Qua-

837 2139 878 2164 re
906 2139 1130 2164 communem
1161 2131 1198 2165 et
1227 2139 1292 2163 suo
1322 2132 1486 2176 tempore

837 2182 1019 2230 vulgatam
1045 2183 1091 2220 de
1117 2182 1185 2219 hac
1212 2181 1326 2218 insula
1349 2183 1482 2219 famam

837 2242 977 2276 secutus
1001 2251 1080 2276 esse
1104 2238 1264 2284 videtur3
1295 2250 1366 2286 quo
1394 2238 1483 2274 faci-

836 2298 902 2331 unt
922 2295 1030 2331 etiam
1050 2307 1105 2340 ea,
1125 2306 1218 2342 quae
1237 2294 1284 2331 de
1297 2293 1363 2330 hae
1381 2293 1482 2330 insu-

836 2350 872 2387 la
893 2350 1051 2400 disputat
1071 2349 1269 2387 Heerenius
1303 2349 1340 2385 in
1368 2349 1483 2386 Ideen

835 2405 891 2453 II,
916 2408 935 2446 1
959 2408 1060 2456 p.69
1083 2418 1204 2454 seqq.‚
1234 2404 1369 2454 quippe
1382 2405 1481 2454 prin-

837 2462 954 2512 cipem
1000 2462 1076 2499 fere
1122 2460 1481 2508 Carthaginiensibus

836 2518 946 2556 fuisse
957 2516 1177 2567 provinciam
1196 2528 1404 2565 summoque
1426 2515 1482 2552 lo-

836 2587 879 2612 co
896 2574 1074 2619 habitam,
1103 2573 1217 2610 omnis
1237 2572 1404 2610 frumenti
1419 2584 1482 2609 co-

835 2630 897 2681 pia
927 2629 1193 2676 abundantem,
1221 2627 1365 2666 metalla
1393 2627 1481 2664 alia-

836 2698 909 2734 que
977 2684 1124 2734 largiter
1179 2684 1480 2735 suppeditantem.

838 2741 943 2784 Quae
982 2741 1013 2777 si
1047 2740 1283 2791 perpenderis
1298 2768 1310 2787 ‚
1363 2739 1479 2776 minus

835 2800 933 2834 certe
966 2796 1178 2835 temeritatis
1196 2795 1369 2835 Nostrum
1381 2795 1480 2832 ineu-

834 2853 942 2891 sabis.
