1909 3228
551 220 977 260 EUTERPE.
1021 221 1067 259 11.

1344 222 1428 262 725

166 347 247 374 νον
277 328 474 374 διδόντα·
505 331 576 374 καὶ
607 330 691 374 ἀπὸ
722 328 883 374 τούτου
912 329 990 382 τοὶς
1026 329 1275 384 προσόδους
1301 329 1428 387 ποιή-

167 414 348 460 σασθαι,
389 408 643 463 ἐπιτάξαντα
682 408 918 466 ἀποφορὴν
956 408 1182 453 ἐπιτελέειν
1210 408 1310 452 κατ’
1338 408 1457 452 ἔνι-5

138 488 319 532 Ξαυτόν.
350 490 386 533 εἰ
417 489 462 532 δέ
491 506 608 540 τινος
636 493 716 532 τοῦ
752 488 920 544 κλήρου
951 486 974 531 ὁ
1005 486 1199 544 ποταμός
1226 504 1267 530 τι
1295 488 1427 541 παρέ-

166 572 308 620 λοιτο,
338 567 481 611 ἐλθών
511 567 566 611 ἂν
593 568 705 622 πρός
735 567 871 611 αὐτὸν
903 567 1104 625 ἐσήμαινε
1133 566 1182 610 τὸ
1201 566 1429 623 γεγενημέ-

168 664 269 691 νον·
311 646 334 689 ὁ
366 647 411 689 δὲ
442 646 598 702 ἔπεμπε
636 645 741 697 τούς
774 646 1139 702 ἐπισκεψομένους
1167 646 1239 689 καὶ
1269 643 1430 701 ἀναμε-

168 724 408 782 τρήσοντας
439 724 527 781 ὅσῳ
562 724 755 768 ἐλάσσων
786 724 809 768 ὁ
839 729 978 780 χῶρος
1008 726 1179 781 γέγονε,
1210 724 1323 776 ὅκως
1351 727 1432 768 τοῦ

169 808 327 849 λοιποῦ
373 803 482 847 κατὰ
521 803 655 859 λόγον
690 808 767 859 τῆς
805 804 1063 860 τεταγμένης
1103 804 1333 860 ἀποφορῆς
1362 819 1428 847 τε-
1446 812 1488 843 10

141 890 163 924 3
174 883 278 927 λέοι.

167 1063 403 1115 ἐπιτάξαντα
432 1063 646 1118 ἀποφορὴν
686 1068 769 1109 ἐπι-

113 1123 257 1164 τελέειν
276 1120 357 1163 κατ’
379 1121 578 1175 ἐνιαυτόν]
602 1126 674 1163 Pro
688 1125 769 1166 ἐπι-

114 1181 257 1220 τελέειν
297 1181 378 1218 libri
416 1182 562 1231 quidam
604 1177 768 1222 ἀποτε-

114 1237 229 1277 λεέιν.
286 1237 368 1275 Nee
407 1243 528 1275 tamen
562 1238 651 1276 illud
689 1239 768 1277 loco

116 1296 183 1333 erit
214 1295 446 1334 movendum.
505 1295 640 1333 Vocem
674 1291 769 1335 εἷπο-

116 1347 252 1402 φορήν
283 1350 406 1399 glossa
425 1351 639 1389 Herodotea
657 1365 771 1402 expo-

115 1409 169 1445 nit
189 1404 263 1457 τὴν
286 1406 528 1458 τελουμένην
552 1406 670 1458 τιμήν
692 1405 772 1447 ὑπὸ

114 1465 197 1502 τῶν
227 1458 384 1502 δούλων
425 1468 509 1510 τοῖς
551 1460 768 1510 δεσπόταις.

115 1521 312 1558 Caeterum
331 1519 400 1557 hoc
417 1533 461 1557 ex
478 1520 557 1557 loco
578 1521 770 1570 suspiceris

115 1577 226 1622 licet,
265 1589 360 1625 quae
392 1577 503 1614 fuerit
532 1577 770 1627 agricolarum

115 1633 154 1670 in
176 1632 347 1682 Aegypto
376 1634 559 1681 conditio,
589 1646 770 1683 quaenam

116 1689 242 1726 tributi
263 1689 432 1737 exigendi
451 1691 555 1730 ratio.
600 1690 655 1727 Ut
677 1691 772 1728 enim

116 1746 300 1794 hodieque
317 1746 403 1782 illud
435 1759 508 1783 non
537 1748 584 1784 ad
610 1746 771 1795 singulos

118 1802 281 1838 homines
296 1803 448 1839 rusticos
467 1804 638 1852 pertinet,
650 1815 773 1840 verum

120 1858 170 1894 ad
196 1858 357 1905 integros
387 1859 506 1905 vicos,
544 1859 674 1908 quibus
706 1858 773 1895 tri-

120 1914 248 1951 butum
270 1914 486 1964 imponitur,
522 1916 657 1964 quique
676 1927 775 1951 com-

120 1970 222 2007 muni
242 1971 351 2007 etiam
378 1973 489 2021 opera
516 1984 625 2020 agros
654 1970 775 2008 colunt

122 2027 223 2074 (cum
243 2027 378 2064 scilicet
396 2032 547 2077 propter
568 2027 775 2064 inundatio-

121 2096 186 2120 nes
209 2083 341 2132 singuli
361 2083 584 2132 singulorum
606 2096 776 2132 agrorum

120 2139 263 2177 termini
293 2141 491 2177 accuratius
532 2140 666 2178 servari
701 2151 776 2176 non

120 2196 306 2246 possint),
344 2197 396 2232 ita
432 2197 541 2234 etiam
581 2196 776 2244 antiquitus

122 2253 345 2299 obtinuisse,
381 2265 425 2289 ex
449 2253 563 2303 ipsius
584 2257 702 2290 terrae
722 2252 777 2287 in-

123 2308 206 2346 dole
225 2309 416 2346 verisimile
433 2310 576 2347 videtur
593 2306 776 2346 Heerenio

124 2364 267 2411 (Ideen
294 2365 349 2411 Il,
379 2368 405 2405 2
442 2379 528 2416 pag.
556 2366 638 2407 340
668 2366 776 2413 seq).

123 2420 296 2468 Namque
322 2434 400 2457 cum
429 2422 613 2459 canalibus
639 2435 660 2459 e
689 2421 776 2458 Nilo

126 2477 288 2512 deductis
327 2481 423 2514 arcte
473 2479 666 2515 coniuncta
697 2478 778 2527 ipsa

126 2544 296 2580 agrorum
329 2533 456 2569 divisio
482 2539 519 2571 et
550 2534 676 2570 tributi
708 2533 780 2570 sol-

125 2588 233 2624 vendi
275 2589 387 2633 rati03
435 2591 566 2638 quibus
613 2590 779 2626 omnibus

128 2657 208 2680 cum
227 2644 321 2681 bene
345 2648 573 2694 prospexerit
591 2646 781 2691 Sesostris,

128 2705 413 2737 consentaneum
432 2707 488 2738 est
511 2702 780 2748 (utHeerenius

128 2757 342 2803 existimat),
373 2757 467 2794 hunc
485 2771 607 2805 regem
626 2759 781 2806 primum

128 2813 200 2849 dici
227 2812 315 2850 haec
343 2814 539 2852 instituisse
560 2818 596 2852 et
618 2813 782 2851 introdu-

128 2881 237 2907 xisse.

335 882 475 926 δοκέει
504 881 551 926 δέ
580 899 655 939 μοι
689 882 891 927 ἐνθεῦτεν
929 884 1163 940 γεωμετρίη
1193 881 1432 938 εὑρεθεῖσα,

893 1066 1026 1111 ἐλθων
1051 1064 1103 1108 ἂν
1130 1083 1231 1120 προς
1260 1062 1382 1107 αὐτὸν
1403 1063 1489 1133 ἐση-

838 1141 953 1179 μαινε
972 1142 1014 1165 το
1037 1123 1314 1178 γεγενημένον]
1346 1119 1442 1162 De
1426 1120 1489 1170 αἰ,

837 1185 985 1234 quando
1012 1183 1174 1230 iungitur
1191 1181 1379 1231 praeteriti
1398 1181 1489 1217 indi-

838 1241 973 1286 cativo,
1007 1240 1099 1276 conf.
1118 1238 1157 1285 1,
1178 1239 1244 1279 42.
1270 1240 1361 1278 196.

894 1293 992 1335 κατα
1013 1290 1133 1346 λόγον
1162 1297 1235 1344 τῆς
1258 1291 1493 1345 τεταγμένης

839 1348 1053 1402 οἷποφορῆς
1070 1348 1215 1400 τελέοι]
1238 1349 1298 1387 Ne
1316 1352 1395 1398 quis
1414 1362 1491 1387 ma-

838 1409 881 1446 lit
923 1404 1162 1458 οἷποφορην,
1217 1406 1494 1454 intelligendum

838 1469 964 1504 monet
990 1463 1198 1532 'Schweigh
1233 1460 1385 1514 μέρος
1423 1464 1494 1512 τῆς

838 1518 1074 1573 τεταγμένης
1100 1514 1326 1570 αποφορῆς.
1375 1518 1494 1567 Equi-

839 1579 923 1616 dem
946 1578 994 1614 ad
1013 1572 1111 1614 κατα
1125 1571 1246 1628 λόγον
1265 1576 1400 1612 referre
1417 1587 1496 1611 ma-

837 1635 899 1672 lim
929 1633 1147 1683 genitivum,
1176 1636 1217 1670 ut
1246 1631 1497 1679 unusquisque

838 1695 982 1729 tantum
1048 1689 1188 1727 solvere
1258 1687 1496 1735 intelligatur,

840 1751 1017 1797 quantum
1054 1759 1121 1796 pro
1159 1744 1302 1782 ratione
1341 1743 1497 1781 universi

840 1803 968 1841 tributi
993 1815 1108 1848 nunc,
1159 1801 1334 1837 diminuto
1364 1799 1497 1837 scilicet

843 1859 1027 1905 dominio,
1060 1858 1197 1894 solvere
1215 1869 1284 1906 par
1302 1860 1371 1893 est.

900 1913 1029 1954 δοκέει
1047 1912 1090 1953 δέ
1109 1928 1175 1964 μοι
1200 1911 1390 1951 ἐνθεῦτεν
1405 1925 1498 1963 γεω-

844 1972 980 2023 μετρίη
1002 1967 1227 2022 εὑρεθεῖσα]
1250 1969 1333 2012 Quo
1356 1981 1400 2006 ex
1417 1968 1497 2005 loco

843 2026 1025 2066 Herodoti
1071 2026 1226 2077 profecti
1261 2025 1359 2062 haud
1394 2024 1498 2075 pauci

844 2089 1004 2122 veterum
1019 2082 1257 2132 geometriam
1273 2094 1316 2118 ex
1325 2080 1498 2130 Aegypto

843 2141 1041 2191 repetitam
1088 2138 1318 2175 tradiderunt
1336 2165 1347 2183 ,
1406 2149 1498 2186 quos

844 2197 971 2234 laudat
990 2194 1140 2243 Menag.
1167 2195 1215 2231 ad
1241 2194 1352 2242 Diog.
1375 2193 1497 2230 Laert-

844 2253 936 2299 VII,
962 2254 1024 2293 11.
1083 2254 1205 2299 Atque
1233 2250 1380 2288 Servius
1407 2262 1500 2298 quo-

845 2323 917 2358 que
943 2308 991 2345 ad
1020 2307 1148 2356 virgil.
1181 2306 1311 2355 Eclog.
1340 2306 1413 2353 ΙΙΙ,
1444 2304 1498 2345 41

844 2365 920 2404 Nili
950 2364 1231 2409 inundationes,
1259 2362 1388 2411 quibus
1411 2374 1500 2412 pos-

848 2422 1050 2459 sessionum
1077 2419 1222 2457 termini
1250 2419 1386 2456 fuerint
1413 2430 1500 2454 con-

847 2478 916 2516 fusi
930 2506 940 2524 ,
971 2480 1055 2526 post
1072 2476 1291 2521 renovandi,
1321 2476 1369 2511 ad
1386 2478 1500 2511 artem

848 2533 1105 2583 geometricam
1143 2532 1397 2569 inveniendam
1435 2542 1500 2566 va-

848 2591 955 2627 luisse
993 2589 1125 2625 scribit.
1185 2588 1258 2630 Qui
1302 2588 1348 2624 ab
1378 2587 1501 2623 Hero-

848 2647 936 2683 doto
956 2645 1151 2682 dissentire
1176 2644 1367 2690 videntur,
1398 2643 1421 2679 ii
1444 2646 1500 2679 ta-

849 2715 932 2739 men
953 2706 988 2738 et
1005 2701 1073 2751 ipsi
1093 2701 1140 2737 ad
1175 2699 1384 2750 Aegyptum
1412 2699 1499 2735 artis

848 2758 1092 2795 inventionem
1123 2757 1305 2804 referunt,
1330 2755 1501 2793 remotio-

848 2815 1019 2862 ribusque
1038 2826 1081 2850 ex
1101 2813 1323 2862 temporibus
1344 2825 1423 2850 eam
1443 2824 1500 2849 re-

849 2873 992 2922 petunt.
1049 2869 1189 2914 Quibus
1207 2870 1406 2908 adnumero
1415 2867 1500 2905 Pla-
