1909 3228
524 218 609 258 AD
656 216 1035 256 HERODOT.
1071 216 1250 264 11,123.
1566 217 1651 256 915

137 344 239 370 suam
267 332 486 382 probassent
520 334 557 369 in
586 332 765 369 Amenthe
784 361 795 378 ‚
841 333 1012 381 poterant
1043 332 1183 366 mature
1210 328 1330 365 redire
1369 328 1417 364 ad
1451 328 1650 378 superiora,

137 404 175 438 et
203 413 330 449 regum
361 413 507 450 quoque
540 399 596 436 vel
623 399 795 436 nobilium
834 410 988 448 corpora
1019 409 1143 434 recens
1182 400 1269 432 nata
1299 395 1453 443 ingredi.
1513 395 1651 432 Contra

137 470 207 520 ipsi
232 469 342 506 etiam
381 482 487 517 reges
525 467 671 517 superbi
704 471 740 504 et
769 466 868 515 impii
897 468 982 515 post
1011 468 1165 501 mortem
1196 464 1286 500 divis
1325 463 1524 499 consecrati
1554 467 1650 509 sunt,

138 542 175 575 et
200 537 372 573 continuo
407 535 646 583 castigatione
683 534 856 583 exagitari
891 533 1019 570 crediti
1054 545 1077 569 a
1115 532 1294 568 iudicibus
1332 530 1401 566 diis
1441 529 1648 567 inferorum.

136 604 316 642 Pindarus
357 606 455 639 certe
500 602 537 638 in
584 602 662 639 loco
707 602 755 638 ad
798 601 1048 650 Aegyptiacae
1092 599 1280 636 doctrinae
1318 597 1477 634 indolem
1516 598 1649 643 efficto,

137 670 364 722 Olymp.11‚
393 671 496 715 121,
544 674 783 719 posteaquam
820 670 1074 706 defunctorum
1112 667 1290 703 bonorum
1331 670 1468 702 sortem
1503 665 1651 715 praedi-

136 740 248 785 cavit,
290 738 337 775 de
367 736 468 772 malis
498 736 663 774 universe
695 738 744 774 ita
781 737 1008 787 pronuntiat:
1047 755 1102 762 —
1122 733 1183 773 τοὶ
1213 730 1254 773 δ’
1283 729 1559 784 ἀπροσόρατον
1587 728 1650 773 ὄκ-

135 805 264 858 χὲοντι
295 799 434 843 πόνον.
495 803 606 846 Quod
635 818 721 842 vcro
752 803 1053 856 παλιγγενεσίαν
1086 802 1332 839 sacerdotibus
1360 802 1542 849 attribuo,
1571 801 1595 838 i.
1617 814 1648 838 e.

135 873 205 911 hoc
233 872 428 924 placitum,
459 871 549 921 quod
576 875 729 909 animum
754 873 940 910 humanum
969 871 1258 916 determinatum,
1302 872 1334 905 et
1360 882 1384 906 a
1412 868 1551 906 bestiali
1579 870 1648 905 εἰν-

136 943 236 978 cuitu
266 942 446 977 immunem
480 943 561 989 post
596 943 728 989 tempus
754 942 791 976 in
817 940 964 976 hominis
995 951 1138 988 corpora
1168 936 1362 973 redeuntem
1379 939 1540 986 poneret,
1569 949 1648 972 mo-

135 1012 198 1046 vet
223 1021 281 1045 me
307 1008 425 1044 Servii
455 1008 648 1045 auctoritas
674 1007 752 1044 loco
787 1020 897 1058 supra
926 1007 1074 1043 laudato
1112 1006 1188 1052 (ad
1215 1005 1317 1052 Virg.
1349 1004 1441 1041 Aen.
1472 1003 1546 1051 ΙΙΙ,
1577 1005 1650 1051 68)

136 1089 218 1113 cum
245 1074 494 1124 Pythagoram
526 1076 613 1112 dicit
643 1074 751 1125 plane
781 1089 863 1112 eum
900 1075 937 1112 in
977 1075 1125 1111 modum
1164 1072 1351 1117 statuisse3
1397 1084 1504 1120 quem
1533 1071 1650 1122 philo-

136 1144 288 1194 sophum
326 1143 404 1193 ipse
444 1143 657 1180 Herodotus
697 1144 924 1181 sacerdotum
966 1141 1232 1193 Aegyptiorum
1279 1139 1494 1191 discipulum
1538 1140 1649 1178 fuisse

136 1211 337 1261 significat,
374 1215 414 1247 ut
441 1224 551 1262 supra
576 1211 836 1249 firmavimus.“
863 1232 918 1241 υ-
