1877 3223
633 226 939 268 cL10.1,

1347 231 1428 272 101

147 333 262 387 „ov’x
283 332 501 389 ὀνειδίζω,
543 335 759 392 ἐκάθηρα,
802 337 877 380 καὶ
907 336 1083 380 οἰκίοισι
1113 333 1431 392 ὑποδεξάμενος

123 413 275 470 2,,ἔχω,
304 413 504 471 παρέχων
525 418 669 459 πᾶσαν
689 414 887 472 δαπάνην
900 429 910 441 ·
932 418 1017 458 νῦν
1029 408 1092 458 ὦν
1105 413 1310 471 (ὀφείλεις
1326 416 1426 471 γάρ,

144 492 284 548 υἐμεῦ
331 493 680 549 προποιήσαντος
718 493 877 550 χρηστοὶ
915 493 959 544 ἐς
999 494 1064 546 σὲ,
1109 494 1331 550 χρηστοῖσί
1374 511 1426 550 με
1471 510 1524 551 20

143 569 453 628 ,,ἆμείβεσθαι)
474 571 649 627 φύλακα
679 570 834 623 παιδός
861 582 908 615 σε
937 576 1018 616 τοῦ
1043 573 1148 628 ἐμοῦ
1175 574 1329 630 χρηῖζω
1359 573 1467 628 γε-41

143 650 361 703 ,,νε’σθαι,
391 651 433 702 ἐς
463 649 603 706 ἄγρην
633 649 924 708 ὁρμεομένου·
955 651 1014 708 μή
1045 667 1158 702 τινες
1186 648 1284 695 κατ’
1315 649 1424 697 ὁδόν

119 741 167 780 3,,
178 733 343 780 κλῶπες
371 733 610 786 κακοῦργοι
639 729 708 774 ἐπὶ
734 730 906 788 δηλήσει
934 729 1126 787 φανέωσι
1154 728 1273 786 ὑμῖν.
1316 728 1424 786 πρὸς

94 909 142 934 an
153 892 369 950 α’χαρίστῳς
386 898 508 949 prouti
531 894 746 950 ἆθὲμιστος

94 958 131 991 et
168 951 369 1003 ἀθέμιτος.
440 955 580 998 Quibus
622 960 745 993 tamen

92 1010 150 1046 vix
169 1010 359 1058 quisquam
386 1012 684 1060 persuadebitur,
707 1016 745 1049 ut

92 1065 274 1102 Herodoti
294 1070 428 1103 textum
440 1067 627 1105 immutare
647 1067 744 1115 velit,

92 1135 203 1171 quem
243 1134 263 1159 e
300 1121 398 1158 libris
423 1124 574 1160 vetustis
609 1125 741 1161 rectius

92 1179 326 1215 constitutum
354 1191 436 1216 esse
459 1178 635 1218 videmus.
667 1180 742 1217 Re-

90 1235 200 1271 currit
210 1231 396 1284 συμφορή
407 1231 544 1285 ἄχαρις
555 1235 634 1282 Vll,
650 1238 740 1280 190,

89 1289 167 1327 coll.
187 1289 254 1325 VII
269 1318 279 1336 ‚
297 1291 351 1331 37
365 1290 602 1340 redditurque
612 1293 739 1340 tristis,

83 1345 232 1396 funesta
251 1345 449 1383 calamitas.
506 1345 560 1383 Ac
578 1360 689 1397 supra
707 1348 736 1395 I,

88 1403 143 1442 38
164 1401 211 1437 in.
234 1398 326 1440 οὔτε
344 1398 437 1440 ἄλλο
455 1397 572 1441 οὐδὲν
592 1400 712 1453 ἔῖχαρ
725 1417 739 1441 ι

86 1452 268 1508 παριδών
295 1472 368 1497 τοι.
405 1457 486 1496 Nec
507 1458 625 1495 minus
644 1459 738 1496 bene

85 1513 297 1551 Plutarchus
318 1514 364 1551 de
384 1514 480 1553 adul.
501 1527 589 1564 pag.
612 1514 679 1561 64,
690 1513 736 1561 A,

86 1582 195 1618 quem
215 1569 339 1606 laudat
353 1570 596 1620 wesseling.:
627 1573 736 1609 πᾶσα

85 1622 356 1677 ὀνειδιζομένη
394 1622 507 1677 χάρις
554 1624 736 1676 ἐπαχθής

84 1681 152 1721 καὶ
164 1679 320 1733 ἄχαρις,
340 1683 401 1719 ubi
413 1696 510 1720 nunc
528 1683 610 1720 vide
628 1683 734 1731 Wyt-

84 1739 252 1776 tenbach.
288 1751 325 1787 p.
355 1738 459 1785 494,
502 1739 565 1788 qui
592 1739 735 1775 Plutar-

85 1795 188 1832 chum
224 1794 294 1830 hoc
328 1807 349 1831 e
382 1795 628 1844 Theophrasti
677 1794 734 1832 vel

86 1850 281 1899 Chrysippi
300 1849 399 1886 libris
412 1851 458 1887 de
470 1851 622 1887 amicitia
636 1863 733 1887 sum-

83 1906 177 1943 sisse
197 1910 301 1956 putat
326 1905 485 1955 aliasque
512 1906 646 1943 similes
671 1919 734 1943 ve-

83 1966 201 1999 terum
222 1963 420 1999 sententias
441 1961 639 2006 collaudat3
654 1962 733 2009 qui-

82 2019 234 2055 buscum
252 2018 458 2065 iungenda,
482 2030 576 2066 quae
596 2017 643 2054 de
658 2019 734 2053 sor-

82 2078 192 2111 tunae
209 2074 487 2123 exprobratione
508 2086 528 2110 e
552 2073 732 2109 veteribus

82 2131 191 2167 affert
220 2129 394 2166 Valcken.
431 2129 480 2165 ad
509 2129 544 2165 h.
571 2128 593 2164 L
663 2128 732 2165 Est

83 2199 230 2235 quoque
256 2186 292 2221 in
313 2186 528 2223 Herodoteo
555 2184 634 2221 loco
650 2184 732 2220 lito-

83 2246 141 2279 tes
166 2243 345 2291 quaedam
371 2255 439 2278 nec
468 2240 557 2277 alias
585 2240 731 2277 omnino

84 2311 187 2344 rara3
217 2298 263 2335 de
289 2310 362 2346 qua
395 2297 424 2334 I.
460 2296 509 2335 H.
539 2296 647 2333 Voss,
677 2297 727 2333 ad

83 2353 186 2403 Virg.
209 2354 348 2402 Georg.
366 2353 435 2401 III,
455 2353 481 2395 5
498 2366 534 2403 p.
553 2353 646 2394 518.

139 2411 281 2461 χρηῖζω
312 2408 522 2461 γενέσθαι]
548 2410 643 2446 Cum
674 2421 731 2446 re-

86 2470 193 2503 centt.
211 2467 314 2505 editt.
334 2466 419 2504 dedi
436 2466 579 2517 χρηίζω
599 2469 635 2503 et
647 2477 731 2501 mox

89 2518 327 2571 ὁρμεομένου
352 2535 423 2572 pro
457 2522 554 2570 mig.
586 2520 730 2572 ὁρμεω-

86 2574 221 2627 μένου.
279 2578 390 2621 Quod
425 2576 621 2614 Adrastum
656 2576 729 2613 filio

87 2633 248 2669 Croesus
272 2633 374 2670 addit
394 2634 593 2679 custodem,
623 2633 729 2681 eique

87 2702 230 2726 omnem
248 2689 308 2725 filii
325 2703 444 2726 curam
455 2694 490 2727 et
501 2690 727 2726 securitatem

85 2745 283 2795 permittit,
312 2745 380 2781 hoc
400 2745 528 2795 opinor
548 2745 727 2793 explican-

84 2802 170 2839 dum
193 2815 234 2838 ex
261 2801 559 2851 paedagogorum
590 2802 727 2839 ratione

84 2859 182 2910 apud
205 2861 366 2906 veteres,
404 2858 595 2908 antiquiori
611 2858 725 2909 potis-

812 898 942 936 simum
961 910 1049 936 aevo
1062 898 1228 947 adeoque
1246 896 1468 935 heroico,—

810 954 853 992 In
893 954 1010 991 verbis
1023 983 1034 1001 ,
1086 967 1180 1003 quae
1227 953 1467 991 antecedunt:

811 1006 1135 1061 προποιήσαντος
1156 1005 1302 1060 χρηστοὶ
1325 1008 1378 1054 ἐς
1402 1005 1464 1056 σὲ,

811 1066 950 1103 monuit
968 1066 1146 1103 Matthiae
1168 1066 1234 1104 Gr.
1249 1066 1314 1102 Gr.
1329 1063 1366 1115 ξ.
1379 1064 1464 1106 415

811 1126 886 1158 not.
904 1125 930 1162 2
947 1135 1033 1172 pag.
1045 1124 1123 1163 761
1156 1122 1204 1158 de
1222 1134 1290 1158 usu
1306 1133 1465 1171 praepo-

811 1178 950 1215 sitionis
996 1177 1055 1224 ἐς,
1115 1177 1284 1215 Eundem
1320 1176 1462 1214 consul.

811 1232 847 1285 ἓ.
865 1235 943 1275 561
969 1247 1054 1284 pag.
1077 1236 1183 1276 1108
1208 1234 1255 1271 de
1278 1233 1461 1283 participii

809 1303 876 1326 usu
906 1291 942 1328 in
974 1290 1154 1339 genitivo,
1196 1289 1360 1338 quamvis
1391 1288 1462 1325 alio

805 1345 843 1381 in
858 1359 943 1382 casu
959 1347 1116 1395 positum
1136 1346 1182 1382 sit
1200 1345 1237 1381 id
1249 1373 1259 1391 ,
1289 1344 1338 1381 ad
1359 1345 1461 1394 quod

805 1402 1035 1452 participium
1055 1401 1184 1439 referri
1200 1400 1347 1438 debeat.

861 1479 921 1535 μή
939 1498 1043 1531 τινες
1083 1477 1166 1522 κατ’
1186 1479 1281 1522 ὁδόν
1303 1484 1460 1530 κλῶπες

804 1541 1019 1592 κακοῦργοι
1042 1539 1105 1579 ἐπὶ
1138 1534 1303 1590 δηλήσει
1337 1537 1457 1589 φανέ-

805 1608 876 1634 ωσι
895 1595 1021 1648 ὗμῖν]
1044 1596 1159 1632 Simili
1175 1596 1285 1633 modo
1298 1624 1309 1644 ,
1325 1600 1366 1632 ut
1389 1595 1419 1632 C
1427 1608 1458 1632 r.

802 1657 926 1701 notat,
971 1653 1123 1690 Homer.
1174 1652 1312 1699 odyss.
1354 1651 1456 1699 VIlI,

801 1710 904 1750 444:
937 1703 1053 1760 μήτις
1072 1723 1133 1748 τοι
1156 1703 1250 1747 καθ’
1271 1705 1364 1747 ὁδὸν
1386 1708 1453 1757 δη-

801 1762 979 1816 λήσεται,
1022 1765 1083 1801 ubi
1120 1764 1333 1800 Eustathius
1363 1776 1451 1814 pag.

802 1820 963 1868 319‚44
980 1821 1037 1858 ed.
1052 1820 1179 1857 Basil.:
1198 1815 1246 1858 to*
1262 1816 1305 1858 δὲ
1326 1816 1451 1869 δηλή-

802 1889 909 1916 σεται
933 1872 1124 1926 εὐφήμως
1147 1872 1256 1913 εἶπεν
1276 1873 1341 1914 ἐπὶ
1362 1877 1450 1912 κλο-

801 1934 896 1981 πῆς.
924 1931 982 1968 Ad
1004 1932 1220 1968 locutionem
1241 1928 1307 1968 ἐπὶ
1329 1925 1448 1980 δηλή-

802 1999 861 2026 σει
899 1989 993 2022 conf.
1038 1986 1169 2022 Matth.
1213 1983 1250 2035 ἓ.
1279 1985 1384 2033 585,
1423 1985 1451 2036 β

799 2055 885 2093 pag.
910 2042 1017 2083 1165
1044 2045 1079 2078 et
1109 2041 1171 2091 qui
1194 2041 1396 2078 consimiles
1427 2054 1450 2079 e

798 2098 938 2137 Nostro
977 2097 1094 2134 attulit
1131 2097 1246 2144 locos,
1287 2096 1446 2135 lVerfer.

798 2155 837 2191 in
879 2153 974 2191 Actt.
1014 2153 1112 2204 phili.
1145 2152 1310 2190 Monacc.
1347 2153 1364 2190 Ι
1377 2182 1388 2201 ,
1418 2155 1447 2194 2

797 2223 885 2261 pag.
901 2213 993 2252 267.
1006 2208 1248 2256 —-„Horatio
1264 2213 1348 2245 sunt
1358 2209 1448 2245 mali

792 2267 897 2317 fures
923 2267 961 2302 in
989 2266 1097 2302 Satir.
1121 2265 1160 2313 Ι,
1197 2267 1245 2313 1,
1277 2268 1344 2312 76,
1383 2265 1446 2302 ubi

798 2336 899 2360 cons.
919 2322 1113 2359 Heindorf.
1149 2320 1209 2357 Ad
1234 2321 1333 2358 verbi
1353 2322 1445 2369 φαί-

798 2394 882 2418 νειν
902 2391 1005 2414 usum
1032 2378 1070 2414 in
1088 2377 1217 2414 talibus
1241 2378 1335 2415 conf.
1356 2377 1441 2414 Pla-

797 2439 871 2472 ton.
897 2434 1087 2483 Protagor.
1126 2433 1205 2470 init.
1240 2429 1367 2472 πόθεν
1387 2454 1443 2460 -

798 2492 972 2541 φαίνειςς
1009 2490 1109 2538 quod
1136 2489 1265 2526 Cicero
1295 2501 1442 2539 expres-

797 2549 844 2584 sit
857 2562 864 2584 :
877 2577 927 2594 ,‚„
942 2546 1038 2582 Unde
1050 2546 1198 2582 tandem
1209 2558 1356 2594 appares
1368 2547 1379 2581 !
1389 2546 1445 2565 ““

796 2604 894 2640 Add.
919 2602 1113 2640 Ruhnken.
1142 2601 1190 2638 ad
1209 2602 1442 2652 Xenophont.

796 2659 1021 2697 Memorabb.
1053 2658 1190 2694 Socrat.
1211 2657 1266 2704 ΙΙ,
1279 2660 1304 2698 8
1320 2687 1329 2704 ,
1362 2658 1385 2694 i.
1404 2657 1445 2693 in>

795 2718 952 2766 Opuscc.
986 2714 1005 2751 I'
1033 2726 1118 2764 pag.
1143 2713 1223 2755 473
1247 2715 1310 2752 ed.
1334 2713 1441 2752 Lem,

796 2773 884 2810 alt.“
915 2771 945 2808 C
954 2784 981 2808 r.

851 2852 950 2908 πρός
978 2852 1019 2896 ὁὲ
1052 2850 1200 2909 τούτῳ,
1232 2853 1297 2896 καὶ
1317 2852 1358 2894 σε’
1385 2869 1440 2894 τοι
