1909 3228
445 179 530 219 794

861 177 1323 217 HERODOTI

415 293 535 330 3τον.
566 287 675 330 ἔτεσι
702 286 786 342 γάρ
816 285 955 340 κάρτα
983 290 1182 330 πολλοῖσι
1212 286 1396 341 ὕστερον
1427 287 1595 331 τούτων
1615 293 1702 332 τῶν

444 366 657 422 βασιλέων
685 370 773 408 τῶν
802 365 878 416 τὰς
903 367 1151 421 πυραμίδας
1184 366 1342 417 ταύτας
1371 361 1426 422 ἦν
1456 368 1700 422 λιπομένων

435 443 665 495 Ῥοδῶπις·
705 443 857 500 γενεήν
884 445 984 499 μὲν,
1027 443 1112 488 ἀπὸ
1153 448 1359 502 Θρηΐκης·
1409 446 1540 502 δούλη
1571 447 1615 490 δὲ
1644 443 1700 503 ἦν

441 523 663 579 Ἰάδμονος
679 528 760 567 τοῦ
777 522 1162 578 ἹΙφαιστοπόλιος,
1194 524 1358 579 ἀνδρὸς
1378 526 1572 581 Σαμίου,
1595 527 1698 569 σύν-

383 745 637 794 quaestionem
667 744 872 793 diligentius
903 747 1036 780 tracta-

382 801 455 847 vit,
495 814 733 850 quaecunque
760 802 818 837 alii
843 802 1034 851 scriptores

381 861 466 908 post
484 858 714 895 Herodotum
733 857 799 894 hac
822 859 867 894 (le
887 856 1035 894 muliere

381 914 594 961 retulerint,
635 926 678 950 ea
715 920 751 952 et
792 913 962 963 ampliata
999 917 1035 951 et

380 976 601 1019 exaggerata
638 971 749 1006 videri
778 984 865 1020 prae
895 969 1033 1018 simpli-

380 1027 466 1064 ciori
517 1028 632 1076 eaque
680 1028 809 1064 veriori
853 1026 1033 1063 Herodoti

379 1084 600 1130 narratione,
632 1084 692 1132 qui
710 1097 817 1120 unam
836 1084 944 1120 modo
967 1096 1033 1119 no-

379 1140 471 1177 verit
489 1140 768 1190 Blio‹lopidem‚
799 1140 897 1176 haud
924 1139 1030 1176 aliam

378 1200 489 1245 atque
512 1196 727 1242 Doricham,
758 1210 837 1233 cum
859 1196 955 1233 haud
976 1198 1031 1232 in—

378 1252 485 1289 solito
517 1266 618 1290 more
645 1266 739 1302 quae
773 1254 898 1302 prius,
949 1267 1029 1290 cuin

378 1322 481 1346 serva
504 1314 620 1357 esset,
650 1314 841 1347 vocaretur
860 1309 1028 1356 Dora'clm,

376 1366 575 1416 postmodo
610 1367 779 1404 meretrix
810 1365 1030 1415 leclopisclis

376 1435 525 1461 nomen)
547 1424 788 1468 assumserit,
836 1436 907 1470 quo
948 1424 1028 1470 ipso

377 1479 465 1516 dein
483 1491 550 1527 per
568 1492 712 1516 omnem
736 1479 927 1516 Graeciam
949 1480 1029 1515 sue-

376 1536 424 1571 rit
454 1534 610 1570 illustris.
681 1535 764 1578 Quo
790 1536 905 1571 omnis
932 1535 1029 1571 cadit

376 1594 413 1628 et
449 1590 629 1627 Perizonii
665 1592 819 1641 suspicio
847 1596 883 1627 ot
915 1591 1028 1628 Athe—

374 1647 455 1684 naei
476 1647 687 1684 criminatio.
745 1648 821 1684 Sed
853 1647 924 1695 leg.
946 1648 1027 1697 ipsa

374 1703 440 1739 viri
457 1704 554 1739 docti
573 1704 759 1752 disputatt.
780 1717 814 1752 p.
830 1706 907 1744 126
923 1716 1025 1751 seqq.

375 1757 448 1802 Qui
486 1759 582 1795 idem
628 1760 696 1796 hoc
736 1773 881 1807 quoque
925 1760 1028 1807 ponit

373 1829 409 1865 p.
437 1817 514 1855 118
539 1828 636 1863 seq.:
677 1815 795 1862 Sami,
826 1816 887 1852 ubi
906 1815 1026 1852 Hero-

373 1872 500 1908 dotum
519 1872 684 1908 iuvenem
705 1872 839 1908 diutius
866 1884 1025 1908 commo-

372 1932 490 1965 ratum
511 1941 592 1965 esse
621 1929 802 1975 novimus,
834 1927 930 1964 illum
958 1941 1026 1964 no-

371 1985 487 2022 titiam
505 1997 651 2031 eorum,
690 1997 784 2033 quae
807 1985 853 2021 de
873 1985 1027 2021 Rhodo-

371 2041 459 2091 pide
493 2042 637 2087 refert,
684 2042 865 2090 accepisse
899 2041 1025 2078 videri.

370 2097 430 2135 De
459 2097 681 2147 Rhodopide
709 2098 865 2146 denique
903 2099 1028 2135 confer

372 2154 442 2200 sis,
483 2166 577 2202 quae
606 2153 783 2202 Limburg
802 2176 818 2181 -
838 2155 1024 2191 Brouwer.

371 2211 493 2247 attulit
532 2210 566 2246 in
598 2210 711 2257 libro,
752 2224 859 2259 quein
891 2211 937 2247 ad
969 2210 1023 2258 ll,

374 2269 454 2308 172
473 2267 658 2303 citavimus
671 2296 681 2313 ,
710 2280 796 2316 pag.
815 2268 868 2308 33
890 2272 966 2303 not.

426 2319 580 2362 τούτων
616 2325 697 2361 τῶν
728 2321 920 2373 βασιλέων
944 2325 1022 2361 τῶν

369 2393 401 2417 τ.
428 2394 469 2418 π.
496 2395 527 2418 τ.
556 2373 609 2429 ἦν
639 2378 863 2430 λιπομένων
888 2377 1024 2418 Ῥοδῶ-

369 2435 451 2485 πις]
475 2436 535 2473 Sic
555 2436 748 2481 edidimus,
773 2437 1021 2473 Gaissordium

371 2493 501 2539 secuti,
542 2492 603 2541 qui
634 2505 654 2530 e
684 2493 898 2529 Florentino
930 2492 1020 2530 libro

369 2548 514 2585 reduxit
532 2545 683 2587 τούτων
704 2553 739 2587 et
749 2548 942 2599 βασιλέων
954 2562 1020 2599 pro

369 2604 466 2653 vulg.
487 2603 657 2643 τουτέων
678 2609 715 2642 et
739 2602 956 2655 βασιλήων.
979 2606 1019 2642 ln

371 2673 473 2709 seqq.
490 2661 576 2698 inde
602 2674 623 2697 a
642 2662 849 2711 Stephano,
881 2662 940 2710 qui
964 2666 1019 2698 ta-

369 2716 438 2753 cite
470 2717 519 2752 sic
544 2723 771 2764 mutaverat,
811 2718 1018 2767 legebatur:

370 2766 585 2817 λιπόντων,
611 2767 663 2823 ἦν
678 2772 887 2821 Ῥοδῶπις,
917 2773 1018 2811 libris

369 2828 518 2865 vetustis
563 2828 704 2878 invitis,
753 2831 814 2879 qui
855 2830 1019 2880 plerique

1105 757 1184 783 eam
1209 745 1365 782 offerunt
1398 745 1629 795 scripturam,
1659 755 1755 792 quae

1103 814 1196 838 nunc
1226 801 1391 838 restituta
1423 801 1623 845 invenitur3
1653 800 1756 849 quod

1104 859 1197 896 enim
1221 858 1369 906 quidam
1391 857 1575 895 exhibent:
1606 851 1658 907 ἦν
1678 859 1752 894 λει-

1102 911 1254 964 πομένη
1273 912 1471 960 Ῥοδῶπις,
1494 928 1514 951 e
1531 914 1615 950 vitio
1634 918 1752 949 ortum

1102 984 1181 1008 esse
1217 975 1328 1020 patet.
1396 970 1529 1019 Neque
1558 971 1594 1005 in
1625 970 1752 1006 ordine

1100 1027 1200 1063 verbi
1230 1025 1453 1077 λιπομένων
1493 1026 1611 1062 minus
1643 1025 1752 1062 solito

1100 1083 1342 1129 haerendum,
1383 1096 1461 1119 cum
1492 1082 1577 1118 talia
1604 1082 1751 1118 omnino

1100 1140 1199 1190 apud
1222 1139 1396 1176 Nostrum
1423 1139 1520 1175 haud
1545 1138 1616 1175 sint
1641 1138 1752 1174 inusi-

1098 1201 1189 1233 tata.
1220 1218 1276 1222 —-
1316 1196 1441 1232 Medio
1480 1202 1599 1231 autem
1637 1194 1751 1230 verbo

1098 1253 1235 1289 hoster
1255 1252 1311 1289 hic
1333 1266 1416 1288 usus
1445 1256 1500 1288 est
1530 1251 1627 1287 haud
1648 1250 1751 1287 aliter

1098 1314 1208 1358 atque
1245 1309 1346 1345 initio
1387 1309 1513 1358 capitis
1544 1308 1581 1343 in
1610 1307 1749 1344 verbis:

1097 1366 1303 1415 πυραμίδα
1336 1363 1376 1403 δὲ
1405 1364 1469 1402 καὶ
1505 1358 1619 1410 οὗτος
1642 1359 1749 1401 εἷπε-

1096 1424 1270 1460 λίπετο
1302 1421 1521 1467 et11‚135:
1544 1416 1749 1470 μνημήιον

1095 1477 1568 1524 -καταλιπέσθαι,
1592 1477 1646 1523 Π,
1670 1477 1746 1516 136

1097 1539 1163 1573 etc.

1151 1584 1203 1639 ἦν
1225 1585 1424 1639 Ἰάδμονος
1445 1590 1516 1627 τοῦ
1534 1586 1745 1634 Ἡφαιστο-

1095 1642 1243 1696 πόλιος]
1277 1647 1314 1682 Ιιι
1334 1644 1661 1694 Hepliaestopulz'clz‘s
1682 1656 1747 1693 pa-

1093 1704 1157 1739 tris
1187 1703 1333 1739 nomine
1367 1702 1438 1738 noli
1468 1701 1637 1747 haerere,
1667 1713 1748 1736 cum

1095 1759 1166 1794 alia
1186 1758 1313 1794 similia
1334 1757 1367 1794 h.
1390 1757 1411 1793 l.
1446 1757 1593 1793 nomina
1617 1756 1747 1792 afferat

1094 1814 1370 1863 lVeschngffls,
1387 1818 1425 1849 ut
1445 1809 1643 1859 Σώπολις,
1661 1807 1748 1861 Ἀμ-

1095 1873 1257 1920 φίπολις
1276 1900 1286 1918 ,
1322 1865 1596 1917 Ἀναξίπολις,
1635 1865 1745 1919 Ἀγη-

1094 1928 1248 1973 σίπολις
1268 1956 1278 1974 ,
1326 1927 1621 1977 Κρατησίπολις
1664 1930 1744 1972 etc.,

1094 1985 1222 2034 quibus
1241 1982 1586 2033 Hepliaestopolidis
1611 1994 1746 2018 nomen

1096 2042 1184 2078 satis
1214 2040 1451 2086 defendatur3
1489 2039 1589 2088 quod
1619 2038 1647 2074 si
1677 2051 1744 2087 pro

1094 2098 1196 2134 urbis
1224 2097 1370 2133 nomine
1398 2096 1604 2133 habendum
1637 2098 1745 2140 esset,

1093 2154 1198 2191 aliter
1219 2153 1326 2202 plane
1353 2153 1583 2189 scribendum
1605 2152 1742 2187 suisset.

1091 2210 1202 2248 Plura
1228 2208 1443 2257 Wesseliiig.
1465 2209 1512 2244 ad
1539 2208 1573 2244 h.
1594 2207 1615 2243 l.
1648 2207 1744 2244 bene

1091 2267 1243 2304 laudans
1270 2266 1405 2313 Cuperi
1438 2265 1646 2301 observ-att.
1679 2263 1741 2308 lv,

1092 2323 1119 2363 4
1150 2336 1186 2371 p.
1217 2335 1263 2358 rn.
1293 2321 1374 2362 395
1401 2334 1478 2370 seq.
1522 2342 1578 2347 —
1622 2320 1743 2362 Quem

1090 2379 1302 2415 Herodotus
1337 2375 1535 2413 Imlmonem
1572 2375 1743 2425 appellat,

1089 2436 1245 2473 eundem
1302 2434 1516 2471 Heraclides
1570 2433 1743 2469 Ponticus

1087 2491 1143 2541 (p.
1169 2494 1213 2530 11
1240 2491 1297 2528 ed.
1316 2490 1484 2538 Koeler.)
1505 2490 1636 2538 aliique
1655 2488 1743 2525 scri-

1086 2553 1211 2598 ptores
1233 2545 1405 2584 Idmonem
1421 2551 1574 2591 vocant,
1604 2544 1741 2594 Aesopi

1088 2605 1293 2650 dominum,
1332 2604 1393 2651 qui
1421 2603 1605 2652 Aesopum
1627 2630 1638 2647 ‚
1669 2601 1741 2636 ori-

1087 2662 1173 2709 gine
1204 2660 1385 2696 Thracem
1404 2689 1414 2706 ‚
1454 2672 1563 2696 maun
1591 2657 1739 2694 miserit.

1086 2716 1166 2754 Nec
1192 2720 1316 2753 tamen
1348 2717 1384 2752 in
1418 2715 1609 2752 Herodoto
1633 2713 1740 2762 quid-

1087 2786 1196 2822 quam
1216 2773 1427 2810 mutanduui
1451 2784 1529 2809 esse
1549 2774 1644 2807 recte
1661 2781 1740 2805 mo-

1087 2834 1150 2867 net
1170 2829 1265 2867 idem
1286 2828 1454 2866 Grauert.
1481 2827 1504 2864 l.
1524 2827 1546 2863 l.
1565 2838 1652 2876 pag.
1672 2827 1737 2866 60.
