<?xml version="1.0" encoding="UTF-8"?>
<!DOCTYPE html PUBLIC "-//W3C//DTD XHTML 1.0 Transitional//EN"
    "http://www.w3.org/TR/xhtml1/DTD/xhtml1-transitional.dtd">
<html xmlns="http://www.w3.org/1999/xhtml" xml:lang="en" lang="en">
 <head>
  <title>
</title>
<meta http-equiv="Content-Type" content="text/html;charset=utf-8" />
  <meta name='ocr-system' content='tesseract 3.04.00' />
  <meta name='ocr-capabilities' content='ocr_page ocr_carea ocr_par ocr_line ocrx_word'/>
</head>
<body>
  <div class='ocr_page' id='page_1' title='image "./musaeherodoto01hero/musaeherodoto01hero_0481.png"; bbox 0 0 1909 3228; ppageno 0'>
   <div class='ocr_carea' id='block_1_1' title="bbox 35 823 133 869">
    <p class='ocr_par' dir='ltr' id='par_1_1' title="bbox 35 823 133 869">
     <span class='ocr_line' id='line_1_1' title="bbox 35 823 133 869; baseline 0.02 -2"><span class='ocrx_word' id='word_1_1' title='bbox 35 823 133 869; x_wconf 85' lang='lat'><em>211</em></span> 
     </span>
    </p>
   </div>
   <div class='ocr_carea' id='block_1_2' title="bbox 633 235 936 276">
    <p class='ocr_par' dir='ltr' id='par_1_2' title="bbox 633 235 936 276">
     <span class='ocr_line' id='line_1_2' title="bbox 633 235 936 276; baseline 0.003 -2"><span class='ocrx_word' id='word_1_2' title='bbox 633 235 850 275; x_wconf 87' lang='lat' dir='ltr'>CLIO.</span> <span class='ocrx_word' id='word_1_3' title='bbox 907 237 936 276; x_wconf 90' lang='grc' dir='ltr'><em>Ι.</em></span> 
     </span>
    </p>
   </div>
   <div class='ocr_carea' id='block_1_3' title="bbox 1332 239 1417 279">
    <p class='ocr_par' dir='ltr' id='par_1_3' title="bbox 1332 239 1417 279">
     <span class='ocr_line' id='line_1_3' title="bbox 1332 239 1417 279; baseline 0.012 -1"><span class='ocrx_word' id='word_1_4' title='bbox 1332 239 1417 279; x_wconf 76' lang='lat'><em>467</em></span> 
     </span>
    </p>
   </div>
   <div class='ocr_carea' id='block_1_4' title="bbox 136 344 1470 402">
    <p class='ocr_par' dir='ltr' id='par_1_4' title="bbox 136 344 1470 402">
     <span class='ocr_line' id='line_1_4' title="bbox 136 344 1470 402; baseline -0.003 -12"><span class='ocrx_word' id='word_1_5' title='bbox 136 355 191 399; x_wconf 89' lang='lat'><em>3„</em></span> <span class='ocrx_word' id='word_1_6' title='bbox 203 344 411 402; x_wconf 69' lang='grc' dir='ltr'><em>ἄρχεσθαι</em></span> <span class='ocrx_word' id='word_1_7' title='bbox 437 344 518 390; x_wconf 77' lang='grc' dir='ltr'><em>ὑπ’</em></span> <span class='ocrx_word' id='word_1_8' title='bbox 553 346 717 392; x_wconf 77' lang='grc' dir='ltr'><em>ἄλλων,</em></span> <span class='ocrx_word' id='word_1_9' title='bbox 767 344 913 401; x_wconf 80' lang='grc' dir='ltr'><em>ἄρχειν</em></span> <span class='ocrx_word' id='word_1_10' title='bbox 943 344 1156 390; x_wconf 78' lang='grc' dir='ltr'><em>ἁπάντων.</em></span> <span class='ocrx_word' id='word_1_11' title='bbox 1214 346 1251 389; x_wconf 81' lang='grc' dir='ltr'><em>εἰ</em></span> <span class='ocrx_word' id='word_1_12' title='bbox 1281 346 1325 389; x_wconf 86' lang='grc' dir='ltr'><em>δέ</em></span> <span class='ocrx_word' id='word_1_13' title='bbox 1350 347 1470 398; x_wconf 77' lang='grc' dir='ltr'><em>τίς-20</em></span> 
     </span>
    </p>
   </div>
   <div class='ocr_carea' id='block_1_5' title="bbox 163 423 1412 482">
    <p class='ocr_par' dir='ltr' id='par_1_5' title="bbox 163 423 1412 482">
     <span class='ocr_line' id='line_1_5' title="bbox 163 423 1412 482; baseline 0 -13"><span class='ocrx_word' id='word_1_14' title='bbox 163 442 265 479; x_wconf 89' lang='grc' dir='ltr'><em>,,τοι</em></span> <span class='ocrx_word' id='word_1_15' title='bbox 293 425 395 477; x_wconf 82' lang='grc' dir='ltr'><em>ὄψις</em></span> <span class='ocrx_word' id='word_1_16' title='bbox 425 423 674 482; x_wconf 76' lang='grc' dir='ltr'><em>ἀπαγγέλλει</em></span> <span class='ocrx_word' id='word_1_17' title='bbox 703 428 838 470; x_wconf 88' lang='grc' dir='ltr'><em>παῖδα</em></span> <span class='ocrx_word' id='word_1_18' title='bbox 865 425 942 469; x_wconf 83' lang='grc' dir='ltr'><em>τόν</em></span> <span class='ocrx_word' id='word_1_19' title='bbox 970 424 1076 481; x_wconf 85' lang='grc' dir='ltr'><em>έμόν</em></span> <span class='ocrx_word' id='word_1_20' title='bbox 1104 424 1291 479; x_wconf 77' lang='grc' dir='ltr'><em>νεώτερα</em></span> <span class='ocrx_word' id='word_1_21' title='bbox 1310 429 1412 482; x_wconf 88' lang='grc' dir='ltr'><em>βου-</em></span> 
     </span>
    </p>
   </div>
   <div class='ocr_carea' id='block_1_6' title="bbox 161 503 1411 562">
    <p class='ocr_par' dir='ltr' id='par_1_6' title="bbox 161 503 1411 562">
     <span class='ocr_line' id='line_1_6' title="bbox 161 503 1411 562; baseline 0 -14"><span class='ocrx_word' id='word_1_22' title='bbox 161 503 340 557; x_wconf 85' lang='grc' dir='ltr'><em>,,λεύειν</em></span> <span class='ocrx_word' id='word_1_23' title='bbox 367 506 464 559; x_wconf 85' lang='grc' dir='ltr'><em>περὶ</em></span> <span class='ocrx_word' id='word_1_24' title='bbox 497 506 590 557; x_wconf 79' lang='grc' dir='ltr'><em>σέο,</em></span> <span class='ocrx_word' id='word_1_25' title='bbox 622 505 703 562; x_wconf 75' lang='grc' dir='ltr'><em>ἐγώ</em></span> <span class='ocrx_word' id='word_1_26' title='bbox 732 522 800 548; x_wconf 88' lang='grc' dir='ltr'><em>τοι</em></span> <span class='ocrx_word' id='word_1_27' title='bbox 827 506 1100 560; x_wconf 85' lang='grc' dir='ltr'><em>παραδίδωμι</em></span> <span class='ocrx_word' id='word_1_28' title='bbox 1130 508 1316 560; x_wconf 85' lang='grc' dir='ltr'><em>χρῆσθαι</em></span> <span class='ocrx_word' id='word_1_29' title='bbox 1336 503 1411 548; x_wconf 79' lang='grc' dir='ltr'><em>αὕ-</em></span> 
     </span>
    </p>
   </div>
   <div class='ocr_carea' id='block_1_7' title="bbox 160 582 1413 642">
    <p class='ocr_par' dir='ltr' id='par_1_7' title="bbox 160 582 1413 642">
     <span class='ocr_line' id='line_1_7' title="bbox 160 582 1413 642; baseline 0 -15"><span class='ocrx_word' id='word_1_30' title='bbox 160 589 254 642; x_wconf 79' lang='grc' dir='ltr'><em>,,τς5</em></span> <span class='ocrx_word' id='word_1_31' title='bbox 283 588 410 628; x_wconf 88' lang='grc' dir='ltr'><em>τοῦτο</em></span> <span class='ocrx_word' id='word_1_32' title='bbox 450 584 475 628; x_wconf 81' lang='grc' dir='ltr'>ὅ</span> <span class='ocrx_word' id='word_1_33' title='bbox 501 602 541 628; x_wconf 90' lang='grc' dir='ltr'><em>τι</em></span> <span class='ocrx_word' id='word_1_34' title='bbox 570 584 625 628; x_wconf 77' lang='grc' dir='ltr'><em>σύ</em></span> <span class='ocrx_word' id='word_1_35' title='bbox 667 584 883 641; x_wconf 84' lang='grc' dir='ltr'><em>βούλεαι.“</em></span> <span class='ocrx_word' id='word_1_36' title='bbox 935 583 1176 639; x_wconf 76' lang='grc' dir='ltr'><em>Ὑστάσπης</em></span> <span class='ocrx_word' id='word_1_37' title='bbox 1205 583 1282 639; x_wconf 77' lang='grc' dir='ltr'><em>μὲν</em></span> <span class='ocrx_word' id='word_1_38' title='bbox 1310 582 1413 627; x_wconf 86' lang='grc' dir='ltr'><em>τού-</em></span> 
     </span>
    </p>
   </div>
   <div class='ocr_carea' id='block_1_8' title="bbox 161 662 1412 720">
    <p class='ocr_par' dir='ltr' id='par_1_8' title="bbox 161 662 1412 720">
     <span class='ocr_line' id='line_1_8' title="bbox 320 662 1387 678; baseline 0.003 -3"><span class='ocrx_word' id='word_1_39' title='bbox 320 663 330 678; x_wconf 73' lang='lat'><em>5</em></span> <span class='ocrx_word' id='word_1_40' title='bbox 454 663 462 675; x_wconf 76' lang='grc' dir='ltr'><strong><em>Ι</em></strong></span> <span class='ocrx_word' id='word_1_41' title='bbox 715 664 724 678; x_wconf 60' lang='grc' dir='ltr'>ἱ</span> <span class='ocrx_word' id='word_1_42' title='bbox 874 662 882 675; x_wconf 58' lang='grc'>1</span> <span class='ocrx_word' id='word_1_43' title='bbox 981 662 988 676; x_wconf 62' lang='grc' dir='ltr'>ἱ</span> <span class='ocrx_word' id='word_1_44' title='bbox 1048 662 1057 676; x_wconf 73' lang='lat'><em>9</em></span> <span class='ocrx_word' id='word_1_45' title='bbox 1135 663 1144 676; x_wconf 82' lang='grc' dir='ltr'><strong><em>Ι</em></strong></span> <span class='ocrx_word' id='word_1_46' title='bbox 1279 662 1318 678; x_wconf 67' lang='lat' dir='ltr'><em>&#39;ln</em></span> <span class='ocrx_word' id='word_1_47' title='bbox 1376 663 1387 678; x_wconf 71' lang='grc'><strong>9</strong></span> 
     </span>
     <span class='ocr_line' id='line_1_9' title="bbox 161 665 1412 720; baseline 0.001 -14"><span class='ocrx_word' id='word_1_48' title='bbox 161 676 273 708; x_wconf 90' lang='grc' dir='ltr'><em>τοισι</em></span> <span class='ocrx_word' id='word_1_49' title='bbox 304 672 615 720; x_wconf 78' lang='grc' dir='ltr'><em>αμειψαμενος,</em></span> <span class='ocrx_word' id='word_1_50' title='bbox 657 680 729 706; x_wconf 85' lang='grc' dir='ltr'><em>και</em></span> <span class='ocrx_word' id='word_1_51' title='bbox 759 665 912 719; x_wconf 81' lang='grc' dir='ltr'><em>διαβάς</em></span> <span class='ocrx_word' id='word_1_52' title='bbox 942 680 1019 706; x_wconf 90' lang='grc' dir='ltr'><em>τον</em></span> <span class='ocrx_word' id='word_1_53' title='bbox 1054 665 1240 717; x_wconf 80' lang='grc' dir='ltr'><em>Αραξεα,</em></span> <span class='ocrx_word' id='word_1_54' title='bbox 1271 680 1336 720; x_wconf 89' lang='grc' dir='ltr'><em>ηιε</em></span> <span class='ocrx_word' id='word_1_55' title='bbox 1371 680 1412 715; x_wconf 85' lang='grc' dir='ltr'><em>ες</em></span> 
     </span>
    </p>
   </div>
   <div class='ocr_carea' id='block_1_9' title="bbox 160 741 1250 800">
    <p class='ocr_par' dir='ltr' id='par_1_9' title="bbox 160 741 1250 800">
     <span class='ocr_line' id='line_1_10' title="bbox 160 741 1250 800; baseline -0.002 -14"><span class='ocrx_word' id='word_1_56' title='bbox 160 744 354 798; x_wconf 79' lang='grc' dir='ltr'><strong><em>Πέρσας,</em></strong></span> <span class='ocrx_word' id='word_1_57' title='bbox 384 743 589 798; x_wconf 78' lang='grc' dir='ltr'><em>φυλάξων</em></span> <span class='ocrx_word' id='word_1_58' title='bbox 617 742 751 800; x_wconf 85' lang='grc' dir='ltr'><em>Κύρῳ</em></span> <span class='ocrx_word' id='word_1_59' title='bbox 781 741 858 785; x_wconf 79' lang='grc' dir='ltr'><em>τόν</em></span> <span class='ocrx_word' id='word_1_60' title='bbox 885 744 1019 785; x_wconf 85' lang='grc' dir='ltr'><em>παῖδα</em></span> <span class='ocrx_word' id='word_1_61' title='bbox 1047 747 1250 796; x_wconf 83' lang='grc' dir='ltr'><em>Δαρεῖον.</em></span> 
     </span>
    </p>
   </div>
   <div class='ocr_carea' id='block_1_10' title="bbox 127 898 1411 956">
    <p class='ocr_par' dir='ltr' id='par_1_10' title="bbox 127 898 1411 956">
     <span class='ocr_line' id='line_1_11' title="bbox 127 898 1411 956; baseline 0.001 -14"><span class='ocrx_word' id='word_1_62' title='bbox 127 900 286 953; x_wconf 72' lang='grc' dir='ltr'><em>Ξὸδόν,</em></span> <span class='ocrx_word' id='word_1_63' title='bbox 318 899 454 944; x_wconf 77' lang='grc' dir='ltr'><em>ἐποίεε</em></span> <span class='ocrx_word' id='word_1_64' title='bbox 483 899 557 951; x_wconf 83' lang='grc' dir='ltr'><em>τὰς</em></span> <span class='ocrx_word' id='word_1_65' title='bbox 586 901 783 955; x_wconf 81' lang='grc' dir='ltr'><em>Κροίσου</em></span> <span class='ocrx_word' id='word_1_66' title='bbox 811 898 1056 956; x_wconf 77' lang='grc' dir='ltr'><strong>ὑποθήκας.</strong></span> <span class='ocrx_word' id='word_1_67' title='bbox 1102 901 1207 955; x_wconf 77' lang='grc' dir='ltr'><em>μετά</em></span> <span class='ocrx_word' id='word_1_68' title='bbox 1237 900 1282 943; x_wconf 79' lang='grc' dir='ltr'><em>δὲ</em></span> <span class='ocrx_word' id='word_1_69' title='bbox 1310 903 1411 943; x_wconf 82' lang='grc' dir='ltr'><em>ταῦ-</em></span> 
     </span>
    </p>
   </div>
   <div class='ocr_carea' id='block_1_11' title="bbox 158 978 1412 1035">
    <p class='ocr_par' dir='ltr' id='par_1_11' title="bbox 158 978 1412 1035">
     <span class='ocr_line' id='line_1_12' title="bbox 158 978 1412 1035; baseline -0.002 -11"><span class='ocrx_word' id='word_1_70' title='bbox 158 997 236 1033; x_wconf 89' lang='grc' dir='ltr'><em>τα,</em></span> <span class='ocrx_word' id='word_1_71' title='bbox 277 978 432 1035; x_wconf 78' lang='grc' dir='ltr'><em>Κύρου</em></span> <span class='ocrx_word' id='word_1_72' title='bbox 462 996 506 1023; x_wconf 90' lang='grc' dir='ltr'><em>τε</em></span> <span class='ocrx_word' id='word_1_73' title='bbox 536 980 608 1023; x_wconf 81' lang='grc' dir='ltr'><em>καὶ</em></span> <span class='ocrx_word' id='word_1_74' title='bbox 645 979 850 1033; x_wconf 87' lang='grc' dir='ltr'><em>Περσέων</em></span> <span class='ocrx_word' id='word_1_75' title='bbox 887 983 966 1023; x_wconf 86' lang='grc' dir='ltr'><em>τοῦ</em></span> <span class='ocrx_word' id='word_1_76' title='bbox 995 984 1194 1035; x_wconf 79' lang='grc' dir='ltr'><em>καθαροῦ</em></span> <span class='ocrx_word' id='word_1_77' title='bbox 1225 982 1412 1034; x_wconf 84' lang='grc' dir='ltr'><em>στρατοῦ</em></span> 
     </span>
    </p>
   </div>
   <div class='ocr_carea' id='block_1_12' title="bbox 154 1056 1412 1114">
    <p class='ocr_par' dir='ltr' id='par_1_12' title="bbox 154 1056 1412 1114">
     <span class='ocr_line' id='line_1_13' title="bbox 154 1056 1412 1114; baseline -0.001 -12"><span class='ocrx_word' id='word_1_78' title='bbox 154 1057 453 1110; x_wconf 72' lang='grc' dir='ltr'><em>ἀπελάσαντος</em></span> <span class='ocrx_word' id='word_1_79' title='bbox 484 1058 620 1102; x_wconf 81' lang='grc' dir='ltr'><strong><em>ὀπίσω</em></strong></span> <span class='ocrx_word' id='word_1_80' title='bbox 656 1058 723 1101; x_wconf 83' lang='grc' dir='ltr'><em>ἐπὶ</em></span> <span class='ocrx_word' id='word_1_81' title='bbox 751 1057 828 1101; x_wconf 85' lang='grc' dir='ltr'><em>τὸν</em></span> <span class='ocrx_word' id='word_1_82' title='bbox 852 1056 1052 1114; x_wconf 78' lang='grc' dir='ltr'><em>Ἀράξεα,</em></span> <span class='ocrx_word' id='word_1_83' title='bbox 1083 1058 1336 1114; x_wconf 77' lang='grc' dir='ltr'><em>λειφθέντος</em></span> <span class='ocrx_word' id='word_1_84' title='bbox 1367 1057 1412 1101; x_wconf 84' lang='grc' dir='ltr'><em>δὲ</em></span> 
     </span>
    </p>
   </div>
   <div class='ocr_carea' id='block_1_13' title="bbox 154 1137 1413 1194">
    <p class='ocr_par' dir='ltr' id='par_1_13' title="bbox 154 1137 1413 1194">
     <span class='ocr_line' id='line_1_14' title="bbox 154 1137 1413 1194; baseline -0.001 -13"><span class='ocrx_word' id='word_1_85' title='bbox 154 1141 236 1181; x_wconf 85' lang='grc' dir='ltr'><em>τοῦ</em></span> <span class='ocrx_word' id='word_1_86' title='bbox 266 1137 474 1194; x_wconf 83' lang='grc' dir='ltr'><em>άχρηῖὀυ,</em></span> <span class='ocrx_word' id='word_1_87' title='bbox 526 1138 770 1180; x_wconf 76' lang='grc' dir='ltr'><em>ἐπελθοῦσα</em></span> <span class='ocrx_word' id='word_1_88' title='bbox 800 1142 887 1180; x_wconf 77' lang='grc' dir='ltr'><em>τῶν</em></span> <span class='ocrx_word' id='word_1_89' title='bbox 919 1138 1244 1193; x_wconf 82' lang='grc' dir='ltr'><em>Μασσαγετέων</em></span> <span class='ocrx_word' id='word_1_90' title='bbox 1271 1154 1413 1192; x_wconf 89' lang='grc' dir='ltr'><em>τριτη-</em></span> 
     </span>
    </p>
   </div>
   <div class='ocr_carea' id='block_1_14' title="bbox 154 1215 1412 1273">
    <p class='ocr_par' dir='ltr' id='par_1_14' title="bbox 154 1215 1412 1273">
     <span class='ocr_line' id='line_1_15' title="bbox 154 1215 1412 1273; baseline -0.001 -14"><span class='ocrx_word' id='word_1_91' title='bbox 154 1217 278 1273; x_wconf 90' lang='grc' dir='ltr'><em>μορὶς</em></span> <span class='ocrx_word' id='word_1_92' title='bbox 306 1220 386 1259; x_wconf 82' lang='grc' dir='ltr'><em>τοῦ</em></span> <span class='ocrx_word' id='word_1_93' title='bbox 417 1219 628 1270; x_wconf 83' lang='grc' dir='ltr'><em>στρατοῦ,</em></span> <span class='ocrx_word' id='word_1_94' title='bbox 666 1215 769 1267; x_wconf 83' lang='grc' dir='ltr'><em>τούς</em></span> <span class='ocrx_word' id='word_1_95' title='bbox 796 1233 840 1260; x_wconf 85' lang='grc' dir='ltr'><em>τε</em></span> <span class='ocrx_word' id='word_1_96' title='bbox 869 1216 1124 1273; x_wconf 76' lang='grc' dir='ltr'><em>λειφθέντας</em></span> <span class='ocrx_word' id='word_1_97' title='bbox 1153 1221 1226 1273; x_wconf 84' lang='grc' dir='ltr'><em>τῆς</em></span> <span class='ocrx_word' id='word_1_98' title='bbox 1258 1216 1412 1270; x_wconf 82' lang='grc' dir='ltr'><em>Κύρου</em></span> 
     </span>
    </p>
   </div>
   <div class='ocr_carea' id='block_1_15' title="bbox 271 819 1705 877">
    <p class='ocr_par' dir='ltr' id='par_1_15' title="bbox 271 819 1705 877">
     <span class='ocr_line' id='line_1_16' title="bbox 271 819 1705 877; baseline -0.001 -13"><span class='ocrx_word' id='word_1_99' title='bbox 271 825 420 876; x_wconf 86' lang='grc' dir='ltr'><em>Κῦρος</em></span> <span class='ocrx_word' id='word_1_100' title='bbox 451 822 495 865; x_wconf 78' lang='grc' dir='ltr'><em>δὲ</em></span> <span class='ocrx_word' id='word_1_101' title='bbox 532 821 762 876; x_wconf 72' lang='grc' dir='ltr'><em>προελθών</em></span> <span class='ocrx_word' id='word_1_102' title='bbox 800 819 884 864; x_wconf 83' lang='grc' dir='ltr'><em>άπὸ</em></span> <span class='ocrx_word' id='word_1_103' title='bbox 924 825 1002 864; x_wconf 90' lang='grc' dir='ltr'><em>τοῦ</em></span> <span class='ocrx_word' id='word_1_104' title='bbox 1043 819 1225 875; x_wconf 81' lang='grc' dir='ltr'><em>Ἀράξεω</em></span> <span class='ocrx_word' id='word_1_105' title='bbox 1254 819 1705 877; x_wconf 55' lang='grc' dir='ltr'><em>ἡμέρης95Μ3553ἕέθῒθῑῐΠῐι</em></span> 
     </span>
    </p>
   </div>
   <div class='ocr_carea' id='block_1_16' title="bbox 1465 855 1742 990">
    <p class='ocr_par' dir='ltr' id='par_1_16' title="bbox 1465 855 1742 990">
     <span class='ocr_line' id='line_1_17' title="bbox 1467 855 1738 889; baseline 0.004 -9"><span class='ocrx_word' id='word_1_106' title='bbox 1467 862 1536 889; x_wconf 74' lang='lat' dir='ltr'>pars</span> <span class='ocrx_word' id='word_1_107' title='bbox 1563 855 1651 881; x_wconf 79' lang='lat' dir='ltr'>tertia</span> <span class='ocrx_word' id='word_1_108' title='bbox 1680 862 1738 888; x_wconf 80' lang='lat' dir='ltr'><em>quo</em></span> 
     </span>
     <span class='ocr_line' id='line_1_18' title="bbox 1466 886 1742 922; baseline 0 -8"><span class='ocrx_word' id='word_1_109' title='bbox 1466 892 1532 914; x_wconf 73' lang='lat' dir='ltr'><em>astu</em></span> <span class='ocrx_word' id='word_1_110' title='bbox 1542 895 1640 915; x_wconf 83' lang='lat' dir='ltr'>caesa:</span> <span class='ocrx_word' id='word_1_111' title='bbox 1649 886 1742 922; x_wconf 79' lang='lat' dir='ltr'>Spar·</span> 
     </span>
     <span class='ocr_line' id='line_1_19' title="bbox 1467 920 1740 957; baseline 0.007 -11"><span class='ocrx_word' id='word_1_112' title='bbox 1467 921 1585 955; x_wconf 72' lang='lat' dir='ltr'>gapisos</span> <span class='ocrx_word' id='word_1_113' title='bbox 1601 920 1740 957; x_wconf 74' lang='lat' dir='ltr'>Tomyris</span> 
     </span>
     <span class='ocr_line' id='line_1_20' title="bbox 1465 954 1674 990; baseline 0.014 -10"><span class='ocrx_word' id='word_1_114' title='bbox 1465 954 1544 981; x_wconf 83' lang='lat' dir='ltr'>filius</span> <span class='ocrx_word' id='word_1_115' title='bbox 1561 956 1674 990; x_wconf 67' lang='lat' dir='ltr'>eaptus.</span> 
     </span>
    </p>
   </div>
   <div class='ocr_carea' id='block_1_17' title="bbox 155 1293 1468 1352">
    <p class='ocr_par' dir='ltr' id='par_1_17' title="bbox 155 1293 1468 1352">
     <span class='ocr_line' id='line_1_21' title="bbox 155 1293 1468 1352; baseline -0.002 -15"><span class='ocrx_word' id='word_1_116' title='bbox 155 1298 355 1350; x_wconf 78' lang='grc' dir='ltr'><em>στρατιῆς</em></span> <span class='ocrx_word' id='word_1_117' title='bbox 391 1294 573 1350; x_wconf 72' lang='grc' dir='ltr'><em>ἐφόνευε</em></span> <span class='ocrx_word' id='word_1_118' title='bbox 613 1293 920 1350; x_wconf 75' lang='grc' dir='ltr'><em>ἀλεξομένους,</em></span> <span class='ocrx_word' id='word_1_119' title='bbox 969 1296 1041 1339; x_wconf 77' lang='grc' dir='ltr'><em>καὶ</em></span> <span class='ocrx_word' id='word_1_120' title='bbox 1080 1295 1159 1352; x_wconf 84' lang='grc' dir='ltr'><em>τὴν</em></span> <span class='ocrx_word' id='word_1_121' title='bbox 1196 1294 1468 1350; x_wconf 80' lang='grc' dir='ltr'><em>προκειμέ-δο</em></span> 
     </span>
    </p>
   </div>
   <div class='ocr_carea' id='block_1_18' title="bbox 153 1371 1405 1429">
    <p class='ocr_par' dir='ltr' id='par_1_18' title="bbox 153 1371 1405 1429">
     <span class='ocr_line' id='line_1_22' title="bbox 153 1371 1405 1429; baseline 0.001 -14"><span class='ocrx_word' id='word_1_122' title='bbox 153 1389 236 1429; x_wconf 88' lang='grc' dir='ltr'><em>νην</em></span> <span class='ocrx_word' id='word_1_123' title='bbox 265 1371 431 1424; x_wconf 83' lang='grc' dir='ltr'><em>ἰδόντες</em></span> <span class='ocrx_word' id='word_1_124' title='bbox 462 1375 611 1424; x_wconf 88' lang='grc' dir='ltr'><em>δαῖτα,</em></span> <span class='ocrx_word' id='word_1_125' title='bbox 641 1372 699 1424; x_wconf 75' lang='grc' dir='ltr'><em>ὥς</em></span> <span class='ocrx_word' id='word_1_126' title='bbox 728 1373 1007 1429; x_wconf 77' lang='grc' dir='ltr'><em>ἐχειρώσαντο</em></span> <span class='ocrx_word' id='word_1_127' title='bbox 1036 1374 1140 1426; x_wconf 81' lang='grc' dir='ltr'><em>τούς</em></span> <span class='ocrx_word' id='word_1_128' title='bbox 1170 1374 1405 1425; x_wconf 80' lang='grc' dir='ltr'><em>ἐναντίους,</em></span> 
     </span>
    </p>
   </div>
   <div class='ocr_carea' id='block_1_19' title="bbox 149 1451 640 1503">
    <p class='ocr_par' dir='ltr' id='par_1_19' title="bbox 149 1451 640 1503">
     <span class='ocr_line' id='line_1_23' title="bbox 149 1451 640 1503; baseline 0.002 -9"><span class='ocrx_word' id='word_1_129' title='bbox 149 1451 369 1503; x_wconf 83' lang='grc' dir='ltr'><em>κλιθέντες</em></span> <span class='ocrx_word' id='word_1_130' title='bbox 407 1452 611 1496; x_wconf 85' lang='grc' dir='ltr'><em>δαίνυντο</em></span> <span class='ocrx_word' id='word_1_131' title='bbox 629 1466 640 1478; x_wconf 84' lang='grc'><em>·</em></span> 
     </span>
    </p>
   </div>
   <div class='ocr_carea' id='block_1_20' title="bbox 273 1674 569 1727">
    <p class='ocr_par' dir='ltr' id='par_1_20' title="bbox 273 1674 569 1727">
     <span class='ocr_line' id='line_1_24' title="bbox 273 1674 569 1727; baseline -0.007 -13"><span class='ocrx_word' id='word_1_132' title='bbox 273 1675 305 1714; x_wconf 92' lang='lat' dir='ltr'>C</span> <span class='ocrx_word' id='word_1_133' title='bbox 323 1688 346 1714; x_wconf 84' lang='lat' dir='ltr'>a</span> <span class='ocrx_word' id='word_1_134' title='bbox 363 1689 400 1727; x_wconf 90' lang='lat' dir='ltr'><em>p.</em></span> <span class='ocrx_word' id='word_1_135' title='bbox 436 1674 569 1713; x_wconf 88' lang='lat' dir='ltr'>CCXI.</span> 
     </span>
    </p>
   </div>
   <div class='ocr_carea' id='block_1_21' title="bbox 79 1756 749 2927">
    <p class='ocr_par' dir='ltr' id='par_1_21' title="bbox 79 1756 749 2927">
     <span class='ocr_line' id='line_1_25' title="bbox 155 1756 748 1812; baseline 0.005 -15"><span class='ocrx_word' id='word_1_136' title='bbox 155 1756 342 1810; x_wconf 84' lang='grc' dir='ltr'><em>Περσέων</em></span> <span class='ocrx_word' id='word_1_137' title='bbox 352 1761 425 1798; x_wconf 84' lang='grc' dir='ltr'><em>τοῦ</em></span> <span class='ocrx_word' id='word_1_138' title='bbox 436 1761 625 1811; x_wconf 77' lang='grc' dir='ltr'><em>καθαροῦ</em></span> <span class='ocrx_word' id='word_1_139' title='bbox 637 1772 748 1812; x_wconf 81' lang='grc' dir='ltr'><em>στρα-</em></span> 
     </span>
     <span class='ocr_line' id='line_1_26' title="bbox 94 1810 749 1867; baseline 0.005 -14"><span class='ocrx_word' id='word_1_140' title='bbox 94 1816 168 1854; x_wconf 80' lang='grc' dir='ltr'><em>τοῦ</em></span> <span class='ocrx_word' id='word_1_141' title='bbox 192 1810 485 1862; x_wconf 69' lang='grc' dir='ltr'><em>ἀπελάσαντος]</em></span> <span class='ocrx_word' id='word_1_142' title='bbox 518 1814 542 1855; x_wconf 77' lang='grc' dir='ltr'>ὁ</span> <span class='ocrx_word' id='word_1_143' title='bbox 569 1814 749 1867; x_wconf 78' lang='grc' dir='ltr'><em>καθαρός</em></span> 
     </span>
     <span class='ocr_line' id='line_1_27' title="bbox 98 1867 745 1921; baseline 0.002 -11"><span class='ocrx_word' id='word_1_144' title='bbox 98 1867 276 1920; x_wconf 79' lang='grc' dir='ltr'><em>στρατὸς,</em></span> <span class='ocrx_word' id='word_1_145' title='bbox 306 1871 362 1908; x_wconf 88' lang='lat' dir='ltr'>cui</span> <span class='ocrx_word' id='word_1_146' title='bbox 389 1884 472 1908; x_wconf 82' lang='lat' dir='ltr'><em>mox</em></span> <span class='ocrx_word' id='word_1_147' title='bbox 504 1874 700 1921; x_wconf 85' lang='lat' dir='ltr'>opponitur</span> <span class='ocrx_word' id='word_1_148' title='bbox 721 1871 745 1911; x_wconf 76' lang='grc' dir='ltr'><em>ὅ</em></span> 
     </span>
     <span class='ocr_line' id='line_1_28' title="bbox 98 1921 743 1977; baseline 0.005 -15"><span class='ocrx_word' id='word_1_149' title='bbox 98 1921 198 1977; x_wconf 75' lang='grc' dir='ltr'><em>ἆχρή</em></span> <span class='ocrx_word' id='word_1_150' title='bbox 205 1932 264 1971; x_wconf 85' lang='grc' dir='ltr'><em>ϊος</em></span> <span class='ocrx_word' id='word_1_151' title='bbox 283 1927 348 1973; x_wconf 86' lang='lat' dir='ltr'><em>(de</em></span> <span class='ocrx_word' id='word_1_152' title='bbox 368 1939 440 1975; x_wconf 91' lang='lat' dir='ltr'><em>quo</em></span> <span class='ocrx_word' id='word_1_153' title='bbox 451 1926 520 1963; x_wconf 90' lang='lat' dir='ltr'>vid.</span> <span class='ocrx_word' id='word_1_154' title='bbox 532 1928 619 1974; x_wconf 83' lang='lat' dir='ltr'><em>adl,</em></span> <span class='ocrx_word' id='word_1_155' title='bbox 631 1929 743 1976; x_wconf 83' lang='lat'>191),</span> 
     </span>
     <span class='ocr_line' id='line_1_29' title="bbox 96 1982 744 2032; baseline 0.002 -13"><span class='ocrx_word' id='word_1_156' title='bbox 96 1983 137 2019; x_wconf 83' lang='lat' dir='ltr'><em>de</em></span> <span class='ocrx_word' id='word_1_157' title='bbox 169 1982 302 2018; x_wconf 70' lang='lat' dir='ltr'>meliori</span> <span class='ocrx_word' id='word_1_158' title='bbox 334 1985 505 2019; x_wconf 72' lang='lat' dir='ltr'>exercitus</span> <span class='ocrx_word' id='word_1_159' title='bbox 541 1987 665 2032; x_wconf 78' lang='lat' dir='ltr'>parte,</span> <span class='ocrx_word' id='word_1_160' title='bbox 703 1984 744 2020; x_wconf 81' lang='lat' dir='ltr'><em>de</em></span> 
     </span>
     <span class='ocr_line' id='line_1_30' title="bbox 89 2039 743 2088; baseline 0.005 -14"><span class='ocrx_word' id='word_1_161' title='bbox 89 2040 182 2088; x_wconf 83' lang='lat' dir='ltr'>flore</span> <span class='ocrx_word' id='word_1_162' title='bbox 201 2039 371 2075; x_wconf 71' lang='lat' dir='ltr'>exercitus</span> <span class='ocrx_word' id='word_1_163' title='bbox 383 2067 394 2085; x_wconf 90' lang='lat'>,</span> <span class='ocrx_word' id='word_1_164' title='bbox 425 2040 575 2088; x_wconf 71' lang='lat' dir='ltr'>copiz&#39;sve</span> <span class='ocrx_word' id='word_1_165' title='bbox 593 2042 743 2088; x_wconf 75' lang='lat' dir='ltr'><em>integris</em></span> 
     </span>
     <span class='ocr_line' id='line_1_31' title="bbox 94 2094 744 2144; baseline 0.003 -13"><span class='ocrx_word' id='word_1_166' title='bbox 94 2094 293 2144; x_wconf 69' lang='lat' dir='ltr'><em>validisque</em></span> <span class='ocrx_word' id='word_1_167' title='bbox 309 2094 459 2143; x_wconf 84' lang='lat' dir='ltr'>intelligi</span> <span class='ocrx_word' id='word_1_168' title='bbox 481 2095 601 2132; x_wconf 86' lang='lat' dir='ltr'>debet.</span> <span class='ocrx_word' id='word_1_169' title='bbox 630 2096 744 2133; x_wconf 84' lang='lat' dir='ltr'>Haud</span> 
     </span>
     <span class='ocr_line' id='line_1_32' title="bbox 95 2150 739 2198; baseline 0.002 -10"><span class='ocrx_word' id='word_1_170' title='bbox 95 2150 199 2189; x_wconf 87' lang='lat' dir='ltr'>aliter</span> <span class='ocrx_word' id='word_1_171' title='bbox 238 2150 424 2189; x_wconf 83' lang='lat' dir='ltr'>Letro&#39;nne</span> <span class='ocrx_word' id='word_1_172' title='bbox 466 2150 643 2198; x_wconf 84' lang='lat' dir='ltr'>(Journal</span> <span class='ocrx_word' id='word_1_173' title='bbox 674 2153 739 2189; x_wconf 83' lang='lat' dir='ltr'>(les</span> 
     </span>
     <span class='ocr_line' id='line_1_33' title="bbox 94 2207 739 2257; baseline 0.003 -14"><span class='ocrx_word' id='word_1_174' title='bbox 94 2207 257 2254; x_wconf 88' lang='lat' dir='ltr'>Savans,</span> <span class='ocrx_word' id='word_1_175' title='bbox 281 2209 388 2248; x_wconf 87' lang='grc'>1817</span> <span class='ocrx_word' id='word_1_176' title='bbox 417 2219 502 2257; x_wconf 82' lang='lat' dir='ltr'><em>pag.</em></span> <span class='ocrx_word' id='word_1_177' title='bbox 524 2208 598 2255; x_wconf 85' lang='lat'><em>97)</em></span> <span class='ocrx_word' id='word_1_178' title='bbox 616 2208 739 2245; x_wconf 82' lang='lat' dir='ltr'>vertit:</span> 
     </span>
     <span class='ocr_line' id='line_1_34' title="bbox 96 2264 742 2312; baseline 0.002 -13"><span class='ocrx_word' id='word_1_179' title='bbox 96 2275 210 2309; x_wconf 84' lang='lat' dir='ltr'>„cum</span> <span class='ocrx_word' id='word_1_180' title='bbox 236 2264 377 2312; x_wconf 78' lang='lat' dir='ltr'>integra</span> <span class='ocrx_word' id='word_1_181' title='bbox 401 2267 502 2312; x_wconf 80' lang='lat' dir='ltr'>parte</span> <span class='ocrx_word' id='word_1_182' title='bbox 536 2264 742 2300; x_wconf 69' lang='lat' dir='ltr'>exercitusf‘</span> 
     </span>
     <span class='ocr_line' id='line_1_35' title="bbox 79 2318 742 2367; baseline 0.002 -13"><span class='ocrx_word' id='word_1_183' title='bbox 79 2318 262 2355; x_wconf 18' lang='lat' dir='ltr'>*Recurrit</span> <span class='ocrx_word' id='word_1_184' title='bbox 287 2318 419 2356; x_wconf 88' lang='lat' dir='ltr'>locutio</span> <span class='ocrx_word' id='word_1_185' title='bbox 446 2319 510 2366; x_wconf 85' lang='lat' dir='ltr'><em>IV,</em></span> <span class='ocrx_word' id='word_1_186' title='bbox 544 2320 646 2367; x_wconf 84' lang='lat'>135,</span> <span class='ocrx_word' id='word_1_187' title='bbox 679 2320 742 2357; x_wconf 90' lang='lat' dir='ltr'>ubi</span> 
     </span>
     <span class='ocr_line' id='line_1_36' title="bbox 97 2373 743 2426; baseline 0.006 -17"><span class='ocrx_word' id='word_1_188' title='bbox 97 2374 182 2411; x_wconf 82' lang='lat' dir='ltr'>vide</span> <span class='ocrx_word' id='word_1_189' title='bbox 223 2373 503 2424; x_wconf 83' lang='lat' dir='ltr'>Wesselingium</span> <span class='ocrx_word' id='word_1_190' title='bbox 550 2377 743 2426; x_wconf 91' lang='lat' dir='ltr'>ipsumque</span> 
     </span>
     <span class='ocr_line' id='line_1_37' title="bbox 96 2429 742 2478; baseline 0.006 -14"><span class='ocrx_word' id='word_1_191' title='bbox 96 2429 474 2478; x_wconf 81' lang='lat' dir='ltr'>Schweighaeuserum</span> <span class='ocrx_word' id='word_1_192' title='bbox 519 2433 633 2469; x_wconf 83' lang='lat' dir='ltr'>nostri</span> <span class='ocrx_word' id='word_1_193' title='bbox 673 2432 742 2469; x_wconf 89' lang='lat' dir='ltr'>loci</span> 
     </span>
     <span class='ocr_line' id='line_1_38' title="bbox 95 2483 744 2530; baseline 0.006 -10"><span class='ocrx_word' id='word_1_194' title='bbox 95 2483 193 2520; x_wconf 84' lang='lat' dir='ltr'>haud</span> <span class='ocrx_word' id='word_1_195' title='bbox 225 2485 384 2523; x_wconf 83' lang='lat' dir='ltr'>oblitum.</span> <span class='ocrx_word' id='word_1_196' title='bbox 469 2487 593 2530; x_wconf 81' lang='lat' dir='ltr'><strong>Quare</strong></span> <span class='ocrx_word' id='word_1_197' title='bbox 632 2489 744 2525; x_wconf 89' lang='lat' dir='ltr'>miror</span> 
     </span>
     <span class='ocr_line' id='line_1_39' title="bbox 97 2539 743 2593; baseline 0.008 -18"><span class='ocrx_word' id='word_1_198' title='bbox 97 2539 250 2577; x_wconf 88' lang='lat' dir='ltr'>eundem</span> <span class='ocrx_word' id='word_1_199' title='bbox 284 2542 420 2588; x_wconf 83' lang='lat' dir='ltr'>virum,</span> <span class='ocrx_word' id='word_1_200' title='bbox 462 2545 561 2592; x_wconf 88' lang='lat' dir='ltr'>quod</span> <span class='ocrx_word' id='word_1_201' title='bbox 592 2548 743 2593; x_wconf 84' lang='lat' dir='ltr'>propter</span> 
     </span>
     <span class='ocr_line' id='line_1_40' title="bbox 97 2595 744 2648; baseline 0.006 -17"><span class='ocrx_word' id='word_1_202' title='bbox 97 2595 273 2632; x_wconf 87' lang='lat' dir='ltr'>adiectum</span> <span class='ocrx_word' id='word_1_203' title='bbox 285 2597 490 2648; x_wconf 83' lang='grc' dir='ltr'><em>Περσέων,</em></span> <span class='ocrx_word' id='word_1_204' title='bbox 523 2612 616 2648; x_wconf 88' lang='lat' dir='ltr'>quae</span> <span class='ocrx_word' id='word_1_205' title='bbox 634 2612 744 2636; x_wconf 85' lang='lat' dir='ltr'>vocu-</span> 
     </span>
     <span class='ocr_line' id='line_1_41' title="bbox 96 2650 744 2704; baseline 0.006 -18"><span class='ocrx_word' id='word_1_206' title='bbox 96 2650 131 2687; x_wconf 83' lang='lat' dir='ltr'><em>la</em></span> <span class='ocrx_word' id='word_1_207' title='bbox 149 2650 283 2700; x_wconf 81' lang='lat' dir='ltr'>alioqui</span> <span class='ocrx_word' id='word_1_208' title='bbox 312 2654 499 2691; x_wconf 89' lang='lat' dir='ltr'>commode</span> <span class='ocrx_word' id='word_1_209' title='bbox 527 2655 655 2692; x_wconf 85' lang='lat' dir='ltr'>abesse</span> <span class='ocrx_word' id='word_1_210' title='bbox 675 2667 744 2704; x_wconf 86' lang='lat' dir='ltr'><em>po-</em></span> 
     </span>
     <span class='ocr_line' id='line_1_42' title="bbox 95 2706 746 2757; baseline 0.006 -15"><span class='ocrx_word' id='word_1_211' title='bbox 95 2707 224 2753; x_wconf 85' lang='lat' dir='ltr'>tuerit,</span> <span class='ocrx_word' id='word_1_212' title='bbox 261 2706 318 2743; x_wconf 84' lang='lat' dir='ltr'>hic</span> <span class='ocrx_word' id='word_1_213' title='bbox 362 2720 437 2744; x_wconf 85' lang='lat' dir='ltr'><em>eam</em></span> <span class='ocrx_word' id='word_1_214' title='bbox 484 2709 634 2757; x_wconf 82' lang='lat' dir='ltr'>intelligi</span> <span class='ocrx_word' id='word_1_215' title='bbox 670 2710 746 2746; x_wconf 83' lang='lat' dir='ltr'>vult</span> 
     </span>
     <span class='ocr_line' id='line_1_43' title="bbox 97 2765 745 2813; baseline 0.006 -16"><span class='ocrx_word' id='word_1_216' title='bbox 97 2765 268 2799; x_wconf 51' lang='lat' dir='ltr'>exercitus</span> <span class='ocrx_word' id='word_1_217' title='bbox 287 2767 440 2812; x_wconf 67' lang='lat' dir='ltr'>partem,</span> <span class='ocrx_word' id='word_1_218' title='bbox 471 2777 557 2813; x_wconf 76' lang='lat' dir='ltr'><em>quae</em></span> <span class='ocrx_word' id='word_1_219' title='bbox 578 2777 619 2800; x_wconf 80' lang='lat' dir='ltr'>ex</span> <span class='ocrx_word' id='word_1_220' title='bbox 642 2767 745 2813; x_wconf 76' lang='lat' dir='ltr'>puris</span> 
     </span>
     <span class='ocr_line' id='line_1_44' title="bbox 90 2817 744 2869; baseline 0.008 -16"><span class='ocrx_word' id='word_1_221' title='bbox 90 2821 192 2867; x_wconf 65' lang='lat' dir='ltr'>pictis</span> <span class='ocrx_word' id='word_1_222' title='bbox 220 2817 338 2855; x_wconf 73' lang='lat' dir='ltr'>Persis</span> <span class='ocrx_word' id='word_1_223' title='bbox 370 2822 520 2856; x_wconf 70' lang='lat' dir='ltr'>maxime</span> <span class='ocrx_word' id='word_1_224' title='bbox 557 2824 744 2869; x_wconf 72' lang='lat' dir='ltr'>composita</span> 
     </span>
     <span class='ocr_line' id='line_1_45' title="bbox 97 2876 745 2927; baseline 0.008 -17"><span class='ocrx_word' id='word_1_225' title='bbox 97 2878 182 2911; x_wconf 78' lang='lat' dir='ltr'>erat.</span> <span class='ocrx_word' id='word_1_226' title='bbox 214 2897 267 2903; x_wconf 85' lang='lat'><em>—-</em></span> <span class='ocrx_word' id='word_1_227' title='bbox 296 2876 354 2912; x_wconf 88' lang='lat' dir='ltr'><em>Ad</em></span> <span class='ocrx_word' id='word_1_228' title='bbox 375 2881 626 2925; x_wconf 81' lang='lat' dir='ltr'>argumentum</span> <span class='ocrx_word' id='word_1_229' title='bbox 646 2879 745 2927; x_wconf 86' lang='lat' dir='ltr'>capi-</span> 
     </span>
    </p>
   </div>
   <div class='ocr_carea' id='block_1_22' title="bbox 702 1452 1411 1510">
    <p class='ocr_par' dir='ltr' id='par_1_22' title="bbox 702 1452 1411 1510">
     <span class='ocr_line' id='line_1_46' title="bbox 702 1452 1411 1510; baseline -0.003 -14"><span class='ocrx_word' id='word_1_230' title='bbox 702 1453 1002 1510; x_wconf 84' lang='grc' dir='ltr'><em>πληρωθέντες</em></span> <span class='ocrx_word' id='word_1_231' title='bbox 1048 1454 1094 1497; x_wconf 79' lang='grc' dir='ltr'><em>δὲ</em></span> <span class='ocrx_word' id='word_1_232' title='bbox 1133 1455 1302 1509; x_wconf 79' lang='grc' dir='ltr'><em>φορβῆς</em></span> <span class='ocrx_word' id='word_1_233' title='bbox 1337 1452 1411 1495; x_wconf 84' lang='grc' dir='ltr'><em>καὶ</em></span> 
     </span>
    </p>
   </div>
   <div class='ocr_carea' id='block_1_23' title="bbox 809 1645 1465 2972">
    <p class='ocr_par' dir='ltr' id='par_1_23' title="bbox 810 1645 1465 1976">
     <span class='ocr_line' id='line_1_47' title="bbox 815 1645 1465 1698; baseline -0.003 -13"><span class='ocrx_word' id='word_1_234' title='bbox 815 1648 861 1686; x_wconf 78' lang='lat' dir='ltr'>tis</span> <span class='ocrx_word' id='word_1_235' title='bbox 894 1648 1026 1686; x_wconf 79' lang='lat' dir='ltr'>Strabo</span> <span class='ocrx_word' id='word_1_236' title='bbox 1061 1648 1215 1686; x_wconf 83' lang='lat' dir='ltr'>conferri</span> <span class='ocrx_word' id='word_1_237' title='bbox 1248 1647 1381 1698; x_wconf 83' lang='lat' dir='ltr'>poterit</span> <span class='ocrx_word' id='word_1_238' title='bbox 1411 1645 1465 1684; x_wconf 88' lang='lat' dir='ltr'><em>XI</em></span> 
     </span>
     <span class='ocr_line' id='line_1_48' title="bbox 814 1704 1464 1755; baseline -0.005 -13"><span class='ocrx_word' id='word_1_239' title='bbox 814 1717 901 1755; x_wconf 88' lang='lat' dir='ltr'>pag.</span> <span class='ocrx_word' id='word_1_240' title='bbox 923 1707 1027 1752; x_wconf 85' lang='lat'>780,</span> <span class='ocrx_word' id='word_1_241' title='bbox 1056 1704 1099 1741; x_wconf 92' lang='lat' dir='ltr'><em>A.</em></span> <span class='ocrx_word' id='word_1_242' title='bbox 1130 1705 1184 1752; x_wconf 86' lang='lat' dir='ltr'><em>B,</em></span> <span class='ocrx_word' id='word_1_243' title='bbox 1224 1705 1285 1754; x_wconf 90' lang='lat' dir='ltr'>qui</span> <span class='ocrx_word' id='word_1_244' title='bbox 1327 1704 1464 1752; x_wconf 88' lang='lat' dir='ltr'><strong>Cyrum</strong></span> 
     </span>
     <span class='ocr_line' id='line_1_49' title="bbox 814 1759 1465 1799; baseline -0.005 -1"><span class='ocrx_word' id='word_1_245' title='bbox 814 1766 940 1798; x_wconf 87' lang='lat' dir='ltr'>contra</span> <span class='ocrx_word' id='word_1_246' title='bbox 959 1762 1070 1798; x_wconf 87' lang='lat' dir='ltr'>Sacas</span> <span class='ocrx_word' id='word_1_247' title='bbox 1098 1762 1227 1799; x_wconf 87' lang='lat' dir='ltr'>eodem</span> <span class='ocrx_word' id='word_1_248' title='bbox 1257 1759 1340 1797; x_wconf 91' lang='lat' dir='ltr'><em>dolo</em></span> <span class='ocrx_word' id='word_1_249' title='bbox 1360 1772 1465 1796; x_wconf 92' lang='lat' dir='ltr'>usum</span> 
     </span>
     <span class='ocr_line' id='line_1_50' title="bbox 815 1816 1463 1864; baseline -0.005 -10"><span class='ocrx_word' id='word_1_250' title='bbox 815 1829 895 1854; x_wconf 88' lang='lat' dir='ltr'>esse</span> <span class='ocrx_word' id='word_1_251' title='bbox 917 1821 1071 1854; x_wconf 81' lang='lat' dir='ltr'>enarrat.</span> <span class='ocrx_word' id='word_1_252' title='bbox 1128 1816 1254 1853; x_wconf 88' lang='lat' dir='ltr'>Simile</span> <span class='ocrx_word' id='word_1_253' title='bbox 1277 1816 1463 1864; x_wconf 87' lang='lat' dir='ltr'>quoddam</span> 
     </span>
     <span class='ocr_line' id='line_1_51' title="bbox 814 1870 1463 1919; baseline -0.005 -10"><span class='ocrx_word' id='word_1_254' title='bbox 814 1885 834 1909; x_wconf 85' lang='lat' dir='ltr'>e</span> <span class='ocrx_word' id='word_1_255' title='bbox 853 1871 957 1908; x_wconf 86' lang='lat' dir='ltr'>Livio</span> <span class='ocrx_word' id='word_1_256' title='bbox 978 1872 1088 1919; x_wconf 85' lang='lat' dir='ltr'>XLI,</span> <span class='ocrx_word' id='word_1_257' title='bbox 1107 1875 1133 1912; x_wconf 80' lang='lat'><strong>2</strong></span> <span class='ocrx_word' id='word_1_258' title='bbox 1163 1873 1211 1910; x_wconf 89' lang='lat' dir='ltr'><em>de</em></span> <span class='ocrx_word' id='word_1_259' title='bbox 1230 1871 1330 1908; x_wconf 83' lang='lat' dir='ltr'>Istris</span> <span class='ocrx_word' id='word_1_260' title='bbox 1355 1870 1463 1907; x_wconf 82' lang='lat' dir='ltr'>affert</span> 
     </span>
     <span class='ocr_line' id='line_1_52' title="bbox 810 1927 1087 1976; baseline 0 -12"><span class='ocrx_word' id='word_1_261' title='bbox 810 1927 1087 1976; x_wconf 79' lang='lat' dir='ltr'>wesselingius.</span> 
     </span>
    </p>

    <p class='ocr_par' dir='ltr' id='par_1_24' title="bbox 809 1977 1460 2924">
     <span class='ocr_line' id='line_1_53' title="bbox 869 1977 1460 2029; baseline -0.005 -8"><span class='ocrx_word' id='word_1_262' title='bbox 869 1978 1017 2029; x_wconf 84' lang='grc' dir='ltr'><em>ἰδόντες</em></span> <span class='ocrx_word' id='word_1_263' title='bbox 1045 1984 1159 2021; x_wconf 84' lang='grc' dir='ltr'><em>δαῖτα</em></span> <span class='ocrx_word' id='word_1_264' title='bbox 1177 2003 1234 2009; x_wconf 90' lang='grc'>-</span> <span class='ocrx_word' id='word_1_265' title='bbox 1258 1977 1460 2027; x_wconf 78' lang='grc' dir='ltr'><em>κλιθέντες</em></span> 
     </span>
     <span class='ocr_line' id='line_1_54' title="bbox 811 2037 1459 2088; baseline -0.008 -10"><span class='ocrx_word' id='word_1_266' title='bbox 811 2037 1021 2088; x_wconf 84' lang='grc' dir='ltr'><em>δαίνυντο]</em></span> <span class='ocrx_word' id='word_1_267' title='bbox 1039 2039 1196 2076; x_wconf 85' lang='lat' dir='ltr'>Sensum</span> <span class='ocrx_word' id='word_1_268' title='bbox 1218 2038 1333 2086; x_wconf 83' lang='lat' dir='ltr'>magis</span> <span class='ocrx_word' id='word_1_269' title='bbox 1350 2049 1459 2085; x_wconf 87' lang='lat' dir='ltr'><em>quam</em></span> 
     </span>
     <span class='ocr_line' id='line_1_55' title="bbox 809 2093 1458 2145; baseline -0.003 -13"><span class='ocrx_word' id='word_1_270' title='bbox 809 2096 921 2132; x_wconf 84' lang='lat' dir='ltr'>verba</span> <span class='ocrx_word' id='word_1_271' title='bbox 965 2096 1047 2145; x_wconf 87' lang='lat' dir='ltr'>ipsa</span> <span class='ocrx_word' id='word_1_272' title='bbox 1085 2106 1303 2145; x_wconf 84' lang='lat' dir='ltr'>praegressa</span> <span class='ocrx_word' id='word_1_273' title='bbox 1349 2093 1458 2140; x_wconf 77' lang='grc' dir='ltr'><em>(τῶν</em></span> 
     </span>
     <span class='ocr_line' id='line_1_56' title="bbox 812 2147 1458 2202; baseline -0.005 -13"><span class='ocrx_word' id='word_1_274' title='bbox 812 2148 1105 2202; x_wconf 78' lang='grc' dir='ltr'><em>Μασσαγετέων</em></span> <span class='ocrx_word' id='word_1_275' title='bbox 1130 2147 1356 2201; x_wconf 84' lang='grc' dir='ltr'><em>τριτημορὶς</em></span> <span class='ocrx_word' id='word_1_276' title='bbox 1384 2150 1458 2187; x_wconf 79' lang='grc' dir='ltr'><em>τοῦ</em></span> 
     </span>
     <span class='ocr_line' id='line_1_57' title="bbox 811 2204 1457 2258; baseline -0.009 -12"><span class='ocrx_word' id='word_1_277' title='bbox 811 2209 997 2258; x_wconf 81' lang='grc' dir='ltr'><em>στρατοῦ)</em></span> <span class='ocrx_word' id='word_1_278' title='bbox 1023 2207 1219 2257; x_wconf 81' lang='lat' dir='ltr'>respiciens</span> <span class='ocrx_word' id='word_1_279' title='bbox 1247 2219 1267 2244; x_wconf 84' lang='lat' dir='ltr'>e</span> <span class='ocrx_word' id='word_1_280' title='bbox 1287 2204 1457 2253; x_wconf 84' lang='lat' dir='ltr'>singulari</span> 
     </span>
     <span class='ocr_line' id='line_1_58' title="bbox 809 2262 1458 2313; baseline -0.005 -14"><span class='ocrx_word' id='word_1_281' title='bbox 809 2263 845 2300; x_wconf 90' lang='lat' dir='ltr'>in</span> <span class='ocrx_word' id='word_1_282' title='bbox 862 2263 1035 2313; x_wconf 88' lang='lat' dir='ltr'><em>pluralem</em></span> <span class='ocrx_word' id='word_1_283' title='bbox 1060 2263 1224 2308; x_wconf 81' lang='lat' dir='ltr'>transiit3</span> <span class='ocrx_word' id='word_1_284' title='bbox 1253 2262 1349 2299; x_wconf 88' lang='lat' dir='ltr'>cuius</span> <span class='ocrx_word' id='word_1_285' title='bbox 1372 2274 1458 2297; x_wconf 89' lang='lat' dir='ltr'>usus</span> 
     </span>
     <span class='ocr_line' id='line_1_59' title="bbox 811 2316 1459 2370; baseline -0.008 -14"><span class='ocrx_word' id='word_1_286' title='bbox 811 2320 977 2370; x_wconf 80' lang='lat' dir='ltr'>exempla</span> <span class='ocrx_word' id='word_1_287' title='bbox 989 2320 1102 2356; x_wconf 73' lang='lat' dir='ltr'>ubivis</span> <span class='ocrx_word' id='word_1_288' title='bbox 1122 2318 1360 2368; x_wconf 83' lang='lat' dir='ltr'>reperiuntur.</span> <span class='ocrx_word' id='word_1_289' title='bbox 1386 2316 1459 2353; x_wconf 91' lang='lat' dir='ltr'><em>Pro</em></span> 
     </span>
     <span class='ocr_line' id='line_1_60' title="bbox 812 2371 1459 2421; baseline -0.012 -6"><span class='ocrx_word' id='word_1_290' title='bbox 812 2375 1000 2414; x_wconf 85' lang='grc' dir='ltr'><em>δαίνυντο</em></span> <span class='ocrx_word' id='word_1_291' title='bbox 1015 2379 1101 2412; x_wconf 81' lang='lat' dir='ltr'>vett.</span> <span class='ocrx_word' id='word_1_292' title='bbox 1116 2375 1199 2412; x_wconf 89' lang='lat' dir='ltr'><em>edd.</em></span> <span class='ocrx_word' id='word_1_293' title='bbox 1218 2387 1259 2411; x_wconf 87' lang='lat' dir='ltr'><em>ac</em></span> <span class='ocrx_word' id='word_1_294' title='bbox 1279 2373 1358 2410; x_wconf 86' lang='lat' dir='ltr'>libri</span> <span class='ocrx_word' id='word_1_295' title='bbox 1378 2371 1459 2421; x_wconf 91' lang='lat' dir='ltr'>qui-</span> 
     </span>
     <span class='ocr_line' id='line_1_61' title="bbox 812 2427 1458 2477; baseline -0.006 -8"><span class='ocrx_word' id='word_1_296' title='bbox 812 2433 896 2469; x_wconf 82' lang='lat' dir='ltr'><em>dam</em></span> <span class='ocrx_word' id='word_1_297' title='bbox 933 2430 1162 2477; x_wconf 79' lang='grc' dir='ltr'><em>ἐδαίνυντο,</em></span> <span class='ocrx_word' id='word_1_298' title='bbox 1201 2442 1294 2466; x_wconf 90' lang='lat' dir='ltr'>unus</span> <span class='ocrx_word' id='word_1_299' title='bbox 1331 2427 1458 2467; x_wconf 79' lang='grc' dir='ltr'><em>ἐδαίν-</em></span> 
     </span>
     <span class='ocr_line' id='line_1_62' title="bbox 811 2485 1459 2527; baseline -0.011 0"><span class='ocrx_word' id='word_1_300' title='bbox 811 2503 941 2527; x_wconf 87' lang='grc' dir='ltr'><em>νυντο.</em></span> <span class='ocrx_word' id='word_1_301' title='bbox 998 2487 1078 2524; x_wconf 82' lang='lat' dir='ltr'>Nos</span> <span class='ocrx_word' id='word_1_302' title='bbox 1114 2485 1361 2523; x_wconf 85' lang='lat' dir='ltr'>Gaisfordium</span> <span class='ocrx_word' id='word_1_303' title='bbox 1401 2496 1459 2521; x_wconf 88' lang='lat' dir='ltr'><em>se-</em></span> 
     </span>
     <span class='ocr_line' id='line_1_63' title="bbox 810 2540 1460 2590; baseline -0.009 -9"><span class='ocrx_word' id='word_1_304' title='bbox 810 2545 881 2582; x_wconf 90' lang='lat' dir='ltr'>cuti</span> <span class='ocrx_word' id='word_1_305' title='bbox 903 2557 1021 2581; x_wconf 90' lang='lat' dir='ltr'>sumus</span> <span class='ocrx_word' id='word_1_306' title='bbox 1042 2556 1082 2580; x_wconf 86' lang='lat' dir='ltr'><em>ac</em></span> <span class='ocrx_word' id='word_1_307' title='bbox 1103 2542 1304 2590; x_wconf 79' lang='lat' dir='ltr'>Schweigh.</span> <span class='ocrx_word' id='word_1_308' title='bbox 1361 2540 1460 2577; x_wconf 84' lang='lat' dir='ltr'>Infra</span> 
     </span>
     <span class='ocr_line' id='line_1_64' title="bbox 810 2597 1459 2648; baseline -0.008 -11"><span class='ocrx_word' id='word_1_309' title='bbox 810 2614 889 2637; x_wconf 88' lang='lat' dir='ltr'><em>cum</em></span> <span class='ocrx_word' id='word_1_310' title='bbox 917 2601 1046 2637; x_wconf 88' lang='lat' dir='ltr'>iisdem</span> <span class='ocrx_word' id='word_1_311' title='bbox 1071 2599 1317 2648; x_wconf 85' lang='lat' dir='ltr'>rescripsimus</span> <span class='ocrx_word' id='word_1_312' title='bbox 1349 2597 1459 2647; x_wconf 86' lang='grc' dir='ltr'><em>βασι-</em></span> 
     </span>
     <span class='ocr_line' id='line_1_65' title="bbox 811 2650 1455 2706; baseline -0.008 -11"><span class='ocrx_word' id='word_1_313' title='bbox 811 2656 918 2706; x_wconf 83' lang='grc' dir='ltr'><em>λείης</em></span> <span class='ocrx_word' id='word_1_314' title='bbox 947 2657 1039 2705; x_wconf 89' lang='lat' dir='ltr'>(pro</span> <span class='ocrx_word' id='word_1_315' title='bbox 1068 2654 1325 2705; x_wconf 74' lang='grc' dir='ltr'><em>βασιληίης),</em></span> <span class='ocrx_word' id='word_1_316' title='bbox 1357 2650 1455 2699; x_wconf 84' lang='lat' dir='ltr'><em>quod</em></span> 
     </span>
     <span class='ocr_line' id='line_1_66' title="bbox 812 2707 1456 2758; baseline -0.009 -11"><span class='ocrx_word' id='word_1_317' title='bbox 812 2724 937 2748; x_wconf 88' lang='lat' dir='ltr'>sensus</span> <span class='ocrx_word' id='word_1_318' title='bbox 956 2711 1146 2758; x_wconf 80' lang='lat' dir='ltr'>flagitabat</span> <span class='ocrx_word' id='word_1_319' title='bbox 1174 2722 1240 2746; x_wconf 89' lang='lat' dir='ltr'>nec</span> <span class='ocrx_word' id='word_1_320' title='bbox 1264 2707 1343 2744; x_wconf 88' lang='lat' dir='ltr'>libri</span> <span class='ocrx_word' id='word_1_321' title='bbox 1365 2718 1456 2742; x_wconf 88' lang='lat' dir='ltr'>non-</span> 
     </span>
     <span class='ocr_line' id='line_1_67' title="bbox 810 2761 1457 2812; baseline -0.006 -9"><span class='ocrx_word' id='word_1_322' title='bbox 810 2766 898 2803; x_wconf 88' lang='lat' dir='ltr'>nulli</span> <span class='ocrx_word' id='word_1_323' title='bbox 938 2766 1153 2802; x_wconf 76' lang='lat' dir='ltr'>reiiciebant.</span> <span class='ocrx_word' id='word_1_324' title='bbox 1221 2763 1317 2801; x_wconf 86' lang='lat' dir='ltr'><em>Nam</em></span> <span class='ocrx_word' id='word_1_325' title='bbox 1345 2761 1457 2812; x_wconf 85' lang='grc' dir='ltr'><em>βασί-</em></span> 
     </span>
     <span class='ocr_line' id='line_1_68' title="bbox 812 2817 1454 2868; baseline -0.011 -8"><span class='ocrx_word' id='word_1_326' title='bbox 812 2825 894 2860; x_wconf 82' lang='grc' dir='ltr'><em>λεια</em></span> <span class='ocrx_word' id='word_1_327' title='bbox 913 2822 1039 2858; x_wconf 83' lang='lat' dir='ltr'>dieitur</span> <span class='ocrx_word' id='word_1_328' title='bbox 1059 2823 1200 2868; x_wconf 72' lang='lat' dir='ltr'>regina,</span> <span class='ocrx_word' id='word_1_329' title='bbox 1231 2825 1270 2856; x_wconf 78' lang='lat' dir='ltr'><em>ut</em></span> <span class='ocrx_word' id='word_1_330' title='bbox 1299 2831 1406 2868; x_wconf 84' lang='lat' dir='ltr'>supra</span> <span class='ocrx_word' id='word_1_331' title='bbox 1426 2817 1454 2863; x_wconf 86' lang='lat' dir='ltr'><em>l,</em></span> 
     </span>
     <span class='ocr_line' id='line_1_69' title="bbox 817 2874 1455 2924; baseline -0.009 -10"><span class='ocrx_word' id='word_1_332' title='bbox 817 2880 896 2919; x_wconf 85' lang='lat'><em>187</em></span> <span class='ocrx_word' id='word_1_333' title='bbox 913 2878 990 2915; x_wconf 86' lang='lat' dir='ltr'>init.</span> <span class='ocrx_word' id='word_1_334' title='bbox 1029 2878 1170 2924; x_wconf 67' lang='lat' dir='ltr'>„Confi</span> <span class='ocrx_word' id='word_1_335' title='bbox 1189 2877 1308 2913; x_wconf 84' lang='lat' dir='ltr'>Sturz.</span> <span class='ocrx_word' id='word_1_336' title='bbox 1334 2874 1455 2911; x_wconf 83' lang='lat' dir='ltr'>Lexic.</span> 
     </span>
    </p>

    <p class='ocr_par' dir='ltr' id='par_1_25' title="bbox 1096 2932 1189 2972">
     <span class='ocr_line' id='line_1_70' title="bbox 1096 2932 1189 2972; baseline -0.022 0"><span class='ocrx_word' id='word_1_337' title='bbox 1096 2934 1151 2972; x_wconf 69' lang='lat'><em>30</em></span> <span class='ocrx_word' id='word_1_338' title='bbox 1173 2932 1189 2954; x_wconf 75' lang='lat'><em>&#39;⁴‘</em></span> 
     </span>
    </p>
   </div>
   <div class='ocr_carea' id='block_1_24' title="bbox 1464 1379 1543 1419">
    <p class='ocr_par' dir='ltr' id='par_1_26' title="bbox 1464 1379 1543 1419">
     <span class='ocr_line' id='line_1_71' title="bbox 1464 1379 1543 1419; baseline 0.013 -1"><span class='ocrx_word' id='word_1_339' title='bbox 1464 1379 1543 1419; x_wconf 88' lang='lat'><em>100</em></span> 
     </span>
    </p>
   </div>
  </div>
 </body>
</html>
