1877 3223
476 212 530 252 :34
890 212 1355 253 HERODO'I'I

477 323 662 376 γυναῖκα
691 322 764 364 καὶ
793 320 872 378 τὴν
900 324 1131 379 βασιληΐην
1165 324 1327 380 Γύγης·
1366 329 1446 369 τοῦ
1476 326 1550 370 καὶ
1573 324 1802 382 Ἀρχίλο·95

430 505 583 544 cupasse
603 495 734 542 tradit,
770 495 868 544 quod
893 499 1010 532 utrum
1036 508 1079 533 ex

429 549 597 597 Xantho,
637 563 684 587 an
707 551 776 588 alio
810 551 930 600 aliquo
964 551 1079 599 Lydi-

429 618 549 643 carum
574 619 691 643 rerum
713 607 887 657 scriptore
908 607 965 645 ille
987 608 1076 645 hau-

427 663 536 709 serit,
585 663 654 713 ipsi
703 664 886 702 Creuzcro
927 664 1075 701 dubium

425 719 566 755 videtur
632 719 692 765 (F
696 732 848 767 ragmm.
914 720 1071 759 Historr.

422 788 460 824 p.
495 773 610 821 204).
650 774 798 812 Fabulis
827 777 943 825 magis
971 791 1073 814 exor-

421 834 507 866 nata
535 829 698 867 Platonis
739 836 794 869 est
829 834 985 869 narratio
1025 835 1072 871 de

423 886 533 934 Gyge
563 887 713 936 eiusque
746 888 878 924 annulo
911 890 1072 936 mirifico,

422 944 469 980 de
491 943 546 980 Re
563 943 660 993 publ.
692 943 748 991 11,
779 946 804 984 3
834 957 922 994 pag.
938 947 1018 987 359
1041 959 1070 984 S.

422 1012 506 1049 pag.
527 1001 581 1039 37
610 998 714 1047 Ast„
753 1013 860 1049 quam
888 1005 943 1038 tot
968 1003 1070 1039 deiu-

423 1068 507 1105 ceps
528 1055 766 1103 celebrarunt,
784 1057 954 1095 laudante
967 1056 1070 1094 Astio

421 1113 468 1148 ad
505 1112 541 1149 h.
576 1112 598 1148 1.
631 1126 670 1161 p.
700 1114 781 1153 393
823 1113 902 1151 coll.
945 1114 1070 1151 Xeno-

417 1167 546 1217 phont.
570 1168 779 1217 Cyropacd.
817 1169 901 1217 vll,
935 1175 980 1217 2,
1003 1170 1069 1216 24,

417 1223 547 1271 quibus
567 1223 597 1260 C
605 1237 630 1259 r.
662 1225 764 1261 addit
782 1224 908 1263 Nonni
934 1231 1068 1263 narrat.

416 1279 451 1315 in
474 1278 605 1316 Creuz.
626 1280 766 1317 Melctt.
788 1281 802 1317 ’1
818 1295 853 1332 p.
866 1286 920 1324 72
942 1297 971 1320 c.
991 1287 1068 1320 not.

416 1338 491 1382 28,
524 1340 561 1372 et
579 1349 672 1385 quae
690 1336 859 1386 leguntur
885 1340 1069 1388 disputata

415 1392 452 1428 in
489 1390 719 1440 Menagiauis
759 1393 792 1429 11
830 1407 868 1443 p.
901 1398 981 1436 299
1020 1396 1066 1432 de

417 1449 547 1495 Gyge,
582 1449 642 1497 qui
669 1450 806 1497 primus
828 1454 942 1487 artem
966 1452 1067 1488 semi-

414 1516 480 1540 nas
501 1505 682 1540 castrandi
710 1505 894 1543 invenerit.
926 1506 985 1543 Ad
1011 1507 1066 1544 hi-

415 1560 548 1596 storiae
581 1561 690 1598 fidem
719 1561 750 1597 si
779 1561 867 1599 haec
896 1576 1065 1602 revocare

412 1615 525 1663 velis,
578 1616 664 1653 mihi
713 1618 838 1666 utique
885 1620 1066 1657 Herodoti

412 1672 570 1709 narratio
623 1675 863 1722 praeferenda
912 1676 1064 1723 videtur,

412 1731 489 1764 tum
514 1730 612 1777 quod
641 1729 871 1767 Herodotum
900 1731 1063 1780 Lydicae

410 1785 570 1833 regionis
620 1788 657 1821 et
696 1786 868 1824 historiae
915 1789 1061 1825 omnino

410 1840 515 1877 valde
564 1853 718 1889 gnariun
767 1844 880 1880 fuisse
925 1849 1061 1894 putem,

409 1901 485 1933 trun
522 1897 622 1945 quod
660 1898 883 1935 orientalium
927 1914 1061 1949 regno-

407 1965 486 1989 rum
512 1952 756 1990 conditionem
786 1958 1061 1994 conversiones-

409 2021 502 2057 que,
533 2008 658 2056 quales
680 2011 779 2059 apud
809 2012 1002 2050 orientales
1022 2013 1059 2050 in

410 2064 614 2112 Gynaeceis
674 2066 786 2113 fiunt,
853 2068 1060 2118 respicienti

408 2118 499 2157 haec
543 2132 652 2168 quam
677 2122 831 2160 maxime
859 2137 1059 2161 accommo-

408 2176 495 2212 data
529 2175 755 2215 videbuntur.
813 2178 861 2216 At
889 2194 974 2217 vero
1011 2182 1059 2218 ad

407 2230 667 2281 mythologiam
698 2247 844 2283 quoque
882 2237 1057 2286 antiquis-

407 2288 534 2324 simam
556 2289 828 2340 fabularumque
841 2293 998 2330 rationes
1013 2305 1057 2330 ea

406 2344 611 2394 pertinere,
667 2358 760 2393 quae
801 2346 928 2395 Plato,
982 2348 1054 2395 alii,

407 2400 454 2436 de
497 2399 604 2449 Gyge
648 2403 843 2440 memoriae
880 2405 1053 2453 prodide—

408 2459 509 2502 runt,
557 2468 663 2493 nemo
699 2470 774 2494 non
805 2459 914 2496 videt.
974 2459 1055 2497 Nec

407 2515 527 2549 tamen
566 2524 686 2549 meum
717 2527 799 2551 esse
825 2514 910 2551 talia
941 2515 1055 2565 expli-

406 2579 490 2604 care
517 2571 553 2604 et
581 2568 628 2605 ad
656 2567 830 2618 liquidum
855 2571 1055 2621 perducere

406 2623 500 2660 bene
541 2625 671 2661 sentio.
729 2625 830 2662 Idem
877 2628 1054 2675 quodam-

406 2679 515 2716 modo
548 2679 643 2718 valet
672 2681 719 2718 de
744 2681 953 2729 Candaule,
992 2683 1053 2732 qui

404 2733 602 2783 Lydiorum
662 2749 830 2775 sermone
875 2738 1052 2778 Hercules

406 2796 482 2838 est,
528 2805 674 2841 quoque
717 2794 800 2831 inde
832 2795 879 2831 ad
915 2795 1052 2833 solares

404 2847 564 2885 rationes
588 2849 834 2899 perducimur,
865 2864 943 2888 cum
974 2852 1053 2900 Gy-

1146 509 1213 545 ges
1245 497 1304 534 ille
1335 497 1541 545 fabulosus,
1594 497 1655 546 qui
1698 495 1799 532 Can-

1145 553 1289 591 dauleui
1330 554 1501 603 opprimit
1542 552 1667 590 annuli
1705 551 1796 588 illius

1144 610 1221 645 miri
1242 623 1313 660 ope
1333 623 1405 645 non
1426 611 1541 646 minus
1563 609 1610 645 ad
1628 608 1793 644 huiusce-

1142 666 1241 702 modi
1283 666 1441 703 rationes
1474 665 1650 703 coelestes
1682 667 1793 712 atque

1140 723 1391 771 cosmogonias
1420 723 1600 772 pertinere
1618 720 1793 766 videatur,

1139 779 1199 815 ubi
1248 792 1320 816 non
1366 779 1483 815 minor
1526 778 1632 823 solis,
1680 788 1790 825 quam

1139 848 1251 884 aquae
1279 840 1335 871 cst
1363 835 1472 872 locus.
1529 834 1606 872 Sed
1636 832 1725 869 haec
1754 835 1791 869 et

1138 891 1208 927 alia
1256 892 1482 928 adumbravit
1528 892 1701 928 Creuzer.
1752 887 1790 923 in

1138 948 1258 996 epistt.
1275 948 1479 985 llomericc.
1513 948 1561 984 ud
1587 946 1788 982 Hermann.

1137 1016 1174 1052 1).
1199 1004 1344 1043 103-—
1359 1006 1451 1043 106.
1482 1002 1561 1041 Nec
1586 1002 1703 1039 minus
1734 1001 1789 1036 se-

1137 1058 1257 1095 minae
1292 1072 1446 1105 nomen,
1503 1071 1613 1107 quam
1645 1056 1787 1094 silentio

1136 1115 1377 1164 praetermisit
1398 1114 1629 1160 Herodotus,
1659 1114 1708 1149 ad
1733 1113 1789 1149 fa-

1139 1170 1241 1207 bulas
1273 1172 1542 1219 quodammodo
1569 1173 1728 1220 spectat,
1759 1168 1790 1203 si

1137 1228 1283 1275 quidem
1315 1226 1435 1277 Nysc'a
1465 1241 1494 1264 s.
1527 1225 1649 1276 Nyssa
1681 1237 1724 1262 ea
1751 1224 1789 1260 in

1137 1284 1344 1320 memoriam
1366 1296 1495 1320 vocare
1519 1282 1663 1333 possit,
1693 1293 1787 1330 quae

1135 1339 1246 1388 vulgo
1267 1340 1364 1389 apud
1385 1352 1452 1375 nos
1471 1352 1617 1388 quoque
1637 1337 1786 1373 tradun-

1136 1400 1192 1431 tur
1229 1396 1274 1431 dc
1307 1394 1429 1445 Nyxz's
1457 1399 1476 1444 (
1488 1394 1786 1441 Wassernyxen)

1135 1455 1197 1488 aut
1231 1453 1331 1500 quod
1371 1452 1466 1500 genii
1517 1451 1685 1501 quidam,
1723 1449 1785 1498 qui

1132 1513 1294 1544 veterum
1331 1508 1527 1545 Penatibus
1568 1506 1700 1543 similes
1729 1518 1787 1543 re-

1132 1565 1330 1613 periuntur,
1359 1564 1488 1611 Danis,
1518 1563 1658 1609 Succis,
1687 1561 1786 1599 Nor-

1131 1621 1347 1669 mannisque
1366 1621 1532 1657 dicuntur
1544 1619 1683 1657 Nissen.
1707 1619 1784 1655 Sed

1130 1680 1243 1712 totum
1292 1677 1494 1714 adscribam
1539 1676 1657 1714 locum
1705 1675 1785 1712 He-

1129 1732 1354 1782 phaestionis
1405 1746 1427 1770 a
1471 1733 1501 1770 C
1509 1746 1535 1770 r.
1575 1732 1784 1777 indicatum,

1132 1788 1247 1837 qualis
1293 1789 1424 1837 legitur
1468 1790 1504 1826 in
1542 1788 1672 1825 Photio
1724 1787 1782 1825 ed.

1128 1844 1229 1881 1111111.
1250 1831 1479 1911 Belle-13
1499 1846 1600 1886 150:
1631 1840 1723 1891 „059
1753 1839 1784 1895 ἦ

1129 1898 1371 1940 Κανδαύλου
1412 1898 1537 1953 γυνή,
1595 1895 1645 1951 ἧς
1675 1895 1782 1952 Ἡρό-

1128 1957 1242 2004 δοτος
1264 1953 1314 1996 ου’
1333 1956 1435 2009 λέγει
1456 1954 1652 2008 τοῦνομα,
1686 1958 1783 1995 Νυ-

1128 2013 1214 2051 σία
1236 2013 1300 2059 (al.
1330 2014 1475 2052 Μυσία
1502 2014 1537 2050 h.
1566 2013 1610 2062 l.)
1637 2011 1784 2052 ἐκαλεῖ-

1126 2081 1193 2108 το·
1236 2066 1265 2120 ἣ
1300 2069 1366 2109 καὶ
1399 2071 1562 2121 δίκορον
1596 2067 1663 2108 καὶ
1696 2064 1782 2116 ὀξυ-

1127 2121 1384 2176 νωπεστάτην
1426 2125 1526 2174 φασὶ
1577 2123 1779 2177 γενέσθαι,

1125 2178 1191 2220 τὸν
1230 2181 1488 2232 δρακοντίτην
1529 2179 1781 2232 κτησαμένην

1123 2237 1268 2284 λίθον,
1301 2234 1362 2275 διὸ
1381 2236 1448 2275 καὶ
1470 2236 1690 2276 αἰσθέσθαι
1706 2235 1778 2278 τόν

1125 2288 1263 2343 Γύγην
1294 2289 1449 2340 ἐξιόντα
1483 2290 1549 2333 διοὶ
1582 2296 1662 2332 τῶν
1695 2297 1778 2334 θυ-

1123 2351 1206 2398 ρῶν
1235 2349 1301 2396 (al.
1334 2345 1489 2396 ἐξιόντα
1523 2349 1580 2396 εἰς
1615 2346 1775 2402 ζήτησιν

1122 2401 1188 2443 δια
1201 2406 1382 2456 θυρῶν)·
1404 2403 1514 2446 ἄλλοι
1538 2407 1775 2446 Τουδοῦν

1122 2455 1250 2510 αὐτήν
1269 2465 1498 2511 καλεῖσθαι,
1529 2462 1571 2501 οἵ
1589 2460 1632 2501 δὲ
1649 2465 1771 2502 Κλυ-

1123 2517 1262 2564 τίαν,
1291 2515 1415 2568 ’Ἁβας
1447 2516 1491 2559 δὲ
1525 2515 1652 2570 Ἁβρῶ
1678 2516 1774 2559 ταύ-

1122 2588 1196 2623 την
1240 2577 1468 2613 καλεῖσθαι·
1534 2577 1695 2628 σιγῆσαι
1728 2573 1772 2616 δὲ

1121 2625 1298 2679 τοῦνομά
1337 2643 1437 2680 φασι
1472 2633 1544 2683 τῆς
1588 2629 1772 2684 γυναικὸς

1120 2683 1187 2724 τὸν
1210 2682 1445 2738 Ἡρόδοτον,
1477 2686 1562 2728 ἐπεὶ
1584 2686 1608 2728 o‘
1625 2683 1767 2740 ἐροίμε-

1120 2757 1189 2788 νος
1234 2741 1449 2795 Ἡροδότου
1516 2744 1768 2797 Πλησίῤῥοος

1122 2799 1320 2847 Νυσίας
1343 2801 1408 2849 (al.
1445 2801 1642 2850 Νυσσίας)
1671 2796 1768 2840 ὄνό-

1119 2869 1211 2905 ματι
1245 2854 1431 2909 ἐρασθεὶς
1471 2855 1766 2907 Ἁλικαρνασίας
