1909 3228
80 751 179 797 178

171 827 457 881 Ξέποιήσατο,
478 824 740 881 Ἀσσυρίοισι
769 826 998 869 ἐπετίθετο.
1041 831 1125 882 Τῆς
1153 826 1197 869 δὲ
1222 824 1448 883 Ἀσσυρίης

683 241 984 282 CL10.1.

1372 245 1458 286 387

204 353 368 397 ἐποίεε·
400 352 454 396 τὰ
485 351 530 397 δὲ
561 351 651 396 ἄνω
682 351 814 409 αὐτῆς
842 352 974 404 αὐτὸς
1006 354 1177 407 Κῦρος,
1210 355 1301 395 πᾶν
1328 352 1458 404 ἔθνος

173 431 632 488 Ξκαταστρεφόμενος,
674 432 748 475 καὶ
787 430 919 476 οὐδὲν
954 432 1131 487 παριείς.
1187 431 1238 474 to}
1266 429 1344 486 μέν
1372 445 1457 474 νυν

205 509 352 555 αὐτῶν
387 509 501 553 πλέω
541 507 795 566 παρήσομεν
807 526 818 537 ·

876 509 929 554 τοὶ
959 509 1006 554 δέ
1036 512 1080 555 οἱ
1105 508 1286 565 παρέσχε
1314 504 1511 554 πόνονΞο

202 606 246 633 τε
276 594 501 643 πλεῖστον,
531 591 604 634 καὶ
634 588 1004 647 ἀξιαπηγητότατα
1030 589 1139 642 ἐστι,
1167 587 1335 633 τούτων
1363 589 1447 633 ἐπι-

203 668 433 725 μνήσομαι.

314 752 461 801 Κῦρος
478 747 569 791 ἐπεί
601 764 644 791 τε
670 746 723 791 τα
746 745 888 790 πάντα
916 751 991 803 τῆς
1018 746 1201 803 ἠπείρου
1228 745 1454 803 ὑποχείρια

200 905 288 949 ἐστὶ
305 904 356 948 τά
375 904 455 960 μέν
476 922 559 949 κου
576 906 647 948 καὶ
671 904 779 948 ἄλλα
799 907 1040 961 πολίσματα
1054 906 1214 961 μεγάλα
1231 903 1383 949 πολλά·
1402 904 1451 949 τό

198 984 243 1028 δὲ
268 982 621 1040 ὀνομαστότατον
640 985 712 1028 καὶ
727 984 1022 1040 ἰσχυρότατον,
1040 984 1111 1028 καὶ
1130 984 1238 1027 ἔνθα
1261 994 1353 1040 σφι,
1377 985 1452 1027 Νί-

199 1080 283 1107 νου
303 1061 548 1108 ἀναστάτου
565 1064 812 1122 γενομένης,
833 1063 885 1107 τοὶ
904 1061 1107 1121 βασιλήϊα
1123 1062 1384 1120 κατεστήκεε,
1400 1057 1509 1119 ἧνΞὸ

142 1262 254 1298 minor
274 1258 477 1311 appellatur
496 1259 658 1308 etHalye
673 1261 791 1297 flumi-

141 1330 188 1354 ne
210 1330 231 1353 a
249 1317 387 1365 reliqua
411 1316 496 1352 Asia
515 1317 689 1353 orientem
708 1330 790 1353 ver-

141 1386 200 1410 sus
223 1373 449 1421 disiungitur.
479 1372 554 1408 Iam
577 1385 671 1421 quae
691 1377 790 1409 trans

139 1429 262 1477 Halyn
284 1429 352 1465 sita
385 1434 440 1466 est
466 1427 572 1474 Asia,
603 1440 682 1465 eam
705 1429 791 1465 dicit

138 1481 186 1523 τοὶ
217 1481 324 1532 ἄνω,
372 1484 566 1534 superioris
595 1484 705 1521 Asiae
733 1498 791 1522 re-

139 1541 278 1590 giones.
337 1541 420 1577 Vid.
445 1541 492 1576 ad
512 1540 549 1587 I,
568 1543 622 1581 72
643 1541 792 1577 monita.

138 1597 259 1647 Atque
286 1596 354 1633 hac
390 1597 427 1634 in
456 1596 689 1646 expeditione
719 1597 794 1645 Cy-

139 1667 218 1690 rum
254 1656 291 1691 et
326 1653 437 1690 Sacas
468 1657 504 1691 et
531 1653 692 1690 Bactrios
725 1653 794 1690 sibi

142 1710 329 1758 subegisse
359 1722 427 1747 nec
468 1722 603 1758 magno
630 1710 792 1758 negotio,

142 1766 344 1815 suspicatur
359 1765 511 1804 Rennel.
531 1765 568 1801 in
581 1765 792 1814 Geograph.

141 1821 320 1858 Herodot.
355 1834 441 1871 pag.
473 1821 553 1861 515
582 1821 640 1857 ed.
662 1833 793 1857 verua-

141 1877 208 1915 cul.
251 1877 358 1913 Conf.
377 1877 554 1914 Herodot.
578 1876 617 1923 I,
651 1877 730 1916 153
757 1880 794 1913 et

141 1946 235 1982 quae
256 1933 305 1969 ibi
330 1933 596 1981 adscripsimus.
623 1952 679 1958 —
704 1931 793 1969 Mox

141 2002 223 2026 cum
249 1989 366 2026 Gaisf.
388 1984 539 2026 αὐτῶν
565 2001 633 2037 pro
665 1983 792 2025 αὐτέ-

142 2060 209 2083 ων.
235 2067 283 2072 ——
299 2045 483 2095 Assyriam
502 2045 538 2080 in
562 2056 663 2092 seqq.
685 2056 793 2080 sensu

141 2101 258 2137 latiori
281 2101 362 2148 dici,
383 2102 455 2138 iam
475 2112 583 2151 supra
603 2100 653 2137 ad
669 2100 698 2148 Ι,
714 2102 793 2141 102

140 2158 336 2207 attigimus.

281 2242 312 2279 C
325 2255 346 2278 a
355 2255 393 2292 p.
424 2239 662 2280 CLXXVIII.

199 2325 330 2364 Νίνου
372 2320 593 2364 οἷναστάτου
635 2321 793 2375 γενομέ-

143 2396 217 2432 νης
228 2385 241 2428 ]
251 2381 449 2418 Articulum
472 2383 543 2431 τῆς
562 2384 647 2417 ante
660 2380 790 2418 Νίνου

140 2450 185 2475 ex
203 2451 274 2474 uno
294 2438 385 2474 libro
403 2438 486 2474 olim
507 2437 682 2482 additum,
713 2449 792 2473 cum

139 2493 308 2541 ignorent
337 2494 463 2543 reliqui
488 2493 589 2540 libri,
625 2506 704 2529 cum
733 2506 792 2529 re-

142 2553 250 2586 centt.
278 2550 455 2587 eiecimus.
511 2548 571 2585 Ad
598 2561 793 2596 argumen-

141 2610 214 2641 tum
233 2610 271 2640 tu
290 2607 383 2642 conf.
411 2618 517 2655 supra
539 2605 576 2651 Ι,
600 2607 700 2648 106,
730 2604 790 2641 [lbi

142 2662 189 2698 de
210 2660 308 2697 Nino
334 2673 355 2697 a
374 2661 493 2698 Medis
514 2662 604 2697 duce
625 2661 791 2708 Cyaxare

141 2718 291 2754 obsessa
332 2721 370 2761 et
407 2720 624 2767 expugnata.
692 2714 787 2753 Add.

140 2773 293 2811 Diodor.
315 2772 423 2811 Sicul.
456 2773 512 2820 ΙΙ,
537 2776 584 2819 7,
615 2772 675 2820 qui
693 2772 787 2809 idem

141 2842 220 2878 cap.
253 2830 279 2869 3
321 2830 367 2868 de
399 2829 487 2868 urbe
525 2829 591 2866 hac
624 2827 786 2880 pluribus

141 2886 311 2937 disputat.

913 1253 968 1309 ’ἧν
988 1256 1206 1310 Βαβυλών]
1244 1257 1416 1308 Sequitur
1435 1259 1508 1297 iam

858 1317 977 1354 multis
1017 1316 1194 1353 celebrata
1222 1315 1283 1352 illa
1309 1315 1508 1363 Babylonis

859 1377 896 1409 et
925 1372 1021 1408 urbis
1049 1377 1084 1408 et
1112 1372 1272 1419 regionis
1298 1372 1508 1420 descriptio,

858 1428 895 1464 in
923 1440 996 1476 qua
1020 1427 1107 1462 illud
1144 1427 1320 1476 principio
1353 1426 1507 1463 lectores

859 1488 985 1521 tenere
1041 1483 1210 1529 velimus,
1278 1483 1508 1520 Herodotum

860 1540 978 1590 ipsum
1001 1538 1097 1575 illam
1123 1540 1247 1576 urbem
1275 1539 1408 1576 adiisse
1435 1539 1510 1575 sin-

861 1596 1019 1645 gulaque
1041 1595 1300 1645 perlustrasse,
1330 1608 1424 1644 quae
1451 1595 1509 1633 hic

859 1653 964 1689 nobis
987 1651 1168 1689 describit.
1214 1652 1311 1688 Hinc
1330 1651 1379 1687 illi
1404 1651 1510 1688 mini-

859 1721 918 1746 me
935 1708 1107 1746 audiendi
1128 1712 1231 1755 sunt,
1247 1709 1308 1757 qui
1324 1706 1509 1756 Assyriam

861 1765 936 1802 sive
961 1764 1199 1812 Babyloniam
1230 1768 1393 1801 nostrum
1421 1764 1509 1800 scri-

862 1824 1005 1871 ptorem
1032 1820 1195 1858 invisisse
1233 1825 1296 1856 aut
1329 1824 1510 1868 negarunt

860 1880 922 1912 aut
949 1879 1046 1913 certe
1080 1876 1117 1911 in
1146 1876 1292 1913 dubium
1321 1879 1507 1922 vocarunt,

861 1944 939 1968 cum
962 1943 1017 1977 ea,
1038 1944 1133 1979 quae
1153 1944 1230 1981 cap.
1257 1933 1508 1972 181—183.

863 1988 943 2027 193
966 2007 1012 2013 -
1039 1989 1121 2027 200
1157 1988 1203 2023 de
1235 1986 1290 2023 his
1325 1991 1507 2034 enarrant,

861 2043 946 2079 satis
979 2042 1139 2079 indicent
1177 2043 1310 2089 virum,
1354 2044 1415 2092 qui
1444 2056 1506 2080 eas

860 2102 974 2136 terras
990 2098 1067 2148 ipse
1087 2098 1510 2148 peragraveritintentis-

861 2167 932 2203 que
962 2154 1072 2191 oculis
1105 2158 1141 2192 et
1167 2154 1310 2191 auribus
1343 2160 1508 2194 accurate

861 2210 982 2247 omnia
1008 2210 1217 2248 observarit.
1273 2211 1334 2247 Sic
1364 2211 1400 2258 Ι,
1428 2213 1506 2252 183

862 2267 909 2304 de
930 2271 1047 2304 statua
1063 2267 1157 2304 Iovis
1185 2267 1364 2304 disserens
1384 2267 1505 2305 addit:

861 2319 934 2375 ἐγώ
958 2322 1028 2373 μέν
1052 2337 1119 2372 μιν
1143 2317 1217 2361 ου’γ,
1245 2319 1363 2362 εἶδον.
1423 2323 1505 2361 Vid.

859 2379 983 2427 Heyse
1006 2380 1168 2423 Quaestt.
1181 2378 1374 2416 Herodott.
1392 2393 1427 2429 p.
1439 2381 1506 2421 99.

858 2435 1019 2473 Heeren.
1048 2435 1159 2472 Ideen
1191 2434 1230 2481 1,
1251 2439 1278 2476 2
1316 2447 1401 2486 pag.
1425 2436 1505 2476 159

859 2505 950 2540 seq.,
980 2492 1040 2540 qui
1060 2492 1152 2529 bene
1169 2491 1319 2527 adnotat
1335 2492 1506 2528 Herodo-

857 2553 931 2584 tum
954 2561 1028 2584 non
1053 2560 1095 2584 ea
1122 2552 1283 2593 tantum,
1315 2560 1407 2596 quae
1427 2548 1505 2597 ipse

857 2604 1009 2651 viderit,
1049 2605 1205 2650 referre,
1244 2616 1368 2641 verum
1395 2606 1503 2642 etiam

857 2659 927 2696 alia
952 2660 1151 2709 quaedam,
1181 2671 1274 2708 quae
1292 2672 1371 2696 cum
1391 2660 1502 2710 ipsius

856 2719 976 2753 aetate
1008 2728 1081 2752 non
1120 2714 1271 2765 amplius
1306 2716 1503 2753 existerent

856 2771 915 2818 (ut
944 2785 974 2808 v.
1001 2785 1030 2809 c.
1066 2773 1209 2809 moenia
1234 2783 1256 2808 a
1286 2771 1399 2808 Dario
1430 2772 1500 2809 iam

855 2828 1022 2875 eversa),
1060 2827 1105 2864 ab
1135 2827 1214 2864 aliis
1243 2832 1392 2877 accepta
1418 2839 1500 2865 eum

852 2883 1016 2923 retulisse
1036 2883 1225 2937 probabile
1244 2884 1360 2922 suerit.
1389 2883 1422 2922 E
1437 2897 1499 2923 ie-

1188 2939 1244 2981 ἐξ)
1264 2940 1283 2971 ²1¹

1507 743 1668 784 Babylonis
1718 751 1782 773 mn·

1506 778 1649 813 gnitudo‚
1672 778 1782 813 puleri-

1502 811 1598 875 ῐιιιίἑίο,
1614 811 1706 849 fossa,
1715 820 1781 841 mu-
