1909 3228
483 226 568 266 684

935 223 1400 263 HERODOTI

483 332 646 383 πόλιος.
672 332 719 374 ἐν
747 331 882 387 ταύτῃ
911 334 965 387 τῇ
994 332 1094 375 πόλι
1123 332 1210 376 ἐστὶ
1244 333 1435 388 Περσέος
1466 337 1544 377 τοῦ
1562 331 1741 389 Δανάης

482 410 582 466 ἷρὸν
610 409 900 464 τετράγωνον·

960 412 1080 466 πέριξ
1121 412 1166 455 δὲ
1206 411 1343 455 αὐτοῦ
1373 414 1569 468 φοίνικες
1596 412 1737 467 πεφύ-

482 502 584 533 κασι
602 503 612 514 ·
641 488 693 532 τοὶ
724 489 770 532 δὲ
799 489 1004 544 πρόπυλα
1033 495 1112 533 τοῦ
1144 493 1245 546 ἱροῦ
1274 491 1422 534 λίθινά
1453 491 1563 545 ἐστι,
1593 490 1731 545 κάρτα
1749 498 1794 532 95

480 567 662 624 μεγάλοι·
705 568 774 611 ἐπὶ
805 569 849 612 δὲ
881 567 1050 612 αὐτοῖσι
1079 567 1335 624 ἀνδριάντες
1380 571 1462 615 δύο
1500 570 1646 614 ἑστᾶσι
1674 572 1738 613 λί-

452 651 604 689 3θινοι
631 646 822 703 μεγάλοι.
854 648 901 691 έν
931 648 976 691 δὲ
1004 652 1068 704 τῷ
1097 650 1442 706 περιβεβλημένῳ
1471 648 1611 705 τούτῳ
1632 647 1739 705 νηός

479 741 524 769 τε
555 725 642 779 ἔνι,
673 726 745 770 καὶ
776 725 947 784 ἄγαλμα
977 728 1023 772 έν
1053 726 1172 788 αὐτῷ
1202 729 1397 787 ἐνέστηκε
1425 733 1506 774 τοῦ
1536 729 1738 786 Περσέος.

423 957 652 995 crederemus
671 987 682 1006 ,
723 958 818 996 hanc
845 960 968 998 urbem
992 974 1074 999 esse

423 1026 524 1060 eam,
553 1027 647 1063 quae
660 1013 794 1066 Καινή
811 1013 927 1063 πόλις
948 1018 1075 1054 dicitur

420 1069 658 1118 Ptoleman,
685 1073 753 1108 nisi
781 1077 947 1110 moneret
972 1073 1075 1110 Dan-

420 1126 556 1172 villius,
576 1126 757 1178 Neapolin
776 1129 910 1167 hancce
927 1135 1075 1179 septua-

420 1182 522 1231 ginta
545 1183 718 1221 milliariis
743 1186 918 1223 Romanis
939 1187 1075 1224 distare

420 1251 443 1275 a
463 1239 638 1277 Chemmi.
696 1241 878 1291 Equidem
898 1247 1017 1280 tamen
1037 1243 1073 1280 in

420 1296 510 1333 urbe
532 1324 543 1342 ,
587 1299 684 1334 cuius
732 1303 808 1335 tam
844 1299 915 1336 late
945 1304 1073 1349 pateat

420 1352 636 1400 significatio
649 1384 659 1401 ,
674 1354 761 1391 nihil
780 1356 984 1402 decernam,
1006 1369 1073 1393 nec

418 1409 455 1445 in
475 1410 699 1460 geographia
727 1415 846 1448 terrae
868 1411 1072 1462 Aegyptia—

419 1478 505 1511 cae,
526 1479 620 1514 quae
641 1470 698 1503 tot
720 1468 837 1504 adhuc
855 1468 996 1504 laborat
1016 1473 1071 1505 te-

418 1521 560 1568 nebris,
579 1523 775 1571 quidquam
795 1528 890 1560 certe
911 1537 1071 1573 pronun-

418 1578 592 1615 tiaverim.
652 1579 846 1616 Caeterum
869 1580 952 1617 vide
969 1584 1007 1616 tu
1024 1581 1070 1618 de

417 1633 576 1683 Neapoli
588 1634 861 1671 Schlichthorst.
871 1635 892 1671 l.
906 1635 927 1671 l.
939 1650 974 1685 p.
990 1639 1066 1677 101

419 1702 496 1738 seq.
515 1694 551 1727 et
569 1690 752 1727 Mannert.
775 1691 796 1727 l.
820 1691 842 1728 l.
869 1705 955 1741 pag.
974 1694 1069 1738 371,

418 1747 480 1795 qui
507 1747 636 1783 eodem
673 1747 752 1783 loco
783 1760 879 1784 nunc
914 1749 1071 1797 conspici

417 1803 505 1839 dicit
523 1803 638 1839 vicum
657 1802 773 1849 Kene,
800 1808 942 1841 retenta
963 1804 1070 1840 nimi-

417 1871 495 1895 rum
514 1864 634 1896 vetere
655 1859 914 1910 appellatione,
945 1872 1071 1910 quam-

416 1916 468 1952 vis
488 1928 549 1951 col
552 1920 666 1965 rupta

473 1970 516 2010 ἐν
536 1967 658 2026 ταύτη
680 1974 739 2036 τῇ
752 1966 844 2010 πόλι
863 1969 942 2011 ἐστὶ
966 1974 1068 2023 Περ-

417 2025 504 2074 σέος
525 2042 595 2067 του
626 2024 791 2078 Δανάης
823 2026 907 2079 ἷρόν
935 2026 1067 2079 τετρά-

414 2088 572 2137 γωνον]
611 2085 745 2122 Mirum
764 2087 928 2135 profecto
952 2086 1067 2124 videri

414 2141 534 2191 possit
562 2141 714 2189 Persei,
746 2155 853 2190 quem
885 2143 1065 2180 Graecum

413 2198 522 2246 vulgo
544 2197 690 2235 heroem
714 2198 907 2248 perhibent
923 2228 934 2246 ,
974 2203 1066 2236 tem-

413 2253 513 2304 plum
535 2258 571 2291 et
594 2255 708 2292 cultus
734 2256 852 2291 media
880 2256 916 2291 in
941 2253 1066 2304 Aegy-

413 2315 480 2361 pto
501 2339 512 2358 ‚
553 2312 622 2348 nisi
654 2311 803 2348 interius
837 2312 924 2360 quid
952 2311 1066 2349 latere

414 2367 608 2404 existimes.
652 2367 720 2404 Est
739 2367 834 2404 enim
851 2368 908 2404 hic
929 2368 976 2404 de
997 2369 1066 2406 deo

414 2424 647 2472 cogitandum
668 2453 679 2471 ,
716 2437 791 2460 non
825 2424 929 2461 aliter
957 2429 1067 2473 atque

414 2480 461 2516 de
487 2480 645 2517 Hercule
677 2479 882 2530 Aegypti03
923 2484 959 2517 et
987 2481 1067 2529 qui-

414 2536 497 2573 dem
520 2537 566 2573 de
587 2537 695 2573 solari
717 2537 786 2573 deo
805 2537 879 2574 sive
899 2537 979 2586 ipso
996 2537 1067 2572 So-

413 2591 470 2637 le·,
497 2605 569 2641 quo
586 2593 643 2630 vel
661 2605 793 2629 nomen
819 2594 950 2630 ducere
980 2606 1067 2642 pos-

415 2648 482 2694 sit,
512 2649 549 2684 in
573 2661 653 2697 *quo
684 2648 858 2698 splendidi
887 2661 928 2686 ac
958 2648 1070 2686 lucidi

413 2705 599 2741 notionem
621 2705 687 2741 sibi
707 2705 990 2756 deprehendisse
1002 2706 1068 2742 visi

415 2763 499 2795 sunt
529 2761 592 2796 viri
621 2762 729 2798 docti.
789 2762 932 2806 Quodsi
956 2762 1067 2810 igitur

414 2815 537 2851 Solem
566 2817 702 2854 Perseo
747 2818 896 2855 indicari
931 2823 1067 2855 certum

417 2874 494 2918 est,
518 2871 588 2908 iam
610 2886 704 2922 quae
720 2874 767 2911 de
790 2887 835 2912 eo
852 2875 1069 2925 praedicen-

1141 965 1217 1008 tur,
1247 961 1385 998 facilius
1414 973 1521 1011 spero
1549 959 1698 1009 intelligi
1727 972 1796 1010 po-

1141 1022 1286 1064 terunt,
1330 1031 1397 1054 nec
1425 1019 1539 1067 magis
1568 1030 1636 1053 nos
1663 1017 1795 1053 adver-

1142 1079 1220 1111 tant
1234 1074 1307 1111 ludi
1328 1075 1485 1123 gymnici
1507 1074 1628 1111 Persei
1658 1073 1757 1109 iussu
1773 1084 1796 1109 a

1143 1131 1358 1168 Chemmitis
1370 1130 1534 1178 instituti,
1545 1142 1654 1179 quam
1665 1128 1796 1178 Olym-

1141 1187 1212 1237 pici
1250 1187 1324 1223 ludi
1353 1188 1397 1224 ab
1443 1186 1603 1224 Hercule
1649 1185 1794 1222 conditi.

1141 1243 1223 1281 Nec
1257 1244 1414 1292 denique
1434 1256 1508 1279 non
1541 1242 1797 1291 intelligemus,

1142 1313 1204 1336 cur
1241 1299 1396 1337 Perseus
1432 1299 1643 1337 Chemmitis
1681 1298 1796 1348 adpa-

1140 1369 1246 1402 rens,
1276 1360 1417 1393 tantam
1433 1356 1562 1393 afferat
1589 1355 1674 1392 anni
1695 1355 1797 1392 ferti-

1140 1412 1280 1450 litatem
1309 1412 1522 1461 felicemque
1546 1413 1691 1460 frugum
1707 1424 1796 1460 pro-

1138 1473 1296 1505 ventum.
1355 1468 1452 1505 Nolo
1479 1469 1642 1518 pluribus
1677 1480 1720 1503 ea
1747 1467 1794 1504 de

1137 1537 1177 1562 re
1196 1525 1421 1574 disceptare,
1452 1537 1547 1572 quae
1575 1524 1621 1559 ad
1649 1522 1795 1572 mytho-

1137 1580 1242 1628 logos
1261 1581 1379 1630 potius
1400 1581 1582 1629 pertinet,
1613 1592 1720 1628 quam
1743 1579 1790 1614 ad

1137 1636 1317 1674 Herodoti
1338 1638 1596 1685 interpretem,
1627 1636 1688 1684 qui
1713 1636 1794 1671 uni-

1140 1706 1181 1730 ce
1210 1693 1278 1729 hoc
1304 1693 1371 1729 sibi
1411 1692 1521 1729 habet
1549 1692 1793 1741 propositum,

1139 1753 1179 1785 ut
1208 1749 1419 1797 scriptorem
1450 1748 1628 1793 illustret,
1669 1747 1794 1797 quoad

1140 1805 1216 1842 eius
1238 1805 1315 1841 fieri
1340 1808 1484 1854 potest,
1514 1805 1662 1853 eiusque
1683 1804 1795 1841 effata

1138 1861 1359 1910 comprobet.
1409 1860 1568 1897 Videant
1583 1861 1693 1909 igitur
1712 1873 1793 1908 my-

1139 1917 1324 1966 tholegiae
1363 1917 1515 1953 studiosi
1554 1917 1725 1954 Creuzer.
1755 1916 1793 1952 ἰιι

1138 1973 1301 2023 Symbol.
1330 1973 1486 2023 passim,
1527 1985 1570 2010 ac
1598 1973 1792 2023 praecipue

1135 2029 1152 2066 I
1171 2044 1207 2081 p.
1229 2029 1321 2070 471.
1345 2030 1426 2070 743
1446 2042 1548 2077 seqq.
1576 2032 1657 2070 769
1686 2042 1789 2078 seqq.

1134 2086 1167 2123 ΙΙ
1188 2100 1223 2137 p.
1247 2086 1328 2127 204
1352 2099 1455 2135 seqq.
1489 2085 1540 2122 ΠΙ
1558 2099 1594 2136 p.
1609 2087 1690 2127 236
1712 2097 1787 2133 seq.

1133 2142 1184 2179 lv
1204 2157 1241 2194 p.
1264 2142 1319 2183 44
1340 2155 1442 2191 seqq.

1189 2251 1236 2293 τά
1268 2251 1310 2293 δὲ
1337 2249 1517 2305 πρόπυλα
1544 2253 1616 2292 τοῦ
1639 2251 1730 2303 ἱροῦ
1749 2265 1785 2290 κ.

1133 2326 1165 2349 τ.
1187 2310 1236 2361 λ.]
1267 2306 1471 2361 πρόπυλα,
1493 2323 1587 2360 quae
1607 2310 1714 2346 etiam
1732 2308 1788 2344 di-

1135 2373 1263 2405 cuntur
1283 2363 1521 2418 προπύλαια.
1582 2366 1718 2403 Confer
1740 2364 1786 2411 Π,

1136 2424 1227 2465 153.
1260 2425 1368 2467 Quod
1390 2420 1478 2475 ἱρὸν
1496 2424 1611 2468 dixit,
1630 2423 1665 2458 in
1682 2433 1785 2469 seqq.

1134 2480 1331 2517 nominavit
1350 2483 1465 2519 τοῦτο
1488 2477 1532 2518 τό
1551 2478 1786 2530 περιβεβλη-

1135 2536 1255 2587 μένον
1288 2537 1453 2586 beneque
1486 2537 1648 2573 distinxit
1684 2530 1786 2583 νηὸν

1134 2595 1157 2630 i.
1182 2607 1212 2630 e.
1237 2593 1363 2630 aedem
1392 2607 1420 2629 s.
1442 2593 1639 2629 aediculam
1669 2591 1784 2641 ipsam

1137 2655 1240 2700 septo
1267 2663 1372 2686 sacro
1407 2649 1600 2696 inclusam,
1642 2649 1676 2683 in
1713 2658 1785 2695 qua

1135 2707 1194 2744 dei
1215 2707 1359 2754 signum
1375 2705 1598 2743 collocatum.
1647 2704 1786 2740 Confer

1136 2763 1190 2809 ll,
1213 2764 1279 2803 63.
1317 2784 1365 2789 —
1398 2762 1439 2798 ln
1466 2775 1568 2811 seqq.
1598 2759 1784 2797 articulum

1135 2820 1207 2857 τοῦ
1229 2823 1313 2855 ante
1339 2816 1513 2869 Περσέος
1531 2830 1610 2855 cum
1628 2818 1781 2853 recentt.

1135 2875 1348 2913 inseruimus
1367 2888 1387 2913 e
1402 2875 1565 2926 probatis
1588 2873 1697 2910 libris.
