1909 3228
269 226 352 265 924
677 226 999 264 CREUZERI
1038 227 1374 268 EXCURSUS

595 631 996 681 CREUZERI
1031 633 1452 683 EXCURSUS

448 745 581 786 AD
693 749 1350 790 HERoDoT‚
1434 751 1586 798 1‚93.

604 982 695 1025 De
742 984 1061 1040 sepulcro
1101 985 1428 1041 Alyactis.

374 1107 464 1133 ,‚—
483 1085 697 1124 Franciscus
728 1088 968 1138 Inghiramius
987 1119 998 1138 ‚
1036 1091 1088 1126 vir
1117 1091 1164 1127 de
1190 1095 1508 1128 monumentorum
1537 1091 1774 1140 antiquorum

261 1154 471 1202 cognitione
489 1155 762 1203 meritissimus,
794 1158 832 1194 in
851 1159 1074 1195 monumenti
1101 1158 1270 1195 Etrusebi
1292 1160 1385 1196 serie
1408 1158 1458 1196 IV
1485 1172 1572 1210 pag.
1598 1162 1678 1200 167
1697 1171 1773 1208 seq.

259 1225 453 1271 postquam
472 1222 684 1261 Porsennae
711 1226 807 1274 regis
836 1227 999 1276 sepulcro
1021 1226 1173 1263 Clusino
1205 1226 1296 1273 (vid.
1321 1227 1435 1263 varro
1454 1228 1552 1277 apud
1572 1227 1663 1263 Plin.
1685 1226 1719 1263 h.
1738 1239 1774 1264 n.

260 1288 421 1327 XXXVI
446 1303 524 1341 cap.
543 1291 659 1339 Xlil)
685 1294 777 1330 etin
801 1294 886 1330 Asia
908 1299 946 1332 et
971 1296 1007 1331 in
1034 1294 1139 1331 Italia
1161 1293 1360 1331 consimilia
1386 1294 1455 1331 alia
1484 1296 1592 1333 fuisse
1619 1295 1774 1342 dixerat,

258 1357 312 1394 ita
331 1359 474 1407 pergit:
505 1388 529 1406 „
541 1358 644 1406 „Del
671 1362 751 1411 pari
782 1361 841 1399 nel
868 1375 979 1412 paese
998 1363 1033 1398 di
1052 1362 1160 1410 Lidi,
1192 1364 1350 1400 secondo
1370 1362 1434 1400 che
1457 1363 1624 1400 Erodoto
1651 1375 1773 1409 narra,

257 1423 281 1460 il
322 1425 507 1463 mausoleo
547 1427 720 1466 d’Aliatte
747 1431 944 1468 consistera
972 1434 1010 1468 in
1044 1444 1116 1467 una
1152 1431 1232 1467 base
1259 1431 1522 1480 quadrilunga,
1562 1435 1773 1469 sostenente

257 1504 405 1530 enorme
433 1494 570 1531 tumulo
603 1496 640 1532 di
668 1501 766 1535 terra
792 1498 885 1536 della
909 1501 1039 1550 figura
1071 1499 1110 1535 <li
1137 1512 1186 1534 un
1216 1512 1320 1545 cono,
1358 1499 1448 1536 sulla
1478 1499 1533 1536 cui
1563 1502 1772 1535 troncatura

255 1572 367 1597 erano
396 1561 525 1609 cinque
542 1564 675 1610 grandi
691 1566 806 1613 stelii,
846 1581 948 1605 come
976 1568 1026 1616 gli
1057 1566 1226 1604 obelisehi
1251 1566 1344 1603 della
1371 1567 1496 1603 tomba
1525 1567 1772 1603 Chiusina.““

256 1626 354 1664 Tum
380 1630 553 1666 amandat
578 1631 730 1671 lectores
764 1648 847 1671 suos
874 1636 922 1672 ad
951 1648 1018 1672 ser.
1041 1635 1152 1672 Vltae
1170 1634 1329 1670 tabulam
1358 1635 1399 1671 F.
1420 1637 1466 1678 δ’,
1497 1647 1569 1683 qua
1593 1635 1628 1670 in
1648 1635 1771 1672 tabula

254 1695 376 1732 icones
397 1696 576 1734 exhibitae
589 1705 674 1737 sunt
693 1715 772 1738 cum
795 1703 1025 1751 reliquiarum
1049 1703 1187 1751 aliquot
1208 1703 1380 1750 antiquae
1400 1703 1570 1748 fabricae,
1594 1707 1671 1739 tum
1692 1715 1770 1750 eae,

255 1775 350 1811 quae
382 1764 581 1802 inserviant
609 1767 827 1805 illustrandis
858 1770 1159 1819 descriptionibus
1188 1774 1348 1806 veterum
1381 1770 1620 1818 scriptorum,
1652 1770 1689 1806 in
1716 1770 1770 1806 his

253 1843 351 1867 num.
372 1834 396 1872 6
419 1836 456 1869 et
474 1834 499 1872 8
527 1832 631 1870 huius
660 1835 771 1885 ipsius
797 1837 1024 1874 monumenti
1055 1836 1315 1886 (,‚Prospetto
1342 1836 1516 1886 ipotetico
1539 1837 1632 1874 della
1651 1837 1770 1874 eleva-

253 1899 359 1936 zione
379 1913 474 1936 num.
494 1903 519 1941 6
553 1915 572 1938 e
592 1903 718 1952 pianta
734 1917 831 1941 num.
852 1907 876 1945 8
899 1900 957 1941 del
983 1904 1147 1954 sepolcro
1172 1905 1208 1941 di
1237 1904 1373 1942 Aliatte
1401 1905 1541 1941 esistito
1570 1904 1629 1941 nel
1657 1917 1769 1955 paese

253 1968 300 2004 de
319 1967 405 2004 Lidi
424 1982 444 2006 e
463 1970 632 2006 descritto
655 1972 703 2007 da
721 1971 921 2009 Erodoto“
934 1973 964 2020 )‚
995 1973 1094 2021 quod
1120 1986 1200 2009 cum
1232 1971 1416 2009 mausoleo
1445 1972 1654 2010 Porsennae
1670 1985 1768 2010 com-

251 2040 357 2085 parat
376 2036 627 2085 lnghiramius.
686 2038 739 2075 Ac
767 2040 813 2077 de
841 2040 928 2087 hoc,
959 2041 1020 2089 qui
1050 2041 1247 2077 accuratius
1276 2053 1496 2089 cognoscere
1523 2040 1632 2088 velit,
1664 2041 1696 2078 ei
1715 2041 1768 2078 le-

251 2104 396 2151 gendae
419 2110 504 2142 sunt
524 2108 846 2144 commentationes
867 2108 983 2144 Orioli
1011 2108 1090 2144 Itali
1117 2112 1153 2145 et
1183 2109 1421 2151 Quatremere
1450 2110 1496 2146 de
1518 2108 1673 2156 Quincyi
1699 2108 1767 2144 hu-

250 2170 378 2220 iusque
401 2173 562 2222 collegae
586 2174 920 2213 Raoul-Rochette
951 2177 1007 2224 (in
1027 2176 1225 2213 Achilleide
1244 2190 1279 2226 p.
1301 2180 1353 2218 97
1371 2177 1511 2226 seqq.):
1543 2177 1590 2212 de
1610 2175 1764 2223 Alyattis

250 2244 489 2277 monumento
511 2243 631 2279 mirari
652 2243 801 2290 subeat,
832 2245 894 2292 qui
916 2244 1150 2293 lnghiramius
1171 2245 1319 2281 Graecis
1348 2245 1530 2281 Herodoti
1553 2244 1671 2281 verbis
1691 2243 1764 2290 illa,

250 2319 345 2355 quae
363 2308 619 2357 insignioribus
645 2311 909 2348 characteribus
931 2312 1185 2359 indicavimus,
1217 2312 1337 2349 ltalice
1365 2312 1521 2349 adiicere
1541 2311 1703 2362 potuerit
1726 2315 1764 2348 et

250 2376 433 2423 quomodo
460 2378 570 2414 etiam
597 2378 809 2415 Minutolius
837 2378 915 2415 loco
949 2380 986 2415 in
1014 2384 1139 2415 annot.
1169 2379 1316 2415 laudato
1346 2379 1498 2427 figuram
1525 2379 1683 2428 Alyattei
1705 2392 1764 2417 se-

249 2442 363 2492 pulcri
395 2445 475 2480 coni
510 2446 666 2495 speciem
696 2446 863 2484 habuisse
904 2447 1024 2484 dicere
1059 2448 1241 2497 potuerit3
1282 2447 1560 2496 laudandusque
1595 2448 1763 2484 videatur

250 2509 397 2558 Zoega‚
425 2513 486 2560 qui
505 2513 583 2550 loco
602 2514 735 2551 ibidem
754 2515 863 2551 citato
888 2515 923 2551 in
950 2514 1003 2551 his
1022 2527 1060 2551 se
1081 2515 1317 2552 continuerit:
1348 2515 1522 2561 ‚,„Vidit
1546 2515 1760 2552 Herodotus

248 2574 403 2624 Alyattis
420 2577 516 2626 Lydi
535 2581 737 2631 sepulcrum
759 2582 923 2619 maximis
941 2595 1036 2631 quae
1063 2586 1148 2619 tunc
1174 2583 1365 2619 exstabant
1386 2582 1538 2620 molibus
1565 2596 1761 2621 accensen-

250 2644 357 2690 dum,
387 2647 486 2693 quod
507 2648 557 2685 sic
575 2649 744 2687 describit
764 2654 830 2688 etc.
835 2652 881 2670 “‘
872 2651 895 2669 “
952 2651 1029 2688 Sed
1055 2654 1178 2688 tamen
1207 2650 1237 2687 si
1265 2663 1287 2687 a
1314 2651 1433 2688 verbis
1463 2652 1551 2701 ipsis
1578 2651 1760 2688 Herodoti

249 2711 484 2789 (Jlsoedlmlls
514 2736 570 2742 —-
589 2718 718 2766 σῆμα,
747 2719 822 2755 τοῦ
845 2734 870 2768 η
892 2716 1037 2769 κοηπὶς
1065 2716 1136 2768 μέν
1165 2716 1245 2756 ἔστι
1270 2718 1401 2757 λίθων
1421 2714 1621 2770 μεγαλων,
1654 2715 1696 2756 τὸ
1716 2714 1759 2756 δὲ

1458 2783 1677 2799 ἱῖἱῖἱῖ

250 2845 315 2886 ἔπι
334 2850 406 2887 τοῦ
425 2844 599 2899 σήματος
625 2848 708 2890 α’νω
730 2874 786 2879 -—
810 2852 1024 2903 sepulcrum,
1056 2865 1156 2889 cutus
1183 2852 1278 2889 basis
1303 2866 1320 2890 e
1347 2853 1540 2902 grandibus
1566 2852 1755 2904 lapidabas,
