1909 3228
238 228 323 267 908
553 226 828 267 EXCURSUS
858 227 892 264 V
920 226 989 265 AD
1010 225 1281 268 HERODOT.
1313 227 1368 272 11,
1402 232 1462 270 17.

239 340 421 379 cusandus
441 353 522 379 esse
542 340 716 378 videatur.
775 338 922 389 Quippe
940 339 1103 376 canalem
1121 341 1305 389 quendam
1326 339 1487 390 Aegypti
1513 340 1689 378 inferioris
1719 348 1755 379 et

237 407 316 446 eius
337 407 484 458 quidem
503 408 638 459 partis,
669 407 730 444 ubi
754 406 926 444 Bucolica
947 406 1017 443 sint
1045 406 1162 455 (unde
1188 407 1347 445 Bucolici
1376 407 1475 444 fluvii
1501 409 1677 457 nomen),
1707 410 1755 446 ab

233 473 427 512 Herodoto
447 475 634 513 contendit
657 487 724 525 pro
744 486 817 511 uno
835 474 882 510 de
906 477 1046 523 septem
1067 474 1170 511 ostiis
1186 486 1267 512 esse
1287 474 1464 511 habitum.

346 543 378 580 E
399 543 645 590 Sebennytico
667 542 759 578 ostio
780 542 853 578 duo
873 540 943 578 alia
961 542 1140 579 orientem
1159 554 1284 580 versus
1308 542 1465 580 deducta
1491 543 1614 580 scribit
1634 542 1755 580 Hero-

233 611 364 659 dotus,
394 611 571 649 Sa'iticum
599 613 637 647 et
661 608 903 647 Mendesium.
963 607 1145 647 Saiticam
1167 610 1302 648 ostium
1330 610 1428 647 haud
1459 610 1642 648 diversum
1673 624 1755 648 esse

238 692 262 716 a
279 678 471 725 Tanitico,
501 681 652 714 auctore
677 677 858 714 Strabone
883 675 986 713 XVII
1006 690 1092 727 pag.
1115 680 1196 718 802
1224 692 1251 715 S.
1273 692 1308 728 p.
1333 676 1443 719 1154
1471 677 1580 727 vulgo
1611 681 1755 728 ponunt

238 747 399 795 indeque
425 746 607 783 Herodoti
635 746 672 782 in
696 745 775 782 loco
801 744 1074 782 rescribendum
1103 759 1182 784 esse
1203 750 1352 783 censent
1379 740 1601 783 Τανιτικόν.
1662 745 1754 792 Sed,

239 826 334 863 quae
355 814 490 850 dudum
510 813 745 862 Wesselingii
779 816 858 850 erat
889 814 1090 860 sententia,
1129 813 1228 850 libris
1259 814 1400 864 scriptis
1430 813 1595 849 omnibus
1625 812 1755 850 adver-

239 882 425 929 santibus,
454 882 491 917 in
512 881 728 918 Herodoteo
758 884 860 918 textu
890 879 975 916 nihil
1005 882 1229 919 mutandum.
1290 883 1446 919 Gravius
1475 881 1573 917 haud
1603 882 1676 917 scio
1705 893 1753 917 an

237 948 323 985 illud
344 947 414 995 sit,
443 948 543 997 quod
574 948 643 985 alia
671 960 821 998 prorsus
852 948 889 984 in
913 947 1045 985 Deltae
1072 953 1175 998 parte
1206 950 1287 987 Sa'is
1314 950 1400 986 urbs
1431 948 1501 985 sita
1529 948 1621 994 fuit,
1652 952 1752 984 trans

238 1016 522 1064 Sebennyticum
541 1015 672 1052 ostium
693 1016 918 1053 occidentem
938 1029 1075 1053 versus.
1134 1016 1377 1066 lVesselingio
1397 1016 1433 1052 in
1462 1021 1621 1053 mentem
1642 1028 1753 1053 vene-

238 1088 314 1130 rat,
344 1085 510 1135 potuisse
530 1096 663 1121 nomen
685 1083 801 1135 repeti
827 1084 872 1120 ab
899 1084 1044 1121 Saitica
1072 1085 1321 1135 praefectura,
1352 1096 1460 1132 quam
1489 1084 1535 1121 ab
1565 1084 1753 1122 occidente

236 1152 390 1189 radebat
414 1152 564 1197 fluvius3
603 1150 723 1188 malim
755 1152 924 1201 equidem
954 1157 1137 1200 statuere,
1172 1151 1291 1189 Tanin
1317 1152 1464 1199 urbem,
1503 1152 1600 1189 unde
1624 1152 1752 1189 ssuvius

240 1217 451 1265 Taniticus,
498 1219 581 1256 olim
611 1220 706 1257 Sai'n
735 1233 883 1269 quoque
910 1221 1132 1257 nominatam
1158 1221 1290 1266 fuisse,
1329 1219 1488 1267 indeque
1510 1220 1753 1270 repetendum

236 1286 362 1323 Sa'itici
383 1287 466 1322 ostii
486 1299 631 1325 nomen.
690 1288 788 1327 Nam
816 1287 980 1338 plerique
1002 1289 1078 1325 VV.
1103 1288 1187 1325 DD.
1217 1292 1342 1324 nostra
1361 1291 1481 1325 aetate
1512 1287 1692 1324 Saiticam
1716 1292 1753 1326 et

238 1353 442 1391 Tanz‘tz‘cum
461 1367 527 1404 pro
550 1369 621 1393 uno
645 1359 848 1406 eodemque
869 1356 983 1393 canali
1006 1356 1209 1406 perhibent,
1229 1356 1289 1404 qui
1306 1368 1400 1392 nunc
1419 1356 1615 1392 exsiccatus
1633 1368 1752 1406 paene

232 1435 308 1459 non
329 1422 396 1459 nisi
417 1421 503 1459 Nilo
532 1430 717 1462 crescente
747 1425 851 1473 aquis
872 1424 1005 1474 repleri
1035 1423 1172 1469 soleat,
1203 1423 1337 1472 quique
1362 1423 1397 1458 in
1421 1423 1535 1460 lacum
1558 1423 1751 1461 Menzaleh

232 1490 378 1527 finiatur
399 1503 515 1540 prope
536 1492 805 1540 Ommsaredje3
836 1504 931 1529 nuuc
952 1494 983 1529 ei
1006 1504 1140 1528 nomen
1165 1503 1245 1528 esse
1265 1490 1405 1526 addunt
1422 1490 1562 1540 Mueys.
1601 1491 1751 1530 Praeter

232 1557 504 1595 Schlichthorst.
531 1558 552 1594 l.
575 1559 596 1595 l.
618 1573 654 1609 p.
675 1559 739 1600 42.
770 1558 926 1597 Rennel.
953 1559 975 1595 l.
997 1558 1019 1595 l.
1040 1572 1075 1608 p.
1099 1560 1191 1598 619.
1223 1556 1405 1593 Mannert.
1427 1556 1448 1593 l.
1468 1557 1489 1594 l.
1508 1572 1544 1608 p.
1567 1559 1647 1600 549
1672 1573 1749 1609 seq.

232 1626 363 1663 Ritter.
385 1625 407 1662 l.
429 1626 450 1662 l.
484 1638 567 1675 pag.
597 1629 677 1667 827
709 1640 811 1675 seqq.
842 1632 881 1663 tu
910 1627 980 1663 vid.
1014 1625 1175 1675 inprimis
1207 1624 1255 1659 du
1281 1623 1523 1673 Bois-Ayme
1550 1640 1635 1677 pag,
1654 1629 1749 1668 287,

232 1691 445 1740 Andreossy
465 1692 590 1739 (mem.
614 1706 674 1729 sur
692 1693 725 1730 le
745 1694 799 1731 lac
818 1694 1032 1741 Menzaleh)
1067 1694 1103 1729 in
1125 1691 1298 1740 descript.
1316 1692 1362 1728 de
1379 1691 1472 1740 l‘Eg.
1493 1695 1569 1729 etat
1586 1695 1750 1732 modern.

231 1760 247 1797 l
271 1775 306 1811 p.
326 1761 408 1801 263
432 1773 508 1809 seq.
566 1760 621 1798 Le
643 1761 735 1798 Pere
765 1762 890 1809 (me'm.
914 1775 973 1797 sur
990 1761 1023 1798 le
1042 1760 1143 1797 canal
1167 1760 1202 1795 d.
1228 1759 1321 1794 deux
1342 1759 1457 1806 mers)
1486 1760 1573 1797 ibid.
1596 1774 1631 1810 p.
1656 1763 1750 1810 113,

232 1829 295 1877 qui
319 1828 440 1864 omnia
461 1828 583 1865 scribit
602 1842 645 1865 eo
665 1830 797 1867 ducere
817 1829 969 1875 indicia,
992 1832 1031 1865 ut
1050 1829 1153 1864 huius
1176 1827 1274 1863 fluvii
1295 1826 1434 1864 alveum
1453 1831 1653 1865 statuamus
1666 1842 1750 1866 esse

232 1896 373 1933 alveum
393 1895 529 1944 antiqui
551 1896 728 1933 Pelusiaci
749 1896 945 1946 (superiori
966 1909 1014 1932 sc.
1032 1900 1137 1945 parte
1156 1908 1272 1944 usque
1290 1896 1339 1932 ad
1358 1895 1554 1943 Bubastin)
1577 1899 1614 1933 et
1633 1895 1750 1934 Tani-

230 1964 291 2001 tici
312 1963 492 2011 (inferiori
513 1962 586 1999 scil.
608 1964 743 2012 parte).
782 1962 896 2000 Aliter
913 1967 1137 2000 statuentem
1157 1962 1470 2012 Champollionem
1492 1967 1529 2000 et
1547 1976 1657 2013 supra
1678 1964 1748 2002 iam

231 2036 528 2076 memoravimus3
559 2031 653 2067 cons.
676 2043 769 2079 quae
789 2030 846 2068 ille
866 2032 1010 2069 disserit
1031 2031 1257 2080 potissimum
1275 2044 1311 2080 p.
1335 2030 1386 2071 14
1410 2044 1487 2080 seq.
1521 2034 1572 2071 17
1598 2045 1674 2081 seq.

345 2097 563 2135 IlIendesz'mn
585 2098 715 2134 ostium
729 2127 740 2144 ‚
769 2098 863 2135 intra
883 2098 918 2136 T
921 2100 1090 2135 aniticum
1108 2103 1146 2136 et
1166 2098 1447 2146 Sebennyticum
1468 2100 1568 2148 quod
1586 2100 1746 2149 ponitur,

231 2166 277 2203 ab
301 2167 459 2216 oppido,
491 2166 546 2203 cui
569 2164 724 2202 Mendes
744 2179 901 2213 nomen,
937 2170 1100 2202 vocatum
1120 2170 1187 2202 est.
1246 2165 1277 2201 E
1299 2165 1544 2213 Sebennytico
1565 2165 1746 2215 provenit,

205 2246 219 2256 .,
231 2235 262 2270 si
283 2234 514 2271 Herodotum
535 2233 682 2280 audias,
713 2247 733 2270 e
754 2233 950 2280 Phatnioe,
972 2234 1000 2270 si
1019 2233 1191 2270 Straboni
1209 2233 1312 2269 fides.
1344 2232 1384 2268 In
1405 2245 1478 2282 quo
1496 2237 1618 2269 tamen
1639 2245 1746 2270 nemo

230 2300 415 2349 haerebit,
446 2303 526 2350 qui,
558 2314 652 2350 quae
683 2302 729 2338 de
760 2301 933 2337 Phatnico
968 2302 1077 2337 ssuvio
1107 2314 1217 2350 supra
1250 2300 1480 2347 monuimus,
1511 2301 1745 2350 reputaverit.

188 2362 191 2365 ¹
229 2367 461 2405 Mendesium
479 2369 609 2405 ostium
631 2369 749 2405 adhuc
772 2369 953 2405 invenitur
980 2369 1127 2405 noniine
1154 2367 1288 2404 canalis
1312 2368 1493 2414 Aclmnm,
1526 2369 1587 2417 qui
1611 2382 1631 2405 e
1652 2368 1746 2406 Pha-

230 2434 325 2471 tnico
356 2435 470 2472 canali
505 2449 533 2474 s.
561 2435 771 2472 Damiatino
804 2437 986 2473 derivatus
1017 2436 1190 2485 oppidum
1212 2436 1375 2472 Achmun
1404 2436 1681 2485 praeterlabitur
1709 2440 1746 2474 et

228 2515 345 2552 prope
367 2503 511 2549 urbem,
542 2516 635 2552 quae
657 2517 753 2541 nunc
772 2504 901 2540 dicitur
923 2503 1116 2548 ZlIensura,
1149 2504 1184 2540 in
1210 2503 1323 2540 lacum
1344 2503 1537 2540 Menzaleh
1558 2503 1650 2549 exit,
1680 2516 1746 2552 per

229 2582 336 2618 quem
354 2570 471 2620 ipsum
491 2584 570 2608 cum
591 2572 680 2608 mari
702 2572 755 2608 ita
774 2572 1018 2620 coniungitur,
1038 2576 1079 2608 ut
1096 2571 1275 2620 hodieque
1294 2571 1525 2621 conspicuum
1544 2571 1589 2607 sit
1611 2571 1743 2607 ostium

229 2637 468 2684 maritimum,
498 2640 642 2677 nomine
666 2638 797 2689 Dybele.
848 2640 956 2676 Conf.
979 2638 1162 2676 Mannert.
1185 2639 1205 2675 l.
1228 2638 1249 2675 l.
1275 2653 1310 2688 p.
1330 2638 1421 2679 549.
1453 2637 1654 2688 Champoll.
1675 2637 1696 2674 l.
1719 2637 1742 2673 l.

229 2717 267 2755 p.
295 2705 344 2746 15
365 2718 440 2754 seq.
471 2706 603 2744 Ritter.
622 2707 645 2746 l.
667 2707 689 2743 l.
715 2721 751 2758 p.
772 2709 849 2749 831
875 2711 909 2744 et
931 2708 979 2743 du
998 2706 1240 2756 Bois-Ayme'
1261 2706 1283 2743 l.
1302 2706 1323 2743 l.
1354 2719 1438 2756 pag.
1460 2706 1554 2745 288.
