1909 3228
583 226 1004 269 EUTERPE.
1056 227 1101 266 11.

179 341 304 382 5εὗσι
334 335 493 382 τοιάδε.

1377 227 1460 267 621

554 339 601 382 αῖ
637 338 716 394 μέν
752 353 865 388 τινες
894 340 984 380 τῶν
1021 337 1248 393 γυναικοῖν
1285 337 1461 378 ποιεῦσι

202 416 338 471 τάπερ
369 420 544 473 εἴρηκα·
577 419 622 462 αῖ
650 419 695 462 δὲ
724 416 997 471 τωθάζουσι,
1026 418 1213 471 βοῶσαι,
1242 414 1318 465 τάς
1344 414 1390 457 ἐν
1407 416 1463 471 τῇ

203 495 327 540 πόλει
358 496 490 553 ταύτῃ
521 503 752 553 γυναῖκας·
784 499 828 540 αἱ
858 494 894 540 δ’
929 495 1170 551 ὀρχέονται·
1202 495 1248 538 αἱ
1277 491 1319 538 δ’
1352 490 1461 537 oiva-

177 575 415 629 ὅσύρονται
463 574 754 633 ἀνιστάμεναι.
811 580 949 618 ταῦτα
985 573 1102 628 παρά
1149 578 1294 617 πᾶσαν
1333 571 1517 617 πόλινῙΟ

204 658 538 711 παραποταμίην
572 659 754 699 ποιεῦσι.

814 654 943 697 ἐπεὰν
972 654 1016 697 δὲ
1046 652 1284 696 ἀπίκωνται
1314 654 1356 704 ἐς
1383 652 1461 708 τὴν

205 734 472 790 Βούβαστιν,
512 733 761 790 ὁρτάζουσι,
802 733 989 789 μεγάλας
1019 731 1253 788 ἀνάγοντες
1281 735 1459 782 θυσίας·

202 814 276 859 καὶ
306 812 425 865 οἶνος
456 813 691 869 άμπέλινος
721 812 1028 869 ἀναισιμοῦται
1066 812 1199 856 πλέον
1229 812 1274 855 ἐν
1302 816 1356 869 τῇ
1385 811 1462 867 ὁρ·-

205 896 258 950 τῇ
295 892 431 950 ταύτῃ
469 892 497 949 ἢ
544 893 590 936 έν
629 896 690 952 τῷ
730 892 889 936 ἅπαντι
927 893 1111 948 ἐνιαυτῷ
1147 896 1206 950 τῷ
1243 890 1462 950 ἐπιλοίπῳ.

175 971 502 1028 7συμφοιτέωσι
532 974 596 1027 δὲ,
647 972 672 1017 ὅ
701 990 741 1016 τι
771 971 880 1028 ἀνὴρ
925 972 999 1015 καὶ
1037 971 1149 1028 γυνή
1193 972 1300 1023 ἐστι,
1349 971 1463 1026 πλὴν

202 1053 412 1104 παιδίων,
444 1053 517 1096 καὶ
549 1054 591 1105 ἐς
621 1051 916 1110 ἑβδομήκοντα
944 1052 1184 1107 μυριάδας,
1217 1050 1275 1102 ὡς
1306 1052 1349 1094 οἵ
1369 1050 1461 1094 ἐπι-
1475 1056 1518 1092 15

81 1132 145 1178 61
203 1129 356 1186 χώριοι
383 1131 570 1188 λέγουσι.
600 1137 736 1176 ταῦτα
766 1131 843 1187 μὲν
881 1131 933 1186 δὴ
970 1129 1105 1188 ταύτῃ
1135 1131 1335 1174 ποιέεται.

201 1210 246 1254 δὲ
287 1212 473 1266 Βουσίρι
506 1210 607 1256 πόλι
648 1211 706 1263 ὥς
744 1210 955 1266 ἀνάγουσι
989 1214 1042 1268 τῇ
1074 1209 1158 1254 Ἴσι
1196 1210 1275 1267 τὴν
1312 1208 1461 1266 ὁρτήν,

146 1473 225 1530 γῇ]
256 1476 318 1512 Sic
340 1476 466 1526 scripsi
487 1488 565 1513 cum
593 1475 710 1512 Gaisf.
729 1487 796 1526 pro

147 1531 458 1583 ἐγχρίμψαντες
474 1561 484 1577 ,
532 1533 632 1581 quod
672 1544 798 1569 recen-

145 1589 247 1625 tioris
268 1594 322 1626 est
339 1602 437 1626 usus.
497 1589 593 1626 Olim
627 1588 721 1626 enim
741 1589 797 1625 di-

146 1645 277 1683 cebant
305 1646 480 1697 χρίπτειν
509 1650 546 1683 et
566 1644 794 1697 ἐγχρίπτειν,

146 1706 278 1752 postea
299 1703 442 1739 demum
463 1702 677 1752 χρίμπτειν.
721 1701 796 1738 Va-

147 1757 207 1811 letk
234 1762 355 1795 autem
380 1759 570 1807 appellere,
609 1758 796 1807 adpropin-

149 1826 275 1863 quare,
295 1827 372 1850 cum
392 1815 555 1864 primitus
577 1815 796 1863 sstpzmgere,

147 1870 266 1906 radere
285 1876 321 1906 et
348 1872 394 1907 de
429 1872 558 1920 scorpii
585 1870 642 1907 vel
662 1882 797 1919 vespae

148 1927 220 1963 ictu
243 1928 452 1974 frequenter
468 1931 671 1976 usurpatur.
712 1926 795 1962 vid.

148 1982 342 2019 Ruhnken.
365 1984 413 2019 ad
436 1982 578 2020 Timaei
595 1983 681 2019 Lex.
702 1982 796 2018 Plat.

147 2052 184 2088 p.
212 2038 290 2078 104
312 2052 388 2087 seq.
421 2043 456 2075 et
491 2039 578 2084 alia,
620 2052 713 2088 quae
742 2038 798 2075 hic

147 2095 300 2131 laudant
321 2095 546 2144 interpretes.
565 2117 620 2122 —
638 2095 798 2132 Verbum

147 2147 357 2197 τωθάζειν,
378 2164 450 2200 quo
471 2164 553 2187 mox
573 2152 710 2188 Noster
727 2151 799 2187 uti-

147 2211 228 2253 tur,
256 2212 352 2245 recte
367 2208 515 2257 exponit
528 2208 698 2244 Timaeus
715 2207 799 2243 Pla-

148 2265 286 2300 tonicus
319 2264 429 2314 (pag.
451 2267 554 2312 261)
584 2259 799 2314 χλευάζειν,

150 2315 367 2366 σκώπτειν,
399 2316 628 2371 διασύρειν,-
658 2321 719 2357 ubi
746 2320 799 2356 vi-

150 2376 278 2413 deatur
296 2377 402 2412 docta
419 2377 625 2415 Ruhnkenii
645 2381 743 2413 nota.

208 2431 252 2469 οιὶ
275 2427 315 2469 δ’
346 2428 611 2483 α’νασύρονται
639 2427 800 2472 άνιστά-

152 2486 282 2538 μεναι]
313 2483 584 2539 οἷνασύρεσθαι
607 2495 662 2527 est
678 2494 796 2527 vestes

152 2544 352 2590 adducere,
391 2545 534 2592 tollere,
571 2547 623 2582 ita
650 2550 688 2582 ut
718 2559 797 2582 cor-

151 2612 218 2649 pus
240 2600 457 2646 denudetur3
469 2602 505 2637 id
522 2603 621 2650 quod
640 2602 796 2651 plerum-

150 2668 222 2704 que
253 2655 493 2693 indecentium
526 2663 581 2694 est
612 2657 795 2695 hominum

140 2711 340 2760 'minusque
380 2713 600 2762 pudicorum.
658 2713 795 2751 Confer

149 2767 302 2805 Diodor.
330 2768 402 2805 Sic.
431 2769 473 2815 I,
492 2769 568 2815 85,
598 2768 658 2805 ubi
683 2769 792 2807 WVes-

151 2823 321 2872 selingius
343 2829 429 2874 apte
447 2824 572 2862 laudat
585 2826 791 2863 Casaubon.

149 2880 200 2917 ad
247 2880 282 2918 T
284 2880 491 2932 heophrast.
537 2881 704 2920 Charact.
757 2881 792 2920 11

1390 1128 1462 1173 Ἐν
1518 1135 1642 1175 Festum
1704 1135 1792 1162 Isidis

1516 1169 1728 1196 flammeum:
1751 1170 1792 1203 [2‚

1517 1204 1564 1238 40]
1585 1203 1722 1237 quidnam
1747 1206 1792 1230 in-

1520 1236 1595 1277 dicio
1614 1237 1671 1267 sit,
1699 1237 1793 1276 Cares

172 1292 367 1346 Ξεῖρηται
396 1289 608 1347 πρότερόν
636 1308 723 1347 μοι.
780 1289 1017 1334 τύπτονται
1044 1291 1124 1346 μὲν
1151 1289 1236 1346 γάρ
1269 1288 1321 1346 δή
1350 1289 1454 1346 μετά
1512 1272 1793 1331 dmeg’mumm‘

1530 1305 1628 1340 olant,
1661 1304 1795 1339 hospites

1517 1346 1595 1367 0888·

864 1487 950 1525 pag.
967 1476 1046 1516 136
1071 1477 1106 1511 et
1125 1475 1173 1510 ad
1196 1474 1346 1512 Sueton.
1363 1472 1516 1523 August.

865 1545 920 1581 cp.
942 1532 1008 1572 82.
1065 1530 1106 1567 ln
1126 1530 1295 1580 Aegypto
1328 1535 1448 1568 autem
1475 1544 1520 1569 ea

864 1588 1098 1638 pertinebant
1134 1587 1181 1623 ad
1222 1588 1341 1637 ipsum
1374 1588 1520 1634 festum,

866 1657 960 1693 quae
979 1645 1062 1681 inde
1083 1656 1157 1680 non
1176 1644 1301 1680 mirum
1323 1648 1391 1690 est,
1410 1644 1520 1681 etiam

864 1701 901 1737 in
950 1702 1174 1737 Graecorum
1221 1701 1520 1750 Thesmophoriis

864 1761 1012 1806 recepta
1029 1757 1153 1802 fuisse,
1178 1758 1235 1794 ubi
1257 1770 1350 1805 quae
1372 1758 1419 1794 de
1432 1770 1520 1794 con-

864 1814 982 1858 viciis,
1014 1814 1143 1861 quibus
1175 1813 1339 1850 mulieres
1371 1827 1409 1850 se
1429 1814 1521 1849 invi-

866 1882 942 1906 cem
962 1870 1159 1914 incessunt,
1176 1869 1253 1905 aliis
1274 1869 1432 1906 eiusdem
1453 1883 1520 1918 ge-

865 1927 961 1962 neris
994 1925 1114 1961 iocose
1141 1925 1244 1961 dictis
1290 1929 1325 1962 et
1362 1926 1516 1975 peractis

867 1986 1080 2018 enarrantur
1096 2008 1106 2026 ,
1146 1980 1405 2030 Aegyptiacam
1430 1995 1518 2031 pro-

866 2039 955 2074 dunt
971 2038 1158 2085 originem.
1212 2037 1320 2073 Conf.
1342 2038 1518 2075 Creuzeri

866 2092 1027 2142 symbol.
1059 2093 1108 2129 lv
1141 2107 1177 2143 p.
1209 2092 1291 2134 462
1312 2106 1387 2142 seq.
1419 2093 1515 2135 465.

866 2150 999 2198 „Quin
1022 2149 1131 2186 hodie
1159 2148 1244 2186 talia
1273 2162 1314 2186 ac
1335 2150 1460 2186 similia
1479 2151 1517 2187 in

865 2207 1035 2255 Aegypto
1065 2206 1166 2252 fieri,
1203 2206 1298 2242 docti
1326 2206 1421 2242 Galli
1452 2207 1519 2243 ob-

865 2268 1019 2300 servant.
1050 2262 1130 2297 Vid.
1153 2261 1333 2312 Descript.
1356 2263 1402 2299 de
1422 2263 1516 2311 l’Eg.

864 2319 897 2356 Π
919 2319 1106 2367 (Thebes)
1123 2321 1224 2368 p.5l
1245 2318 1322 2356 coll.
1343 2332 1378 2369 p.
1394 2320 1518 2360 383.“

869 2375 899 2413 C
910 2389 939 2412 r.

922 2430 989 2471 καὶ
1010 2427 1118 2477 οἶνος
1141 2426 1354 2480 ἆμπέλινος
1367 2425 1517 2470 άναισι-

867 2491 1008 2540 μοῦται
1024 2503 1057 2526 κ.
1072 2502 1102 2525 τ.
1123 2485 1171 2537 λ.]
1202 2487 1283 2524 Vid.
1303 2491 1379 2524 not.
1403 2488 1451 2526 ad
1469 2487 1515 2535 11,

865 2549 918 2588 37
939 2550 975 2583 et
993 2548 1058 2586 77.

1068 2628 1178 2679 Cap.
1218 2627 1319 2666 LXI.

919 2713 1069 2765 εἴρηται
1088 2707 1274 2764 πρότερόν
1298 2710 1390 2762 μοι]
1420 2711 1513 2750 Vide

860 2769 918 2816 ΙΙ,
939 2770 992 2810 40
1012 2771 1133 2818 ibique
1153 2783 1174 2806 a
1196 2769 1301 2806 nobis
1323 2773 1460 2815 notata,
1473 2772 1510 2806 et

861 2827 954 2863 conf.
989 2827 1036 2863 ad
1062 2826 1116 2873 ΙΙ,
1135 2825 1188 2867 59
1216 2826 1263 2863 de
1284 2825 1372 2863 urbe
1390 2825 1510 2862 Busiri

859 2887 997 2921 notata.
1045 2883 1121 2920 Iam
1137 2883 1224 2920 satis
1241 2886 1368 2934 patere
1385 2881 1510 2928 credo,
