1909 3228
100 1169 167 1213 96

613 187 1037 226 EUTERPE.
1086 188 1133 226 11.

1412 189 1497 230 695

231 294 396 346 λέουσι,
426 295 468 346 ἐς
498 297 574 347 οὓς
606 296 914 351 ἀναβαίνοντες
941 298 1209 353 κοιμέονται·
1243 298 1288 340 οἷ
1305 296 1389 353 γάρ
1409 296 1552 340 καί-90

229 391 370 426 νωπες
398 374 486 418 ὑπο
517 381 602 418 τῶν
637 375 808 429 ἀνέμων
841 376 922 420 οὐκ
954 373 1040 419 οἷοί
1076 377 1119 420 τέ
1150 379 1231 420 εἰσι
1260 374 1381 426 ὑψοῦ
1413 375 1491 420 πέ-

201 461 397 497 3τεσθαι.

227 538 319 577 τῶν
358 533 540 590 πύργων
579 533 686 577 ἄλλα
729 535 1032 591 μεμηχάνηται.

457 461 568 497 τοῖσι
601 456 644 498 δὲ
676 457 776 509 περὶ
805 456 857 498 τοὶ
897 456 990 499 ἕλεα
1030 456 1222 499 οἰκέουσι
1261 455 1362 499 τάδε
1393 454 1489 499 ἀντὶ

1091 540 1175 586 πᾶς
1205 533 1316 590 ἀνὴρ
1347 533 1490 578 αὐτῶν

229 612 558 669 ἀμφίβληστρον
596 615 783 669 ἔκτηται,
842 618 903 669 τῷ
942 619 1017 671 τῆς
1054 616 1132 670 μὲν
1170 614 1329 670 ἡμέρης
1366 616 1494 670 ἰχθῦς

228 692 425 749 ἀγρεύει,
479 693 558 748 τὴν
588 693 631 736 δὲ
661 694 799 736 νύκτα
837 693 938 736 τάδε
971 692 1091 750 αὐτῷ
1122 698 1300 749 χρᾶται·

1360 694 1406 736 ἐν
1436 698 1490 751 τῇ

229 771 497 815 ἀναπαύεται
528 774 670 828 κοίτη,
700 773 799 825 περὶ
828 771 987 828 ταύτην
1017 775 1158 829 ἵστησι
1187 773 1236 816 τό
1269 773 1546 831 ἀμφίβλη-95

198 856 390 905 4στρον,
434 851 507 894 καὶ
537 852 677 894 ἔπειτα
707 851 853 902 ἐνδὺς,
910 850 987 895 ὑπ’
1019 851 1140 909 αὐτῷ
1169 851 1386 896 καθεύδει.
1446 855 1491 896 οἱ

226 930 272 973 δὲ
301 929 508 981 κώνωπες
519 965 528 981 ,

588 930 641 986 ἢν
677 931 754 985 μὲν
793 931 839 974 ἐν
871 933 1024 988 ἱματίῳ
1059 931 1351 988 ἐνελιξάμενος
1381 931 1488 989 εὕδῃ

225 1009 254 1064 ἢ
273 1009 462 1059 σινδόνι,
494 1009 565 1053 διά
589 1010 756 1053 τούτων
781 1009 1012 1054 δάκνουσι·
1047 1011 1117 1056 διά
1141 1011 1185 1055 δὲ
1207 1015 1290 1055 τοῦ
1311 1010 1489 1055 δικτύου

227 1087 330 1132 οὐδὲ
360 1093 595 1143 πειρῶνται
624 1087 773 1145 ἀρχήν.

364 1376 396 1413 C
408 1389 476 1426 ap.
507 1375 623 1413 XCV.

220 1462 300 1507 πᾶς
329 1455 432 1511 ἀνήρ
463 1455 596 1498 αύτῶν
625 1454 822 1511 ἀμφίβλη-

166 1526 282 1567 στρον
320 1515 499 1567 ἔκτηται]
558 1512 705 1555 αὐτῶν
739 1531 820 1554 cum

165 1573 282 1611 Gaisf.
310 1574 477 1623 rescripsi
504 1586 571 1623 pro
599 1569 760 1612 αὐτέων
783 1579 819 1611 et

162 1643 267 1668 mox:
290 1633 359 1680 τῆς
378 1629 448 1680 μὲν
468 1628 616 1680 ἡμέρης
636 1643 703 1680 pro
721 1630 815 1680 vulg.

163 1689 234 1736 τῆς
252 1685 402 1738 ἡμέρης
423 1685 505 1737 μέν.
535 1707 590 1713 —-
620 1688 817 1724 Caeterum

164 1744 251 1780 talia
272 1744 362 1780 retia
381 1757 448 1781 nec
465 1744 615 1779 Graecis
633 1744 817 1792 incognita

164 1812 232 1837 nec
259 1799 418 1846 Latinis,
450 1800 510 1848 qui
536 1812 683 1849 canopea
715 1802 815 1847 (κω-

165 1857 335 1903 moneta)
360 1857 500 1900 dicunt3
545 1858 640 1892 conf.
665 1856 816 1893 analect.

163 1912 321 1948 Brunck.
345 1917 369 1948 t.
392 1912 440 1947 ΙΙΙ
463 1925 498 1960 p.
520 1914 573 1953 92
602 1916 636 1949 et
659 1912 814 1949 luvenal.

164 1969 241 2005 Sat.
260 1968 332 2014 VI,
352 1970 404 2009 80
427 1968 549 2016 ibique
577 1968 685 2005 schol.
706 1973 816 2017 atque

164 2025 390 2075 interpretes
460 2025 536 2061 Sed
570 2026 667 2073 quod
701 2025 815 2073 magis

163 2081 231 2118 huc
250 2082 334 2118 facit
351 2110 361 2127 ,
381 2081 469 2117 illud
488 2085 543 2117 est
564 2086 735 2118 mouente
749 2081 814 2118 Cr.

163 2138 212 2173 ad
239 2138 272 2174 h.
294 2138 329 2184 1.,
359 2138 543 2185 hodieque
568 2137 659 2174 haec
686 2138 815 2175 eadem

162 2193 240 2231 fieri
277 2195 322 2230 ab
362 2194 577 2243 Aegyptiis,
613 2207 706 2242 quae
734 2194 768 2230 h.
792 2193 814 2230 l.

163 2250 248 2287 olim
268 2251 429 2287 factitata
451 2264 531 2287 esse
550 2250 712 2298 legimus.
739 2250 816 2287 Te-

162 2310 278 2343 statur
297 2307 485 2343 Iomardus
512 2308 548 2343 in
578 2308 748 2356 descript.
769 2307 816 2344 de

162 2362 322 2412 l'Egypt.
350 2363 384 2399 ΙΙ
418 2377 454 2413 p.
474 2364 569 2404 386.
628 2363 678 2399 Et
700 2363 815 2400 simile

163 2419 347 2466 quoddam
389 2432 431 2455 ex
459 2419 612 2457 Maillet.
643 2419 815 2469 descript.

162 2475 209 2511 de
230 2475 387 2524 l'Egypt.
415 2480 440 2511 t.
464 2476 495 2511 ll
521 2489 556 2526 p.
579 2476 659 2516 134
689 2481 816 2527 protu-

162 2530 251 2567 lerat
270 2530 483 2568 Larcherus.

218 2611 292 2665 τήν
320 2612 362 2653 δὲ
404 2611 528 2654 νύκτα
568 2613 661 2654 τάδε
705 2611 818 2669 αύτῷ

160 2672 320 2721 χρᾶται]
352 2672 570 2721 Recepimus
596 2685 675 2709 cum
697 2673 813 2711 Gaisf.

160 2724 253 2766 τάδε
284 2741 304 2765 e
333 2728 679 2766 Schellershemiano
710 2729 815 2777 libro,

158 2785 339 2834 probante
349 2785 703 2834 Schweighaeusero.
721 2786 814 2823 Inde

160 2852 308 2891 quoque
335 2841 450 2879 maius
493 2841 734 2879 distinctionis
763 2842 814 2879 si·-

341 1168 404 1211 Τὰ
434 1168 479 1212 δὲ
510 1167 562 1225 δή
594 1167 724 1212 πλοῖά
755 1180 860 1226 σφι,
898 1174 1012 1213 τοῖσι
1041 1169 1354 1227 φορτηγέουσι,
1394 1170 1483 1215 ἔστι
1540 1170 1820 1200 N²‘'³²¹¹¹¹‘'0⁰t0¹³·

1541 1214 1625 1233 arum
1668 1210 1819 1233 structura

1539 1243 1570 1267 et
1589 1248 1704 1267 cursus.

891 1389 1003 1426 gnum
1042 1378 1228 1428 posuimus
1275 1382 1362 1428 post
1393 1379 1546 1430 χρᾶται,

891 1433 1031 1469 sublato
1059 1433 1120 1469 illo
1138 1462 1150 1481 ,
1190 1435 1289 1482 quod
1317 1440 1403 1484 post
1432 1435 1545 1489 κοίτῃ

889 1494 987 1536 erat,
1025 1489 1083 1527 vel
1110 1491 1231 1539 potius
1256 1492 1292 1526 in
1319 1492 1436 1528 minus
1467 1505 1546 1528 mu-

889 1549 964 1582 tato
977 1575 988 1592 ‚
1019 1559 1091 1594 quo
1112 1547 1302 1595 sequentia
1322 1560 1442 1584 secum
1460 1548 1542 1584 iun-

887 1607 944 1638 cta
986 1602 1283 1650 intelligerentur.
1350 1603 1409 1641 De
1446 1599 1542 1643 τάδε

886 1658 956 1695 vid.
989 1659 1046 1705 ΙΙ,
1071 1662 1150 1700 106
1184 1659 1261 1696 coll.
1290 1660 1328 1707 Ι,
1350 1662 1414 1700 68.
1447 1663 1545 1707 210,

885 1728 932 1752 ne
952 1715 1064 1764 plura.
1096 1715 1225 1752 Matth.
1247 1716 1311 1753 Gr.
1333 1717 1397 1753 Gr.
1412 1714 1541 1766 §.409

886 1769 922 1821 ᾗ,
937 1774 973 1812 6.
993 1772 1105 1822 κοίτη
1124 1772 1181 1809 hie
1202 1776 1257 1809 est
1271 1772 1391 1819 lectus,
1406 1773 1539 1817 cubz'le3

886 1829 981 1864 conf.
1005 1828 1041 1874 Ι,
1062 1831 1087 1869 9
1107 1829 1194 1877 ibiq.
1210 1834 1350 1865 not.--
1379 1829 1438 1865 Ad
1457 1841 1539 1868 σιν-

887 1879 978 1923 δόνι
1006 1885 1099 1921 conf.
1124 1884 1180 1931 ΙΙ,
1211 1886 1264 1925 86
1292 1885 1378 1934 ibiq.
1401 1890 1476 1922 not.
1505 1889 1544 1923 et

886 1941 933 1976 ad
953 1936 1076 1991 ἀρχήν
1098 1942 1281 1990 (omnino,
1308 1943 1481 1991 prorsus)
1510 1941 1542 1989 I,

941 2052 991 2091 ἐν
1026 2055 1084 2107 τῇ
1102 2074 1159 2080 -
1189 2052 1280 2105 περὶ
1313 2049 1535 2103 ταύτην]

884 2109 1021 2146 Similia
1047 2110 1227 2158 quaedam
1262 2110 1370 2147 affert
1406 2111 1539 2147 Struve

884 2171 1024 2214 quaest.
1057 2167 1103 2202 de
1135 2167 1218 2203 dial.
1240 2167 1380 2204 Herod.
1409 2180 1446 2217 p.
1466 2168 1540 2207 39:

883 2223 955 2269 Vl,
973 2225 1025 2263 97
1060 2222 1136 2259 coll.
1158 2223 1202 2269 V,
1224 2225 1286 2263 16.
1311 2223 1376 2264 49.
1436 2223 1538 2260 Idem

885 2279 1015 2316 Struve
1032 2293 1068 2329 p.
1089 2279 1141 2319 41
1163 2280 1264 2315 initio
1285 2280 1388 2316 huius
1408 2279 1536 2328 capitis

883 2348 951 2386 pro
977 2335 1016 2381 ἐς
1052 2332 1142 2381 οὓς
1179 2331 1463 2386 ἀναβαίνοντες
1493 2346 1537 2372 ex

884 2393 1062 2429 constanti
1094 2392 1276 2443 scriptoris
1311 2406 1379 2428 usu
1411 2391 1536 2438 (conf.

884 2448 938 2495 ll,
967 2448 1129 2494 33111,
1160 2452 1225 2489 20.
1256 2448 1320 2496 IV,
1347 2450 1413 2488 71.
1444 2449 1536 2488 196.

883 2504 946 2550 Vl,
975 2507 1036 2545 10.
1051 2504 1117 2545 49.
1147 2504 1222 2549 ΙΧ,
1244 2508 1296 2545 27
1320 2505 1406 2552 etc.)
1427 2517 1537 2553 repo-

885 2562 992 2597 situm
1013 2561 1104 2596 vult:
1137 2559 1174 2606 ἐς
1191 2576 1211 2599 τ
1225 2577 1244 2599 ο
1260 2558 1278 2598 ὦ
1293 2576 1311 2606 ς
1334 2556 1473 2610 ἀναβ.,
1498 2563 1538 2596 ut

885 2617 969 2653 olim
993 2618 1145 2653 dederat
1156 2617 1335 2654 Borheck.
1366 2617 1441 2654 Sed
1456 2615 1536 2653 nul-

882 2673 936 2710 lus
960 2673 1181 2721 suffragatur
1199 2673 1290 2710 liber
1305 2674 1470 2725 scriptus.

1069 2757 1101 2794 C
1113 2770 1135 2794 a
1145 2770 1183 2808 p.
1213 2757 1346 2794 XCVI.

936 2840 1018 2881 ἔστι
1036 2839 1079 2881 ἐκ
1097 2843 1170 2893 τῆς
1189 2835 1377 2893 ἀκάνθης
1397 2834 1536 2881 ποιεύ-
