1909 3228
506 205 928 244 EUTERPE.
988 205 1032 242 Il.

1319 206 1402 245 853

142 318 225 373 βίῳ
263 316 410 372 κόλπῳ
451 315 517 358 ἐπὶ
554 319 608 372 τῇ
642 314 838 372 Ἐρυθρῇ
874 313 1094 370 θαλάσσῃ·
1153 316 1240 356 τῶν
1270 313 1328 356 ἔτι
1360 315 1404 356 οἱ

112 395 266 440 ἓὸλκοὶ
292 395 497 451 ἐπίδηλοι.
530 395 602 437 καὶ
631 393 811 449 ταύτῃσί
848 409 891 436 τε
931 394 1082 449 ἐχρᾶτο
1108 393 1155 436 ἐν
1183 396 1246 448 τῷ
1276 393 1401 436 δέον-

139 491 200 518 τι·
231 476 304 518 καὶ
324 474 515 529 Σύροισι
543 477 648 530 πεζῇ
678 471 701 516 ὁ
723 471 874 522 Νεκῶς
896 472 1132 527 συμβαλών
1151 473 1198 516 ἐν
1216 469 1400 528 Μαγδό-

140 559 201 612 λῳ
232 553 419 609 ἐνίκησε·
453 551 557 607 μετὰ
588 552 634 594 δὲ
663 551 741 607 τὴν
771 551 932 606 μάχην,
963 550 1160 594 Κάδυτιν
1178 549 1307 594 πόλιν
1324 554 1457 606 τῆς50

108 634 306 689 3Συρίης
336 633 495 676 ἐοῦσαν
524 629 716 686 μεγάλην
746 627 841 673 εἷλε.
885 630 932 672 ἐν
963 634 1016 686 τῇ
1047 630 1092 673 δὲ
1122 630 1274 686 ἐσθῆτι
1303 630 1399 672 ἔτυ-

136 728 181 768 χε
210 716 347 755 ταῦτα
383 708 778 765 κατεργασάμενος,
829 706 1015 764 ἀνέθηκε
1051 712 1112 766 τῷ
1146 707 1397 760 Ἀπόλλωνι,

109 790 308 846 4πέμψας
345 789 389 841 ἐς
416 791 661 846 Βραγχίδας
698 788 774 839 τὰς
803 789 1046 844 Μιλησίων.
1093 788 1198 844 μετὰ
1229 788 1294 841 δὲ,
1326 787 1396 832 ἑκ-

76 998 191 1036 Recte
216 998 420 1047 intelligunt
444 999 597 1034 triremes
615 999 651 1034 in
675 1010 728 1034 se-

70 1055 302 1105 ptentrionale
318 1059 349 1091 et
367 1054 524 1090 (murale
536 1067 628 1090 mare
645 1057 728 1091 mit-

75 1111 207 1148 tendas.
268 1112 375 1148 Conf.
401 1111 452 1155 ll,
479 1114 558 1152 162
578 1109 641 1150 ἐπὶ
660 1112 728 1161 βα-

77 1169 221 1220 σιληίῃ.
259 1167 319 1205 De
346 1167 482 1204 boreali
502 1168 590 1203 muri
611 1172 647 1204 et
666 1182 726 1204 ru-

75 1225 140 1261 bro
162 1225 230 1260 xid.
253 1229 328 1260 not.
346 1225 393 1260 ad
422 1224 475 1270 ll,
504 1225 582 1264 158
614 1228 650 1260 et
681 1225 728 1261 de

75 1281 170 1329 regis
195 1281 315 1317 studio
336 1281 530 1328 navigandi
549 1281 645 1317 conf.
665 1280 728 1327 IV,

74 1337 140 1377 42.
171 1359 225 1363 —
263 1335 322 1373 Ad
349 1334 456 1375 ὁλκοί
483 1336 618 1373 consul.
651 1342 726 1373 not.

73 1394 121 1429 ad
154 1393 207 1440 11,
232 1393 310 1433 154
331 1393 394 1429 fin.

127 1501 195 1543 καὶ
215 1500 503 1554 Σύροισι-ἒν
517 1498 724 1556 Μαγδόλῳ

71 1559 252 1611 ἐνίκησε]
288 1560 397 1610 Syros
412 1560 446 1596 h.
465 1560 486 1596 l.
505 1559 625 1596 latiori
643 1573 726 1598 sen-

71 1631 133 1663 su,
163 1629 235 1667 quo
254 1616 357 1653 simul
377 1616 534 1666 Assyrii,
564 1616 724 1665 Babylo-

70 1674 143 1719 nii,
161 1673 307 1720 Iudaei,
334 1672 393 1709 alii
412 1672 724 1721 comprehendan-

71 1734 149 1776 tur,
188 1729 416 1778 accipiendos
448 1742 530 1766 esse
561 1729 618 1764 vix
646 1742 725 1765 mo-

71 1799 157 1823 nere
175 1785 316 1821 attinet.
375 1785 469 1821 Sunt
486 1797 571 1821 vero
601 1798 725 1821 sacrae

69 1841 218 1887 literae,
248 1854 267 1877 e
294 1841 422 1889 quibus
450 1840 612 1876 nonnihil
644 1840 724 1876 illu-

71 1898 175 1933 strari
221 1898 356 1946 poterit
395 1897 628 1933 Herodotus:
673 1896 723 1932 lV

70 1953 157 2001 (ΙΙ)
195 1966 299 2002 regg.
338 1952 486 1999 XXIII,
528 1956 581 1993 29
620 1965 722 2001 seqq.

69 2009 103 2046 II
132 2010 287 2047 chronic.
334 2009 496 2055 XXXV,
534 2012 587 2050 20
617 2022 719 2057 seqq.

69 2065 252 2111 XXXVI,
280 2067 306 2105 3
336 2078 438 2113 seqq.
498 2065 588 2102 Inde
625 2066 721 2102 euim

68 2122 320 2169 intelligimus,
349 2120 569 2170 Aegyptium
598 2134 722 2169 regem

68 2178 335 2228 expeditionem
383 2183 507 2214 contra
552 2177 722 2225 Assyrios

68 2234 266 2271 instituisse
316 2234 540 2283 Euphratem
583 2247 720 2270 versus.

70 2290 154 2333 Quo
194 2303 274 2326 eum
310 2290 379 2326 iter
411 2302 476 2340 per
504 2290 719 2327 Iudaeorum

69 2350 204 2383 terram
225 2347 391 2392 duceret,
424 2345 556 2392 iosias,
587 2346 719 2383 Iudae-

68 2415 171 2438 orum
197 2414 278 2449 rex,
316 2401 505 2451 Aegyptiis
529 2403 719 2439 transitum

68 2471 253 2495 recusasse
281 2458 442 2504 videtur,
465 2471 486 2494 a
514 2459 642 2506 quibus
664 2463 720 2494 ta-

68 2527 153 2550 men
186 2515 298 2551 victus
327 2514 374 2549 ad
400 2514 576 2562 Megiddo
602 2528 718 2564 prope

68 2574 230 2607 montem
255 2569 459 2606 Carmelum
491 2570 635 2606 vulnere
659 2583 719 2607 ac-

70 2630 178 2675 cepto
210 2627 288 2675 ipse
311 2626 410 2661 obiit.
468 2626 511 2662 In
537 2627 635 2662 cuius
665 2626 719 2662 lo-

68 2695 148 2719 cum
169 2682 318 2718 Ioachas
336 2681 426 2717 filius
447 2694 467 2717 a
484 2681 620 2730 populo
633 2695 719 2718 con-

67 2739 213 2775 stitutus
251 2750 338 2784 reX‚
385 2737 498 2773 tribus
538 2738 719 2774 mensibus

67 2794 323 2844 praeterlapsis
369 2793 415 2829 ab
455 2794 718 2842 Aegyptiorum

68 2863 156 2900 rege
174 2851 211 2887 in
236 2850 447 2901 Aegyptum
468 2849 644 2887 abductus
664 2855 719 2888 est

794 1008 1020 1046 regnumque
1039 996 1142 1034 fratri
1166 994 1319 1033 Ioiakim
1336 995 1450 1032 tradi-

796 1058 881 1090 tum.
949 1054 1055 1097 Quae
1082 1054 1134 1089 ita
1163 1053 1305 1103 peregit
1334 1052 1451 1099 Neco,

796 1110 1058 1159 Aegyptiorum
1077 1122 1151 1155 reX‚
1168 1114 1208 1146 ut
1228 1122 1372 1146 omnem
1393 1108 1452 1145 Iu-

796 1167 936 1203 daicam
966 1171 1100 1204 terram
1120 1195 1131 1212 ‚
1170 1179 1215 1202 ne
1239 1165 1452 1213 Hierosoly-

796 1224 863 1260 mis
887 1224 1034 1271 quidem
1053 1222 1227 1271 exceptis,
1246 1223 1280 1257 in
1302 1235 1364 1258 sua
1383 1235 1452 1270 po-

796 1284 931 1316 testate
959 1278 1055 1315 illuni
1092 1278 1262 1315 habuisse
1295 1278 1450 1314 dubitari

795 1340 965 1384 nequeat.
1025 1335 1135 1378 Quod
1159 1335 1253 1371 enim
1275 1335 1450 1371 Hieroso-

795 1391 970 1439 lymorum
992 1392 1129 1437 urbem,
1159 1391 1256 1427 cuius
1279 1402 1450 1439 expressa

796 1449 941 1495 quidem
971 1447 993 1483 l.
1027 1447 1049 1483 l.
1080 1446 1179 1482 nulla
1208 1447 1273 1482 fiat
1300 1447 1449 1492 mentm,

794 1517 815 1540 a
833 1503 984 1540 Necone
1016 1507 1160 1552 captam
1187 1506 1300 1550 negat
1324 1503 1450 1551 Heyse

794 1564 935 1608 quaest.
953 1559 1093 1596 Herod.
1115 1571 1199 1608 pag.
1213 1558 1280 1604 95,
1300 1558 1338 1594 id
1357 1571 1450 1607 quo-

791 1617 902 1652 modo
933 1628 1013 1652 cum
1037 1615 1178 1663 reliqua
1204 1627 1386 1651 sacrorum
1403 1614 1448 1650 li-

792 1673 938 1708 brorum
996 1672 1203 1708 narratione
1267 1670 1448 1707 conciliari

793 1732 923 1776 queat,
954 1728 1123 1775 equidem
1150 1727 1248 1763 haud
1273 1727 1446 1775 intelligo.

791 1783 947 1831 Reliqua
965 1783 1133 1832 Aegyptii
1164 1784 1262 1831 regis
1288 1784 1364 1819 fata
1380 1784 1447 1820 hac

792 1840 827 1876 in
848 1840 1080 1889 expeditione
1101 1839 1146 1875 ab
1168 1840 1359 1875 Herodoto
1371 1851 1447 1876 non

791 1897 1004 1933 indicantur.
1065 1896 1143 1932 Sed
1169 1908 1211 1932 ex
1232 1896 1359 1932 iisdem
1387 1909 1446 1932 sa-

792 1952 859 1988 cris
879 1952 976 1988 libris
1002 1952 1185 1997 novimus,
1214 1950 1403 1989 Necouem
1423 1964 1445 1988 a

789 2008 1153 2045 Nabuchodonosoro
1177 2008 1225 2044 ad
1246 2008 1444 2045 Circesium

790 2066 890 2100 iuxta
926 2064 1150 2112 Euphratem
1188 2065 1306 2101 fusum
1339 2077 1445 2101 oceu-

790 2122 925 2158 buisse.
986 2120 1067 2157 vid.
1096 2120 1222 2157 Ierem.
1242 2120 1361 2156 XLVI
1376 2150 1385 2167 ,
1405 2124 1442 2162 2.

846 2198 887 2238 ἒν
912 2195 1164 2251 ,ΙΠαγδόλῳ
1185 2197 1354 2248 ἐνίκησε]
1374 2200 1396 2235 i.
1411 2212 1441 2236 e.

789 2256 838 2292 ad
858 2255 1072 2303 Magclolam
1106 2256 1197 2291 vicit.
1256 2256 1363 2291 Conf.
1389 2251 1443 2302 Ἡ,

791 2314 868 2352 163
901 2313 987 2360 ibiq.
1013 2316 1088 2348 not.
1155 2311 1215 2349 De
1243 2312 1322 2361 ipsa
1352 2311 1442 2348 urbe

786 2369 889 2418 plura
923 2368 1187 2418 disputavimus
1224 2367 1260 2404 in
1291 2381 1441 2405 excursu

786 2426 833 2461 ad
864 2424 898 2461 h.
925 2424 948 2460 l.

843 2498 1080 2540 Κάδυτιν
1117 2499 1235 2541 πόλιν
1261 2504 1332 2551 τῆς
1361 2505 1441 2540 Συ-

788 2558 902 2609 ρίης]
936 2557 1181 2608 Ht'erosolyma
1204 2559 1441 2606 intelligenda

788 2629 867 2652 esse
888 2616 921 2650 in
940 2627 1088 2652 excursu
1109 2615 1155 2651 ad
1174 2615 1208 2652 h.
1221 2615 1241 2650 l.
1259 2620 1438 2652 monstra-

786 2672 913 2708 vimus.

842 2737 881 2784 ἒς
911 2737 1130 2790 Βραγχίδας
1162 2734 1232 2784 τάς
1264 2736 1437 2786 Μιλησί-

788 2793 860 2844 ων]
892 2794 974 2832 Vid.
1003 2794 1142 2832 Herod.
1172 2794 1211 2842 I,
1231 2797 1285 2835 92
1314 2794 1437 2843 ibique

786 2856 862 2888 not.
