1909 3228
529 235 614 273 AD
671 231 1044 272 HERODOT.
1091 232 1128 281 1,
1165 233 1231 274 93.
1555 234 1640 274 925

131 349 301 398 reliquum
322 352 436 385 autem
455 347 648 397 sepulcrum
673 351 785 384 terrae
812 346 966 383 tunmlus
993 349 1044 383 est
1064 367 1110 372 ——-
1132 345 1269 381 terminz
1286 348 1424 393 autem,
1455 349 1516 396 qui
1535 349 1638 396 quin-

132 429 196 466 que
218 420 299 452 sunt
314 414 406 465 [*)]‚
436 415 551 452 adhuc
578 415 625 452 ml
654 428 763 452 meam
792 418 942 451 aetatem
973 416 1009 450 in
1036 426 1167 450 smmno
1189 412 1342 462 sepulcro
1371 417 1491 461 erant,
1520 415 1565 450 ab
1584 415 1639 450 his

130 483 243 533 igitur
261 483 380 520 verbis
401 483 430 518 si
452 483 686 519 discedimus:
717 484 834 533 ipsam
854 482 1057 519 Herodotei
1078 481 1144 519 loci
1165 481 1384 519 sententiam
1399 485 1485 531 apte
1504 486 1539 518 et
1557 494 1641 531 pcr-

132 552 271 601 cepisse
290 554 327 588 et
343 551 547 588 reddidisse
569 552 781 588 iudicandus
801 552 847 587 sit
865 550 1099 586 Etruscorum
1117 553 1429 587 monumentorum
1448 548 1641 598 interpres.

130 617 228 656 Nam
251 618 406 667 primum
427 618 655 656 Chandlerus
674 619 695 655 l.
716 619 739 655 l.
767 619 813 655 de
840 618 894 654 his
914 616 1056 665 Lydiae
1081 617 1253 667 sepulcris
1281 618 1334 654 ita
1359 618 1470 654 refert
1499 629 1535 666 p.
1559 617 1641 656 369

130 698 223 723 vers.
245 685 388 722 Germ.:
421 686 569 732 ‚‚‚,A11e
592 688 674 723 sind
693 687 758 723 mit
777 687 929 734 griinem
948 684 1071 721 Rasen
1100 685 1279 734 bedeckt,
1310 685 1386 722 und
1413 698 1453 721 so
1478 683 1546 721 viel
1575 684 1642 720 mir

129 754 167 789 in
186 753 245 790 die
267 752 396 801 Augen
416 753 521 790 sielcn
534 783 544 800 ‚
564 754 615 791 als
634 754 691 791 ich
708 757 814 791 unter
831 753 938 790 ihnen
957 752 1285 799 herumwandelte,
1314 753 1433 791 haben
1452 752 1545 789 noch
1564 751 1643 788 ihre

131 820 366 869 Kegelform,
396 821 490 859 ohne
510 823 593 859 dass
613 823 671 859 die
693 823 821 872 Spitzc
842 821 933 858 auch
949 834 1017 857 nur
1043 822 1101 859 ein
1124 823 1243 870 weuig
1267 820 1516 870 eingesunken
1536 821 1642 856 ware.

131 888 244 925 Einer
269 888 334 925 der
353 889 563 939 Grabhiigel
591 892 658 927 aus
671 891 788 926 dieser
805 889 935 935 Hiihe,
966 889 1031 925 der
1060 889 1168 926 meist
1196 891 1232 926 in
1259 891 1325 926 der
1353 888 1462 925 Mitte
1491 889 1557 925 auf
1578 887 1643 924 der

131 957 234 994 Seite
262 956 354 992 nach
384 957 519 995 Sardes
547 958 657 1007 liegt,
688 970 762 994 war
788 957 852 993 das
886 956 1060 993 Grabmal
1092 957 1156 993 des
1176 957 1388 1005 Halyattes,
1420 956 1551 993 Vaters
1578 955 1642 992 des

132 1024 326 1061 Croesus.“
339 1025 364 1043 ‘⁴

422 1025 567 1064 Deinde
600 1027 637 1062 in
665 1025 890 1062 monumenti
916 1024 1067 1069 Albani,
1099 1025 1197 1073 quod
1225 1024 1470 1062 Curiatiorum
1496 1023 1644 1060 nomine

130 1091 269 1140 vulgari
288 1092 410 1137 venit,
441 1094 629 1130 ruderibus
663 1106 770 1142 super
791 1093 869 1128 basi
894 1104 914 1128 e
938 1091 1117 1141 lapidibus
1148 1096 1331 1129 exstructa
1350 1093 1530 1141 hodieque
1547 1104 1646 1129 com-

130 1164 265 1210 parent
283 1161 436 1209 vestigia
455 1163 605 1210 quinque
623 1173 780 1197 cenorum
801 1160 1018 1210 (lnghirami
1040 1160 1089 1196 IV
1112 1173 1148 1210 p.
1176 1162 1274 1200 168:
1306 1189 1367 1207 ,‚‚‚
1380 1161 1467 1197 Cosi
1485 1161 1522 1196 in
1539 1158 1647 1206 Alba,

132 1228 272 1265 colonia
300 1229 359 1265 dei
386 1228 508 1276 Frigi‚
539 1229 614 1265 cive
637 1229 786 1277 digente
812 1228 877 1265 che
907 1228 936 1264 si
958 1230 1029 1278 puo
1057 1232 1183 1265 tenere
1210 1241 1401 1278 compresa
1428 1226 1509 1265 nell'
1527 1227 1649 1264 antica

131 1295 304 1341 Meonia,
341 1295 365 1331 il
394 1296 627 1333 veechissimo
657 1310 677 1334 e
706 1298 895 1333 notissimo
923 1295 1087 1347 sepolcro
1117 1296 1354 1334 denominato
1380 1297 1427 1334 de
1460 1295 1605 1332 Curiazi
1627 1295 1648 1331 ὲ

131 1363 234 1400 anch’
255 1376 334 1400 esso
352 1376 397 1400 un
417 1363 508 1400 dado
530 1365 648 1413 lapide
667 1365 863 1414 quadrato,
893 1364 950 1401 sul
969 1363 1072 1414 quale
1093 1376 1240 1411 sorgono
1261 1366 1383 1414 cz'nque
1402 1363 1647 1413 granconi.““

131 1452 186 1459 --
208 1432 258 1468 Se
281 1445 327 1468 ne
345 1445 464 1480 vegga
484 1432 518 1468 la
539 1433 653 1481 figura
671 1433 740 1469 alla
764 1445 830 1468 ser.
852 1431 902 1468 VI
930 1438 1003 1468 taV.
1019 1433 1062 1469 F.
1085 1435 1109 1472 6
1138 1446 1234 1469 num.
1262 1434 1344 1479 10).

245 1499 391 1546 „Unde
417 1500 514 1536 haud
545 1501 672 1550 inepta
701 1500 908 1536 coniectura
938 1504 1013 1546 est,
1051 1499 1211 1548 Alyattei
1239 1500 1329 1537 illius
1360 1499 1513 1550 sepulcri
1543 1499 1647 1536 basin

130 1566 312 1617 lapideam
341 1567 451 1603 fuisse
478 1567 620 1602 cubum:
652 1566 825 1603 tumulum
854 1580 874 1604 e
905 1571 1004 1603 terra
1032 1572 1248 1616 aggestum,
1280 1579 1411 1604 conum.
1469 1566 1591 1615 Atque
1620 1567 1649 1603 si

130 1639 362 1686 reputamus,
391 1647 583 1671 numerum
604 1634 834 1683 pyramidum
856 1635 1056 1683 quinarium
1077 1636 1131 1672 bis
1152 1635 1343 1673 memorari
1369 1636 1478 1672 etiam
1504 1633 1542 1671 in
1571 1647 1651 1671 mo-

130 1707 306 1741 numento
334 1702 544 1739 Porsennae
578 1702 669 1747 (vid.
691 1702 806 1739 Varro
827 1716 886 1752 ap.
908 1702 1000 1739 Plin.
1024 1703 1046 1740 l.
1066 1702 1134 1751 l.)‚
1174 1703 1270 1740 haud
1299 1704 1455 1740 absurde
1486 1703 1650 1740 censebi-

132 1784 209 1808 mus
222 1799 232 1817 ‚
263 1770 441 1808 eiusmodi
459 1769 722 1806 architecturae
742 1769 868 1818 Lydos
895 1771 989 1807 inter
1014 1775 1125 1819 atque
1145 1770 1319 1807 Etruscos
1337 1775 1548 1807 concentum
1567 1774 1649 1806 tan-

133 1851 243 1887 quam
270 1851 404 1874 novum
425 1841 680 1885 argumentum
702 1838 875 1875 accedere
901 1838 965 1883 iis,
996 1851 1089 1886 quae
1116 1838 1220 1888 plura
1239 1838 1285 1874 ad
1306 1837 1552 1874 narrationem
1572 1837 1650 1874 He-

131 1906 253 1943 rodoti
283 1906 349 1953 (Ι,
375 1905 457 1951 94)
497 1905 542 1941 de
568 1904 755 1952 Lydorum
781 1906 817 1941 in
845 1904 950 1942 ltalia
977 1906 1139 1942 adventu
1167 1905 1382 1942 firmandam
1408 1904 1527 1954 posita
1553 1908 1649 1940 sunt.

133 1972 203 2010 Cui
222 1973 274 2009 rei
294 1973 403 2010 etiam
423 1972 616 2009 Osanuum
641 1985 673 2008 v.
698 1972 739 2010 cl.
766 1973 876 2010 fidem
902 1972 1037 2010 habere
1057 1974 1163 2010 video
1185 1973 1222 2009 in
1241 1972 1490 2023 disputatione
1509 1972 1555 2009 de
1572 1984 1649 2008 mo-

132 2044 308 2077 numento
328 2039 491 2088 Phrygio
521 2053 637 2091 nuper
663 2045 822 2090 reperto.
880 2039 964 2076 Vid.
992 2041 1068 2078 eius
1088 2041 1155 2078 viri
1176 2040 1336 2089 libellus,
1366 2041 1427 2090 qui
1447 2040 1650 2077 inscribitur

133 2106 261 2145 ,Midas
281 2120 366 2158 pag.
389 2110 439 2148 10
458 2108 562 2145 infra.
572 2110 654 2136 —“
687 2107 810 2145 CRE
825 2106 1013 2145 UZER.

181 2298 217 2340 *)
256 2297 380 2339 [Minus
401 2299 561 2330 accurate
581 2296 898 2340 Schweighaeuser.
927 2296 1011 2329 haec
1036 2295 1084 2330 ita
1104 2297 1274 2330 reddidit:
1303 2299 1450 2339 fuerunt
1471 2302 1584 2330 autem
1603 2297 1651 2330 ad

249 2366 359 2388 meam
387 2366 489 2398 usque
519 2359 667 2388 aetatem
689 2355 724 2388 in
744 2366 870 2387 summo
891 2355 1019 2387 tumulo
1047 2356 1191 2399 quinque
1211 2355 1359 2388 termini.
1407 2354 1472 2388 Est
1490 2366 1594 2395 vero,
1621 2355 1650 2388 si

251 2411 331 2456 quid
361 2411 482 2453 video,
518 2412 603 2444 haec
629 2410 748 2444 Nostri
779 2410 969 2451 sententia,
997 2412 1110 2453 fuisse
1139 2413 1300 2455 primitus
1328 2413 1472 2456 quinque
1490 2413 1651 2446 terminos

252 2480 370 2512 eosque
390 2469 544 2512 integros
563 2469 675 2501 adhuc
704 2480 767 2501 sua
793 2469 898 2512 ipsius
924 2474 1040 2501 aetate
1056 2470 1199 2503 stetisse.
1246 2470 1401 2514 Namque
1420 2470 1469 2503 ita
1486 2470 1649 2515 scriptum

251 2526 408 2570 legimus:
437 2519 544 2568 οὖροι
566 2521 604 2558 δὲ
623 2522 730 2558 πέντε
751 2521 919 2563 ἐόντες
933 2550 942 2567 ,
969 2523 1021 2558 ἔτι
1042 2546 1086 2550 —-
1106 2519 1294 2568 ἧσαν--.
1323 2526 1407 2569 Br.]
