1877 3223
328 733 391 776 22
441 737 568 776 εσθαι
612 730 655 780 ἐς
688 726 908 784 ἀλλήλους.

435 231 492 271 5⁰
837 223 1304 265 HERODOTI

437 335 655 393 πυσμένος
682 332 824 379 πάντα
853 332 1006 390 λόγον,
1037 334 1111 377 καὶ
1133 333 1257 383 εἰδώς
1285 330 1337 374 τά
1365 329 1594 387 Ἀλυάττης
1623 330 1716 387 μέλ-

415 420 506 460 3λοι
533 413 752 471 ποιήσειν,
781 417 1022 470 μηχανᾶται
1054 412 1210 456 τοιάδε.
1241 411 1344 460 ὅσος
1372 403 1427 465 ἦν
1453 411 1498 453 ἐν
1515 414 1575 470 τῷ
1601 409 1719 453 ἄστεϊ

439 498 555 545 σῖτος
572 494 643 537 καὶ
662 492 829 536 ἑωυτοῦ
857 493 929 536 καὶ
958 490 1192 542 ἰδιωτικὸς,
1221 494 1381 534 τοῦτον
1399 488 1540 532 πάντα
1564 500 1736 545 omno-1

438 574 565 629 μίσας
595 572 636 622 ἐς
665 572 743 627 τὴν
773 570 961 628 ἀγορήν,
991 575 1168 625 προεῖπε
1187 570 1456 624 Μιλησίοισι,
1485 566 1613 611 ἐπεάν
1644 564 1720 610 αὐ-

439 653 514 704 τὸς
544 649 736 707 σημήνῃ,
775 650 868 694 τότε
903 652 1044 693 πίνειν
1071 665 1115 692 τε
1150 647 1315 698 πάντας
1351 648 1425 690 καὶ
1460 646 1592 705 κώμῳ
1629 646 1720 701 χρέ-

972 733 1118 772 Ταῦτα
1159 728 1205 771 δὲ
1246 726 1382 771 ἐποίεέ
1422 741 1466 769 τε
1506 726 1580 770 καὶ
1617 739 1720 778 προ-

440 808 621 866 αγόρευε
654 806 969 863 Θρασύβουλος
995 810 1129 851 τῶνδε
1159 809 1342 857 εἵνεκεν,
1385 805 1495 856 ὅκως
1525 803 1579 847 ἄν
1609 803 1661 860 δὴ
1693 802 1718 846 ὁ

436 887 573 944 κήρυξ
604 885 627 930 ὁ
656 885 925 941 Σαρδιηνὸς,
955 885 1061 929 ἰδών
1090 903 1134 929 τε
1167 886 1307 939 σωρὸν
1340 885 1473 940 μέγαν
1503 886 1623 927 σίτου
1652 892 1738 925 ate-5

440 968 647 1023 χυμὲνον,
677 965 750 1009 καὶ
777 963 881 1015 τούς
912 963 1173 1018 ἀνθρώπους
1203 964 1248 1006 ἐν
1275 964 1533 1018 εὐπαθείῃσε
1554 961 1719 1010 ἐόντας,

417 1045 614 1102 Ξάγγείλῃ
628 1042 848 1100 Ἀλυάττῃ.
876 1042 928 1086 τὰ
959 1043 1011 1098 δὴ
1041 1043 1114 1086 καὶ
1143 1042 1319 1097 ἐγένετο.
1354 1041 1410 1091 ὠς
1438 1040 1521 1095 γὰρ
1542 1039 1594 1095 δή
1617 1037 1723 1082 ἰδών

439 1139 483 1166 τε
505 1123 646 1166 ἐκεῖνα
675 1121 698 1165 ὁ
732 1120 890 1178 κῆρυξ,
921 1123 992 1165 καὶ
1022 1122 1142 1171 εἴπας
1171 1119 1281 1175 πρὸς
1306 1117 1625 1174 Θρασύβουλον
1647 1116 1723 1168 τὰς

442 1202 618 1251 ἐντολὰς
645 1204 722 1244 τοῦ
750 1204 931 1253 Λυδοῦ,
971 1198 1136 1257 ἀπῆλθε
1165 1199 1207 1251 ἐς
1229 1200 1304 1250 τὰς
1334 1199 1521 1252 Σάρδις,
1553 1195 1610 1248 ὡς
1640 1195 1721 1252 ἐγώ

443 1278 747 1335 πυνθάνομαι,
798 1277 857 1323 δι’
899 1278 1031 1323 οὐδὲν
1070 1278 1173 1322 ἄλλο
1213 1277 1378 1333 ἐγένετο
1425 1275 1452 1332 ἡ
1501 1274 1769 1330 διαλλαγή.10

419 1357 623 1411 ὅέλπίζων
650 1356 734 1412 γάρ
764 1357 788 1401 ὁ
814 1356 1043 1414 Ἀλυάττης
1075 1359 1298 1413 σιτοδηΐην
1330 1372 1374 1399 τε
1405 1352 1514 1398 εἶναι
1544 1352 1724 1410 ἰσχυρὴν

400 1565 484 1589 men
503 1563 689 1600 nunquam
707 1563 749 1588 eo
766 1550 886 1589 valere
905 1551 1050 1601 poterit,

399 1612 441 1645 ut
470 1608 538 1644 hoc
564 1620 709 1656 quoque
735 1607 813 1644 loco
838 1609 1051 1645 caduceato-

399 1677 477 1701 rem
523 1664 631 1700 istum
668 1663 834 1711 Alyattae
874 1665 1050 1701 maritimo

400 1720 529 1757 itinere
564 1719 728 1757 Miletum
770 1721 913 1757 venisse
953 1721 1052 1757 dica-

400 1789 480 1813 mus
494 1805 505 1822 ,
535 1788 629 1823 quae
648 1776 825 1812 Gronovii
839 1781 893 1813 est
904 1781 1051 1814 senteu-

402 1832 464 1867 tia.
495 1830 593 1869 Nam
620 1833 667 1868 de
687 1834 813 1880 quovis
833 1833 960 1870 itinere
987 1846 1053 1883 pe-

404 1887 518 1924 destri
547 1899 662 1935 aeque
694 1901 736 1923 ac
763 1889 941 1925 maritimo
971 1902 1054 1926 sae-

402 1942 486 1992 pius
515 1942 604 1979 haee
640 1943 751 1979 verba
773 1945 940 1994 usurpari
968 1958 1054 1982 con-

403 2002 488 2035 stat.

459 2074 529 2115 καὶ
558 2074 679 2130 κώμῳ
708 2075 893 2128 χρέεσθαι
925 2076 964 2124 ἔς
991 2073 1058 2117 α’λ-

407 2127 574 2182 λήλους]
631 2131 817 2183 χρέεσθαι
862 2135 990 2171 merito
1036 2147 1058 2171 e

407 2188 507 2225 libris
531 2190 711 2225 nonnullis
732 2191 957 2227 retinuerunt
980 2191 1057 2227 edi—

407 2249 529 2292 tores,
560 2244 637 2281 loco
665 2245 838 2293 vulgatae
866 2248 1057 2296 χρῆσθαι,

408 2313 504 2349 quae
548 2300 631 2337 olim
681 2304 815 2337 textum
859 2314 1058 2351 occupave-

406 2360 474 2392 rat.
532 2356 688 2392 Sensum
714 2356 781 2391 loci
821 2356 872 2393 sie
898 2359 1058 2394 reddidit

408 2411 610 2460 Schweigh.
623 2426 630 2448 :
649 2415 966 2458 „commessationes
977 2426 1053 2450 mu-

408 2471 490 2504 tuas
534 2470 652 2504 cuncti
680 2468 775 2515 (ut)
802 2471 1056 2506 instituerent.“

406 2523 575 2560 Recurrit
612 2523 803 2572 aliquoties
843 2526 879 2562 in
914 2526 1055 2562 Plutar-

408 2579 497 2626 cho,
526 2584 619 2617 teste
636 2580 887 2627 Wyttenbach.
903 2583 950 2618 ad
968 2582 1054 2618 Plu-

409 2636 520 2673 tarch.
539 2634 669 2672 Moral.
701 2650 737 2686 p.
767 2638 847 2679 569
865 2638 912 2674 T.
935 2637 963 2675 Ι.
995 2637 1054 2675 De

408 2703 497 2728 voce
516 2693 647 2742 κῶμος
663 2693 932 2743 (commessatio)
960 2695 1054 2732 conf.

409 2760 455 2784 ne
485 2747 605 2797 plura,
660 2749 869 2798 Spanhemii
913 2764 955 2788 ac
991 2750 1055 2787 Fi-

409 2802 524 2840 scheri
544 2808 632 2841 nott.
649 2804 940 2858 adAristophan.
961 2807 1054 2844 Plut.

409 2863 427 2899 1
435 2859 527 2900 040.

1312 1550 1343 1587 C
1356 1562 1422 1601 ap.
1455 1548 1573 1587 XXII.

1173 1624 1493 1681 προαγόρευε
1536 1621 1768 1679 Θρασύβου-

1117 1689 1208 1732 λος]
1267 1686 1421 1722 variant
1473 1685 1576 1731 libri,
1617 1695 1770 1732 quorum

1117 1742 1277 1779 nonnulli
1296 1772 1306 1788 ‚
1364 1747 1403 1778 ut
1461 1741 1569 1789 vulgo
1639 1740 1772 1784 editur,

1118 1794 1400 1850 προσηγόρευε.
1486 1797 1566 1834 Nos
1618 1795 1771 1831 aliorum

1120 1856 1309 1892 lectionem
1357 1867 1436 1891 cum
1483 1852 1685 1899 Schweigh.
1734 1854 1772 1887 et

1122 1912 1238 1947 Gaiss.
1290 1910 1525 1959 praetulimus
1539 1922 1547 1945 :
1576 1923 1606 1946 π
1616 1923 1636 1960 ρ
1650 1922 1670 1946 ο
1684 1901 1772 1958 otyo-

1124 1981 1226 2018 ρευε.
1265 1967 1353 2002 Mox
1388 1979 1468 2002 cum
1507 1964 1628 2015 plures
1663 1963 1769 2001 codd.

1123 2024 1316 2060 exhibeant
1364 2017 1675 2072 Σαρδιηνὸς,
1733 2022 1773 2055 ut

1123 2080 1214 2116 infra
1238 2080 1278 2125 Ι,
1312 2081 1377 2119 79.
1409 2080 1462 2118 83
1504 2080 1540 2114 et
1574 2076 1675 2113 Rich.
1710 2074 1772 2111 In-

1123 2136 1258 2183 seriptt.
1289 2147 1324 2183 p.
1353 2134 1424 2179 85,
1454 2133 1503 2179 5,
1528 2132 1614 2168 nihil
1641 2130 1772 2167 sollici-

1123 2191 1281 2227 tandmu.
1315 2189 1356 2225 In
1382 2201 1485 2237 seqq.
1512 2200 1591 2224 cum
1623 2191 1771 2224 recentt.

1122 2246 1250 2283 retinui
1281 2243 1414 2291 εἴπας,
1453 2243 1553 2281 cuius
1581 2243 1659 2280 loco
1688 2243 1771 2280 libri

1122 2302 1270 2350 quidam
1304 2296 1481 2348 εἰπών,
1520 2301 1589 2337 sed
1625 2300 1698 2337 vid.
1738 2299 1771 2347 I,

1122 2358 1175 2398 49
1195 2357 1317 2405 ibique
1339 2361 1429 2393 nott,

1179 2411 1234 2459 ὥς
1257 2409 1331 2464 ἐγώ
1349 2408 1609 2463 πυνθάνομαι
1628 2426 1663 2451 κ.
1674 2426 1707 2450 τ.
1717 2413 1768 2458 λ.]

1121 2469 1243 2506 Verba
1264 2470 1352 2505 satis
1378 2469 1491 2516 clara,
1518 2469 1695 2505 immerito
1716 2469 1769 2504 xi-

1121 2526 1170 2561 ris
1210 2527 1325 2562 doctis
1359 2526 1568 2571 sollicitata,
1604 2530 1643 2561 ut
1670 2529 1769 2562 recte

1120 2588 1244 2619 monet
1263 2582 1462 2631 Schweigh.
1491 2581 1662 2630 Namque
1682 2580 1770 2629 Aly-

1121 2639 1218 2685 attis,
1253 2640 1316 2687 qui
1346 2639 1507 2675 inducias
1532 2638 1641 2675 modo
1666 2638 1703 2673 in
1729 2637 1769 2674 id

1120 2698 1275 2744 tempus,
1305 2708 1376 2744 quo
1396 2695 1566 2745 templum
1586 2698 1683 2731 esset
1706 2705 1768 2730 ex-

1119 2752 1330 2788 struendum
1356 2752 1488 2802 pacisci
1515 2751 1678 2788 voluerat
1701 2750 1766 2796 (eo

1116 2808 1386 2857 praeter-lapso,
1449 2807 1579 2845 bellum
1634 2805 1766 2843 seilicet

1117 2865 1418 2911 restauraturus),
1447 2877 1562 2910 nunc,
1591 2862 1650 2899 ubi
1674 2874 1765 2898 nuu-
