1909 3228
458 238 541 280 510

847 235 1314 275 HERODOTI

460 347 636 402 ριχηῖὦν
666 345 754 386 τῶν
775 346 1113 399 Πηλουσιακῶν.
1136 348 1189 401 τῇ
1219 343 1272 400 δὴ
1293 344 1605 400 τεσσεράκοντά
1626 346 1708 389 εἶσι

428 429 647 480 Ξσχοῖνοι·
706 421 755 466 τό
793 423 838 465 δὲ
877 421 961 466 ἀπὸ
1001 422 1223 479 θαλάσσης
1263 422 1478 479 λεγόντων
1507 425 1549 476 ἐς
1578 423 1703 480 μεσό-
1717 428 1763 466 4ο

455 518 584 559 γαιαν
608 502 762 544 τείνειν
791 498 925 557 αὐτὴν
953 501 1074 558 μέχρι
1094 502 1388 557 Κερκασώρου
1415 502 1586 555 πόλιος,
1616 502 1705 548 κατ’

455 581 510 637 ἢν
539 581 718 635 σχίζεται
757 578 780 623 ὁ
812 582 994 632 Νεῖλος,
1041 581 1084 632 ἔς
1121 597 1164 624 τε
1202 580 1451 637 Πηλούσιον
1492 582 1602 637 ῥέων
1633 583 1707 625 καὶ

428 659 505 710 3ἐς
534 658 773 715 Κάνωβον·
823 658 876 702 τὰ
906 659 951 703 δὲ
982 658 1088 703 ἄλλα
1117 658 1333 715 λεγόντων
1358 664 1433 717 τῆς
1463 659 1705 715 Αἰγύπτου,

452 737 506 781 τοὶ
533 738 612 794 μὲν
632 735 818 793 Λιβύης,
850 736 901 781 τὰ
935 738 981 781 δὲ
1016 736 1212 794 Ἀραβίης
1241 737 1370 783 εἶναι·
1402 738 1706 783 ἀποδεικνύοι-

451 833 531 873 μεν
561 815 641 868 ὂὶν,
689 815 829 876 τούτῳ
870 820 930 873 τῷ
969 815 1084 875 λόγῳ
1122 816 1381 873 χρεώμενοι,
1430 820 1707 875 Αἰγυπτίοισι

425 894 541 940 4οὕκ
570 895 730 939 ἐοῦσαν
757 894 973 950 πρότερον
1007 895 1166 953 χώρην.
1219 895 1301 954 ἤδη
1339 896 1422 953 γάρ
1463 909 1542 954 σφι
1579 899 1627 943 τό
1657 914 1703 954 γε
1718 901 1762 939 45

450 975 616 1028 Δέλτα,
656 972 715 1026 ὥς
742 973 866 1018 αὐτοὶ
895 976 1068 1031 λέγουσι
1096 975 1349 1031 Αἰγύπτιοι,
1403 977 1475 1020 καὶ
1505 976 1599 1032 ἐμοὶ
1629 979 1705 1022 δο-

449 1054 558 1105 κέει,
597 1054 685 1099 ἔστι
713 1052 990 1110 κατάρρυτόν
1018 1071 1062 1098 τε
1100 1056 1173 1098 καὶ
1202 1056 1378 1107 νεωστὶ,
1418 1053 1475 1107 ὡς
1503 1055 1616 1112 λόγῳ
1648 1057 1707 1099 εί-

421 1138 573 1186 5πεῖν,
603 1131 896 1190 ἀναπεφηνός.
936 1134 973 1178 εἰ
1003 1135 1157 1178 τοίνυν
1196 1146 1275 1192 σφι
1303 1133 1420 1192 χώρη
1447 1150 1495 1190 γε
1523 1135 1706 1191 μηδεμία

391 1305 507 1356 liquas
542 1305 701 1359 Aegypti
721 1310 843 1359 partes
871 1307 928 1355 (s.
949 1320 1044 1358 quae

391 1362 462 1400 alia
478 1363 526 1400 ad
539 1363 747 1414 Aegyptum
766 1364 948 1415 pertinere
968 1363 1046 1401 vul-

390 1431 440 1467 go
460 1422 671 1468 censentur)
699 1425 774 1457 tum
799 1420 847 1457 ad
876 1420 1044 1469 Libyam,

389 1478 466 1511 tum
513 1475 562 1511 ad
606 1474 777 1513 Arabiam
822 1476 1045 1526 pertinere.“

388 1530 511 1580 Atque
538 1530 632 1568 hanc
664 1531 790 1568 Ionum
830 1532 1044 1569 sententiam

390 1599 456 1623 sua
474 1591 594 1625 aetate
615 1588 744 1638 opinor
761 1587 944 1636 vulgatam
960 1587 1039 1625 Hc-

388 1642 538 1679 rodotus
571 1648 657 1694 post
687 1643 838 1690 refellit,
874 1643 1038 1693 quamvis

389 1698 421 1735 ei
453 1699 666 1749 adstipulari
692 1700 857 1736 videatur
884 1699 948 1747 IV,
973 1699 1040 1740 45.

389 1754 501 1798 Quod
525 1755 573 1791 ad
596 1754 750 1803 Libyam
770 1755 917 1801 attinet,
949 1767 1043 1804 quae

388 1815 425 1847 et
455 1810 523 1847 hoc
551 1810 630 1847 loco
659 1810 815 1847 Arabiae
846 1811 1043 1860 opponitur

387 1869 424 1903 et
447 1865 526 1903 aliis
548 1865 675 1903 Nostri
698 1865 784 1903 locis
806 1866 851 1902 ab
871 1867 1042 1916 Aegypto

386 1922 602 1960 discernitur
620 1951 631 1969 ,
661 1934 755 1971 quae
784 1922 865 1972 ipsa
896 1923 941 1959 ab
963 1923 1042 1959 He-

384 1979 516 2015 rodoto
546 1978 762 2027 quibusdam
799 1978 836 2014 in
864 1977 950 2015 locis
978 1977 1043 2015 Li-

387 2035 482 2083 byae
511 2035 693 2072 accenseri
725 2035 886 2080 videtur3
920 2039 1044 2072 monet

387 2091 425 2127 Η
431 2103 518 2139 eyse
530 2091 695 2134 Quaestt.
708 2090 872 2128 Herodd.
886 2091 899 2127 l
913 2104 949 2141 p.
963 2093 1043 2132 107

385 2147 517 2197 duplici
533 2159 640 2184 sensu
656 2146 889 2184 Herodotum
901 2146 1042 2196 Libyae

385 2216 512 2241 vocem
538 2202 766 2250 adhibuisse,
804 2207 878 2240 tum
909 2202 1040 2251 latiori,

384 2272 458 2308 quo
478 2260 524 2297 de
543 2259 640 2295 omni
671 2259 816 2306 Africa,
845 2272 953 2309 quam
971 2272 1038 2296 nos

384 2315 557 2362 dicimus,
595 2315 834 2364 intelligatur,
879 2320 954 2352 tum
982 2328 1039 2352 ar-

383 2372 505 2418 ctiori,
533 2384 604 2421 quo
628 2371 675 2409 de
702 2384 746 2409 ea
772 2371 914 2409 Africae
934 2375 1038 2421 parte

385 2427 582 2478 accipiatur
595 2456 606 2474 ,
646 2440 740 2476 quae
759 2428 865 2466 etiam
886 2427 1037 2478 posthac

382 2481 523 2531 Libyae
547 2483 694 2521 nomine
730 2484 838 2533 vulgo
873 2484 1029 2520 indicata

383 2539 508 2587 suerit,
536 2540 676 2578 exclusa
693 2538 875 2591 Aegypto.

438 2593 548 2646 μέχρι
580 2596 799 2647 Ταριχηίων
831 2597 912 2633 τῶν
947 2596 1032 2646 Πη-

383 2652 637 2698 λουσιακῶν]
680 2651 928 2689 Tarichearum
963 2664 1032 2688 no·-

383 2718 465 2743 men
480 2707 641 2757 pluribus
663 2707 750 2745 locis
776 2707 934 2758 Aegypti
964 2707 1031 2744 ad-

383 2762 512 2798 iectum
560 2764 749 2801 iuvenitur.
828 2765 1031 2801 Occurrunt

385 2816 576 2855 canobicae
621 2819 814 2857 Taricheae
846 2820 940 2857 infra
981 2819 1028 2866 ll,

385 2874 487 2921 113,
515 2871 716 2913 Mendesiae
731 2881 841 2926 atque
861 2875 1029 2913 scenicae

1111 1308 1211 1357 apud
1260 1307 1435 1359 stephan.
1475 1307 1630 1357 Byzant.
1666 1320 1695 1344 s.
1726 1320 1760 1345 v.

1115 1363 1306 1401 Taricheas
1328 1364 1533 1402 Pelusiacas
1552 1369 1674 1401 nostra
1699 1376 1762 1402 ae-

1112 1425 1187 1457 tate
1210 1421 1328 1457 vocari
1348 1421 1396 1457 Al
1410 1420 1567 1457 -Farma
1589 1433 1616 1456 s.
1639 1418 1758 1456 Fara-

1112 1476 1184 1511 meh
1209 1488 1251 1512 ex
1272 1476 1450 1513 Danvillio
1470 1476 1598 1523 (Me‘m.
1625 1489 1661 1526 p.
1683 1476 1758 1523 97)

1113 1537 1264 1568 annotat
1281 1532 1550 1569 Schlichthorst.
1571 1531 1624 1568 l.l.
1645 1534 1757 1582 p.78.

1111 1587 1232 1638 Ipsum
1254 1600 1385 1625 nomen
1410 1600 1452 1625 ex
1483 1589 1662 1637 congestis
1693 1588 1759 1624 ho-

1111 1644 1246 1680 minum
1286 1643 1535 1682 animaliumve
1574 1644 1759 1681 cadaveri-

1110 1700 1177 1736 bus
1208 1700 1378 1748 singulari
1405 1712 1490 1737 cura
1513 1700 1688 1746 conditis,
1719 1704 1759 1737 ut

1110 1756 1251 1792 ferebat
1278 1755 1539 1805 Aegyptiorum
1567 1768 1666 1801 mos,
1700 1768 1760 1793 re-

1109 1811 1202 1860 petit
1229 1810 1514 1860 Wesselingius‚
1555 1812 1602 1847 ad
1638 1811 1759 1849 Aelia-

1109 1879 1194 1903 num
1213 1880 1413 1916 provocans
1446 1867 1494 1904 N.
1523 1866 1592 1904 An.
1621 1867 1676 1914 X,
1704 1870 1758 1910 29

1110 1926 1147 1960 et
1187 1922 1385 1960 Diodorum
1424 1922 1582 1960 Siculum
1612 1923 1650 1971 1,
1683 1926 1757 1970 913

1110 1978 1288 2016 Cellarius
1306 1992 1348 2017 ex
1375 1980 1524 2030 piscium
1546 1984 1758 2027 mercatura,

1110 2035 1171 2083 qui
1192 2035 1258 2072 illis
1279 2036 1315 2071 in
1339 2035 1425 2073 locis
1454 2036 1587 2073 suerint
1612 2037 1757 2073 conditi.

1111 2090 1171 2127 Tu
1193 2092 1264 2128 vid.
1287 2092 1456 2128 strabon.
1481 2092 1569 2128 XVI
1587 2104 1622 2141 p.
1650 2094 1756 2133 1109

1111 2160 1139 2183 ε.
1162 2147 1243 2188 526
1275 2151 1310 2184 et
1339 2160 1432 2196 quae
1457 2147 1503 2183 ad
1519 2147 1554 2184 h.
1575 2147 1596 2183 l.
1618 2148 1755 2184 adscri-

1107 2203 1180 2253 psit
1199 2202 1379 2240 lablonsk.
1401 2204 1557 2254 Opuscc.
1577 2202 1593 2239 I
1612 2204 1752 2253 p.302.

1164 2252 1494 2309 ἀποδεικνύοιμεν
1524 2255 1576 2297 ὃν
1595 2279 1651 2286 -—
1679 2256 1755 2309 χαί-

1107 2313 1206 2365 ρην]
1244 2314 1301 2352 De
1329 2315 1506 2365 participii
1532 2327 1599 2352 usu
1630 2316 1755 2352 confer

1104 2370 1236 2408 Matth.
1272 2369 1308 2421 ἓ.
1339 2369 1443 2418 549,
1475 2371 1500 2412 5
1529 2383 1615 2421 pag.
1644 2373 1752 2413 1077

1105 2439 1180 2476 seq.
1209 2445 1264 2453 ——
1293 2426 1364 2463 Pro
1382 2423 1462 2477 ἤδη
1484 2423 1558 2479 γάρ
1581 2438 1653 2475 σφι
1679 2427 1755 2465 Be-

1102 2483 1233 2520 nedict.
1257 2482 1391 2519 mavult
1418 2483 1523 2520 scribi
1551 2480 1580 2533 ἤ
1597 2497 1657 2521 τοι
1675 2480 1752 2534 γάρ

1103 2550 1174 2587 σφι
1192 2538 1210 2586 (
1216 2538 1377 2589 profecto
1398 2540 1518 2581 enim).
1574 2539 1650 2577 Sed
1671 2539 1751 2576 libri

1101 2606 1175 2631 non
1214 2595 1395 2632 addicunt.
1463 2595 1536 2631 Pro
1577 2595 1750 2646 μηδεμίη

1099 2664 1178 2688 cum
1211 2651 1326 2688 Gaisf.
1353 2650 1519 2701 rescripsi
1564 2651 1749 2702 μηδεμία,

1098 2713 1137 2744 ut
1153 2707 1312 2744 alibi.—
1323 2703 1643 2758 περιεργάζεσθαι
1663 2708 1749 2746 red-

1097 2764 1206 2800 dunt:
1236 2775 1351 2812 nugas
1368 2775 1491 2812 agere,
1518 2775 1748 2814 supervacua,

1095 2818 1193 2856 haud
1215 2821 1409 2856 necessaria
1429 2822 1593 2856 tractare.
1635 2819 1743 2856 Cous.

1094 2875 1164 2920 ΙΙΙ,
1183 2874 1237 2917 46
1259 2879 1296 2913 et
1317 2876 1364 2913 de
1387 2875 1468 2927 ipsa
1486 2888 1526 2914 re
1546 2875 1598 2923 11,
1620 2878 1657 2916 2.
