1909 3228
668 182 967 222 cL10.1.

1361 186 1445 225 263

167 290 247 334 2τὸ
276 290 536 344 προσωτέρω
566 292 623 348 μὴ
652 289 925 346 πορεύεσθαι.
981 293 1026 335 οἱ
1053 291 1122 345 δὲ,
1151 289 1243 335 ἐπεί
1270 308 1313 335 τε
1343 289 1445 336 ἀνα-

194 368 426 425 χωρέοντες
456 368 616 422 ὀπίσω,
668 371 867 426 ἐγένοντο
907 374 983 427 τῆς
1018 371 1185 426 Συρίης
1223 371 1270 414 ἐν
1300 370 1443 414 ’Aona'-

195 454 299 492 λωνι
328 449 448 497 πόλι.
492 453 580 493 τῶν
606 451 799 494 πλεόνων
839 449 1054 494 Σκυθέων
1093 448 1444 503 παρεξελθόντων

195 526 397 581 ἀσινέων,
430 526 568 584 ὀλίγοι
597 529 706 580 τινὲς
737 528 881 573 αὐτῶν
909 527 1269 584 ὑπολειφθέντες,
1301 527 1443 584 ἐσύλη-

168 614 281 650 Βσαν
309 611 384 663 τῆς
413 606 633 664 Οὐρανίης
655 607 905 665 Ἀφροδίτης
933 610 981 652 τὸ
1012 607 1123 664 ἱρόν.
1154 608 1242 651 ἔστι
1271 608 1317 651 δὲ
1346 610 1443 651 τοῦ·
1455 611 1500 646 40

196 703 246 730 το
274 686 322 730 τὸ
353 685 474 741 ἷρὸν,
516 685 575 736 ὥς
602 686 685 742 ἐγὼ
724 687 1059 744 πυνθανόμενος
1089 685 1300 742 εὑρίσκω,
1339 684 1444 730 πάν-

169 767 286 807 4των
321 763 605 820 ἀρχαιότατον
641 767 752 821 ἱρῶν
782 766 865 810 ὅσα
901 766 1060 823 ταύτης
1089 769 1163 822 τῆς
1192 770 1313 809 θεοῦ.
1371 765 1445 809 καὶ

138 986 170 1008 τ.
184 973 230 1016 λ.]
269 965 540 1021 Ψαμμήτιχος
561 970 637 1006 aliis
655 970 782 1008 Nostri

138 1027 225 1063 locis
251 1027 407 1063 exhiberi
433 1031 556 1063 monet
582 1026 783 1070 lVesselin-

138 1083 240 1131 gius3
268 1096 364 1119 nunc
388 1095 472 1120 vero
496 1087 552 1120 est
580 1084 782 1121 restitutum

146 1139 415 1189 Ψαμμίτιχον,
437 1151 531 1187 quae
547 1140 665 1175 verior
681 1141 781 1177 vide-

138 1200 196 1232 tur
216 1195 401 1245 scriptura.
458 1194 546 1231 Mox
568 1191 609 1233 τό
630 1208 780 1247 προσω-

137 1249 234 1301 τέρω
258 1251 443 1288 seiunctim
462 1251 682 1300 scripsimus,
702 1265 782 1289 cum

135 1308 235 1357 prius
274 1307 387 1344 male:
424 1306 714 1357 τοπροσωτέρω.
730 1329 776 1335 -—

135 1362 300 1400 Meminit
320 1363 425 1399 huius
441 1363 653 1410 Scytharum
673 1377 783 1413 expe-

134 1419 281 1456 ditionis
304 1419 547 1466 Hieronymus
581 1418 780 1469 (Epitaph.

133 1475 275 1513 Fabiol.
308 1475 356 1512 T.
386 1475 435 1512 lv
467 1488 502 1525 p.
536 1477 616 1516 661
650 1476 780 1525 Opp.)

133 1531 227 1569 male
251 1537 374 1569 tamen
404 1544 485 1568 eam
515 1530 629 1568 Dario
658 1531 779 1569 Medis

133 1588 335 1638 imperante
383 1588 557 1624 accidisse
605 1589 779 1626 referens.

134 1643 408 1681 Psammitichus
440 1657 524 1681 vero
546 1656 589 1681 ex
608 1643 781 1681 Larcheri

135 1699 332 1736 rationibus
359 1713 510 1748 regnum
534 1700 628 1749 cepit
644 1703 723 1741 671
746 1713 778 1737 a.

136 1755 223 1791 Chr.
245 1760 477 1804 mortuusque
489 1759 544 1792 est
555 1758 636 1795 617
649 1769 680 1792 a.
692 1756 779 1793 Chr.

135 1815 175 1846 ut
194 1811 287 1848 adeo
306 1811 410 1847 XVII
433 1812 536 1847 annis
565 1815 648 1847 ante
669 1811 781 1860 ipsius

136 1871 286 1903 mortem
314 1867 528 1915 Scytharum
556 1867 694 1903 invasio
723 1879 783 1903 ac-

134 1923 264 1960 cidisse
284 1923 330 1959 sit
347 1923 519 1972 putanda.

192 1977 370 2029 ἒγένοντο
389 1980 458 2026 τῆς
477 1978 625 2028 Συρίης
656 1976 697 2015 ἐν
728 1972 783 2015 ’A-

135 2032 310 2074 σκοὲλωνι
330 2030 434 2083 πόλι]
464 2034 522 2070 Ad
541 2036 692 2070 formam
712 2029 782 2071 πό-

134 2095 172 2130 λι
194 2093 288 2129 conf.
318 2090 447 2127 Matth.
475 2103 510 2139 p.
536 2093 624 2130 179.
654 2110 708 2118 -—
738 2089 776 2124 In

134 2161 237 2197 seqq.
259 2142 398 2197 οἷσινῆς
416 2147 530 2182 activa
554 2146 701 2183 notione
723 2158 783 2181 ac-

135 2204 358 2253 cipiendum:
396 2216 462 2238 non
496 2202 654 2249 laedens,
692 2201 782 2237 m'lu'l

137 2259 258 2308 (mali)
286 2261 517 2302 committens3
555 2271 635 2295 cum
673 2257 782 2305 vulgo

136 2316 282 2366 passiva
306 2315 517 2365 plerumque
550 2315 696 2351 notione
720 2327 780 2350 oc-

136 2377 268 2408 currat:
298 2371 500 2418 iucolumis,
538 2371 703 2416 illaestw,
743 2374 781 2406 ut

139 2427 191 2472 ll,
214 2426 304 2467 114.
325 2430 402 2468 181
430 2432 495 2464 etc.
535 2428 593 2464 Cf.
612 2426 779 2474 Schwgh.

137 2481 444 2519 Lexic.Herod0t.
460 2483 608 2519 Ascalon
627 2484 711 2518 urbs
721 2494 780 2517 sa-

140 2538 185 2574 tis
202 2542 288 2574 nota
301 2567 312 2583 ‚
342 2540 475 2588 quippe
496 2541 594 2576 cuius
610 2540 779 2586 frequens

139 2594 272 2630 mentio
299 2594 339 2629 sit
359 2595 394 2629 iu
413 2595 523 2630 sacris
532 2595 781 2631 Hebraeorum

138 2650 246 2686 libris.
286 2650 363 2686 Sita
384 2650 449 2686 fuit
465 2664 580 2699 prope
603 2663 702 2686 mare
726 2649 781 2685 in-

138 2710 193 2743 ter
217 2704 374 2742 Azotum
394 2710 503 2753 atque
523 2707 682 2752 Gazam,
711 2719 783 2743 una

139 2763 186 2799 de
214 2761 371 2811 quinque
396 2761 670 2799 Philistaeorum
700 2761 783 2798 civi-

139 2819 282 2856 tatibus.
368 2817 477 2856 Plura
522 2818 781 2857 Rosenmfiller.

850 972 944 1010 Bibl.
967 969 1209 1021 Archaeolog.
1236 969 1292 1018 II,
1313 973 1340 1012 2
1356 983 1393 1020 p.
1416 970 1500 1011 378

848 1042 952 1078 seqq.

906 1084 985 1123 ἔστι
996 1081 1039 1123 δὲ
1055 1085 1171 1123 τοῦτο
1183 1080 1226 1123 τὸ
1238 1079 1322 1135 ἱρὸν
1337 1077 1500 1120 -ποὲν-

848 1155 929 1179 των
947 1136 1206 1191 ἀρχαιότατον
1229 1139 1326 1190 ἱρῶν
1347 1153 1383 1177 κ.
1395 1152 1426 1176 τ.
1444 1136 1498 1188 λ.]

848 1197 1048 1234 Pausanias
1083 1197 1120 1243 I,
1147 1196 1199 1238 14
1227 1195 1401 1244 Assyrios
1424 1194 1501 1244 pri-

848 1265 927 1290 mos
945 1253 1101 1289 omnium
1118 1252 1298 1290 Venerem
1323 1251 1500 1288 Uraniam

849 1308 1004 1346 coluisse
1029 1310 1156 1355 refert,
1186 1309 1271 1345 inde
1302 1307 1396 1344 illius
1426 1306 1499 1343 cul-

848 1369 924 1401 tum
943 1364 1102 1414 Paphios
1123 1365 1160 1400 in
1180 1365 1304 1412 Cypro
1322 1367 1359 1400 et
1378 1362 1500 1399 Phoe-

848 1421 946 1457 nices
981 1420 1019 1456 in
1054 1419 1261 1456 Palaestina
1299 1418 1498 1468 accepisse,

847 1477 945 1513 unde
983 1476 1168 1513 devenerit
1200 1476 1248 1512 ad
1291 1474 1497 1523 Cytherios.

847 1532 958 1576 Quod
978 1546 1058 1569 cum
1078 1533 1195 1568 minus
1211 1531 1380 1569 credibile
1398 1530 1498 1567 vide-

846 1593 926 1626 atur
954 1588 1224 1636 VVesselingio,
1253 1586 1396 1624 miranti
1424 1598 1499 1635 quo

845 1649 954 1695 pacto
976 1646 1022 1682 ab
1040 1644 1199 1693 Assyriis
1230 1656 1251 1680 a
1271 1643 1361 1680 mari
1378 1655 1499 1680 remo-

847 1701 997 1738 tissimis
1019 1701 1108 1738 haec
1123 1700 1332 1751 superstitio
1359 1700 1408 1736 ad
1423 1699 1498 1747 Cy-

846 1757 946 1806 prios
973 1762 1165 1806 penetrare
1192 1756 1371 1806 potuerit,
1400 1754 1498 1790 Pau-

849 1813 988 1849 saniam
1008 1812 1135 1848 Nostri
1166 1811 1349 1860 scriptoris
1367 1810 1446 1846 loco
1467 1809 1497 1857 Ι,

852 1869 930 1907 131
966 1871 1002 1904 et
1032 1870 1110 1908 199
1142 1880 1163 1903 a
1191 1880 1276 1903 vero
1304 1867 1496 1902 abductum

851 1936 933 1960 esse
950 1927 1064 1971 putat.
1113 1923 1188 1958 Sed
1206 1921 1357 1958 meliora
1377 1922 1423 1958 ‹le
1440 1921 1496 1956 his

849 1982 975 2015 nostra
990 1982 1090 2014 aetas
1112 1978 1251 2014 edocta.
1308 1976 1404 2013 Nam
1423 1975 1496 2013 Ve-

849 2047 917 2070 nus
938 2033 1094 2080 Urania,
1125 2034 1171 2070 de
1196 2035 1295 2069 cuius
1321 2033 1496 2081 antiquis-

850 2091 941 2126 simo
983 2089 1117 2139 templo
1154 2088 1332 2126 Ascalone
1372 2093 1495 2124 narrat

848 2146 1080 2191 Herodotus,
1100 2146 1157 2181 vix
1175 2144 1244 2181 alia
1262 2145 1402 2181 videtur
1413 2157 1495 2181 esse

848 2206 958 2250 atque
973 2201 1152 2247 Derceto,
1183 2213 1290 2249 quam
1322 2201 1403 2248 Syri
1430 2213 1494 2236 vo-

849 2259 990 2303 cabant,
1011 2257 1103 2294 culta
1124 2257 1190 2293 sub
1210 2258 1325 2292 forma
1345 2269 1364 2293 e
1384 2256 1493 2305 piscis

849 2318 886 2350 et
924 2313 1077 2349 hominis
1121 2313 1298 2350 femineae
1329 2312 1492 2361 partibus

847 2370 1056 2419 composita.
1116 2370 1224 2405 Conf.
1258 2368 1410 2404 Diodor.
1445 2367 1493 2413 II,

847 2426 873 2467 4
907 2425 984 2463 coll.
1020 2425 1140 2461 Strab.
1181 2423 1267 2461 XVI
1304 2437 1340 2473 p.
1371 2424 1490 2464 1132.

845 2482 925 2519 Nec
959 2482 1156 2530 quidquam
1189 2480 1381 2527 abhorret,
1417 2492 1492 2527 quo

845 2539 963 2576 miuus
995 2537 1174 2574 Ascalone
1201 2536 1364 2586 primitus
1400 2535 1492 2572 hanc

846 2596 952 2631 deam
964 2594 1030 2630 hac
1050 2594 1116 2629 sub
1129 2592 1250 2642 speeie
1270 2591 1401 2630 cultam
1417 2593 1491 2628 exi-

847 2651 1042 2687 stimemus.
1086 2649 1239 2685 Veneris
1257 2652 1377 2685 autem
1396 2648 1490 2684 Ura-

847 2707 929 2743 niae
955 2706 1086 2742 cultum
1108 2717 1151 2742 ex
1171 2705 1279 2741 Asiae
1295 2704 1489 2753 superioris

847 2762 1057 2810 regionibus
1084 2761 1245 2807 ductum,
1275 2759 1354 2810 ipse
1369 2760 1490 2796 Hero-

848 2819 955 2856 dotus
975 2818 1013 2866 I,
1035 2819 1114 2859 131
1144 2817 1301 2855 indicare
1327 2816 1488 2861 videtur;
