1909 3228
432 229 516 270 388

408 333 671 393 3Βαβυλιόν·
729 334 864 378 ἐοῦσα
909 330 1087 388 τοιαύτη
1133 331 1186 390 δή
1233 348 1310 384 τις.

380 541 514 579 teribus
543 538 772 590 scriptoribus
794 538 937 578 Ctesias
961 551 1030 590 po·

381 597 556 635 tissimum
583 597 630 633 de
665 594 856 644 Babylone
894 595 1027 643 retulit,

382 666 424 691 ex
464 664 535 701 quo
574 652 741 689 desumta
776 655 880 699 sunt,
934 664 1028 700 quae

380 708 479 758 apud
506 707 709 745 Diodorum
744 707 901 744 Siculum
937 707 1029 756 legi-

379 777 459 802 mus
475 763 502 808 I,
520 767 546 804 7
565 764 882 812 (Ctes.Fragmm.
895 777 931 813 p.
943 765 1025 804 397

381 821 490 869 seq.)
529 820 565 857 in
603 819 784 857 nonnullis
824 821 1029 870 copiosiora

381 876 527 925 quidem
545 875 776 914 Herodoteis.
802 873 923 925 Atque
941 877 1028 913 Cte-

381 933 475 980 sias,
505 935 543 968 ut
571 932 803 980 Herodotus,
827 936 903 968 tum
935 945 1029 981 quae

379 989 460 1039 ipse
478 988 638 1035 viderat,
666 992 742 1025 tum
758 1000 852 1038 quae
874 988 950 1025 aliis
969 1001 1029 1025 ac-

380 1049 486 1095 cepta
506 1045 709 1091 referebat,
729 1045 924 1082 memoriae
941 1058 1029 1095 pro-

381 1101 534 1139 diderat.
563 1100 706 1150 Reliqui
733 1101 948 1151 scriptores,
969 1100 1030 1150 qui

379 1156 575 1206 Babylonis
599 1157 698 1194 urbis
720 1158 855 1194 faciunt
873 1157 1029 1194 mentio-

382 1226 489 1260 nem,
529 1214 738 1251 alterutrum
760 1213 888 1250 horum
919 1213 1030 1251 secuti

380 1283 462 1307 esse
487 1269 665 1307 videntur.
723 1269 804 1307 Nec
839 1270 1030 1308 recentiori

379 1329 500 1363 aetate
521 1326 688 1373 defuere,
716 1326 777 1375 qui
796 1325 911 1364 Iocum
931 1326 1028 1362 urbis

381 1381 466 1418 olim
493 1381 732 1431 amplissimae
766 1382 1027 1430 investigantes

379 1438 583 1486 ruderaque
594 1438 788 1475 invisentes
808 1438 1028 1487 perlustran-

379 1497 507 1541 tesque
538 1494 756 1530 accuratiora
784 1494 831 1530 de
860 1493 913 1530 his
939 1495 1028 1530 edo-

380 1562 462 1587 cere
489 1553 723 1597 veterumque
753 1553 936 1586 auctorum
961 1550 1027 1586 de-

379 1605 591 1654 scriptiones
628 1605 684 1642 vel
722 1605 934 1642 confirmare
969 1604 1026 1643 vel

379 1660 544 1698 reseIIere
566 1665 791 1698 conarentur.
828 1661 869 1697 In
898 1661 1025 1710 quibus

379 1722 523 1767 praeter
541 1716 779 1754 Niebuhrium
795 1716 883 1753 alios
903 1717 1027 1754 laudat

378 1772 532 1810 RenneI.
563 1784 649 1822 pag.
681 1772 763 1813 546
796 1773 853 1810 ed.
882 1785 1024 1809 vernae.

379 1828 457 1865 Sed
486 1827 595 1877 Angli
632 1828 826 1878 praecipue
862 1828 1025 1865 homines

378 1888 480 1920 tanto
496 1897 576 1921 cum
595 1884 715 1920 studio
729 1888 840 1932 atque
851 1884 1026 1921 industria

378 1939 415 1976 in
443 1940 532 1978 haec
563 1939 843 1988 inquisiverunt,
880 1944 921 1977 ut
953 1940 1025 1978 iam

379 1996 507 2034 certius
530 1997 577 2034 (Ie
593 1996 647 2032 his
665 2008 759 2033 nunc
771 2000 929 2034 statuere
939 2009 1026 2047 pos-

379 2052 511 2099 simus·‚
555 2051 688 2100 Rich„
718 2052 780 2101 qui
809 2052 1028 2090 Brittanica-

379 2121 456 2145 rum
486 2122 602 2146 rerum
633 2112 844 2158 procurator
869 2111 905 2147 in
937 2109 1026 2147 urbe

377 2164 553 2213 Bagdad,
582 2165 716 2215 pluries
737 2164 856 2202 invisit
879 2164 1023 2212 rudera,

379 2233 471 2269 qnae
498 2221 695 2270 Babylonis
726 2234 808 2259 esse
850 2222 1026 2269 seruntur,

378 2276 545 2327 binisque
583 2277 833 2327 scriptionibus
879 2278 1026 2314 inventa

378 2346 444 2369 sua
468 2334 600 2383 publici
629 2333 713 2370 fecit
749 2333 835 2370 iuris
847 2334 905 2382 ²⁴¹),
936 2333 1025 2369 Ker-

378 2388 531 2436 Porter.,
562 2390 621 2439 qui
653 2394 794 2439 septem
817 2394 903 2440 post
921 2389 1023 2426 annis

377 2445 414 2481 in
433 2446 558 2483 iisdem
587 2446 795 2493 regionibus
816 2446 1023 2483 ruderibus-

377 2514 448 2550 que
472 2501 730 2552 perlustrandis
761 2502 1024 2539 accuratissime

376 2563 558 2605 versatus,
597 2559 648 2595 ita
679 2559 725 2596 de
755 2558 809 2595 his
841 2558 1022 2605 disseruit,

376 2618 414 2649 ut
432 2614 535 2651 facile
552 2614 708 2651 omnium
738 2627 915 2651 consensu
948 2627 1022 2661 eos,

377 2669 435 2716 qui
455 2675 538 2707 unte
559 2671 674 2721 ipsum
696 2670 760 2706 has
784 2672 950 2718 regiones
967 2670 1022 2706 in-

375 2725 531 2762 viserant
562 2740 603 2764 ac
641 2727 925 2777 descripserant,
968 2727 1020 2762 vi-

844 222 1307 263 HERODOTI

1377 330 1504 384 πόλις
1546 332 1686 376 κέεται

1095 539 1187 577 cisse
1213 537 1455 589 perhibeatur.
1513 537 1634 581 Quem
1662 549 1742 576 cum

1093 595 1171 633 iure
1198 597 1324 633 ducem
1337 594 1544 631 assumserit
1570 593 1744 640 Heeren.,

1095 651 1117 689 I.
1137 652 1159 688 l.
1180 665 1264 702 pag.
1286 652 1365 692 158
1392 664 1482 700 seq.‚
1511 662 1577 686 nos
1596 662 1743 699 quoque

1094 721 1173 746 eum
1192 709 1228 744 in
1244 707 1394 756 singulis
1413 706 1648 744 Herodoteae
1658 718 1743 742 nar-

1092 764 1241 801 rationis
1277 763 1393 801 verbis
1434 762 1651 800 illustrandis
1676 762 1744 799 du-

1095 835 1172 859 cem
1192 833 1385 870 sequamur
1403 832 1550 856 necesse
1569 822 1634 856 est.
1671 817 1744 854 Hie

1095 877 1132 914 in
1165 878 1370 915 universum
1407 876 1561 912 monitos
1595 873 1742 912 velimus

1095 932 1245 971 lectores
1269 946 1311 970 ex
1341 933 1468 970 eodem
1492 930 1676 969 Heerenio
1699 930 1742 977 (l.

1094 989 1118 1026 l.
1141 1002 1225 1040 pag.
1241 990 1360 1036 175)·‚
1386 1001 1478 1036 quae
1497 992 1637 1024 veteres
1657 987 1744 1023 scri-

1095 1051 1242 1096 ptoreS,
1272 1045 1432 1094 inprimis
1452 1044 1676 1090 Herodotus,
1696 1043 1744 1079 de

1096 1102 1174 1139 Ioco
1194 1106 1230 1139 et
1249 1099 1590 1148 ambituBabonnis
1611 1098 1743 1136 veteris

1095 1158 1328 1203 tradiderint,
1355 1170 1399 1194 ea
1410 1186 1420 1203 ,
1437 1156 1559 1204 quoad
1575 1167 1619 1192 ex
1636 1154 1745 1192 rude-

1097 1215 1195 1251 ribus
1227 1214 1343 1250 adhuc
1372 1212 1593 1249 exstantibus
1624 1210 1743 1260 colligi

1096 1274 1240 1321 potest,
1282 1270 1436 1306 maxime
1468 1268 1580 1305 videri
1610 1267 1745 1317 proba-

1096 1327 1187 1372 bilia
1203 1326 1411 1376 optimeque
1427 1324 1630 1362 confirmari
1644 1327 1680 1360 et
1697 1323 1746 1360 si-

1094 1388 1135 1420 tu
1177 1387 1213 1419 et
1257 1382 1504 1430 magnitudine
1550 1381 1745 1426 ruinarum,

1095 1452 1185 1487 quas
1211 1438 1267 1474 isti
1285 1438 1577 1488 peregrinatores
1596 1435 1745 1486 perqui-

1093 1495 1262 1531 siverunt.
1328 1493 1408 1530 Nec
1434 1493 1579 1528 omnino
1608 1490 1694 1528 taiia
1723 1503 1745 1527 a

1093 1564 1134 1588 re
1171 1551 1251 1600 ipsa
1287 1549 1502 1595 abhorrere,
1544 1551 1746 1585 monstrant

1094 1620 1155 1653 ea,
1186 1619 1280 1655 quae
1300 1606 1346 1643 de
1368 1606 1456 1642 urbe
1478 1605 1574 1641 haud
1594 1604 1742 1640 minoris

1093 1663 1246 1700 ambitus
1258 1666 1366 1711 atque
1377 1660 1634 1710 magnitudinis
1645 1660 1742 1710 apud

1093 1719 1201 1754 Sinas
1236 1719 1415 1755 exstructa
1447 1717 1653 1754 recentioris
1683 1728 1746 1754 ae-

1091 1775 1175 1811 tatis
1198 1774 1449 1823 peregrinator
1476 1773 1608 1809 Marko
1640 1771 1746 1819 Polo,

1092 1829 1191 1866 haud
1221 1829 1352 1867 dubiae
1396 1829 1482 1866 fidei
1509 1828 1582 1876 vir,
1622 1831 1747 1865 narrat

1092 1898 1269 1936 perquam
1308 1885 1438 1922 similia
1468 1885 1528 1931 iis,
1571 1897 1667 1933 quae
1697 1884 1745 1922 de

1091 1942 1281 1990 Babylone
1311 1946 1416 1992 pater
1444 1941 1614 1978 historiae
1649 1945 1746 1977 retu-

1091 1997 1142 2035 lit.
1198 1997 1281 2035 Vid.
1314 1999 1472 2035 Heeren.
1498 1997 1521 2034 l.
1543 1997 1566 2034 l.
1595 2010 1632 2046 p.
1663 1999 1744 2038 192

1093 2067 1170 2103 seq.
1239 2054 1308 2090 His
1364 2055 1461 2091 addo
1510 2052 1744 2091 recentissimi

1091 2110 1372 2161 peregrinatoris
1396 2110 1679 2158 disquisitionem
1695 2109 1742 2145 de

1093 2167 1229 2203 ambitu
1248 2167 1426 2203 moenium
1441 2164 1741 2213 Babylonicorum

1091 2222 1275 2271 ipsiusque
1311 2222 1429 2268 urbis,
1477 2220 1741 2268 Buckinghami

1092 2278 1254 2315 ltinerar.
1287 2279 1321 2314 in
1348 2277 1589 2326 Mesopotam.
1624 2277 1742 2314 Bero-

1090 2334 1150 2370 Iin.
1173 2335 1280 2375 1828
1300 2347 1378 2384 cap.
1401 2333 1525 2370 XXIII
1551 2345 1637 2384 pag.
1657 2332 1741 2374 492

1092 2402 1194 2438 seqq.
1225 2391 1347 2436 „Add.
1361 2390 1599 2427 Drummond.
1619 2389 1656 2425 in
1678 2389 1741 2426 the

1092 2446 1250 2483 classical
1265 2446 1407 2483 Iournal
1418 2446 1498 2482 Vol.
1511 2445 1598 2483 XVI
1608 2459 1644 2496 p.
1661 2445 1741 2486 149

1091 2515 1191 2551 seq„
1221 2503 1280 2539 ubi
1310 2503 1355 2540 de
1397 2503 1608 2540 auctoritate
1636 2501 1741 2538 huius

1091 2559 1343 2608 descriptionis
1372 2558 1654 2607 Babyloniorum
1681 2569 1742 2594 ur-

1091 2615 1144 2650 bis
1161 2620 1226 2651 etc.
1251 2615 1475 2665 disputatur,
1497 2620 1532 2652 et
1549 2614 1657 2661 Hirt.,
1681 2613 1741 2651 die

1091 2671 1305 2707 (iescbiclne
1326 2671 1591 2708 dorPnukunst
1614 2670 1683 2718 bey
1701 2670 1737 2706 d.

1088 2726 1196 2764 Alton
1227 2728 1237 2763 I
1260 2727 1390 2778 p.134
1411 2727 1539 2777 seqq.“
1563 2726 1630 2763 Cr.
1654 2726 1739 2762 Mo-

431 2822 455 2864 ‘)
504 2823 599 2855 cons.
624 2825 849 2867 Fundgrubcn
876 2825 936 2857 (Ios
963 2824 1098 2856 Orionis
1124 2827 1186 2861 111,
1212 2827 1234 2859 Β
1261 2837 1294 2868 p.
1320 2828 1382 2861 199
1407 2838 1500 2870 seqq.
1526 2825 1547 2859 3
1571 2835 1648 2867 pag.
1672 2822 1737 2857 197

510 2881 603 2913 seqq.
628 2872 685 2910 IV,
711 2875 728 2906 l
755 2883 789 2915 p.
808 2872 853 2906 86
877 2871 953 2904 coll.
979 2871 1137 2904 Classical
1162 2873 1273 2904 Iourn.
1303 2873 1380 2906 Yol.
1400 2873 1468 2905 ΧΠ
1498 2884 1532 2916 p.
1550 2872 1616 2906 287
1636 2880 1734 2914 seqq·

1183 2998 1200 3011 Α
