1909 3228
304 643 401 687 121

135 707 408 740 Rhampsinitufflab

134 749 182 768 an.
204 741 266 768 1237
285 741 321 768 ad
334 742 412 801 l‘lekffi-

134 774 262 801 Vulcani

469 214 553 255 75⁰

469 322 622 378 λεθρίῃ
653 318 943 375 ἄπολόμενοι,
980 320 1226 374 καταφανὲς
1253 322 1384 362 τοῦτο
1408 324 1522 364 τοῖσι
1550 320 1728 376 οἷνθρώ-
1773 323 1851 364 159

883 211 1348 250 HERODOTI

467 412 588 443 ποισι
617 398 856 454 ποιήσωσι,
915 399 974 451 ὥς
1003 403 1091 443 τῶν
1117 398 1313 453 μεγάλων
1343 396 1620 454 ἀδικημάτων
1652 416 1727 456 με·

465 478 593 534 γάλαι
623 478 700 520 εἰσὶ
742 479 815 521 καὶ
851 480 896 522 αἱ
935 479 1137 535 τιμωρίαι
1176 476 1295 531 παρὰ
1334 481 1422 520 τῶν
1469 481 1610 529 θεῶν,
1655 479 1783 521 καὶὲὃ

464 561 601 601 ταῦτα
630 556 731 612 μὲν,
769 561 821 614 τῇ
853 558 947 613 ἐμοὶ
979 558 1139 608 δοκέει,
1169 558 1346 612 εἴρηται.

575 636 783 689 Πρωτέος
813 636 857 679 δὲ
887 636 1145 689 ἐκδέξασθαι
1173 635 1253 692 τήν
1284 637 1517 691 βασιληίην
1551 632 1729 688 Ῥαμψί-

465 732 586 758 νιτον
616 715 786 770 ἔλεγον·
839 715 884 767 ὃς
914 716 1172 773 μνημόσυνα
1203 716 1365 758 ἐλίπετο
1397 713 1449 757 τὰ
1479 712 1729 768 προπύλαια

133 808 214 843 plum
235 812 332 834 ornat:
352 812 414 834 sta-
442 793 525 837 Ξτοέ
560 794 671 848 πρὸς
699 794 884 851 ἑσπέρην
909 795 1176 851 τετραμμένα
1205 797 1286 838 τοῦ
1310 792 1603 849 Ἡφαιστείου.
1651 790 1729 834 ἅν-

133 842 191 868 tuit
211 843 359 868 Aestatem
384 849 400 867 e

135 874 282 909 Hiemem,
301 875 357 901 duo
375 876 400 901 si

134 908 271 969 {iiigilacra
310 909 400 943 ingen

403 844 414 867 t

404 889 415 894 ·
471 875 590 924 τίους
627 874 672 918 δὲ
710 878 800 918 τῶν
839 877 1127 930 προπυλαίων
1167 875 1314 930 ἔστησε
1344 870 1601 927 ἀνδριάντας
1632 869 1726 922 δύο,
1741 877 1786 910 30

469 951 622 1004 ἐόντας
649 952 696 998 τὸ
728 953 920 1010 μέγαθος
948 954 1072 998 πέντε
1101 954 1176 998 καὶ
1212 953 1372 998 ἐείκοσι
1408 952 1592 1009 πηχέων·
1640 953 1730 993 τῶν

407 1170 457 1208 ad
493 1170 532 1218 Ι,
561 1172 616 1212 32
649 1171 910 1222 disputavimus
942 1174 989 1210 de
1019 1186 1061 1211 ea

407 1227 535 1266 Nostri
566 1229 766 1275 sententia,
798 1231 870 1278 qua
894 1230 1061 1266 homines

409 1284 584 1334 superbos
614 1290 904 1335 arrogantesque
942 1299 964 1322 a
992 1287 1061 1323 diis

408 1341 514 1378 deiici
553 1341 626 1378 alto
665 1343 783 1390 gradu
813 1347 924 1391 atque
950 1343 1062 1380 everti

408 1398 602 1434 statuebat.
642 1398 775 1447 Neque
796 1398 966 1436 Nemesis
989 1399 1061 1446 illa,

407 1466 501 1503 quae
522 1466 634 1503 prava
662 1455 826 1491 facinora
854 1459 965 1504 atque
994 1456 1062 1492 im-

405 1511 466 1561 pia
497 1510 562 1546 sibi
589 1511 776 1560 punienda
815 1512 948 1558 sumit,
988 1512 1063 1548 cui-

406 1578 515 1615 quam
534 1566 651 1616 parcit
667 1595 677 1614 ‚
694 1580 762 1604 nec
787 1567 857 1603 ullo
877 1568 988 1604 modo
1005 1581 1063 1605 re-

405 1622 541 1668 mittit,
581 1635 660 1659 cum
698 1623 864 1661 homines
895 1624 1061 1660 immissis

405 1678 668 1716 calamitatibus
705 1680 754 1716 ad
788 1681 991 1717 modestam
1023 1683 1060 1717 et

404 1734 597 1772 honestam
636 1735 746 1772 vitam
789 1736 990 1785 perducere
1024 1739 1063 1773 et

405 1792 452 1827 ab
478 1804 546 1837 e0,
577 1791 757 1840 quidquid
777 1793 878 1828 nefas
899 1796 969 1839 est,
995 1793 1062 1829 de-

405 1851 544 1884 terrere
572 1847 672 1883 velit.
730 1848 838 1884 Hanc
868 1861 953 1884 vero
983 1848 1063 1884 vin-

405 1904 538 1940 dictam
566 1904 671 1952 quasi
710 1904 871 1940 divinam
904 1904 1062 1940 historiis

404 1960 480 1996 suis
509 1963 548 1996 ut
579 1964 894 2006 commonstraret,
926 1974 1063 2010 propo-

406 2017 514 2053 situm
553 2015 681 2052 habuit
723 2021 828 2065 pater
874 2017 1062 2062 historiae,

404 2073 564 2121 indeque
581 2073 689 2109 etiam
710 2072 862 2109 Troiani
883 2073 966 2110 belli
982 2086 1061 2110 ma-

404 2129 438 2166 la
459 2134 570 2177 atque
589 2128 810 2167 calamitates
830 2130 977 2179 repetit,
1007 2130 1064 2166 di-

403 2185 536 2222 vinitus
584 2185 761 2222 immissas
794 2185 963 2222 Troianis
1013 2187 1061 2223 ob

403 2242 527 2292 priora
578 2241 709 2278 delicta
748 2246 860 2291 atque
897 2246 1058 2291 peccata.

404 2299 512 2335 Conf.
540 2298 680 2347 Iaeger.
717 2298 864 2348 disputt.
890 2299 1058 2336 Herodd.

402 2367 488 2404 pag.
517 2353 583 2395 45.
652 2353 750 2392 Nam
779 2356 925 2391 suerunt
943 2383 954 2401 ,
997 2355 1059 2403 qui

401 2411 512 2462 plane
546 2410 651 2448 aliter
686 2411 875 2448 traderent
906 2410 1059 2448 bellum-

361 2500 364 2502 .
402 2480 476 2516 que
488 2466 690 2504 Troianum
710 2468 871 2505 dicerent
888 2469 1059 2517 frequen-

403 2524 477 2561 tiae
498 2523 682 2560 hominum
702 2524 958 2561 exonerandae
977 2536 1061 2561 cau-

405 2592 446 2616 sa
480 2593 502 2617 a
539 2581 607 2617 diis
646 2581 844 2617 conflatum
884 2593 983 2626 esse,
1022 2581 1060 2617 id

406 2638 505 2684 quod
525 2637 573 2673 ad
596 2636 893 2686 philosophorum
913 2650 1060 2685 quoque

408 2693 546 2729 scholas
567 2694 720 2730 transiit.
780 2693 863 2729 vid.
883 2693 992 2730 schol.
1011 2693 1059 2729 ad

408 2747 506 2784 Iliad.
530 2748 565 2795 l,
590 2749 626 2790 5.
666 2749 831 2799 Euripid.
851 2749 982 2786 Helen.
1003 2751 1056 2790 39

409 2816 510 2852 seqq.
559 2806 681 2841 Strab.
706 2805 754 2841 lv
788 2817 873 2855 pag.
892 2808 995 2852 279,
1015 2804 1058 2842 A.

407 2872 443 2910 p.
468 2861 565 2906 183,
590 2860 623 2897 D
655 2866 691 2898 et
711 2861 906 2912 Chr)sippi
928 2863 1056 2911 fragm.

1129 1173 1229 1223 apud
1249 1171 1430 1209 Plutarch.
1450 1183 1539 1207 mor.
1561 1168 1594 1205 ll
1612 1182 1648 1219 p.
1664 1166 1785 1214 1049,

1128 1229 1172 1265 B.
1199 1229 1306 1269 1052
1325 1229 1500 1276 (Baguet.
1522 1230 1714 1263 comment.
1739 1225 1786 1262 de

1130 1286 1326 1334 Chrysipp.
1345 1283 1605 1323 Lovan.1822
1623 1296 1659 1332 p.
1672 1282 1786 1329 208).

1128 1342 1204 1379 Sed
1224 1341 1314 1378 haec
1330 1340 1590 1391 displicuerunt
1617 1339 1713 1388 patri
1733 1338 1788 1375 hi-

1131 1399 1286 1444 storiae,
1331 1398 1393 1446 qui
1425 1397 1496 1433 alio
1520 1396 1631 1432 modo
1654 1393 1786 1430 Troia-

1130 1467 1259 1491 norum
1281 1454 1377 1491 mala
1402 1452 1614 1502 explicanda
1633 1451 1784 1487 censuit.

1132 1532 1184 1538 -
1208 1511 1266 1546 Ad
1286 1510 1396 1547 verba
1407 1506 1508 1554 ὅκως
1520 1530 1575 1536 —-
1587 1502 1783 1555 ποιήσωσι

1131 1567 1228 1604 conf.
1248 1565 1377 1602 Matth.
1404 1566 1468 1602 Gr.
1490 1565 1554 1601 Gr.
1574 1578 1610 1614 p.
1633 1565 1727 1604 999.

1316 1623 1346 1659 C
1360 1635 1427 1672 ap.
1460 1620 1593 1658 CXXI.

1186 1675 1261 1730 τήν
1290 1678 1502 1729 βασιληίην
1529 1675 1784 1725 Ῥαμψίνιτον

1131 1733 1278 1785 ἔλεγον]
1309 1735 1402 1771 Cum
1422 1734 1612 1772 Herodoto
1631 1744 1785 1769 consen-

1129 1792 1173 1827 tit
1193 1791 1378 1828 Diodorus
1401 1789 1437 1837 I,
1461 1792 1526 1830 62.
1575 1789 1659 1825 Hoc
1689 1788 1785 1825 enim

1130 1851 1278 1884 auctore
1307 1846 1476 1884 Proteum
1498 1858 1614 1893 regno
1636 1845 1785 1893 vitaque

1131 1904 1340 1941 defunctum
1360 1903 1500 1952 excepit
1528 1901 1697 1951 Rempln’s
1715 1901 1787 1949 (ita

1130 1973 1212 1997 eum
1241 1959 1421 2009 appellat)
1452 1958 1568 2005 filius,
1607 1958 1786 2008 parsimo-

1129 2017 1191 2053 nia
1225 2017 1393 2064 adeoque
1434 2015 1584 2052 avaritia
1616 2014 1787 2051 illustrior

1130 2085 1241 2122 quam
1287 2073 1395 2109 rebus
1439 2071 1622 2121 praeclare
1659 2070 1782 2119 gestis.

1131 2129 1305 2177 Regnare
1326 2128 1384 2166 ille
1405 2128 1523 2177 coepit
1538 2127 1624 2163 inde
1646 2128 1691 2163 ab
1716 2138 1782 2162 an-

1129 2198 1178 2222 no
1203 2184 1311 2225 1244
1339 2197 1372 2221 a.
1395 2184 1481 2220 Chr.
1499 2196 1557 2230 n.,
1597 2187 1634 2219 ut
1659 2182 1784 2218 statuit

1128 2241 1332 2278 Larcherus
1367 2239 1576 2288 chronolog.
1606 2238 1782 2276 d’Herod.

1126 2301 1153 2334 t.
1175 2296 1242 2334 Vll
1263 2310 1347 2346 pag.
1368 2299 1421 2337 99
1445 2309 1521 2345 seq.
1547 2297 1640 2336 583.
1679 2295 1784 2338 Quae

1127 2354 1224 2403 apud
1244 2353 1413 2390 Tacitum
1439 2351 1570 2390 annall.
1588 2351 1641 2397 Π,
1662 2354 1715 2392 60
1737 2351 1784 2388 de

1127 2410 1304 2456 Rlzamse,
1334 2408 1516 2459 Aegyptio
1539 2421 1649 2457 rege,
1685 2408 1783 2445 eius-

1128 2479 1201 2516 que
1231 2466 1518 2516 expeditionibus
1554 2468 1781 2510 enarrantur,

1128 2524 1165 2560 in
1188 2522 1479 2571 Rliampsz'm‘tum
1506 2521 1689 2559 Herodoti
1715 2521 1782 2556 mi-

1127 2593 1194 2617 nus
1223 2591 1333 2628 quam
1361 2580 1398 2616 in
1429 2578 1611 2617 Sesostrin
1651 2578 1782 2614 cadere

1126 2637 1306 2673 videntur.

1184 2689 1231 2730 τὰ
1249 2687 1540 2743 προπύλαια-
1553 2691 1624 2729 τοῦ
1640 2687 1781 2738 Ἡφαι-

1131 2749 1286 2794 στείου]
1318 2748 1401 2785 vid.
1437 2747 1492 2794 ΙΙ,
1518 2749 1595 2788 101
1625 2746 1703 2784 coll.
1733 2745 1779 2791 Il,

1127 2809 1179 2847 99
1205 2805 1289 2854 ibiq.
1312 2809 1405 2841 nott.

1180 2858 1225 2902 το“
1257 2859 1433 2913 μέγαθος
1459 2857 1574 2899 πέντε
1602 2855 1669 2896 καὶ
1709 2855 1776 2896 ἐεί-
