1909 3228
476 216 561 257 658

872 208 1339 251 HERODOTI

477 324 669 381 ἄμπελοι.
726 320 894 376 ἰχθύων
923 318 969 363 δὲ
993 319 1096 370 τοὺς
1125 318 1225 374 μὲν,
1255 316 1363 371 πρός
1392 317 1516 374 ἥλιον
1545 314 1736 373 αὐήναν-

478 419 568 455 τες,
599 399 745 457 ὠμούς
775 399 1007 443 σιτέονται·

450 488 472 522 7
482 481 727 537 χευμένους.

423 723 516 758 nott.
548 719 596 757 ad
631 719 685 767 ΙΙ,
714 720 781 760 37.
839 717 952 762 Quod
985 728 1071 753 vero

423 777 636 814 Herodotus
661 777 750 813 vites
778 787 845 825 per
865 773 1073 823 Aegyptum

424 847 505 871 esse
526 837 657 882 negat,
677 832 892 869 contrarium
908 832 1075 867 asserunt

424 890 558 927 Strabo
590 888 694 926 XVII
737 900 821 939 pag.
847 889 952 933 799,
981 885 1012 922 C
1045 899 1072 921 s.

423 959 460 997 1)-
481 945 611 993 1150,
631 946 676 983 C.
704 944 856 982 Diodor.
872 943 906 991 I,
925 944 993 988 36,
1015 942 1074 978 alii

423 1003 672 1040 Romanorum
688 1002 880 1051 scriptores
892 1029 902 1046 ‚
933 998 995 1048 qui
1012 1010 1076 1034 va-

424 1059 479 1096 ria
494 1059 586 1096 adeo
606 1059 680 1095 vini
702 1070 840 1106 genera
856 1057 893 1093 in
904 1054 1075 1104 Aegypto

424 1118 624 1153 recensent.
682 1114 779 1158 Quin
810 1113 899 1163 ipsis
928 1112 964 1148 in
997 1123 1076 1147 mo-

424 1172 605 1209 numentis
613 1170 846 1221 Aegyptiacis
858 1173 894 1207 et
912 1169 1004 1205 vites
1021 1167 1077 1204 in-

425 1229 586 1266 venimus
609 1230 900 1278 repraesentatas
916 1228 952 1263 et
971 1237 1074 1270 uvas,

426 1298 448 1322 e
467 1285 599 1334 quibus
621 1285 742 1321 vinum
762 1286 923 1334 paratur.
964 1281 1072 1317 conf.

426 1341 575 1379 Costaz.
598 1341 767 1390 descript.
786 1340 833 1376 de
850 1338 944 1388 l'Eg.
966 1338 1072 1374 mem.

426 1398 607 1447 (antiqq.)
628 1397 644 1433 I
663 1410 699 1447 p.
724 1398 790 1437 61.
812 1398 879 1436 62.
935 1392 989 1430 Ac
1008 1394 1075 1430 de-

426 1454 537 1504 nique
573 1454 653 1503 ipse
689 1453 903 1488 Herodotus
932 1449 986 1496 II,
1018 1450 1073 1490 37

426 1511 549 1547 vinum
567 1522 610 1546 ex
630 1509 706 1545 uvis
728 1509 941 1552 confectum,
973 1505 1075 1553 quod

427 1571 526 1604 certo
546 1564 693 1602 modulo
712 1562 960 1600 sacerdotibus
978 1561 1078 1597 exhi-

427 1623 578 1668 beatur,
609 1621 718 1657 novit.
778 1619 887 1655 Conf.
917 1618 1075 1654 Heeren.

427 1678 482 1715 ld.
517 1678 573 1724 ΙΙ,
604 1680 630 1717 2
666 1689 750 1726 pag.
771 1677 864 1716 362.
911 1672 1079 1710 Minutoli

427 1734 627 1781 Nachtriig.
649 1737 715 1769 etc.
733 1746 768 1782 p.
782 1732 875 1772 242.
907 1730 1012 1772 Quae
1028 1729 1079 1765 ita

430 1790 609 1826 conciliari
630 1801 739 1838 posse
761 1787 884 1824 statuit
902 1785 1079 1821 Schlicht-

429 1846 542 1883 horst.
565 1845 586 1881 1.
607 1844 629 1880 Ι.
651 1857 735 1894 pag.
752 1846 852 1889 115,
882 1846 922 1878 ut
936 1842 1080 1878 demum

428 1906 514 1953 post
524 1901 707 1938 Herodoti
725 1904 880 1937 aetatem
904 1898 996 1934 vites
1015 1909 1081 1947 per

429 1958 589 2008 Aegypti
625 1958 793 2005 regiones
839 1954 907 1992 coli
949 1954 1081 1990 suerint

429 2020 592 2065 coeptae.
650 2014 744 2050 Cum
763 2025 849 2050 vero
869 2015 1005 2048 certum
1019 2010 1078 2056 sit,

429 2076 568 2109 veteres
615 2067 818 2119 Aegyptios
873 2081 941 2105 nec
986 2068 1079 2104 vites

430 2128 621 2176 ignorasse
656 2139 724 2164 nec
760 2126 880 2162 vinum
920 2135 963 2161 ex
1001 2123 1078 2160 uvis

429 2188 617 2234 paratum,
655 2182 774 2219 malim
806 2181 975 2230 equidem
1005 2185 1080 2217 sta-

430 2245 553 2287 tuere,
591 2240 841 2285 Herodotum,
889 2237 950 2274 ubi
988 2237 1078 2273 vites

430 2297 468 2333 in
488 2296 661 2346 Aegypto
685 2295 786 2344 gigni
804 2298 934 2343 negat,
965 2293 1080 2343 potis-

430 2354 559 2390 simum
577 2352 771 2403 superioris
783 2350 941 2400 Aegypti
960 2350 1082 2398 regio-

430 2422 496 2446 nes
527 2410 602 2447 sive
627 2405 701 2459 τήν
722 2404 987 2457 σπειρομένην
1010 2404 1081 2443 Λῖ-

430 2480 604 2516 γυπτον,
635 2471 674 2501 ut
693 2465 794 2501 initio
821 2464 926 2500 huius
951 2462 1080 2512 capitis

431 2522 542 2569 dixit,
571 2522 792 2572 respexisse,
813 2533 879 2557 nec
900 2532 987 2556 sane
1005 2531 1082 2555 ma-

431 2580 494 2626 gni
520 2578 691 2616 momenti
732 2582 820 2614 tunc
842 2576 1015 2625 temporis
1044 2575 1081 2611 in

431 2634 601 2685 Aegypto
618 2635 729 2671 fuisse
749 2634 872 2670 vitium
894 2632 1080 2678 culturam,

432 2703 526 2739 quae
558 2695 644 2741 post
671 2691 817 2727 demum
852 2688 1082 2725 Ptolemaeo-

432 2759 511 2782 rum
541 2752 651 2796 atque
676 2746 925 2783 Romanorum
957 2748 1081 2781 aetate

432 2803 652 2840 incrementa
682 2803 830 2853 ceperit.
889 2802 998 2838 Cous.
1025 2799 1081 2837 Ia-

433 2857 577 2895 blonsk.
610 2860 698 2896 diss.
743 2859 791 2896 de
823 2863 921 2896 terra
956 2858 1082 2895 Gosen

1066 396 1170 449 τούς
1207 396 1270 443 δὲ.
1320 396 1363 448 ἐξ
1404 396 1538 454 ἅλμης
1571 402 1792 450 τεταρι-55

799 476 994 534 ὀρνίθων
1024 477 1070 521 δὲ
1097 475 1201 527 τούς
1229 491 1273 519 τε
1303 474 1510 531 ὄρτυγας,
1559 475 1634 518 καὶ
1661 473 1737 526 τὰς

1139 727 1228 766 pag.
1244 715 1299 756 28
1325 718 1361 752 et
1379 714 1546 752 Minutoli
1566 714 1589 752 l.
1607 712 1630 750 Ι.
1661 712 1795 752 Malte-

1140 773 1233 809 brun
1251 773 1287 808 in
1310 772 1494 821 melanges
1513 771 1645 821 (Paris.
1666 771 1794 818 1828)

1141 834 1167 865 t.
1192 828 1207 865 l
1236 842 1272 879 p.
1290 830 1370 869 431
1392 842 1494 877 seqq.
1554 828 1687 864 Exstat
1708 828 1795 863 scri-

1141 886 1217 936 ptio
1253 885 1467 922 scholastica
1487 914 1498 931 ‚
1536 897 1631 934 quae
1661 884 1797 934 prodiit

1140 941 1356 990 Altenburg.
1380 944 1507 984 1826,
1538 942 1574 977 in
1603 941 1675 989 qua
1703 953 1797 976 non-

1142 998 1321 1034 nullorum
1338 998 1525 1035 Ciceronis
1547 1002 1657 1046 atque
1675 995 1797 1033 Hero-

1144 1055 1224 1091 doti
1241 1053 1400 1091 locorum
1421 1055 1623 1090 vindicatur
1644 1053 1797 1101 integri-

1143 1114 1214 1147 tas.
1273 1110 1347 1147 Ubi
1378 1110 1474 1147 hunc
1501 1122 1647 1159 quoque
1676 1108 1798 1146 Hero-

1145 1167 1226 1204 doti
1258 1167 1375 1203 locum
1404 1170 1598 1203 tractatum
1629 1177 1710 1203 esse
1735 1177 1797 1201 co-

1145 1224 1255 1272 gnovi
1287 1229 1322 1261 et
1353 1235 1433 1260 eum
1460 1223 1497 1258 in
1515 1223 1663 1259 modum
1684 1221 1798 1272 expli-

1144 1284 1284 1327 catum,
1314 1283 1354 1315 ut
1387 1283 1471 1328 post
1502 1279 1706 1315 introducta
1730 1291 1796 1328 pe-

1141 1337 1288 1385 regrina
1305 1337 1387 1372 vina
1403 1336 1489 1372 inde
1510 1348 1532 1371 a
1551 1333 1795 1371 Psammitichi

1142 1397 1263 1430 aetate
1283 1393 1383 1442 prior
1400 1392 1473 1428 vini
1500 1391 1640 1428 cultura
1667 1391 1704 1427 in
1723 1389 1797 1427 Ae·

1141 1453 1256 1499 gypto
1275 1448 1380 1485 suerit
1397 1448 1578 1496 neglecta.

1195 1556 1290 1605 τούς
1319 1555 1384 1604 δὲ,
1426 1557 1465 1605 ἐξ
1494 1554 1621 1608 ἅλμης
1651 1572 1797 1609 τεταρι-

1143 1614 1372 1668 χευμένους]
1394 1615 1486 1651 Cum
1510 1628 1608 1653 mare
1626 1615 1799 1664 Aegyptii

1144 1672 1300 1710 aversati
1329 1673 1398 1708 sint
1414 1699 1425 1717 ,
1457 1671 1567 1708 salem
1592 1684 1665 1708 non
1687 1671 1796 1708 mari-

1145 1731 1272 1766 timum
1301 1729 1366 1765 sed
1397 1727 1556 1763 fossilem
1587 1728 1724 1776 (quem
1754 1739 1798 1764 ex

1147 1784 1336 1821 Ammonis
1357 1783 1509 1831 regione
1534 1783 1655 1820 afferri
1676 1784 1797 1820 scribit

1147 1839 1289 1877 Arrian.
1310 1839 1551 1890 exped.Alex.
1571 1839 1643 1887 111,
1663 1840 1688 1880 4
1709 1837 1745 1890 ἓ.
1759 1840 1797 1879 6.

1149 1899 1194 1945 8)
1215 1897 1272 1934 hic
1291 1896 1565 1945 intelligendum
1584 1909 1664 1933 esse
1678 1896 1799 1933 existi-

1147 1958 1222 1991 mat
1241 1953 1410 1990 Larcher.
1446 1952 1526 1989 Nos
1546 1952 1632 1988 illud
1652 1952 1701 1989 ad
1720 1951 1801 1988 uni-

1147 2023 1291 2047 versum
1316 2009 1386 2046 loci
1414 2013 1665 2057 argumentum
1694 2008 1800 2046 addi-

1146 2080 1244 2103 mus:
1275 2066 1311 2102 in
1331 2065 1544 2115 anaglyphis
1565 2064 1798 2114 Aegyptiacis

1145 2124 1285 2174 pisceS‚
1326 2135 1410 2159 aves
1430 2150 1441 2168 ‚
1482 2121 1550 2158 alia
1589 2122 1627 2158 id
1666 2133 1796 2168 genus,

1147 2192 1242 2228 quae
1288 2178 1363 2216 sale
1408 2178 1622 2216 condiantur
1673 2181 1709 2214 et
1746 2177 1795 2213 ad

1146 2235 1328 2273 edendum
1363 2238 1537 2285 parentur
1574 2234 1643 2269 hoc
1670 2233 1796 2280 modo,

1146 2292 1316 2342 conspici.
1375 2291 1513 2327 Confer
1541 2289 1689 2326 Costaz.
1720 2289 1741 2325 l.
1772 2289 1796 2326 Ι.

1148 2361 1234 2399 pag.
1254 2350 1317 2388 64.
1348 2346 1397 2383 Et
1417 2347 1502 2384 satis
1521 2346 1703 2395 cognitum
1725 2350 1796 2393 est,

1150 2417 1258 2453 quam
1291 2405 1390 2441 ferax
1409 2403 1559 2453 piscium
1587 2403 1695 2439 fuerit
1722 2401 1797 2439 Ae-

1149 2465 1308 2511 gyptus,
1340 2460 1467 2509 quibus
1493 2459 1677 2509 capiendis
1707 2471 1798 2508 ope-

1147 2517 1298 2554 rabatur
1318 2528 1453 2565 magna
1478 2516 1664 2552 hominum
1695 2515 1799 2564 copia

1149 2578 1227 2610 tutu
1256 2574 1385 2610 victum
1405 2573 1490 2610 inde
1507 2584 1700 2621 quaerens,
1718 2575 1796 2607 tum

1147 2634 1384 2668 mercaturam
1420 2642 1601 2667 exercens.
1659 2628 1798 2665 Confer

1147 2686 1288 2724 Herod.
1316 2687 1370 2734 ΙΙ,
1395 2687 1460 2727 92.
1484 2687 1549 2727 93.
1574 2684 1665 2726 149.
1696 2683 1796 2721 Hee-

1148 2756 1223 2781 ren.
1253 2743 1364 2781 Ideen
1386 2747 1452 2780 etc.
1474 2741 1526 2788 ΙΙ,
1552 2745 1578 2783 2
1606 2753 1692 2790 pag.
1712 2737 1795 2780 345

1149 2813 1226 2849 seq.
1250 2804 1286 2837 et
1311 2812 1406 2849 quae
1424 2798 1571 2847 collegit
1591 2797 1727 2834 Gesen.
1745 2794 1794 2832 ad

1150 2856 1254 2895 Iesai.
1274 2856 1385 2904 XIX,
1400 2858 1425 2898 8
1449 2867 1535 2906 pag.
1560 2855 1653 2894 611.
