1877 3223
439 222 496 262 88
847 217 1309 256 HERODOTI

445 325 501 371 οὔ
528 343 614 379 κως
643 326 742 371 οὔτε
773 327 1003 383 ἐχαρίζετο,
1036 325 1132 369 οὔτε
1161 324 1296 380 λόγου
1324 341 1398 380 μιν
1425 326 1712 382 ποιησάμενος

444 406 626 457 ου’δενός
660 406 971 462 ἀποπέμπεται·
1023 403 1161 458 κάρτα
1207 403 1334 456 δόξας
1374 403 1547 459 ἀμαθέα
1586 402 1758 455 εἷναι,40

442 485 489 537 ὃς
516 485 568 528 τὰ
596 484 811 539 παρεόντα
839 483 985 541 ἀγαθὰ
1013 484 1170 539 μετεὶς,
1208 482 1286 538 τὴν
1324 483 1524 538 τελευτήν
1551 483 1712 536 παντὸς

441 563 653 621 χρήματος
681 563 792 620 ὁρςῖν
820 564 995 607 ἐκέλευε.

555 642 680 685 Μετὰ
709 644 754 686 δὲ
784 643 968 686 Σόλωνα
1000 641 1243 698 οἰχόμενον,
1284 641 1409 696 ἔλαβε
1437 640 1484 684 ἐκ
1511 644 1621 684 θεοῦ
1649 641 1712 684 νέ-

331 653 396 697 34

129 714 232 742 Croesi
256 717 400 745 nomnium

130 748 165 776 de
184 750 253 777 nno.
420 733 561 777 Ξμεσις
588 719 748 776 μεγάλη
771 724 984 776 Κροῖσον·
1017 721 1075 774 ὡς
1103 720 1288 773 εἰκάσαι,
1319 719 1387 764 ὅτι
1413 719 1583 776 ἐνόμισε
1611 719 1713 764 ἑωυ-

399 892 659 942 interpretandi
685 893 775 928 ratio
796 893 867 930 iam
883 892 1049 930 Gesnero

403 949 593 999 displicuit,
603 949 711 986 verba
722 947 924 999 ἐχαρίζετο,
936 963 1048 998 ποιη-

405 1002 573 1055 σάμενος
600 1010 635 1043 et
663 1000 933 1054 ἀποπέμπεται
963 1004 1047 1052 ((1ίῇ

403 1064 512 1099 mittit
531 1075 554 1098 a
572 1063 633 1110 se)
672 1062 719 1098 ad
749 1062 926 1098 Croesum
955 1062 1049 1099 rese-

404 1119 496 1155 renti
523 1122 559 1155 et
589 1132 656 1168 μιν
685 1118 733 1154 ad
758 1117 941 1155 Solonem.
1000 1117 1050 1154 Et

403 1174 543 1211 videtur
563 1174 687 1223 utique
701 1173 759 1210 illa
769 1175 816 1211 ad
835 1174 951 1224 ipsam
965 1186 1049 1211 sen-

402 1230 550 1267 tentiam
596 1231 898 1267 accommodatior
936 1232 1051 1279 eaque

403 1287 509 1323 etiam
555 1286 808 1323 emendatione
849 1288 1052 1333 adiuvatur,

403 1354 511 1390 quam
530 1354 552 1379 a
572 1342 738 1390 Schwgh.
760 1342 838 1378 loco
854 1343 988 1379 illatam
1000 1343 1051 1378 vi-

404 1399 530 1434 demus
543 1428 554 1445 ,
586 1399 768 1446 ceteroqui
789 1411 863 1434 non
883 1411 1050 1435 necessa-

404 1454 503 1489 riam.
560 1452 641 1490 Nec
659 1453 742 1489 mihi
763 1454 847 1491 inde
860 1455 1050 1491 disceden-

404 1509 491 1545 dum
526 1509 684 1556 videtur,
721 1510 789 1545 nisi
817 1511 917 1558 quod
943 1522 1049 1560 prae·

402 1569 476 1601 stat
510 1565 619 1602 verba
661 1567 784 1604 ταῦτα
828 1565 952 1619 λέγων
995 1567 1052 1618 τῷ

408 1620 566 1674 Κροίσῳ
596 1620 709 1670 (quae
738 1622 799 1671 qui
831 1622 1050 1660 nonintelli-

405 1681 534 1726 gerent
552 1682 614 1713 aut
634 1677 694 1725 qui
706 1678 885 1728 explicare
905 1678 1048 1724 vellent,

405 1737 564 1770 mutasse
593 1733 758 1771 videntur
783 1734 820 1770 in
846 1737 969 1774 ταῦτα
990 1733 1047 1772 λε’-

404 1803 514 1840 γοντι
535 1791 734 1839 Κροῖσος)
772 1804 814 1828 ex
841 1804 886 1829 eo
915 1803 1048 1840 genere

405 1844 548 1882 dicendi
575 1845 771 1895 explicare,
809 1859 881 1895 quo
907 1848 944 1883 in
972 1859 1048 1884 ser-

404 1900 522 1937 monis
550 1900 650 1937 initio
680 1903 859 1951 participii
880 1903 1046 1940 nomina—

406 1957 516 1993 tivum
533 1957 690 2005 positum
720 1958 941 2014 invenimus,
967 1959 1046 1995 loco

406 2012 538 2059 dativi,
577 2024 683 2061 quem
707 2026 864 2062 sequens
897 2014 1046 2052 verbum

408 2067 485 2104 sive
504 2068 695 2118 personale
712 2070 787 2108 sive
805 2070 1046 2121 impersonale

409 2124 478 2161 sibi
516 2125 714 2172 flagitabat.
781 2126 891 2166 Cons.
922 2128 1046 2165 Xeno-

408 2179 737 2231 phont.Anab.1u‚
754 2186 791 2230 2,
806 2186 878 2225 12:
907 2198 924 2222 ε
935 2178 961 2222 ὖ
974 2184 993 2231 ξ
1006 2183 1048 2221 ά-

411 2250 559 2286 μενοι
580 2257 629 2264 -
655 2236 828 2285 ἔδοξεν
858 2235 1049 2285 αὐτοῖς.

411 2292 519 2329 Plura
539 2292 659 2342 Viget.
680 2308 715 2344 p.
735 2294 828 2336 345.
855 2296 994 2334 Duker.
1004 2296 1052 2332 ad

414 2347 450 2385 T
452 2347 579 2395 hucyd.
609 2350 694 2397 Vll,
726 2350 790 2392 42.
822 2355 889 2393 70.
949 2353 1054 2395 Quae

414 2415 494 2441 cum
512 2403 563 2440 ita
581 2405 672 2451 sint,
701 2406 731 2442 is
749 2408 824 2445 fere
838 2408 905 2445 loci
924 2421 1053 2445 sensus

415 2460 576 2496 videtur:
605 2460 704 2498 Haec
723 2475 800 2500 cum
818 2464 969 2513 (Solon)
996 2463 1053 2500 da·-

417 2518 503 2552 ceret
523 2514 661 2563 Cmew,
692 2521 756 2555 iste
777 2520 975 2569 (Croesus)
995 2532 1054 2556 nec

418 2571 606 2621 quidquam
625 2575 657 2609 ei
677 2574 840 2624 (Soloni)
868 2580 917 2613 est
936 2577 1052 2625 grati-

405 2629 540 2678 ficatus
556 2640 617 2665 nec
639 2630 710 2667 ullo
734 2631 806 2668 loco
824 2644 899 2669 eum
929 2631 1055 2681 (Solo-

416 2684 516 2731 nem)
538 2684 680 2733 habens,
710 2686 842 2725 dimisit
870 2688 1054 2736 (sc.Solo-

415 2752 498 2777 nem
519 2753 540 2777 a
558 2741 629 2789 se).
686 2742 817 2780 Restat
839 2745 995 2794 denique
1012 2756 1055 2781 ea

415 2796 519 2842 ratio,
548 2809 618 2846 qua
639 2799 685 2835 ad
711 2798 901 2851 ἐχαρίζετο
925 2800 1055 2839 intelli-

418 2864 544 2901 gamus
574 2850 594 2893 ὁ
612 2850 751 2894 Σόλων
773 2859 808 2893 et
834 2857 880 2894 ad
902 2869 1056 2907 sequen—

1117 894 1183 930 tia:
1225 891 1314 932 οὔτε
1336 914 1390 922 -
1418 888 1685 941 ποιησάμενος
1704 913 1759 918 -

1118 946 1390 999 ἄποπέμπεται
1439 949 1694 985 subaudiamus
1737 945 1762 986 ὁ

1118 1008 1314 1056 Κροῖσος,-
1343 1006 1379 1041 in
1396 1018 1468 1054 quo
1488 1011 1610 1042 tannen
1630 1004 1761 1040 transi-

1115 1065 1191 1107 tus,
1211 1073 1317 1109 quem
1337 1062 1437 1097 aiunt
1455 1061 1760 1107 subiecti,omisso

1117 1118 1352 1168 pronomine,
1389 1129 1462 1153 non
1491 1117 1609 1152 minus
1637 1116 1762 1166 displi-

1117 1178 1195 1219 cet,
1224 1186 1332 1223 quam
1349 1175 1496 1210 verbum
1508 1171 1696 1225 ἐχαρίζετο
1716 1172 1762 1210 de

1117 1229 1253 1267 Solone
1271 1231 1528 1279 accipiendum.

1173 1281 1298 1337 κάρτα
1329 1282 1448 1333 δόξας
1466 1281 1624 1335 α’μαθέα
1643 1281 1760 1330 εἶναι]

1118 1342 1238 1390 Vulgo
1251 1338 1428 1392 εἷμαθής,
1440 1343 1617 1392 probante
1631 1342 1763 1387 Gaisf.‚

1117 1399 1178 1446 qui
1208 1399 1388 1435 Sancrosti
1411 1399 1490 1436 cod.
1514 1399 1763 1435 auctoritatem

1116 1455 1288 1502 sequitur.
1317 1455 1463 1503 Reliqui
1490 1455 1569 1490 libri
1590 1450 1762 1504 οἶμαθέα,

1117 1511 1216 1558 quod
1237 1523 1315 1547 cum
1335 1512 1451 1547 Schw.
1469 1524 1510 1547 ac
1525 1510 1656 1548 Matth.
1678 1512 1764 1549 reti-

1116 1566 1274 1602 nendum
1287 1567 1419 1604 censui.
1441 1566 1521 1603 Erit
1538 1567 1631 1604 enim
1649 1563 1764 1615 δόξας

1122 1623 1347 1660 referendum
1358 1624 1406 1660 ad
1419 1623 1588 1670 Croesum,
1597 1624 1645 1660 ad
1657 1637 1763 1673 quem

1117 1678 1223 1716 etiam
1244 1683 1383 1729 spectat
1402 1675 1765 1729 ἅποπέμπεται,ὴοο

1115 1736 1191 1772 fere
1204 1748 1331 1773 sensu:
1352 1739 1392 1771 ut
1411 1738 1472 1785 qui
1488 1736 1687 1785 (Croesus)
1694 1749 1762 1785 pu-

1115 1791 1217 1827 tabat
1226 1791 1326 1828 valde
1335 1793 1530 1841 imperitum
1548 1804 1618 1828 esse
1628 1793 1762 1841 (eum),

1116 1850 1178 1896 qui
1196 1852 1261 1884 etc.
1280 1848 1377 1894 sive,
1399 1861 1494 1896 quae
1515 1852 1571 1885 est
1588 1848 1764 1887 Matthiae

1114 1903 1292 1940 sententia
1312 1904 1376 1939 Gr.
1398 1903 1463 1940 Gr.
1486 1902 1522 1955 ἓ.
1535 1903 1629 1951 480,
1647 1919 1667 1943 c
1687 1909 1761 1942 not.

1115 1962 1135 2000 1
1159 1961 1312 2008 p.898‚
1341 1959 1446 1998 valde
1464 1962 1661 2011 impet-imm
1681 1974 1763 2010 esse,

1113 2015 1230 2065 quod
1251 2020 1319 2054 etc.

1281 2104 1313 2142 c
1324 2117 1346 2142 a
1359 2119 1395 2156 p.
1425 2104 1595 2143 xxxrv.

1186 2181 1299 2234 ἔλαβε
1340 2183 1391 2222 ἑκ
1435 2186 1568 2223 θεοῦ
1610 2182 1765 2235 νέμεσις

1119 2238 1265 2290 μεγάλη
1312 2239 1515 2291 Κροῖσον]
1574 2239 1617 2280 ἐκ
1660 2244 1766 2281 θεοῦ

1119 2296 1244 2344 optimi
1267 2295 1368 2339 libri3
1407 2295 1448 2334 ἐκ
1471 2298 1582 2335 θεῶν
1613 2297 1673 2334 alii
1698 2299 1765 2335 mi-

1119 2364 1186 2388 nus
1209 2352 1376 2388 benc.—
1395 2350 1612 2403 λαμβάνειν
1623 2355 1670 2392 de
1688 2356 1764 2391 sato

1120 2408 1212 2454 dici,
1252 2421 1322 2456 quo
1351 2409 1430 2456 quis
1459 2410 1656 2460 abripitur,
1685 2423 1763 2447 mo-

1119 2468 1183 2500 net
1202 2463 1267 2500 Cr.
1287 2465 1323 2500 in
1342 2463 1508 2513 Dionyso
1524 2468 1639 2515 p.76.
1671 2466 1765 2503 Sen-

1119 2520 1267 2556 tentiam
1287 2521 1403 2570 ipsam
1431 2533 1474 2559 ea
1503 2522 1591 2558 satis
1612 2521 1764 2559 illustra-

1120 2576 1232 2623 bunt,
1262 2589 1356 2626 quae
1377 2590 1487 2627 supra
1506 2578 1553 2613 ad
1565 2578 1593 2625 I,
1604 2579 1660 2619 32
1671 2579 1764 2616 dicta

1120 2637 1222 2676 sunt3
1255 2632 1321 2670 Cr.
1349 2646 1430 2670 cum
1459 2633 1555 2671 hisce
1582 2640 1766 2684 comparat

1121 2687 1269 2726 Homeri
1291 2689 1401 2726 verba
1418 2689 1455 2726 in
1475 2689 1610 2739 Odyss
1631 2690 1764 2737 XVIll,

1124 2746 1203 2785 130
1215 2767 1269 2772 -·—
1284 2746 1373 2786 157.

1178 2798 1231 2846 ὥς
1244 2798 1410 2847 εἰκάσαι]
1430 2802 1453 2838 i.
1465 2814 1496 2839 e.
1512 2813 1520 2838 :
1549 2805 1590 2838 ut
1603 2803 1764 2838 coniicere

1122 2855 1226 2900 ἠλεί,-
1256 2859 1299 2894 cf.
1319 2858 1439 2908 Viget.
1461 2871 1497 2909 p.
1522 2857 1614 2899 205.
1635 2857 1726 2899 744.
