1909 3228
576 211 990 253 EUTERPE.

1049 211 1094 249 Π.
1368 211 1453 251 479

168 330 352 384 7χεῖρας.
409 324 460 368 τὰ
491 324 570 379 μὲν
600 324 651 381 δὴ
695 326 845 376 πρῶτα
881 319 1097 372 οἰκούσας,
1148 317 1307 375 ἥσυχος
1336 311 1392 373 ἦν
1421 315 1445 361 ὁ

195 403 371 461 ποιμήν.
418 403 477 456 ὦς
506 404 551 448 δὲ
580 403 768 447 πολλάκι
807 401 1026 458 φοιτέοντι
1061 399 1135 443 καὶ
1164 396 1451 454 ἐπιμελομένῳ

195 482 362 528 πολλόν
400 478 455 539 ἦν
493 487 624 526 τοῦτο
664 482 713 526 τό
751 482 873 533 ἔπος,
933 480 1047 524 οὕτω
1078 477 1130 536 δή
1162 476 1355 534 σημήνας
1385 478 1448 533 τῷ
1463 480 1508 515 35

197 561 405 620 δεσπότῃ,
446 561 576 619 ἤγαγε
601 561 653 604 τοὶ
682 563 834 604 παιδία
864 560 1144 610 κελεύσαντος
1173 558 1216 609 ἐς
1246 556 1349 608 ὄψιν
1374 554 1453 611 τὴν

169 643 381 686 δέκείνου.
414 639 606 692 ἀκούσας
636 641 681 684 δὲ
710 641 783 683 καὶ
808 638 939 690 αὐτὸς
961 639 983 682 ὁ
1017 639 1304 694 Ψαμμίτιχος,
1323 635 1453 679 ἐπυν-

166 721 361 765 9θάνετο
393 722 548 771 οἵτινες
579 718 828 774 ἀνθρώπων
858 717 986 774 βεκός
1015 735 1055 761 τι
1085 717 1300 760 καλέουσι.
1342 730 1453 758 πυν-

193 798 438 855 θανόμενος
467 799 512 843 δὲ
522 832 537 851 ‚
582 799 755 853 εὕρισκε
792 798 968 853 Φρύγας
1007 795 1240 846 καλέοντας
1267 794 1345 838 τὸν
1375 791 1453 847 ἅρ-

194 894 283 921 vov.

194 958 547 1013 σταθμησάμενοι
582 957 825 1014 πρήγματι,
879 956 984 1007 τούς
1016 955 1190 1011 Φρύγας
1219 950 1451 1009 πρεσβυτέ-

106 1044 136 1088 3
195 1053 301 1092 ρους
330 1035 441 1080 εἶναι
471 1037 657 1081 ἑωυτῶν.
709 1032 812 1081 {5262
850 1037 928 1094 μὲν
962 1036 1166 1092 γενέσθαι
1203 1037 1290 1076 τῶν
1320 1031 1448 1086 ἱρέων

191 1120 271 1160 τοῦ
296 1115 539 1171 “Ηφαίστου
577 1116 625 1160 ἐν
660 1115 817 1173 Μέμφι
851 1115 1029 1172 ἤκουον.
1076 1113 1277 1169 Ἕλληνες
1306 1110 1352 1154 δὲ
1380 1107 1449 1152 λέ-

193 1288 458 1344 ἒπιμελομένῳ
505 1286 648 1329 πολλόν
697 1283 751 1341 ἦν
771 1288 785 1340 ]

137 1346 256 1395 Vulgo
275 1345 609 1398 ἐπιμελουμένῳς
639 1360 704 1383 nos
722 1347 787 1383 de-

138 1403 253 1440 dimus
273 1402 379 1449 illud,
404 1403 502 1451 quod
517 1403 613 1438 libris
634 1416 787 1439 consen—

135 1459 307 1496 tientibus
318 1459 496 1495 revocavit
507 1459 787 1508 Schweighaeu-

137 1528 250 1552 serus.

191 1568 258 1609 καὶ
268 1565 435 1625 τοιούτῳ
459 1565 785 1622 σταθμησάμενοι

136 1624 351 1679 πρήγματι]
372 1628 394 1664 i.
418 1641 449 1665 e,
480 1631 522 1665 et
547 1641 584 1665 eo
612 1628 787 1677 quidem

135 1687 338 1732 argumento
380 1683 499 1728 ducti,-
551 1685 650 1734 quod
687 1685 788 1732 iungi

137 1740 248 1777 debet
267 1753 345 1776 cum
360 1736 652 1791 συνεχώρησαν,
674 1754 695 1777 a
715 1753 787 1789 quo

136 1796 217 1845 ipso
241 1796 402 1845 pendent
413 1797 552 1845 reliqua
573 1793 664 1842 τούς
680 1791 789 1846 Φρύ-

137 1866 209 1903 γας
243 1850 531 1901 πρεσβυτέρους
561 1849 661 1890 εἶναι
697 1851 789 1890 ἒωυ-

137 1909 229 1945 τῶν.
286 1907 444 1954 Moneo,
474 1921 520 1945 ne
551 1909 586 1944 in
615 1913 789 1945 structura

139 1964 219 2012 quis
242 1963 409 2011 haereat,
441 1964 476 2000 in
505 1976 577 2013 qua
604 1964 676 2000 iam
702 1963 788 2000 nihil

139 2020 228 2066 erit,
259 2020 355 2068 quod
372 2033 437 2056 nos
456 2020 631 2056 offendat.
646 2041 702 2047 ——
730 2019 789 2057 De

137 2075 217 2125 ipsa
247 2088 286 2113 re
319 2076 390 2112 iam
416 2077 464 2113 ad
492 2076 630 2112 initium
662 2075 788 2126 capitis

138 2132 317 2180 quaedam
342 2133 556 2169 monuimus.
619 2132 691 2169 Hic
721 2131 788 2168 loci

135 2186 308 2225 Larcheri
328 2193 492 2226 notamus
513 2189 703 2235 iudicium,
726 2189 787 2237 qui

136 2243 430 2281 Psammitichum
488 2250 611 2283 censet
666 2245 785 2281 minus

137 2312 290 2348 guarum
310 2301 458 2349 originis
471 2301 668 2350 Phrygum,
680 2301 786 2351 quip-

137 2369 184 2405 pe
206 2369 298 2404 quae
331 2370 422 2405 gens
454 2359 499 2395 sit
527 2358 646 2407 stirpis
664 2357 783 2393 Euro-

136 2411 284 2460 paeicae
302 2412 402 2459 (coll.
422 2413 561 2450 Herod.
588 2414 676 2460 Vll,
695 2415 782 2461 73),

138 2467 303 2516 adeoque
329 2473 422 2506 teste
448 2470 629 2507 Strabone
658 2470 718 2506 lib.
747 2470 783 2506 X

138 2534 224 2571 pag.
246 2525 327 2564 722
340 2553 350 2570 ,
371 2524 403 2560 Α
434 2525 614 2562 Thracum
633 2525 783 2562 colonia.

141 2577 224 2620 Quo
245 2582 366 2615 tamen
385 2582 513 2618 rectius
539 2582 706 2618 statuisse
731 2582 785 2617 vi-

141 2634 244 2671 detur
264 2634 402 2672 Hoeck.
423 2637 555 2683 (Creta
577 2637 591 2672 l
608 2650 693 2687 pag.
709 2640 786 2678 117

144 2703 220 2739 seq.
249 2692 358 2738 127).
415 2692 472 2728 Ex
490 2692 667 2730 Herodoti
692 2694 785 2731 enim

140 2747 345 2784 narratione
363 2747 449 2784 illud
468 2753 562 2785 certe
574 2749 689 2798 colligi
701 2762 786 2797 pos-

142 2816 181 2839 se
201 2807 316 2852 putat,
329 2803 491 2852 Phryges
512 2804 592 2841 olim
613 2807 786 2854 antiquis-

140 2859 250 2896 simos
278 2859 385 2909 vulgo
405 2861 544 2899 habitos
565 2875 666 2909 esse,
697 2861 786 2898 mul-

853 1294 1004 1339 tumque
1032 1286 1310 1336 distinguendos
1338 1295 1360 1320 a
1388 1283 1506 1320 Grae-

856 1347 928 1392 cis,
959 1359 1035 1383 cum
1056 1350 1176 1394 patres
1195 1342 1364 1379 habuisse
1378 1339 1507 1375 Arme-

855 1403 934 1438 nios
975 1402 1169 1437 admodum
1215 1395 1402 1435 verisimile
1448 1395 1506 1441 sit,

854 1458 1017 1506 illudque
1036 1457 1145 1494 etiam
1172 1455 1346 1505 probetur
1369 1452 1505 1500 lingua,

855 1527 949 1564 quae
969 1518 1008 1550 ut
1036 1526 1058 1549 a
1081 1513 1224 1549 Graeca
1244 1510 1367 1557 lingua
1386 1508 1437 1543 ita
1458 1507 1503 1543 ab

854 1571 932 1608 aliis
962 1570 1072 1620 plane
1100 1569 1262 1614 diversa,
1299 1563 1503 1612 Phrygibus

853 1626 1043 1678 peculiaris
1065 1626 1245 1675 quaedam
1268 1621 1385 1659 fuerit.

911 1683 951 1719 In
972 1682 1127 1720 clausula
1139 1682 1275 1718 addere
1286 1679 1395 1724 iuvat,
1405 1675 1505 1726 quod

856 1753 899 1778 ex
915 1741 1043 1777 eodem
1064 1738 1244 1775 Larchero
1258 1733 1505 1784 cognovimus,

858 1795 1000 1833 saeculo
1021 1795 1161 1832 decimo
1185 1793 1310 1842 quinto
1321 1794 1404 1840 post
1416 1789 1503 1824 Chr.

856 1865 891 1888 n.
914 1852 1083 1888 Iacobum
1103 1849 1165 1895 IV,
1198 1848 1342 1884 Scotiae
1368 1857 1505 1894 regem,

859 1907 973 1944 simile
990 1906 1175 1956 quoddam
1195 1908 1304 1952 atque
1325 1900 1506 1938 Psammi-

855 1964 986 2000 tichum
1007 1963 1117 1999 fuisse
1148 1964 1345 2009 expertum.
1401 1956 1504 1994 Duos

855 2019 953 2055 illum
970 2020 1087 2055 ferunt
1106 2017 1260 2052 infantes
1286 2015 1322 2050 in
1351 2012 1504 2049 insulam

858 2075 1066 2121 seclusisse‚
1084 2074 1208 2109 addito
1229 2075 1327 2107 muto
1344 2069 1503 2114 homine,

857 2132 919 2180 qui
935 2132 1095 2181 ipsorum
1117 2141 1235 2165 curam
1260 2130 1413 2175 gereret.
1444 2124 1503 2160 En

856 2188 955 2238 ipsos
985 2187 1163 2231 infantes,
1201 2184 1261 2219 ubi
1289 2182 1399 2219 adulti
1426 2182 1504 2218 sue-

855 2245 946 2290 rint,
965 2241 1128 2279 Paradisi
1156 2240 1314 2289 linguam
1336 2238 1358 2274 i.
1377 2251 1408 2275 e.
1425 2237 1504 2274 He-

853 2301 1010 2337 braicam
1027 2298 1203 2335 edidisse!

1070 2382 1100 2418 C
1113 2394 1180 2431 ap.
1217 2376 1280 2416 Ill‘.

911 2461 987 2505 ὧδε
1011 2463 1082 2515 μὲν
1108 2463 1294 2517 γενέσθαι
1318 2464 1395 2501 τῶν
1424 2457 1499 2511 ἷρὲ-

853 2539 907 2563 ων
929 2525 1000 2562 τοῦ
1014 2521 1228 2570 ‘Hspca'srov
1248 2535 1281 2558 κ.
1301 2534 1332 2557 τ.
1355 2516 1411 2568 λ.]
1440 2516 1500 2554 Ad

852 2581 1045 2629 genitivum
1066 2581 1145 2616 τῶν
1166 2576 1282 2627 ἱρέων
1297 2577 1390 2613 conf.
1403 2573 1500 2610 Mat-

853 2638 949 2673 thiae
972 2636 1035 2671 Gr.
1057 2636 1120 2671 Gr.
1145 2647 1228 2684 pag.
1245 2635 1324 2674 687
1346 2630 1382 2682 ἓ.
1403 2632 1497 2671 373-

854 2693 1088 2741 Hephaestum
1111 2706 1137 2727 s.
1161 2690 1373 2734 Vulcanum,
1397 2687 1494 2723 cuius

854 2749 1059 2786 sacerdotes
1092 2761 1130 2784 se
1165 2745 1384 2784 consuluisse
1415 2742 1496 2780 No-

854 2810 926 2842 ster
955 2806 1096 2851 scribit,
1143 2803 1239 2840 haud
1275 2801 1381 2838 alium
1415 2813 1497 2836 esse

853 2875 894 2899 ac
926 2861 1186 2912 Aegyptiorum
1213 2860 1318 2897 deum
1343 2856 1496 2902 Phthah,

342 878 458 920 οὕτω
499 877 805 934 συνεχώρησαν
843 877 1094 934 Αἰγύπτιοι,
1154 876 1227 919 καὶ
1269 871 1510 929 τοιούτῳ40

1505 1030 1575 1060 Edit
1609 1032 1747 1059 auctore-s

1507 1065 1705 1098 11erodotus‚a
1716 1063 1781 1098 qui-

1507 1100 1561 1127 bus
1577 1104 1713 1135 acceptas
1733 1104 1780 1123 res

1509 1134 1669 1170 Aegyptias
1688 1132 1781 1160 tradi—
