1909 3228
573 223 1091 262 EUTERPE.II.
1364 224 1448 265 575

197 331 423 391 βούκερεόν
459 333 567 386 ἐστι,
615 331 805 386 κατάπερ
836 332 1039 388 ’Έλληνες
1078 330 1159 387 τήν
1192 330 1302 374 Ἰοῦν
1339 330 1503 386 ygini-90

196 425 351 470 φουσι·
391 413 459 457 καὶ
492 411 566 464 τὰς
597 415 707 468 βοῦς
736 411 810 462 τοὶς
847 412 1005 468 θηλέας
1035 409 1261 467 Αἰγύπτιοι
1292 408 1448 462 πάντες

195 490 357 548 ὁμοίως
387 491 586 546 σέβονται
615 489 848 547 προβάτων
875 489 1052 533 πάντων
1075 488 1255 545 μάλιστα
1284 492 1446 549 μακρῷ.

166 575 286 615 ὅτῶν
317 573 458 614 εἴτέκα
489 568 585 614 οὔτ’
629 568 737 625 ἀνὴρ
769 566 1024 624 Αἰγύπτιος,
1071 567 1169 612 οὔτε
1197 569 1330 625 γυνὴ,
1370 568 1448 612 ἄν-

196 652 279 704 δρα
306 651 493 704 ΓἘλληνα
533 648 723 705 φιλήσειε
754 646 808 691 ἂν
837 652 895 704 τῷ
927 645 1121 702 στόματι,
1164 646 1265 691 οὐδὲ
1294 649 1448 704 μαχαί-

197 746 252 786 ρῃ
291 727 451 784 ἀνδρός
479 727 690 784 ’Έλληνος
721 725 942 783 χρήσεται,
975 723 1075 769 οὐδ’
1107 724 1312 782 ὀβελοῖσι,
1346 725 1450 771 οὐδὲ

195 808 360 864 λέβητι,
419 805 520 850 οὐδὲ
558 808 695 860 κρέως
732 809 935 860 καθαροῦ
970 806 1074 863 βοὸς
1115 806 1505 862 διατετμημένου95

167 886 414 943 4Ἑλληνικῇ
445 876 634 943 μαχαίρῃ
664 884 873 940 γεύσεται.
905 884 1127 929 Θάπτουσι
1148 885 1193 930 δὲ
1213 885 1317 937 τούς
1339 884 1450 930 oino-

192 963 464 1021 θνήσκοντας
492 967 624 1019 βοῦς,
676 963 840 1018 τρόπον
869 963 1009 1008 τόνδε.

194 1044 236 1095 ἐς
265 1043 344 1087 τόν
373 1043 568 1100 ποταμὸν
599 1041 773 1086 ἀπιᾶσι·

1067 966 1141 1015 τὰς
1178 965 1256 1021 μὲν
1293 964 1452 1020 θηλέας

823 1040 926 1093 τοὺς
955 1043 999 1086 δὲ
1029 1043 1206 1097 ἔρσενας
1236 1045 1450 1100 κατορύσ-

196 1135 322 1166 σουσι
352 1122 524 1166 ἕκαστοι
562 1121 610 1166 ἐν
648 1126 760 1166 τοῖσι
797 1123 1116 1177 προαστείοισι,
1162 1122 1211 1167 τό
1242 1123 1370 1180 κέρας
1399 1122 1449 1168 τὰ

136 1349 341 1406 βούκερών
359 1351 454 1402 ἐστι]
487 1351 589 1389 Haec
607 1363 678 1400 quo
699 1364 784 1402 spe-

134 1415 253 1456 ctent,
285 1410 372 1446 satis
393 1423 436 1447 ex
457 1408 499 1444 iis
522 1408 671 1457 patebit,
691 1420 786 1455 quae

135 1467 245 1503 modo
266 1465 538 1515 disputavimus.
566 1462 687 1511 Atque
708 1475 787 1499 mo-

135 1528 198 1560 net
218 1521 424 1559 Plutarchus
443 1520 465 1557 l.
485 1519 506 1556 l.
535 1519 572 1555 in
592 1518 696 1555 Isidis
720 1519 786 1555 bu-

135 1578 236 1616 culae
254 1578 421 1616 cornibus
442 1580 591 1613 ornatae
620 1575 785 1623 imagini-

135 1636 204 1673 bus
230 1640 367 1672 veteres
403 1633 602 1684 exprimere
629 1631 785 1669 voluisse

135 1692 244 1728 orbes
263 1691 368 1728 lunae
389 1689 549 1727 falcatos.
586 1687 644 1723 Ad
664 1687 786 1725 oculo-

135 1760 214 1784 rum
233 1760 378 1796 quoque
395 1759 538 1783 sensum
560 1744 647 1781 haec
662 1744 787 1780 tradu-

136 1807 194 1840 cta
211 1816 311 1849 esse,
341 1815 418 1839 cum
447 1801 580 1837 Isidem
609 1804 644 1836 et
669 1799 785 1835 Osiri-

137 1860 233 1905 dem,
262 1872 315 1908 pr
309 1872 329 1890 ο
350 1871 371 1893 ι
376 1856 571 1905 rimigeniis
589 1855 704 1891 bubus
724 1855 788 1891 ha-

136 1915 254 1962 bitos,
284 1915 314 1950 b
376 1910 384 1917 ’
409 1927 449 1950 ac
466 1923 595 1948 vaccae
614 1909 670 1946 vel
692 1912 790 1961 capi-

137 1972 233 2008 tibus
266 1970 321 2007 vel
348 1990 367 2007 e
380 1969 480 2005 uviis
501 1966 700 2016 impositis,
730 1979 791 2003 ex-

137 2027 325 2072 hiberent,
375 2026 460 2063 satis
484 2026 636 2061 constat.
696 2023 792 2060 Hinc

138 2085 308 2132 frequens
335 2082 371 2118 in
401 2080 663 2130 Aegyptiorum
701 2091 790 2115 ana-

138 2139 284 2189 glyphis
315 2138 379 2174 Isis
402 2136 618 2186 conspicitur
638 2134 790 2172 buculae

137 2196 305 2232 cornibus
327 2199 465 2231 ornata.
506 2192 567 2228 'su
586 2191 657 2227 vid.
676 2192 791 2228 Creu-

139 2264 212 2289 zer.
240 2250 402 2300 Symbol.
433 2250 447 2286 I
478 2263 513 2299 p.
540 2247 622 2288 494
649 2260 724 2296 seq.
753 2252 790 2285 et

140 2309 356 2345 Commeutt.
376 2306 570 2343 Herodott.
588 2316 672 2354 pag
700 2303 787 2344 114,

195 2359 369 2414 κατάπερ
377 2358 568 2411 Έλληνες
596 2358 669 2409 τὴν
687 2355 788 2398 Ἰοῦν

139 2415 361 2470 γραφουσι]
403 2419 461 2456 De
484 2419 598 2454 forma
617 2411 720 2454 Ἰοῦν
743 2417 788 2453 cf.

140 2474 168 2521 l,
185 2478 202 2514 1
228 2489 395 2527 γραφειν
412 2474 468 2512 vel
482 2485 628 2523 pingere
647 2477 714 2519 est,
735 2472 791 2510 vel

141 2531 288 2567 omnino
309 2532 462 2579 imagine
478 2532 664 2579 exprimere
683 2533 791 2578 atque

142 2587 177 2622 in
195 2585 319 2622 tabula
341 2599 368 2622 s.
387 2586 507 2635 lapide
526 2588 790 2634 repraesentare.

142 2641 201 2678 Ad
228 2647 475 2690 argumentum
504 2642 596 2677 conf.
621 2640 791 2678 Creuzer.

143 2697 305 2746 Symbol.
328 2697 343 2733 I
363 2711 399 2747 p.
420 2699 498 2738 631
530 2700 604 2733 not.
627 2698 719 2737 333.
759 2697 791 2734 ΙΙ

143 2767 179 2804 p.
204 2756 297 2794 717.
337 2753 435 2790 Nam
465 2753 567 2790 Isidis
593 2755 703 2800 atque
732 2753 790 2790 Ius

142 2809 270 2847 eadem
293 2810 370 2847 fere
388 2808 572 2858 symbola,
601 2808 696 2845 idem
716 2811 791 2848 fere

142 2870 311 2913 ornatus,
349 2879 450 2913 cum,
497 2866 705 2903 tesserarias
731 2878 790 2903 ra-

854 1353 971 1391 tiones
1002 1353 1031 1390 si
1060 1357 1224 1403 spectes,
1263 1357 1416 1403 utraque
1437 1353 1508 1391 dea

856 1409 924 1445 sibi
951 1410 1161 1455 conveniat,
1193 1410 1330 1459 qnippe
1360 1411 1431 1458 quii
1453 1410 1506 1447 lu-

853 1477 937 1501 nam
960 1465 1107 1501 indicari
1127 1465 1234 1514 vulgo
1256 1466 1439 1502 docerent.
1456 1487 1503 1494 —

853 1520 913 1557 Ad
932 1522 1043 1558 verba
1061 1525 1143 1567 τοῖς
1168 1517 1382 1571 προβάτοις
1411 1522 1506 1559 conf.

852 1581 943 1614 nott.
963 1578 1058 1625 adl,
1081 1579 1169 1618 133.
1193 1581 1288 1619 207.

909 1630 999 1672 οὔτε
1011 1631 1111 1685 γυνή
1121 1656 1176 1661 -——
1191 1630 1371 1684 φιλήσειε
1388 1648 1440 1672 αν
1451 1648 1505 1671 τω

853 1686 1035 1739 στόματι,
1066 1686 1161 1729 ου’δὲ
1179 1712 1233 1717 -
1254 1685 1436 1741 χρήσεται
1453 1710 1508 1717 -

853 1741 1043 1784 ου’δὲ-·
1023 1745 1219 1797 ·ευσεται]
1259 1747 1318 1783 De
1334 1745 1509 1782 discrimi-

856 1814 922 1848 ne,
954 1804 1053 1850 quod
1082 1802 1116 1838 h.
1146 1802 1167 1838 l.
1196 1803 1289 1838 inter
1310 1803 1509 1851 optativum

858 1862 895 1894 et
917 1858 1071 1894 futurum
1090 1858 1241 1904 obtinet,
1270 1858 1362 1893 conf.
1378 1856 1507 1894 Matth.

859 1913 926 1949 Gr.
948 1913 1012 1949 Gr.
1035 1927 1070 1963 p.
1093 1916 1195 1959 977,
1231 1913 1292 1961 qui
1315 1913 1424 1949 verba
1445 1927 1509 1961 φι-

858 1963 988 2019 λήσειε
1008 1965 1058 2006 ἂν
1071 1974 1167 2006 recte
1187 1969 1237 2005 sic
1249 1969 1374 2005 vertit:
1395 1968 1509 2014 „wz'rd

859 2024 1056 2062 sclewerlich
1088 2025 1259 2061 lciissenf‘
1304 2024 1364 2060 Ad
1394 2025 1508 2074 ipsam

858 2094 933 2118 rem
969 2082 1064 2117 conf.
1099 2081 1235 2118 Genes.
1267 2080 1382 2116 XLII!
1397 2109 1407 2126 ,
1441 2082 1508 2127 32,

857 2137 918 2174 ubi
946 2136 1097 2185 legimns
1127 2136 1317 2185 Aegyptiis
1344 2136 1440 2172 haud
1467 2136 1509 2172 li-

856 2194 973 2231 cuisse
993 2207 1073 2230 cuin
1093 2192 1274 2229 Hebraeis
1303 2193 1508 2239 comedere,

856 2263 937 2287 cum
972 2249 1044 2286 tale
1076 2249 1273 2285 convivium
1313 2249 1507 2298 profanum

855 2310 1050 2356 putaretur.
1090 2305 1199 2348 Quod
1220 2306 1249 2341 si
1268 2304 1313 2341 de
1334 2304 1508 2341 Hebraeis

855 2361 977 2408 valuit,
1001 2361 1098 2398 haud
1120 2361 1235 2397 minus
1259 2361 1304 2397 de
1325 2359 1401 2396 aliis
1420 2373 1510 2408 gen-

856 2418 952 2454 tibus
971 2417 1124 2454 valuisse
1142 2421 1422 2454 consentanemn
1442 2420 1507 2453 est.

915 2472 954 2520 ἐς
975 2470 1044 2512 τόν
1064 2469 1240 2521 ποταμὸν
1262 2467 1414 2521 dunelm]
1439 2468 1509 2510 τὸν

858 2526 1035 2580 ποταμὸν
1072 2528 1237 2577 intelligit
1271 2528 1391 2565 Nilum
1405 2556 1416 2574 ‚
1471 2529 1509 2564 in

859 2600 965 2635 quem
985 2599 1108 2623 vaccas
1128 2585 1250 2622 coniici
1267 2583 1436 2621 credibile
1455 2587 1510 2621 est

859 2656 936 2680 eam
958 2643 1002 2678 ob
1020 2654 1164 2679 causam
1177 2670 1188 2687 ‚
1218 2640 1317 2689 qnod
1341 2639 1425 2676 Nilo
1444 2652 1510 2688 ge-

858 2712 922 2735 ne
907 2699 1009 2734 andi
1028 2698 1097 2734 xim
1121 2696 1293 2734 contineri
1322 2696 1507 2746 putabant.

859 2754 940 2790 Vid.
961 2758 1051 2790 nott.
1070 2755 1117 2790 ad
1136 2754 1212 2789 init.
1232 2751 1371 2802 capitis.

913 2806 956 2848 τὸ
960 2808 1091 2874 κέρας
1110 2806 1154 2847 τό
1175 2807 1304 2860 ἕτερον
1325 2823 1350 2857 ’1,
1373 2805 1440 2846 καὶ
1463 2803 1507 2846 τό

859 2860 1028 2919 αμφότε
996 2882 1063 2905 οα
1098 2880 1172 2905 υπε
1177 2880 1214 2918 ρ
1203 2841 1360 2915 ῃχοντα]
1406 2863 1510 2902 Haec
