1877 3223
295 762 362 806 64

419 251 500 291 158
829 250 1295 290 HERODOTI

420 359 731 415 Πεισίστρατος
759 359 1047 415 ἐπιτεχνᾶται,
1089 360 1200 410 ὅκως
1229 356 1331 416 μήτε
1364 359 1581 404 ἁλισθεῖεν
1611 361 1671 405 ἔτι

385 440 464 483 4οῐ
489 436 732 494 Ἀθηναῖοι,
775 439 1120 495 διεσκεδασμένοι
1159 455 1203 482 τε
1241 436 1337 482 εἶεν.
1398 437 1727 496 ἁναβιβάσαςθό

415 518 520 568 τοὺς
549 518 706 568 παῖδας
735 518 803 561 ἐπὶ
833 521 1014 570 ἵππους,
1053 517 1319 573 προέπεμπε·
1373 522 1416 561 οἱ
1454 520 1499 562 δὲ
1540 536 1671 563 κατα-

415 595 711 652 λαμβάνοντες
740 596 841 648 τοὺς
873 597 1139 653 φεύγοντας,
1171 597 1319 651 ἔλεγον
1348 597 1401 639 τὰ
1431 598 1670 653 ἐντεταλμέ-

414 693 470 718 να
500 673 586 718 ὑπὸ
621 676 956 730 Πεισιστράτου,
988 676 1191 731 θαρσέειν
1221 691 1264 719 τε
1298 675 1566 728 κελεύοντες,
1598 677 1673 720 καὶ

85 826 362 889 ἓξξξξῑξῗιξζξξζῇῗ
415 837 503 876 τῶν
541 831 808 888 Ἀθηναίων.
869 833 983 877 οὕτω
1023 834 1075 890 δὴ
1115 836 1423 888 Πεισίστρατος
1450 836 1498 878 τό
1529 837 1679 890 τρίτον

85 895 114 922 lo
133 895 271 921 domnam
284 903 289 920 :
302 894 359 919 Dc-

84 929 132 955 lns
150 929 281 962 expiata:
295 927 358 953 Nle-

85 961 358 1001 gaclesetafiipro-

86 995 162 1029 tugh

421 754 593 796 ἀπιέναι
633 753 809 806 ἕκαστος
848 757 915 799 ἐπὶ
960 755 1012 798 τὰ
1059 756 1236 798 ἑωυτοῦ.

1307 757 1590 811 Πειθομὲνων
1631 755 1676 799 δὲ

417 913 530 968 σχών
553 911 764 968 Ἀθήνας,
802 912 1001 968 ἐρρίζωσε
1026 913 1106 969 τὴν
1135 915 1373 967 τυραννίδα
1407 913 1702 969 ἐπικούροισίι

416 1009 460 1035 τε
491 997 711 1043 πολλοῖσι,
743 993 816 1034 καὶ
834 991 1061 1047 χρημάτων
1084 991 1332 1043 συνόδοισι,
1362 996 1450 1035 τῶν
1473 994 1573 1049 μὲν,
1603 991 1677 1036 αὕ-

420 1070 582 1126 τόθεν,
620 1074 709 1114 τῶν
740 1070 806 1122 δὲ,
853 1069 936 1114 ἀπὸ
970 1069 1228 1126 Στρυμόνος
1268 1075 1467 1126 ποταμοῦ
1498 1069 1679 1115 συνιόν-

392 1156 532 1192 Ξτων·
584 1148 778 1207 ὁμήρους
816 1166 860 1194 τε
902 1157 991 1193 τῶν
1037 1149 1399 1206 παραμεινάντων
1439 1149 1682 1206 Ἀθηναίων

419 1319 520 1370 ’ὅκως
568 1319 665 1375 μήτε
714 1320 914 1362 ἁλισθεῖεν
964 1321 1018 1362 ἔτι

362 1395 397 1418 κ.
426 1395 457 1418 τ.
491 1383 538 1426 λ.]
580 1376 749 1430 μήτε-
770 1394 810 1418 τε
839 1381 907 1416 hoc
938 1379 1017 1416 loco

362 1441 437 1473 est:
466 1449 526 1472 uec
558 1440 643 1483 (juon
666 1436 775 1472 solum
801 1437 887 1482 non)
911 1456 967 1462 ——
985 1439 1019 1471 et

363 1492 449 1539 (sed
479 1493 618 1541 etiarn).
660 1492 876 1529 Particulam
915 1487 1018 1538 ὅκως

363 1548 559 1598 Optativns
581 1549 712 1599 excipit
739 1553 890 1598 propter
911 1560 1019 1598 prae-

361 1617 446 1641 sens
479 1605 688 1641 historicum
726 1606 876 1654 opinor,
917 1605 1018 1652 quod

362 1661 554 1698 antecedit.
585 1661 692 1698 Cous.
712 1660 842 1698 Matth.
862 1659 898 1711 ξ.
920 1661 1016 1707 518,

419 1767 747 1823 ἀναβιβάσας
793 1768 887 1818 τούς
929 1775 1018 1810 παῖ-

362 1827 433 1873 δας
463 1827 521 1866 ἐπὶ
564 1828 736 1878 ἵππους]
779 1829 801 1864 i.
829 1842 859 1865 e.
891 1829 1018 1876 „filios

363 1885 481 1932 (suos)
522 1887 698 1934 impositos
735 1887 831 1933 equis
865 1887 1020 1932 praemi-

362 1942 446 1976 stef<
502 1940 560 1978 De
584 1941 762 1978 locutione
781 1941 873 1977 conf.
895 1940 924 1987 I,
949 1944 1017 1988 60,

361 1997 422 2032 ubi
452 1997 498 2034 de
529 1997 648 2045 Phya:
691 1996 730 2043 ἐς
765 1993 872 2048 ἅρμα
915 1995 1020 2048 ἐσβι-

365 2049 556 2103 βάσαντες
593 2054 678 2102 ibiq.
710 2057 785 2090 not.
812 2049 905 2098 τούς
929 2057 1019 2092 παῖ-

364 2110 435 2154 δας
463 2110 521 2146 hic
541 2111 587 2146 de
607 2109 688 2146 siliis
720 2110 808 2160 ipsis
828 2109 1020 2156 Pisistrati,

363 2178 430 2202 nec
459 2166 505 2202 de
535 2166 639 2213 aliis,
676 2180 709 2202 v.
742 2180 771 2203 c.
800 2166 935 2213 servis,
964 2165 1020 2201 in-

363 2221 597 2269 telligendum
621 2222 678 2260 vel
715 2223 800 2259 inde
831 2223 934 2271 sequi
965 2222 1018 2258 vi-

365 2278 471 2314 detur
496 2280 595 2327 quod
628 2278 666 2327 I,
699 2282 750 2319 61
783 2278 936 2327 legimus
973 2278 1020 2315 de

365 2332 575 2371 Pisistrato:
655 2331 885 2385 ἐβουλεύετο
937 2330 1021 2385 ἅμα

364 2392 469 2428 τοῖσι
488 2390 625 2429 παισίν
644 2395 709 2429 etc.
728 2391 810 2430 Nec
831 2391 923 2428 ratio
943 2391 1022 2442 ipsa

367 2445 547 2483 abhorret.

419 2501 487 2540 καὶ
533 2497 691 2542 α’πιέναι
745 2501 906 2549 ἕκαστος
956 2500 1020 2541 ε’πὶ

362 2555 409 2597 τοὶ
441 2556 619 2610 ἑωυτοῦ]
652 2559 724 2603 Qui
759 2556 917 2598 α’πιέναι
940 2559 1021 2596 infi-

363 2615 512 2651 nitivum
544 2628 609 2664 pro
642 2617 853 2666 imperativo
877 2615 936 2652 hic
962 2628 1022 2652 ac—

365 2670 435 2719 cipi
456 2670 600 2718 volunt,
631 2686 704 2709 non
737 2673 855 2709 minus
886 2671 971 2707 mihi
1000 2683 1022 2708 a

367 2740 475 2764 sensu
508 2727 575 2763 loci
620 2729 809 2766 aberrasse
846 2728 1022 2773 videntur,

367 2795 475 2831 qnam
517 2783 558 2829 ii,
610 2785 671 2832 qui
709 2798 788 2821 cuin
836 2784 1022 2833 Stephano

370 2839 527 2875 scribere
559 2839 684 2876 malint
714 2839 913 2878 ἕκαστον.
954 2839 1025 2875 Est

369 2894 464 2932 enim
496 2896 734 2932 nominativus
773 2908 817 2934 ex
856 2894 1025 2932 anacolu-

1085 1323 1182 1361 thiae
1204 1324 1360 1373 quodam
1388 1336 1522 1373 genere
1552 1321 1735 1372 explican-

1086 1381 1176 1426 dus,
1226 1382 1324 1431 apud
1372 1381 1599 1417 Herodotum
1640 1378 1738 1414 hand

1085 1435 1251 1484 insolito,
1282 1438 1329 1474 de
1357 1450 1430 1486 quo
1456 1437 1551 1473 conf.
1573 1435 1661 1482 adl,
1683 1437 1736 1474 27

1086 1496 1175 1529 nott.

1271 1575 1302 1612 c
1317 1588 1337 1612 a
1349 1589 1385 1626 p.
1417 1574 1553 1613 Lxlv.

1140 1656 1210 1697 καὶ
1259 1655 1471 1710 χρημάτων
1525 1654 1739 1703 συνόδοισι,

1085 1718 1165 1754 τῶν
1195 1713 1287 1765 μὲν,
1333 1712 1529 1762 αὐτόθεν,
1576 1717 1656 1753 τῶν
1697 1711 1741 1752 δὲ

1087 1768 1166 1810 ἀπὸ
1192 1768 1423 1822 Στρυμόνος
1444 1773 1626 1821 ποταμοῦ
1650 1783 1744 1809 συν-

1088 1824 1242 1877 ιόντων]
1286 1828 1327 1863 lu
1369 1828 1601 1878 pecuniarum
1646 1827 1743 1864 redi-

1085 1885 1202 1929 tibus,
1241 1884 1301 1932 qui
1331 1897 1374 1921 ex
1414 1885 1495 1934 ipsa
1529 1883 1648 1921 Attica
1684 1896 1743 1921 re·-

1087 1941 1195 1989 gione
1243 1935 1472 1989 (αὐτόθεν)
1508 1941 1744 1988 cogebantur,

1088 1996 1294 2045 respexisse
1313 2002 1401 2046 puto
1419 1997 1647 2033 Herodotum
1666 2009 1743 2033 me-

1087 2053 1172 2089 talla
1205 2052 1365 2099 Lauria,
1415 2053 1512 2090 unde
1552 2057 1743 2100 argentum

1088 2109 1334 2159 proveniebat.
1394 2109 1500 2152 Quae
1520 2110 1666 2157 quidem
1684 2107 1743 2143 illo

1088 2170 1251 2214 tempore
1282 2164 1362 2213 plus
1397 2164 1592 2213 protulisse
1616 2165 1742 2200 viden-

1087 2225 1166 2266 tur,
1199 2233 1307 2267 quain
1339 2221 1508 2269 posthac,
1538 2221 1588 2256 ita
1617 2225 1657 2257 ut
1687 2221 1743 2257 fo-

1089 2277 1194 2313 dinae
1238 2276 1427 2312 Strabonis
1470 2281 1634 2326 ternpore
1678 2289 1744 2314 ne-

1090 2332 1228 2381 glectae
1262 2332 1337 2369 sere
1377 2332 1544 2369 iacerent.
1602 2332 1662 2370 De
1686 2332 1742 2368 his

1090 2389 1237 2438 copiose
1258 2388 1439 2434 disseruit,
1469 2394 1642 2427 monente
1661 2388 1744 2435 Ciu,

1088 2444 1250 2481 Boeckh.
1268 2448 1342 2480 tuin
1362 2444 1398 2480 in
1413 2446 1611 2482 Oeconom.
1632 2444 1745 2482 Athe-

1089 2501 1223 2537 nienss.
1247 2499 1263 2536 I
1290 2513 1326 2549 p.
1347 2502 1427 2541 331
1457 2506 1533 2538 tum
1565 2503 1600 2538 in
1633 2514 1744 2551 pecu-

1089 2557 1167 2593 liuri
1191 2556 1385 2605 scriptione
1404 2557 1539 2595 inserta
1561 2570 1743 2595 cominen-

1088 2618 1166 2649 tait.
1190 2612 1363 2649 Academ.
1388 2626 1464 2662 reg.
1495 2614 1744 2651 Berolinensis

1090 2682 1173 2705 ann.
1215 2669 1332 2710 1815.
1391 2669 1535 2708 Deinde
1559 2670 1619 2707 ubi
1646 2670 1744 2707 redi-

1090 2729 1147 2760 tus
1198 2724 1335 2762 Noster
1381 2726 1467 2763 dicit
1507 2726 1746 2774 astrymone

1092 2781 1198 2817 fluvio
1254 2783 1528 2830 pi·oveniente5‚
1579 2782 1745 2830 intelligit

1092 2836 1234 2874 niet-alla
1265 2837 1441 2884 Thracia,
1479 2851 1596 2887 eaque
1622 2848 1743 2882 aurea,

1092 2893 1139 2930 de
1171 2893 1301 2943 quibus
1330 2895 1526 2944 postmodo
1546 2893 1743 2931 Athenien-
