1909 3228
459 231 541 270 446
871 227 1333 267 HERODOTI

457 336 593 394 μένην
624 336 666 387 ἐς
695 334 794 391 ἱρόν
817 333 1095 391 Ἀφροδίτης,
1147 335 1260 390 ἅπαξ
1290 337 1336 380 ἓν
1364 341 1417 392 τῇ
1454 338 1530 396 ζόῃ
1560 343 1710 397 μιχθῆ-

429 424 451 458 2
460 434 533 460 ναι
573 415 700 469 ἀνδρὶ
744 414 881 472 ξείνῳ.

1084 415 1093 429 l
1170 415 1181 428 ἱ
1285 415 1294 430 ἱ
1391 414 1401 429 Ὶ
1482 416 1492 431 9
1574 419 1583 432 Ι

942 419 1098 458 πολλαι
1141 417 1187 458 δε
1226 432 1300 459 και
1349 433 1429 460 ουκ
1467 420 1712 475 αξιευμεναι

457 494 771 550 ἀναμίσγεσθαι
798 497 896 551 τῇσι
927 491 1100 551 ἄλλῃσι,
1143 491 1214 538 οἷα
1242 492 1417 553 πλούτῳ
1445 495 1711 555 ὑπερφρονέ-

457 586 604 625 ουσαι,
633 571 702 616 ἐπὶ
733 572 914 629 ζευγέων
941 572 989 617 ἐν
1018 571 1238 630 καμάρῃσι
1266 572 1494 627 ἐλάσασαι,
1525 577 1633 633 πρὸς
1659 577 1709 622 τὸ

398 733 434 769 in
454 732 553 770 hisce
574 732 646 769 vid.
668 734 697 782 Ι,
721 733 773 775 14
796 734 879 784 ibiq.
906 740 1051 774 not.—

398 789 510 832 Quod
543 785 629 840 ἵρὸν
659 790 716 828 hic
747 796 918 839 vocatur,
956 793 1050 831 infra

397 846 526 882 dieitur
543 844 726 897 τέμενος,
760 853 799 884 ut
826 850 924 898 apud
946 849 1050 887 Stra-

396 902 530 939 bonem
574 915 721 952 quoque
757 905 886 941 eadem
925 905 963 942 in
1009 919 1050 944 re

395 957 484 995 XVI
516 971 603 1009 pag.
629 962 756 1007 1081,
786 960 818 997 C
856 961 1049 1010 invenitur,

396 1028 476 1052 cum
493 1019 636 1065 septum
654 1017 765 1067 ipsius
788 1017 888 1054 aedis
921 1018 966 1055 sit
993 1019 1049 1055 in-

394 1071 651 1120 telligendum,
693 1073 749 1111 vel
788 1077 828 1110 ut
856 1073 1047 1112 Miinterus

395 1127 418 1165 l.
441 1127 462 1164 1.
483 1140 567 1178 pag.
589 1130 642 1169 78
663 1129 888 1180 suspicatur,
926 1128 1047 1178 ἄλσος

395 1184 469 1221 sive
499 1184 597 1222 lucus
631 1198 753 1234 sacer,
783 1187 843 1235 qui
871 1188 1046 1238 templum

395 1240 650 1279 circumdabat.
679 1241 849 1292 Namque
869 1243 937 1281 hoc
955 1249 1048 1282 tem-

393 1297 494 1347 plum
512 1297 610 1334 haud
629 1298 756 1349 dispar
778 1300 888 1337 fuisse
906 1300 1048 1338 videtur

393 1353 435 1389 iis
449 1382 460 1400 ,
491 1366 585 1402 quae
605 1353 784 1392 Ascalone
800 1360 836 1393 et
857 1355 972 1407 Paphi
995 1357 1048 1395 ei-

393 1410 478 1446 dem
510 1409 643 1447 Veneri
679 1416 891 1448 consecrata
933 1418 1048 1450 erant.

393 1465 467 1503 Illic
486 1478 631 1515 quoque
649 1466 767 1504 lucum
785 1480 924 1504 sacrum
944 1469 1045 1507 inve-

392 1521 531 1569 nimus,
562 1534 635 1571 quo
666 1523 805 1572 reliqua
835 1524 959 1575 templi
983 1538 1046 1562 ae-

392 1578 512 1615 dificia
529 1577 666 1615 inclusa
680 1580 791 1617 suere.
820 1579 853 1616 V
856 1580 905 1617 id.
937 1580 1046 1618 Mun-

392 1638 457 1672 ter.
478 1633 499 1670 1.
526 1634 549 1671 l.
572 1647 658 1685 pag.
683 1635 748 1677 55.
798 1636 912 1673 Simili
933 1638 1044 1674 modo

393 1690 499 1727 simili
527 1691 565 1727 in
603 1704 642 1728 re
669 1688 714 1731 το“
737 1688 822 1744 ἱρὸν
858 1697 969 1741 atque
997 1690 1042 1733 τό

390 1745 551 1797 τέμενος
598 1748 749 1785 occurrit
778 1748 872 1785 infra
905 1749 958 1796 ll,
990 1749 1044 1790 64

391 1803 470 1840 coll.
496 1803 552 1851 ΙΙ,
583 1804 676 1844 155.
705 1805 796 1845 156.
827 1807 918 1845 170.
952 1807 1045 1846 178.

390 1880 446 1887 -—-·
465 1862 635 1911 γυναῖκα
660 1859 717 1897 hic
738 1860 947 1911 simpliciter
966 1873 1043 1898 mu-

390 1916 517 1964 lierem,
539 1918 710 1965 virginem
732 1917 922 1964 denotare,
941 1917 1045 1966 Hey-

389 1973 451 2009 nio
471 1972 493 2009 l.
513 1972 534 2010 l.
556 1986 592 2022 p.
613 1974 669 2014 32
686 1973 800 2010 visum
820 1977 893 2020 est,
913 1986 1043 2023 quam-

390 2042 499 2078 quam
519 2029 556 2065 in
577 2029 726 2066 dubium
760 2043 876 2080 nuper
903 2031 1044 2068 vocavit

390 2086 551 2123 Heeren.
571 2084 595 2122 l.
614 2085 636 2122 l.
661 2099 698 2136 p.
720 2085 825 2133 204,
855 2086 917 2135 qui
944 2087 1043 2136 ipsas

389 2143 540 2179 seminas
574 2142 614 2179 in
664 2141 802 2193 templo
838 2143 1042 2193 prostitisse

388 2202 530 2246 censet,
564 2197 711 2236 minime
744 2199 822 2247 virg
810 2198 902 2235 rines
935 2199 1043 2236 innu-

387 2259 491 2305 ptas,
542 2255 678 2305 quippe
717 2267 811 2304 quae
847 2255 1040 2293 Herodoto

388 2312 540 2349 fuissent
563 2308 780 2361 παρθένοι,
812 2316 851 2349 ut
879 2325 988 2362 supra
1011 2311 1040 2360 I,

391 2369 482 2408 196.
542 2367 681 2404 Contra
711 2380 819 2417 quem
850 2367 1039 2405 Miinterus

388 2423 409 2459 l.
428 2423 450 2459 l.
468 2436 552 2474 pag.
569 2427 624 2466 74
646 2428 796 2474 propter
813 2437 1040 2461 communem

388 2479 536 2516 aliorum
550 2493 697 2530 quoque
715 2480 930 2531 populorum
952 2493 1040 2518 con-

389 2537 616 2574 suetudinem
630 2536 769 2586 puellas
791 2536 939 2586 intelligi
961 2549 1040 2574 ma-

387 2592 475 2629 vult.
491 2613 547 2620 -
563 2589 776 2645 Ἀφροδίτη
793 2605 887 2642 quae
907 2593 964 2640 sit,
982 2593 1039 2630 in-

388 2648 469 2683 sra
461 2661 539 2698 ipse
558 2649 692 2687 indicat
709 2649 763 2686 his
786 2649 925 2686 verbis:
941 2644 1037 2688 Μύ-

389 2704 495 2741 λιττα
513 2702 555 2743 δὲ
583 2703 766 2745 καλέουσι
793 2701 866 2755 τήν
892 2700 1035 2757 Ἀφρο-

390 2757 527 2808 δίτην’
521 2757 741 2813 Ασσύριοι,
770 2762 900 2799 eodem
925 2763 1034 2799 modo

390 2827 484 2861 quo
477 2817 640 2864 upral,
662 2820 758 2858 131:
788 2815 1034 2857 καλέουσιόὲ

388 2865 586 2922 Ἀσσύριοι
596 2887 668 2924 την
686 2868 923 2926 Ἀφροδίτην
937 2869 1031 2914 Μύ-

1118 737 1248 784 λιττα,
1286 735 1348 773 ubi
1379 737 1473 774 conf.
1509 748 1604 786 quae
1630 736 1768 775 adscri-

1118 794 1270 844 psimus.
1301 792 1387 843 Ipsa
1405 794 1492 840 dea,
1515 805 1609 842 quae
1629 805 1769 830 summa

1116 849 1192 886 lovi
1222 861 1359 886 summo
1390 863 1419 886 s.
1450 849 1540 887 Belo
1571 849 1670 900 apud
1694 850 1770 886 Ba-

1119 905 1284 954 bylonios
1304 906 1450 953 adstat,
1481 906 1643 943 Gesenio
1665 906 1769 954 (Ex-

1118 975 1212 999 curs.
1242 962 1289 998 ad
1318 961 1420 999 lesai.
1453 966 1541 999 tom.
1565 962 1598 998 11
1628 975 1664 1012 p.
1684 963 1768 1004 337

1116 1018 1240 1067 seqq.)
1262 1017 1385 1055 Venus
1415 1031 1494 1055 esse
1519 1018 1661 1055 videtur
1689 1018 1770 1069 pla-

1114 1078 1219 1121 neta,
1239 1086 1334 1123 quae
1356 1075 1483 1111 eadem
1500 1076 1576 1112 fere
1597 1074 1642 1110 sit
1652 1075 1768 1112 Anai-

1114 1133 1183 1178 tz's,
1213 1135 1249 1168 et
1265 1129 1407 1167 Anahid
1426 1129 1630 1177 Persarum,
1654 1130 1769 1170 Phoe-

1114 1187 1307 1235 nicumque
1352 1187 1515 1235 Astarte,
1553 1187 1768 1238 praesertim

1116 1256 1195 1281 cum
1235 1243 1331 1280 istud
1375 1244 1473 1280 sidus
1508 1244 1624 1292 geniis
1661 1242 1768 1281 incoli

1115 1301 1255 1347 serant,
1297 1300 1361 1349 qui
1391 1300 1439 1337 ad
1467 1300 1694 1350 voluptates,
1724 1299 1768 1336 li-

1115 1356 1285 1402 bidines,
1316 1356 1384 1393 alia
1411 1356 1449 1393 id
1475 1369 1611 1405 genus,
1651 1356 1767 1393 homi-

1115 1425 1180 1449 nes
1226 1412 1409 1449 seducant.
1478 1412 1590 1455 Quod
1628 1413 1764 1463 optime

1113 1480 1192 1504 cum
1221 1467 1317 1517 turpi
1344 1468 1446 1504 huius
1475 1467 1642 1516 Mylittae
1665 1468 1764 1519 apud

1111 1523 1334 1572 Babylonios
1357 1524 1452 1560 cultu
1484 1524 1674 1561 convenire
1694 1537 1764 1574 pu-

1111 1583 1177 1616 tat.
1207 1579 1288 1617 Alia
1307 1579 1452 1617 edocuit
1475 1579 1663 1617 Miinterus
1682 1593 1763 1617 cum

1112 1635 1166 1673 his
1203 1636 1393 1673 coniuncta
1432 1639 1468 1673 et
1506 1642 1763 1683 consentanea,

1112 1704 1206 1741 quae
1227 1692 1274 1729 de
1291 1691 1381 1729 Belo
1409 1691 1505 1729 illum
1537 1693 1682 1730 tradere
1703 1706 1765 1729 su-

1110 1761 1179 1798 pra
1218 1748 1265 1784 ad
1296 1747 1331 1795 1,
1372 1750 1450 1788 181
1480 1749 1655 1794 vidimus3
1692 1748 1765 1785 vid.

1112 1804 1172 1841 die
1189 1803 1312 1852 Relig.
1332 1804 1368 1840 d.
1390 1804 1567 1852 Babylon.
1598 1817 1684 1855 pag.
1708 1807 1762 1847 20

1113 1873 1189 1909 seq.
1229 1859 1371 1903 Quodsi
1395 1861 1489 1897 enim
1510 1860 1577 1899 Bel
1604 1874 1763 1898 summus

1111 1917 1201 1954 deus
1214 1916 1278 1953 Sol
1294 1916 1405 1954 fuisse
1424 1916 1646 1967 perhibetur,
1667 1930 1764 1954 sum-

1111 1986 1170 2009 ma
1191 1972 1280 2010 coeli
1297 1973 1425 2022 regina
1442 1985 1484 2010 ac
1503 1974 1584 2021 dea,
1604 1974 1763 2011 omnium

1110 2042 1226 2066 rerum
1248 2029 1401 2078 genitrix
1427 2042 1470 2066 ac
1497 2043 1629 2080 parens
1653 2029 1762 2068 Luna

1110 2085 1235 2134 utique
1264 2086 1376 2122 fuisse
1412 2091 1597 2134 censetur,
1636 2085 1759 2124 Venus

1111 2142 1312 2191 eademque
1339 2140 1389 2178 M
1386 2141 1507 2191 stma
1566 2141 1678 2179 Cuius
1702 2141 1758 2179 vel

1108 2197 1226 2261 ipsum
1246 2210 1378 2234 nomen
1399 2197 1468 2234 huc
1487 2198 1652 2247 quadrat.
1688 2197 1758 2235 Est

1109 2254 1203 2291 enim
1225 2248 1394 2307 Νῃῂπί.
1407 2266 1439 2290 e.
1456 2253 1622 2302 genitrix,
1643 2255 1760 2291 omni-

1107 2323 1168 2346 um
1184 2322 1340 2360 parens3
1355 2308 1410 2346 vel
1431 2310 1538 2348 etiam
1559 2303 1668 2361 τιὸ-νει
1690 2311 1756 2347 do

1106 2367 1224 2414 mina,
1261 2364 1463 2405 δέσποινα.
1506 2359 1616 2404 Unde
1644 2366 1759 2418 expli-

1107 2423 1281 2470 candum,
1312 2423 1411 2485 quod
1443 2422 1470 2459 I.
1497 2422 1607 2461 Laur.
1629 2423 1757 2472 L)dus

1107 2478 1252 2526 scribit,
1277 2478 1409 2516 Veneri
1436 2479 1534 2529 apud
1557 2478 1756 2519 Phoenices

1106 2547 1239 2572 nomen
1290 2535 1402 2572 fuisse
1440 2535 1587 2586 βῆλτις.
1652 2536 1756 2574 Haec

1105 2591 1294 2628 Miinterus
1313 2596 1388 2627 tuin
1408 2591 1441 2628 h.
1465 2590 1487 2628 l.
1519 2596 1594 2629 tum
1619 2593 1666 2629 ad
1695 2592 1756 2629 Iu-

1104 2647 1189 2684 lium
1208 2647 1402 2685 Firmicum
1422 2648 1469 2685 de
1488 2649 1630 2698 profau.
1650 2648 1754 2697 relig.

1104 2717 1215 2742 error.
1245 2717 1324 2754 cap.
1346 2705 1372 2745 3
1404 2716 1489 2754 pag.
1518 2707 1591 2752 12,
1621 2705 1752 2754 quibus

1103 2761 1199 2797 addc
1221 2760 1435 2797 Ρϊ]ιιι1>Ιι(1ἰί
1461 2761 1676 2798 sententiam
1705 2760 1752 2797 ad

1103 2817 1139 2865 l,
1163 2817 1241 2858 131
1263 2821 1436 2853 notatam.

1158 2871 1222 2912 ἐπὶ
1258 2870 1422 2926 ζευγέων
1464 2870 1508 2911 ἔν
1549 2864 1750 2925 καμᾶρησι
