1909 3228
105 773 304 835 mm&
320 770 385 832 {³3:32⁵

257 846 323 866 arna
347 837 385 864 (le

105 873 221 900 nutrice
237 872 317 899 illius
335 879 382 900 ca·

104 841 182 868 tina.

106 915 144 935 ιο
163 906 205 942 [1,
214 906 289 940 110].

433 198 518 240 292

845 192 1306 235 HERODOTI

435 323 596 362 ,,κεον,
636 310 689 365 τῇ
719 305 914 351 σεωυτοῦ
942 301 988 346 δὲ
1017 302 1150 358 μοίρῃ
1177 300 1360 356 περίεις·
1411 303 1496 344 νῦν
1527 294 1592 344 ὦν
1619 300 1686 343 ἰ’θι

438 420 463 439 „
476 388 639 444 χαίρων
667 386 709 436 ἐς
737 383 933 437 Πέρσας,
970 377 1172 436 πομπούς
1209 377 1254 422 δ’
1285 377 1368 434 ἐγώ
1397 377 1487 435 ἅμα
1517 379 1687 435 πέμψω.

436 464 614 517 „il-&niv
650 463 696 506 δὲ
731 462 838 513 ἐκεῖ,
882 458 1047 515 πατέρα
1082 473 1127 503 τε
1163 456 1238 501 καὶ
1276 456 1441 513 μητέρα
1479 456 1689 514 εὑρήσεις,

436 540 526 596 ,,οὖ
569 539 677 585 κατοὶ
715 536 1005 595 Μιτραδάτην
1040 553 1086 582 τε
1122 535 1203 581 τὸν
1238 534 1458 594 βουκόλον
1494 536 1569 579 καὶ
1603 535 1683 592 τὴν
1700 541 1745 576 65

439 653 464 672 ,,
474 624 660 676 γυναῖκα
688 617 839 663 αὑτοῦ.
852 622 878 642 “

552 701 697 741 Ταῦτα
727 699 847 748 εἴπας
883 693 907 741 ὁ
934 694 1190 752 Ἀστυάγης,
1230 693 1473 750 ἀποπέμπει
1499 691 1578 736 τὸν
1605 692 1692 734 Κῦ-

440 793 530 831 ρον.
558 775 825 834 νοστήσαντα
854 774 900 819 δέ
928 791 1002 831 μιν
1032 775 1073 826 ἐς
1099 777 1179 818 τοῦ
1200 773 1446 831 Καμβύσεω
1476 771 1529 816 τά
1559 771 1690 822 οἰκία,

438 855 636 908 ἐδέξαντο
668 857 711 899 οἱ
739 854 1007 911 γεινάμενοι·
1039 853 1113 897 καὶ
1143 852 1387 910 δεξάμενοι,
1418 851 1476 903 ὦς
1502 848 1693 894 ἐπύθον-

437 950 509 987 το,
541 933 735 991 μεγάλως
765 933 1028 986 ἀσπάζοντο,
1060 929 1132 975 οἷα
1162 933 1215 988 δὴ
1244 931 1517 987 ἐπιστάμενοι
1537 927 1693 972 αὐτίκα

406 1011 535 1057 Ξτότε
564 1017 830 1069 τελευτῆσαι·
859 1009 1055 1066 ἱστόρεόν
1084 1027 1128 1054 τε
1159 1010 1266 1068 ὅτεῳ
1289 1009 1438 1066 τρόπῳ
1463 1008 1692 1064 περιγένοι·
1705 1011 1752 1046 70

432 1108 496 1136 το.
539 1089 563 1135 ὁ
594 1090 639 1136 δέ
669 1104 747 1148 σφι
776 1092 912 1148 ἔλεγε,
954 1090 1041 1148 φὰς
1069 1091 1154 1146 πρὸ
1184 1094 1264 1133 τοῦ
1294 1089 1372 1144 μὲν
1406 1087 1490 1131 οὐκ
1520 1086 1693 1138 εἰδέναι,

433 1168 543 1214 ἀλλὰ
574 1168 868 1228 ἡμαρτηκέναι
897 1175 1115 1221 πλεῖστον,
1147 1168 1239 1213 κατ’
1268 1168 1376 1212 ὁδὸν
1405 1168 1451 1212 δὲ
1471 1168 1693 1211 πυθέσθαι

435 1252 581 1293 πᾶσαν
612 1249 691 1306 τὴν
719 1250 887 1294 ἑωυτοῦ
918 1248 1080 1307 πάθην.
1111 1249 1368 1293 ἐπίστασθαι
1398 1247 1477 1302 μὲν
1503 1245 1602 1303 γάρ,
1634 1243 1695 1296 ὦς

435 1327 656 1384 βουκόλου
684 1331 764 1372 τοῦ
792 1327 1043 1385 Ἀστυάγεος
1072 1330 1136 1384 εἴη
1155 1331 1278 1378 παῖς·
1313 1324 1399 1369 ἀπὸ
1431 1325 1476 1369 δὲ
1505 1328 1582 1381 τῆς
1609 1327 1693 1367 κεῖ-

433 1410 517 1451 θεν
546 1405 658 1450 ὁδοῦ
687 1404 766 1450 τὸν
792 1405 934 1450 πάντα
961 1406 1094 1464 λόγον
1121 1409 1212 1451 τῶν
1238 1407 1425 1461 πομπῶν
1452 1403 1687 1448 πυθέσθαι.

379 1612 566 1647 vanum,
604 1613 635 1637 s.
663 1600 780 1649 magis
816 1600 865 1638 ad
896 1599 1025 1637 verba:

376 1670 443 1694 non
457 1656 650 1707 perfectum
663 1685 675 1704 ,
706 1655 795 1707 quod
811 1670 878 1693 non
896 1656 1029 1706 expleri

378 1713 518 1755 debui&
547 1725 584 1748 eo
615 1711 706 1762 quod
732 1726 799 1749 non
820 1712 1028 1763 perfectum,

378 1780 510 1805 vanum
534 1771 621 1806 erat.
680 1767 840 1806 confero
860 1769 1028 1818 equidem

379 1822 545 1871 Aeschyl.
595 1824 635 1861 S.
673 1837 703 1860 c.
737 1824 810 1862 Th.
844 1825 926 1866 832
970 1823 1029 1862 ed.

380 1879 513 1916 Blomf.
534 1872 565 1917 ὦ
585 1877 748 1931 μέλαινα
768 1877 835 1918 καὶ
856 1879 1029 1919 τελεία

382 1955 439 1964 ·-—
457 1931 531 1986 Ἀρ
545 1931 582 1973 ά.
612 1935 701 1972 Mox
719 1936 928 1987 scripsimus
949 1948 1030 1973 cum

380 1990 582 2040 Schweigh.
598 1995 635 2029 et
645 1992 762 2030 Gaisf.
784 1991 932 2043 περίεις
943 1992 1029 2043 (pro

381 2048 575 2097 περιεῖς),
614 2052 654 2084 ut
677 2047 772 2085 infra
799 2047 839 2096 l,
860 2047 951 2089 124.
975 2068 1031 2075 —-

382 2102 442 2141 De
459 2099 551 2155 γὰρ,
582 2104 682 2152 quod
713 2104 912 2142 orationem
940 2103 1030 2141 inci-

384 2160 461 2210 pit,
501 2160 594 2196 conf.
623 2172 733 2210 supra
760 2160 811 2196 ad
839 2159 876 2208 1,
905 2162 942 2202 8.
965 2160 1033 2201 24.

382 2215 555 2253 Refertur
573 2215 667 2253 enim
697 2216 744 2252 ad
766 2216 826 2263 id,
856 2217 956 2265 quod
973 2228 1034 2253 se-

384 2270 528 2327 quitui-3
554 2272 606 2308 sic
635 2271 671 2308 h.
692 2270 715 2308 l.
741 2272 789 2309 ad
821 2273 932 2311 verba
956 2274 1035 2312 νῦν

386 2328 452 2366 τόν
483 2326 548 2367 ἰ’θι
575 2327 735 2380 χαίρων.

441 2439 520 2477 νῦν
539 2431 597 2477 ὧν
617 2437 682 2477 ἴθι
709 2437 931 2490 χαίρων]
953 2439 975 2476 ἰ.
999 2451 1032 2477 e.

384 2504 475 2530 nunc
500 2496 616 2543 igitur
638 2495 719 2543 abi,
755 2498 931 2532 contentus
969 2498 1033 2532 tua

384 2552 493 2596 sorte,
509 2552 674 2588 immunis
692 2553 799 2589 omnis
820 2550 941 2588 damni
954 2562 1030 2588 ma-

385 2603 489 2654 lique.
547 2606 656 2643 conf.
689 2607 736 2645 de
760 2607 906 2658 χαίρων
933 2607 1029 2645 Her-

385 2671 507 2696 mann.
542 2662 591 2698 ad
616 2662 742 2711 Viget.
778 2676 814 2714 p.
839 2665 921 2704 766
949 2675 1028 2712 seq.

385 2735 441 2742 —
461 2715 501 2752 ln
521 2716 592 2753 fine
609 2718 735 2768 capitis
753 2719 882 2756 verba:
901 2713 951 2758 ου’
961 2733 1029 2757 κα-

384 2765 433 2807 τὰ
456 2770 718 2822 Μιτραδάτην
740 2787 780 2812 τε
804 2771 874 2814 τόν
892 2770 1029 2825 βουκό-

383 2826 454 2864 λον
475 2824 541 2864 καὶ
556 2825 628 2878 τήν
645 2833 812 2881 γυναῖκα
829 2825 956 2870 αὐτοῦ
966 2843 1028 2868 so-

1093 1605 1200 1638 nant:
1230 1613 1296 1637 non
1314 1602 1387 1637 eius
1407 1598 1614 1637 conditionis
1632 1610 1675 1635 ac
1692 1597 1744 1635 lo-

1094 1659 1148 1705 ci,
1187 1659 1287 1693 cuius
1315 1660 1396 1693 sunt
1424 1655 1643 1693 Dlitrarlates
1682 1655 1746 1691 bu-

1094 1713 1214 1749 bulcus
1234 1712 1397 1763 illiusque
1415 1725 1514 1749 uxor.
1554 1712 1630 1749 Ubi
1648 1707 1748 1750 κατοὶ

1095 1769 1335 1806 similitudinis
1364 1769 1665 1817 significationem
1683 1779 1750 1805 ex-

1095 1826 1235 1876 primit,
1264 1826 1311 1863 de
1337 1826 1408 1874 qua
1439 1823 1569 1861 Matth.
1593 1824 1659 1861 Gr.
1681 1823 1749 1861 Gr.

1096 1880 1134 1932 ἓ.
1163 1882 1267 1928 581,
1294 1881 1316 1917 b
1354 1892 1440 1931 pag.
1479 1881 1599 1921 1153.
1648 1879 1749 1917 Add.

1096 1938 1175 1974 Ast.
1209 1936 1258 1973 ad
1284 1935 1426 1974 Platon.
1453 1935 1548 1974 Rem
1568 1935 1748 1988 publicam

1096 2005 1183 2045 pag.
1201 1992 1296 2035 599.

1274 2131 1307 2170 C
1319 2143 1386 2182 ap.
1416 2130 1570 2169 CXXII.

1154 2213 1179 2256 ὁ
1207 2213 1250 2255 δέ
1279 2226 1352 2265 σφι
1386 2213 1511 2267 ἔλεγε,
1557 2211 1640 2264 φᾰς
1670 2212 1749 2267 neo*

1098 2271 1193 2322 τοῦ]
1235 2271 1346 2315 Quod
1373 2284 1440 2321 pro
1481 2267 1563 2321 φὰς
1600 2270 1748 2321 quidam

1100 2329 1268 2366 exhibent
1288 2325 1391 2377 σφέα
1402 2354 1412 2371 ,
1427 2331 1489 2365 aut
1499 2325 1636 2379 σφέας,
1647 2328 1749 2377 quod

1098 2384 1228 2422 vallae
1255 2384 1362 2421 etiam
1387 2384 1505 2421 versio
1525 2383 1659 2421 Latina
1686 2396 1750 2422 ex-

1099 2440 1254 2491 pressit,
1283 2440 1322 2476 id
1344 2439 1568 2477 librariorum
1587 2440 1748 2478 incuriae

1098 2497 1308 2543 tribuimus,
1343 2497 1406 2545 qui
1422 2495 1673 2534 Herodoteum
1692 2496 1749 2534 di-

1099 2553 1202 2590 cendi
1226 2565 1342 2601 genus
1370 2552 1561 2589 abundans
1582 2553 1652 2591 hoc
1667 2565 1749 2590 mo-

1099 2609 1147 2645 do
1175 2608 1394 2646 deleverunt.
1454 2608 1562 2646 Conf.
1580 2621 1691 2660 supra
1714 2607 1746 2655 I,

1101 2667 1190 2704 118.
1216 2685 1273 2692 ——
1311 2659 1429 2715 πάθη
1468 2665 1507 2702 in
1547 2678 1651 2716 seqq.
1690 2668 1747 2702 est

1097 2719 1193 2758 idem
1214 2722 1290 2758 sere
1316 2721 1416 2771 quod
1443 2717 1600 2768 πάθος,
1630 2733 1745 2766 casus,

1095 2776 1293 2814 calamitas.
1349 2777 1458 2815 Conf.
1488 2776 1528 2825 1,
1556 2777 1622 2820 52.
1651 2776 1744 2818 123.
