1909 3228
515 186 1035 226 EUTERPE.11.

1309 188 1390 227 821

135 300 243 354 δρας
271 296 552 353 γενομένους,
603 297 714 353 ἔχειν
751 297 804 339 τὰ
840 296 1017 339 ἐκείνων
1055 294 1277 351 οὐνόματα
1305 297 1393 337 τῶν

104 377 469 433 3προγεγονότων
505 380 634 419 θεῶν.
688 378 773 417 νῦν
813 374 858 418 δὲ
889 373 1114 418 Διόνυσόν
1143 390 1187 417 τε
1217 374 1393 429 λέγουσι

134 458 178 501 οἷ
202 456 434 511 “Ελληνες,
493 456 552 505 ὠς
591 451 747 497 αὐτίκα
786 452 1023 508 γενόμενον
1058 454 1100 503 ἐς
1139 453 1216 496 τόν
1253 452 1395 508 μηρὸν

132 536 399 591 ἐνεῤῥάψατο
436 533 570 584 Ζεύς,
620 533 692 575 καὶ
722 530 865 587 ἤνεικε
903 532 943 582 ἐς
973 531 1127 574 Νύσαν
1166 532 1245 587 τήν
1281 529 1392 584 ὑπὲρ

133 613 359 671 Αἰγύπτου
397 612 559 656 ἐοῦσαν
599 611 647 654 ἐν
684 615 738 668 τῇ
767 612 1003 667 Αἰθιοπίῃ·
1050 611 1122 653 καὶ
1162 609 1310 660 Πανός
1348 625 1394 663 γε

134 694 232 749 πέρι
281 691 363 737 οὐκ
410 692 555 747 ἔχουσι
594 691 728 734 εἰπεῖν
766 689 847 745 ὅκη
886 688 1094 743 ἐτράπετο
1143 688 1475 744 γενόμενος.90·

105 770 243 829 4δῆλά
273 789 348 827 μοι
379 764 441 814 ὧν
470 769 640 825 γέγονε,
670 767 737 812 ὅτι
766 767 950 822 ὕστερον
979 768 1200 812 ἐπύθοντο
1225 770 1268 811 οἱ
1293 768 1393 810 “Et-

133 856 258 908 ληνες
287 849 454 893 τούτων
483 847 534 892 τὰ
571 846 817 904 οὐνόματα,
849 846 876 903 ἢ
904 846 956 890 τὰ
974 851 1059 891 τῶν
1083 846 1228 890 ἄλλων
1248 851 1389 891 θεῶν·

76 1032 316 1088 γενομένους
353 1031 504 1085 ἄνδρας
543 1034 566 1070 i.
603 1046 634 1070 e.
665 1046 731 1070 non

77 1094 149 1130 nisi
168 1092 341 1139 homines,
370 1103 476 1127 meros
493 1089 651 1126 homines.

136 1150 218 1186 τῶν
269 1142 567 1199 προγεγονότων
604 1144 728 1195 θεῶν]

80 1205 138 1243 De
158 1206 225 1241 hac
245 1204 424 1241 Herodoti
444 1203 731 1251 argumentatio-

80 1274 127 1299 ne
146 1262 196 1297 ita
216 1266 339 1297 monet
357 1259 557 1308 Schweigh.
579 1259 626 1294 ad
646 1260 678 1294 h.
691 1258 732 1295 l.:

78 1316 252 1366 „Negari
277 1329 349 1352 non
376 1320 520 1366 potest,
548 1315 733 1351 Herculem

80 1373 276 1423 Dionysum
315 1376 427 1420 atque
469 1371 601 1408 Panem
641 1372 730 1407 deos

80 1442 161 1467 esse
193 1428 304 1465 multo
332 1428 552 1476 antiquiores
580 1427 637 1462 illa
673 1439 734 1462 ae-

80 1490 180 1533 tate,
201 1496 273 1533 qua
289 1484 364 1520 nati
385 1485 420 1519 in
441 1484 595 1520 Graecia
614 1484 735 1519 serun-

82 1547 142 1579 tur
186 1541 251 1577 viri
290 1539 432 1576 illorum
483 1540 733 1587 cognomines,

81 1611 174 1648 quos
200 1601 239 1633 ut
274 1597 425 1634 deorum
453 1596 561 1632 choro
600 1595 736 1631 adscri-

83 1658 167 1705 ptos
207 1652 331 1690 colunt
367 1653 529 1690 Graeci:
567 1652 735 1699 adeoque

84 1713 247 1756 constat,
278 1722 357 1746 esse
378 1709 444 1744 hos
472 1708 585 1745 multo
612 1720 736 1744 recen-

84 1767 205 1803 tiores.
263 1765 338 1802 Iam
364 1764 392 1800 si
421 1764 547 1813 priscis
565 1763 738 1812 tempori-

85 1823 152 1859 bus
179 1821 258 1858 noti
286 1821 438 1857 fuissent
471 1819 620 1856 Graecis
642 1819 736 1854 Her-

85 1877 178 1915 cules
197 1877 326 1925 aliquis
345 1881 381 1914 et
400 1876 577 1926 Dionysus
597 1879 633 1912 et
646 1874 737 1922 Ραη,

86 1934 137 1971 dii
165 1934 226 1982 qui
255 1933 350 1970 inter
387 1933 547 1969 Graecos
588 1944 738 1979 regnas-

88 1994 188 2037 sent3
220 1994 296 2025 tum
324 1988 381 2036 hi,
412 1989 473 2036 qui
497 1989 563 2024 hos
585 1989 675 2024 deos
695 2000 738 2023 cx

88 2045 246 2084 Graecia
265 2045 363 2094 ipsa,
392 2057 466 2081 non
493 2057 535 2081 ex
554 2044 738 2092 Aegypto,

87 2101 307 2153 repetendos
325 2105 500 2147 statuunt,
522 2101 641 2137 dicere
653 2113 739 2149 pos-

89 2162 187 2205 sent,
216 2158 434 2195 recentiores
463 2157 552 2203 hos,
591 2156 739 2192 alterum

89 2214 276 2253 Herculem
304 2242 316 2260 ,
356 2213 504 2250 alterum
533 2212 739 2262 Dionysum,

88 2271 237 2309 alterum
257 2268 409 2317 Panem,
438 2269 637 2319 priscorum
663 2269 741 2305 illo-

90 2340 169 2364 rum
196 2326 343 2363 nomina
369 2330 405 2363 et
443 2325 598 2363 honores
636 2338 741 2362 occu-

91 2396 209 2434 passe.
275 2380 386 2430 Atqui
424 2382 607 2431 antiquior
643 2381 741 2431 apud

94 2440 256 2476 Graecos
281 2437 471 2485 Hercules,
516 2451 624 2487 quam
654 2437 742 2474 Am-

94 2495 296 2545 phitryonis
329 2493 442 2541 filius,
483 2494 616 2530 nemini
637 2498 742 2530 notus

97 2555 176 2597 est,
206 2550 384 2599 Dionysus
402 2563 485 2588 vero
505 2554 542 2587 et
560 2550 652 2597 Ριιη,
669 2563 742 2586 non

96 2607 205 2643 modo
234 2606 338 2656 prisci
361 2634 372 2652 ‚
429 2607 578 2643 Graecis
606 2607 743 2655 ignoti3

99 2663 164 2700 sed
192 2675 238 2699 ne
271 2662 488 2698 recentiores
521 2663 665 2710 quidem
697 2663 746 2708 hi,

98 2731 188 2768 quos
227 2718 382 2764 colunt,
427 2718 516 2754 satis
555 2718 621 2754 illis
671 2718 747 2755 noti

120 2778 200 2821 ¹mt,
246 2786 289 2810 ac
324 2774 399 2810 fere
437 2774 614 2823 peregrini
652 2774 747 2820 (nisi

136 2831 201 2868 ‘od
223 2830 260 2867 in
283 2830 437 2867 Graecia
462 2830 537 2866 nati
559 2832 749 2880 putantur)

798 1033 843 1070 ab
863 1032 929 1069 illis
953 1032 1142 1069 habentur.
1202 1030 1314 1068 Unde
1334 1029 1452 1078 colligi

797 1103 865 1140 par
890 1092 969 1135 est,
1011 1089 1119 1124 trium
1139 1088 1339 1138 priscorum
1364 1087 1452 1124 deo-

798 1159 898 1192 rum,
939 1144 1130 1190 Herculis,
1167 1144 1320 1193 Dionysi
1342 1148 1453 1191 atque

802 1201 914 1239 Panis
932 1201 1077 1237 nomina
1098 1206 1133 1237 et
1154 1200 1287 1237 cultum
1310 1199 1453 1235 nonnisi

801 1260 852 1296 eis
883 1260 957 1295 sere
978 1257 1199 1306 temporibus
1226 1257 1380 1306 primum
1400 1256 1453 1291 in—

802 1315 964 1351 notuisse
985 1314 1161 1359 Gmecis,
1191 1313 1322 1361 quibus
1346 1316 1453 1347 natos

801 1372 837 1406 in
856 1370 1014 1406 Graecia
1040 1382 1120 1406 esse
1143 1369 1251 1405 hosce
1278 1368 1454 1404 recentio-

801 1440 859 1463 res
897 1427 1049 1462 istorum
1092 1424 1329 1473 cognomines
1369 1437 1454 1460 con-

803 1484 911 1519 stat.“
933 1504 987 1507 —

860 1536 914 1583 ὥς
934 1531 1075 1574 αὐτίκα
1094 1531 1323 1587 γενόμξιόν]
1344 1535 1453 1571 Cons.

802 1594 933 1632 Matth.
956 1594 1020 1629 Gr.
1044 1593 1109 1629 Gr.
1130 1605 1214 1642 pag.
1242 1591 1360 1632 1114.

954 1647 971 1659 Ἰ

859 1649 925 1688 καὶ
944 1663 1078 1699 wasme
1097 1648 1136 1694 ἐς
1158 1643 1317 1697 Νύσαν]
1346 1647 1454 1684 Cous.

804 1707 944 1744 Herod.
983 1706 1056 1751 ΙΙΙ,
1083 1708 1137 1746 97
1180 1710 1215 1742 et
1244 1704 1397 1741 Diodor.
1427 1703 1455 1749 l,

808 1764 858 1804 15
890 1761 1011 1809 ibique
1040 1759 1259 1808 Wesseling.
1320 1760 1455 1796 Urbem

807 1817 945 1868 Nysam
980 1819 1054 1853 sive
1089 1814 1243 1866 Nyssum
1282 1816 1347 1862 (ut
1377 1815 1456 1851 aliis

805 1875 953 1925 placet)
992 1873 1052 1921 qui
1086 1873 1121 1907 in
1158 1873 1238 1922 ipsa
1261 1871 1457 1921 Aethiopia

808 1932 912 1967 sitam
943 1930 1011 1966 hoc
1038 1929 1116 1965 loco
1146 1932 1346 1977 quaerunt,
1395 1942 1457 1963 eos

806 1987 973 2024 frustrari
991 1990 1125 2035 putem.
1156 1985 1264 2020 Conf.
1282 1984 1458 2020 Schlicht-

806 2043 916 2079 horst.
936 2042 956 2078 l.
976 2041 998 2078 l.
1029 2054 1113 2091 pag.
1136 2041 1213 2081 175
1233 2054 1308 2088 seq.
1362 2039 1457 2076 Nam

806 2100 854 2136 ad
876 2111 1012 2135 sacram
1035 2098 1081 2134 de
1098 2097 1240 2133 Baccho
1258 2096 1458 2133 doctrinam

808 2154 1067 2192 sacerdotalem
1093 2154 1182 2190 haec
1214 2153 1395 2202 pertinent
1421 2156 1459 2188 et

809 2224 853 2248 ex
889 2223 933 2248 ea
970 2211 1046 2247 sola
1079 2210 1248 2246 illustrari
1275 2213 1457 2258 poterunt.

807 2266 888 2305 Nec
917 2265 990 2303 u'ila
1017 2267 1100 2303 hinc
1138 2265 1318 2302 invenitur
1351 2270 1459 2311 terra,

809 2325 846 2360 in
874 2336 946 2372 qua
976 2336 1049 2359 non
1074 2334 1175 2358 sacra
1200 2322 1333 2358 Bacchi
1363 2322 1460 2367 urbs,

811 2378 939 2429 Nysa,
977 2380 1087 2416 fuerit
1109 2377 1293 2414 collocata.
1353 2377 1461 2413 Plura

811 2437 981 2472 Creuzer.
1011 2436 1047 2471 in
1069 2433 1230 2483 symbol.
1252 2433 1301 2470 ΙΙΙ
1322 2447 1357 2482 p.
1382 2435 1459 2473 101

813 2506 914 2540 seqq.
952 2491 1041 2532 135.
1090 2490 1139 2527 lV
1167 2502 1252 2539 pag.
1275 2491 1366 2530 237.
1406 2508 1461 2516 --

811 2549 871 2586 Ad
888 2548 1017 2584 verba:
1046 2545 1085 2592 ἐς
1105 2543 1175 2585 τόν
1202 2543 1329 2594 μηρὸν
1357 2543 1460 2593 ἕνεῤ-

814 2600 972 2654 ῥάψατο
1004 2599 1104 2647 Ζεύς
1147 2603 1278 2639 similes
1311 2602 1460 2638 aliorum

813 2662 881 2698 hac
901 2661 936 2696 in
956 2672 995 2695 re
1011 2659 1212 2695 locutiones
1230 2658 1347 2695 attulit
1357 2657 1461 2692 Wes—

816 2716 1006 2764 selingius:
1027 2715 1191 2750 Aristidis
1212 2714 1357 2751 inland.
1372 2713 1461 2750 Dio-

815 2787 892 2820 nys.
907 2773 920 2808 Ι
943 2785 978 2821 p.
991 2774 1055 2812 29.
1081 2770 1290 2819 Apollodor.
1302 2770 1365 2817 ΙΙΙ,
1377 2769 1461 2815 4,3.

818 2828 933 2880 Orph.
952 2828 1073 2876 hymn.
1095 2826 1254 2875 XLVII,
1275 2829 1312 2868 3.
