1877 3223
665 202 968 242 cL10.1.

1362 208 1444 249 177

195 326 291 365 τας·
321 311 400 356 τόν
429 312 475 356 δὲ
505 310 674 368 ἄκμονα
703 313 777 356 καὶ
805 312 884 369 τήν
913 311 1113 370 σφύραν,
1143 312 1221 357 τόν
1239 329 1284 357 τε
1303 313 1441 359 τύπον

193 394 267 438 καὶ
294 392 372 436 τόν
403 390 656 435 ἀντίτυπον·

192 471 241 516 τό
270 477 389 528 πῆμα
419 472 488 515 ἐπὶ
516 470 677 527 πήματι
705 473 929 526 κείμενον·

702 392 781 435 τὸν
810 394 856 436 δὲ
885 391 1219 447 ἐξελαυνόμενον
1247 393 1470 449 σίδηρον,5

980 469 1090 514 κατὰ
1119 471 1289 515 τοιόνδε
1316 489 1356 515 τι
1385 473 1439 515 εἰ-

191 552 355 605 κάζων,
394 550 451 602 ὠς
480 551 547 594 ἐπὶ
576 554 695 607 κακῷ
725 549 961 605 ἀνθρώπου
991 551 1169 605 σίδηρος
1197 548 1440 607 ἀνεύρηται.

165 629 585 686 5Συμβαλλεόμενος
616 630 660 672 δὲ
689 633 851 681 ταῦτα,
891 630 965 673 καὶ
994 627 1193 673 ἀπελθών
1221 629 1264 681 ἐς
1292 630 1440 686 Σπάρ-

191 727 293 765 την,
336 710 489 765 ἔφραζε
518 709 904 763 Λακεδαιμονίοισι
941 712 1029 751 πᾶν
1069 708 1116 752 τὸ
1150 712 1338 765 πρῆγμα.
1398 710 1442 753 οἱ

192 789 260 839 δὲ,
302 788 349 831 ἐκ
377 787 512 843 λόγου
541 791 736 831 πλαστοῦ
766 787 1057 839 ἐπενείκαντὲς
1087 789 1130 831 οἱ
1159 789 1322 845 αἰτίην,
1361 787 1437 832 έδί-
1452 795 1496 831 10

162 875 185 909 6
196 867 322 918 ωξαν.

382 864 405 909 ὁ
446 867 514 919 δὲ,
557 865 818 922 ἀπικόμενος
858 867 900 918 ές
935 867 1110 922 Τεγέην,
1158 867 1231 910 καὶ
1261 867 1440 922 φράζων

186 944 266 1000 τήν
296 945 463 990 ἑωυτοῦ
495 946 726 1002 συμφορήν
756 946 863 1000 πρὸς
891 945 970 989 τόν
997 946 1173 1002 χαλκέα,
1203 946 1438 1001 ἐμισθοῦτο

186 1022 283 1078 παρ’
317 1023 398 1068 οὐκ
430 1025 674 1076 ἐκδιδόντος
701 1025 781 1080 τὴν
811 1023 960 1081 αὐλήν.
1010 1024 1154 1083 χρόνῳ
1186 1025 1231 1068 δὲ
1262 1023 1320 1075 ὥς
1347 1023 1440 1068 ἀνέ-
1493 1023 1549 1066 34

158 1107 347 1157 7γνωσε,
377 1104 614 1160 ἐνοικίσθη.

675 1102 889 1158 ἀνορύξας
918 1104 963 1147 δὲ
992 1103 1069 1148 τὸν
1098 1103 1264 1158 τάφον,
1293 1104 1366 1147 καὶ
1395 1103 1448 1146 τὰ

187 1180 313 1224 ὀστέα
344 1183 567 1235 συλλέξας,
599 1185 735 1239 οἴχετο
767 1185 915 1239 φέρων
944 1183 987 1235 ές
1004 1182 1226 1240 Σπάρτην.
1256 1183 1330 1228 καὶ
1349 1181 1434 1227 ἀπὸ
1451 1190 1492 1224 15

182 1385 248 1425 καὶ
286 1383 359 1438 τήν
405 1384 606 1438 σφύραν]
655 1388 782 1427 Malim

127 1443 281 1480 scribere
311 1446 497 1496 σφῦραν.
521 1446 602 1481 Vid.
615 1445 780 1484 Siebelis.

127 1498 478 1548 adPausan.11[,3
503 1500 538 1552 ᾗ.
559 1504 596 1542 6.

182 1553 224 1593 ἐκ
263 1551 383 1607 λόγου
423 1560 600 1596 πλαστοῦ
635 1556 780 1597 ἐπενεί-

125 1609 264 1658 καντὲς
294 1613 334 1651 οἵ
371 1613 524 1664 αἰτίην]
574 1613 778 1665 ἐπιφέρειν

127 1667 257 1705 αἰτιαν
292 1670 370 1707 τινί
398 1670 515 1707 valet:
565 1673 691 1707 crimen
721 1673 777 1708 ιἠ-

123 1722 220 1772 ferre
245 1724 377 1773 alicui,
417 1727 640 1775 exprobrare,
671 1740 777 1764 accu-

128 1792 205 1815 sare
233 1780 394 1830 aliquem.
425 1783 532 1818 Conf.
554 1783 591 1829 1,
623 1786 688 1823 26.
712 1782 776 1820 Cr.

127 1835 228 1871 addit
252 1836 388 1873 lacobs.
424 1837 461 1873 in
495 1837 613 1875 Lectt.
648 1839 777 1875 Stobb.

126 1904 163 1941 p.
214 1893 279 1933 69.
335 1888 454 1944 λόγος
497 1890 669 1940 πλαστός
723 1897 779 1931 est

126 1959 235 1984 causa
269 1949 373 1997 ficta.
434 1949 544 1992 Quod
598 1951 778 1999 sequitur:

127 2001 314 2051 ἐδίωξαν,
344 2004 453 2053 vulgo
477 2006 634 2043 reddunt
655 2007 778 2052 „exsi-

126 2058 173 2095 lio
200 2060 339 2096 eundem
366 2062 632 2108 mulctaruntf‘
661 2063 779 2098 minus

125 2116 256 2165 opinor
297 2121 480 2163 accurate,
531 2130 610 2154 cum
655 2118 776 2167 potius

124 2172 349 2209 reddendum
369 2173 434 2209 sit:
463 2173 595 2209 iudicio
609 2186 683 2210 eum
698 2186 778 2223 per-

127 2230 236 2264 secuti
272 2232 372 2271 sunt;
418 2230 517 2278 quod
547 2230 694 2278 quidem
724 2230 778 2266 iu-

127 2283 256 2320 dicium
300 2285 458 2322 exsilium
498 2290 658 2322 secutum
694 2298 777 2323 esse

128 2340 295 2378 credibile
335 2341 397 2387 fit,
439 2342 525 2390 quia
548 2341 680 2379 Liches
701 2346 777 2378 sta-

127 2394 190 2431 tim
219 2395 496 2435 Lacedaemone
531 2398 684 2435 cessisse
721 2397 776 2434 in—

129 2449 247 2498 deque
275 2452 421 2489 exulans
442 2453 607 2502 Tegeam
633 2453 777 2491 venisse

129 2505 277 2543 videtur.
314 2508 390 2545 Sed
421 2508 471 2544 nil
498 2510 671 2560 impedit,
702 2522 775 2558 quo

129 2561 246 2597 minus
268 2562 372 2599 aliam
394 2565 472 2612 quis
494 2569 628 2602 statuat
638 2564 775 2603 Lichae

128 2616 296 2654 mulctam
322 2619 488 2656 indictam
517 2634 609 2658 esse.

184 2671 397 2722 ἐμισθοῦτο
433 2672 528 2741 παρ’
563 2671 636 2716 ούκ
677 2675 776 2716 ἐκδι-

128 2724 263 2775 δόντος
291 2744 366 2779 την
395 2726 545 2782 αὐλήν]
588 2732 775 2779 ἐμισθοῦ-

126 2798 195 2822 τοι
225 2785 408 2823 conducere
441 2789 598 2836 cupzebat
619 2793 651 2825 et
673 2803 775 2827 cona-

127 2839 241 2878 batur.
298 2841 395 2878 Nam
448 2843 655 2895 imperfecto
700 2859 773 2884 non

182 2896 388 2937 HERODOT.
421 2898 449 2936 Ι.

849 1390 930 1439 ipsa
947 1389 1039 1427 actio
1053 1418 1064 1436 ,
1093 1402 1214 1426 verum
1233 1392 1404 1436 conatus,
1431 1402 1496 1426 vo-

847 1445 988 1492 luntas,
1049 1446 1251 1483 studiumve
1306 1445 1497 1492 indicatur,

848 1502 1080 1550 cerniturque
1111 1502 1187 1539 eius
1230 1515 1317 1538 usus
1350 1502 1497 1551 potissi-

847 1571 944 1595 mum
984 1558 1021 1593 in
1054 1570 1094 1595 re
1134 1559 1295 1595 nondum
1333 1558 1497 1594 absoluta

846 1627 889 1651 ac
919 1615 1090 1664 perfecta.
1146 1614 1323 1664 Exempla
1361 1627 1497 1663 suppe-

845 1671 936 1707 ditat
948 1670 1167 1718 wesseling.
1181 1700 1191 1717 ,
1217 1671 1271 1708 eui
1289 1669 1377 1706 alios
1400 1670 1497 1707 adde

845 1728 940 1763 viros
969 1727 1094 1762 doctos
1119 1740 1140 1764 a
1160 1740 1219 1764 me
1248 1727 1421 1764 excitatos
1448 1725 1497 1762 ad

845 1782 1022 1818 Plutarch
1059 1782 1186 1831 Pyrrh.
1223 1797 1260 1832 p.
1297 1784 1379 1823 203
1415 1781 1494 1819 coll.

845 1838 975 1875 Matth.
999 1836 1034 1888 §-
1055 1837 1150 1885 497,
1175 1852 1194 1875 c
1222 1852 1258 1888 p.
1276 1840 1370 1877 938.

901 1888 1031 1946 χρόνῳ
1085 1891 1128 1932 δὲ
1170 1908 1222 1939 ως
1271 1889 1494 1944 ἀνέγνωσε]

847 1978 872 1996 ,,
886 1949 971 1985 Post
991 1961 1070 1985 vero
1087 1961 1163 1985 cum
1184 1952 1216 1985 ei
1230 1951 1468 1997 persuasisset.
1471 1949 1498 1968 ‘⁶

846 2000 970 2057 χρόνῳ
995 2005 1153 2041 reddunt
1172 2009 1314 2055 postea,·
1352 2017 1498 2042 accura-

845 2062 916 2097 tius
936 2062 1080 2097 forsan:
1111 2062 1270 2110 temporis
1290 2064 1404 2111 spatio
1420 2061 1496 2098 lon-

844 2118 940 2165 giori
958 2118 1155 2165 interiecto,
1186 2130 1278 2164 sero,
1308 2117 1445 2154 tandem
1465 2119 1499 2155 ei

844 2173 997 2221 (diutius
1016 2173 1220 2223 reluctanti)
1250 2186 1325 2210 cum
1350 2186 1498 2222 persua-

843 2232 952 2266 sisset.
983 2229 1043 2266 Sic
1069 2230 1229 2267 Fischer.
1267 2231 1315 2266 ad
1344 2229 1494 2268 Weller.

842 2286 968 2332 111‚a
985 2299 1021 2335 p.
1037 2288 1131 2331 2522,
1155 2299 1201 2323 ne
1225 2285 1338 2334 plura.
1371 2286 1495 2336 Ipsum

844 2314 1072 2393 ἀνάγνωσαι
1097 2341 1288 2379 Herodoto
1316 2342 1411 2379 idem
1431 2354 1494 2379 va-

844 2397 919 2436 lere
972 2402 1080 2446 atque
1125 2398 1231 2446 vulgo
1271 2392 1494 2445 ἀναπεῖσαι,

844 2455 914 2491 iam
935 2458 1036 2492 vetei
1038 2467 1077 2491 es
1091 2454 1321 2491 Grammatici
1339 2459 1492 2491 annota-

844 2514 936 2547 runt.
966 2511 1095 2556 Conf.,
1126 2523 1172 2548 ne
1191 2510 1305 2560 plura,
1333 2509 1492 2547 Bekkeri

843 2565 1006 2604 Anecdd.
1032 2566 1065 2602 Π
1107 2580 1143 2616 p.
1172 2566 1277 2613 743,
1312 2569 1375 2607 16·
1431 2566 1492 2603 De

842 2624 957 2660 forma
995 2623 1119 2659 aoristi
1153 2622 1259 2672 primi
1289 2617 1492 2674 ἀνέγνωσα

842 2679 1032 2716 Herodoto
1052 2691 1226 2728 perquam
1243 2678 1377 2716 usitata
1397 2678 1492 2715 conf.

842 2734 972 2772 Matth.
1001 2733 1037 2785 §-
1062 2736 1142 2776 228
1169 2748 1206 2785 p
1233 2736 1324 2775 443

899 2785 1096 2843 ἀνορύξας
1123 2787 1165 2829 δὲ
1193 2805 1263 2829 τον
1284 2804 1415 2839 ταφον
1434 2809 1490 2818 —-

845 2845 972 2897 οι’χετο
1014 2844 1152 2899 φέρων
1202 2845 1242 2894 ἐς
1280 2841 1487 2899 Σπαρτην]
