1909 3228
98 413 379 477 3512‘1’11332'232‘5

99 485 278 518 expugnata.

280 1527 382 1573 177

112 1593 210 1629 Cyrus
221 1591 318 1620 Asiam
336 1590 389 1619 ‹10-

112 1631 173 1656 mat
190 1626 385 1663 superiorem.

422 230 508 272 88ss

837 221 1305 269 HERODOTI

96 346 376 418 tggffltnhoeptejgg}
432 337 638 393 στρατὸν,
697 330 964 386 ὑπεξιόντες,
1021 331 1096 376 καὶ
1129 329 1366 387 μαχόμενοι
1403 327 1542 387 ὀλίγοι
1579 330 1689 386 πρὸς

433 414 649 467 πολλοὺς,
678 411 832 468 ἀρετὰς
860 409 1187 454 ἀπεδείκνυντο·
1227 407 1487 460 ἑσσωθέντες
1515 410 1584 463 δὲ,
1613 410 1688 454 καὶ

432 490 754 550 κατειληθέντες
782 489 826 540 ἐς
851 488 899 532 τὰ
931 487 1062 543 ἄστυ,
1101 487 1340 545 συνήλισαν
1380 488 1422 539 ἐς
1450 486 1528 543 τὴν
1556 486 1715 543 &nod-5

429 579 558 620 πολιν
585 568 663 622 τάς
690 585 734 614 τε
762 573 974 625 γυναῖκας
1001 567 1074 612 καὶ
1103 566 1156 610 τοὶ
1183 567 1313 611 τέκνα
1340 566 1412 610 καὶ
1441 565 1494 609 τὰ
1525 566 1687 623 χρήμα-

429 669 484 697 τα
511 650 584 695 καὶ
611 647 716 700 τούς
743 646 929 699 οἰκέτας·
968 647 1041 691 καὶ
1070 646 1214 691 ἔπειτα
1240 645 1425 703 ὑπῆψαν
1451 646 1531 701 τὴν
1561 643 1691 700 ἀκρό-

402 733 564 776 2πολιν
591 731 737 772 πᾶσαν
764 725 928 784 ταύτην
955 728 1167 771 καίεσθαι.
1225 729 1362 770 ταῦτα
1404 724 1451 769 δὲ
1487 723 1691 781 ποιήσαν-

433 826 502 862 τες
528 808 603 854 καὶ
631 806 950 864 συνομόσαντες
978 806 1139 861 ὅρκους
1159 805 1353 859 δεινούς,
1381 803 1693 857 ὑπεξελθόντες

405 888 666 934 3ἆπέθανον
702 885 858 938 πάντες
895 884 1084 935 ,Ξάνθιοι
1113 884 1360 942 μαχόμενοι.
1417 888 1505 927 τῶν
1534 883 1580 927 δὲ
1608 886 1694 927 νῦν

433 969 614 1014 Λυκίων
642 965 850 1023 φαμένων
879 966 1088 1015 Ξανθίων
1124 962 1258 1018 εἶναι,
1305 965 1347 1007 οἱ
1376 963 1546 1011 πολλοὶ,
1584 961 1695 1020 πλὴν
1708 970 1752 1003 10

436 1045 689 1105 ὀγδώκοντα
718 1045 908 1097 ἱστιέων,
947 1045 1028 1088 εἶσὶ
1059 1044 1290 1101 ἐπήλυδες·
1330 1044 1376 1086 αἱ
1404 1042 1449 1086 ὁὲ
1479 1039 1697 1096 ὀγδώκον-

435 1144 490 1171 τα
519 1127 649 1170 ἱστίαι
678 1119 806 1168 αὗται
835 1124 987 1180 ἔτυχον
1014 1127 1250 1180 τηνικαῦτα
1288 1120 1596 1177 ἐκδημέουσαι,
1625 1119 1700 1163 καὶ

407 1205 557 1250 4οῧτω
587 1203 897 1260 περιεγένοντο.
928 1204 1006 1260 τὴν
1035 1203 1113 1259 μὲν
1141 1202 1194 1259 δὴ
1226 1200 1409 1250 Ξάνθον
1438 1198 1575 1250 οὕτως
1604 1198 1697 1254 ἔσχε
1740 1193 1755 1208 ”

413 1283 467 1330 56
486 1284 720 1340 Ἅρπαγος.
760 1284 1068 1339 παραπλησίως
1098 1283 1143 1326 δὲ
1173 1282 1245 1325 καὶ
1273 1278 1352 1336 τὴν
1382 1282 1564 1323 Καῦνον
1594 1279 1698 1334 ἔσχε.

437 1362 624 1419 καὶγὰρ
655 1364 700 1407 οἱ
737 1361 930 1407 Καύνιοι
964 1360 1069 1412 τούς
1115 1362 1308 1411 Λυκίους
1343 1357 1606 1415 ἐμιμήσαντο
1646 1355 1699 1401 τὰ
1712 1363 1757 1398 15

438 1441 565 1486 πλέω.

531 1520 594 1563 Τὰ
622 1519 703 1576 μέν
731 1534 816 1563 νυν
843 1515 961 1562 κάτω
983 1521 1058 1573 τῆς
1082 1514 1224 1573 Ἀσίης
1242 1515 1462 1572 ’Ἅρπαγος
1483 1513 1703 1559 ἀνάστατα

384 1694 528 1734 Arrian.
564 1692 738 1743 Expedit.
782 1689 979 1729 Alexandr.
1007 1689 1037 1738 Ι,

443 1804 509 1846 καὶ
536 1800 833 1855 κατειληθέντες
853 1800 893 1848 ἒς
921 1798 965 1840 τό
994 1796 1040 1839 α’-

390 1874 483 1910 στυ,
513 1857 732 1912 συνήλισαν
761 1874 797 1898 κ.
827 1873 860 1897 τ.
889 1856 949 1907 λ.]
981 1856 1040 1894 Ad

388 1915 684 1969 κατειληθέντες
703 1916 797 1954 conf.
826 1915 864 1962 Ι,
887 1914 952 1956 24.
973 1915 1040 1954 80.

389 1997 446 2005 -—
475 1972 694 2024 συνήλισαν
732 1971 1042 2020 (congregarunt)

390 2036 489 2070 reete
510 2030 676 2068 meliores
704 2028 797 2066 libri.
844 2027 942 2065 Male
959 2026 1042 2063 olim

393 2087 555 2126 nonnulli
586 2086 831 2135 συνείλησαν.
889 2083 949 2120 Ad
965 2095 1042 2120 rem

391 2145 510 2195 ipsam
534 2144 629 2181 conf.
653 2141 811 2193 Appian.
827 2139 917 2177 Bell.
939 2137 1042 2176 civil.

391 2201 456 2248 lv,
479 2203 532 2243 80
563 2200 676 2248 (tom.
696 2198 730 2235 ll
761 2210 847 2248 pag.
871 2197 952 2237 633
983 2195 1040 2232 ed.

393 2257 642 2305 Schweigh),
672 2254 734 2303 qui
767 2258 822 2291 ter
860 2251 1040 2290 xanthios

393 2314 515 2350 scribit
552 2317 625 2349 tam
663 2311 800 2348 illustre
840 2307 1042 2358 exemplum

392 2370 429 2406 in
449 2370 586 2407 tuenda
606 2368 770 2406 libertate
789 2366 957 2411 edidisse,
968 2363 1041 2414 pri-

392 2438 488 2462 mum
506 2425 625 2472 istud,
655 2424 754 2473 quod
779 2426 901 2459 narrat
924 2421 1042 2458 Hero-

392 2482 499 2519 dotus
509 2511 519 2529 ‚
541 2481 690 2519 alterum
707 2478 902 2516 Alexandri
913 2475 1042 2524 Magni

393 2541 575 2588 tempore,
604 2537 767 2582 tertium,
799 2547 878 2571 cum
910 2533 1041 2570 aBru-

394 2597 431 2630 to
470 2594 719 2641 Romanisque
765 2591 1040 2633 obsiderentur,

394 2649 441 2686 de
461 2662 533 2698 quo
557 2650 686 2688 codem
703 2648 804 2686 testis
826 2651 881 2684 est
899 2645 1041 2682 Plutar-

394 2704 479 2741 chus
498 2706 534 2742 in
555 2706 656 2742 Brut.
672 2717 758 2756 pag.
781 2704 862 2745 998
875 2731 885 2747 ‚
906 2701 940 2738 D
962 2700 1041 2737 coll.

392 2758 530 2797 Philon.
562 2761 673 2805 Quod
692 2760 808 2798 omnis
830 2758 939 2796 Prob.
956 2756 1039 2794 Lib.

391 2827 476 2865 pag.
498 2818 590 2857 883.

447 2869 515 2911 καὶ
535 2871 666 2912 ἔπειτα
687 2870 861 2924 ύπῆψαν
876 2893 922 2899 -
938 2869 1041 2912 καίε-

1107 1687 1227 1741 σθαι]
1250 1689 1420 1727 Infinitivi
1438 1687 1655 1726 abundantis
1682 1688 1759 1725 sere

1105 1759 1210 1782 usum
1230 1746 1398 1783 observat
1428 1745 1559 1782 Matth.
1587 1744 1652 1780 Gr.
1692 1743 1758 1781 Gr.

1108 1799 1145 1852 ξ.
1165 1802 1268 1848 535,
1286 1816 1305 1839 c
1333 1806 1409 1838 not.
1433 1804 1467 1842 1.
1504 1800 1687 1850 Equidem
1706 1799 1762 1837 lo-

1108 1871 1188 1894 cum
1217 1858 1267 1895 sic
1297 1857 1488 1908 explicem:
1529 1869 1608 1904 „ac
1639 1855 1762 1893 deinde

1107 1917 1223 1962 ignem
1242 1914 1456 1951 subiecerunt
1472 1927 1500 1950 s.
1520 1912 1761 1960 accenderunt,

1108 1973 1162 2007 ita
1181 1974 1219 2007 ut
1238 1974 1313 2007 tota
1333 1983 1401 2007 arx
1421 1971 1582 2021 flammis
1600 1969 1760 2006 absume-

1108 2029 1242 2064 retur.“
1272 2027 1347 2064 Ubi
1368 2027 1438 2064 iam
1459 2025 1546 2063 nihil
1569 2026 1761 2063 abundare

1108 2084 1261 2121 videtur.

1166 2141 1249 2178 τῶν
1268 2135 1310 2178 δὲ
1332 2139 1409 2177 νῦν
1439 2136 1606 2176 Λυκίων
1637 2132 1761 2186 φαμέ-

1109 2210 1191 2235 νων
1216 2194 1403 2236 Ξανθίων
1434 2190 1559 2243 εἶναι]
1590 2192 1648 2230 De
1683 2192 1762 2230 Ge-

1107 2252 1218 2289 nitivo
1245 2250 1456 2297 Ξανθίων,
1496 2250 1556 2298 qui
1586 2249 1761 2285 infinitivo

1109 2308 1275 2354 additur,
1305 2307 1443 2343 monuit
1463 2305 1593 2342 Matth.
1617 2303 1653 2355 ξ.
1678 2306 1761 2346 536

1109 2377 1195 2415 pag.
1229 2363 1347 2404 1053.
1405 2362 1455 2399 Et
1485 2363 1576 2399 cons.
1615 2373 1762 2411 quoque

1110 2421 1147 2467 1,
1168 2421 1232 2461 51.
1256 2440 1312 2447 —
1341 2419 1382 2456 In
1410 2431 1511 2468 seqq.
1536 2416 1656 2456 ἱστίαι
1678 2420 1763 2454 sunt

1110 2475 1406 2523 (aedes,‹lomus)
1431 2474 1611 2525 familiae.
1651 2474 1761 2511 Conf-

1108 2532 1154 2579 Υ,
1177 2533 1243 2574 40.
1273 2532 1345 2579 Vl,
1366 2533 1431 2573 86.

1249 2617 1281 2654 c
1295 2629 1315 2653 a
1326 2630 1362 2667 p.
1395 2613 1618 2653 chxvn.

1165 2697 1212 2739 τοὶ
1233 2699 1305 2752 μέν
1328 2715 1403 2740 νυν
1421 2695 1526 2738 κοῖτω
1545 2691 1761 2748 τῆςἎσίης

1097 2752 1298 2809 Ι’Ἅρπαγος
1319 2772 1353 2795 κ.
1374 2772 1405 2795 τ.
1425 2755 1475 2806 λ.]
1499 2751 1546 2794 τοὶ
1563 2749 1669 2792 κάτω
1689 2754 1760 2802 τῆς

1108 2808 1238 2863 Ἀσίης
1260 2828 1286 2850 s.
1310 2814 1514 2851 inferiorem
1545 2811 1653 2847 Asiae
1673 2821 1759 2858 par-

1108 2874 1181 2908 tem
1201 2871 1284 2908 dicit
1303 2883 1381 2909 eam
1395 2899 1406 2917 ‚
1427 2881 1522 2920 quae
1541 2866 1647 2916 vulgo
1667 2865 1757 2902 Asia
