1877 3223
151 700 234 727 nium
251 707 388 727 eversum
475 715 483 728 2

116 733 390 761 a.127o.neloniia
436 734 484 772 τη

118 767 250 794 narratio
297 766 390 794 Phoe·

117 801 223 827 uicum.

441 216 494 257 14
851 206 1314 249 HERODOTI

413 326 600 367 σσασθαι
641 320 690 364 τὸ
723 317 973 376 Ἑλληνικόν
1023 317 1150 372 σφίσι
1193 311 1305 358 εἶναι
1343 311 1563 369 πολέμιον.
1627 312 1718 370 Τήν

433 401 517 457 γὰρ
535 399 678 455 Ἀσίην
699 399 771 442 καὶ
801 397 854 441 τὰ
881 394 1124 441 ἐνοικέοντα
1145 395 1272 438 ἔθνεα
1291 392 1495 448 βάρβαρα
1515 392 1718 436 οἰκειεῦν-

434 496 505 522 ται
539 480 582 522 οῖ
616 478 800 533 Πέρσαι,
849 477 929 531 τὴν
966 474 1012 518 δὲ
1042 472 1266 528 Εὐρώπην
1296 471 1370 515 καὶ
1395 470 1444 514 τὸ
1465 469 1718 527 Ἑλληνικὸν

434 558 614 615 ἥγηνται
640 557 915 612 κεχωρίσθαι.

353 632 385 678 5
548 636 672 680 Οὕτω
715 635 793 688 μὲν
838 632 1004 687 Πέρσαι
1045 631 1219 687 λέγουσι
1250 628 1480 685 γενέσθαι,
1528 627 1602 670 καὶ
1645 625 1764 673 διᾶ7ο

391 905 532 950 τούτου
552 910 573 944 i.
593 922 624 946 e.
650 907 692 944 ab
718 920 754 944 eo
782 905 862 944 inde
889 910 1044 956 tempore,

393 967 451 1003 nbi
468 965 573 1013 vulgo
592 964 762 1013 supplent
785 959 942 1015 χρόνου.
964 963 1044 999 vid.

394 1023 502 1059 modo
528 1021 712 1059 Lambert.
731 1020 816 1056 Bos.
839 1020 896 1058 De
918 1019 1043 1068 Ellips.

392 1078 436 1115 L.
464 1079 527 1113 Gr.
561 1091 595 1127 p.
626 1077 706 1117 546
736 1090 790 1125 sq.
848 1075 1046 1113 Litcrulam

392 1130 424 1172 τ’
449 1138 531 1171 ante
556 1132 632 1171 αἰεὶ
655 1132 771 1168 invitis
794 1132 891 1169 libris
923 1145 944 1168 a
969 1132 1047 1180 qni-

394 1190 546 1226 busdam
564 1190 733 1225 insertam
751 1202 830 1225 cum
847 1188 1047 1235 Schweigh.

393 1249 429 1281 et
465 1245 581 1280 Gaiss.
622 1244 729 1290 eieci,
774 1257 864 1293 quos
899 1245 1049 1281 eosdem

393 1304 537 1337 secutus
567 1301 652 1337 dedi
683 1311 795 1349 σφισι
819 1313 887 1351 pro
912 1311 1050 1350 σφισιν

394 1371 424 1393 s.
452 1369 533 1405 σφι.

450 1441 523 1494 τήν
541 1441 613 1495 γᾰρ
631 1439 763 1493 Ἀσίην
782 1441 848 1482 καὶ
877 1439 925 1481 τά
951 1441 1048 1482 ἔνοι-

393 1500 533 1541 κὲοντα
563 1499 683 1539 ἔθνεα
721 1494 904 1550 βάρβαρα
935 1499 1050 1538 οἰκει-

397 1561 531 1597 εὗνται
564 1556 604 1595 οἱ
635 1554 807 1605 Πέρσαι]
849 1556 907 1593 De
934 1557 1050 1592 sonna

397 1614 635 1654 οἰκειεῦνται
662 1614 705 1649 cf.
731 1613 779 1648 ad
807 1612 841 1658 1,
872 1612 936 1653 94.
977 1612 1050 1648 Ex-

394 1670 528 1721 pressit
555 1670 670 1706 Schw.
699 1668 788 1705 haec
814 1669 879 1704 ita:
911 1668 989 1714 „acl
1016 1681 1050 1704 se

388 1729 560 1776 pertinere
627 1726 817 1761 autumant
883 1724 1047 1761 Persaef‘

400 1782 568 1820 wessel.:
606 1780 768 1828 „Persae
803 1794 925 1818 suum
954 1794 1050 1818 esse

387 1839 573 1889 serebant,
638 1852 654 1873 s
670 1839 684 1872 ι’
702 1837 720 1872 b
742 1840 756 1873 ι’
772 1850 791 1886 c]
809 1851 829 1873 ιι
848 1850 864 1873 e
922 1850 1049 1873 omnem

394 1896 535 1941 Asiam,
575 1906 748 1929 armorum
777 1896 852 1929 iure
885 1907 907 1929 a
940 1896 1048 1930 maio-

393 1952 491 1987 ribus
544 1953 770 1997 occupatam,
833 1950 1048 1986 vindica-

394 2007 520 2043 bwu‘f‘
562 2006 660 2041 Idem
685 2005 773 2041 haec
794 2004 923 2041 Nostri
938 2007 1047 2042 verba

394 2063 560 2099 disertius
601 2060 784 2097 declarant
823 2061 897 2107 IX,
948 2064 1046 2102 116:

394 2115 501 2167 ,,τή“ν
525 2113 656 2164 Ἀσίην
685 2118 817 2154 πᾶσαν
843 2117 1048 2167 νομίζουσι

394 2174 545 2213 ἑαυτῶν
570 2171 719 2222 Πέρσαι
749 2168 851 2211 εἶναι
877 2171 943 2211 καὶ
975 2175 1047 2211 τοῦ

395 2229 473 2268 αἰεὶ
495 2223 813 2279 βασιλεύοντος.“
842 2228 891 2264 Et
914 2230 1047 2265 faciunt

395 2287 463 2323 huc
487 2298 528 2322 ea
552 2297 696 2332 quoqne
719 2284 846 2329 xerba,
877 2296 969 2332 qnae
985 2298 1045 2320 sn-

394 2355 462 2392 pra
479 2341 645 2388 leguntur
664 2339 801 2375 addita:
834 2338 956 2387 σφέας
974 2338 1045 2389 μὲν

397 2395 470 2448 δὴ,
516 2393 629 2441 τούς
670 2394 716 2434 ἐκ
754 2397 840 2444 τῆς
876 2390 1044 2446 Ἀσίης,

395 2453 561 2505 λέγουσι.
598 2452 666 2487 Est
693 2464 778 2487 vero
803 2451 891 2488 haec
912 2453 1046 2501 prinia-

397 2511 450 2546 ria
474 2509 577 2558 quasi
609 2508 786 2544 sententia
819 2508 866 2544 ad
890 2508 1046 2545 orienta-

395 2565 480 2602 lium
494 2564 695 2601 istiusmodi
722 2576 914 2611 regnoriun
937 2565 1046 2601 ratio-

398 2635 463 2659 nes
487 2620 735 2668 intelligendus
762 2620 926 2669 adeoque
956 2621 1045 2658 Per-

397 2678 460 2714 sici
491 2677 593 2725 regni
633 2676 874 2713 conditionem
903 2678 1045 2727 perspi-

398 2734 583 2777 ciendam3
650 2733 785 2781 qnippe
837 2733 884 2769 ad
936 2746 1045 2781 qnam

398 2789 518 2826 omnia
541 2790 664 2827 referri
683 2789 839 2826 debeant
858 2790 959 2837 regni
991 2790 1044 2826 in-

399 2847 522 2883 stituta
563 2857 605 2883 ac
646 2844 845 2897 principum
887 2846 1047 2894 consilia,

489 714 651 758 νἸλίου
680 713 844 757 ἅλωσιν
872 710 1124 767 εὑρίσκουσι
1144 711 1268 766 σφίσι
1289 709 1449 752 ἐοῦσαν
1476 707 1556 764 τὴν
1581 703 1720 762 ἀρχὴν

1103 908 1254 943 notante
1293 903 1497 950 Heerenm,
1543 902 1656 941 Ideen
1695 905 1762 940 etc.

1101 961 1138 1008 1,
1186 964 1206 1001 1
1255 974 1290 1010 p.
1336 961 1438 1007 476,
1494 964 1603 1008 atque
1648 959 1756 996 etiam

1104 1018 1309 1063 Creuzem,
1359 1017 1418 1064 qni
1464 1016 1635 1052 admonet
1673 1015 1759 1051 anni

1106 1076 1212 1114 1281
1245 1086 1316 1122 qno
1340 1071 1455 1108 Troia
1470 1072 1621 1108 obsessa
1636 1072 1762 1117 fertur,

1107 1134 1144 1166 et
1168 1131 1268 1175 559,
1300 1141 1371 1177 quo
1401 1141 1496 1164 anno
1531 1127 1649 1176 Cyrus
1670 1126 1761 1164 Per-

1107 1198 1230 1222 sarum
1259 1197 1331 1222 rex.
1379 1185 1491 1221 Cuius
1520 1183 1645 1220 siinilia
1674 1195 1761 1220 con-

1107 1241 1186 1277 silia
1214 1241 1443 1289 eandemque
1469 1240 1571 1287 regni
1599 1239 1757 1277 indolem

1107 1311 1186 1333 cum
1208 1297 1447 1346 reperiamus,
1485 1296 1582 1333 hand
1605 1296 1678 1332 scio
1711 1308 1759 1332 an

1107 1354 1183 1389 eius
1211 1366 1361 1400 regnum
1387 1352 1483 1388 haud
1514 1364 1663 1400 prorsus
1692 1364 1760 1387 no·-

1105 1421 1188 1444 vum
1225 1408 1435 1454 existimari,
1485 1420 1593 1456 qnam
1637 1407 1759 1457 potius

1106 1464 1349 1500 continuatum
1373 1477 1392 1499 e
1420 1464 1530 1514 priori
1551 1463 1619 1499 dici
1635 1467 1760 1513 queat,

1105 1525 1243 1557 mutato
1271 1525 1409 1556 tantum
1441 1533 1528 1568 rege
1555 1520 1631 1556 sive
1657 1520 1758 1569 prin-

1106 1577 1186 1626 cipe
1223 1589 1372 1613 summo.
1441 1576 1499 1613 De
1536 1588 1608 1624 qno
1638 1580 1760 1613 tamen

1106 1633 1186 1682 ipso
1207 1634 1393 1683 disputare
1414 1631 1560 1680 longum
1584 1636 1660 1676 est3
1689 1633 1760 1669 vid.

1105 1702 1198 1737 qnae
1265 1689 1420 1726 disserui
1501 1688 1548 1724 ad
1613 1688 1760 1726 Ctesiae

1105 1747 1223 1792 sragg.
1246 1759 1280 1794 p.
1304 1747 1355 1785 86
1377 1758 1457 1793 sqq.
1496 1743 1650 1781 Faciunt
1686 1746 1761 1781 sor-

1106 1805 1205 1837 tasse
1244 1802 1312 1837 huc
1347 1814 1412 1847 ea,
1460 1813 1553 1849 qnae
1596 1801 1642 1837 de
1681 1799 1769 1837 Nini

1106 1870 1222 1904 regno
1255 1862 1399 1893 enarrat
1438 1856 1588 1893 Diodor.
1620 1855 1654 1892 H
1691 1857 1768 1894 init.

1105 1914 1205 1961 qnod
1243 1913 1346 1949 simul
1385 1912 1494 1949 Asiae
1531 1913 1678 1948 minoris
1711 1926 1770 1951 re·-

1105 1969 1259 2017 ςίυιιος,
1310 1968 1521 2014 Troadem,
1560 1968 1770 2017 Phrygiam,

1105 2024 1198 2070 alia,
1239 2024 1463 2074 complexum
1493 2025 1608 2062 suerit.
1668 2025 1760 2068 Qui-

1105 2081 1255 2117 buscum
1283 2081 1345 2117 Cr.
1377 2080 1560 2128 coniungit
1587 2079 1679 2117 Plat.
1711 2083 1761 2118 de

1102 2136 1220 2184 Legg.
1250 2150 1285 2186 p.
1317 2136 1421 2182 685,
1451 2135 1494 2171 C.
1532 2148 1562 2171 s·
1599 2149 1635 2185 p.
1675 2139 1759 2178 296

1103 2192 1223 2228 Bekis.

1158 2254 1327 2310 ’ἥγηνται
1364 2257 1629 2308 κεχωρίσθαι]
1669 2257 1759 2297 Per-

1102 2315 1194 2350 fecto
1222 2320 1261 2350 ut
1289 2319 1480 2363 praesente
1517 2316 1591 2352 sere
1622 2314 1759 2354 Noster

1101 2370 1233 2413 ntitur3
1270 2371 1369 2418 qnod
1403 2383 1476 2406 non
1505 2371 1599 2419 sugit
1626 2371 1758 2409 Matth.

1104 2426 1167 2461 Gr.
1201 2426 1265 2461 Gr.
1306 2424 1341 2476 ἓ.
1372 2427 1464 2467 505.
1499 2426 1550 2464 ΙΙΙ
1586 2441 1622 2477 p.
1660 2427 1755 2469 959.

1102 2481 1159 2518 De
1192 2481 1532 2532 plusquamperseeti
1577 2496 1645 2520 usu
1688 2496 1756 2535 pro

1102 2538 1311 2589 imperfecto
1341 2539 1383 2575 cs.
1406 2538 1442 2585 I,
1471 2541 1536 2580 79.

1328 2649 1359 2687 C
1372 2663 1438 2701 ap.
1467 2650 1512 2688 V.

1159 2729 1262 2773 οὕτω
1298 2731 1369 2785 μὲν
1417 2732 1568 2786 Πέρσαι
1601 2733 1758 2788 λέγουσι

1102 2789 1288 2842 γενέσθαι
1327 2790 1395 2831 καὶ
1437 2789 1502 2830 διὰ
1539 2789 1614 2844 τὴν
1641 2790 1757 2832 Ἰλίου

1104 2843 1251 2887 ἅλωσιν
1278 2862 1313 2888 κ.
1337 2862 1369 2887 τ.
1398 2849 1447 2894 λ.]
1479 2848 1592 2894 Quod
1613 2849 1757 2900 insigne
