1877 3223
425 243 481 282 74
831 239 1293 279 HERODOTI

426 353 507 395 τοῦ
540 351 760 406 Κροίσου·
791 349 892 406 μετοὲ
926 349 995 403 δὲ,
1027 347 1165 405 ἡμέρῃ
1192 349 1312 404 τρίτῃ
1344 346 1371 404 ἢ
1403 348 1602 405 τετάρτῃ,
1638 363 1751 401 »ιε-30

426 427 658 481 λεύσαντος
689 431 908 483 Κροίσου,
949 429 1026 472 τὸν
1055 427 1242 472 Σόλωνα
1269 425 1533 481 θεράποντες
1560 429 1703 481 περιῆ.

425 525 506 565 γον
535 507 642 551 κατά
667 509 773 559 τούς
808 507 1086 564 θησαυρούς,
1127 508 1201 551 καὶ
1230 505 1535 549 ἐπεδείκνυσαν
1564 503 1706 548 πάντα

403 587 554 634 3ἐόντα
580 586 742 643 μεγάλα
773 603 817 631 τε
849 587 919 630 καὶ
957 587 1093 642 ὄλβια.
1153 583 1436 641 θηησοὲμενον
1477 583 1522 627 δέ
1555 599 1629 639 μιν
1655 583 1707 626 τὰ

426 665 568 710 πάντα
589 665 662 708 καὶ
683 665 953 722 σκεψάμενον
977 665 1034 716 ὥς
1061 666 1105 708 οἱ
1122 663 1230 708 κατὰ
1248 664 1402 719 καιρόν
1423 659 1494 720 ἦν,
1527 664 1660 716 εἴρετο
1682 659 1705 703 ὁ

403 747 620 798 4Κροῖσος
635 742 761 787 τάδε·
795 745 951 795 ,,Ξεῖνε
971 743 1193 800 Ἀθηναῖε,
1225 742 1329 799 παρ’
1351 741 1482 800 ἡμέας
1504 743 1585 798 γὰρ
1608 740 1750 797 περὶ35

426 856 451 875 ,,
464 823 535 866 σέο
574 821 704 878 λόγος
731 820 910 866 ἀπῖκται
937 823 1116 875 πολλὸς,
1152 823 1226 867 καὶ
1253 825 1409 879 σοφίης
1443 823 1602 865 εἵνεκεν
1630 824 1706 877 τῆς
1766 827 1818 872 14

426 905 539 959 ,,σῆς
559 903 632 945 καὶ
653 900 830 958 πλάνης,
861 902 919 953 ὠς
939 901 1219 958 φιλοσοφέων
1237 906 1319 958 γῆν
1335 900 1500 957 πολλήν
1519 902 1708 956 θεωρίης

403 983 621 1033 5,,εἴνεκεν
645 980 926 1038 ἐπελήλυθας.
966 985 1049 1025 νῦν
1077 975 1138 1024 ὧν
1172 982 1319 1036 ἵμερος
1355 981 1601 1035 ἐπείρεσθαί
1632 995 1708 1035 μοι

381 1169 507 1211 decem
529 1172 786 1224 Olympiadum
806 1183 955 1208 numero
967 1170 1031 1207 ab·

382 1241 527 1267 errasse
538 1229 758 1267 Niebuhrius
779 1231 914 1265 statuat
924 1227 1031 1264 Ri'nn.

382 1285 520 1323 Gesch.
538 1286 554 1322 I
574 1299 610 1335 p.
633 1286 714 1327 579
736 1285 792 1321 ed.
815 1297 910 1332 sec.,
926 1294 1034 1333 quem

382 1341 498 1379 locum
532 1341 563 1379 C
569 1354 596 1378 r.
628 1342 756 1379 debeo.

438 1436 497 1474 De
524 1436 668 1483 Amasi,
706 1434 912 1484 Aegyptiac
937 1447 1037 1482 rege,

382 1493 499 1531 minor
526 1491 738 1538 difficultas,
769 1491 905 1542 quippe
929 1503 1036 1540 quein

385 1562 482 1587 anno
510 1548 592 1589 570
630 1561 662 1585 a.
692 1547 778 1584 Chr.
808 1547 855 1583 ad
883 1560 1035 1595 regnum

386 1611 547 1644 evectum
568 1617 673 1652 csse,
702 1607 873 1640 constans
892 1604 966 1640 sere
979 1607 1034 1640 est

382 1674 478 1698 nunc
499 1661 688 1697 doctorum
707 1659 863 1695 virorum
887 1664 1033 1696 senten-

382 1718 446 1756 tia.
503 1717 596 1754 Vide
617 1716 698 1763 Tu,
719 1719 864 1766 praeter
876 1715 1034 1752 Larchc-

384 1786 464 1810 rum
509 1785 550 1809 ac
604 1772 815 1818 Volneium,
872 1771 1034 1820 inprimis

383 1828 542 1866 Schultz.
562 1828 584 1864 l.
607 1828 631 1866 l.
657 1842 694 1879 p.
718 1830 771 1869 27
793 1830 869 1865 not.
898 1827 963 1868 48.
981 1849 1033 1853 -—

382 1885 426 1922 ln
464 1884 622 1922 clausula
659 1884 815 1930 addam,
854 1883 948 1920 hanc
988 1884 1034 1920 de

382 1940 530 1978 Solonis
559 1952 640 1977 cum
668 1940 808 1976 Croeso
835 1952 1035 1987 congressu

382 1997 625 2035 narrationem
659 1994 849 2032 memorari
888 2007 1036 2043 quoquc

384 2066 408 2091 a
437 2051 590 2090 Diodor.
625 2051 660 2088 in
697 2052 881 2101 Excerptt.
919 2063 1034 2100 nuper

384 2108 558 2154 detectis3
596 2109 667 2146 vid.
698 2106 794 2156 Ang.
826 2105 916 2145 Mai.
949 2120 1033 2143 nov.

385 2166 524 2214 scriptt.
546 2163 683 2203 collect.
716 2164 752 2201 T
755 2178 826 2201 orn.
856 2164 887 2200 Il
918 2177 954 2213 p.
980 2163 1031 2204 14

386 2219 425 2272 ἓ.
449 2224 500 2262 17
521 2220 602 2258 coll.
626 2219 662 2272 ἓ.
677 2223 742 2262 26.
768 2224 817 2263 27
842 2234 878 2271 p.
891 2221 1033 2270 235cq.

431 2319 495 2366 θη
508 2330 533 2365 η
549 2326 571 2354 σ
582 2311 728 2366 (ἔμενον
743 2314 784 2355 δέ
795 2331 868 2380 μιν.
875 2313 921 2354 τὰ
934 2311 1036 2355 πάν-

387 2370 458 2422 τα]
498 2368 760 2437 θηησάμενον
803 2373 928 2423 scripsi
968 2386 1036 2422 pro

387 2423 594 2479 θεησᾶμει
599 2443 643 2467 ον
681 2442 761 2466 cum
799 2429 930 2479 Schwg„
919 2430 968 2466 h.
1000 2432 1037 2466 et

391 2485 510 2522 Gaiss.
537 2486 753 2534 optiniomni
772 2485 970 2522 librorum
962 2498 1033 2520 ius-

389 2555 443 2579 su.
500 2541 532 2577 Χ
536 2542 582 2577 id.
611 2542 658 2577 ad
686 2542 721 2588 l,
754 2545 804 2582 10
838 2546 911 2578 not
903 2546 949 2579 tt
980 2563 1033 2567 —

391 2597 449 2635 De
470 2598 643 2646 particula
660 2613 732 2650 γαρ
759 2612 794 2635 in
807 2611 910 2648 seqq
925 2592 1034 2646 ;παρ’

391 2652 500 2704 ηιιᾶς
522 2650 595 2705 γὰρ
617 2653 705 2705 περὶ
728 2653 792 2694 σέο
816 2650 926 2706 λόγος
944 2649 1031 2692 οἷπῐ-

391 2724 479 2749 κται
515 2711 607 2747 conf.
648 2725 758 2761 supia
787 2711 832 2748 ad
854 2712 889 2759 l,
919 2713 955 2751 8.
979 2709 1031 2751 24

392 2766 586 2816 disputata.
646 2767 733 2804 l’ost
751 2772 869 2804 autem
888 2767 1035 2804 retinui-

393 2836 494 2860 mus:
523 2822 772 2872 φιλοσοφέων
795 2826 870 2875 γῆν
886 2820 1035 2873 πολλήν

394 2879 471 2917 loco
490 2881 560 2931 τῆς
578 2881 743 2931 πολλῆς,
762 2882 860 2930 quod
873 2881 1034 2918 Gronox.

1098 1171 1178 1208 iure
1210 1170 1281 1207 iam
1311 1169 1503 1220 expunxit,
1533 1168 1647 1207 edens
1679 1164 1754 1220 τήν

1101 1222 1265 1277 πολλήν.
1322 1225 1371 1263 At
1393 1228 1469 1277 γῆν
1499 1222 1650 1276 πολλήν
1679 1239 1753 1264 me-

1103 1284 1212 1321 liores
1244 1283 1333 1319 dant
1364 1282 1456 1320 libri.
1515 1283 1622 1318 Conf.
1644 1282 1753 1321 W‘Ves-

1104 1340 1234 1388 seling.
1264 1339 1313 1375 ad
1342 1339 1377 1376 h.
1401 1338 1423 1375 l.
1453 1342 1489 1375 et
1515 1338 1685 1387 Schwgh.
1716 1339 1752 1376 in

1106 1396 1191 1432 var.
1212 1395 1314 1433 Lect.
1372 1394 1430 1432 De
1450 1407 1488 1431 re
1510 1395 1590 1443 ipsa
1619 1395 1666 1431 ad
1689 1408 1754 1431 vo-

1105 1466 1182 1490 cem
1213 1449 1466 1499 φιλοσοφέων
1509 1450 1574 1487 Cr.
1615 1452 1755 1489 confert

1104 1520 1199 1558 quac
1207 1507 1422 1544 Plutarchus
1435 1507 1595 1555 disputat
1604 1505 1752 1545 Morall.

1102 1579 1139 1616 p.
1167 1567 1234 1611 77,
1262 1563 1310 1601 D.
1342 1563 1387 1600 E.
1444 1562 1514 1599 Est
1544 1563 1638 1600 enim
1664 1563 1754 1601 haec

1102 1634 1170 1657 vox
1193 1625 1319 1657 nostro
1341 1620 1377 1656 in
1400 1619 1477 1655 loco
1503 1618 1619 1655 latiori
1641 1632 1751 1656 sensu

1101 1677 1312 1726 accipienda
1340 1676 1385 1712 (le
1409 1674 1504 1711 omni
1526 1675 1633 1711 animi
1651 1687 1750 1713 men-

1102 1735 1222 1781 tisque
1246 1745 1329 1770 cura
1349 1744 1391 1768 ac
1413 1731 1534 1767 studio
1559 1744 1751 1769 carunire-

1101 1803 1199 1833 rum,
1229 1801 1321 1837 quas
1334 1788 1515 1824 hominem
1535 1787 1626 1825 scire
1642 1800 1753 1837 opor-

1102 1850 1166 1883 tet.
1206 1844 1318 1881 Addit
1338 1844 1403 1880 Cr.
1423 1843 1540 1880 locum
1566 1843 1748 1881 lamblich.

1103 1902 1150 1939 de
1179 1901 1252 1938 vit.
1280 1900 1479 1948 P3thagor.
1508 1913 1537 1937 c.
1561 1899 1674 1951 lll§.
1702 1900 1752 1941 14

1102 1971 1138 2007 p.
1161 1960 1208 1997 11
1232 1957 1292 1993 ed.
1314 1957 1473 2002 Riister,
1501 1956 1561 1992 ubi
1581 1956 1693 1994 multa
1709 1955 1751 1993 il-

1101 2013 1135 2050 le
1172 2012 1309 2062 templa
1346 2012 1469 2049 scribit
1506 2012 1752 2062 Pythagoram

1102 2069 1236 2107 adiisse
1257 2067 1368 2121 ἔρωτι
1390 2067 1456 2108 καὶ
1479 2063 1598 2119 ὀρέξει
1629 2073 1689 2108 θε
1703 2083 1750 2107 ω-

1102 2141 1123 2177 ρ
1137 2125 1151 2164 ί
1164 2141 1188 2164 α
1199 2140 1230 2172 ς.

1160 2206 1237 2242 νῦν
1265 2197 1321 2242 ὧν
1356 2202 1490 2254 ἵμερος
1520 2202 1752 2254 ἐπείρεσθαί

1106 2274 1174 2311 μοι
1193 2259 1363 2309 ἐπῆλθε]
1396 2259 1631 2309 Plerumque:
1651 2259 1750 2300 ἐπεί-

1106 2316 1248 2369 ρεσθαί
1268 2329 1313 2365 με
1345 2314 1496 2366 ἐπῆλθέ
1528 2329 1580 2356 σε.
1640 2317 1751 2360 Quod

1105 2387 1172 2410 nos
1194 2373 1381 2419 dedimus,
1409 2372 1575 2410 meliores
1593 2373 1750 2411 offerunt

1101 2429 1201 2476 libri,
1231 2429 1477 2467 consentiente
1507 2429 1748 2466 valcke11.ad

1101 2486 1185 2529 vll,
1205 2485 1256 2526 46
1281 2498 1321 2522 ac
1352 2485 1606 2523 recentioribus
1633 2486 1748 2523 edito-

1099 2543 1220 2587 ribus,
1260 2542 1389 2591 quibus
1428 2543 1524 2579 addo
1560 2542 1746 2590 Wjstenb,

1102 2600 1137 2634 in
1159 2597 1306 2635 Seli-eu.
1332 2599 1473 2635 historr.
1497 2612 1532 2648 p.
1553 2597 1658 2645 346,
1687 2599 1747 2648 qui

1099 2654 1214 2690 simile
1236 2655 1419 2705 Euripidis
1438 2653 1544 2701 illud,
1562 2654 1660 2692 Med.
1673 2656 1747 2696 56:

1103 2706 1202 2748 ὥσθ’
1221 2706 1355 2761 ἵμερός
1375 2705 1411 2761 μ’
1428 2709 1587 2761 ’ὑπῆλθε
1609 2726 1644 2749 κ.
1662 2726 1694 2749 τ.
1712 2715 1744 2750 λ.

1101 2767 1243 2814 laudat,
1274 2772 1441 2817 recteque
1468 2768 1590 2804 vertit:
1621 2780 1746 2814 „nunc

1102 2825 1214 2870 igitur
1234 2836 1282 2860 me
1313 2824 1488 2874 cupiditas
1520 2825 1678 2870 incessit,
1707 2828 1746 2861 ut

1105 2883 1136 2916 te
1157 2883 1401 2930 interrogem.“
1430 2881 1489 2919 De
1500 2881 1620 2918 dativo
1639 2892 1744 2932 prae-
