1909 3228
684 220 901 258 CLlO.
945 221 972 258 I.
1371 222 1451 262 361

201 345 267 371 τοι
286 327 497 385 Ἑλλήνων
527 328 780 385 ἐχρήσαντο·
811 329 881 372 καὶ
911 327 987 372 τόν
1015 345 1060 372 τε
1085 326 1259 384 Ἀδρίην
1281 329 1451 386 καὶτήν

203 410 450 464 Τυρσηνίην
473 410 544 452 καὶ
562 407 641 464 την
656 408 839 465 Ἰβηρίην
860 408 932 453 καὶ
951 407 1028 452 τόν
1057 406 1306 464 Ταρτησσὸν
1328 401 1453 452 οὗτοί

199 613 268 653 καὶ
289 611 360 654 τόν
375 630 415 654 τε
442 608 598 666 Ἀδρίην
626 613 693 653 καὶ
718 612 792 666 τήν

151 671 376 721 Τυρσηνίην
408 670 476 710 καὶ
515 668 588 721 τήν
621 666 792 721 Ἰβηρίην

146 726 214 766 καὶ
233 724 297 766 τὸν
323 724 549 778 Ταρτησσόν
569 742 602 765 κ.
616 741 647 766 τ.
661 728 708 778 L]
726 725 792 766 τὸν

145 779 304 834 Ἀδρίην
324 784 405 821 hinc
424 796 517 820 mare
540 784 695 821 indicare
717 784 792 821 sive

144 843 256 876 sinum
291 839 512 877 Adriaticum
550 844 635 889 apte
670 844 793 877 monet

144 895 356 933 Larcherus.
413 895 553 933 Dicitur
572 896 666 932 enim
690 895 710 935 ὅ
733 892 791 934 Ἀ-

145 951 258 1001 δρίας
297 952 415 999 sium,
466 949 495 1003 ἦ
526 947 657 1000 Ἀδρία
692 953 791 999 urbs,

143 1012 289 1045 auctore
343 1008 531 1058 Stephano
576 1008 791 1056 Byzantino.

143 1063 225 1101 Nec
248 1064 445 1112 quidquam
477 1065 603 1111 rideo7
633 1079 695 1102 cur
722 1062 792 1104 τόν

143 1115 304 1170 Ἀδρίην
328 1120 384 1157 hic
400 1121 516 1156 minus
540 1122 586 1158 de
616 1121 695 1171 ipso
717 1135 793 1158 ma-

145 1177 174 1213 ri
197 1189 304 1225 quam
335 1177 381 1214 de
398 1178 604 1225 regionibus
625 1178 793 1215 adiacen-

144 1232 238 1269 tibus
257 1233 338 1269 huic
365 1234 453 1269 mari
486 1247 514 1270 s.
541 1235 587 1271 de
608 1233 710 1271 litore
739 1239 794 1271 at-

145 1301 216 1337 que
235 1301 298 1325 ora
318 1290 363 1325 sit
380 1289 661 1338 intelligendum.
691 1290 792 1326 Con-

145 1345 261 1381 tendit
278 1346 423 1394 quidem
442 1347 649 1396 nuperrime
679 1346 722 1382 C.
743 1347 788 1383 O.

143 1400 284 1438 Miiller.
308 1400 489 1448 (Etrusco.
508 1402 524 1437 I
541 1415 577 1452 p.
593 1401 706 1449 140),
729 1414 790 1438 eas

143 1457 311 1505 regiones
338 1457 534 1507 paludosas
571 1470 613 1494 ac
643 1462 791 1506 stagno-

144 1525 202 1549 sas
221 1512 389 1562 intelligi,
418 1526 508 1563 quas
537 1513 659 1551 Padus
689 1518 725 1550 et
740 1513 791 1550 A-

143 1569 230 1617 digo
250 1574 458 1620 permeant,
487 1583 586 1607 mare
611 1573 790 1620 petentes.

144 1626 339 1676 Ipsamque
369 1639 494 1664 vocem
530 1626 685 1664 Etrusco
717 1640 790 1664 ser-

145 1694 252 1719 mone
293 1681 365 1718 vult
400 1682 583 1720 declarare
622 1695 794 1732 aquarum

145 1750 355 1775 concursum,
366 1760 422 1766 —
433 1739 537 1782 Quae
548 1740 708 1787 sequitur
721 1743 794 1776 ter-

147 1806 188 1831 ra
218 1794 441 1846 Τυρσηνίη,
470 1807 543 1830 non
568 1796 614 1832 de
646 1794 794 1831 Etruria

146 1849 240 1896 una,
280 1863 400 1887 verum
438 1851 485 1887 de
531 1851 628 1887 omni
674 1850 790 1896 Italia⁷

147 1918 255 1956 quam
288 1919 355 1943 nos
402 1906 572 1953 dicimus,
613 1907 791 1955 accipien-

148 1964 251 2008 dum,
281 1963 380 2011 quod
398 1963 557 2012 pluribus
580 1962 791 1998 monstravit

145 2019 312 2056 Bredow.
328 2019 366 2054 in
378 2018 603 2066 Uranologia
610 2032 645 2068 p.
655 2017 790 2054 XXIV.

149 2075 269 2118 Quam
295 2075 390 2112 enim
418 2088 485 2112 nos
515 2074 621 2122 vulgo
641 2074 788 2110 dicimus

146 2131 307 2178 Italiam,
341 2143 385 2168 ea
417 2132 537 2180 potius
565 2129 791 2178 Tyrrheniae

148 2192 204 2225 est
224 2200 308 2237 pars
327 2187 530 2224 Herodoto.
586 2186 644 2223 De
664 2184 794 2232 Iberia,

148 2256 242 2293 quae
257 2244 434 2294 Hispania
460 2248 537 2290 est,
552 2255 699 2280 monere
721 2255 794 2278 non

148 2301 286 2337 attinet.
325 2300 383 2337 De
408 2298 591 2347 Tadesso,
613 2299 701 2348 quid
721 2302 795 2335 sta-

149 2360 257 2404 tuas,
295 2356 471 2393 difficilius
519 2357 664 2404 utique,
714 2367 794 2392 Cum

149 2413 253 2450 huius
276 2413 429 2449 nominis
460 2416 496 2450 et
521 2412 649 2449 fluvius
681 2415 718 2447 et
739 2411 794 2446 in-

153 2468 229 2505 sula
260 2472 296 2505 et
324 2469 404 2518 ipsa
428 2469 529 2517 regio
544 2468 600 2505 vel
621 2467 795 2517 oppidum

153 2527 336 2570 occurrat,
372 2537 439 2562 nec
474 2524 542 2561 loci
571 2528 645 2560 tam
667 2523 796 2560 remoti

156 2580 243 2616 situs
280 2584 442 2616 accurate
483 2580 624 2617 definiri
675 2583 794 2627 queat.

155 2635 252 2673 Nam
263 2635 496 2672 orientalibus
514 2635 716 2672 hominibus
728 2635 795 2672 1106

156 2691 192 2728 T
195 2691 324 2728 artessi
359 2692 500 2727 nomine
529 2691 674 2727 omnino
702 2691 795 2727 indi-

156 2751 282 2784 cantur
312 2746 388 2783 loca
418 2747 654 2784 remotissima
686 2759 797 2795 quae-

156 2815 227 2852 que
245 2803 466 2840 occidentem
490 2816 624 2840 versus.
680 2802 798 2840 Phoe-

157 2859 294 2897 nicibus
324 2859 565 2898 meridionalis
600 2858 797 2910 Hispaniae

1505 339 1620 370 ttonee:

1505 373 1598 402 ῑΙιοιιῑί
1614 374 1692 408 regia
1703 374 1780 402 Tar-

1505 408 1780 436 tessiorumlibora-

1508 440 1592 467 litate
1629 450 1729 468 murus
1763 450 1782 470 a

1666 342 1779 374 Argan-

1504 473 1742 503 Phocaeensibus

1507 507 1693 537 aedificatus.

859 627 943 665 pars
987 614 1130 652 subdita
1160 613 1337 652 communi
1371 626 1508 663 cogno-

859 671 954 709 mine
991 671 1059 708 hoc
1111 671 1309 708 innotuisse
1356 671 1508 718 videtur,

858 728 955 764 unde
975 727 1124 775 intelligi
1141 730 1275 776 potest,
1296 728 1359 775 qui
1374 727 1508 765 factum

859 785 926 830 sit,
942 788 981 819 ut
1000 787 1035 820 et
1052 784 1179 819 fluvius
1193 788 1228 820 et
1248 782 1364 818 insula
1381 783 1507 834 etipsa

860 840 960 887 regio
988 840 1060 876 tale
1086 852 1218 876 nomen
1253 839 1414 888 accipere
1439 853 1507 889 po-

859 896 977 933 tuerit.
1036 896 1178 939 Quodsi
1202 895 1298 932 enim
1327 896 1373 932 de
1399 895 1508 933 fluvio

862 965 1001 998 5611110,
1039 951 1248 1000 intelligitur
1278 951 1400 987 Baetis
1433 952 1508 989 sive

861 1008 1140 1056 Guadalquivir3
1169 1008 1230 1057 qui
1248 1007 1308 1043 ubi
1343 1007 1380 1043 in
1406 1020 1507 1045 mare

860 1064 1018 1101 infundit
1036 1065 1128 1101 binis
1147 1065 1246 1100 ostiis
1260 1092 1269 1110 ‚
1289 1062 1403 1099 insula
1422 1064 1507 1100 inde

861 1122 1034 1167 efficitur,
1051 1121 1087 1156 in
1106 1133 1176 1169 qua
1195 1119 1361 1156 Tartessi
1383 1120 1507 1156 urbem

859 1178 993 1213 Strabo
1027 1177 1139 1226 ponit.
1197 1175 1246 1212 Et
1283 1175 1332 1212 sic
1361 1176 1507 1213 nomine

858 1233 927 1270 1106
950 1233 1052 1269 latius
1082 1236 1250 1283 serpente
1276 1236 1352 1268 tum
1384 1232 1506 1280 regio-

859 1302 942 1326 nem
963 1289 1092 1335 istam,
1121 1294 1196 1325 tum
1221 1287 1277 1325 vel
1298 1287 1454 1324 colonias
1471 1288 1507 1324 in

860 1358 903 1381 ea
925 1346 1012 1381 sitas
1032 1346 1081 1381 ita
1112 1345 1313 1382 nominatas
1344 1358 1425 1381 esse
1455 1345 1508 1380 vi-

859 1402 997 1438 demus.
1056 1401 1180 1443 Quare
1209 1401 1238 1437 si
1271 1412 1310 1436 re
1332 1413 1418 1437 vera
1446 1413 1508 1436 ex-

858 1457 948 1493 stitit
977 1456 1062 1492 urbs
1091 1455 1276 1499 Tartessi,
1303 1467 1370 1492 nec
1405 1456 1508 1504 regio

857 1516 1018 1560 tantum,
1049 1524 1128 1549 eam
1158 1525 1180 1548 a
1206 1511 1444 1548 Phoenicibus
1471 1512 1508 1548 in

857 1570 966 1606 maris
986 1581 1049 1605 ora
1065 1567 1245 1605 conditam
1263 1568 1509 1617 fuissentique

860 1624 1047 1676 probabile
1074 1629 1140 1662 est.
1184 1624 1265 1663 Nec
1283 1624 1398 1660 minus
1424 1637 1510 1674 pro-

861 1681 980 1718 babile
1009 1681 1064 1718 vel
1094 1694 1137 1718 ex
1167 1681 1235 1718 1106
1268 1680 1397 1718 Nostri
1428 1681 1507 1718 loco

861 1738 921 1784 fit,
951 1738 1044 1774 hanc
1064 1737 1263 1784 coloniam,
1293 1749 1387 1785 quae
1407 1738 1506 1787 prius

860 1793 1079 1830 Phoenicum
1096 1795 1225 1840 fuerat,
1244 1797 1328 1842 post
1347 1793 1400 1829 sui
1420 1793 1508 1829 fuis-

862 1862 901 1886 se
919 1850 1027 1895 iuris‚
1055 1849 1201 1897 regibus
1221 1849 1293 1885 suis
1307 1853 1508 1898 parentem,

856 1917 923 1941 1166
942 1904 1164 1941 Phoenicum
1192 1905 1343 1953 imperia
1367 1905 1509 1953 patien-

856 1964 941 1997 tem.
999 1960 1060 1996 Tu
1081 1962 1174 1997 conf.
1206 1960 1252 1996 de
1272 1960 1327 1996 his
1347 1959 1506 1997 Heeren.

857 2017 894 2052 in
921 2016 1033 2053 Ideen
1056 2016 1093 2065 Ι,
1125 2020 1151 2058 2
1178 2029 1215 2067 p.
1236 2015 1290 2056 46
1313 2028 1415 2065 seqq.
1442 2016 1507 2057 52.

917 2121 1028 2166 οὗτοί
1050 2127 1125 2166 εἶσι
1157 2126 1198 2165 οἷ
1212 2125 1504 2179 καταδέξαντες]

861 2183 1003 2221 Εο(16111
1034 2184 1236 2233 significatu
1255 2181 1508 2223 xawdsmvv'-

862 2255 929 2279 ναι
964 2240 1191 2286 monstrandi,
1231 2240 1420 2289 aperiendi,
1450 2241 1506 2277 in-

863 2298 982 2345 deque
997 2296 1187 2345 detegemlz',
1207 2296 1403 2333 inveniendi
1416 2298 1507 2334 infra

862 2352 900 2399 I,
922 2355 1012 2393 171.
1069 2353 1189 2401 Atque
1209 2352 1275 2388 hoc
1296 2353 1376 2402 ipso
1396 2353 1507 2390 verbo

863 2409 1092 2446 Herodotum
1109 2409 1166 2445 vix
1184 2407 1270 2445 illud
1281 2412 1419 2446 tantum
1441 2410 1507 2446 de-

864 2465 998 2502 clarare
1019 2464 1175 2501 voluisse
1195 2465 1372 2501 existimat
1393 2465 1436 2501 C.
1458 2465 1505 2501 O.

862 2521 1002 2558 Miiller.
1014 2521 1192 2569 (Etrusco.
1204 2520 1220 2556 I
1237 2533 1272 2570 p.
1288 2522 1400 2569 192),
1411 2520 1508 2557 Pho-

862 2590 1032 2615 caeenses
1053 2577 1279 2626 Tyrrhenum
1306 2589 1404 2614 mare
1424 2590 1509 2626 per-

862 2634 1075 2681 narigasse,
1122 2633 1187 2670 sed
1234 2633 1353 2682 potius
1401 2632 1509 2680 illud,

861 2691 996 2741 primos
1028 2688 1277 2726 commercium
1314 2688 1507 2726 instituisse

863 2759 942 2784 cum
989 2744 1186 2794 Tyrrhenis
1237 2744 1506 2792 Tyrrhenorum

863 2802 943 2852 ipsa
962 2802 999 2837 in
1018 2806 1124 2838 terra.
1167 2800 1310 2837 Initium
1329 2813 1413 2838 vero
1439 2813 1505 2837 na-

863 2858 1084 2908 vigationum
1097 2858 1245 2896 istarum
1266 2856 1362 2895 idem
1375 2856 1428 2894 vir
1439 2857 1505 2894 do-
