1909 3228
79 876 146 922 66

589 221 1111 261 EUTERPE.II.
1386 223 1467 264 631

206 328 256 374 τὸ
276 329 316 373 δ’
349 328 404 373 ἂν
424 329 582 386 ἑλκύσῃ
596 364 606 381 ,
637 335 769 375 τοῦτο
790 335 842 388 τῇ
861 333 1089 391 μελεδωνῷ
1107 333 1192 374 τῶν
1212 332 1382 388 θηρίων
1401 333 1467 375 δι-

179 411 295 452 6δοῖ.
327 409 354 464 ἡ
387 408 427 452 δ’
461 408 561 453 ἄντ’
596 409 733 454 αὐτοῦ
764 410 990 466 τάμνουσα
1011 413 1158 466 ἰχθῦς,
1189 408 1362 466 παρέχει
1386 413 1464 466 βο-

207 487 291 544 ρὴν
324 494 438 532 τοῖσι
467 491 674 545 θηρίοισι.
719 491 861 546 τροφὴ
892 491 971 545 μὲν
1001 490 1053 546 δὴ
1086 488 1255 533 αὐτοῖσι
1285 489 1464 546 τοιαύτη

176 567 500 612 7ἀποδέδεκται.
576 568 635 611 Τὸ
678 567 719 612 δ’
761 567 816 612 ἄν
854 586 917 620 τις
953 573 1041 612 τῶν
1088 571 1259 624 θηρίων
1297 568 1466 612 τούτων

205 646 464 705 ἀποκτείνῃ,
504 648 559 703 ἢν
589 649 665 702 μὲν
695 647 828 699 ἑκών,
869 647 1061 699 θάνατος
1090 647 1115 703 ἡ
1149 650 1292 704 ζημίη·
1330 647 1384 704 ἢν
1415 647 1460 691 δὲ
1475 655 1520 690 95

203 726 368 779 ἀέκων,
416 726 609 770 α’ποτίνει
640 728 788 782 ζημίην
817 727 896 782 τήν
927 726 982 770 ἄν
1013 730 1057 771 οἱ
1096 729 1203 782 ἱρέες
1235 727 1459 779 τάξωνται.

203 805 251 857 ὃς
277 806 320 850 δ’
353 805 409 849 ἂν
439 808 528 861 ἴβιν
556 805 583 861 ἢ
612 808 741 862 ἴρηκα
772 804 1028 862 ἀποκτείνῃ,
1076 804 1131 862 ἤν
1159 823 1202 849 τε
1233 806 1366 858 ἑκών,
1404 805 1461 862 ἦν

201 901 245 928 τε
284 882 445 936 ἀέκων,
496 887 705 927 τεθνάναι
744 883 920 940 ἀνάγκη.
982 889 1168 928 Πολλῶν
1209 885 1254 929 δὲ
1295 885 1455 928 ἐόντων
1512 894 1626 922 Pelium
1661 903 1757 930 genus

1512 937 1650 956 crescere
1660 930 1728 964 quid
1740 938 1790 956 ve-

1512 966 1573 989 tet:
1629 963 1724 990 luctus
1760 963 1790 990 in

200 961 463 1018 ὁμοτρόφων
501 968 614 1006 τοῖσι
653 962 931 1018 ἀνθρώποισι
978 966 1169 1019 θηρίων,
1223 969 1370 1022 πολλῷ
1401 965 1455 1008 ἂν
1513 996 1790 1031 1n‹›rres‹›.us,item

199 1042 260 1086 ἔτι
287 1043 402 1085 πλέω
431 1042 617 1097 ἐγίνετο,
666 1044 702 1085 εἰ
730 1044 787 1099 μὴ
817 1042 1110 1098 κατελάμβανε
1151 1043 1253 1095 τοὺς
1283 1044 1454 1087 αἰελού-

1513 1029 1544 1056 in
1562 1030 1654 1058 canis,

170 1128 312 1175 Ξρους
340 1120 496 1165 τοιάδε.
553 1120 704 1165 Ἐπεὰν
734 1121 886 1166 τέκωσι
911 1124 958 1167 αἷ
974 1121 1150 1180 θήλεαι,
1182 1122 1328 1168 οὐκέτι
1353 1141 1455 1181 φοι-

141 1363 239 1390 σωσι
258 1348 328 1390 τόν
348 1347 528 1400 σταθμόν
557 1350 602 1389 αῖ
626 1350 793 1391 ἐντεθεῖ-

140 1420 206 1446 σαι
233 1407 376 1458 τρίχες,
406 1409 595 1446 τοσοῦτον
625 1408 702 1455 (sc.
724 1404 792 1460 οἷρ-

137 1459 299 1516 γύριον)
320 1465 370 1517 τῇ
389 1464 596 1517 μελεδωνῷ
616 1466 695 1502 τῶν
709 1468 788 1513 θη-

138 1520 236 1570 ρίων
265 1519 403 1559 δίδωσι
441 1533 489 1557 sc.
519 1518 540 1560 ὁ
563 1517 637 1571 τήν
669 1516 790 1572 εὐχήν

138 1572 354 1615 α’ποτελῶν.

193 1629 236 1673 τὸ
271 1628 311 1671 δ’
341 1629 391 1671 ἅν
424 1648 482 1679 τις
518 1634 597 1670 τῶν
631 1633 789 1683 θηρίων

137 1689 289 1728 τούτων
336 1685 577 1743 α’ποκτείνῃ]
635 1689 788 1727 Relativi

137 1746 361 1796 pronominis
388 1760 512 1793 usum,
542 1747 601 1782 ubi
632 1748 788 1795 particu-

139 1802 211 1838 lam
243 1801 278 1839 εἰ
326 1816 354 1838 s.
394 1799 464 1840 ἐὰν
503 1807 787 1850 exspectaveras,

138 1862 262 1903 notat,
297 1857 366 1894 hoc
384 1857 462 1894 loco
481 1858 668 1906 apposito,
691 1857 788 1894 Mat-

138 1914 233 1950 thiae
253 1914 318 1949 Gr.
347 1914 412 1949 Gr.
436 1912 472 1964 ἓ.
490 1914 571 1954 481
594 1917 668 1949 not.
695 1917 728 1953 1.

194 1965 234 2015 ὃς
265 1964 304 2008 δ’
322 1965 373 2007 ἂν
402 1969 483 2019 ἰ’βιν
505 1965 530 2019 ἢ
553 1968 669 2019 ἴρηκα
689 1965 787 2008 α’πο-

137 2024 296 2078 κτείνῃ]
327 2026 384 2063 De
409 2026 508 2062 Ibide
536 2027 606 2062 vid.
629 2026 721 2062 infra
739 2026 783 2074 11,

137 2082 190 2122 75
211 2095 286 2130 seq.
318 2082 406 2132 ἴρηξ
428 2096 455 2118 s.
474 2080 581 2133 ἱέραξ
610 2087 663 2119 est
685 2095 786 2119 sacra

136 2139 233 2185 avis,
263 2137 376 2185 falco,
407 2152 512 2188 quern
532 2138 702 2188 Aegyptii
723 2151 786 2174 vo-

136 2195 267 2230 cabant
285 2190 415 2244 βαιήθ
443 2195 465 2230 i.
488 2208 518 2232 e.
542 2198 715 2238 αηῑήιαιης
745 2199 785 2230 ut

136 2251 231 2287 enim
263 2251 405 2288 animae
435 2251 599 2299 signum,
644 2251 692 2286 ita
727 2251 784 2287 vel

135 2307 313 2354 quidquid
340 2320 479 2344 sacrum
527 2311 588 2343 aut
625 2308 784 2343 divinum

135 2362 313 2410 habetur,
354 2363 429 2400 eius
466 2362 665 2411 symbolum
704 2377 784 2401 esse

135 2417 325 2454 voluerunt
344 2418 537 2469 Aegyptii,
565 2420 601 2455 in
631 2419 785 2470 templo-

136 2486 214 2509 rum
232 2475 379 2511 introitu
399 2477 611 2524 praesertim
633 2476 785 2524 aliisque

137 2528 225 2566 locis
255 2531 362 2566 sacris
391 2544 468 2568 eam
500 2544 602 2569 avem
631 2532 786 2582 pingen-

136 2589 191 2622 tes
219 2598 260 2622 ac
293 2586 360 2623 diis
381 2589 556 2636 supremis
573 2588 783 2625 tribuentes.

136 2641 227 2678 lude
255 2641 341 2677 nihil
370 2643 590 2689 mirandum,
627 2644 702 2680 eius
721 2657 784 2681 ne-

136 2710 216 2734 cem
262 2703 379 2734 morte
416 2699 528 2735 fuisse
565 2699 781 2737 mulctatam.

135 2752 244 2789 Plura
265 2753 435 2791 Creuzer.
457 2755 606 2802 symbol.
626 2755 781 2806 Ip.487

134 2823 233 2858 seq„
263 2822 415 2858 quocum
433 2812 525 2847 conf.
548 2811 782 2849 Hammeum

133 2865 314 2915 Bottigeri
344 2865 497 2904 Amalth.
525 2868 559 2904 Π
581 2880 666 2918 pag.
688 2871 780 2916 119,

860 1354 917 1390 cui
939 1357 993 1390 est
1012 1352 1187 1390 Nostrum
1206 1352 1387 1401 ffiln'cht,
1417 1366 1512 1403 quae

860 1411 934 1445 avis
956 1409 1059 1446 simili
1079 1409 1254 1457 religione
1265 1409 1384 1447 Persis
1402 1414 1511 1458 atque

858 1464 1047 1515 Aegyptiis
1079 1470 1299 1502 consecrata.
1355 1465 1388 1502 E
1409 1471 1511 1503 vete-

858 1521 955 1557 ribus
999 1525 1144 1570 praeter
1185 1521 1388 1558 Diodorum
1425 1521 1448 1558 l.
1486 1521 1508 1558 l.

858 1579 1065 1615 conferatur
1087 1578 1215 1614 Cicero
1248 1578 1295 1615 de
1316 1582 1388 1614 nat.
1408 1578 1508 1614 deor.

858 1634 886 1681 Ι,
903 1637 955 1675 29
980 1638 1016 1671 et
1034 1633 1198 1671 Tuscull.
1217 1638 1355 1683 quaest.
1374 1633 1418 1681 V,
1432 1637 1507 1680 273

857 1691 919 1739 qui
945 1694 1133 1740 praeterea
1152 1690 1282 1737 felem,
1312 1703 1437 1727 canem
1471 1694 1507 1726 et

856 1746 1074 1784 crocodilum
1101 1747 1137 1783 in
1157 1746 1211 1783 his
1237 1747 1345 1783 sacris
1369 1747 1508 1783 anima-

855 1803 947 1839 libus
967 1808 1152 1848 recenset,
1172 1815 1265 1850 quae
1285 1801 1418 1839 violare
1438 1815 1504 1839 ne-

854 1860 909 1895 fas
941 1859 986 1894 sit
1006 1858 1208 1907 Aegyptiis.
1265 1858 1341 1895 Sed
1374 1858 1506 1907 accipi-

853 1919 948 1951 trum
968 1918 1004 1950 et
1021 1915 1129 1950 ibium
1142 1914 1355 1964 praecipuus
1370 1913 1506 1959 honor·‚

854 1975 894 2006 ut
910 1970 1016 2007 etiam
1036 1983 1079 2007 ex
1102 1983 1144 2006 eo
1162 1970 1383 2018 intelligitur,
1405 1969 1504 2018 quod

852 2026 979 2062 horum
998 2027 1174 2062 cadavera
1198 2027 1352 2062 maximo
1385 2030 1504 2062 sumtu

854 2087 1139 2130 ornamentoque
1155 2082 1299 2118 condita
1317 2081 1502 2131 reperiun-

852 2142 910 2175 tur
926 2139 962 2174 iu
981 2139 1113 2188 cryptis
1131 2137 1335 2174 Thebaicis.
1394 2137 1503 2174 Conf.

853 2195 1024 2231 Creuzeri
1064 2197 1267 2231 commentt.
1305 2193 1500 2231 Herodott.

851 2263 936 2301 pag.
964 2250 1051 2290 164.
1098 2250 1170 2293 Qui
1189 2250 1340 2286 mumias
1364 2250 1500 2287 exami-

852 2309 950 2344 navit
973 2306 1172 2355 Geoffroy‚
1200 2319 1239 2342 se
1269 2310 1421 2354 quatuor
1442 2306 1498 2342 in-

852 2367 906 2400 ter
953 2362 1109 2400 falcones
1156 2363 1321 2398 inunctos
1359 2362 1496 2411 species

851 2420 1042 2468 agnoxisse
1062 2419 1229 2464 affirmat,
1242 2417 1420 2468 falconem
1433 2430 1497 2467 pe-

851 2478 1054 2524 regianum,
1077 2474 1114 2524 f.
1136 2473 1346 2522 amalonem,
1376 2473 1410 2523 f.
1427 2487 1497 2523 pa-

852 2532 1086 2577 lumbarium,
1119 2531 1155 2581 f.
1185 2533 1310 2567 nisum.
1368 2530 1500 2578 Sequi-

850 2594 908 2626 tur
926 2602 1006 2627 eum
1022 2588 1235 2626 Reinhardt.
1252 2586 1275 2624 l.
1292 2586 1314 2624 l.
1333 2598 1419 2637 pag.
1432 2588 1499 2628 26.

851 2649 917 2687 27.

1045 2727 1076 2764 c
1089 2739 1111 2764 a
1122 2741 1158 2778 p.
1188 2725 1322 2765 LXVI.

907 2811 943 2851 εἰ
959 2808 1013 2862 μή
1033 2806 1304 2861 κατελάμβανε
1322 2805 1414 2855 τούς
1441 2808 1500 2847 αι’-

851 2863 1039 2920 ελούρους
1059 2862 1217 2918 τοιάδε]
1248 2867 1272 2904 i.
1290 2879 1321 2905 e.
1351 2867 1424 2903 πίει·
1437 2865 1498 2916 fe-
