1877 3223
614 226 913 264 CLIO.I.
1353 231 1406 271 17

126 331 345 386 τύραννος
381 335 426 377 δὲ
455 333 619 378 ἐθνέων
650 339 738 379 τῶν
770 334 1064 387 ἐντὸςἭλυος
1098 340 1316 392 ποταμοῦ·
1359 335 1452 388 ὂς90

131 412 241 467 ῥέων
266 411 350 456 dm}
387 415 652 470 μεσαμβρίης
685 415 841 470 μεταξὺ
874 414 1039 469 Σύρων
1071 416 1143 459 καὶ
1177 416 1408 472 Παφλαγό-

131 507 245 542 νων,
286 491 384 544 ἐξίει
414 492 523 547 πρὸς
551 496 686 549 βορῆν
720 492 880 549 ἄνεμον
912 494 953 545 ἐς
989 495 1065 538 τὸν
1095 493 1310 547 Εὔξεινον
1331 510 1410 538 κα·-

91 675 222 712 antichi
243 689 330 727 pag.
351 679 414 718 18.
459 677 560 715 Idem
586 677 743 727 denique

93 736 239 779 monet,
268 734 454 782 antiquum
475 733 661 782 Lydorum
678 749 742 772 τυ-

95 783 248 837 ράννου
267 802 402 827 nomen
432 790 544 828 fuisse
574 792 740 838 Λαίλας,

94 848 190 882 teste
215 844 400 894 Hesychio
434 859 464 882 s.
496 859 528 883 v.
559 852 596 884 et
628 848 742 884 Suida

94 913 123 936 s.
154 913 188 937 v,
229 901 309 938 coll.
342 901 527 939 Iablonski
565 903 664 941 Diss.
696 905 744 941 de

93 956 218 1004 lingua
244 956 405 1006 Lycaon.
433 959 471 995 in
506 959 661 1010 Opuscc.
692 959 744 996 ΙΙΙ

93 1026 130 1064 p.
153 1014 217 1052 88.
246 1013 428 1062 Equidem
452 1028 548 1051 nunc
572 1016 743 1053 lectorem

95 1068 226 1116 ablego
247 1070 296 1106 ad
322 1071 506 1120 copiosam
535 1072 581 1108 de
602 1073 747 1121 tyranni

95 1137 184 1161 voce
215 1125 364 1174 eiusque
401 1128 547 1164 notione
582 1129 746 1177 disputa-

96 1180 232 1218 tionem
260 1181 385 1219 Eberti
416 1183 453 1219 in
489 1183 587 1220 Diss.
625 1184 746 1220 Sicull.

96 1250 133 1287 p-
155 1236 208 1277 55
229 1249 285 1285 sq.

153 1313 208 1318 —
227 1294 307 1331 τῶν
329 1289 601 1341 ἐντὸς’Ἀλυος
631 1311 748 1334 ποτα-

100 1350 199 1399 μοῦ·
256 1344 302 1395 ὃς
343 1348 445 1399 ῥέων
482 1346 561 1389 α’πὸ
601 1363 747 1401 μεσαμ-

100 1404 216 1455 βρίης
233 1402 376 1455 μεταξὺ
397 1402 544 1456 Σύρων
572 1406 638 1445 καὶ
662 1410 746 1445 Πα-

101 1457 325 1513 φλαγόνων]
362 1461 473 1512 Apud
497 1463 636 1500 Arrian.
657 1464 748 1512 (Pe-

99 1517 179 1567 ripl.
205 1517 312 1555 Pont.
340 1518 470 1556 Euxin.
498 1533 534 1569 p.
567 1521 638 1568 17)
669 1533 749 1557 cum

99 1573 283 1622 legamus,
313 1574 435 1623 Halyn
460 1589 534 1612 non
555 1589 576 1612 a
596 1577 746 1614 meridie

99 1630 158 1677 (ut
192 1630 404 1667 Herodotus
441 1633 594 1680 tradit),
631 1634 698 1670 sed
726 1646 748 1669 a

99 1686 185 1722 solis
204 1691 285 1723 ortu
308 1687 401 1734 labi,
431 1689 523 1725 duos
553 1690 667 1727 fuisse
686 1702 747 1727 co-

99 1743 289 1790 gnomines
317 1744 467 1792 fluvios,
505 1745 654 1782 alterum
692 1747 747 1782 in-

98 1800 270 1836 fluentem
307 1800 344 1836 in
384 1800 556 1849 alterum,
595 1802 747 1839 alterum

99 1854 145 1891 ab
180 1855 318 1892 oriente
348 1857 616 1905 decurrentem,
658 1859 747 1895 alte-

98 1923 178 1946 rum
210 1924 232 1947 a
264 1912 437 1959 meridie,
474 1918 561 1963 post
597 1914 747 1950 Danvil-

98 1966 183 2002 lium
204 1968 328 2003 statuit
345 1967 514 2006 Larcher.
555 1970 660 2012 Quae
691 1975 747 2006 ta-

97 2035 182 2059 men
220 2024 323 2059 iustis
369 2024 566 2061 rationibus
611 2038 746 2072 carere,

97 2091 177 2115 cum
202 2093 295 2115 unus
324 2081 436 2116 modo
461 2082 507 2117 sit
537 2080 652 2128 Halys
681 2082 750 2117 fiu-

96 2135 175 2171 vius
197 2148 219 2171 a
233 2135 394 2182 meridie⁷
421 2140 461 2172 ut
483 2137 622 2173 Herod.
644 2149 749 2173 enar-

95 2194 175 2238 rat,
215 2191 412 2239 delabens,
449 2193 573 2242 posuit
599 2193 749 2229 Renne-

98 2245 166 2283 lius
186 2247 343 2295 System.
373 2249 409 2284 d.
440 2249 578 2297 Geogr.
606 2249 746 2285 Heiod.

97 2315 135 2353 p
159 2302 242 2343 467
280 2304 339 2341 ed.
372 2317 513 2342 v.emac
543 2305 648 2342 Facit
678 2305 748 2341 huc

96 2360 258 2408 inprimis
295 2343 423 2398 Nostri
462 2360 562 2398 locus
602 2361 640 2408 Ι,
678 2364 746 2407 72,

98 2415 160 2451 ubi
191 2416 311 2463 fluvii,
362 2417 425 2465 qui
460 2429 557 2454 nunc
600 2422 748 2453 meatur

20 2470 27 2474 ⁷
99 2470 228 2508 Hisil-
238 2470 380 2519 Irmalc,
411 2487 535 2510 cursus
557 2474 746 2510 indicatur.

98 2526 177 2563 Iam
196 2540 289 2576 quae
309 2529 380 2565 illic
399 2534 483 2566 sunt
494 2544 542 2567 τοι
561 2525 749 2579 κάτωτῆς

97 2578 253 2632 Ἀσίης,
290 2586 418 2621 eadem
457 2586 492 2622 h.
522 2586 544 2622 l.
584 2586 749 2622 dicuntur

99 2635 147 2676 τοὶ
169 2637 279 2686 ἐντος
298 2635 442 2687 Ἀἶνος
469 2642 491 2678 i.
518 2656 549 2679 e.
578 2655 621 2679 ea
640 2641 750 2679 Asiae

98 2695 246 2731 minoris
275 2708 383 2745 pars,
430 2710 524 2746 quae
555 2698 600 2734 ab
630 2698 750 2746 Halye

98 2751 322 2789 occidentem
339 2765 464 2789 versus
484 2755 554 2790 sita
575 2758 643 2801 est,
670 2754 749 2791 He-

96 2808 250 2855 rodoto,
291 2808 432 2846 Graeco
468 2809 604 2846 homini
641 2810 747 2858 eique

96 2861 409 2902 Halicarnassensi
466 2866 590 2914 utique
651 2869 747 2903 intra

150 2919 358 2960 Henonor.
390 2921 418 2957 Ι.

809 678 932 726 Halyn
958 679 1057 726 visa,
1090 684 1190 717 extra
1220 693 1328 729 quem
1367 678 1458 716 Asia

809 735 932 785 incipit
977 735 1151 784 superior.
1213 737 1323 787 Syros
1363 748 1456 785 quos

808 790 968 841 appellat
1016 791 1173 840 Noster,
1222 794 1310 830 alias
1349 792 1458 841 vulgo

810 849 974 884 dicuutur
997 848 1236 897 Cappadoces,
1265 852 1359 886 teste
1378 849 1460 899 ipso

808 904 947 941 Herod.
969 903 1006 950 Ι,
1037 908 1061 944 7
1066 908 1112 951 2,
1144 906 1203 941 ubi
1224 910 1345 942 tamen
1368 904 1460 953 legi—

807 964 866 996 tur
886 955 1040 1009 Σύριοι.
1070 961 1166 997 Vide
1186 963 1232 998 ad
1253 961 1287 997 h.
1302 961 1324 997 l.
1344 964 1459 997 notat.

812 1015 843 1052 C
856 1029 882 1052 r.
909 1017 1063 1053 conferri
1078 1017 1176 1054 iubet
1194 1016 1352 1054 iVessel.
1369 1016 1463 1053 Pro-

810 1073 893 1109 bab.
913 1085 942 1108 c.
961 1076 998 1113 9.

866 1127 959 1175 ἐξίει
1010 1125 1108 1178 πρὸς
1155 1127 1283 1179 βορῆν
1323 1122 1460 1176 ἄνεμ]

814 1183 965 1221 variant
982 1184 1082 1231 libri,
1111 1197 1264 1233 quorum
1283 1182 1343 1219 alii
1364 1182 1465 1233 ἐξίη-

818 1252 856 1279 σι
887 1242 954 1285 (ad
985 1240 1171 1289 vulgarem
1205 1239 1351 1276 dicendi
1375 1252 1464 1275 nor—

815 1309 908 1333 mam
922 1298 952 1344 ),
994 1296 1052 1333 alii
1090 1291 1197 1350 ἐξῄει
1232 1295 1331 1333 unde
1368 1295 1468 1345 apud

815 1352 1047 1389 Schaeferum
1077 1351 1182 1398 ἐξιεῖ.
1225 1351 1335 1394 Quod
1361 1364 1462 1387 rece-

814 1408 933 1458 pimus
955 1407 1068 1454 ἐξίει,
1099 1420 1142 1444 ex
1165 1405 1276 1452 ἐξιέει
1297 1419 1363 1456 per
1380 1419 1468 1454 syn-

815 1476 932 1514 copen
952 1465 1145 1500 formatum
1171 1462 1246 1499 vult
1266 1461 1468 1510 Schweigh.

815 1520 852 1555 in
881 1524 956 1556 not.
974 1521 1022 1556 ad
1049 1519 1086 1566 I,
1117 1521 1208 1559 180.
1237 1518 1322 1555 Var.
1348 1517 1468 1555 Lectt.

814 1589 850 1626 p.
885 1579 976 1617 127.
1014 1576 1224 1612 Buttmann.
1272 1575 1470 1621 (Gramm.

814 1632 897 1669 mai.
927 1632 944 1669 Ι
976 1645 1013 1682 p.
1046 1632 1127 1673 557
1159 1635 1235 1668 not.
1262 1630 1340 1667 coll.
1364 1630 1468 1678 543)

814 1687 908 1735 ἐξίει
948 1689 1091 1725 tertiam
1139 1688 1225 1725 dicit
1264 1686 1468 1737 praesentis

812 1757 1009 1796 personam
1037 1757 1058 1781 a
1080 1745 1190 1782 verbo
1216 1742 1346 1793 ἐξίημι
1381 1743 1468 1793 (pro

814 1801 978 1851 ἐξίησι).
1019 1800 1100 1838 Nec
1134 1800 1238 1837 aliter
1267 1800 1400 1837 Krebs.
1432 1798 1469 1835 in

812 1857 1037 1906 Programm.
1113 1855 1314 1904 VVeilburg.
1384 1867 1469 1891 ann.

816 1915 924 1954 1826
947 1927 1020 1961 quo
1041 1913 1268 1949 continentur
1288 1911 1469 1959 quaedam

816 1981 858 2005 ex
879 1969 1045 2005 familiari
1063 1966 1360 2015 interpretatione
1387 1966 1468 2003 He-

815 2025 894 2059 rod.
925 2037 962 2072 p.
995 2026 1056 2063 16.
1078 2022 1331 2071 Supplendum
1357 2034 1467 2059 vero:

815 2076 858 2118 τό
885 2075 994 2130 ὕδωρ
1015 2078 1071 2116 vel
1093 2078 1207 2114 simile
1226 2078 1337 2126 quid,
1367 2077 1468 2126 quod

815 2136 979 2172 additum
997 2135 1158 2172 videmus
1181 2135 1219 2170 in
1238 2133 1367 2170 Nostri
1384 2132 1467 2180 Vll,

820 2194 918 2232 109:
948 2213 1004 2218 —
1033 2190 1073 2236 ἐς
1102 2187 1175 2240 τήν
1197 2187 1368 2240 ποταμοὶ
1389 2184 1467 2228 δύο

816 2247 1023 2286 εἰσιεῖσι
1050 2243 1093 2286 τὸ
1119 2243 1268 2297 ὕδωρ.
1288 2245 1468 2284 CfiLam-

816 2304 905 2340 bert.
939 2304 1026 2340 Bos.
1064 2304 1110 2340 de
1147 2301 1260 2351 ellips.
1306 2315 1343 2352 p.
1372 2301 1467 2343 504.

815 2359 928 2396 Addit
986 2360 1016 2396 C
1035 2372 1060 2396 r.
1119 2358 1302 2408 Apollonii
1343 2358 1466 2395 Rhod.

815 2416 1004 2452 Scholiast.
1039 2414 1152 2451 Paris.
1189 2415 1237 2451 ad
1272 2413 1335 2461 IV,
1365 2413 1468 2455 248:

812 2470 1017 2517 Ἑκαταῖος
1039 2468 1081 2510 δὲ
1101 2470 1248 2522 ἱστορεῖ
1265 2467 1318 2520 μὴ
1341 2468 1466 2508 ἐκδι-

816 2529 838 2567 δ
853 2524 908 2567 όν
920 2544 942 2566 α
955 2543 968 2566 ι
994 2527 1050 2574 εἰς
1067 2523 1141 2577 τήν
1170 2522 1381 2565 θάλασσαν
1395 2523 1467 2564 τόν

821 2586 963 2623 Φᾶσιν.
1007 2589 1043 2621 et
1079 2584 1227 2632 Fragm.
1267 2582 1380 2632 Soph.
1428 2595 1466 2632 p.

819 2642 900 2682 650
922 2642 978 2678 ed.
998 2640 1156 2676 Brunck.
1185 2639 1262 2676 Sed
1282 2639 1319 2675 in
1345 2638 1467 2688 proxi-

815 2698 883 2734 mis
913 2697 1029 2734 verbis
1061 2692 1157 2747 πρὸς
1195 2695 1323 2747 βορῆν
1360 2691 1470 2732 ἅνε-

817 2768 909 2804 μον
969 2752 1226 2789 abundantiam
1281 2751 1465 2800 quandam

815 2810 986 2846 orationis
1030 2808 1164 2845 vidisse
1204 2807 1290 2844 mihi
1331 2807 1469 2851 videor,

815 2867 860 2902 de
883 2878 956 2915 qua
975 2865 1072 2902 idem
1094 2864 1313 2902 Lambertus
1333 2862 1465 2899 Rosius

1166 2922 1192 2959 2
