1877 3223
661 208 873 248 CLIO.
930 210 957 248 1.

1392 215 1449 255 55

168 319 371 373 δελφῖνος
399 318 685 374 ἐξενειχθέντα
713 316 784 360 ἐπὶ
817 319 1057 373 Ταίναρον,
1097 315 1224 361 ἐόντα
1251 325 1445 380 κιθαρῳ-

167 396 248 440 δόν
284 400 373 440 τῶν
411 396 504 441 τότε
541 396 700 440 ἐόντων
730 396 910 449 οὐδενὸς
948 397 1172 451 δεύτερον·
1212 398 1286 441 καὶ
1325 401 1447 444 διθύ-

166 479 359 532 ραμβον,
400 480 572 531 πρῶτον
602 474 849 531 ἀνθρώπων
887 481 975 521 τῶν
1001 476 1119 533 ἡμεῖς
1146 477 1290 531 ἴδμεν,
1321 477 1443 534 ποιή-

165 552 301 597 σαντά
330 571 372 597 τε
405 556 479 598 καὶ
508 554 785 612 ὀνομάσαντα
804 556 874 600 καὶ
898 555 1132 608 διδάξαντα
1151 555 1196 599 ἐν
1217 558 1441 613 Κορίνθῳ.

117 750 215 797 genii
254 750 548 797 mansuetudine,
597 749 768 799 singulari

116 806 152 841 in
171 806 332 842 homines
351 819 474 843 amore
496 806 657 855 miraque
679 807 766 842 alia-

114 873 192 897 rum
238 862 405 899 virtutum
455 864 568 912 copia.
644 861 765 911 Atque

114 918 221 954 etiam
245 918 381 954 musica
402 918 543 956 mulceri
576 931 655 956 eain
680 932 764 955 cau—

113 978 225 1022 tuque
267 975 432 1010 tibiarum
470 976 630 1022 gaudere
665 975 762 1012 dice-

114 1029 222 1076 bant,
254 1025 497 1080 φιλόμουσον
516 1031 761 1080 appellabant,

113 1087 352 1134 omnibusque
378 1087 581 1123 hominibus
608 1088 760 1123 amicum

113 1154 154 1178 ac
175 1142 369 1190 benignum
383 1172 392 1189 ,
422 1144 617 1193 praecipuo
639 1148 759 1180 tamen

111 1202 300 1247 poetarum
343 1200 500 1247 quodam
536 1212 659 1236 amore
699 1212 758 1235 ca-

109 1258 233 1303 ptum,
262 1254 420 1302 indeque
442 1254 600 1303 Apollini
631 1268 758 1292 conse-

109 1314 257 1345 cratum.
316 1309 356 1345 In
385 1310 474 1345 mari
511 1315 653 1357 autem,
697 1311 756 1347 ubi

107 1364 194 1402 alias
224 1365 368 1402 nonnisi
395 1366 599 1403 horrendae
635 1378 676 1402 ac
710 1366 756 1401 ti-

108 1420 261 1459 mendae
286 1421 424 1458 bestiae
444 1426 656 1469 versantur,
677 1421 756 1458 del-

105 1477 237 1529 phinus
287 1481 385 1524 erat,
435 1490 457 1514 a
495 1491 587 1527 quo,
626 1481 754 1527 utpote

106 1535 220 1570 omnis
252 1533 480 1570 humanitatis
521 1534 624 1583 quasi
655 1547 753 1582 sym-

104 1590 210 1637 bolo,
256 1603 362 1640 opem
410 1594 577 1640 peterent
616 1590 752 1637 afflicti,

105 1647 202 1683 cuius
239 1646 373 1683 tutelae
409 1660 449 1683 se
484 1647 751 1696 permitterent,

105 1703 308 1751 quicunque
327 1703 442 1739 ventis
464 1707 500 1740 et
519 1702 751 1740 undisincer-

106 1759 151 1794 tis
170 1758 289 1794 iactati
310 1759 378 1795 sibi
399 1759 588 1806 timerent,
618 1763 750 1809 poetae

104 1814 267 1864 inprimis
275 1815 488 1852 sanctissimi
507 1828 549 1852 ac
561 1819 675 1862 vates,
690 1815 751 1863 qui

105 1883 288 1919 nunquam
310 1871 556 1907 humanissimi
585 1871 749 1907 animalis

105 1931 142 1964 et
161 1926 365 1963 amicissimi
394 1940 500 1977 opem
526 1929 659 1963 frustra
684 1927 749 1962 im-

100 1983 256 2033 plorant.
314 1982 416 2019 Haec
440 1996 461 2020 e
487 1983 665 2018 sententia
688 1995 751 2017 ve-

102 2046 218 2076 terum
238 2039 441 2087 disputata,
481 2042 535 2074 tot
552 2038 638 2074 locis
663 2049 750 2073 con-

100 2095 242 2132 firmata
260 2094 441 2130 sufficiant
458 2095 505 2129 ad
517 2094 751 2130 Herodoteae

101 2150 318 2187 narrationis
337 2150 521 2187 meliorem
547 2149 749 2198 intelligen-

103 2208 198 2244 tiam.

159 2274 271 2317 ἐόντα
302 2272 530 2342 κιθαρῳδὸν
551 2276 631 2313 τῶν
662 2269 749 2313 τότε

102 2330 248 2373 ἐόντων
281 2317 444 2378 οὕδενὸς
481 2328 592 2370 δευτε
597 2331 733 2383 oov]i

102 2404 132 2428 e.
158 2393 250 2440 „qui
278 2389 495 2425 citharoedus
522 2392 621 2436 erat,
658 2388 751 2425 melli

103 2460 185 2483 suae
210 2450 337 2483 aetatis
368 2446 571 2482 secumlus“.
628 2444 749 2482 Locu-

103 2503 235 2541 tionem
256 2499 420 2548 ου’δενός
442 2498 624 2552 δεύτερον
647 2497 748 2539 εἶναι

103 2559 279 2595 illustrant
326 2559 503 2595 Matthiae
557 2558 666 2594 verba
710 2557 748 2593 in

103 2615 264 2651 Graium.
289 2616 352 2651 Gr.
374 2614 409 2665 ᾗ.
433 2617 513 2655 356
543 2626 628 2664 pag.
653 2615 745 2653 671.

103 2671 273 2707 Forsitan
291 2672 361 2707 huc
386 2674 527 2720 spectat
547 2671 746 2706 Grammat.

104 2728 139 2763 in
182 2727 340 2764 Bekker.
368 2726 530 2763 Anecdd.
564 2727 581 2763 I
610 2741 647 2776 p.
679 2729 747 2773 89,

107 2784 178 2824 14:
209 2783 249 2821 δε
243 2779 410 2831 ν’τεοον·
443 2778 531 2821 ἀντὶ
562 2785 633 2821 τοῦ
658 2777 747 2833 μεθ’

104 2838 256 2892 ἑτέρου·
293 2835 499 2891 [Ἡρόδοτος
521 2854 675 2894 πρωτω
694 2860 749 2867 -<

834 748 868 787 A
891 749 1109 798 citharoedo,
1122 750 1182 800 qui
1204 750 1337 788 cithara
1353 755 1483 799 utatur,

834 808 969 856 quique
998 811 1103 844 canat
1133 811 1168 844 et
1207 807 1360 856 psallat,
1396 806 1483 843 Am·

834 864 975 900 monius
1021 863 1208 911 distinguit
1251 863 1482 911 citharistam,

831 920 891 967 qui
913 919 1026 968 lyram
1050 923 1178 956 tractet
1195 923 1231 956 et
1251 919 1383 968 psallat
1405 932 1482 956 mo—

830 976 903 1021 do3
933 976 1004 1012 vid.
1026 989 1111 1024 pag.
1137 979 1191 1016 82
1211 975 1257 1011 de
1278 975 1395 1012 differ.
1416 989 1480 1011 vo-

829 1032 931 1069 cabb.
990 1033 1067 1069 Sed
1093 1032 1140 1068 de
1169 1031 1225 1067 his
1254 1031 1334 1080 ipse
1360 1031 1481 1068 videat

830 1088 991 1125 Graecus
1028 1088 1209 1136 magister.
1275 1086 1354 1123 Nos
1398 1100 1478 1124 cum

830 1143 895 1180 Cr.
925 1144 1160 1181 amandamus
1200 1143 1247 1179 ad
1278 1155 1344 1189 ea,
1384 1155 1479 1191 quae

827 1199 1087 1237 Valckenarius
1116 1203 1240 1236 monet
1263 1199 1299 1234 in
1330 1198 1476 1248 Koppi-

827 1256 909 1292 ersii
930 1256 1042 1294 Obss.
1064 1255 1206 1293 Philoll.
1236 1269 1273 1306 p.
1298 1256 1377 1296 142
1397 1267 1474 1304 seq.

824 1312 862 1347 in
884 1316 960 1349 not.

879 1369 1038 1418 πρῶτον
1058 1362 1288 1416 ἀνθρώπων
1307 1366 1407 1404 τῶν
1428 1362 1473 1415 ἦ-

823 1425 937 1473 μεῖς
976 1421 1147 1473 ἴδμεν]
1196 1422 1256 1458 De
1293 1421 1474 1458 locutione

821 1478 1035 1516 Herodotea
1051 1479 1158 1515 toties
1180 1477 1306 1524 obvia,
1326 1477 1383 1513 vix
1395 1489 1473 1513 mo-

819 1535 990 1572 nendum.
1047 1534 1108 1572 De
1124 1536 1240 1571 forma
1259 1533 1394 1582 ἴδμεν,
1414 1533 1470 1569 di-

819 1592 944 1628 scendi
976 1591 1096 1641 cupidi
1130 1590 1256 1638 legant
1294 1589 1471 1626 Matthiae

820 1648 980 1685 Gramm.
1002 1648 1066 1684 Gr.
1079 1645 1116 1697 ἓ
1137 1649 1264 1694 198,3
1278 1645 1470 1697 pag-358.

822 1702 859 1755 ς.
880 1707 960 1746 231
983 1717 1070 1755 pag.
1091 1704 1185 1745 450.

873 1770 1127 1825 διθύραμβον
1137 1767 1417 1824 -ῌποιήσαντοῖ
1428 1787 1469 1812 τε

816 1829 885 1869 καὶ
902 1827 1154 1880 ὀνομάσαντα
1167 1828 1232 1868 καὶ
1253 1825 1468 1876 διδάξαντα

818 1885 861 1925 ἒν
890 1885 1116 1938 Κορίνθῳ]
1154 1885 1275 1922 Locus
1298 1885 1468 1921 classicus

819 1944 865 1979 de
877 1943 1136 1990 dithyrambica
1145 1942 1367 1976 Graecorum
1379 1953 1470 1989 poe-

818 1998 873 2044 si,
911 1998 1008 2033 cuius
1044 1996 1287 2032 inventionem
1323 1996 1468 2032 disertis

817 2053 936 2089 verbis
965 2052 1091 2088 Arioni
1133 2051 1276 2088 Noster
1321 2051 1466 2095 tribuit;

818 2121 972 2157 quocum
990 2109 1083 2144 conf.
1104 2106 1253 2144 Pindari
1275 2106 1394 2143 Schol.
1418 2108 1466 2143 ad

817 2164 962 2213 Olymp.
984 2164 1094 2211 XIII,
1125 2164 1190 2204 25.
1235 2163 1308 2206 Qui
1329 2162 1464 2199 Lasum

817 2221 940 2257 dicunt
969 2220 1184 2268 dithyrambi
1224 2219 1462 2265 inventorem,

816 2277 989 2326 temporis
1026 2278 1201 2312 rationem
1230 2278 1463 2325 pervertunt3

816 2345 900 2370 nam
922 2333 1033 2368 multo
1045 2336 1129 2382 post
1149 2331 1205 2368 ille
1216 2331 1349 2377 floruit,
1369 2331 1464 2367 circa

816 2389 962 2437 Olymp.
984 2388 1121 2435 LVIII,
1137 2387 1249 2425 Dario
1270 2391 1461 2434 regnante,

816 2458 893 2481 cum
924 2445 1065 2481 Arionis
1106 2447 1205 2481 aetas
1236 2443 1284 2480 ad
1315 2442 1460 2492 Olymp.

816 2501 1010 2537 XXXVIII
1057 2500 1252 2546 ascendat,
1327 2498 1461 2547 illaque

815 2558 937 2608 poesis
973 2557 1121 2594 multum
1157 2560 1277 2592 aetate
1314 2557 1461 2604 superet

811 2614 958 2651 Lasum.
1015 2613 1083 2649 Alii
1114 2625 1258 2661 quoque
1286 2611 1364 2647 aliis
1404 2611 1459 2646 in-

812 2684 826 2706 η
837 2670 909 2707 enti
923 2670 1135 2718 dithyrambi
1153 2668 1303 2717 gloriam
1323 2668 1458 2704 adscri-

813 2727 926 2769 bunt3
966 2727 1013 2763 de
1046 2727 1174 2775 quibus
1211 2725 1334 2761 videre
1366 2735 1460 2760 nunc

813 2783 960 2830 longum
983 2786 1049 2820 est.
1095 2782 1232 2819 Nostra
1246 2783 1365 2817 aetate
1385 2791 1458 2815 nou

815 2840 998 2877 iuvenisse
1026 2838 1218 2886 Arionem,
1256 2837 1325 2874 sed
1354 2848 1459 2873 exeo*

1492 482 1511 519 1
1521 483 1541 521 1
