1909 3228
460 207 542 249 422
854 202 1318 241 HERODOTI

462 317 627 373 βαίνειν
664 314 857 364 ἐπειρᾶτο
899 309 922 354 ὁ
954 312 1124 362 Κῦρος,
1181 310 1307 353 ἐόντα
1345 313 1474 366 νηυσὶ
1508 309 1714 366 περητόν,

461 391 653 438 ἐνθαῦτά
683 393 726 434 οἱ
753 393 840 434 τῶν
869 405 932 438 τις
973 390 1081 441 ἱρῶν
1120 389 1267 431 ἵππων
1303 392 1391 432 τῶν
1431 393 1599 433 λευκῶν
1627 386 1715 432 ὑπὸ

463 472 617 528 ὕβριος
646 468 773 525 ἐσβὰς
802 469 844 519 ἐς
871 467 949 511 τὸν
979 466 1199 522 ποταμὸν,
1229 468 1469 524 διαβαίνειν
1497 467 1711 522 ἐπειρᾶτο.
1727 473 1773 507 25

462 549 487 594 ὁ
519 550 564 593 δέ
602 565 678 605 μιν
716 546 967 603 συμψήσας,
1023 545 1296 602 ’ὑποβρύχιον
1338 545 1512 602 οἰχώκεε
1552 547 1714 601 φέρων.

435 628 602 682 Ξκοὶρτα
631 643 674 670 τε
703 626 755 683 δὴ
785 627 1029 682 ἐχαλέπαινε
1058 630 1118 682 τῷ
1145 629 1326 682 ποταμῷ
1356 623 1379 668 ὁ
1412 628 1562 680 Κῦρος
1588 629 1718 668 τοῦτο

462 704 718 762 ὑβρίσαντι,
772 708 845 749 καί
875 708 919 749 οἱ
948 705 1223 761 ἐπηπείλησε,
1265 704 1379 748 οὕτω
1410 703 1464 760 δή
1491 720 1568 760 μιν
1596 701 1720 747 ἀσθε-

409 879 515 929 (XVI
543 893 580 931 p.
599 881 681 921 739
702 893 730 916 s.
752 892 789 930 p.
814 878 922 921 1074
943 881 1056 917 vicum

409 935 569 988 appellat
607 936 904 987 emporiumque,
960 937 1059 985 quod

409 998 530 1030 tamen
549 993 598 1029 ad
616 1006 716 1030 mare
739 993 855 1042 ipsum
875 992 933 1028 vix
952 993 1058 1029 situm

410 1062 491 1088 esse
519 1049 672 1086 videtur.
711 1048 930 1098 Xenophon.
960 1048 1060 1085 Ana-

411 1105 488 1143 bas.
521 1105 577 1152 ll,
614 1105 666 1153 4,
698 1105 751 1146 25
793 1105 883 1151 (ubi
922 1104 1058 1143 consul.

411 1162 588 1210 Kriiger.)
610 1174 779 1211 magnam
797 1166 902 1198 vocat
921 1162 1061 1208 urbem,

411 1231 506 1268 quae
547 1230 622 1255 non
658 1217 753 1255 infra
791 1217 957 1266 Tigrim,
996 1217 1063 1255 sed

411 1273 561 1311 multum
598 1287 708 1324 supra
739 1275 807 1311 erit
838 1274 1060 1312 collocanda.

412 1330 524 1368 Unde
538 1331 768 1368 Herodotum
797 1331 845 1367 de
870 1330 924 1367 his
942 1330 1064 1379 regio-

413 1386 518 1424 nibus
548 1399 622 1424 non
650 1390 784 1423 certam
814 1387 977 1423 notitiam
996 1386 1062 1423 ha-

414 1443 535 1480 buisse
583 1442 716 1490 colligit
751 1442 949 1479 Rennelius
989 1442 1011 1478 1.
1040 1441 1061 1477 1.

414 1512 452 1548 p.
473 1498 567 1539 466.
605 1498 666 1536 Tu
685 1499 849 1536 conseras
875 1501 1064 1548 praeterea

413 1554 577 1602 Breiger.
596 1553 618 1591 l.
649 1553 672 1591 l.
701 1566 787 1604 pag.
814 1554 866 1595 53
896 1559 933 1591 et
957 1553 1064 1590 Man-

415 1614 506 1648 nert.
526 1610 664 1658 Geogr.
693 1610 728 1646 d.
750 1612 816 1647 Gr.
836 1624 870 1647 u.
887 1610 994 1647 Rom.
1016 1608 1062 1655 V,

415 1669 443 1706 2
469 1678 555 1716 pag·
582 1667 662 1706 371
696 1679 799 1715 seqq.
847 1666 922 1709 Qui
950 1678 1066 1715 nuper

415 1721 480 1758 has
498 1721 664 1770 regiones
687 1722 875 1768 adierunt,
898 1723 999 1771 Opin
1015 1722 1066 1756 si-

415 1782 490 1814 tam
518 1777 629 1814 fuisse
655 1778 804 1814 tradunt
838 1778 875 1814 iu
900 1790 943 1814 eo
974 1777 1065 1822 loc0,

416 1833 477 1870 ubi
502 1832 610 1870 hodie
637 1845 769 1883 parvus
797 1833 926 1870 ssuvius
951 1832 1068 1882 Καβί

415 1900 528 1937 aquas
554 1901 637 1925 suas
659 1889 784 1926 miscet
802 1902 881 1925 cum
898 1889 1065 1938 Tigride.

416 1944 499 1981 vid.
520 1957 589 1982 van
612 1946 678 1982 der
695 1945 795 1994 Chys
827 1945 850 1982 l.
873 1944 895 1982 1.
911 1959 948 1995 p.
975 1947 1066 1987 119.

419 2002 498 2042 120
515 2002 582 2048 (ad
602 2000 745 2038 Arrian.
767 2001 833 2038 Vll
845 2030 856 2049 ,
877 2002 935 2050 8).

472 2059 554 2096 τῶν
588 2072 648 2104 τις
677 2057 775 2108 ἱρῶν
813 2057 950 2097 ἵππων
986 2060 1066 2097 τῶν

417 2112 594 2165 λευκῶν]
639 2114 699 2151 De
720 2114 774 2151 his
814 2115 915 2164 equis
944 2116 1069 2153 confer

418 2169 505 2217 Vll,
524 2171 590 2212 55.
629 2170 706 2206 Soli
739 2171 938 2208 consecrati
965 2173 1067 2209 suere

417 2226 453 2264 hi
477 2228 559 2276 equi
581 2227 749 2276 Iovisque
779 2241 920 2264 currum
946 2228 1066 2264 trahe-

417 2283 517 2320 bant.
574 2283 683 2320 Conf.
712 2283 874 2320 Brisson.
913 2284 960 2321 de
987 2297 1064 2332 reg.

418 2338 519 2377 Pers.
542 2340 695 2389 princip.
726 2340 759 2376 ll
781 2338 856 2390 §.5
879 2353 981 2389 seqq.
1002 2340 1066 2387 lll,

417 2397 484 2436 98.
507 2397 560 2437 99
579 2400 616 2434 et
635 2395 809 2433 Kleuker.
830 2395 999 2447 Append.
1018 2397 1065 2432 ad

418 2450 636 2489 Zendavest.
665 2452 721 2499 ll,
749 2456 770 2493 1
797 2465 883 2502 pag.
905 2454 969 2493 86.
998 2454 1063 2492 87.

417 2505 569 2547 -ὖπὸ
585 2504 725 2559 ὕβριος
753 2513 827 2546 est:
850 2521 939 2559 prae
962 2508 1062 2559 sero-

420 2566 478 2600 οἱα
497 2577 525 2601 s.
538 2564 750 2614 petulantia.

475 2618 499 2658 ὁ
517 2619 559 2659 δέ
578 2635 646 2670 μιν
665 2614 903 2671 συμψήσας]
934 2620 1064 2657 Gram-

421 2676 538 2713 matici
556 2682 693 2715 veteres
713 2678 771 2725 (ut
790 2677 922 2714 Suidas
946 2690 1016 2713 s.V.
1030 2681 1067 2714 et

422 2729 577 2778 Gregor.
608 2733 771 2770 Corinth.
808 2733 856 2771 de
882 2733 964 2769 dial.
989 2733 1065 2770 lou.

423 2783 461 2834 ἓ·
497 2785 604 2835 104)
645 2784 859 2839 συμψήσας
889 2788 1069 2838 explicant

424 2842 664 2893 συντρίψας,
693 2846 792 2894 quod
820 2858 893 2895 quo
918 2850 1069 2896 spectet,

1127 879 1271 917 difficile
1300 880 1397 916 dictu
1427 879 1568 917 videtur
1594 879 1780 928 Schweig-

1126 936 1325 983 haeusero,
1366 935 1434 972 nisi
1471 936 1556 973 illud
1587 949 1632 973 eo
1669 949 1778 973 sensu

1127 993 1302 1041 accipias,
1342 1004 1414 1039 quo
1449 993 1546 1042 apud
1587 991 1778 1040 Polybium

1128 1050 1396 1097 frequentetur:
1426 1047 1604 1097 frangens
1626 1051 1719 1084 vires
1746 1051 1778 1084 et

1123 1104 1298 1154 ferociam
1316 1106 1416 1152 equi,
1445 1109 1507 1140 aut
1528 1107 1699 1151 evertens,
1719 1104 1778 1140 de-

1129 1161 1294 1207 turbans,
1320 1164 1536 1209 prosternens
1556 1161 1668 1198 illum.
1698 1160 1782 1210 Ipse

1128 1216 1257 1254 Vallae
1268 1217 1602 1267 interpretationem
1616 1217 1781 1254 retinuit:

1130 1277 1376 1323 contorquens,
1406 1285 1625 1322 quamquam
1644 1273 1777 1310 rectius

1130 1330 1282 1367 forsitan
1298 1329 1344 1365 ab
1366 1329 1413 1365 H.
1425 1329 1612 1378 Stephano
1626 1335 1662 1367 et
1677 1333 1781 1380 post-

1131 1386 1241 1423 modo
1273 1398 1295 1422 a
1332 1385 1554 1422 Schneidero
1600 1386 1782 1423 redditum

1130 1441 1283 1478 iudicat:
1312 1440 1493 1477 absorbens
1507 1446 1544 1478 et
1563 1454 1581 1478 e
1599 1445 1782 1490 conspectu

1132 1496 1310 1533 hominum
1334 1496 1531 1532 subducens.
1592 1497 1698 1540 Quae
1728 1497 1783 1533 in-

1130 1553 1340 1603 terpretatio
1370 1553 1476 1589 nobis
1505 1566 1651 1602 quoque
1678 1553 1783 1590 valde

1132 1608 1416 1646 commendatur.
1445 1608 1574 1645 Exstat
1594 1615 1782 1659 praeterea

1131 1664 1316 1701 Iamblichi
1361 1664 1458 1701 locus
1495 1666 1595 1714 apud
1633 1665 1783 1702 Suidam

1132 1721 1295 1768 alterque
1308 1719 1455 1757 Eusebii
1469 1720 1673 1770 philosophi
1686 1722 1784 1771 apud

1133 1776 1330 1812 Stobaeum
1365 1776 1518 1825 (Eclog.
1540 1776 1594 1824 ll,
1615 1778 1653 1816 9.
1683 1777 1725 1814 P.
1747 1776 1780 1814 11

1133 1831 1194 1868 t.1
1222 1845 1258 1881 p.
1281 1832 1362 1872 416
1389 1832 1544 1881 Heer.),
1574 1833 1636 1882 qui
1663 1833 1785 1871 Hero-

1134 1888 1279 1925 doteam
1299 1887 1514 1926 locutionem
1544 1889 1672 1926 imitati
1703 1902 1784 1927 esse

1133 1944 1310 1981 videntur.
1368 1945 1464 1982 Add.
1499 1945 1588 1982 Biel.
1620 1945 1658 1982 in
1684 1945 1787 1983 The-

1135 2013 1229 2038 saur.
1261 2000 1389 2038 Philol.
1425 2002 1457 2038 V
1491 2006 1515 2038 t.
1542 2001 1592 2038 111
1628 2015 1665 2052 p.
1690 2002 1785 2043 364.

1136 2057 1240 2100 Quos
1260 2056 1357 2093 locos
1385 2057 1727 2106 Schweighaeusero
1748 2059 1785 2094 in

1134 2111 1224 2150 Lex.
1244 2113 1423 2150 Herodot.
1443 2127 1528 2165 pag.
1553 2115 1635 2154 300
1654 2115 1782 2151 debeo.

1190 2167 1418 2219 ἐχαλέπαινε
1437 2190 1494 2197 -
1525 2172 1640 2208 τοῦτο
1667 2168 1784 2220 ’ὑβρί-

1135 2224 1267 2275 σαντι]
1314 2227 1428 2264 τοῦτο
1459 2226 1529 2262 iam
1565 2225 1783 2275 Sylburgius

1134 2282 1182 2318 ad
1202 2281 1362 2318 Brisson.
1385 2282 1407 2318 l.
1434 2281 1456 2318 l.
1483 2282 1554 2329 Ill,
1575 2284 1628 2323 98
1660 2296 1784 2321 emen-

1134 2338 1281 2374 daverat
1301 2351 1368 2388 pro
1384 2334 1509 2390 τούτῳ
1522 2369 1532 2386 ,
1563 2351 1634 2387 (]110
1653 2339 1784 2376 intelli-

1135 2399 1241 2443 gatur
1261 2395 1412 2441 ssuvius,
1443 2397 1505 2445 qui
1534 2397 1640 2431 istam
1669 2397 1702 2432 ei
1724 2395 1786 2446 fe-

1135 2454 1230 2487 cerat
1268 2453 1446 2487 iniuriam.
1516 2451 1622 2488 Unus
1659 2451 1787 2490 Schel-

1135 2507 1394 2544 lershemiauus
1451 2507 1541 2544 liber
1597 2508 1785 2545 confirmat

1132 2563 1224 2600 hanc
1243 2564 1544 2610 emendationem,
1559 2563 1685 2614 reliqui
1703 2577 1788 2614 pra-

1132 2633 1177 2657 ve
1196 2619 1379 2668 vulgatam
1409 2625 1617 2669 sequuntur.
1676 2621 1784 2657 conf.

1134 2676 1207 2722 lil,
1233 2678 1321 2717 118.
1349 2698 1397 2704 —
1426 2677 1483 2713 Ad
1510 2689 1584 2714 rein
1605 2677 1783 2725 quaedam

1135 2733 1280 2770 disserit
1305 2732 1528 2779 Larcherus,
1557 2733 1686 2781 quibus
1708 2734 1783 2781 Cy-

1136 2802 1213 2825 rum
1237 2790 1526 2839 superstitiosum
1549 2793 1706 2836 excuset,
1731 2789 1782 2824 ita

1137 2852 1308 2895 agentem
1321 2874 1332 2893 ,
1355 2846 1525 2895 quoniam
1545 2845 1640 2884 idem
1653 2873 1664 2892 ,
1683 2844 1780 2894 quod
