1909 3228
568 217 1083 256 EUTERPE.11.

1357 220 1438 260 521

191 324 268 369 τόν
295 328 484 382 χειμῶνα
514 325 682 370 ἅπαντα
712 327 911 370 διατελέει
940 326 1048 378 ἔων,
1086 327 1210 383 μέχοι
1239 323 1292 370 οὗ
1322 323 1497 379 αὖτιςῆο

164 405 392 459 4τροπὲων
426 410 514 449 τῶν
551 406 771 461 θερινέων.

831 404 998 449 τούτων
1034 408 1096 449 ὠν
1131 405 1226 461 πέρι
1264 405 1443 457 οὐδενὸς

194 482 324 527 οὐδὲν
354 482 444 535 οἷός
471 483 508 527 τ’
548 484 756 541 ἐγενόμην
794 500 853 527 π(
857 487 1061 540 ραλαβεῖν
1095 485 1215 540 napo?
1247 489 1334 528 τῶν
1362 487 1441 528 Αἰ-

192 564 404 617 γυπτίων,
454 564 658 618 ἱστορέων
697 561 855 614 αὐτούς
887 563 1040 619 ἥντινα
1082 564 1270 621 δύναμιν
1308 565 1389 620 ἔχει
1417 563 1440 608 ὁ

192 643 350 693 Νεῖλος
379 642 429 685 τὰ
460 643 641 697 ἔμπαλιν
668 642 909 697 πεφυκέναι
938 645 1025 684 τῶν
1053 643 1195 686 ἄλλων
1223 647 1441 699 ποταμῶν.

164 719 331 763 ὅταῦτά
359 737 403 763 τε
433 721 485 775 δή
517 720 568 764 τὰ
597 720 805 776 λεγόμενοι
825 719 1093 776 βουλόμενος
1116 722 1294 775 εἰδέναι,
1326 721 1441 765 ἱστό-

191 814 312 855 ρεον·
359 799 433 842 καὶ
463 798 487 842 ὅ
516 816 557 842 τι
593 797 730 854 αὔρας
762 797 1064 851 ἀποπνεούσας
1100 805 1266 857 μοῦνος
1303 817 1438 846 ποτα-
1499 800 1576 837 113

134 1010 306 1056 ceperunt
321 1020 389 1056 pro
408 1006 503 1055 vulg.
517 1003 564 1045 vc}
583 1002 783 1060 λεγόμενα,

133 1061 248 1098 locum
296 1063 347 1099 ita
390 1065 584 1101 reddentes
631 1064 781 1102 Latine:

134 1117 260 1165 „Haec
289 1121 423 1167 igitur,
471 1134 559 1169 quae
585 1120 683 1167 ‹lii-i,
725 1134 782 1158 co—

132 1187 292 1222 gnoscere
303 1168 451 1224 cupiens,
461 1179 661 1213 sciscitatus
668 1179 784 1214 sum.“

135 1231 238 1274 Quos
249 1236 388 1268 secutus
402 1232 508 1269 Italus
518 1234 694 1284 interpres
704 1247 784 1271 ver-

132 1287 193 1323 tit:
224 1286 399 1334 „Volend’
418 1291 452 1325 io
472 1302 646 1326 conoscere
664 1290 695 1327 le
717 1304 781 1327 an—

134 1343 258 1380 tedette
287 1357 379 1391 cose,
431 1345 485 1392 gl’
516 1348 783 1394 interrogava.“

132 1397 223 1436 Mihi
247 1412 347 1436 secus
364 1401 525 1446 videtur3
550 1402 707 1450 ideoque
726 1416 784 1439 re-

131 1456 318 1492 tinendum
356 1457 476 1493 censui
509 1454 556 1495 τὰ
593 1453 782 1509 λεγόμενα

131 1511 200 1547 hoc
215 1512 292 1548 fere
312 1525 438 1549 sensu:
468 1512 531 1550 Ea
550 1515 674 1562 igitur,
695 1527 782 1564 quae

132 1566 172 1603 de
188 1567 243 1603 lu’s
272 1567 338 1615 (de
362 1568 446 1605 Nilo
478 1569 550 1606 scil.
572 1575 705 1607 certum
733 1571 781 1607 ad

131 1627 272 1673 tempus
284 1630 466 1663 crescente
478 1638 518 1663 ac
529 1627 779 1675 decrescente)

131 1679 295 1716 dicantur
316 1681 380 1728 (ab
395 1681 498 1731 Aeg>
500 1683 583 1732 ptiis
601 1683 673 1719 scil.
677 1684 707 1731 )‚
722 1696 778 1719 co-

131 1749 293 1785 gnoscere
312 1750 463 1785 captetis,
493 1741 664 1787 quaeswz',
680 1743 779 1775 ztem-

134 1805 197 1841 que
228 1796 402 1841 quaesivi,
432 1807 493 1829 cur
516 1808 622 1830 auras
642 1795 783 1844 afflan-

134 1852 184 1884 tes
203 1848 294 1884 solus
317 1851 465 1885 omnium
477 1851 671 1899 fluviorum
693 1848 785 1897 (Ni-

134 1903 208 1947 lus)
228 1904 322 1940 haud
340 1905 509 1941 exhibeat.

179 1956 202 1998 ὅ
214 1975 249 1998 τι
261 1957 386 2011 αὔρας
399 1956 674 2007 ἀποπνεούσας
687 1964 783 2011 μοῦ-

134 2031 204 2062 νος
220 2031 254 2054 κ.
276 2031 307 2056 τ.
332 2015 387 2067 t]
411 2018 465 2053 Ex
484 2017 783 2068 Schol.Sophocl.

135 2073 182 2109 ad
210 2073 309 2121 Ajac.
330 2075 410 2114 683
439 2073 639 2110 Larcherus
660 2078 784 2111 monet

135 2125 263 2178 αὔραν
282 2129 350 2166 dici
376 2134 522 2166 ventum
548 2129 780 2166 exhalationi-

133 2186 201 2222 bus
222 2185 289 2222 loci
316 2186 443 2234 aquosi
461 2190 522 2222 aut
542 2187 704 2234 stagnosi
727 2199 784 2223 or-

134 2246 231 2288 tum,
274 2237 421 2291 ἔνεμον
450 2246 618 2289 ventum,
657 2242 716 2291 qui
746 2243 783 2278 in

135 2310 219 2334 aere
254 2297 393 2334 existat.
445 2298 521 2334 Sed
549 2298 614 2334 Cr.
645 2300 784 2335 confert

136 2353 291 2389 Coraem
322 2355 369 2390 ad
395 2353 583 2390 Heliodori
613 2352 781 2404 Aethiop.

135 2421 172 2458 p.
192 2410 267 2455 99,
303 2410 362 2445 ubi
394 2406 517 2460 αὕοας
555 2410 611 2447 hic
636 2410 785 2458 intelligi

137 2463 211 2500 vult
230 2461 368 2510 λεπτας
390 2480 516 2511 πνοας
536 2464 603 2503 καὶ
630 2463 788 2516 ψυχρας

138 2517 177 2564 ἐξ
209 2517 335 2569 νγροῦ
374 2516 671 2570 αναφερομένας
715 2517 788 2572 οὐχ

139 2572 309 2624 ομίχλας.
354 2575 455 2613 Idem
485 2577 656 2614 Coraes
648 2591 684 2613 in
709 2577 788 2615 He-

137 2632 267 2666 rodoto
291 2632 395 2668 scribi
418 2632 516 2669 iubet
547 2630 670 2683 αὔρας
690 2627 786 2672 oino-

138 2681 388 2732 πνειούσας.
418 2687 597 2736 Equidem
616 2688 701 2725 illud
723 2690 788 2726 ad-

138 2742 209 2788 do,
249 2742 286 2779 in
312 2755 350 2779 re
381 2743 460 2792 ipsa
489 2756 598 2792 quam
635 2745 787 2783 maxime

139 2798 342 2836 consentire
372 2811 450 2836 cum
474 2799 612 2838 Nostro
646 2799 787 2838 Diodo-

849 1020 928 1044 rum
945 1007 975 1054 Ι,
993 1007 1047 1048 38
1062 1007 1154 1045 circa
1169 1006 1292 1045 Nilum
1303 1021 1421 1057 neque
1433 1022 1500 1046 nu-

850 1064 915 1100 bes
937 1065 1029 1111 cogi,
1060 1077 1179 1113 neque
1195 1077 1301 1102 auras
1329 1065 1499 1102 exsistere

850 1120 1021 1168 frigidas,
1051 1132 1171 1170 neque
1205 1134 1323 1159 aerem
1359 1135 1497 1158 crasse-

851 1189 950 1213 scere
977 1176 1226 1214 affirmantffln.
1273 1178 1315 1214 In
1343 1191 1414 1226 quo
1444 1182 1500 1213 ta-

850 1245 934 1269 men
970 1237 1128 1270 veterum
1163 1233 1355 1283 plerosque
1399 1233 1500 1270 aliter

850 1289 994 1325 tradere
1016 1288 1108 1326 bene
1134 1289 1206 1326 iam
1236 1291 1372 1326 monuit
1391 1289 1499 1326 WVes-

851 1344 1036 1393 selingiuS‚
1048 1346 1257 1394 monuitque
1275 1346 1302 1381 I.
1321 1345 1497 1381 Ludolfus

851 1399 1093 1436 Commentar.
1113 1401 1160 1437 ad
1188 1401 1269 1437 hist.
1299 1400 1497 1450 Aethiopic.

849 1468 886 1504 p.
919 1459 996 1496 117
1030 1456 1173 1493 inanem
1202 1457 1369 1493 dictitans
1396 1457 1502 1493 istam

848 1511 1028 1548 Herodoti
1048 1511 1269 1561 aliorumque
1281 1513 1501 1562 opinionem,

849 1579 921 1615 qua
935 1566 1059 1604 Nilum
1077 1568 1192 1605 nullos
1211 1569 1371 1606 emittere
1388 1581 1502 1618 vapo-

848 1636 905 1660 res
935 1625 1162 1661 crediderint.
1213 1625 1274 1662 Tu
1301 1625 1372 1662 vid.
1409 1625 1501 1661 infra

849 1679 896 1726 11,
919 1683 971 1720 27
1003 1681 1123 1729 ibique
1150 1685 1264 1718 notat.
1311 1681 1365 1718 Ac
1391 1681 1502 1717 verbo

851 1737 994 1784 quidem
1015 1736 1071 1773 hic
1090 1738 1306 1774 monendum
1331 1738 1377 1773 de
1396 1737 1500 1773 variis

850 1796 1009 1828 veterum
1025 1794 1210 1829 sententiis
1230 1794 1276 1830 de
1293 1793 1368 1829 Nili
1386 1793 1502 1829 incre-

851 1853 973 1884 mento
1000 1848 1148 1896 eiusque
1178 1849 1306 1894 causis,
1337 1860 1427 1896 quas
1458 1860 1503 1884 ex

852 1903 1029 1940 Plutarch.
1064 1905 1111 1940 de
1138 1903 1262 1941 Placit.
1292 1903 1501 1952 Philosoph.

852 1958 916 2005 IV,
938 1961 957 1998 1
979 1959 1129 2007 aliisque
1148 1959 1244 1995 haud
1269 1959 1390 2009 paucis
1415 1960 1502 1995 scri-

851 2015 1014 2064 ptoribus
1036 2015 1200 2052 collectas
1220 2016 1371 2065 praebet
1381 2015 1501 2052 Hero-

853 2071 928 2106 doti
952 2071 1059 2107 editio
1086 2071 1413 2118 Iungermanniana
1442 2071 1499 2107 in-

851 2127 970 2174 deque
984 2126 1273 2175 Wesselingiana
1298 2141 1333 2178 p.
1354 2130 1500 2167 787—-

850 2184 942 2223 802.
962 2183 994 2219 Ε
1011 2184 1337 2233 quibuspraecipue
1349 2183 1501 2220 conferri

848 2239 1006 2274 volumus
1032 2238 1234 2276 Diodorum
1251 2240 1288 2286 I,
1314 2240 1367 2279 38
1396 2251 1498 2287 seqq.

848 2295 967 2332 Strab.
980 2295 1081 2331 XVII
1094 2310 1128 2346 p.
1144 2297 1262 2343 1138,
1281 2295 1312 2331 A
1325 2300 1360 2332 et
1381 2296 1499 2335 1139.

849 2351 1034 2401 Ephorum
1062 2352 1253 2399 (fragmm.
1283 2352 1339 2388 ed.
1365 2350 1502 2399 Marx.)

853 2421 891 2457 p.
912 2407 992 2448 214
1009 2421 1111 2456 seqq.
1143 2408 1233 2444 Plin.
1255 2407 1304 2443 Η.
1321 2406 1368 2444 N.
1385 2407 1431 2454 V,
1453 2409 1502 2447 10

857 2469 892 2500 et
912 2476 1004 2512 quae
1023 2464 1058 2499 in
1072 2464 1224 2500 eandem
1242 2476 1316 2500 rem
1336 2463 1503 2512 leguntur

856 2521 953 2568 apud
964 2521 1013 2556 10.
1034 2519 1141 2556 Laur.
1154 2519 1297 2569 Lydum
1310 2520 1356 2555 de
1367 2532 1501 2556 menss.

856 2575 940 2621 (lul.
955 2577 1066 2621 068)
1080 2589 1114 2624 p.
1135 2578 1211 2616 111
1231 2589 1306 2624 seq.
1327 2589 1354 2611 s.
1371 2589 1406 2625 p.
1420 2577 1502 2616 260

856 2645 958 2681 seqq.
986 2632 1042 2669 ed.
1062 2632 1209 2668 Rother.
1245 2631 1499 2668 Recentiorum

855 2687 1050 2725 sententias
1080 2689 1127 2724 ad
1153 2700 1263 2724 unum
1282 2689 1357 2724 fere
1374 2700 1497 2724 omnes

853 2744 987 2781 indicax
997 2745 1023 2780 it
1040 2744 1150 2780 Beck.
1168 2743 1261 2792 Allg.
1280 2742 1500 2793 VVeltgesch.

853 2799 869 2835 I
886 2813 923 2850 p.
943 2801 1024 2841 269
1043 2812 1118 2850 seq.
