1909 3228
489 212 572 252 56⁰

461 326 483 360 5
493 317 652 362 λέουσι.

710 318 881 370 φυρῶσι
909 315 958 358 τὸ
989 316 1067 370 μὲν
1095 319 1213 365 σταῖς
1248 319 1360 358 τοῖσι
1395 317 1517 360 ποσί·

877 206 1344 246 HERODOTI

1577 316 1656 360 τόν
1690 317 1737 360 δὲ

487 396 627 452 πηλὸν
656 398 752 450 τῇσι
780 395 920 449 χερσὶ,
954 395 1025 437 καὶ
1053 395 1131 449 τὴν
1161 392 1328 448 κόπρον
1357 392 1641 446 ἀναιρέονται.
1684 396 1738 439 τὰ

489 477 633 518 αἰδοῖα
663 468 792 516 ὧλλοι
821 472 898 528 μὲν
928 473 1029 516 ἐῶσι
1059 472 1117 523 ὦς
1145 473 1366 528 ἐγένοντο,
1397 472 1509 528 πλήν
1529 472 1625 517 ὅσοι
1644 473 1764 518 ἆπὸ5

461 552 658 596 6τούτων
686 551 871 604 ἔμαθον·
903 550 1135 608 Αἰγύπτιοι
1165 551 1210 594 δὲ
1240 549 1586 607 περιτάμνονται.
1619 555 1736 609 εἵμα-

487 648 561 681 τα,
592 634 678 673 τῶν
706 631 783 686 μὲν
812 630 986 685 ἀνδρῶν
1015 632 1193 682 ἕκαστος
1221 631 1301 686 ἔχει
1333 631 1433 674 δύο·
1472 634 1558 673 τῶν
1588 631 1633 674 δὲ
1659 648 1739 687 γυ-

458 714 655 753 7ναικῶν
687 711 736 752 ἓν
776 708 940 766 ἑκάστη.
998 715 1084 753 τῶν
1125 712 1272 753 ἷστίων
1310 709 1412 760 τούς
1450 711 1629 765 κρίκους
1665 710 1740 754 καὶ

487 788 671 841 κοίλους,
703 790 747 832 οἷ
775 788 853 845 μὲν
877 788 1000 833 ἄλλοι
1020 790 1177 842 ἔξωθεν
1196 788 1480 844 προσδέουσι·
1511 788 1740 845 Αἰγύπτιοι

459 868 563 920 sois,
593 868 768 912 ἔσωθεν.
796 868 1025 926 γράμματα
1053 869 1272 926 γράφουσι
1300 869 1373 912 καὶ
1393 868 1635 923 λογίζονται
1654 867 1740 925 ψή-

431 1052 487 1099 ΙΙ,
521 1055 575 1093 77
604 1056 848 1090 memorantur
883 1067 997 1104 panes
1040 1066 1082 1091 ex

433 1110 533 1159 olyra
554 1110 726 1157 consecti,
757 1123 848 1159 quos
873 1111 981 1160 vulgo
1010 1111 1084 1159 cyl-

430 1165 528 1203 lestis
541 1164 712 1215 Aegyptii
730 1166 924 1216 appellant.
946 1167 1083 1204 Nostro

431 1221 510 1259 loco
532 1222 638 1258 Italus
660 1223 837 1272 interpres
851 1224 997 1274 copiosa
1008 1224 1082 1260 dis-

431 1279 618 1329 putatione
637 1275 780 1327 ὅλυραν
801 1281 985 1317 contendit
1002 1292 1082 1318 esse

433 1335 592 1372 hordeum
610 1334 817 1379 (lz'stz'cleum5
844 1336 951 1372 Gallo
974 1337 1083 1372 inter-

431 1391 525 1442 preti
549 1391 652 1427 Miot.
680 1391 819 1428 videtur
840 1405 920 1429 esse
942 1392 1081 1439 Sorglzo

433 1461 462 1484 s.
479 1447 610 1483 Holcus
625 1447 786 1494 sorglmm
797 1446 902 1483 Linn.
897 1476 917 1495 .,
935 1461 1005 1496 quo
1017 1448 1083 1484 ho-

432 1504 564 1552 dieque
580 1503 731 1539 maxime
743 1506 888 1538 utantur
899 1504 978 1540 Ae‘*
954 1504 1081 1552 gyptiss

432 1563 602 1596 vocantes
624 1557 770 1594 Dourah
788 1558 931 1608 belady,
949 1559 985 1594 id
1006 1564 1080 1596 cst:

432 1614 578 1652 Dourah
606 1614 823 1662 indagatione,
861 1627 932 1663 quo
953 1615 1081 1651 distin-

433 1675 564 1719 guatur
588 1683 609 1707 a
628 1669 775 1706 Dourali
799 1670 926 1720 clutmy
950 1670 973 1708 i.
997 1684 1028 1708 e.
1057 1682 1080 1707 a

432 1726 578 1764 Dourali
597 1731 745 1763 externo.

489 1784 646 1833 φυρῶσι
672 1779 714 1820 τὸ
747 1779 819 1832 μὲν
851 1783 958 1826 σταῖς
977 1783 1078 1819 τοῖσι

431 1839 526 1878 ποσί
545 1854 577 1877 κ.
597 1853 627 1876 τ.
649 1835 696 1887 λ.]
727 1838 928 1874 Confirmat
947 1837 1079 1873 Strabo

431 1895 536 1933 XVII
562 1909 596 1945 p.
622 1895 750 1940 1179,
769 1894 800 1931 C
833 1907 860 1929 s.
880 1905 965 1943 pag.
985 1896 1079 1940 823,

433 1952 534 2001 quod
571 1950 779 1987 Herodotus
818 1949 953 1986 retulit:
994 1963 1081 2000 pro-

431 2009 548 2059 prium
568 2007 662 2044 enim
689 2019 770 2043 esse
795 2005 1004 2055 Aegyptiis:
1034 2020 1077 2044 το

433 2061 504 2115 μὲν
531 2059 656 2113 πηλὸν
683 2065 768 2108 ταῖς
798 2061 903 2113 χερσὶ
932 2064 1078 2112 φυρᾶν,

431 2136 474 2159 το
507 2117 549 2157 δὲ
575 2117 687 2169 στέαρ
716 2133 758 2157 το
790 2118 846 2165 εἰς
871 2133 943 2168 την
961 2113 1080 2169 α’ρτο-

432 2177 570 2216 ποιῖἀν
590 2178 672 2221 τοῖς
690 2174 795 2213 ποσί.
854 2174 992 2217 Quibus
1013 2175 1079 2211 ad-

433 2234 486 2270 dit
511 2231 727 2280 Wesseling.
743 2230 949 2279 Anonym.
940 2243 976 2267 ln
1006 2230 1078 2279 Py-

432 2289 532 2338 thag.
557 2288 684 2336 reliqq.
709 2300 794 2336 pag.
813 2289 895 2328 714
918 2287 974 2324 ed.
995 2286 1075 2323 Gal.

431 2344 560 2382 Monet
589 2349 708 2381 autem
737 2343 798 2380 Cr.
827 2343 1005 2391 hodieque
1028 2342 1077 2379 sic

432 2402 509 2439 fieri
523 2401 560 2437 in
572 2400 759 2449 Aegypto,
789 2400 937 2436 testibus
959 2398 1076 2435 Gallis

432 2458 546 2494 doctis
576 2456 612 2493 in
641 2456 821 2505 Descript.
851 2456 897 2493 de
918 2454 1078 2504 l’Egypt.

432 2513 501 2549 vol.
520 2513 550 2548 11
572 2525 657 2562 pag.
678 2513 782 2554 386;
811 2512 906 2548 idem
923 2511 1076 2547 laudans

432 2568 649 2606 Hamacker.
669 2568 706 2604 in
722 2567 838 2606 Lectt.
858 2566 1075 2604 Philostratt.

433 2638 519 2674 pag.
555 2626 580 2666 5
610 2637 736 2673 seqq.,
782 2624 842 2672 qui
874 2628 1015 2669 tamen,
1047 2623 1074 2659 si

433 2677 559 2730 πηλόν
595 2680 743 2729 intelligi
775 2679 849 2716 vult
877 2681 1015 2726 vinum,
1054 2691 1076 2715 a

436 2735 502 2772 loci
529 2737 704 2773 sententia
735 2735 921 2774 aberrasse
945 2740 1077 2785 putan-

435 2791 501 2826 dus
535 2796 600 2827 est.
659 2792 795 2829 Confer
821 2793 867 2830 de
893 2792 959 2830 hac
989 2804 1076 2829 voce

434 2850 523 2882 nott.
542 2848 588 2882 ad
610 2846 660 2893 ΙΙ,
681 2847 746 2887 85.

1206 1049 1417 1106 Αἰγύπτιοι
1454 1050 1497 1092 δὲ
1537 1046 1795 1103 περιτάμνον-

1149 1109 1235 1160 ται]
1293 1110 1494 1147 Confirmat
1526 1109 1624 1146 idern
1661 1108 1794 1145 Strabo

1150 1167 1253 1205 XVII
1286 1180 1370 1217 pag.
1398 1167 1522 1212 1180,
1540 1164 1572 1202 A
1597 1178 1624 1201 S.
1641 1178 1678 1214 p.
1700 1164 1794 1205 824.

1150 1224 1259 1261 Plura
1282 1224 1328 1260 de
1357 1221 1619 1259 circumcisione
1637 1222 1795 1259 invenies

1148 1285 1240 1316 nott.
1262 1279 1308 1315 ad
1336 1278 1387 1325 ll,
1411 1279 1476 1319 37.
1500 1279 1590 1318 104.
1631 1276 1695 1314 CT.
1718 1277 1752 1314 h.
1771 1277 1793 1314 1.

1149 1336 1319 1373 amandat
1337 1336 1383 1371 ad
1395 1334 1533 1371 Vonck.
1552 1334 1697 1384 specim.
1718 1334 1793 1370 crit.

1149 1405 1233 1442 pag.
1255 1392 1307 1432 55
1327 1391 1381 1437 (in
1397 1390 1566 1440 Append.
1586 1402 1663 1439 cap.
1685 1388 1728 1436 1)
1759 1394 1794 1426 et

1149 1448 1322 1483 Huetium
1341 1447 1389 1483 ad
1406 1447 1558 1494 Origen.
1572 1445 1641 1482 vol.
1660 1444 1675 1481 I
1692 1458 1728 1496 p.
1742 1447 1793 1486 16

1149 1504 1206 1540 ed.
1223 1502 1353 1539 Ruaei.

1205 1558 1360 1608 εἵματα,
1391 1558 1471 1595 τῶν
1489 1553 1560 1606 μὲν
1581 1551 1740 1605 οἷνὸρῶν
1759 1571 1793 1594 κ.

1147 1630 1179 1653 τ.
1202 1614 1249 1664 λ.]
1282 1615 1389 1651 Conf.
1417 1613 1469 1659 11,
1492 1615 1557 1654 81.
1616 1613 1795 1662 Compro-

1148 1672 1278 1708 bantur
1305 1670 1393 1707 haec
1415 1668 1667 1718 Nymphodori
1693 1669 1795 1706 testi-

1145 1727 1265 1764 monio
1296 1738 1354 1774 ap.
1385 1724 1506 1761 Schol.
1540 1724 1588 1760 ad
1623 1724 1794 1774 Sophocl.

1147 1782 1279 1831 Oedip.
1305 1780 1433 1816 Colon.
1460 1781 1563 1825 331,
1602 1780 1661 1816 ubi
1686 1780 1796 1816 Seso-

1145 1838 1227 1875 stris
1268 1849 1406 1874 morem
1442 1836 1682 1874 introduxisse
1710 1848 1795 1873 nar-

1147 1898 1260 1931 ratur.

1203 1944 1411 2001 γράμματα
1430 1944 1629 2001 γράφουσι
1649 1962 1685 1986 κ.
1701 1962 1732 1986 τ.
1744 1949 1792 1994 λ.]

1147 2005 1264 2055 „Dici
1293 2019 1366 2043 non
1388 2010 1531 2056 potest,
1561 2016 1649 2054 quas
1670 2004 1794 2042 turbas

1148 2063 1291 2100 dederit
1307 2062 1404 2099 locus
1422 2062 1672 2107 Herodoteus,
1701 2073 1792 2109 quas

1145 2119 1242 2156 idem
1272 2118 1454 2156 molestias
1487 2117 1685 2154 exhibuerit
1704 2117 1789 2153 viris

1144 2175 1281 2221 doctis,
1311 2175 1372 2222 qui
1396 2173 1480 2210 inde
1510 2185 1531 2209 a
1557 2172 1689 2209 renatis
1712 2171 1791 2210 lite-

1143 2231 1190 2267 ris
1220 2231 1256 2266 in
1288 2230 1379 2266 hanc
1411 2242 1485 2267 rem
1520 2228 1789 2277 inquisiverunt.

1143 2285 1239 2324 Nam
1259 2286 1410 2335 primum
1432 2285 1498 2321 hoc
1518 2284 1722 2322 testimonio
1736 2285 1791 2321 usi

1145 2347 1226 2379 sunt
1243 2342 1284 2387 ii,
1305 2342 1365 2390 qui
1382 2342 1629 2378 Hebraeorum
1650 2353 1788 2378 sermo-

1143 2412 1226 2435 nem
1267 2399 1567 2448 scriptionemque
1596 2401 1790 2445 cognatum

1142 2455 1251 2491 fuisse
1278 2454 1540 2491 contenderunt
1565 2466 1643 2490 cum
1668 2452 1791 2502 Aegy·
1859 2477 1864 2481 -

1146 2511 1302 2560 ptiorum
1325 2523 1489 2548 sermone
1512 2521 1554 2546 ac
1582 2509 1789 2558 scriptione,

1144 2567 1272 2615 quibus
1290 2566 1346 2603 alii
1363 2566 1626 2615 obloquuntur,
1655 2565 1715 2613 qui
1734 2565 1789 2602 di-

1142 2635 1283 2659 versum
1310 2623 1419 2660 fuisse
1446 2621 1580 2657 volunt.
1646 2620 1788 2658 Deinde

1143 2679 1200 2715 alii
1230 2678 1407 2728 duplicem
1438 2677 1648 2727 scripturam
1669 2676 1790 2725 Aegy-

1142 2736 1294 2784 ptiacam
1363 2739 1520 2772 veterem
1575 2738 1788 2780 agnoscunt,

1141 2790 1306 2827 commoti
1335 2791 1413 2841 ipsa
1442 2789 1652 2826 auctoritate
1677 2789 1787 2838 patris

1143 2846 1332 2894 historiae,
1361 2852 1400 2884 ut
1426 2847 1487 2895 qui
1514 2845 1716 2893 vigentibus
1747 2842 1787 2879 li-
