1877 3223
353 208 437 248 234

746 205 1210 245 HERODOTI

325 319 422 372 2λη.
480 318 617 359 ταῦτα
646 315 724 370 μὲν
751 315 822 358 καὶ
848 314 909 358 ἔτι
937 314 981 365 ἐς
1008 313 1080 369 ἐμὲ
1109 309 1165 371 ἦν
1191 313 1436 369 περιεόντα·
1476 314 1528 358 τοὶ
1561 314 1599 358 δ’

353 393 594 446 ἐξαπόλωλε
622 394 675 440 τὰ
710 397 799 438 τῶν
828 391 1135 448 ἀναθημάτων.
1181 393 1234 436 τοὶ
1265 391 1307 436 δ’
1338 393 1384 437 ἐν
1425 396 1602 450 Βραγχί-

352 474 451 529 δῃσι
480 477 579 529 τῇσι
619 474 851 531 Μιλησίων
881 470 1138 529 ἀναθήματα
1179 473 1378 531 Κροίσῳ,
1424 472 1482 524 ὥς
1518 472 1601 529 ἐγώ

295 655 391 693 aliud
421 656 629 693 faciundum
669 657 814 707 putavi,
871 657 942 694 nisi

295 712 485 761 vulgatam·
504 712 693 750 lectionem
722 717 872 764 propter
900 713 941 749 li-

294 769 438 805 brorum
458 769 706 806 auctoritatem
734 770 816 818 (qui
846 770 940 807 enim

295 824 468 861 offerunt:
497 825 706 876 προνηΐοις
724 828 846 875 τοῖσι,
864 826 942 862 vul-

294 884 417 929 gatam
460 882 578 930 magis
619 881 745 919 fulcire
789 881 941 932 putandi

295 940 416 984 erunt,
446 949 554 986 quam
585 937 806 989 Προνοίης,
842 938 943 986 quod

294 993 341 1030 ab
364 993 530 1030 omnibus
552 994 656 1031 abest
675 994 795 1042 libris)
825 999 864 1030 ut
884 1006 943 1031 re-

292 1048 491 1098 linquerem
511 1050 692 1087 intactam.
723 1050 831 1086 Conf.
843 1049 941 1097 VIII,

293 1105 348 1146 37
374 1106 460 1155 ibiq.
482 1111 556 1143 not.
589 1111 625 1144 et
646 1107 804 1144 Pausan.
831 1105 886 1154 X,
916 1108 942 1148 8

293 1158 332 1211 §·
354 1160 403 1209 4,
433 1163 495 1212 qui
513 1164 666 1201 eandem
685 1175 761 1202 rem
785 1175 944 1201 comme-

295 1221 424 1255 morat.

348 1269 403 1312 τὰ
433 1267 473 1313 δ’
500 1269 723 1322 ἐξαπόλωλε
759 1272 818 1315 τὰ
845 1278 944 1316 τῶν

293 1323 588 1381 ἀναθημάτων]
647 1331 844 1370 Articulum
892 1328 941 1371 τοὶ

293 1386 399 1433 (ante
416 1388 516 1434 τῶν)
545 1400 626 1424 cum
651 1388 846 1427 Schaefero
877 1389 942 1426 de-

293 1441 378 1479 levit
403 1442 764 1491 Schweighaeuserus
803 1444 940 1494 (quem

293 1498 456 1546 sequitur
496 1498 733 1549 Gaisford.),
785 1501 941 1548 addens,

293 1553 363 1590 tria
395 1555 547 1591 forsitan
578 1556 705 1592 verba:
754 1552 812 1595 τὰ
841 1558 907 1594 τῶ
916 1570 940 1594 ν

295 1604 657 1661 ἀναθημάτων
698 1625 719 1650 e
749 1612 874 1662 glossa
903 1612 940 1648 in

293 1669 498 1703 contextum
516 1666 717 1717 irrepsisse.
776 1669 941 1712 Quorum

293 1726 457 1759 neutrum
476 1723 613 1772 probo,
633 1725 845 1773 praesertim
861 1738 941 1761 cum

293 1778 331 1814 in
351 1778 567 1828 repetitione
586 1780 722 1822 articuli
749 1781 802 1817 vis
829 1793 941 1830 quae-

293 1834 380 1871 dam
400 1834 523 1872 inesse
555 1835 720 1872 videatur
748 1840 859 1885 atque
886 1837 941 1873 in-

292 1891 398 1939 signe
420 1891 604 1939 quoddam
619 1893 887 1942 perspicuitatis
902 1892 940 1929 in

293 1947 457 1984 oratione
513 1947 671 1984 studium
727 1948 941 1997 declaretur,

292 2003 392 2052 quod
412 2003 508 2040 haud
519 2004 642 2054 paucis
652 2004 688 2041 in
698 2004 940 2042 locutionibus

292 2071 502 2109 expressum
522 2060 702 2109 w'demus,
715 2075 809 2110 quae
830 2063 942 2100 inter-

291 2116 455 2166 pretibus
481 2115 579 2153 haud
603 2129 684 2154 raro
715 2119 861 2155 fuerunt
883 2119 941 2154 of-

291 2172 458 2209 fensioni.
512 2172 634 2223 Atque
670 2173 856 2211 articulum
888 2174 940 2210 al-

292 2231 406 2265 terum
434 2225 505 2277 τοῖ,
556 2243 664 2279 quem
699 2243 824 2268 omnes
859 2229 939 2266 libri

292 2290 515 2334 agnoscunt,
557 2285 613 2323 his
652 2286 699 2325 de
737 2287 937 2323 rationibus

293 2340 386 2380 bene
420 2346 541 2380 tuetur
570 2342 746 2380 Matthiae
787 2341 824 2394 ἓ.
855 2344 937 2384 279

291 2402 366 2435 not.
385 2399 411 2438 3
439 2411 525 2449 pag.
546 2401 652 2446 567,
681 2403 844 2437 vertens:
874 2398 939 2435 (las

291 2454 415 2491 andere
432 2455 533 2504 aber,
560 2455 715 2494 niimlich
742 2455 798 2492 die
823 2454 938 2492 Weih-

291 2511 486 2557 geschenke.
515 2512 641 2559 „Alius
663 2512 806 2562 generis
820 2525 939 2550 exem-

291 2565 352 2616 pla
374 2568 519 2617 collegit
530 2569 744 2606 Boissonad.
763 2569 799 2605 in
818 2567 939 2606 Notic.

292 2626 329 2659 et
346 2623 506 2661 Extraits
526 2627 631 2667 1827
649 2625 756 2664 Tom.
774 2624 824 2662 xl
847 2628 940 2674 part.

292 2683 440 2717 extrem.
474 2693 510 2730 p.
530 2685 586 2723 22
614 2695 691 2731 seq.
722 2681 799 2719 coll.
822 2681 940 2719 Creu-

292 2737 365 2772 zeri
395 2741 469 2773 not.
493 2738 541 2774 ad
567 2738 700 2776 Plotin.
735 2750 820 2790 pag.
844 2738 941 2784 516,

293 2792 364 2830 C.“
399 2793 466 2830 Cr.

348 2845 394 2887 τά
426 2845 468 2889 δ’
505 2849 547 2890 ἐν
580 2850 818 2904 Βραγχίδῃσι
848 2851 939 2904 τῇσι

1011 656 1225 708 Μιλησίων
1257 651 1521 708 α’ναθήματα]
1562 654 1659 694 Arti-

1008 713 1106 751 culus
1127 716 1217 768 τῇσι
1239 715 1434 752 foeminino
1461 725 1594 763 genere
1622 717 1660 750 et

1008 770 1065 807 hic
1082 775 1117 808 et
1140 771 1232 807 infra
1252 770 1305 818 ll,
1326 772 1404 812 159
1440 771 1509 806 iam
1529 769 1659 807 veteri·

1007 826 1076 863 bus
1097 827 1335 876 grammaticis
1357 825 1565 876 disputandi
1593 838 1659 862 an-

1009 895 1087 919 sam
1128 883 1313 933 praebuit,
1364 882 1526 920 voculam
1566 883 1658 935 τῇσι

1009 939 1064 976 vel
1091 944 1295 989 corruptam
1323 939 1574 985 censentibus,
1602 937 1658 975 vel

1009 995 1242 1032 foemininum
1273 1008 1390 1043 genus
1417 1008 1485 1045 pro
1515 1006 1657 1031 mascu-

1009 1049 1082 1087 lino
1092 1051 1219 1088 Ionum
1237 1064 1280 1089 ex
1291 1064 1392 1088 more
1403 1050 1567 1100 usurpari
1583 1054 1659 1086 sta-

1009 1108 1206 1145 tuentibus.
1282 1107 1366 1144 Vid.
1411 1106 1658 1144 Philemonem

1011 1163 1306 1211 Grammaticum,
1326 1164 1386 1213 qui
1399 1163 1556 1200 secundo
1572 1165 1660 1213 post

1011 1219 1194 1257 Christum
1214 1226 1337 1258 natum
1356 1218 1499 1257 saeculo
1526 1218 1659 1255 vixisse

1009 1276 1236 1327 perhibetur,
1284 1277 1383 1326 apud
1418 1274 1658 1325 Pcrghyrium

1011 1332 1162 1375 Quaest.
1179 1333 1379 1370 Homericc.
1402 1345 1457 1382 cp.
1471 1333 1507 1371 8.
1538 1331 1659 1379 Atque

1008 1388 1135 1436 negari
1171 1390 1295 1437 nequit
1322 1389 1424 1425 facile
1451 1391 1601 1437 nropter
1628 1385 1658 1433 I,

1009 1446 1062 1484 46
1094 1444 1173 1491 (ubi
1197 1449 1252 1481 est
1277 1446 1366 1494 τῆς
1383 1443 1590 1492 Μιλησίης
1618 1440 1658 1487 ἐς

1008 1500 1244 1551 Βραγχίδας)
1275 1500 1367 1547 etl,
1400 1501 1478 1541 158
1506 1499 1585 1545 (ubi
1602 1502 1658 1536 est

1007 1571 1028 1594 τ
1041 1553 1093 1594 οὐ
1107 1571 1125 1602 ς
1144 1556 1396 1608 Βραγχίδας),
1427 1561 1463 1593 et
1483 1555 1540 1591 hic
1559 1559 1595 1592 et
1610 1553 1656 1602 ll,

1010 1612 1089 1653 159
1115 1614 1245 1662 corrigi
1270 1625 1383 1663 posse
1409 1614 1495 1661 τῆς
1519 1613 1657 1660 Μιλη-

1008 1668 1096 1718 σίης
1109 1681 1174 1718 pro
1192 1684 1213 1707 τ
1225 1671 1252 1723 ᾗ
1264 1680 1286 1707 σ
1299 1684 1311 1706 ι
1323 1697 1334 1715 ,
1366 1673 1404 1704 ut
1419 1666 1658 1720 Βραγχίδῃσι

1007 1730 1171 1762 servetur
1200 1725 1399 1762 masculino
1432 1736 1588 1772 genere,
1616 1727 1658 1759 ut

1007 1780 1047 1826 l,
1084 1782 1174 1821 158.
1234 1781 1335 1828 Sed,
1364 1784 1404 1816 ut
1431 1785 1569 1817 taceam
1596 1791 1658 1816 co-

1008 1836 1106 1874 dices
1125 1836 1273 1874 firmiter
1282 1849 1406 1874 omnes
1419 1837 1657 1885 refraganteS,

1007 1892 1210 1941 Schweigh.
1239 1893 1309 1929 alio
1336 1893 1446 1930 modo
1469 1892 1562 1929 hanc
1591 1904 1656 1941 ge·

1007 1949 1106 1986 neris
1127 1949 1372 1986 diversitatem
1386 1949 1423 1986 in
1440 1949 1526 1986 locis
1536 1949 1657 1986 Hero-

1008 2005 1124 2043 doteis
1144 2005 1322 2055 explicare
1338 2006 1484 2042 studuit.
1510 2004 1656 2041 Mascu-

1006 2060 1081 2098 lino
1100 2062 1194 2099 enim
1213 2074 1347 2111 genere
1366 2062 1416 2098 uti
1443 2061 1655 2111 scriptorem

1006 2122 1131 2168 putat,
1161 2123 1340 2167 quatenus
1356 2117 1580 2154 Branchidae
1600 2117 1655 2153 sa-

1007 2174 1104 2210 milia
1139 2174 1272 2210 suerint
1306 2174 1554 2219 sacerdotum,
1593 2171 1655 2220 qui

1006 2229 1179 2279 templum
1195 2234 1229 2266 et
1254 2229 1434 2266 oraculum
1455 2229 1656 2265 curaverint

1007 2287 1074 2333 (de
1089 2286 1218 2334 quibus
1235 2286 1306 2322 xid.
1326 2286 1373 2322 ad
1393 2285 1432 2331 l,
1449 2285 1502 2325 46
1529 2284 1655 2332 dicta).

1005 2341 1086 2379 Nec
1116 2341 1235 2378 minus
1266 2346 1361 2378 recte
1394 2342 1464 2378 dici
1490 2340 1654 2392 Bpayxt‘·

1007 2398 1073 2436 ὄαι
1094 2397 1287 2434 foeminino
1307 2411 1463 2446 genere,
1494 2398 1524 2433 si
1542 2398 1587 2434 de
1600 2396 1653 2434 lo-

1007 2467 1048 2490 co
1062 2482 1073 2501 ‚
1103 2454 1164 2502 qui
1183 2466 1226 2491 ex
1241 2454 1321 2504 ipsa
1341 2454 1406 2490 hac
1424 2454 1654 2490 sacerdotum

1006 2510 1138 2547 familia
1160 2523 1293 2548 nomeu
1320 2511 1477 2555 duxerit,
1506 2510 1655 2560 potissi-

1007 2579 1102 2603 mum
1137 2567 1202 2603 ssat
1239 2579 1370 2603 sermo,
1437 2566 1529 2603 Eam
1567 2578 1653 2604 vero

1008 2623 1076 2659 loci
1101 2623 1400 2671 significationem
1428 2623 1463 2658 in
1497 2622 1565 2659 hoc
1591 2635 1655 2660 eo-

1009 2680 1092 2716 dem
1134 2679 1243 2717 verbo
1282 2679 1424 2726 inesse,
1462 2678 1654 2716 monstrari

1008 2735 1053 2782 V,
1072 2737 1126 2776 36
1147 2735 1225 2773 coll.
1248 2736 1320 2782 vl,
1341 2735 1585 2778 19.Strabon.
1599 2734 1652 2772 IX

1007 2806 1043 2842 p.
1056 2792 1135 2832 421
1149 2820 1159 2838 ,
1182 2793 1224 2829 C.
1244 2792 1322 2829 coll.
1345 2791 1430 2830 XIV
1452 2805 1487 2841 p.
1501 2791 1594 2838 634,
1607 2791 1650 2828 C.

1007 2848 1127 2896 M'll,
1158 2847 1262 2896 814,
1294 2847 1336 2886 Α.
1405 2847 1462 2886 Ex
1487 2849 1542 2887 his
1566 2856 1650 2883 vero
