1909 3228
659 219 964 260 cL10.1.

1358 223 1443 265 45³3

189 326 380 384 Γύνδης,
416 328 493 374 τὸν
530 329 572 381 ἐς
600 329 673 381 τὰς
704 328 918 386 διώρυχας
951 328 1029 381 τὰς
1058 329 1263 388 ἑξήκοντά
1297 348 1341 376 τε
1369 333 1441 377 καὶ
1453 341 1498 375 80

186 409 436 463 τριηκοσίας
474 409 642 466 διέλαβε
680 406 704 452 ὁ
742 412 915 463 Κῦρος·

976 409 1159 467 στόμασι
1199 411 1247 454 δὲ
1275 410 1436 467 ἐξερεύ-

185 501 305 542 γεται
331 488 675 543 τεσσαράκοντα,
709 491 795 531 τῶν
823 486 875 531 τὰ
905 487 1068 541 πάντα,
1106 488 1217 547 πλὴν
1247 490 1366 544 ἑνός,
1396 490 1440 543 ἐς

129 685 215 723 pag.
243 672 420 710 XXVIIII
461 686 602 710 cursum
646 671 775 709 Araxis

127 742 353 779 persequens
379 733 415 766 et
432 730 550 765 varios
573 729 618 766 de
635 742 679 766 eo
698 729 776 766 He-

126 786 247 822 rodoti
264 786 361 822 locos
378 798 580 823 recensens.
637 785 775 822 Fontes

126 840 254 878 Araxis
280 855 361 879 esse
383 841 468 878 dicit
489 842 682 879 secundnm
699 841 777 879 He-

126 898 294 935 rodotum
317 898 354 935 in
383 898 531 946 regione
548 911 569 934 a
590 898 680 935 mari
702 898 775 934 Ca-

127 954 206 1004 spio
226 966 300 990 non
327 953 436 1003 longe
464 958 604 992 remota
632 954 778 991 australi

126 1022 273 1059 unaque
302 1011 525 1048 occidentali.
596 1011 777 1048 Herodoti

125 1079 210 1104 vero
235 1079 336 1104 error
361 1067 459 1104 hand
489 1066 642 1104 difficilis
664 1067 778 1116 expli-

125 1127 207 1160 catu
240 1122 292 1159 illi
323 1123 476 1160 videtur.
543 1123 643 1160 Alios
680 1123 776 1161 enim

123 1191 302 1226 narrasse,
313 1181 459 1216 fluvium
470 1192 654 1228 magnum,
668 1192 776 1228 quem

124 1235 371 1284 antiquavoce
382 1235 417 1273 T
420 1237 572 1273 artarica
581 1236 673 1282 Ras,
683 1235 775 1272 Aras

123 1292 305 1339 vocarint,
326 1292 508 1329 montibus
530 1292 701 1329 Matienis
721 1293 775 1329 ef-

122 1348 243 1384 fusum
263 1348 354 1385 mari
369 1348 504 1398 Caspio
516 1348 669 1393 misceri,
682 1347 772 1384 alios

121 1407 248 1441 contra
272 1405 406 1441 dixisse
426 1406 539 1441 ssuere
555 1417 622 1453 per
638 1409 771 1440 terram

120 1471 143 1496 a
163 1460 301 1510 Caspio
332 1460 420 1497 mari
448 1461 623 1498 orientem
644 1472 770 1496 versus

120 1515 226 1553 sitam
245 1516 282 1553 in
301 1515 593 1565 Massagetarum
611 1515 772 1553 terminis

118 1585 291 1621 magnum
312 1573 459 1610 fluvium
472 1602 482 1620 ‚
512 1585 621 1621 quem
641 1572 772 1610 eodem

118 1629 270 1667 nomine
291 1629 384 1667 Aras
415 1629 598 1676 vocarint,
645 1641 772 1678 quem-

119 1686 317 1723 admodum
333 1687 370 1723 in
389 1685 510 1723 Africa
527 1686 680 1735 quodvis
700 1687 769 1721 ssu-

119 1753 204 1778 men
239 1742 352 1779 maius
392 1743 531 1779 dicatur
562 1740 671 1779 Nilus
685 1770 696 1788 ‚
732 1741 770 1777 in

120 1797 253 1835 Suecia
270 1797 371 1834 Elbe.
402 1798 563 1835 Graecos
580 1799 666 1834 inde
683 1809 771 1834 con-

120 1853 230 1891 cludit
250 1854 457 1890 confudisse
484 1858 674 1902 utrumque
701 1855 770 1889 flu-

120 1910 214 1946 vium
236 1915 273 1948 et
292 1923 359 1960 pro
382 1922 456 1946 uno
485 1909 688 1957 eodemque
705 1908 770 1944 ha-

119 1966 250 2003 buisse.
309 1966 400 2003 Post
418 1965 574 2002 Rennel.
595 1965 642 2001 ad
661 1964 770 2001 IVes-

119 2022 263 2071 selingii
295 2026 417 2072 partes
449 2035 488 2059 se
519 2020 770 2072 applicuerunt

117 2077 320 2116 Larcherus
332 2107 343 2126 ,
363 2078 440 2124 alii,
461 2090 552 2127 quos
567 2077 652 2114 citat
663 2076 768 2124 Hey-

119 2147 159 2172 se
175 2134 197 2171 l.
216 2135 239 2172 l.
258 2147 345 2185 pag.
373 2137 453 2175 102
472 2138 549 2170 not.
570 2135 662 2173 106.
677 2131 769 2169 Gal-

118 2190 193 2228 lum
208 2192 353 2228 doctum
369 2191 415 2228 de
433 2190 467 2227 la
479 2189 609 2227 Nauze
627 2193 767 2226 secutus

119 2252 175 2285 est
192 2247 374 2285 Mannert.
398 2247 436 2284 in
466 2246 606 2295 Geogr.
638 2246 704 2281 Gr.
730 2249 767 2282 et

117 2303 263 2342 Romm.
291 2303 343 2340 IV
374 2316 460 2354 pag.
482 2304 547 2343 87.
567 2305 632 2343 90.
663 2300 717 2348 V,
739 2303 767 2342 2

118 2372 205 2410 pag.
224 2362 304 2401 209
323 2372 399 2408 seq.
437 2358 645 2410 Disputavit
661 2358 769 2395 etiam

119 2415 292 2452 nonnulla
316 2414 491 2453 Niebuhr.
519 2415 542 2451 l.
560 2414 581 2451 l.
609 2427 645 2463 p.
662 2417 768 2459 2223

120 2483 216 2519 quae
243 2471 330 2520 quid
365 2472 413 2508 ad
449 2471 629 2509 Herodoti
652 2470 768 2506 locum

119 2526 368 2564 illustrandum
399 2528 555 2573 saciant,
584 2539 657 2562 non
682 2526 768 2562 satis

119 2582 326 2633 perspicere
341 2595 499 2632 possum.
528 2581 653 2619 Malim
667 2582 769 2630 equi-

121 2639 206 2676 dem
233 2638 279 2674 ab
312 2651 436 2675 eorum
461 2638 623 2688 partibus
658 2642 767 2685 stare,

121 2695 183 2743 qui
210 2694 386 2741 Araxem,
423 2694 519 2731 cuius
547 2694 603 2730 ln'c
631 2693 767 2730 mentio

120 2750 183 2797 fit,
222 2750 320 2786 haud
348 2750 455 2786 alium
490 2763 571 2788 esse
606 2754 768 2786 statuunt

120 2810 231 2854 atque
245 2804 439 2853 Iaxartem,
451 2818 531 2843 cum
550 2805 652 2842 Oxus
669 2806 768 2855 apud

122 2861 350 2899 Herodotum
376 2861 463 2900 Acis
488 2862 634 2900 nomine
669 2861 766 2900 desi-

844 676 977 722 gnetur
990 703 1000 721 ,
1028 678 1064 711 et
1082 674 1218 723 reliqua
1236 674 1364 713 Nostri
1384 676 1495 714 verba
1561 669 1564 673 ⁴

845 730 892 766 ad
909 729 1086 767 Iaxartem
1098 732 1321 780 potissimum
1338 745 1405 770 nos
1427 733 1495 769 du-

845 798 926 823 cere
964 787 1162 824 videantur.
1221 788 1281 825 Tu
1311 789 1382 827 vid.
1414 789 1495 827 Ke-

844 841 1028 892 phalidem
1047 844 1093 880 de
1110 842 1247 881 Histor.
1262 845 1372 895 Casp.
1384 845 1491 882 maris

844 910 931 949 pag.
951 900 1034 941 357
1053 911 1155 948 seqq.
1176 899 1337 949 inprimis
1356 915 1391 951 p.
1410 902 1491 942 371

845 968 923 1003 seq.
954 955 1033 992 coll.
1054 968 1141 1006 pag.
1160 958 1242 997 269
1261 969 1363 1006 seqq.
1392 956 1494 994 Hee-

845 1024 921 1048 ren.
942 1011 1053 1049 Ideen
1076 1011 1111 1058 I,
1129 1015 1155 1053 2
1174 1025 1210 1061 p.
1237 1015 1330 1053 292.
1361 1012 1490 1050 Ritter.

843 1066 1046 1105 Erdkunde
1066 1068 1099 1104 ΙΙ
1120 1081 1157 1117 p.
1177 1068 1270 1108 658.
1289 1067 1384 1109 848.
1423 1068 1492 1104 Cui

843 1125 1043 1161 sententiae
1069 1124 1269 1162 firmandae
1294 1124 1383 1161 illud
1401 1124 1493 1161 adii-

844 1180 891 1217 cit
924 1179 1304 1229 Schwffighaeuserus,
1343 1181 1391 1218 ad
1424 1178 1490 1217 Ια-

842 1240 980 1273 xartem
1001 1236 1192 1273 memorari
1209 1236 1333 1273 urbem
1352 1249 1374 1273 a
1392 1236 1491 1284 Cyro

842 1293 1043 1339 conditam,
1072 1292 1218 1329 nomine
1249 1290 1491 1343 Κυρὲσχατα,

842 1348 888 1385 de
925 1361 996 1397 qua
1024 1347 1157 1385 Cellar.
1202 1347 1239 1384 in
1276 1348 1489 1398 Geograph.

839 1402 964 1453 Antiq.
995 1403 1066 1450 111,
1091 1406 1143 1444 21
1175 1415 1261 1453 pag.
1284 1405 1376 1444 834.
1394 1406 1488 1445 836.

839 1459 933 1496 Illud
952 1459 1059 1497 etiam
1078 1459 1164 1496 addi
1180 1459 1335 1509 poterit,
1361 1459 1488 1496 Araxis

839 1516 987 1553 nomine
1019 1515 1140 1566 plures
1180 1514 1328 1553 orientis
1360 1515 1489 1552 fluvios

838 1573 1002 1621 insignes
1029 1584 1127 1617 esse3
1157 1571 1295 1621 quippe
1327 1571 1490 1621 appella-

840 1629 951 1666 tivum
998 1628 1164 1679 primitus
1200 1628 1312 1665 fuisse
1346 1627 1489 1665 videtur

838 1698 984 1732 nomen,
1000 1684 1164 1735 pluribus
1184 1683 1269 1721 dein
1287 1684 1402 1721 fluviis
1424 1683 1489 1720 tri-

836 1742 973 1779 butum.
1031 1741 1154 1788 Confi,
1171 1753 1218 1777 ne
1235 1739 1360 1790 plura,
1387 1739 1489 1777 Hee-

837 1810 914 1835 ren.
935 1798 957 1834 l.
977 1796 1000 1833 l.
1019 1796 1059 1843 Ι,
1078 1799 1102 1838 1
1129 1809 1216 1847 pag.
1234 1795 1288 1837 55
1303 1799 1341 1833 et
1355 1795 1486 1832 Ritter.

838 1853 898 1889 l.l.
924 1866 960 1902 p.
979 1852 1074 1893 658.
1131 1850 1262 1888 Facilis
1291 1863 1376 1888 vero
1399 1863 1488 1888 con-

836 1909 942 1955 fusio,
959 1920 1068 1957 quam
1086 1907 1145 1944 vix
1161 1906 1299 1944 Noster
1313 1906 1487 1955 effugisse

836 1964 999 2011 videtur,
1036 1975 1117 2000 cum
1143 1961 1270 1999 Araxis
1296 1963 1415 1999 fontes
1447 1962 1486 1999 in

836 2019 1006 2057 Matienis
1044 2031 1125 2056 esse
1153 2018 1210 2055 hic
1245 2018 1397 2066 scribat,
1427 2018 1486 2055 iti-

835 2077 992 2125 demque
1007 2075 1070 2122 IV,
1091 2073 1145 2115 40
1168 2074 1343 2112 orientem
1359 2086 1484 2111 versus

836 2145 917 2170 eum
936 2134 1050 2168 fluere
1076 2131 1207 2168 tradat.
1264 2130 1367 2167 Haec
1388 2130 1481 2168 enim

832 2201 908 2226 non
928 2188 976 2224 ad
996 2186 1176 2224 Iaxartem
1194 2186 1366 2224 seriorum
1379 2214 1390 2233 ,
1410 2199 1483 2235 quo

833 2245 974 2292 reliqna
1020 2245 1066 2281 de
1108 2242 1227 2279 Araxe
1270 2242 1482 2279 Herodoteo

834 2302 1032 2352 pertinent,
1053 2299 1178 2336 referri
1193 2301 1376 2348 poterunt.
1405 2298 1483 2335 Sed

835 2358 924 2394 vidit
941 2356 1009 2393 hoc
1026 2356 1097 2392 iam
1126 2353 1322 2392 Rennelius
1347 2354 1483 2404 proba-

835 2414 957 2462 vitque
990 2412 1116 2459 Heyse
1148 2410 1171 2447 l.
1210 2410 1233 2447 l.
1263 2409 1341 2446 coll.
1367 2409 1482 2446 Dahl-

835 2482 956 2506 mann.
976 2468 1115 2505 Herod.
1135 2479 1221 2517 pag.
1236 2465 1326 2507 142.
1357 2465 1480 2501 Szabo

833 2525 1015 2575 Descript.
1039 2523 1140 2561 Pers.
1168 2523 1295 2574 imper.
1321 2534 1406 2572 pag.
1425 2520 1480 2562 44

835 2596 875 2619 se
905 2611 913 2618 .

878 2595 1057 2687 qo‘rdnam
1072 2632 1115 2674 δὲ
1136 2630 1372 2687 ἐξερεύγεται
1390 2643 1480 2671 τεσ-

834 2689 1083 2743 σαράκοντα]
1125 2691 1232 2734 Quae
1269 2690 1362 2726 ostia
1395 2689 1480 2725 dicit

832 2750 1057 2794 Herodotus,
1068 2748 1182 2797 fluvii
1195 2747 1362 2783 dicuntur
1377 2745 1479 2781 Stra-

834 2806 920 2842 boni
955 2804 977 2840 Ι.
1016 2803 1038 2840 Ι.
1074 2802 1242 2841 scribenti
1279 2801 1480 2852 σχίζεσθαι

834 2858 900 2901 τόν
921 2854 1088 2912 Ἀράξην
1110 2857 1166 2907 εἰς
1186 2853 1478 2910 τεσσαράκοντα
