1909 3228
452 205 536 246 728
844 200 1316 241 HERODOTI

453 312 508 356 οὐ
529 311 714 366 περιεῖδε
733 308 911 353 ἱστάντα
941 310 1189 365 ἔμπροσθεν
1218 307 1481 364 ἀνδριάντα,
1512 309 1601 367 φὰς
1620 310 1713 362 ,,οὕ
1725 317 1769 350 20

454 392 534 442 „oi
561 391 832 444 πεποιῆσθαι
870 388 976 444 ἔργα
1016 385 1087 432 οἶά
1123 404 1204 443 περ
1239 387 1464 444 Σεσώστρι
1488 394 1548 447 τῷ
1576 392 1712 446 Αἰγυ-

451 469 607 526 ,,πτίῳ.
668 467 922 521 Σέσωστριν
959 467 1039 522 μὲν
1077 466 1162 523 γὰρ
1198 466 1308 510 ἄλλα
1345 483 1388 510 τε
1418 472 1713 524 καταστρέψα-

452 580 476 598 „
490 552 594 589 σθαι
623 546 753 589 ἔθνεα
783 545 866 590 οὐκ
896 546 1061 590 ἐλάσσω
1094 547 1284 598 ἐκείνου,
1315 547 1387 589 καὶ
1417 546 1469 602 δή
1499 549 1572 590 καὶ
1596 548 1714 591 Σκύ-

647 630 838 679 Δαρεΐον
880 626 925 669 δὲ
964 625 1019 670 οὐ
1058 627 1334 681 δυνασθῆναι
1371 626 1552 678 Σκύθας
1587 626 1712 670 ἑλεῖν.

425 710 482 755 3,,
495 702 643 747 οὔκων
679 705 850 747 δίκαιον
891 703 1002 748 εἶναι
1042 703 1214 749 ἱστάναι
1243 704 1463 760 ἔμπροσθε
1491 708 1580 748 τών
1609 706 1773 749 ἐκεί-25

454 800 573 834 ,,νου
603 782 916 840 άναθημάτων,
965 782 1024 840 μὴ
1065 781 1148 827 οὐκ
1186 782 1571 840 ὑπερβαλλόμενον
1606 790 1719 828 τοῖσι

454 861 691 917 ,,ἐ’ργοισι.“
747 868 941 917 Δαρεῖον
979 862 1060 918 μὲν
1095 879 1180 906 νυν
1217 863 1393 920 λέγουσι
1430 862 1544 919 πρὸς
1583 867 1720 907 ταῦτα

456 941 717 997 συγγνώμην
745 941 1027 999 ποιήσασθαι.

452 658 476 676 „
485 630 587 675 aas·

296 1030 392 1075 111

124 1095 240 1127 Pin—ro,
267 1095 304 1121 ab
331 1103 400 1122 aun.

126 1130 187 1155 '25:27
223 1128 260 1154 ud
278 1161 284 1167 .
307 1128 368 1168 ΓΔΕ-Η
390 1139 397 1155 :

125 1170 217 1197 quan:
227 1166 399 1189 auusentet

565 1020 841 1077 Σεσώστριος
870 1021 916 1065 δὲ
945 1020 1298 1077 τελευτήσαντος,
1345 1022 1599 1073 ἐκδέξασθαι
1629 1021 1717 1064 ἔλε-

457 1115 536 1155 γον
565 1100 645 1157 τήν
679 1103 909 1157 βασιληΐην
946 1099 1024 1145 τόν
1060 1102 1197 1145 παῖδα
1231 1098 1369 1145 αὐτοῦ
1408 1104 1582 1156 Φερῶν·
1639 1099 1721 1143 τόν

399 1331 654 1368 commorantis
670 1331 837 1383 nuspiam
856 1330 898 1369 fit
907 1330 1056 1377 mentio,

398 1388 468 1424 nisi
488 1400 597 1424 unum
617 1388 773 1438 excipias
798 1387 1055 1426 Aristoteleum

401 1443 519 1480 locum
530 1444 566 1480 in
577 1444 702 1481 Rhett.
722 1444 768 1492 II,
782 1448 835 1485 20
848 1458 885 1495 p.
898 1444 995 1489 570,
1007 1442 1051 1480 A.

400 1500 477 1537 Sed
510 1503 655 1549 poterat
685 1501 810 1549 utique
846 1501 901 1547 ei,
946 1512 1054 1549 quem

399 1569 461 1593 rex
482 1555 616 1592 Darius
637 1569 701 1593 suo
722 1556 801 1593 loco
828 1556 865 1593 in
883 1555 1053 1606 Aegypto

400 1612 636 1650 constituerat
671 1612 835 1661 regulum
872 1626 899 1649 s.
938 1616 1053 1649 satra-

400 1681 508 1720 pam,
535 1667 610 1706 tale
639 1669 728 1717 quid
750 1669 972 1718 respondere
994 1681 1055 1705 sa-

402 1726 556 1770 cerd0s;
603 1725 704 1773 quod
745 1725 830 1762 dein
859 1725 908 1761 ad
937 1725 1055 1773 ipsum

403 1793 526 1828 regem
544 1781 724 1831 perlatum
737 1780 830 1817 illius
841 1780 931 1817 iram
941 1780 1056 1817 haud-

401 1849 586 1887 quaquam
604 1837 729 1873 movit.

459 1889 592 1931 οὔκων
622 1892 781 1931 δίκαιον
819 1888 921 1931 εἶναι
952 1886 1058 1931 ἷστά-

402 1964 470 1987 ναι
502 1947 703 2000 ἔμπροσθε
737 1964 773 1987 κ.
793 1963 828 1987 τ.
847 1947 906 1999 λ.]
950 1948 1058 1986 Hunc

403 2006 519 2042 {ocum
539 2018 619 2042 cum
636 2005 684 2042 W
687 2006 791 2043 erfer.
812 2006 914 2053 (actt.
928 2004 1057 2041 Monu.

407 2062 417 2097 1
442 2074 528 2111 pag.
545 2063 644 2109 107)
675 2062 726 2098 sic
752 2063 991 2112 interpretor:
1021 2074 1059 2098 eo

404 2120 565 2167 iniquum
604 2130 674 2155 esse
691 2147 703 2165 ‚
750 2122 892 2154 statuas
933 2130 1059 2167 ponere

405 2187 608 2224 quemquam
648 2177 729 2211 ante
762 2174 861 2212 illius
898 2174 1060 2221 donaria,

402 2233 475 2267 nisi
504 2243 580 2267 eum
604 2231 702 2267 rebus
732 2234 842 2279 gestis
872 2234 1060 2280 superaret.

403 2287 479 2324 Ubi
515 2288 671 2324 &Versen
700 2287 887 2324 admonuit
915 2300 1062 2337 quoque

404 2343 585 2394 participii
601 2357 688 2380 usus
700 2373 710 2391 ,
741 2345 797 2381 cui
813 2345 1062 2394 praepositum

408 2396 464 2449 μή
488 2395 536 2438 οὐ
551 2431 560 2447 ,
589 2401 670 2437 nisi.
702 2399 760 2438 De
783 2413 856 2449 quo
878 2413 946 2436 usu
967 2413 1063 2436 nuuc

406 2456 477 2492 vid.
501 2454 632 2493 Matth.
653 2456 719 2492 Gr.
739 2457 804 2493 Gr.
835 2469 920 2506 pag.
944 2458 1064 2497 1230.

408 2510 462 2550 ἱσ
482 2527 502 2549 τ
523 2507 547 2549 ά
568 2527 591 2551 ν
611 2528 634 2550 α
657 2527 670 2550 ι
718 2512 787 2559 (nt
816 2512 924 2562 paulo
955 2517 1064 2549 antea

409 2563 573 2607 ἱστάντα
587 2590 634 2596 -
649 2563 886 2620 οἷνδριάντα)
907 2569 1065 2605 transiti-

409 2636 453 2660 ve
472 2625 722 2675 accipiendum
743 2626 789 2662 de
810 2638 853 2662 eo
866 2654 876 2671 ‚
906 2626 967 2673 qui
992 2630 1067 2661 sta-

412 2684 511 2716 tuam
539 2681 690 2718 collocat
710 2709 722 2728 ,
761 2684 801 2717 ut
832 2681 936 2718 sacile
967 2681 1069 2718 obie-

414 2740 508 2771 ctum
538 2737 594 2774 hie
626 2738 799 2774 omissum
830 2750 873 2775 ex
896 2737 1068 2774 sermonis

416 2795 582 2828 contextu
616 2793 776 2842 suppleri
806 2794 943 2843 possit,
974 2789 1068 2832 άνά-

417 2850 532 2896 θημα
553 2862 581 2883 5.
600 2844 831 2900 άνδριάντα.
867 2850 973 2894 Quae
991 2863 1070 2887 cuin

1125 1332 1177 1370 ita
1216 1331 1289 1370 sint
1309 1360 1321 1380 ,
1357 1331 1456 1369 haud
1484 1330 1648 1380 intelligo
1667 1358 1679 1378 ‚
1717 1343 1780 1368 cur

1123 1388 1470 1438 Schweighaeusero
1485 1388 1710 1426 commodius
1726 1388 1781 1423 vi-

1123 1445 1253 1482 deatur
1273 1440 1434 1484 ἓστάναι
1453 1446 1508 1483 vel
1522 1446 1663 1494 στῆναι
1681 1444 1778 1490 (sta-

1122 1502 1178 1549 re)
1200 1514 1268 1551 pro
1294 1496 1477 1550 ἱστάναι,
1512 1501 1612 1551 quod
1631 1500 1778 1551 aptissi-

1122 1570 1219 1595 mum
1238 1557 1368 1594 iudico.

1330 1641 1442 1692 Cap.
1474 1640 1574 1679 CXI.

1179 1723 1250 1765 τὸν
1275 1725 1401 1764 παῖδα
1423 1720 1554 1764 αὐτοῦ
1587 1725 1683 1776 Φερ
1698 1724 1778 1774 ὧν]

1123 1782 1310 1821 Diodorus
1328 1782 1356 1827 I,
1369 1781 1422 1822 59
1435 1782 1529 1831 patri
1541 1781 1782 1829 (Sesostridi)

1125 1840 1163 1876 in
1181 1851 1296 1887 regno
1324 1838 1436 1874 filium
1461 1838 1675 1876 successisse
1696 1838 1785 1874 scri-

1126 1895 1204 1942 bit,
1244 1898 1403 1931 assumto
1442 1898 1595 1944 paterno
1625 1895 1784 1931 nomine.

1126 1951 1286 1989 Eusebio
1311 1950 1409 1987 idem
1447 1950 1576 1987 dicitur
1622 1947 1783 2002 Φαραώ,

1127 2008 1274 2045 nomine
1330 2006 1595 2057 Aegyptiorum
1657 2020 1784 2056 regiun

1128 2063 1335 2110 communi,
1365 2076 1438 2112 quo
1458 2063 1538 2113 ipso
1556 2075 1670 2112 regem
1689 2064 1787 2100 desi-

1129 2120 1233 2169 gnari
1252 2121 1324 2157 iam
1354 2132 1462 2156 nemo
1489 2120 1643 2156 dubitat.
1700 2119 1784 2156 Vid.

1129 2176 1417 2225 WVesseiingium
1448 2175 1495 2212 ad
1516 2175 1668 2212 Diodor.
1695 2175 1716 2212 l.
1748 2180 1785 2213 et

1130 2234 1301 2270 Creuzer.
1323 2245 1449 2269 comm.
1462 2232 1628 2269 Herodd.
1651 2234 1785 2282 p.212.

1129 2288 1240 2339 Apud
1258 2288 1517 2325 Manethonem
1547 2289 1643 2325 idem
1661 2287 1788 2338 appel-

1130 2345 1226 2382 latur
1249 2344 1444 2394 Rampses,
1476 2346 1575 2393 quod
1593 2357 1615 2381 a
1632 2350 1786 2395 paterno

1130 2402 1278 2438 nomine
1298 2413 1370 2437 non
1390 2400 1496 2438 valde
1520 2401 1633 2438 abest.
1672 2401 1788 2438 Sexa-

1133 2458 1234 2506 ginta
1254 2470 1315 2493 sex
1327 2470 1442 2494 annos
1455 2470 1605 2505 regnum
1626 2457 1788 2494 tenuisse

1132 2516 1247 2551 sertur
1267 2514 1439 2563 pacisque
1459 2514 1597 2550 artibus
1616 2513 1788 2550 indulsis-

1135 2583 1174 2607 se
1195 2599 1207 2616 ,
1250 2570 1287 2606 in
1325 2570 1565 2606 monumentis
1608 2570 1788 2619 erigendis

1135 2626 1238 2663 unice
1271 2631 1412 2675 patrem
1443 2630 1599 2663 sectatus
1617 2640 1628 2671 3
1673 2638 1786 2675 quare

1137 2683 1214 2720 eius
1232 2694 1366 2719 nomen
1384 2681 1557 2719 columnis
1581 2682 1786 2731 ingentibus

1136 2738 1260 2789 palatii
1269 2751 1385 2788 prope
1396 2739 1547 2775 Karnak
1560 2739 1788 2789 insculptum,

1138 2800 1177 2830 ut
1196 2794 1461 2845 Champollioni
1490 2795 1643 2832 videtur.
1702 2794 1784 2830 Vid.

1138 2850 1297 2888 Heeren.
1316 2851 1426 2889 ldeen
1444 2851 1499 2899 ΙΙ,
1517 2853 1541 2890 2
1571 2865 1608 2902 p.
1628 2851 1710 2891 323
1731 2863 1784 2899 sq.
