1909 3228
399 209 518 249 -600
826 205 1293 245 HERODOTI

433 319 495 374 τῷ
521 317 633 372 θεῷ,
663 313 737 357 καὶ
763 313 817 356 τὰ
843 312 891 356 ἐν
919 317 1033 356 τοῖσι
1051 312 1244 368 Ἕλλησι·
1275 312 1498 369 ὁμότροπα
1522 315 1604 372 γὰρ
1631 315 1687 359 ἂν

401 389 490 450 7ἧν
515 398 628 436 τοῖσι
644 390 846 447 ’Έλλησι,
876 392 951 435 καὶ
979 389 1032 435 οὐ
1062 392 1215 435 νεωστὶ
1244 391 1467 447 ἐσαγμένα.
1516 394 1571 438 οὐ
1601 394 1688 450 μὴν

436 470 538 516 οὐδὲ
568 467 694 526 φήσω
724 468 837 520 ὅκως
866 469 1099 525 Αἰγύπτιοι
1132 468 1239 524 παρ’
1275 468 1492 527 Ἑλλήνων
1529 473 1686 528 ἔλαβον

435 550 462 606 ἢ
491 553 642 600 τοῦτο,
679 546 704 604 ἢ
734 548 841 592 ἄλλο
871 547 955 592 κου’
984 567 1024 592 τι
1052 548 1253 604 νόμαιον.
1299 549 1520 593 πυθέσθαι
1539 551 1584 594 δέ
1611 569 1685 606 μοι
1698 560 1743 592 7ο

437 626 575 672 δοκέει
612 625 795 682 μάλιστα
829 626 1097 685 Μελάμπους
1135 628 1188 671 τὰ
1222 627 1320 683 περὶ
1360 627 1439 671 τὸν
1466 627 1689 672 Διόνυσον

381 821 548 872 explicuit
565 821 849 872 Wesselingius:
879 821 1030 871 „Negat

380 878 590 916 Herodotus
628 891 714 916 casu
750 879 898 916 fortuito
941 891 1032 928 qua-

382 934 512 972 drasse
520 934 697 984 Dionysia
711 933 977 985 Aegyptiorum
994 937 1030 971 et

383 991 626 1028 Graecorum:
656 995 732 1027 tum
752 991 847 1029 enim
865 992 902 1028 in
915 990 1033 1028 omni-

383 1047 450 1084 bus
470 1046 615 1095 gemina
635 1059 809 1096 germana
830 1047 958 1096 (quod
975 1059 1034 1084 se-

383 1117 446 1140 cus
465 1104 561 1150 erat)
581 1116 699 1152 neque
713 1104 855 1141 noviter
865 1105 902 1140 in
915 1103 1034 1140 Grae-

384 1160 472 1196 ciam
494 1159 637 1196 invecta
653 1172 734 1197 esse
755 1160 936 1198 debuisse.
960 1159 1034 1195 Ita-

384 1228 455 1265 que
484 1214 630 1253 aliunde
663 1216 873 1264 advenisse,
903 1216 969 1253 sed
997 1216 1034 1252 in

383 1271 507 1323 paucis
538 1273 815 1309 transmutata.“
870 1272 938 1309 Est
966 1272 1035 1319 igi-

385 1332 445 1365 tur
477 1327 714 1377 συμπίπτειν
743 1341 850 1376 casu,
878 1328 1035 1378 fortuito

386 1385 582 1430 convenire,
613 1397 798 1432 congruere
813 1413 823 1431 ‚
843 1385 1015 1434 quadrare
1022 1397 1034 1428 ;

386 1440 486 1488 quod
500 1439 668 1489 displicet
676 1440 1035 1488 Schweighaeusero,

387 1496 449 1544 qui
469 1495 546 1544 ipse
561 1495 796 1545 συμπίπτειν
811 1497 858 1533 de
876 1496 917 1532 iis
928 1495 1035 1533 rebus

387 1551 456 1588 dici
484 1551 627 1598 statuit,
658 1564 751 1600 quae
769 1551 894 1598 simul,
924 1551 1036 1587 eodem

388 1610 533 1656 tempore
571 1606 736 1644 accidant
768 1607 824 1645 vel
862 1610 1036 1651 existant,·

388 1663 439 1699 ita
461 1667 499 1698 ut
526 1662 736 1700 Herodotus
758 1675 893 1712 negare
915 1663 1038 1701 volue-

388 1718 434 1756 rit
457 1717 581 1765 sz'mul,
620 1718 732 1755 eodem
762 1722 907 1769 tempore
927 1721 1036 1756 exsti-

389 1776 471 1811 tisse
485 1777 663 1823 ortumque
674 1777 800 1823 cepisse
809 1774 948 1812 Bacchi
960 1775 1037 1812 cul-

390 1834 462 1866 tum
499 1830 599 1880 apud
627 1830 829 1880 Aegyptios
867 1835 904 1867 et
939 1831 1039 1881 apud

390 1885 564 1923 Graecos.
622 1885 698 1923 Sed
719 1886 787 1924 hoc
805 1887 961 1924 alienum
991 1887 1037 1923 ab

389 1941 569 1979 Herodoti
607 1945 730 1980 mente
760 1956 841 1980 esse
873 1946 1040 1993 apparet,

391 2002 430 2033 ut
451 1997 511 2046 qui
531 2010 603 2034 non
615 1997 660 2035 de
681 2001 844 2048 tempore
862 1998 897 2035 h.
909 1999 931 2035 l.
944 1999 1041 2036 edis-

391 2057 498 2100 serat,
509 2066 581 2102 quo
599 2053 732 2091 Bacchi
756 2068 858 2092 sacra
874 2055 909 2092 in
924 2055 1041 2093 Grae-

391 2110 444 2146 cia
464 2110 692 2157 exstiterint,
723 2111 791 2148 sed
811 2111 858 2149 de
880 2111 1041 2148 similitu-

393 2166 478 2202 dine
537 2177 720 2203 sacrorum
781 2167 1041 2205 Bacchicorum

392 2220 491 2271 apud
519 2226 709 2271 utramque
740 2228 888 2272 gentem
918 2228 955 2261 et
994 2224 1042 2261 de

394 2290 518 2315 eorum
552 2278 702 2326 origine.

449 2328 644 2384 ὁμότροπα
662 2331 747 2399 yolo
782 2330 833 2373 ἆν
861 2327 916 2386 ἦν
942 2337 1045 2373 τοῖσι

382 2384 567 2439 ’Έλλησή
598 2386 838 2442 ὄμότροπαί.
859 2405 889 2429 e.
920 2392 1044 2428 innata

395 2446 497 2494 quasi
526 2451 561 2483 et
590 2459 669 2483 cum
698 2447 867 2498 populo
860 2461 940 2497 ipso
963 2451 1045 2483 orta

395 2513 462 2538 nec
489 2514 613 2539 recens
651 2503 818 2550 aliunde,
849 2516 893 2540 ex
920 2503 1043 2552 Aegy-

396 2560 479 2606 pto,
509 2558 674 2596 advecta.
717 2560 840 2604 Quare
857 2571 931 2595 non
952 2572 1043 2609 opus

397 2612 520 2660 legere
550 2609 784 2665 ὁμότροφα,
811 2619 851 2652 ut
878 2615 961 2652 olim
988 2627 1047 2652 su-

400 2670 557 2717 spicatus
585 2674 641 2706 est
658 2671 787 2708 doctus
813 2671 962 2719 Gallus,
992 2671 1047 2708 cui

400 2724 641 2771 adstipulatur
656 2726 1048 2775 Schweighaeuserus3

401 2778 553 2827 intelligi
582 2782 675 2819 enim
712 2783 785 2819 vult
809 2785 977 2820 instituta
1000 2785 1049 2820 si-

403 2834 474 2870 mul
494 2847 569 2871 cum
581 2837 709 2886 populo
728 2839 847 2889 aliquo
863 2843 962 2887 nata,
980 2842 1049 2877 ori-

1095 823 1176 871 gini
1193 824 1307 871 gentis
1333 835 1471 859 coaeva.
1528 821 1627 860 Infra
1649 822 1748 871 VIII,

1100 879 1181 921 144
1217 879 1369 927 legimus
1408 877 1515 930 ἤθεα
1544 876 1749 930 ὁμότροπα

1098 948 1205 972 mores
1235 935 1446 979 consimiles,·
1496 936 1582 972 add.
1624 936 1659 972 T
1661 937 1750 973 heo—

1099 991 1237 1042 phrast.
1266 992 1374 1028 Char.
1399 995 1473 1038 263
1513 997 1638 1029 contra
1662 988 1750 1042 ὁμό-

1100 1062 1230 1098 τροφα
1260 1048 1425 1085 dicuntur
1447 1049 1595 1097 quidem
1613 1049 1751 1085 anima-

1100 1103 1169 1151 lia,
1215 1117 1309 1152 quae
1339 1116 1411 1140 una
1438 1117 1519 1140 cum
1546 1103 1750 1141 hominibus

1101 1159 1246 1197 aluntur
1264 1164 1302 1197 et
1323 1161 1447 1196 vivunt
1464 1160 1515 1209 (ll
1528 1189 1538 1206 ‚
1560 1162 1633 1209 66)
1647 1189 1658 1207 ,
1687 1161 1753 1198 sed

1102 1218 1150 1254 de
1174 1216 1282 1253 rebus
1320 1217 1600 1254 caeremoniisve
1634 1221 1753 1254 utrum

1103 1273 1265 1310 adhiberi
1302 1274 1448 1323 possit,
1492 1273 1568 1310 iure
1613 1273 1755 1310 dubitat

1101 1328 1363 1377 Wesselingius
1376 1358 1386 1376 ,
1407 1329 1525 1366 donec
1546 1329 1658 1366 simile
1669 1343 1754 1379 pro-

1102 1387 1241 1422 seratur
1261 1385 1474 1434 exemplum.
1534 1385 1645 1428 Quod
1671 1398 1752 1421 cum

1102 1446 1214 1488 neget
1237 1441 1437 1488 Schweigh.
1466 1440 1602 1476 nullum
1631 1445 1754 1477 tamen

1102 1496 1221 1533 locum
1259 1496 1397 1543 attulit,
1438 1509 1510 1545 quo
1536 1498 1753 1534 contrarium

1104 1553 1295 1590 evinceret.

1160 1606 1367 1646 πυθέσθαι
1389 1605 1431 1646 δέ
1448 1622 1515 1657 μοι
1533 1606 1659 1646 δοκέει
1681 1604 1753 1659 μά-

1105 1666 1214 1702 λιστα
1228 1660 1478 1713 ΛΙελοὶμπους
1490 1679 1523 1702 κ.
1537 1680 1568 1702 τ.
1583 1663 1630 1715 L]
1644 1665 1755 1708 Quod

1107 1732 1216 1769 supra
1247 1732 1290 1757 ex
1318 1720 1488 1769 Aegypto
1528 1721 1616 1758 haec
1655 1733 1755 1758 acce-

1105 1777 1204 1825 pisse
1220 1776 1331 1811 tradit
1351 1775 1633 1824 Melampodem,
1647 1789 1756 1825 quem

1104 1832 1175 1868 iam
1196 1843 1218 1867 a
1254 1831 1396 1867 Cadmo
1441 1830 1555 1879 Tyrio
1590 1836 1756 1870 edoctum

1106 1888 1218 1924 fuisse
1242 1887 1384 1934 scribit,
1413 1888 1451 1923 id
1481 1888 1547 1924 sibi
1573 1888 1671 1925 haud
1700 1902 1757 1927 re-

1107 1943 1308 1994 pugnabit,
1347 1944 1375 1980 si
1396 1942 1666 1994 Melampodem
1684 1946 1759 1996 pri-

1107 2013 1207 2038 mum
1228 1999 1266 2035 in
1289 1999 1369 2049 ipsa
1393 1999 1563 2050 Aegypto
1589 2001 1679 2038 haec
1696 2014 1758 2038 ac-

1107 2056 1272 2106 cepisse,
1311 2056 1396 2093 dein
1436 2069 1521 2094 vero
1560 2058 1757 2095 accuratius

1106 2125 1153 2150 ,ea
1172 2112 1340 2149 edoctum
1351 2125 1431 2149 esse
1441 2125 1462 2148 a
1478 2113 1633 2159 Cadmo,
1644 2113 1757 2162 ipsius

1108 2167 1271 2217 aequali,
1299 2169 1477 2205 statueris.
1535 2168 1612 2206 Sed
1635 2173 1760 2206 monet

1107 2223 1308 2261 Larcherus
1334 2224 1397 2270 (in
1416 2229 1492 2260 not.
1513 2224 1560 2260 ad
1578 2224 1611 2260 h.
1636 2224 1658 2260 l.
1679 2225 1757 2262 coll.

1109 2278 1219 2316 tabul.
1242 2280 1450 2328 chronolog.
1469 2280 1518 2316 vl
1541 2277 1578 2330 ξ.
1592 2284 1662 2330 21).
1676 2285 1757 2322 201

1112 2336 1221 2384 seq.),
1251 2336 1413 2384 quinque
1434 2341 1531 2373 certe
1553 2338 1760 2384 generatio-

1110 2392 1215 2428 nibus
1255 2392 1396 2428 Cadmo
1436 2392 1610 2429 iuniorem
1648 2394 1760 2430 fuisse

1110 2447 1406 2497 Melampodem,
1436 2453 1475 2484 ut
1501 2449 1546 2485 ab
1579 2449 1659 2498 ipso
1686 2449 1762 2486 Ca-

1111 2504 1195 2541 dmo
1218 2503 1361 2541 minime
1383 2505 1527 2541 edoceri
1556 2505 1614 2543 ille
1632 2509 1762 2555 potue-

1113 2560 1170 2596 rit.
1228 2559 1356 2609 ltaque
1393 2561 1429 2597 in
1467 2560 1649 2598 Herodoti
1682 2561 1761 2599 loco

1116 2617 1346 2653 scribendum
1367 2621 1510 2654 censet:
1545 2612 1644 2668 παρ’
1664 2613 1762 2657 dno-

1114 2670 1247 2724 γόνων
1269 2668 1437 2723 Κάδμου
1455 2687 1494 2711 τε
1514 2675 1586 2711 τοῦ
1602 2674 1759 2724 Τυρίου.

1115 2729 1191 2766 Sed
1206 2730 1434 2778 refragantur
1445 2742 1568 2767 omnes
1578 2729 1657 2767 libri
1675 2729 1761 2767 scri-

1115 2785 1190 2834 pti,
1238 2786 1315 2823 sine
1351 2786 1481 2834 quibus
1517 2787 1684 2834 equidem
1712 2786 1761 2823 nil

1116 2842 1293 2879 mutarim.
1353 2842 1445 2886 Quis
1492 2842 1587 2880 enim
1632 2842 1760 2889 nescit,
