1877 3223
613 212 913 253 cL10.1.

1302 216 1386 258 219

128 321 271 376 »εἶναι
300 324 389 366 τῶν
419 321 614 376 ζωόντων
643 322 834 379 ὅλβιον.“
891 324 951 377 ὣς
982 324 1027 370 δὲ
1061 322 1146 380 ἄρα
1175 339 1249 380 μιν
1278 339 1380 380 προ-

128 406 280 459 στῆναι
305 407 458 453 τοῦτο,
496 401 830 459 ἀνενεικάμενόν
857 421 902 448 τε
931 405 1004 448 καὶ
1035 403 1383 455 ἀναστενάξαντα

99 482 179 526 4ἓκ
206 485 365 539 πολλῆς
392 480 593 540 ἡσυχίης,
622 483 664 534 ἐς
691 483 785 539 τρὶς
814 481 1026 541 ὀνομάσαι
1056 483 1253 528 Σόλωνα.
1304 483 1381 526 καὶ
1440 488 1492 529 44

72 684 167 708 mule
187 684 207 708 e
225 670 323 708 libris
347 670 557 708 restitutum.
616 670 717 708 Idem

74 724 223 775 ζωόντα
243 727 337 764 infra
357 727 425 763 hoc
438 728 519 776 ipso
540 727 576 762 in
601 728 718 776 capite

74 784 258 830 dedimus,
315 783 376 819 ubi
426 783 533 831 vulgo
582 783 717 828 ζῶντα.

74 841 181 876 Conf.
202 840 248 876 de
260 839 375 875 forma
395 834 453 885 ζιό
466 839 716 877 oeButtmann.

72 896 109 932 in
130 895 343 931 Grammatt.
363 895 487 932 maior.
510 895 543 932 ΙΙ
566 910 601 946 p.
624 896 715 937 145.

72 972 129 979 —
161 950 221 988 Ad
266 952 482 989 sententiam
531 954 720 991 commode

72 1007 219 1044 laudant
248 1008 368 1058 ipsum
395 1007 523 1045 Nostri
550 1008 667 1046 locum
690 1009 720 1057 I,

73 1066 128 1105 32
150 1068 185 1100 et
200 1063 305 1100 Plinii
331 1065 578 1102 testimonium
599 1066 647 1102 H.
671 1065 721 1103 N.

72 1119 160 1166 VII,
191 1122 266 1161 40:
306 1121 373 1167 „si
399 1134 522 1158 verum
556 1122 724 1158 iudicium

72 1178 193 1214 facere
236 1176 398 1213 volumus
444 1190 487 1214 ac
534 1179 726 1229 repudiata

73 1233 172 1269 omni
190 1234 357 1270 fortunae
378 1233 573 1272 ambitione
601 1235 727 1272 decer-

74 1300 182 1335 nere,
217 1289 421 1326 mortalium
449 1302 556 1328 nemo
588 1295 646 1329 est
673 1292 727 1328 fe-

71 1344 158 1381 lix.“

130 1397 188 1446 (ὅς
220 1396 264 1439 δὲ
297 1397 375 1452 ἄρα
406 1416 475 1452 μιν
503 1403 726 1452 προστῆναι

72 1455 215 1507 τοῦτο]
237 1460 488 1509 παραστῆναι
507 1471 528 1495 e
547 1459 725 1509 Stephani

73 1513 277 1550 coniectura
301 1513 386 1551 olim
416 1515 608 1552 intextum
632 1515 723 1552 irre-

73 1572 218 1620 pserat,
249 1583 328 1606 cum
358 1570 438 1607 libri
459 1584 583 1608 omnes
610 1571 647 1607 in
670 1571 722 1609 le-

75 1625 194 1662 ctione
230 1629 452 1677 προστῆναι
499 1627 722 1677 conspirent,

75 1682 174 1719 cuius
211 1683 324 1733 ipsius
363 1684 723 1733 interpretamentum

77 1738 144 1775 erit
162 1741 422 1789 παραστῆναι.
450 1740 613 1778 Pertinet
628 1740 724 1777 enim

77 1796 297 1844 προστῆναι
317 1795 375 1832 hic
404 1796 515 1843 (etl,
537 1799 627 1837 119.
644 1799 723 1837 129

78 1850 155 1887 coll.
177 1850 223 1898 V,
241 1851 314 1899 51)
344 1852 392 1887 ad
415 1852 563 1888 verbum
584 1863 725 1902 προσι-

79 1901 242 1954 στάναι,
270 1908 307 1944 in
327 1907 424 1943 cuius
447 1907 582 1944 aoristo
602 1908 728 1945 scribi-

78 1977 159 2001 mus
168 1965 388 2014 προστῆναι
399 1964 485 2013 (pro
508 1978 585 2014 προ
598 1975 620 2002 σ
633 1966 729 2014 στῆ-

79 2034 169 2063 ναι,
198 2021 381 2068 geminata
408 2019 567 2068 literula)
598 2020 729 2057 eodem

79 2076 176 2123 iure,
195 2089 268 2124 quo
288 2089 398 2126 supra
417 2076 445 2123 I,
473 2080 499 2117 2
520 2091 598 2127 προ
609 2072 730 2127 σχόν-

79 2147 166 2178 τας,
187 2145 276 2182 pro:
298 2128 606 2184 προσσχόντας.
637 2133 730 2170 Sen-

79 2201 159 2225 sum
222 2189 342 2238 ipsum
399 2194 496 2227 recte
553 2189 731 2238 expressit

80 2244 246 2293 Schwgh.
276 2274 300 2293 „
313 2245 404 2295 quod
422 2246 555 2283 dictum
572 2245 633 2282 ubi
650 2245 731 2282 sub-

80 2302 126 2337 iit
155 2300 276 2338 Croeso
305 2302 494 2349 (Croesum
505 2302 565 2351 ).“
623 2301 732 2340 Nunc

80 2357 186 2395 video
206 2358 252 2395 de
271 2357 338 2395 hac
356 2359 654 2410 interpretatione
664 2359 731 2395 du-

82 2414 197 2451 bitare
225 2413 424 2462 Matthiae,
465 2415 521 2452 cui
558 2417 731 2467 προστῆ-

83 2483 150 2507 ναι
175 2470 216 2517 (a
233 2471 344 2508 verbo
365 2486 442 2522 προ
454 2466 637 2520 ισταναι)
657 2484 732 2508 non

84 2525 311 2564 incommode
347 2528 416 2565 dici
451 2541 563 2578 posse
590 2529 733 2565 videtur

85 2593 164 2627 res,
195 2594 289 2629 quae
307 2585 480 2632 tanquam
501 2583 642 2634 species
667 2584 733 2621 ob-

86 2635 179 2682 lata,
210 2638 328 2674 animo
358 2640 580 2677 obversatur.
618 2638 733 2677 Accu-

86 2692 239 2729 sativum
258 2706 339 2731 esse
360 2695 523 2732 additum
541 2696 636 2733 idem
666 2709 733 2746 pu-

87 2752 161 2795 tat,
193 2749 276 2798 quia
305 2764 369 2802 πρ
386 2753 599 2800 οστῆναι
617 2752 735 2790 valeat

87 2803 206 2851 idem,
253 2807 352 2854 quod
387 2806 578 2846 εἰσελθεῖν
587 2824 599 2856 ,·
637 2808 735 2845 cuius

88 2862 362 2899 constructionis
392 2863 507 2902 simile
535 2864 735 2916 exemplum

784 671 910 708 laudat
965 682 1009 708 ex
1066 668 1236 721 Sophocl.
1304 667 1439 707 Electr.

843 777 1146 833 ἀνενεικάμενόν
1173 795 1213 820 τε
1244 778 1312 819 καὶ
1344 775 1437 819 οἴνα-

787 835 1025 887 στενάξαντα
1054 837 1096 878 ἐκ
1127 839 1275 887 πολλῆς
1300 834 1441 887 ἡσυχί-

785 900 856 947 ης]
882 895 1108 934 Retinuimus
1127 894 1220 932 hanc
1237 893 1441 939 lectionem,

786 955 824 991 in
845 965 918 1003 qua
936 953 1099 1003 plerique
1117 950 1197 987 libri
1220 950 1442 999 conspirant,

787 1009 1003 1062 praesertim
1044 1021 1124 1046 cum
1154 1007 1214 1044 illa
1250 1006 1441 1056 optimum,

790 1067 842 1103 uti
872 1065 1034 1112 videtur,
1071 1064 1247 1114 praebeat
1281 1075 1442 1100 sensum.

792 1122 864 1159 Pro
895 1119 1062 1172 ’ἡσυχίης
1099 1120 1194 1157 enim
1232 1122 1340 1165 sunt,
1380 1117 1443 1166 qui

793 1178 985 1216 exhibeant
1007 1175 1294 1227 λειποψυχίης,
1325 1174 1443 1211 idem-

793 1248 864 1284 que
886 1234 922 1270 in
950 1247 1014 1271 ora
1041 1233 1171 1282 legitur
1198 1230 1445 1269 Schellershe-

792 1290 902 1327 miani
934 1290 1034 1336 libri,
1071 1302 1152 1326 cum
1191 1288 1228 1325 in
1259 1291 1361 1325 textu
1398 1286 1446 1322 sit

792 1345 969 1397 ἡσυχίης.
1024 1345 1093 1382 Vix
1129 1350 1251 1381 tamen
1281 1343 1445 1388 dubium,

793 1403 881 1452 quin
902 1400 1166 1451 λειποψυχίης
1187 1414 1206 1437 e
1225 1399 1447 1448 glossemate

792 1459 829 1495 in
847 1462 983 1495 textum
1002 1457 1210 1507 irrepserit,
1233 1455 1308 1492 sive
1328 1467 1372 1491 ex
1389 1454 1446 1490 in-

790 1519 1074 1565 terpretamento
1082 1513 1243 1550 lectionis
1255 1507 1447 1561 άψυχίης,

791 1583 900 1620 quam
921 1583 997 1607 non
1027 1570 1223 1607 absurdam
1253 1568 1339 1604 dicit
1359 1566 1447 1603 Val-

790 1627 1003 1673 ckenarius,
1069 1629 1110 1662 ut
1146 1625 1308 1662 Croesus
1359 1626 1447 1660 ante

791 1683 901 1721 animi
928 1683 1126 1732 deliquium
1146 1694 1277 1732 passus
1297 1692 1448 1717 censea-

791 1745 873 1787 tur,
901 1752 1010 1789 quam
1045 1739 1190 1775 Solonis
1220 1737 1306 1775 dicti
1321 1735 1447 1773 memi-

793 1796 887 1833 nerit
920 1795 1082 1844 illudque
1119 1794 1281 1832 elocutus
1319 1793 1448 1837 fuerit3

794 1853 848 1888 siv
851 1865 871 1889 e
882 1864 925 1888 ex
934 1850 1230 1902 interpretatione
1238 1863 1260 1885 v
1263 1842 1374 1886 erbi'
1352 1862 1447 1886 ανα-

795 1906 1011 1957 φέρεσθαι,
1042 1907 1142 1955 quod
1157 1905 1252 1942 valet
1270 1917 1340 1941 sese
1361 1905 1449 1940 reci-

791 1976 892 2014 pere,
944 1976 965 2000 e
1002 1962 1275 2013 perturbatione
1313 1960 1450 1997 scilicet

797 2019 908 2057 animi
937 2018 995 2056 vel
1016 2017 1325 2064 consternatione,
1355 2029 1451 2066 quae

796 2081 911 2114 totum
932 2088 1062 2125 corpus
1087 2074 1318 2122 animumque
1340 2077 1446 2110 tenu-

798 2137 877 2171 erat
917 2132 1120 2179 (nostrumx
1149 2129 1273 2166 wieder
1301 2142 1347 2166 zu
1374 2128 1450 2166 sich

798 2189 970 2236 kommen,
1026 2187 1102 2224 sich
1133 2186 1267 2223 erleolen
1277 2186 1308 2234 ).
1363 2185 1449 2222 Vid.

798 2258 892 2296 quae
919 2244 1142 2281 laudaximus
1181 2243 1229 2279 ad
1269 2241 1451 2279 Plutarch.

798 2301 970 2339 Alcibiad.
982 2314 1018 2350 p.
1036 2301 1112 2341 115
1134 2303 1208 2336 not.
1227 2313 1263 2349 p.
1278 2299 1358 2339 257
1369 2311 1448 2346 seq.

800 2359 883 2402 Quo
904 2370 1013 2395 sensu
1043 2356 1174 2393 Graeci
1202 2356 1309 2393 etiam
1329 2355 1452 2391 dicunt

799 2411 1017 2465 α’ναφέρειν
1048 2414 1085 2449 in
1112 2413 1250 2459 activo,
1280 2410 1451 2447 intransi-

799 2473 880 2509 tive.
903 2471 979 2507 Sed
998 2470 1090 2506 hanc
1099 2469 1204 2505 huius
1215 2467 1315 2505 verbi
1335 2467 1452 2516 signi-

800 2527 1003 2565 ficationem
1014 2525 1172 2574 sequiori
1183 2525 1326 2562 demum
1339 2523 1452 2561 aetati

800 2583 1029 2621 tribuendam
1076 2585 1201 2619 censet
1233 2580 1451 2629 Schweigh.,

801 2654 882 2678 cum
903 2639 1003 2689 apud
1023 2642 1163 2675 veteres
1184 2640 1221 2674 et
1235 2637 1451 2686 Ionicospo-

801 2696 978 2733 tissimum
1016 2695 1209 2744 scriptores
1239 2692 1327 2730 nihil
1372 2693 1451 2730 fere

801 2753 899 2790 aliud
915 2752 973 2797 sit,
1003 2751 1073 2788 nisi
1090 2763 1204 2787 vocem
1215 2749 1270 2787 vel
1285 2751 1451 2798 gemitum

803 2809 868 2856 (ex
894 2809 965 2845 imo
992 2807 1166 2859 pectore)
1191 2806 1372 2856 proferre‚·
1409 2808 1450 2841 ut

803 2867 840 2912 l,
867 2867 957 2906 116.
1015 2864 1094 2903 Nec
1128 2869 1249 2901 tamen
1280 2863 1449 2912 equidem
