1909 3228
590 187 1106 228 EUTERPE.11.

1381 195 1466 235 867

183 293 321 345 3λέως
348 294 495 351 ἓωυτςό
528 296 733 351 ἱδρῦσθαι
763 297 917 341 ἐδόκεε.
975 298 1048 341 καὶ
1079 297 1132 353 δή
1165 296 1262 341 τότε
1293 303 1462 355 συμβα-

210 372 301 416 λών
331 373 522 430 ἑσσώθη·
563 375 636 418 καὶ
668 376 922 432 ζωγρηθεὶς,
964 375 1137 432 ἀπήχθη
1167 377 1208 427 ἐς
1235 377 1352 420 Σάϊν
1380 379 1460 422 πό-

209 456 299 503 λιν,
338 453 381 503 ἐς
409 452 460 495 τά
492 453 659 496 ἑωυτοῦ
697 456 812 498 οἰκία
847 454 1061 510 πρότερον
1091 454 1242 508 ἐόντα,
1289 455 1385 500 τότε
1416 458 1462 500 δὲ

179 528 252 573 4Ἀ
304 529 342 574 ’σ
445 531 509 574 '¹61
549 532 722 587 βασιλΐ·
754 566 763 574 .
813 533 998 576 ’νθαῦτα
1028 534 1068 577 δ“
1137 534 1145 547 ’
1269 535 1279 547 “
1348 535 1359 549 ’
1425 536 1460 566 ’-

254 548 312 586 μα
345 548 410 582 ιος
438 551 463 588 η
506 549 519 587 1
689 551 750 588 μα
808 549 825 576 ε
1057 551 1074 577 ε
1102 551 1205 586 τεως
1235 552 1314 590 μεν
1343 552 1436 588 ετρε

209 626 314 665 φετο
344 610 392 653 ἐν
430 615 541 653 τοῖσι
571 613 855 668 βασιληίοισι,
891 614 966 654 καί
998 629 1072 668 μιν
1100 612 1280 668 ’Ἀμασις
1309 608 1357 658 εὖ
1385 630 1459 658 πε-
1471 623 1515 656 90

177 695 198 729 5
209 694 358 742 ριεῖπε.

417 689 536 740 τέλος
566 689 640 741 δὲ,
688 690 978 746 μεμφομένων
1016 691 1268 746 Αἰγυπτίων
1307 691 1365 744 ὥς
1404 693 1458 737 οὐ

204 773 327 811 ποιοῖ
354 769 519 819 δίκαια,
550 768 722 823 τρέφων
750 769 827 812 τὸν
858 770 979 824 σφίσι
1008 785 1051 812 τε
1080 770 1151 812 καὶ
1173 770 1319 827 ἑωυτῷ
1340 772 1456 827 ἔχθι-

205 856 333 898 στον,
384 847 498 890 οὕτω
530 848 582 902 δὴ
612 850 846 903 παραδιδοῖ
870 847 948 891 τὸν
972 845 1153 903 Ἀπρίην
1180 854 1293 893 τοῖσι
1321 852 1456 905 Αἰγυ-

173 932 195 965 6
205 926 378 968 πτίοισι.

438 928 480 969 οἱ
511 926 554 969 δέ
584 944 659 982 μιν
689 926 948 980 α’πέπνιξαν,
989 927 1062 970 καὶ
1101 927 1244 970 ἔπειτα
1284 929 1456 980 ἔθαψαν

168 1002 247 1046 7ἐν
276 1008 374 1060 τῇσι
409 1004 633 1063 πατρῴῃσι
670 1010 846 1064 ταφῇσι.
907 1007 952 1048 αἱ
988 1005 1033 1048 δέ
1073 1006 1154 1048 εἰσι
1194 1005 1241 1049 ἐν
1284 1011 1345 1066 τῷ
1376 1010 1511 1064 ἷρῷ95

197 1085 273 1138 τῆς
307 1079 537 1140 Ἀθηναίης
556 1120 567 1137 ,

629 1084 846 1141 ἀγχοτάτω
885 1089 966 1128 τοῦ
1011 1083 1234 1140 μεγάρου,
1295 1086 1456 1130 ἐσιόντι

170 1159 425 1218 ὃάριστερῆς
453 1163 606 1219 χειρός.
664 1165 836 1216 ἔθαψαν
874 1163 1039 1207 Σαῗται
1077 1163 1241 1214 πάντας
1275 1165 1378 1216 τούς
1407 1165 1453 1208 ἐκ

197 1245 338 1296 νομοῦ
366 1241 527 1286 τούτου
557 1243 820 1299 γενομένους
845 1245 1045 1299 βασιλέας
1075 1243 1156 1286 ἔσω
1187 1242 1234 1286 ἐν
1266 1247 1326 1300 τῷ
1357 1245 1451 1300 ἱρῷ.

168 1320 270 1362 §mai
302 1319 386 1375 γάρ
417 1320 465 1364 τὸ
493 1326 572 1365 τοῦ
607 1320 808 1377 Ἀμάσιος
848 1327 962 1378 σῆμα
1001 1322 1215 1376 ἑκαστέρω
1255 1320 1332 1376 μέν
1361 1321 1450 1364 έστι

194 1401 276 1441 τοῦ
304 1399 498 1454 μεγάρου
527 1400 555 1457 ἢ
583 1400 632 1444 τό
663 1406 742 1445 τοῦ
769 1400 944 1457 Ἀπρίεω
964 1402 1143 1445 καὶτῶν
1161 1400 1321 1444 τούτου
1339 1416 1449 1456 προ-

194 1585 240 1630 eti
265 1592 457 1644 περιεῖπε]
492 1595 627 1632 Confer
655 1594 787 1632 Matth.

136 1660 222 1698 pag.
243 1647 325 1690 457
353 1655 389 1687 et
417 1651 489 1687 vid.
524 1664 633 1702 supra
664 1652 701 1700 Ι,
719 1653 786 1692 73.

140 1705 231 1745 114.
261 1705 318 1752 ΙΙ,
337 1705 402 1746 64.
425 1709 491 1747 69.

193 1760 235 1800 οἱ
261 1759 303 1799 δέ
329 1777 396 1812 μιν
426 1757 662 1811 ἀπέπνιξαν]
696 1761 787 1799 Dio-

138 1816 247 1853 dorus
281 1817 316 1864 Ι,
348 1819 401 1858 68
434 1819 495 1854 fin.
524 1818 612 1855 haec
645 1823 786 1855 tantum

135 1873 293 1923 profert:
326 1871 348 1912 ὁ
368 1871 438 1923 μὲν
457 1869 620 1925 Ἀπρίης
640 1876 783 1926 ζωγρη-

134 1927 225 1974 θεὶς
254 1923 414 1979 α’νήχθη
452 1929 519 1968 καὶ
546 1934 785 1982 στραγγάλη-

135 1983 225 2030 θεὶς
255 1981 509 2035 ἐτελεύτησεν.
583 1987 701 2024 Nobis
746 1988 782 2023 in

133 2045 290 2078 mentem
312 2055 458 2091 quoque
477 2043 574 2080 venit
594 2043 670 2080 eius
695 2057 782 2092 sup-

131 2097 249 2147 plicii,
267 2099 367 2147 quod
386 2098 439 2146 ΙΙ,
463 2102 540 2140 1ΟΟ
558 2099 619 2136 fin.
643 2112 781 2136 memo-

132 2158 242 2191 ratur.

188 2208 352 2259 ἔθαψαν
380 2208 422 2249 ἔν
458 2212 547 2262 τῇσι
575 2206 782 2265 πατρῴῃσι

130 2265 301 2319 ταφῇσι]
340 2266 498 2304 Ultimae
518 2267 781 2318 Aegyptiorum

130 2335 258 2369 regum
283 2323 472 2370 dynastiae
503 2324 626 2360 sedem
655 2325 740 2361 inde
759 2337 780 2361 a

131 2377 384 2415 Psammiticho
405 2380 468 2415 Sai
492 2380 603 2416 fuisse
623 2380 778 2417 ibidem-

133 2446 202 2482 que
221 2447 327 2483 reges
347 2435 504 2484 sepultos
534 2449 613 2472 esse
634 2441 778 2485 praeter

131 2489 358 2527 Herodotum
378 2496 557 2528 testantur
574 2492 654 2538 alii,
685 2505 776 2540 quos

132 2545 254 2582 laudat
267 2546 394 2594 Zoega
405 2548 450 2583 de
470 2547 634 2584 obelisco.
645 2560 682 2596 p.
695 2548 776 2588 416

131 2614 233 2650 seqq.
262 2601 315 2638 Ac
333 2602 618 2639 Psammitichum
641 2604 677 2638 in
695 2603 777 2639 Sai-

129 2657 220 2694 ticae
240 2657 426 2694 Minervae
444 2658 577 2707 templo
600 2658 777 2708 sepultum

130 2726 230 2759 esse,
261 2713 394 2750 diserte
424 2715 534 2750 tradit
563 2715 659 2750 idern
675 2715 777 2751 Stra-

129 2770 176 2806 bo
195 2769 298 2805 XVII
318 2782 404 2819 pag.
429 2772 511 2810 802
541 2784 567 2806 s.
592 2770 718 2816 1153,
739 2769 774 2806 D

129 2825 204 2863 sive
227 2825 307 2866 539
343 2825 378 2863 T
380 2825 490 2872 zsch„
518 2830 687 2864 monente
710 2825 774 2863 Cr.

856 1596 903 1632 ad
925 1594 961 1632 h.
980 1595 1002 1632 l.
1061 1594 1155 1631 Cum
1181 1593 1275 1630 enim
1303 1593 1340 1629 in
1368 1592 1505 1632 Miner-

856 1664 921 1688 vae
939 1650 1075 1701 templo
1096 1649 1211 1687 Osiris
1230 1650 1407 1698 repositus
1423 1664 1504 1688 esse

855 1708 1053 1754 diceretur,
1070 1719 1177 1743 nemo
1195 1706 1322 1753 utique
1344 1706 1409 1742 fuit
1428 1720 1503 1754 rex,

856 1764 941 1812 quin
970 1776 1049 1800 cum
1089 1762 1225 1812 optimo
1242 1790 1245 1792 v
1264 1762 1333 1798 deo
1371 1763 1500 1799 eodem

855 1819 1019 1868 sepulcro
1058 1831 1097 1854 se
1131 1817 1305 1854 contineri
1333 1817 1500 1865 voluerit,

853 1875 1018 1923 adeoque
1037 1869 1242 1924 ὅμόταφον
1273 1886 1353 1910 esse
1374 1875 1502 1911 summi

852 1932 951 1980 apud
973 1932 1106 1968 inferos
1134 1942 1280 1979 quoque
1301 1929 1369 1966 dei.
1428 1930 1500 1967 lta·

852 2000 923 2036 que
941 1987 1027 2023 nihil
1045 1987 1171 2023 mirum
1183 2015 1193 2033 ‚
1223 1987 1260 2021 in
1282 1985 1416 2035 templo
1429 1986 1500 2022 Mi-

849 2056 981 2080 nervae
1000 2072 1010 2090 ‚
1054 2043 1151 2080 cuius
1185 2041 1418 2090 religionibus
1443 2043 1499 2079 in-

849 2099 961 2147 signis
981 2102 1058 2136 erat
1084 2099 1166 2135 urbs
1198 2098 1312 2144 (conf.
1334 2097 1390 2144 ΙΙ,
1410 2101 1496 2146 62),

848 2168 975 2203 regum
1006 2155 1118 2191 fuisse
1144 2158 1299 2204 cryptas.
1359 2154 1496 2192 Confer

850 2212 966 2260 Zo'eg.
985 2211 1006 2248 l.
1027 2211 1049 2247 l.
1080 2210 1237 2248 Heeren.
1262 2209 1373 2246 Ideen
1391 2209 1423 2245 ΙΙ
1437 2239 1447 2256 ,
1469 2214 1495 2252 2

847 2280 931 2318 pag.
955 2268 1036 2308 333
1071 2270 1108 2303 et
1132 2271 1206 2302 not.
1237 2266 1283 2302 ad
1314 2266 1494 2302 Herodot.

847 2324 902 2371 ΙΙ,
928 2326 1016 2363 170.
1052 2344 1098 2348 ——
1133 2322 1190 2358 Ad
1209 2334 1309 2370 seqq.
1329 2321 1391 2357 Cr.
1409 2335 1495 2358 con-

848 2380 931 2416 ferri
952 2379 1026 2415 vult
1045 2378 1158 2415 Palin.
1177 2379 1342 2426 fragmin.
1361 2390 1421 2413 sur
1443 2377 1493 2415 les

844 2435 1097 2484 hieroglyphes
1116 2433 1166 2470 IV
1186 2447 1269 2483 pag.
1292 2434 1362 2474 19.'

901 2487 1107 2543 ἀριστερῆς
1126 2486 1264 2539 χειρός]
1295 2489 1392 2525 Male
1414 2489 1492 2525 vul-

845 2561 893 2597 go
914 2543 1048 2597 χερός,
1079 2546 1197 2581 invitis
1216 2546 1360 2594 optimis
1380 2545 1489 2582 lzbris.

844 2604 901 2640 Ad
940 2603 1155 2639 locutionem
1200 2602 1292 2637 conf.
1325 2600 1490 2650 Aeschyl.

845 2658 1026 2696 Prometh.
1053 2671 1103 2693 vs.
1126 2659 1205 2697 720
1230 2656 1362 2705 (739).
1410 2656 1491 2694 Nec

844 2716 937 2763 sugit
957 2713 1088 2750 Matth.
1117 2713 1182 2748 Gr.
1201 2713 1266 2749 Gr.
1288 2710 1324 2762 §
1345 2713 1441 2759 377,
1467 2716 1487 2753 1

842 2783 927 2820 pag.
957 2772 1048 2810 691.
1077 2789 1133 2796 —
1161 2768 1220 2805 Ad
1247 2766 1418 2820 μέγαρον
1443 2770 1487 2807 cf.

844 2827 896 2873 11,
920 2826 1009 2866 141.
1033 2825 1121 2866 143-

1128 2876 1216 2920 55*
