1877 3223
453 209 535 250 120

868 205 1328 246 HERODOTI

409 326 433 362 4
455 316 657 368 πλίνθια,
687 319 847 362 λευκοῦ
875 319 1062 373 χρυσοῦ,
1093 314 1289 370 σταθμὸν
1319 312 1558 358 διτάλαντα.
1588 315 1719 360 ἐποιέ-

456 409 524 438 ετο
582 394 627 438 δὲ
686 396 758 439 καὶ
825 396 996 447 λέοντος

411 591 478 628 tiat
502 590 667 629 Viilcker.
699 591 755 640 (in
774 593 838 641 iis,
856 605 951 643 quae
969 591 1055 628 scri-

411 651 476 698 pta
518 646 602 684 olim
648 650 923 687 communicavit
977 660 1056 684 cum

413 703 637 750 Crenzero),
667 705 698 740 si
716 705 861 752 quidem
883 704 998 742 solido
1013 716 1056 740 ex

413 771 500 795 auro
534 759 686 796 fuissent
715 759 866 809 lateres,
922 762 1057 810 quippe

414 827 540 850 omnes
564 828 672 864 pares
698 820 733 852 et
753 817 1001 865 magnitudine
1022 820 1058 853 et

413 871 588 920 pondere.
652 871 730 908 Sed
762 871 831 909 hoe
866 872 981 922 ipsum
1015 884 1058 908 ex

414 926 593 964 Herodoti
611 927 729 965 verbis
750 927 843 965 effici
862 941 972 977 posse
993 940 1057 963 ne-

415 986 498 1031 gat,
527 984 626 1033 apud
645 996 752 1031 quem
767 983 898 1020 lateres
922 996 996 1020 non
1018 995 1060 1019 ex

416 1052 503 1076 auro
528 1039 620 1087 susi,
650 1040 716 1077 sed
745 1039 874 1077 malleo
898 1039 995 1076 ducti
1018 1051 1061 1075 ex

416 1107 504 1132 auro
533 1097 682 1132 confuso
710 1095 861 1144 intelligi
881 1096 1061 1139 debeant3

417 1151 513 1188 unde
538 1165 612 1190 uon
637 1152 772 1189 solidos
802 1151 957 1199 lateres,
997 1151 1063 1188 sed

416 1207 513 1243 intus
532 1220 638 1245 cavos
658 1221 746 1245 auro
766 1208 958 1259 purissimo
981 1210 1062 1243 tan-

416 1266 493 1300 tum
522 1263 698 1301 obductos
723 1266 835 1302 fuisse
865 1263 1060 1302 contendit.

417 1318 485 1367 At,
514 1319 609 1356 dicat
627 1321 731 1369 quis,
748 1321 879 1358 lateres
902 1320 951 1358 illi
971 1318 1061 1356 mal-

417 1375 475 1413 leo
516 1375 612 1412 ducti
644 1376 675 1412 si
707 1377 782 1413 cavi
812 1380 936 1422 erant,
973 1388 1061 1412 auro

417 1443 510 1481 puro
526 1435 665 1468 tantum
686 1432 854 1478 obducti,
885 1444 951 1468 nec
976 1418 1062 1466 soli-

419 1487 457 1523 di
472 1487 567 1532 auri3
597 1487 721 1536 quidni
740 1488 836 1525 idem
855 1487 901 1524 de
916 1487 1062 1535 reliquis

418 1541 589 1580 lateribus
610 1543 884 1581 existimandum
905 1547 942 1579 et
974 1543 1062 1593 ipsis

419 1597 549 1636 malleo
566 1599 710 1636 ductis?
738 1612 822 1637 nam
838 1600 966 1637 eodem
986 1612 1064 1635 nio-

421 1654 469 1690 do
488 1654 555 1692 hos
578 1667 725 1704 quoque
752 1655 955 1693 elaboratos
977 1653 1064 1692 su'is-

420 1723 483 1757 se,
501 1709 799 1750 Herodotiverba
817 1711 981 1750 dubitare
991 1724 1063 1748 non

420 1766 554 1803 sinunt..

476 1835 554 1872 Sed
583 1836 654 1872 iam
681 1834 751 1872 alia
785 1834 883 1874 haud
915 1836 988 1874 scio
1018 1849 1065 1873 an

420 1891 566 1940 gravior
605 1890 764 1929 exoritur
796 1891 990 1929 difficultas
1028 1892 1065 1927 in

422 1948 503 1998 ipso
533 1948 697 1997 pondere
736 1947 965 1993 definiend03
1011 1948 1066 1984 cui

421 2002 619 2041 solvendae
640 2015 698 2039 nie
719 2002 865 2051 quidem
886 2003 984 2041 haud
1000 2015 1067 2054 pa-

421 2071 499 2096 rem
546 2071 627 2097 esse
675 2059 858 2097 confiteor.
923 2059 1066 2097 Monuit

424 2114 519 2152 enim
529 2114 666 2152 ll'urm.
686 2114 753 2162 (de
770 2117 908 2166 pondd.
930 2128 1063 2152 numm.

423 2171 576 2208 rationu.
597 2176 662 2208 etc.
690 2183 776 2222 pag.
795 2172 848 2214 49
865 2172 961 2221 not.)
989 2177 1065 2208 tum

425 2240 469 2265 ex
500 2225 608 2263 Attici
636 2228 742 2278 pedis
766 2228 963 2277 talentique
990 2240 1066 2265 ina-

424 2282 633 2332 gnitudine‚
662 2288 737 2320 tum
770 2297 813 2322 ex
834 2297 877 2322 ea
903 2285 1067 2331 lectione,

425 2351 519 2387 quae
538 2339 590 2389 2}
609 2338 825 2378 talentorum
841 2341 986 2391 pondus
1005 2341 1068 2376 tri-

425 2395 503 2432 buit
524 2398 677 2443 quatuor
703 2396 882 2446 prioribus
913 2396 1068 2445 quadra-

426 2451 495 2497 tis,
524 2451 643 2488 redire
668 2452 772 2488 nobis
802 2453 996 2499 talentum,
1025 2464 1068 2489 ex

425 2506 504 2542 istis
517 2506 592 2542 auri
609 2508 763 2556 purioris
776 2509 960 2557 quadratis
970 2520 1067 2546 com-

426 2565 589 2612 putatum
602 2575 655 2595 =
665 2565 742 2604 130
751 2563 864 2603 librae
872 2563 1069 2610 Parisinae‚

429 2616 545 2666 qualis
575 2619 747 2667 ponderis
791 2621 923 2658 nullum
970 2620 1067 2670 apud

429 2673 622 2723 scriptores
657 2676 824 2725 antiquos
870 2676 1068 2727 reperiatur

429 2727 616 2766 talentum!
654 2731 778 2774 Quare
803 2733 858 2771 vel
882 2734 918 2770 in
946 2745 1070 2770 ninne-

429 2783 479 2820 ris
506 2789 689 2834 peccatum
726 2800 809 2826 esse
846 2801 868 2826 a
908 2788 1071 2834 librariis,

430 2839 487 2877 vel
503 2840 549 2878 de
567 2842 689 2880 talenti
709 2843 938 2894 palaestaeve
960 2857 1073 2894 gene-

1059 392 1205 438 εἰκόνα

1278 397 1444 447 χρυσοῦ
1500 393 1719 451 ἀπέφθου,

1121 602 1160 627 re
1187 589 1349 638 quodam
1377 589 1483 627 nobis
1513 589 1639 639 ignoto
1669 591 1766 640 loqui

1122 646 1351 684 Herodotum
1369 646 1557 684 existimat.
1587 645 1766 695 Equidem

1122 702 1240 739 malini
1268 702 1336 739 hoc
1360 716 1521 750 sumere,
1549 701 1674 740 talenti
1703 716 1768 752 ge-

1123 772 1191 795 nus
1209 759 1254 795 ab
1274 759 1464 795 Herodoto
1476 758 1691 796 intellectum
1701 772 1768 796 nos

1124 816 1254 861 latere,
1284 815 1440 863 indeque
1462 816 1568 853 etium
1594 828 1767 853 summam

1124 872 1297 921 ponderis
1326 872 1446 917 aurei,
1487 872 1587 920 quod
1615 884 1635 908 e
1663 872 1769 909 variis

1126 928 1180 964 liis
1201 927 1359 963 donariis
1387 928 1560 974 eflicitur,
1588 927 1645 964 vix
1673 933 1770 965 certo

1128 983 1270 1019 definiri
1284 995 1405 1031 posse.
1455 983 1581 1020 Prodit
1599 983 1770 1021 nonnulla

1127 1038 1312 1075 Diodorus
1346 1037 1454 1085 xvi,
1485 1039 1556 1085 56,
1589 1053 1670 1076 cum
1694 1041 1771 1077 He-

1129 1094 1290 1131 rodoteis·
1320 1094 1376 1130 vix
1405 1094 1634 1132 concilianda.
1694 1095 1773 1132 Alia

1129 1151 1280 1188 tentavit
1302 1150 1527 1197 Lare-herus,
1555 1150 1612 1188 vel
1640 1152 1773 1201 potiuS‚

1128 1219 1235 1255 quein
1281 1206 1425 1254 laudnt,
1489 1207 1773 1256 Barthelemyus.

1128 1263 1220 1300 Mihi
1247 1266 1367 1300 tamen
1396 1262 1598 1299 istiusmodi
1628 1277 1775 1314 compu-

1127 1320 1284 1356 tationes
1311 1320 1476 1356 videntur
1498 1332 1626 1368 parum
1656 1325 1775 1358 certae

1128 1379 1165 1412 et
1186 1375 1406 1421 firmue3lioc
1426 1387 1534 1411 unuin
1555 1383 1775 1426 compertum

1127 1431 1263 1468 liabeo:
1293 1444 1467 1468 suminam
1506 1433 1583 1469 auri
1616 1433 1776 1481 argenti-

1128 1500 1200 1536 que
1254 1488 1365 1524 suisse
1411 1489 1503 1534 vim,
1551 1501 1777 1539 magnasque

1130 1544 1260 1581 Croesi
1279 1557 1320 1581 ac
1338 1542 1524 1592 Lydorum
1545 1545 1707 1592 divitiam,
1736 1549 1777 1582 ut

1129 1599 1166 1635 in
1181 1613 1263 1650 prox
1273 1601 1407 1638 erbiuin
1432 1600 1508 1638 illas
1531 1601 1630 1639 abire
1639 1600 1778 1652 potuis-

1129 1668 1171 1694 se
1194 1657 1339 1694 mininie
1360 1657 1405 1693 sit
1423 1657 1561 1694 mirum.

1186 1722 1358 1763 ἐποιέετο
1382 1723 1424 1764 ὁὲ
1449 1724 1516 1763 καὶ
1547 1724 1703 1772 λέοντος
1725 1725 1775 1765 εἰ-

1130 1775 1233 1819 κόνα
1253 1795 1288 1818 κ.
1307 1793 1337 1818 τ.
1360 1782 1413 1826 λ.]
1445 1781 1548 1818 Haec
1569 1786 1605 1819 et
1622 1795 1777 1832 sequen-

1132 1838 1183 1874 tia
1210 1837 1308 1886 apud
1339 1835 1561 1874 Priscianum
1596 1837 1778 1887 leguntur,

1133 1893 1211 1930 loco
1231 1892 1387 1929 laudato.
1446 1893 1521 1931 Ubi
1539 1907 1619 1932 cum
1640 1895 1779 1933 inveni-

1133 1954 1213 1985 atur
1230 1945 1437 1989 κατεκάετο
1450 1979 1461 1996 ,
1491 1950 1558 1988 hoc
1578 1955 1703 1988 nostro
1725 1951 1780 1988 lo-

1133 2017 1175 2041 co
1204 2005 1384 2043 exstitisse
1406 2009 1510 2055 putat
1536 2006 1776 2045 Lindemann.

1132 2074 1217 2112 pag.
1236 2062 1329 2103 376.
1389 2061 1459 2099 Cui
1482 2068 1600 2109 recte,
1627 2063 1658 2099 si
1690 2063 1778 2112 quid

1131 2118 1258 2164 video,
1289 2118 1475 2154 oblocutus
1499 2122 1554 2155 est
1576 2119 1776 2155 Hermann.

1133 2173 1237 2223 (pag.
1257 2174 1340 2214 397
1359 2173 1486 2221 ibid),
1516 2175 1685 2221 quoniam
1708 2189 1778 2213 κα-

1132 2224 1290 2267 τεκάετο
1322 2228 1442 2266 Attica
1460 2230 1580 2279 potius
1599 2230 1645 2267 sit
1661 2232 1779 2268 forma

1135 2297 1177 2322 ac
1195 2283 1352 2333 vulgaris
1373 2285 1522 2323 dialecti.
1581 2286 1640 2323 Ad
1671 2299 1779 2336 argu-

1135 2345 1293 2377 mentum
1306 2340 1372 2378 loci
1385 2340 1452 2378 hoc
1466 2342 1579 2379 teneri
1597 2341 1778 2380 volumus:

1134 2396 1274 2434 leonem
1294 2397 1462 2434 aCroeso
1482 2398 1685 2436 dedicatum
1698 2412 1780 2436 esse

1135 2466 1156 2490 e
1175 2453 1347 2501 religione
1363 2452 1568 2502 Lyloriun,
1595 2455 1654 2491 ubi
1667 2455 1722 2491 sol
1738 2467 1780 2491 ac

1134 2508 1272 2557 reliqua
1298 2510 1416 2547 sidera
1442 2511 1667 2560 potissimum
1697 2514 1782 2547 sunt

1134 2566 1346 2614 spectanda.
1402 2565 1564 2605 Pertinet
1592 2579 1636 2604 eo
1655 2579 1781 2604 narra-

1134 2621 1185 2657 tio
1211 2622 1257 2659 de
1287 2621 1464 2670 Hercule,
1494 2624 1555 2672 qui
1580 2623 1635 2660 vel
1657 2623 1781 2672 regiae

1137 2678 1259 2727 stirpis
1279 2679 1443 2715 conditor
1474 2679 1558 2716 olim
1587 2680 1780 2721 serebatur,

1137 2734 1295 2783 pertinet
1314 2746 1357 2771 eo
1377 2734 1485 2783 illud,
1514 2748 1588 2785 quo
1613 2747 1724 2786 supra
1742 2735 1779 2770 in

1140 2789 1259 2839 Gygis
1282 2790 1405 2827 sabula
1428 2791 1494 2839 (Ι,
1516 2792 1595 2837 12)
1625 2790 1779 2829 attendi-

1140 2858 1239 2894 mus,
1277 2847 1457 2897 pertinent
1485 2860 1529 2886 eo
1559 2848 1649 2895 alia,
1685 2857 1778 2897 quae
