1909 3228
659 239 960 281 cL10.1.

1351 244 1432 285 2⁴1

191 349 258 394 ἐπὶ
278 348 430 402 ’Ἄτυος
457 353 538 394 τοῦ
568 349 730 393 Μάνεω
767 350 965 406 βασιλέος
1003 351 1226 407 σιτοδηΐην
1261 352 1437 409 ἰσχυρὴν

188 426 274 470 ἀνὰ
302 428 380 484 τὴν
410 431 578 486 Λυδίην
606 432 751 472 πᾶσαν
779 430 1002 484 γενέσθαι·
1029 431 1103 473 καὶ
1130 428 1234 481 τούς
1259 429 1435 481 Λυδούς

188 507 294 557 τέως
338 509 416 562 μὲν
456 508 621 565 διάγειν
659 508 963 563 λιπαρέοντας·
1020 507 1125 564 μετοὶ
1175 508 1243 560 δὲ,
1293 508 1351 560 ὠς
1379 506 1487 553 οὐ65

189 585 426 638 παύεσθαι,
460 587 565 631 ἄκεα
594 588 812 643 δίζησθαι·
865 586 995 630 ἄλλον
1025 586 1070 630 δὲ
1099 585 1205 630 ἄλλο
1235 587 1431 644 ἐπιμηχα-

169 666 363 709 wewam
393 664 550 709 αὐτῶν.
611 666 887 723 ἐξευρεθῆναι
930 666 982 722 δή
1014 660 1077 709 οἷν
1111 665 1205 709 τότε
1242 667 1314 709 καὶ
1343 671 1431 710 τῶν

187 742 338 799 κύβων
363 746 435 788 καὶ
465 750 552 789 τῶν
582 743 888 801 ἀστραγάλων,
917 745 989 789 καὶ
1018 748 1094 801 τῆς
1124 746 1328 802 σφαίρης,
1359 746 1432 789 καὶ

188 913 403 964 ἕπὶ’Ἁτυος
434 919 507 956 τοῦ
529 913 683 958 ῙὶῙάνεω
711 919 779 970 βα-

132 970 259 1018 σιλέος
284 974 489 1023 σιτοδηΐην
525 972 691 1026 ἰσχυρήν
721 995 777 1003 -·

130 1027 340 1080 γενέσθαι]
382 1030 438 1067 De
464 1030 555 1079 Atye
584 1045 670 1079 rege
707 1032 777 1069 iam

130 1097 240 1135 supra
271 1087 318 1122 ad
352 1086 389 1133 I,
423 1089 449 1126 7
480 1087 652 1124 nonnulla
682 1088 778 1124 (licta

129 1144 227 1177 sunt.
284 1142 367 1179 Hoc
382 1142 460 1178 loco
480 1142 683 1180 dissensum
709 1156 775 1179 no-

128 1201 246 1233 tamus
266 1197 393 1234 Nostri
409 1198 610 1247 scriptoris‚
641 1199 776 1247 quilV‚

129 1252 184 1294 45
219 1252 340 1289 Manis
376 1254 486 1290 filium
520 1260 623 1292 vocat
652 1255 775 1304 Cotyn,

126 1320 202 1345 non
223 1308 319 1358 Atyn
336 1314 374 1345 ut
390 1310 457 1346 hoc
475 1309 566 1346 loeo.
624 1311 707 1354 Qua
729 1312 775 1348 de

127 1376 168 1401 re
210 1364 328 1402 dicere
352 1365 499 1413 longum
540 1370 605 1402 est.
664 1366 775 1409 Quod

128 1420 224 1458 enim
260 1421 298 1457 in
336 1420 447 1458 altero
483 1421 665 1458 Herodoti
698 1422 777 1458 loco

126 1475 318 1514 lectionem
362 1477 570 1514 mutandam
616 1481 777 1525 censent,

125 1533 328 1581 refragatur
353 1533 524 1570 librorum
554 1546 665 1571 manu
687 1535 775 1571 scri-

125 1593 271 1639 ptorum
318 1603 515 1626 consensus
533 1619 544 1638 ‚
586 1591 774 1638 refragan-

126 1649 184 1681 tur
217 1644 286 1682 alia
322 1646 528 1683 testimonia
564 1658 587 1682 a
620 1646 776 1684 Valcke-

125 1700 228 1737 nario
245 1701 405 1751 prolata,
437 1702 566 1751 quibus
595 1702 690 1740 idem
716 1703 775 1740 ille

126 1769 150 1793 a
176 1757 376 1795 mutatione
401 1771 441 1796 se
472 1759 613 1795 avocari
644 1772 775 1809 passus

127 1816 194 1850 est.
251 1812 333 1849 Vid.
373 1813 467 1850 infra
509 1827 654 1862 quoque
694 1814 776 1861 VII,

129 1868 184 1906 74
210 1872 245 1905 et
261 1868 415 1917 Dionys,
433 1869 678 1906 Halicarnass.
700 1868 777 1906 An-

127 1922 219 1970 tiqq.
238 1924 382 1961 Romm.
402 1925 434 1972 I,
457 1929 521 1966 27.
570 1924 650 1962 Nec
671 1926 777 1974 quid-

129 1990 239 2027 quam
260 1985 397 2018 mutare
415 1981 547 2029 placuit
575 1981 777 2018 Wesselin-

129 2034 191 2082 gio
221 2034 287 2081 (in
314 2039 389 2071 not.
417 2039 464 2071 ad
485 2037 680 2084 W,45),
714 2037 775 2085 qui

129 2095 319 2139 utrumque
358 2091 538 2128 Herodoti
572 2093 687 2129 locum
725 2093 775 2129 ita

129 2146 307 2183 conciliari
318 2160 429 2197 posse
441 2147 588 2194 statuit,
619 2152 657 2184 ut
668 2160 775 2197 prae-

128 2205 184 2239 ter
209 2202 307 2251 Atyn
338 2203 444 2240 etiam
472 2203 612 2251 Cotyn,
654 2203 774 2240 Manis

129 2258 261 2306 filium,
306 2259 352 2296 ab
390 2259 581 2297 Herodoto
624 2259 775 2308 intelligi

130 2313 300 2351 dicamus.
357 2315 461 2359 Quae
479 2319 597 2353 utrum
617 2329 694 2353 rem
720 2317 776 2352 di-

130 2369 262 2406 rimant
284 2383 351 2408 nec
375 2385 442 2419 ne,
492 2373 659 2421 equidem
701 2385 776 2409 non

131 2425 234 2462 valeo
257 2438 431 2464 asserere.
459 2426 540 2465 Nec
556 2428 779 2466 Creuzerum

132 2481 261 2518 secisse
270 2482 376 2519 video
394 2483 431 2520 in
450 2484 615 2533 fragmm.
635 2484 780 2521 historr.

132 2547 218 2585 pag.
241 2537 488 2580 152—154.
526 2539 672 2577 Nomen
690 2539 779 2576 Ma-

132 2592 188 2627 πίε
205 2590 294 2628 infra
318 2596 466 2631 recurrit
484 2595 548 2642 IV,
568 2596 621 2636 45
653 2600 689 2632 et
704 2597 778 2633 fre-

134 2659 249 2696 quens
304 2659 486 2687 servorum
540 2651 778 2699 Phry-giorum

133 2703 231 2752 apud
251 2702 411 2740 Graecos
429 2716 629 2752 cognomen
649 2711 716 2753 est,
732 2708 779 2745 de

132 2770 206 2807 quo
224 2757 372 2808 Menag.
403 2760 450 2796 ad
466 2758 622 2809 Diogen.
653 2761 776 2799 Laert.

133 2814 179 2861 V,
197 2814 273 2861 55,
313 2827 335 2851 a
366 2814 434 2853 Cr.
459 2816 598 2852 citatus.
624 2836 680 2843 —
708 2817 776 2867 βα-

133 2869 260 2916 σιλέος
281 2883 302 2908 e
331 2871 471 2908 duobus
503 2871 602 2910 libris
632 2872 776 2923 scripsi-

176 2926 388 2965 Hmzonor.
418 2927 447 2964 I.

847 929 926 954 mus
951 929 1030 954 cum
1049 916 1248 967 Schweigh.
1271 922 1306 956 et
1321 919 1486 957 Gaisfor-

846 973 928 1019 dio,
961 978 1000 1010 ut
1022 973 1129 1024 paulo
1153 975 1245 1011 infra
1274 976 1401 1012 eodem
1427 988 1488 1012 ca-

843 1030 919 1079 pite
936 1028 1095 1079 βασιλέα
1111 1043 1178 1080 pro
1188 1031 1308 1079 vulgg.
1321 1031 1485 1081 βασιλῆ-

845 1099 888 1130 ος
909 1090 945 1123 et
972 1086 1152 1136 βασιλῆα.
1197 1087 1252 1123 Ita
1289 1088 1381 1124 enim
1407 1088 1487 1125 He-

842 1142 1010 1178 rodotum
1031 1142 1218 1192 scripsisse
1235 1143 1310 1180 iure
1330 1144 1486 1192 quodam

842 1210 979 1246 negare
997 1198 1136 1236 videtur
1153 1199 1354 1247 Schweigh.
1377 1199 1485 1236 Conf.

843 1266 954 1302 supra
970 1253 1006 1301 I,
1039 1256 1060 1294 1
1081 1258 1117 1291 et
1144 1257 1234 1296 120.
1256 1276 1311 1282 ——
1335 1256 1486 1305 σιτοδη-

843 1310 927 1358 ἰἠν,
958 1310 1057 1358 quod
1076 1310 1195 1347 statim
1223 1311 1404 1359 sequitur,
1429 1312 1487 1348 iti-

843 1365 926 1401 dem
965 1378 1043 1401 cum
1067 1370 1215 1402 recentt.
1247 1367 1377 1403 retinui
1400 1367 1486 1416 (pro

847 1420 1064 1470 σιτοδείην,
1093 1421 1130 1457 in
1149 1434 1220 1470 quo
1240 1422 1318 1458 libri
1332 1435 1487 1459 consen-

842 1476 968 1524 tiunt).
1025 1476 1126 1514 Idem
1146 1490 1257 1527 supra
1278 1477 1315 1525 I,
1343 1482 1416 1525 22,
1445 1479 1487 1515 li-

843 1532 917 1569 bris
941 1544 1058 1580 aeque
1082 1534 1314 1571 variantibus,
1368 1534 1489 1584 Atque

842 1600 887 1626 ex
907 1588 1083 1627 Matthiae
1103 1602 1262 1637 canone,
1291 1603 1398 1639 quem
1410 1591 1488 1628 edi-

841 1645 892 1682 xit
914 1645 961 1680 ad
982 1644 1038 1692 ΙΙ,
1065 1647 1118 1686 87
1131 1676 1142 1694 ,
1180 1646 1276 1684 idem
1307 1647 1374 1684 erit
1402 1648 1489 1685 reti-

841 1701 1022 1748 nendum,
1054 1715 1132 1739 cum
1151 1715 1224 1740 non
1254 1703 1298 1739 ab
1314 1704 1488 1741 adiectivo

840 1757 879 1793 iu
899 1759 950 1807 ἧς
968 1757 1157 1797 desinente
1177 1763 1213 1796 et
1236 1759 1384 1807 genitivi
1412 1761 1489 1796 sor-

977 1812 1035 1820 —

841 1840 938 1864 mam
974 1841 1036 1872 εος
1074 1827 1262 1865 exhibente
1297 1828 1489 1875 derivetur,

843 1883 942 1919 cuius
961 1884 1106 1932 generis
1127 1884 1246 1920 omnia
1265 1883 1401 1921 scilicet
1422 1896 1490 1934 per

844 1967 904 2003 ειη
935 1953 1055 1989 forent
1073 1953 1293 2002 proferenda
1321 1954 1490 1990 substan-

841 2009 925 2045 tiva.
982 2006 1041 2044 Ad
1066 2008 1164 2045 vocis
1192 2008 1489 2057 significationem

843 2068 928 2114 apte
947 2068 1071 2101 monet
1089 2063 1363 2111 Valckenarius,
1383 2077 1406 2101 a
1420 2064 1490 2102 Di-

842 2119 969 2168 onysio
986 2119 1009 2155 l.
1021 2119 1044 2155 l.
1062 2120 1193 2168 exponi
1205 2115 1378 2171 α’φορίαν
1395 2135 1490 2172 καρ-

841 2178 943 2215 πῶν.
998 2173 1130 2212 Latine
1147 2180 1308 2213 vertunt:
1334 2189 1490 2215 annonae

844 2234 1049 2279 caritatem,
1079 2231 1339 2281 defficultatem.

900 2298 998 2340 ἄκεα
1024 2301 1233 2350 δίζησθαι]
1272 2301 1391 2351 Vulgo
1425 2301 1489 2342 δι’·

847 2360 1006 2406 ζεσθαι,·
1035 2358 1109 2394 bini
1133 2361 1270 2394 tantum
1288 2357 1368 2395 libri
1385 2358 1489 2409 δίζη-

847 2419 944 2454 σθαι
956 2443 967 2460 ,
993 2414 1091 2462 quod
1110 2417 1149 2450 ut
1163 2427 1284 2451 verum
1300 2414 1370 2451 iam
1381 2415 1490 2452 VVes-

845 2471 1018 2519 selingius
1037 2470 1262 2516 restituerat,
1289 2470 1405 2519 magis
1430 2470 1489 2508 Io-

844 2539 930 2563 num
953 2527 1021 2562 hoc
1045 2538 1126 2563 esse
1155 2525 1350 2562 affirmans.
1380 2527 1487 2563 Conf.

845 2595 990 2632 quoque
1002 2580 1130 2618 Matth.
1152 2580 1188 2631 ἓ.
1200 2583 1282 2623 230
1294 2594 1378 2631 pag.
1393 2582 1488 2623 447.

845 2637 927 2676 Nec
953 2637 1058 2675 valde
1085 2637 1208 2673 differt
1247 2638 1360 2685 διζῶ,
1390 2638 1487 2688 quod

844 2707 911 2745 pro
936 2694 1028 2740 δίζω
1053 2693 1216 2730 dedimus
1235 2706 1345 2744 supra
1362 2694 1400 2739 Ι,
1421 2693 1486 2734 65.

900 2762 1156 2810 ἐξευρεθῆναι
1174 2759 1223 2811 δή
1245 2754 1302 2799 ὦν
1322 2756 1409 2801 τότε
1420 2762 1487 2802 καὶ

843 2818 922 2855 τῶν
942 2813 1080 2866 κύβων
1098 2815 1165 2855 καὶ
1192 2818 1271 2856 τῶν
1298 2812 1487 2871 ἀστραγά-

842 2870 947 2922 λων]
993 2871 1199 2911 Indicantur
1237 2874 1317 2912 cubi
1346 2879 1383 2914 et
1409 2875 1486 2923 tali,
