1877 3223
424 217 507 258 106
855 219 1319 259 HERODOTl

422 326 468 370 δὲ
483 325 754 383 Ἑταιρήϊον,
798 326 856 379 ὦς
885 327 1061 384 φύλακοι
1088 329 1345 385 συμπέμψας
1374 327 1532 380 αὐτὸν,
1574 325 1697 384 εὕρή-

309 403 375 450 45
420 421 492 449 κοι
520 403 852 460 πολεμιώτατον.
913 411 1125 463 Παρῆσαν
1147 409 1192 452 ὁὲ
1213 407 1319 464 μετὰ
1340 411 1469 452 τοῦτο
1494 409 1536 450 οἱ
1558 407 1742 450 Λυδοὶ75

102 468 246 497 Adrastus
287 470 376 505 culpa

101 511 221 537 vacans,
239 506 269 530 ct
287 504 375 531 meri-

99 540 149 575 }us
173 537 309 575 veniam,
340 545 374 576 sq
483 563 492 577 x

100 577 165 604 ηιυο
197 578 226 596 ιιι
262 573 371 597 mortun
420 574 521 615 στας

100 602 186 632 busto
203 607 324 633 mactat.

421 483 626 539 φέροντες
654 484 730 528 τὸν
750 486 930 541 νεκρῶν
973 487 1128 531 ὄπισθε
1161 489 1206 531 δὲ
1238 485 1379 530 εἵπετό
1408 487 1451 529 οἱ
1479 483 1503 529 ὁ
1522 484 1695 540 φονεύς.
1755 489 1805 529 21

552 564 597 607 δὲ
635 558 765 615 οὗτος
799 564 884 620 πρὸ
925 569 1006 609 τοῦ
1042 570 1226 621 νεκροῦ,
1265 567 1502 620 παρεδίδου
1533 563 1697 607 ἑωυτόν

417 644 618 697 Κροίσῳ,
659 645 898 697 προτείνων
928 643 1004 695 τὰς
1031 651 1196 701 χεῖρας,
1245 643 1587 696 ἐπικατασφάξαι
1621 659 1696 697 μιν

417 720 605 764 κελεύων
637 723 696 779 τῷ
724 726 882 779 νεκρῷ·
918 723 1054 779 λέγων
1089 724 1168 780 τήν
1196 740 1239 767 τε
1272 725 1488 780 προτέρην
1529 722 1696 766 ἑωυτοῦ

415 799 672 855 συμφορὴν,
702 800 773 843 καὶ
800 798 856 852 ὡς
885 801 946 844 ἐπ’
973 803 1114 859 ἐκείνῃ
1146 803 1223 846 τὸν
1247 801 1501 859 καθήραντα
1532 800 1697 845 ἀπολω-

391 877 549 929 Ξλεκώς
578 880 665 934 εἴη,
702 877 810 923 ου’δὲ
843 882 886 923 οἱ
920 882 984 936 εἴη
1015 881 1240 937 βιώσιμον.
1301 885 1494 937 Κροῖσος
1529 880 1575 924 δὲ
1601 877 1741 923 τού-80

415 973 504 1000 των
533 955 745 1010 ἀκούσας,
776 957 853 1001 τόν
883 974 926 1001 τε
942 957 1184 1015 ’Ἄδρηστον
1207 963 1509 1015 κατοικτείρει,
1539 960 1694 1012 καίπερ

416 1035 501 1079 ἐών
524 1036 570 1079 ἐν
595 1042 714 1096 κακῷ
744 1040 897 1095 οἰκηΐῳ
922 1036 1137 1095 τοσούτῳ,
1169 1040 1242 1083 καὶ
1270 1040 1382 1094 λέγει
1398 1038 1507 1094 πρὸς
1537 1036 1692 1081 αὐτόν·

416 1113 572 1172 ,,”Εχω,
613 1111 648 1160 ὦ
676 1117 804 1169 ξεῖνε,
843 1116 962 1172 παρά
992 1121 1069 1162 σεῦ
1096 1122 1241 1161 πᾶσαν
1267 1116 1347 1174 τὴν
1378 1119 1522 1174 δίκην,
1551 1113 1695 1171 ἐπειδὴ

389 1207 438 1246 3,,
449 1199 644 1238 σεωυτοῦ
668 1195 964 1250 καταδικάζεις
1006 1195 1215 1242 θάνατον.

570 1402 678 1453 Cap.
708 1400 824 1440 XLV.

423 1510 491 1551 καὶ
515 1510 570 1559 οἷς
590 1509 649 1553 ἐπ’
660 1512 789 1568 ἐκείνῃ
810 1510 876 1554 τὸν
887 1511 1016 1566 καθή-

366 1583 488 1618 ραντα
517 1564 775 1616 &notmannis
799 1570 884 1621 εἴη]
925 1572 1017 1608 Cum

364 1638 475 1675 supra
493 1624 530 1673 I,
554 1626 608 1667 35
629 1627 789 1664 Croesus
809 1627 888 1678 ipse
900 1626 1017 1664 Adra-

364 1685 458 1718 stum
490 1683 655 1732 expiasse
684 1684 844 1730 dicatur,
882 1683 938 1720 hic
962 1683 1016 1720 lo-

365 1750 427 1774 cus
451 1737 544 1775 male
562 1738 670 1776 habet
692 1738 924 1786 Larcherum‚
954 1740 1015 1776 ubi

365 1805 388 1830 a
416 1793 490 1829 filio
517 1798 603 1843 post
631 1808 738 1832 caeso
770 1795 857 1832 illud
881 1797 1013 1833 sactum

364 1849 541 1888 videatur.
616 1850 695 1888 Sed
726 1852 827 1888 ssuxit
867 1851 935 1888 hoc
969 1864 1012 1889 ex

363 1905 544 1942 Herodoti
573 1905 652 1943 loco
681 1906 774 1944 male
811 1906 1011 1945 intellecto:

361 1961 527 2011 „depuis
548 1961 632 2010 qu'a
652 1975 720 1998 son
737 1963 893 2012 premier
903 1964 1012 2001 crime

362 2017 387 2053 il
415 2030 460 2054 en
491 2030 513 2054 a
543 2018 662 2066 ajoute
694 2031 743 2054 un
775 2019 931 2066 second,
971 2032 1011 2056 en

362 2076 465 2110 tuant
487 2072 598 2121 celui,
620 2075 681 2123 qui
701 2074 821 2112 l’avoit
843 2076 1010 2125 purifie.“

363 2130 478 2167 Cuius
495 2131 648 2179 vestigia
660 2132 794 2180 pressit
811 2131 901 2169 alter
921 2131 1010 2168 Gal-

363 2186 418 2222 lus
437 2186 636 2236 interpres,
655 2187 758 2224 Miot.
789 2188 866 2226 Sed
883 2187 1009 2225 melius

361 2242 513 2279 Latinus
546 2243 743 2293 interpres:
810 2246 906 2295 „qui
929 2246 1009 2294 post

361 2300 565 2347 superiorem
590 2300 846 2349 calamitatem,
885 2303 1008 2349 expia-

362 2359 468 2392 torem
497 2358 602 2392 etiam
625 2370 724 2394 suum
755 2358 806 2405 (i.
836 2370 867 2395 e.
894 2357 1008 2394 Croe-

361 2425 462 2458 sum,
492 2424 566 2447 non
588 2412 696 2449 filium
712 2413 809 2463 eius)
833 2412 1008 2463 perdidis-

360 2469 451 2504 set.“
508 2469 626 2512 Quem
650 2477 791 2507 secutus
813 2470 923 2507 Italus
952 2470 1007 2505 in-

361 2528 520 2573 terpreS,
569 2529 665 2563 recte
699 2526 787 2564 haec
822 2526 930 2564 verba
959 2525 1007 2561 ita

361 2580 538 2617 reddidit:
568 2610 591 2627 ,‚
605 2594 624 2618 e
645 2596 745 2621 come
773 2584 811 2620 in
833 2582 1008 2631 aggiunta

361 2637 502 2673 avendo
523 2636 611 2673 fatto
626 2642 737 2687 perire
758 2640 780 2676 il
801 2652 867 2675 suo
889 2638 1008 2687 espla-

360 2696 439 2729 tore
452 2721 461 2737 ‚
487 2704 559 2729 non
581 2694 715 2732 dovera
742 2697 804 2746 piu
824 2694 914 2732 oltre
934 2692 1005 2742 egli

360 2749 515 2786 viveref‘
590 2750 630 2786 In
673 2757 760 2789 nota
799 2755 918 2789 autem
959 2751 1006 2786 de

360 2805 528 2843 Larclieli
550 2808 724 2857 scrupulis
753 2809 840 2845 haec
868 2806 1004 2857 posuit:

363 2860 420 2910 „A
442 2861 518 2900 dire
539 2861 560 2897 il
582 2875 664 2900 vero
681 2871 808 2914 questo
826 2876 916 2901 sono
929 2876 1005 2901 mc·

1276 1196 1335 1249 εἶς
1371 1197 1416 1242 δὲ
1447 1196 1500 1241 ού
1531 1194 1585 1241 σύ
1619 1212 1694 1252 μοι

1087 1417 1127 1443 re
1147 1405 1283 1454 cjance.
1330 1402 1418 1442 Non
1442 1403 1472 1439 si
1492 1413 1645 1450 accorge
1666 1402 1738 1450 egli

1087 1452 1187 1499 cheli
1209 1459 1336 1553 (Ιοᾞε
1364 1474 1383 1498 e
1405 1460 1439 1496 la
1459 1459 1678 1508 gratitudine
1705 1463 1741 1496 et

1086 1517 1109 1553 il
1131 1527 1271 1565 sangue
1307 1529 1404 1553 anno
1428 1516 1494 1553 che
1512 1515 1670 1552 Adrasto
1691 1515 1737 1551 ri-

1087 1574 1217 1622 guardi
1243 1586 1346 1610 come
1371 1585 1443 1610 una
1471 1572 1549 1608 sola
1579 1584 1738 1622 persona

1086 1629 1109 1665 il
1141 1631 1254 1679 padre
1290 1629 1335 1666 ed
1367 1629 1390 1665 il
1432 1626 1652 1676 figlivolo‘?“
1681 1650 1737 1654 —

1084 1684 1143 1722 Ad
1159 1685 1375 1723 locutionem
1395 1680 1655 1730 ἀπολωλεκώς
1675 1683 1735 1734 εἴη

1084 1742 1218 1779 consul.
1239 1742 1399 1779 Fischer.
1433 1741 1481 1778 ad
1499 1740 1647 1779 Weller.
1671 1739 1736 1788 111,

1083 1799 1105 1834 b
1126 1811 1214 1849 pag.
1235 1800 1272 1839 4.
1294 1798 1332 1840 5.

1137 1880 1277 1931 ἕχω-
1294 1878 1401 1933 παρα
1425 1882 1495 1919 σεῦ
1506 1882 1640 1920 πᾶσαν
1659 1876 1735 1932 τὴν

1080 1936 1198 1988 δίκην
1211 1936 1225 1987 ]
1255 1937 1373 1974 Aliam
1385 1937 1540 1975 Diodori
1557 1938 1735 1989 narratio-

1078 2005 1181 2041 nem,
1211 2006 1283 2042 qua
1300 1995 1419 2031 vivum
1438 1995 1597 2032 comburi
1615 1993 1734 2031 Adra-

1078 2054 1172 2086 stum
1213 2050 1313 2099 prius
1355 2051 1516 2087 Croesus
1557 2050 1731 2098 voluerat,

1077 2119 1189 2156 supra
1206 2106 1277 2142 iam
1299 2106 1548 2144 indicavimus.

1134 2185 1191 2235 εἷς
1213 2185 1255 2227 δὲ
1279 2184 1330 2227 οὗ
1351 2184 1399 2226 σύ
1432 2203 1500 2238 μοι
1517 2189 1637 2228 τοῦδε
1658 2191 1731 2229 τοῦ

1075 2247 1204 2285 κακοῦ
1226 2243 1376 2294 αἴτιος]
1413 2245 1528 2281 Simili
1554 2247 1664 2282 modo
1689 2259 1728 2283 a·

1075 2303 1152 2353 pud
1175 2301 1376 2338 Homerum
1406 2301 1526 2347 (lliad.
1553 2303 1728 2348 111,164)

1075 2358 1253 2396 Helenam
1299 2357 1494 2406 alloquitur
1548 2358 1726 2396 Priamus:

1076 2411 1164 2455 οὔτι
1188 2428 1256 2463 μοι
1283 2413 1388 2463 αι’τίη
1414 2413 1520 2463 ἐσσί,
1551 2415 1644 2454 θεοί
1672 2410 1725 2454 vv‘

1075 2486 1143 2522 μοι
1166 2469 1286 2508 αἶ’τιοί
1308 2469 1420 2508 εἰσιν.
1467 2472 1587 2514 Quem
1609 2471 1726 2509 locum

1074 2541 1153 2564 cum
1180 2526 1392 2563 Herodoteo
1434 2527 1504 2564 iam
1529 2529 1726 2566 contende-

1074 2588 1129 2620 rut
1147 2583 1402 2632 Hermogenes
1422 2585 1468 2620 de
1487 2585 1647 2621 method.
1669 2587 1724 2626 32

1075 2654 1110 2689 p.
1139 2641 1216 2680 158
1247 2640 1284 2676 in
1314 2639 1517 2677 universum
1538 2641 1584 2678 de
1603 2641 1724 2679 Hero-

1075 2696 1150 2732 doti
1177 2696 1254 2732 loco
1285 2696 1497 2745 disputans,
1527 2709 1600 2746 quo
1629 2697 1722 2736 male

1075 2753 1247 2789 factorum
1274 2753 1502 2791 consessione
1527 2755 1615 2790 iram
1643 2753 1723 2804 ple-

1074 2821 1222 2857 rumque
1258 2810 1435 2858 exstingui
1475 2810 1721 2860 optimamque

1073 2865 1319 2904 defensionem
1337 2866 1457 2917 parari
1476 2866 1662 2905 evinceret.
