1909 3228
48 818 115 864 85

551 223 967 263 EUTERPE.
1026 223 1072 261 11.

47 338 114 383 84
173 334 244 388 ροί
282 333 375 377 εἶσι.
430 331 483 376 Ἡ
519 334 565 377 δὲ
608 333 775 391 ἰητρικὴ
810 332 922 376 κατὰ
960 331 1062 376 τάδε
1100 342 1180 387 σφι
1216 329 1429 375 δέδασται.

1349 224 1433 264 667

169 419 269 471 μιῆς
296 414 464 458 νούσου
494 414 672 464 ἕκαστος
703 411 849 469 ἰητρός
889 412 1000 463 ἐστι,
1041 411 1113 454 καὶ
1144 410 1197 455 οὐ
1225 411 1435 454 πλεόνων.

140 493 318 538 Ξπάντα
350 492 389 538 δ’
424 496 583 550 ἰητρῶν
613 494 700 537 ἐστὶ
727 493 845 536 πλέα.
878 494 922 535 οῖ
949 492 1028 547 μὲν
1048 491 1155 547 γὰρ,
1187 488 1434 546 ὀφθαλμῶν

171 574 315 630 ἰητροὶ
354 574 622 616 natefingam·
676 574 718 615 οἷ
748 573 813 624 δὲ,
851 575 1064 627 κεφαλῆς·

1126 571 1169 613 οἱ
1198 571 1266 621 δὲ,
1303 568 1434 613 ὀδόν-
1448 576 1490 610 15

173 669 283 697 των·
316 655 358 696 οἱ
388 653 454 704 δὲ,
487 657 575 696 τῶν
604 651 714 696 κατὰ
743 651 901 708 νηδύν·
945 652 989 694 οἱ
1019 650 1083 703 δὲ,
1114 653 1202 693 τῶν
1232 647 1437 705 ἀφανέων

173 731 361 777 νούσων.

117 1024 224 1057 cante
253 1017 477 1068 Schweigh.)
517 1019 662 1068 modus,
704 1032 771 1070 quo

117 1076 347 1113 reddebantur
375 1075 530 1112 oracula.

268 1216 299 1254 C
310 1229 330 1253 a
339 1231 375 1267 p.
414 1215 620 1254 LXXXIV.

176 1303 270 1352 μιῆς
291 1296 440 1340 νούσου
462 1300 621 1347 ἕκαστος
639 1295 774 1352 ἰητρός

118 1357 221 1403 ἐστι]
269 1357 394 1394 Artem
422 1359 600 1395 medicam
632 1371 711 1394 cum
751 1369 774 1394 a

120 1414 371 1452 sacerdotibus
393 1414 582 1451 exercitam
596 1428 675 1451 esse
687 1426 775 1451 con-

120 1476 214 1517 stet,
245 1470 301 1506 vel
320 1470 404 1507 inde
435 1483 573 1507 summa
592 1471 695 1506 huius
715 1482 774 1506 ar—

117 1528 165 1564 tis
205 1540 286 1564 cum
322 1526 520 1575 astrologia
566 1526 772 1563 coniunctio

119 1587 295 1634 apparet,
316 1584 487 1631 quoniam
506 1583 674 1620 universa
695 1595 774 1619 cor—

119 1640 217 1691 poris
232 1640 378 1676 humani
392 1640 588 1690 descriptio
601 1641 647 1676 ad
658 1644 775 1676 astro—

119 1697 254 1746 logiam
284 1696 398 1734 relata
427 1697 666 1746 singulaeque
695 1709 775 1733 cor-

121 1754 219 1805 poris
250 1757 374 1802 partes
405 1754 452 1790 ad
490 1753 652 1801 singulos
685 1754 774 1790 deos

123 1809 386 1847 astronomicos
426 1815 619 1846 revocatae
660 1813 775 1846 erant.

123 1866 233 1902 Unde
262 1866 423 1912 factum,
461 1871 501 1902 ut
540 1867 778 1914 quemadmo-

125 1923 209 1959 dum
251 1921 414 1971 partibus
459 1922 608 1970 singulis
649 1921 779 1970 singuli

123 1982 338 2029 praeessent
358 1978 427 2025 dii,
459 1979 509 2014 ita
529 1979 636 2015 etiam
657 1991 781 2015 earum

125 2034 375 2071 affectionibus
410 2047 452 2072 ac
483 2035 617 2071 morbis
653 2033 783 2083 singuli

124 2091 376 2141 prospicerent
396 2092 526 2128 medici
560 2092 633 2128 sive
665 2103 783 2127 sacer—

126 2147 242 2184 dotes.
304 2147 533 2196 Quamquam
559 2148 635 2184 iure
664 2151 777 2184 statu-

126 2204 259 2241 endum
305 2203 468 2250 videtur,
514 2203 778 2253 Aegyptiorum

125 2265 240 2297 artem
270 2260 387 2308 magis
415 2261 643 2298 diaeteticam
670 2273 778 2309 quam

125 2320 258 2353 vocant
278 2317 406 2364 fuisse,
438 2329 546 2365 quam
565 2330 686 2354 veram
703 2330 781 2354 me-

129 2373 241 2410 dendi
263 2377 387 2410 artem.
445 2373 557 2410 Unde
587 2374 695 2410 etiam
717 2386 780 2411 ex-

128 2428 306 2478 plicantur
329 2434 492 2465 accurata
520 2429 580 2466 illa
598 2430 780 2466 inferioris

130 2485 346 2521 conditionis
368 2485 572 2522 hominibus
595 2486 672 2522 dari
694 2486 781 2522 soli-

131 2544 172 2576 ta
188 2545 405 2589 praecepta,
436 2542 555 2590 qualia
587 2555 697 2592 supra
726 2543 782 2578 in-

130 2596 293 2632 venimus
314 2596 370 2643 11,
388 2600 452 2636 77.
484 2598 544 2634 Tu
565 2599 658 2637 conf.
681 2599 782 2636 Hee-

131 2664 209 2688 ren.
229 2652 284 2698 II,
306 2656 332 2693 2
353 2665 436 2702 pag.
460 2654 538 2694 165
560 2666 636 2702 seq.
667 2654 783 2691 Creu-

133 2720 206 2744 zer.
231 2708 391 2755 Syinbol.
425 2709 441 2745 l
471 2722 557 2758 pag.
580 2709 674 2750 395.
731 2711 786 2746 Ex

134 2764 200 2810 iis,
239 2777 333 2812 quae
368 2765 631 2814 lYesselingius
668 2766 788 2802 attulit

134 2820 184 2856 ad
205 2820 239 2856 h.
259 2820 303 2867 1.,
332 2820 494 2872 inprimis
521 2823 616 2858 conf.
637 2821 785 2858 Maxim.

136 2874 172 2913 T
175 2889 227 2924 yr.
245 2877 372 2914 disser.
393 2877 566 2927 XXXIV,
587 2879 610 2919 1
632 2891 668 2929 p.
692 2877 788 2926 403,

290 814 455 866 Θρῆνοι,
485 810 530 854 δὲ
563 810 636 854 καὶ
664 811 801 866 ταφαί
830 821 998 865 σφεων,
1047 809 1129 852 εἰσὶ
1160 809 1264 852 αἵδε.
1321 811 1434 850 τοῖσι
1491 814 1602 853 Luem-‘³
1621 814 1654 862 5¹¹*
1674 815 1771 840 morte

1491 855 1732 884 PTOPUXquIUOE-

840 1019 901 1068 qui
920 1017 1102 1055 Herodoti
1129 1015 1246 1054 locum
1264 1020 1350 1054 ante
1370 1014 1491 1053 oculos

839 1076 1009 1113 habuisse
1037 1074 1189 1110 videtur,

1010 1158 1041 1195 c
1054 1171 1075 1195 a
1087 1172 1122 1209 p.
1153 1157 1345 1195 LXXXV.

900 1245 1051 1296 Θρῆνοι
1070 1240 1112 1281 δὲ
1131 1241 1197 1281 καὶ
1211 1241 1496 1289 ταφαίσφεων,

842 1299 918 1341 εἶσὶ
945 1298 1044 1349 αἵδε]
1077 1300 1249 1348 Sequitur
1270 1299 1368 1336 locus
1386 1298 1500 1334 maxi-

841 1372 900 1396 me
945 1356 1188 1394 memorabilis
1229 1356 1276 1392 de
1314 1353 1500 1405 sepultura

840 1419 1004 1451 veterum
1049 1412 1336 1461 Aegyptiorum,
1389 1423 1498 1458 quem

841 1483 922 1507 cum
971 1469 1238 1505 accuratissime
1290 1466 1500 1503 tractaverit

841 1527 1045 1564 Creuzerus
1066 1525 1100 1560 in
1111 1528 1318 1561 commentt.
1331 1523 1499 1559 Herodd.

842 1595 922 1633 cap.
945 1583 960 1618 I
982 1581 1127 1632 potiora
1146 1581 1228 1617 hinc
1252 1580 1299 1616 ad
1318 1578 1501 1616 Herodoti

841 1640 952 1677 verba
970 1638 1113 1686 singula
1134 1637 1347 1674 illustranda
1364 1640 1501 1672 totum-

843 1709 914 1746 que
942 1707 1079 1732 morem
1109 1694 1176 1731 rite
1205 1693 1501 1744 perspiciendum

843 1754 1115 1789 transferamus.
1161 1750 1252 1787 Post
1278 1750 1501 1786 Creuzerum

846 1808 1020 1846 nonnulla
1040 1820 1186 1855 quoque
1204 1805 1321 1842 attulit
1334 1804 1502 1841 Minutoli

845 1866 900 1901 in:
918 1864 1130 1911 Nachtrkige
1147 1867 1212 1899 etc.
1232 1875 1268 1911 p.
1284 1861 1363 1901 194
1384 1874 1503 1909 seqq.‚

848 1922 977 1970 quibus
1009 1933 1074 1955 suo
1106 1919 1184 1955 loco
1216 1923 1369 1955 utemur.
1429 1917 1502 1954 Hic

848 1978 885 2013 in
922 1977 1128 2013 universum
1167 1987 1356 2011 monemus
1388 1976 1424 2010 et
1459 1985 1503 2010 ex

848 2033 1019 2070 Minutoli
1040 2032 1129 2069 libro
1159 2031 1181 2067 l.
1211 2043 1297 2080 pag.
1325 2032 1403 2071 191
1426 2042 1503 2078 seq.

850 2091 1068 2140 repetimus,
1107 2101 1244 2125 morem
1280 2088 1391 2123 istum
1421 2098 1508 2122 con-

846 2147 971 2184 diendi
1009 2145 1211 2191 cadavera,
1233 2155 1412 2194 perquam
1442 2155 1506 2179 ve-

845 2208 997 2249 tustum,
1018 2214 1091 2237 non
1113 2201 1226 2238 solum
1247 2200 1384 2250 priscas
1406 2198 1507 2248 apud

848 2264 978 2310 gentes
999 2270 1090 2307 quas
1111 2259 1274 2294 novimus
1292 2256 1504 2300 obtinuisse,

848 2330 972 2354 verum
1001 2316 1109 2352 etiam
1139 2315 1176 2350 iu
1207 2313 1416 2361 regionibus
1447 2324 1506 2348 re-

851 2386 936 2411 cens
960 2372 1111 2408 detectis
1134 2371 1233 2420 apud
1243 2370 1429 2406 Peruanos
1450 2371 1506 2404 at-

850 2443 920 2479 que
940 2428 1150 2465 Mexicanos
1174 2430 1318 2476 reperta
1339 2437 1421 2461 esse
1439 2436 1506 2460 ca-

850 2487 983 2522 davera
1010 2483 1159 2520 similem
1182 2483 1219 2519 in
1242 2482 1414 2527 modum,
1433 2492 1506 2528 quo

850 2543 950 2592 apud
967 2540 1168 2589 Aegyptios
1200 2539 1331 2584 fiebat,
1361 2536 1507 2574 condita

850 2604 962 2647 atque
995 2596 1165 2645 reposita.
1231 2595 1371 2631 Causas
1409 2605 1507 2639 vero,

853 2667 948 2703 quae
985 2652 1186 2701 Aegyptios
1228 2649 1507 2695 commoverint,

854 2714 895 2746 ut
926 2714 1001 2745 tam
1034 2721 1188 2758 operose
1213 2707 1399 2744 condirent
1441 2705 1509 2741 de-

853 2767 1059 2803 functorum
1076 2764 1273 2810 cadavera,
1302 2762 1422 2813 plures
1445 2773 1508 2798 ex-

857 2826 975 2866 stant3
1008 2821 1054 2858 de
1074 2820 1204 2871 quibus
1225 2820 1297 2857 vid.
1318 2830 1506 2857 excursum

856 2878 906 2916 ad
926 2877 961 2915 h.
983 2876 1006 2915 l.

1487 330 1600 358 Medici
1617 331 1670 358 alii
1689 330 1766 357 alius

1487 364 1592 392 morbi.
