1909 3228
382 221 465 262 350
786 215 1245 256 HERODoTl

353 328 527 384 δράπαν
555 325 706 384 ἀγορή.
746 325 870 369 Μετὰ
898 328 1035 368 ταῦτα
1064 324 1293 380 ἐπιτρέψας
1321 325 1396 377 τὰς
1422 328 1501 382 μὲν
1519 326 1631 382 Σάρ-

381 410 448 459 δις
480 406 664 464 Ταβάλῳ
693 404 821 458 ἀνδρὶ
851 403 1021 459 Πέρσῃ,
1065 403 1144 447 τὸν
1174 405 1218 447 δὲ
1245 403 1435 459 χρυσὸν,
1482 404 1558 450 τόν
1587 422 1632 449 τε

384 489 580 541 Ῑζροίσου
609 484 682 528 καὶ
717 482 795 525 τὸν
830 487 918 526 τῶν
948 482 1091 526 ἄλλων
1119 484 1300 533 Λυδῶν,
1351 483 1530 540 Πακτύῃ
1563 482 1633 527 ἆν-

382 567 452 621 δρι
480 565 614 619 Amic-3
642 562 854 616 κομίζειν,
894 559 1116 618 ἀπήλαυνε
1147 560 1277 612 αὐτὸς
1313 561 1356 612 ἐς
1381 560 1633 617 Ἀγβάτανα,

381 642 576 697 Κροῖσόν
602 657 648 684 τε
684 639 773 696 ἅμα
803 638 1036 697 ἀγόμενος,
1085 639 1159 684 καὶ
1187 638 1289 690 τούς
1305 637 1459 691 Ἴωνας
1488 639 1535 683 ἐν
1564 639 1636 683 οὐ-

352 721 477 765 7δενὶ
503 718 620 778 λόγῳ
654 719 947 785 ποιησάιύςνος
975 719 1054 778 τήν
1081 717 1260 776 πρώτην
1288 715 1413 764 εἶναι.
1442 718 1471 776 ἥ
1489 734 1534 763 τε
1552 717 1637 776 γάρ
1647 721 1692 760 45

381 891 475 947 μετοῖ
507 896 630 933 ταῦτα
658 890 875 959 ἐπιτρέψας
901 890 971 940 τάς

326 949 398 1004 μὲν
420 948 568 1002 Σάρδις
601 945 767 1004 Ταβάλῳ
796 965 832 989 κ.
859 964 894 988 τ.
917 948 968 1000 λ.]

326 1009 426 1046 Usus
446 1012 502 1046 est
518 1008 587 1045 hoc
605 1007 685 1044 loco
703 1007 906 1044 Heerenius
934 1006 971 1042 in

325 1065 393 1113 iis,
431 1076 525 1113 quae
560 1063 721 1114 disputat
755 1063 802 1101 de
837 1061 972 1100 Persici

325 1121 467 1172 imperii
502 1120 777 1158 administrandi
815 1119 974 1165 ratione3

326 1178 398 1214 vid.
416 1177 528 1214 Ideen
557 1180 623 1215 etc.
652 1176 695 1224 Ι,
727 1178 749 1217 1
773 1189 859 1227 pag.
878 1176 974 1216 403.

326 1233 407 1271 Nec
429 1233 578 1281 mirum,
609 1232 764 1270 eandem
793 1233 871 1270 fere
887 1231 976 1280 Cyri

326 1302 369 1327 ac
402 1289 596 1327 Persarum
636 1289 750 1326 fuisse
784 1288 974 1334 rationem,

327 1358 423 1395 quae
448 1345 601 1396 posthac
625 1345 694 1382 fuit
717 1343 975 1394 Mongolorum

328 1406 365 1438 et
392 1401 492 1438 ducis
514 1401 655 1437 illorum
672 1400 976 1449 Dschingischan,

328 1469 408 1493 cum
427 1469 493 1507 par
512 1457 620 1494 fuerit
635 1460 672 1493 et
691 1457 822 1492 ducum
833 1460 870 1493 et
887 1468 976 1504 gen

328 1513 417 1549 tium
439 1512 542 1549 ratio.
598 1511 769 1560 Namque
799 1512 836 1548 in
871 1511 977 1548 terris

329 1568 512 1618 occupatis
533 1566 745 1618 plerumque
766 1567 891 1617 copias
921 1579 979 1604 re-

328 1624 507 1673 linquunt,
536 1636 687 1672 quarum
706 1624 816 1660 duces
833 1622 980 1673 provin-

329 1680 420 1717 ciam
449 1680 630 1717 subditam
657 1683 826 1726 teneant,
863 1679 979 1728 impe-

330 1736 492 1784 riumque
509 1740 688 1773 tueantur.
726 1735 810 1772 Istis
837 1735 979 1771 addun-

329 1796 386 1828 tur
406 1791 465 1828 alii
491 1792 590 1840 regis
626 1791 801 1837 ministri,
829 1790 891 1839 qui
915 1790 980 1825 tri-

329 1848 414 1884 buta
444 1852 578 1896 cogant
611 1847 762 1895 regique
791 1845 977 1882 transmit-

329 1907 429 1949 tant3
459 1915 502 1940 ac
527 1915 640 1953 saepe
668 1902 776 1940 etiam
803 1901 849 1938 ab
872 1901 979 1937 utris-

330 1973 402 2009 que
420 1958 555 1996 diversi
582 1958 812 1996 inveniuntur
837 1957 979 1994 urbium

330 2015 525 2066 praefecti,
555 2015 618 2064 qui
643 2013 836 2066 praesidiis
871 2026 979 2064 prae-

330 2072 427 2119 sint,
454 2083 548 2120 quae
579 2071 617 2108 in
647 2069 799 2120 singulis
829 2070 978 2107 urbibus

330 2131 415 2164 sunt
433 2127 619 2165 collocata.
673 2126 729 2164 Ita
753 2126 872 2174 Cyrus
896 2125 979 2163 Ma-

333 2196 454 2220 zarem
471 2184 601 2220 ducem
617 2182 786 2221 exercitui
803 2182 979 2232 praeficit,

332 2239 367 2276 T
370 2238 474 2276 abalo
493 2239 629 2277 Sardes
649 2238 834 2290 permittit,
844 2237 977 2286 Pacty-

331 2308 389 2332 am
427 2295 568 2332 tributis
612 2294 824 2344 colligendis
870 2298 979 2344 atque

332 2351 476 2388 omnino
494 2351 606 2400 regiis
627 2351 804 2389 reditibus
832 2349 981 2388 thesau-

332 2407 454 2457 risque
478 2407 682 2459 praeponit.
720 2427 776 2434 —
805 2405 980 2457 κομίζειν

332 2476 412 2502 cum
431 2462 615 2502 Larchero
635 2463 786 2513 aliisque
801 2464 980 2513 interpre-

332 2523 410 2556 tor:
471 2521 687 2572 transferre,
732 2517 885 2569 deferre,
931 2517 980 2554 ad

334 2575 469 2623 Cyrum
492 2577 648 2625 scilicet,
674 2576 713 2614 in
742 2575 864 2626 regios
899 2572 979 2611 the-

335 2643 473 2669 sauros.

389 2739 457 2780 καὶ
485 2757 578 2789 τους
601 2739 742 2789 Ἴωνας
770 2741 814 2782 ἔν
847 2736 983 2782 οὕδενι

336 2793 438 2851 λόγω
467 2795 734 2849 ποιησάμενος
770 2813 844 2849 την
875 2812 982 2849 πρω-

337 2868 409 2905 την
452 2850 575 2904 εἶναι]
622 2854 819 2905 Negotium
865 2856 983 2894 secere

1038 891 1128 931 haec
1145 892 1257 930 verba
1268 891 1523 943 interpretibus
1534 921 1544 940 ,
1575 891 1692 929 locum

1036 950 1255 987 mendosum
1283 949 1591 996 existimantibus,
1629 960 1693 985 va-

1038 1005 1164 1054 rieque
1203 1005 1289 1042 inde
1317 1004 1415 1041 illum
1457 1005 1693 1042 tentantibus.

1038 1062 1101 1098 Sic
1121 1060 1382 1098 Valckenarius
1402 1061 1595 1127 proponit:
1625 1074 1695 1098 και

1039 1116 1123 1158 ἐπὶ
1151 1114 1293 1163 Ἴωνας
1332 1115 1375 1156 ἐν
1409 1111 1547 1155 ουδενὶ
1590 1112 1694 1169 λόγῳ

1041 1169 1312 1224 ποιησάμενος
1341 1169 1416 1224 τὴν
1441 1167 1604 1225 πρώτην
1635 1170 1695 1211 ἰέ-

1042 1245 1129 1270 ναι
1174 1229 1230 1267 vel
1272 1225 1434 1277 εἶναι,·
1482 1240 1696 1279 comparans

1043 1287 1225 1336 geminum
1245 1285 1362 1323 locum
1382 1260 1454 1332 Ill,
1485 1285 1576 1326 134
1614 1284 1696 1323 Nec

1043 1343 1093 1381 W
1095 1342 1288 1391 esselmgio
1306 1342 1394 1380 haec
1410 1341 1590 1393 displicuit
1609 1354 1696 1379 con-

1042 1399 1199 1446 iectura,
1237 1410 1316 1435 cum
1355 1399 1456 1448 prius
1495 1397 1604 1435 verba
1644 1397 1696 1434 sic

1044 1454 1251 1491 ordinanda
1267 1454 1487 1491 censuisset:
1515 1452 1583 1492 καὶ
1602 1467 1696 1499 τους

1034 1508 1174 1556 Ἴωνας
1211 1524 1285 1559 την
1321 1523 1484 1560 πρωτην
1517 1508 1559 1548 ἐν
1600 1523 1633 1548 o.
1661 1511 1694 1547 λ.

1045 1560 1314 1616 ποιησάμενος
1343 1568 1470 1604 εἰναιε
1510 1569 1542 1602 et
1572 1563 1696 1602 Ionum

1045 1622 1295 1660 nullamimtio
1315 1624 1483 1658 rationem
1502 1621 1693 1659 habendam

1046 1691 1117 1716 esse
1148 1682 1259 1715 ratus.
1323 1678 1401 1715 Sed
1436 1682 1533 1715 recte
1572 1682 1697 1715 monet

1046 1734 1249 1782 Schweigh.
1263 1734 1301 1769 in
1311 1733 1491 1782 frequenti
1507 1734 1605 1784 apud
1617 1733 1698 1771 No-

1045 1794 1158 1826 strum
1187 1801 1255 1825 usu
1280 1789 1448 1825 dictionis
1487 1787 1530 1828 ἒν
1561 1784 1699 1829 ου’δενὶ

1044 1841 1143 1898 λόγῳ
1173 1847 1382 1883 ποιεῖσθαι
1423 1848 1460 1882 et
1486 1844 1568 1883 huic
1599 1846 1699 1883 simi-

1045 1901 1152 1948 lium,
1201 1913 1380 1949 nusquam
1422 1901 1507 1938 alibi
1548 1902 1697 1940 verbum

1046 1953 1150 1997 εἶναι
1175 1957 1355 2024 adiectum
1385 1957 1562 2005 inveniri3
1597 1959 1698 2022 quod

1046 2014 1077 2050 si
1105 2012 1277 2050 adverbio
1303 2009 1380 2063 τὴν
1415 2009 1579 2066 πρώτην
1617 2015 1698 2052 iun-

1046 2073 1141 2108 ctum
1157 2069 1343 2107 abundare
1360 2070 1492 2108 dixeris
1503 2099 1514 2118 ,
1532 2083 1608 2108 non
1620 2083 1698 2109 cer-

1046 2129 1084 2164 te
1101 2125 1315 2163 Herodoteo
1335 2125 1415 2161 usui
1436 2126 1505 2163 hoc
1524 2126 1695 2164 adversa-

1045 2181 1163 2228 bitur,
1192 2180 1369 2229 simulque
1388 2180 1487 2218 locus
1507 2181 1609 2232 ipse,
1635 2182 1697 2231 qui

1045 2237 1182 2288 pariter
1201 2236 1246 2273 ab
1276 2236 1441 2273 omnibus
1470 2237 1569 2274 libris
1587 2250 1697 2275 manu

1046 2291 1190 2343 scriptis
1242 2291 1454 2340 exhibetur,
1509 2293 1697 2331 incolumis

1045 2352 1144 2386 stare
1165 2347 1309 2398 poterit.
1364 2346 1536 2387 Laudant
1550 2350 1643 2387 hanc
1659 2351 1696 2387 in

1046 2416 1123 2442 rem
1144 2403 1324 2441 Herodot.
1344 2402 1408 2452 IV,
1428 2405 1483 2446 33
1507 2410 1544 2444 et
1560 2406 1607 2454 Π,
1627 2405 1695 2452 44,

1046 2460 1138 2508 alia,
1167 2471 1261 2508 quae
1288 2459 1386 2497 haud
1405 2461 1480 2498 scio
1500 2474 1547 2499 an
1576 2462 1696 2511 magis

1046 2516 1115 2553 huc
1142 2515 1295 2563 saciant,
1324 2515 1500 2555 Matthiae
1521 2518 1588 2555 Gr.
1628 2518 1696 2556 Gr.

1047 2570 1086 2623 ὅ.
1117 2571 1200 2612 545
1242 2584 1329 2622 pag
1359 2575 1488 2621 1071,
1535 2574 1591 2611 cui
1620 2570 1696 2624 τήν

1049 2642 1212 2679 πρωτην
1243 2623 1346 2667 εἶναι
1381 2641 1514 2667 sonare
1537 2630 1695 2668 videtur:

1049 2686 1253 2731 wemgstens
1281 2686 1329 2722 im
1355 2685 1517 2736 Anfang.
1574 2686 1696 2730 Quam

1049 2740 1198 2789 quidem
1221 2740 1554 2792 interpretationem
1569 2742 1697 2781 luben-

1050 2796 1187 2834 tissime
1208 2797 1468 2847 amplectimur.

1105 2847 1134 2903 ἥ
1164 2866 1204 2893 τε
1227 2850 1302 2906 γάρ
1345 2850 1541 2906 Βαβυλών
1581 2853 1622 2895 οἱ
1640 2847 1694 2904 ἦν
