1909 3228
569 209 986 251 EUTERPE.
1044 210 1090 251 11.
1362 211 1452 253 623

164 321 285 366 δέστι
322 320 473 377 λέγειν.
531 320 629 365 ὅσοι
667 322 713 366 δὲ
749 324 914 376 Καρῶν
952 320 1033 365 εἶσὶ
1070 318 1118 364 ἐν
1147 318 1352 376 Αἰγύπτῳ
1383 319 1449 363 οἰ-

188 399 380 452 κέοντες,
439 395 560 444 οὗτοι
597 401 642 444 δὲ
685 399 881 459 τοσούτῳ
910 400 971 443 ἔτι
1006 400 1118 443 πλέω
1147 403 1316 443 ποιεῦσι
1345 396 1449 442 τού-

188 495 298 533 των,
356 479 446 538 ὅσῳ
492 481 563 523 καὶ
606 480 659 523 τὰ
697 480 869 536 μέτωπα
917 480 1149 523 κόπτονται
1197 479 1449 535 μαχαίρῃσι·

190 559 262 602 καὶ
292 559 432 616 τούτῳ
472 560 550 603 εἰσὶ
590 562 714 615 δῆλοι
758 559 825 602 ὅτι
859 559 939 602 εἰσὶ
978 560 1108 610 ξεῖνοι
1148 559 1220 601 καὶ
1260 556 1341 602 οὐκ
1370 559 1450 601 Λί-

66 640 131 685 62
188 636 375 693 γύπτιοι.
404 638 470 690 Ἐς
499 637 615 682 Σάϊν
644 640 688 683 δὲ
718 638 847 683 πόλιν
876 636 1004 682 ἐπεὰν
1033 637 1321 694 συλλεχθέωσι
1350 642 1501 695 τῇσι25

136 833 292 871 honorem
311 834 488 871 verberare
509 847 536 870 5.
553 835 702 884 inflictis
722 833 792 871 sibi

134 891 327 927 verberibus
346 891 496 940 aliquem
514 890 642 939 lugere.
691 891 788 928 Satis

134 960 239 984 usum
258 948 444 983 firmarunt
464 947 568 983 huius
590 948 655 985 loci
680 948 789 984 inter-

133 1007 277 1053 pretes,
299 1017 365 1040 nec
386 1004 477 1052 sugit
496 1003 554 1041 ille
574 1004 787 1042 industriam

134 1058 312 1097 Matthiae
332 1060 368 1096 in
392 1060 458 1096 Gr.
484 1061 548 1097 Gr.
578 1075 615 1111 p.
634 1061 726 1101 758.

193 1113 242 1154 οὔ
272 1131 339 1165 μοι
373 1111 481 1155 ὅσιόν
511 1116 591 1155 ἐστι
634 1116 784 1168 λέγειν]

136 1172 208 1209 scil.
229 1173 404 1221 religione
424 1174 622 1222 impeditus
646 1174 711 1210 sibi
733 1174 787 1210 vi-

135 1229 311 1275 debatur,
341 1242 413 1278 quo
439 1230 579 1276 minus,
606 1243 701 1279 quae
729 1244 788 1268 se-

136 1290 233 1322 creta
253 1298 296 1322 ex
326 1287 504 1334 mysteriis
537 1288 711 1324 didicerat
739 1288 786 1323 ab

134 1340 396 1391 Aegyptiorum
434 1344 703 1389 sacerdotibus,
733 1344 788 1379 di-

134 1397 309 1445 vulgaret.
368 1399 548 1436 Osiridem
569 1413 654 1436 vero
683 1399 791 1436 intel-

134 1453 319 1502 ligendum
336 1468 417 1491 esse
436 1468 545 1504 supra
560 1456 630 1492 iam
648 1456 790 1492 monui-

134 1522 226 1547 mus.
247 1532 303 1537 ——
321 1510 378 1547 Ad
400 1523 463 1558 ea,
494 1524 589 1560 quae
619 1512 787 1548 continuo

136 1571 356 1615 sequuntur,
389 1567 453 1604 Cr.
473 1569 633 1605 confert:
661 1568 788 1606 Leake

134 1622 187 1660 les
205 1623 412 1674 principaux
437 1629 664 1662 monuments
686 1625 789 1673 Egy-

135 1679 255 1730 ptiens
287 1693 333 1718 en
353 1680 570 1728 Angleterre
601 1681 787 1730 (Londin.

138 1737 268 1785 1827)
286 1749 372 1787 pag.
393 1740 460 1779 27.

335 1820 442 1871 cap
479 1820 595 1858 [ΧΠ.

196 1902 235 1950 ἒς
247 1899 353 1943 Σάϊν
373 1901 415 1943 δὲ
435 1899 553 1943 πόλιν
574 1900 693 1943 ἐπεὰν
706 1905 792 1942 συλ-

139 1959 330 2010 λεχθέωσι
356 1963 445 2015 τῇσι
472 1960 665 2014 θυσίῃσι]
701 1962 791 2014 τῇσι

139 2017 329 2070 θυσίῃσιῑ
368 2017 416 2053 acl
442 2031 545 2054 sacra
574 2017 788 2067 peragenda,

139 2075 399 2123 sacrificatum,
431 2078 468 2110 ut
486 2074 791 2111 monetSchaese-

139 2143 201 2167 rus
219 2130 266 2166 ad
278 2130 430 2179 Dionys.
443 2131 488 2167 de
509 2131 696 2180 composit.
708 2143 789 2167 ver-

139 2187 218 2223 bor.
237 2199 322 2236 pag.
344 2188 437 2227 306.
496 2187 591 2223 Add.
611 2186 789 2223 Matthiae

141 2243 207 2280 Gr.
243 2243 307 2279 Gr.
345 2240 380 2293 ἓ.
413 2243 493 2284 401
509 2272 519 2290 ,
552 2247 588 2284 3.
619 2265 674 2270 -—
706 2243 793 2279 Sais

139 2299 242 2346 urbs,
269 2301 367 2335 nomi
394 2300 517 2337 Saitici
546 2304 655 2350 caput
679 2300 792 2336 adeo-

142 2367 213 2404 que
238 2355 369 2393 Deltae
395 2356 595 2404 inferioris,
626 2355 791 2392 nonnihil

141 2415 280 2448 remota
300 2412 475 2450 orientem
495 2426 616 2450 versus
634 2414 789 2450 acano-

141 2466 223 2515 pico
243 2468 353 2503 fluvio
376 2468 444 2505 sita
473 2473 561 2506 erat.
620 2468 791 2519 Splendi-

144 2522 373 2560 dissimorum
410 2525 676 2570 aedificiorum,
710 2525 791 2574 qui-

142 2578 213 2615 bus
236 2579 319 2615 olim
337 2584 464 2617 ornata
485 2582 551 2617 suit
569 2583 654 2618 urbs
667 2608 678 2627 ,
699 2593 791 2631 pau-

145 2646 188 2671 ca
207 2635 339 2672 rudera
360 2636 527 2685 dispersa
559 2638 677 2674 adhuc
706 2649 792 2674 con-

144 2691 342 2740 spiciuntur
364 2691 412 2728 ad
428 2692 545 2729 vicum
567 2693 640 2730 Ssa
664 2707 691 2730 s.
718 2693 791 2732 Ssa

143 2746 182 2783 al
206 2747 369 2794 Hadjar,
399 2747 518 2798 inquo
539 2750 696 2786 cernitur
713 2754 792 2798 ety-

144 2815 231 2841 mon
245 2803 477 2854 Aegyptium,
487 2806 586 2854 quod
598 2805 669 2843 Sai
677 2805 790 2843 fuisse

145 2859 221 2898 vult
240 2860 467 2912 Champollio
483 2860 506 2899 l.
524 2860 547 2899 l.
572 2861 607 2900 ΙΙ
636 2875 674 2914 p.
695 2864 790 2904 219.

1505 639 1664 667 wan-vac
1674 640 1783 668 fes-tum

1506 674 1649 701 Saiticum
1667 680 1783 700 noctur·

1506 716 1576 735 num
1594 729 1601 741 ,

1653 708 1783 734 lucernis

1510 750 1562 776 per
1582 746 1672 768 totam
1686 744 1783 781 Aegy-

1506 780 1587 811 ptum
1606 783 1750 804 accensu-¹.

858 833 942 870 Vid.
964 833 1235 871 Schlichthorst.
1255 833 1277 870 l.
1294 833 1315 870 l.
1335 846 1419 883 pag.
1439 835 1505 875 68.

857 890 1068 927 Herodotus
1088 890 1279 940 aliquoties
1302 891 1400 927 urbis
1422 891 1507 928 facit

856 948 1077 984 mentionem
1098 947 1128 983 ll
1142 975 1152 993 ‚
1176 950 1252 989 169
1273 960 1348 996 seq.
1392 947 1506 984 nNam

856 1003 1084 1053 splendidum
1104 1004 1140 1040 in
1162 1017 1204 1041 ea
1214 1004 1402 1041 Minervae
1414 1008 1507 1041 tem-

854 1061 970 1110 plum,
995 1061 1031 1097 in
1054 1074 1125 1109 quo
1142 1059 1301 1110 Aegypti
1320 1073 1426 1109 reges
1447 1073 1506 1097 se-

854 1117 1100 1167 peliebantur,
1140 1123 1329 1166 praeterea
1353 1116 1506 1166 collegia

856 1174 1081 1211 sacerdotum
1101 1173 1169 1210 illic
1190 1174 1390 1221 florebant,
1406 1174 1505 1211 unde

855 1230 1076 1267 Graecorum
1106 1230 1287 1279 sapientes
1316 1243 1381 1267 sua
1410 1231 1506 1267 didi-

856 1286 947 1324 cisse
997 1288 1169 1324 seruntur.
1235 1288 1340 1330 Quae
1387 1291 1508 1324 tamen

857 1355 954 1379 nune
972 1344 1165 1389 mittimus3
1195 1355 1409 1390 quaeramus
1441 1356 1510 1394 po-

857 1399 927 1435 tius
948 1427 958 1444 ,
989 1399 1095 1447 quale
1125 1399 1232 1435 fuerit
1268 1401 1422 1445 festum,
1461 1400 1508 1437 de

857 1467 929 1503 quo
946 1455 1002 1491 hic
1022 1455 1160 1491 Noster
1176 1456 1306 1502 refert,
1338 1460 1374 1493 et
1392 1456 1427 1491 in
1447 1469 1511 1492 cu-

855 1511 995 1548 iusnam
1023 1510 1177 1548 numinis
1208 1511 1382 1549 honorem
1408 1511 1512 1548 insti-

854 1571 981 1604 tutum.
1030 1567 1252 1605 Referuntur
1270 1567 1443 1604 nonnulla
1461 1569 1509 1605 de

856 1623 926 1660 hoc
955 1625 1050 1661 sesto
1077 1624 1132 1671 ll,
1166 1627 1243 1665 171
1281 1628 1317 1662 et
1344 1627 1512 1662 accurata

857 1680 1001 1730 templi,
1030 1681 1067 1717 in
1087 1693 1159 1730 quo
1176 1681 1384 1730 peragitur,
1409 1681 1511 1719 exhi-

857 1738 964 1774 betur
983 1737 1176 1788 descriptio
1194 1737 1226 1773 ΙΙ
1240 1767 1251 1784 ,
1278 1740 1368 1779 170.
1410 1737 1509 1775 Nam

860 1794 979 1835 Osiris
1007 1793 1043 1829 in
1070 1793 1160 1840 hoc,
1190 1793 1378 1831 Minervae
1407 1793 1508 1842 quod

859 1854 1103 1886 consecratum
1136 1853 1233 1896 erat,
1271 1849 1405 1899 templo
1449 1863 1509 1887 se-

858 1905 978 1954 pultus
998 1906 1190 1942 serebatur.
1250 1905 1354 1948 Quae
1377 1906 1406 1941 si
1427 1918 1507 1943 cum

857 1961 955 1998 hisce
972 1974 1251 2011 componamus,
1280 1962 1337 1998 vix
1358 1961 1509 1998 dubium

858 2018 943 2063 erit,
972 2017 1040 2054 hoc
1069 2030 1214 2066 quoque
1232 2019 1363 2054 festum
1391 2018 1509 2054 Osiri-

858 2074 912 2110 dis
934 2074 970 2110 in
1001 2074 1176 2111 honorem
1202 2074 1313 2111 fuisse
1344 2074 1508 2111 celebra-

855 2134 953 2177 tum,
991 2130 1026 2166 in
1051 2130 1260 2168 memoriam
1292 2131 1422 2180 opinor
1445 2143 1509 2167 eo-

860 2200 961 2232 rum,
989 2199 1081 2235 quae
1104 2186 1160 2224 ille
1178 2186 1383 2223 hominibus
1411 2190 1509 2223 attu-

860 2242 952 2280 lerat
990 2243 1183 2289 beneficia,
1232 2256 1399 2292 quaeque
1427 2243 1508 2293 ipse

858 2312 987 2350 passus
1008 2304 1086 2337 erat
1102 2299 1197 2336 mala
1213 2300 1259 2336 ad
1277 2304 1429 2336 mortem
1446 2312 1508 2336 us·-

859 2369 931 2405 que
960 2357 1126 2393 miseram
1158 2369 1180 2392 a
1213 2355 1405 2406 Typhonis
1431 2368 1511 2392 ma-

858 2413 962 2449 nibus
987 2413 1169 2449 inflictam.
1199 2412 1386 2449 Minervae
1407 2412 1510 2461 quod

857 2470 990 2506 festum
1010 2469 1224 2505 adscribitur
1242 2468 1315 2515 (ll,
1335 2468 1421 2517 59),
1440 2467 1511 2505 hoc

857 2526 1056 2562 tenendum
1084 2528 1160 2571 est,
1190 2524 1391 2562 Minervam
1415 2524 1509 2562 hanc

858 2581 988 2630 (quam
1010 2581 1180 2631 Aegyptii
1205 2593 1354 2618 vocasse
1380 2581 1508 2618 dicun-

857 2641 917 2674 tur
945 2635 1055 2675 Nez'th
1079 2666 1089 2683 ,
1119 2637 1216 2674 unde
1241 2638 1357 2687 ipsum
1388 2637 1508 2674 Grae-

857 2706 937 2731 cum
954 2694 1046 2731 deae
1065 2705 1199 2730 nomen
1222 2698 1337 2730 ortum
1362 2693 1505 2741 volunt)

856 2762 931 2786 non
951 2750 1044 2787 adeo
1063 2749 1211 2788 differre
1231 2750 1278 2787 ab
1294 2749 1413 2797 Iside,
1442 2762 1507 2787 ve·-

855 2818 932 2843 ram
951 2810 988 2843 et
1017 2805 1293 2844 reconditiorem
1318 2805 1410 2843 illius
1438 2819 1507 2843 no-

854 2862 992 2900 tionem
1011 2862 1042 2900 si
1066 2867 1221 2915 spectes.
1277 2862 1412 2901 Isidem
1438 2875 1506 2900 au-
