1877 3223
418 214 498 254 136

809 207 1271 248 HERODOTI

415 323 488 378 τῆς
511 318 815 369 Ἱστιαιώτιδος
844 317 900 369 ὠς
929 317 1126 374 ἐξανέστη
1155 317 1242 361 ὑπὸ
1272 318 1520 373 Καδμείων,
1551 319 1660 361 οἴκεε
1678 321 1722 357 50

393 400 467 444 5ἐν
498 400 669 457 Πίνδῳ,
702 396 939 442 Μακεδνὸν
969 396 1243 453 καλεόμενον.
1285 395 1487 440 ἐνθεῦτεν
1516 396 1562 440 δὲ
1592 391 1667 439 αὖ·

363 551 490 588 tulisse
511 550 660 595 dicitur,
683 549 720 585 in
738 547 1011 599 septentrionali

365 605 580 646 Thessaliae
598 609 701 655 parte
715 609 772 641 est
793 607 862 642 sita
880 606 927 641 ad
939 605 1011 641 Os-

366 676 444 700 sam
472 666 631 698 montem
666 664 776 709 atque
805 662 1010 710 Olympum.

365 718 511 757 Nomen
528 718 646 767 ipsum
662 720 778 752 utrum
802 731 844 755 ex
864 718 922 753 illo
936 717 1009 752 Eu-

367 777 480 812 boeae
500 772 637 809 insulae
666 776 803 819 tractu,
831 774 887 811 cui
917 774 1013 810 idem

367 842 519 876 nomen,
576 840 623 865 an
669 827 812 866 aliunde
863 830 1014 865 inditmn

367 885 489 933 fuerit,
546 885 603 921 vix
655 884 799 921 dixeris.
883 884 1015 933 Neque

367 941 486 991 magis
515 942 562 979 de
592 940 723 977 finibus
760 940 862 976 huius
897 941 1017 988 regio-

367 999 424 1036 nis
454 1001 604 1036 constat.
663 996 745 1032 Vid.
773 996 942 1032 Strabon.
964 995 1016 1032 IX

368 1069 405 1106 p-
435 1056 517 1096 437
570 1067 600 1090 S·
631 1054 733 1100 668,
777 1050 821 1088 Α.
858 1052 890 1089 Β
937 1051 1015 1088 coll.

368 1111 480 1148 Beck.
507 1110 528 1147 l.
547 1109 569 1146 l.
597 1123 632 1160 p.
650 1109 730 1150 839
748 1121 825 1158 seq.
855 1112 891 1146 et
910 1107 1018 1145 Man-

369 1172 461 1204 nert.
501 1166 524 1203 l.
561 1165 584 1202 l.
620 1165 689 1202 Vll
732 1178 769 1215 p.
801 1164 894 1207 567.
943 1164 1019 1201 Eu-

369 1223 535 1261 boeicum
563 1221 667 1258 huius
692 1222 847 1258 nominis
867 1225 1018 1258 tractum

370 1279 508 1317 Noster
535 1282 789 1315 commemorat
814 1278 919 1326 wll,
951 1279 1016 1319 23.

371 1334 585 1373 Thessalica
603 1334 704 1382 regio
722 1337 852 1384 postea
871 1335 1017 1371 demum

371 1391 441 1429 hoc
474 1403 607 1428 nomen
643 1390 827 1440 accepisse
863 1390 1017 1437 videtur,

373 1460 453 1485 cum
482 1450 589 1483 antea
614 1445 721 1482 Doris
749 1451 847 1483 esset
881 1458 1018 1482 nuncu-

372 1507 461 1554 pata
471 1531 482 1551 ,
509 1505 602 1540 teste
622 1500 795 1539 Androne
807 1503 905 1552 apud
915 1503 1019 1538 Stra-

373 1561 459 1597 bon.
479 1558 514 1595 X
532 1572 568 1608 p.
589 1557 670 1599 475
691 1571 719 1594 s,
735 1561 839 1606 729,
868 1557 912 1595 A.
953 1558 1019 1595 Cr.

373 1614 478 1652 addit
514 1614 665 1651 Charac.
706 1615 805 1664 apud
843 1614 1019 1664 Stephan.

374 1671 529 1719 Byzant.
554 1683 582 1707 S.
597 1682 631 1707 v,
653 1666 832 1722 Δώριον,
863 1674 899 1708 et
919 1670 1019 1707 C.O.

375 1726 518 1764 Miiller.
547 1726 673 1773 (Dorr.
695 1726 729 1763 ΙΙ
749 1740 784 1776 p.
806 1729 860 1768 27
884 1727 1022 1776 seqq).‚

377 1782 439 1831 qui
470 1782 612 1832 Tempe
637 1795 782 1832 quoque
810 1782 1023 1820 Thessalica

376 1838 458 1875 huic
472 1839 611 1887 regioni
631 1839 905 1875 adnumeranda
927 1852 1024 1885 esse,

379 1906 423 1932 ex
442 1894 556 1943 ipsius
582 1894 762 1931 Herodoti
787 1894 908 1932 verbis
937 1907 1023 1931 con-

380 1949 472 1987 cludi
491 1963 602 2000 posse
618 1953 733 2000 putat.

435 2004 477 2044 ἐκ
504 2002 547 2044 δὲ
573 2007 644 2056 τῆς
670 2000 943 2053 Ἱστιαιώτιδος
973 2004 1027 2053 ώς

380 2060 561 2112 ἐξανέστη
576 2058 658 2101 ’ὑπό
683 2061 916 2113 Καδμείων]
946 2062 1028 2100 Hac

381 2119 428 2155 de
464 2131 503 2156 re
537 2119 623 2155 mihi
654 2131 729 2155 non
771 2120 857 2156 satis
894 2118 1027 2167 liquet3

380 2174 563 2225 proferam
579 2178 700 2213 tamen
711 2204 722 2222 ,
733 2188 827 2224 quae
836 2204 846 2222 ‚
858 2179 1028 2212 monente

384 2230 470 2277 Cr.,
501 2230 598 2267 adh.
622 2230 645 2269 l.
678 2232 876 2281 disputavit
905 2231 948 2269 C.
980 2230 1027 2267 Ο.

382 2285 524 2323 Miiller.
550 2287 584 2324 in
604 2287 821 2325 Orchomen.
852 2288 870 2325 I
891 2301 927 2338 p.
947 2288 1029 2328 233

384 2354 462 2390 seq.
499 2341 589 2379 Dor.
616 2342 632 2379 Ι
665 2357 700 2393 p.
722 2345 778 2385 32
804 2356 907 2392 seqq.
970 2343 1030 2380 De

384 2398 564 2448 Epigonis
597 2399 652 2435 hic
684 2400 916 2449 cogitandum
946 2410 1028 2436 esse

385 2458 530 2501 censet,
559 2468 708 2503 quorum
740 2456 851 2506 opera
878 2454 1027 2492 Thebas

386 2514 511 2560 captas
556 2511 669 2547 fuisse
701 2512 885 2557 novimus3
930 2510 1028 2547 unde

386 2567 521 2603 eiectos
536 2566 716 2604 Cadmeos
742 2568 952 2617 confugisse
980 2566 1029 2602 ad

387 2622 546 2671 Illyricos
563 2621 782 2671 Encheleos‚
813 2636 930 2673 eoque
948 2623 1028 2671 ipso

387 2679 426 2714 in
473 2678 600 2716 itinere
641 2680 805 2728 attigisse
848 2677 1029 2717 Homolen

389 2733 601 2783 Magnesiae
630 2740 811 2783 montem,
849 2737 896 2773 ad
923 2747 1030 2784 quem

389 2791 507 2829 Dores
525 2790 774 2838 habitaverint,
792 2793 851 2841 qui
870 2792 938 2842 ipsi
957 2795 1030 2827 tum

390 2847 534 2886 sedibus
553 2848 641 2885 moti
672 2848 813 2886 suerint.
872 2848 947 2887 Ubi
975 2850 1030 2885 ta—

1079 559 1161 584 men
1179 547 1255 583 iure
1272 546 1432 592 mireris,
1456 547 1555 595 quod
1570 548 1725 596 perfuga

1080 617 1170 652 gens
1198 602 1234 638 in
1251 606 1458 638 transcursu
1475 601 1595 638 Dores
1615 603 1724 639 firmis

1080 660 1226 696 sedibus
1253 658 1444 708 pepulerit.
1502 657 1555 694 Ac
1582 661 1639 694 tot
1671 661 1727 695 te-

1080 715 1201 753 nebris
1217 715 1405 751 obscurata
1422 714 1468 751 de
1479 713 1656 763 Epigonis
1674 714 1729 750 sa-

1080 784 1159 818 ma,
1191 775 1247 818 ut,
1277 770 1364 819 quid
1385 772 1471 807 certi
1496 770 1580 807 inde
1609 770 1657 806 ad
1676 769 1730 805 hi-

1082 828 1215 864 storiae
1240 827 1348 863 sideni
1370 827 1460 863 trahi
1482 830 1602 874 queat,
1631 825 1729 862 haud

1082 883 1186 920 sacile
1229 883 1371 919 dixeris.
1439 882 1546 919 Conf.
1576 882 1729 920 Diodor.

1084 939 1192 975 Sicul.
1214 938 1276 986 IV,
1297 941 1362 978 67.

1142 994 1244 1033 οἴκεε
1292 992 1334 1032 ἐν
1381 993 1541 1046 Πίνδῳ,
1592 995 1730 1032 Μακε-

1086 1047 1177 1089 δνὸν
1197 1045 1456 1099 καλεόμενον]
1488 1050 1575 1086 Non
1593 1051 1628 1086 in
1641 1049 1730 1087 Pin-

1086 1106 1167 1143 dum
1186 1110 1345 1144 montem
1360 1105 1455 1141 haud
1471 1104 1593 1156 procul
1614 1119 1733 1143 remo-

1085 1167 1161 1200 tum
1188 1163 1233 1200 ab
1247 1162 1490 1199 Histiaeotide
1506 1161 1627 1198 Dores
1648 1174 1734 1198 con-

1085 1220 1226 1268 fugisse
1252 1218 1327 1255 vult
1343 1216 1547 1256 Larcherus
1575 1218 1736 1267 (alioqui

1086 1277 1182 1314 enim
1208 1275 1435 1312 Herodotum
1475 1275 1663 1324 scripsisse
1691 1273 1736 1313 ἐν

1085 1334 1144 1385 τῷ
1175 1331 1360 1382 Πίνδῳ),
1391 1331 1457 1367 sed
1480 1329 1592 1367 Pindi
1610 1331 1736 1367 urbem

1086 1388 1142 1425 hic
1177 1386 1448 1434 intelligendam
1491 1399 1592 1433 esse,
1642 1399 1736 1435 quae

1085 1443 1266 1492 Dryopidi
1283 1448 1421 1488 terrae,
1452 1443 1489 1479 in
1518 1455 1625 1492 quam
1651 1447 1737 1492 post

1087 1499 1305 1536 secesserint
1320 1498 1440 1535 Dores
1453 1528 1463 1545 ‚
1484 1499 1668 1549 proxima,
1689 1499 1737 1536 ad

1087 1555 1282 1606 tetrapolin
1311 1554 1480 1592 Doricam
1512 1555 1736 1605 pertinuerit.

1088 1612 1185 1658 Sed,
1229 1616 1267 1648 ut
1299 1611 1386 1647 illud
1428 1616 1589 1658 taceam,
1625 1611 1737 1648 multo

1089 1668 1206 1715 magis
1245 1671 1528 1705 consentaneum
1558 1680 1640 1704 esse
1670 1679 1738 1716 pro

1092 1724 1187 1760 illius
1207 1725 1285 1761 aevi
1313 1723 1455 1770 iodole,
1498 1724 1535 1759 in
1557 1723 1739 1760 montibus

1091 1780 1299 1827 confugium
1334 1779 1559 1827 quaesixisse
1606 1778 1741 1826 Dores,

1090 1849 1135 1874 ex
1163 1835 1301 1871 articuli
1333 1836 1529 1873 omissione
1553 1834 1624 1873 tale
1652 1835 1741 1884 quid

1092 1891 1186 1929 effici
1203 1904 1314 1941 posse
1333 1904 1441 1940 nego.
1453 1912 1510 1919 --
1526 1887 1740 1931 Μακεδνὸν

1092 1947 1201 1995 vulgo
1229 1949 1277 1984 ad
1296 1947 1570 1985 Macedonicam
1591 1953 1741 1997 gentem

1093 2005 1274 2051 referunt,
1303 2016 1398 2053 quae
1419 2005 1504 2042 inde
1522 2009 1558 2042 et
1572 2005 1652 2056 ipsa
1663 2004 1740 2041 Do-

1095 2060 1193 2097 ribus
1236 2062 1461 2097 accensenda
1499 2061 1546 2097 sit
1590 2065 1742 2111 propter

1099 2115 1317 2153 Macednum
1339 2129 1368 2153 S.
1388 2116 1626 2154 Macedonem
1639 2145 1648 2163 ‚
1679 2117 1740 2165 qui

1095 2171 1327 2209 Deucalionis
1354 2185 1469 2221 nepos
1505 2173 1619 2210 fuisse
1655 2185 1740 2222 per-

1095 2227 1247 2264 hibetur.
1313 2227 1423 2264 Plura
1460 2227 1573 2265 Beck.
1611 2227 1633 2264 l.
1670 2228 1693 2265 l.
1724 2227 1741 2265 Ι

1095 2296 1180 2334 pag.
1218 2286 1311 2325 826.
1369 2283 1432 2320 Cr.
1463 2285 1616 2321 conferri
1644 2285 1742 2322 iubet

1096 2339 1213 2375 Sturz.
1225 2341 1270 2377 de
1282 2339 1423 2376 dialect.
1435 2339 1625 2378 Macedon.
1639 2354 1674 2390 p.
1689 2343 1736 2381 11

1095 2408 1172 2444 seq.
1198 2400 1272 2432 not.
1293 2400 1329 2433 et
1348 2396 1499 2433 Weiske
1526 2398 1572 2434 de
1595 2397 1740 2445 Hyper-

1095 2451 1166 2488 bol.
1213 2465 1340 2489 errorr.
1380 2452 1417 2489 in
1451 2452 1535 2489 hist.
1584 2452 1740 2503 Philipp.

1094 2520 1180 2557 pag.
1219 2511 1269 2550 19
1310 2511 1383 2544 not.
1412 2508 1477 2548 40.
1536 2507 1590 2545 Ac
1626 2521 1742 2559 nuper

1095 2565 1240 2612 quidem
1268 2565 1311 2602 C.
1331 2565 1377 2601 Ο.
1394 2564 1535 2602 Miiller.
1567 2565 1703 2612 (Dorr.
1724 2565 1741 2601 I

1095 2633 1131 2670 p.
1152 2624 1178 2662 2
1198 2634 1299 2670 seqq.
1321 2623 1375 2662 33
1396 2621 1529 2670 seqq.)
1567 2621 1742 2658 Macedo-

1096 2689 1163 2713 nes
1174 2677 1329 2715 Doricae
1344 2678 1466 2728 stirpis
1486 2690 1568 2715 esse
1584 2677 1741 2727 negavit,

1098 2746 1177 2769 cnm
1196 2735 1244 2770 ad
1269 2734 1425 2783 lllyriam
1455 2734 1502 2770 illi
1526 2735 1740 2784 pertineant.

1097 2788 1267 2839 Namque
1301 2795 1440 2842 patrem
1469 2791 1640 2828 historiae
1667 2801 1739 2825 non

1097 2857 1216 2884 veram
1250 2846 1296 2885 de
1337 2847 1392 2884 his
1423 2847 1637 2886 sententiam
1663 2845 1739 2882 edi-
