1909 3228
466 225 548 265 342

467 336 547 377 τοῦ
576 329 841 375 Μελάνθου·

877 217 1337 257 HERODOTI

901 328 944 369 οἱ
974 326 1044 378 δὲ,
1084 327 1156 369 καὶ
1186 327 1554 382 συναμφοτέρους.
1611 326 1718 370 ἀλλὰ

465 412 548 467 γαρ
579 409 846 463 περιέχονται
875 407 956 448 τοῦ
994 402 1235 460 οὐνόματος
1264 404 1428 459 μᾶλλόν
1454 422 1496 449 τι
1525 408 1612 449 τῶν
1642 405 1718 448 ἄλ,-
1729 412 1774 446 70

439 496 561 533 Ξλων
586 487 754 530 Ἰώνων.
795 484 985 527 ἔστωσαν
1015 483 1061 526 δὲ
1087 483 1161 525 καὶ
1189 484 1233 525 οἱ
1261 487 1468 537 καθαρῶς
1495 483 1720 540 γεγονότες

456 568 624 616 Ἴωνες·
657 564 737 608 εἰσὶ
767 563 813 606 δὲ
843 562 999 613 πάντες
1017 560 1188 613 Ἴωνες,
1219 560 1316 605 ὅσοι
1346 561 1418 604 ἀπ’
1445 560 1643 618 Ἀθηνῶν
1658 580 1721 619 γε·

440 646 650 703 3γόνασι,
689 643 764 686 καὶ
801 640 1060 696 Ἀπατούρια
1099 640 1258 697 ἄγουσι
1284 639 1430 696 ὁρτήν.
1489 639 1646 696 ἄγουσι
1676 642 1722 685 δὲ

1882 451 1893 659 5

467 723 647 775 πάντες,
676 721 790 778 πλὴν
813 720 1026 778 Ἐφεσίων
1055 721 1126 764 καὶ
1148 721 1468 776 Κολοφωνίων·
1499 715 1623 764 οὗτοι
1639 720 1724 776 γάρ
1792 712 1848 751 73
1890 729 1894 751 2

471 805 634 858 μοῦνοι
677 799 832 846 Ἱώνων
869 799 953 845 οὐκ
992 800 1147 856 ἄγουσι
1178 796 1461 854 Ἀπατούρια·
1499 800 1574 844 καὶ
1602 794 1726 844 οὗτοι

415 1009 666 1047 consederant.
722 1008 775 1044 Illi
804 1008 899 1045 enim
916 1006 1067 1045 Nestori

416 1065 550 1103 subditi
574 1068 688 1102 erant.
731 1064 815 1101 Vid.
837 1064 1068 1115 potissimum

416 1122 588 1159 strabon.
619 1120 703 1157 VIII
732 1134 768 1170 p.
787 1121 868 1161 531
887 1149 899 1167 ‚
928 1120 960 1157 B
988 1132 1068 1170 seq.

417 1178 499 1216 coll.
522 1177 700 1215 Herodot.
722 1176 794 1222 IV,
817 1177 908 1218 148.

474 1229 573 1272 ἄλλα
601 1229 675 1285 γοῖρ
712 1231 960 1285 περιέχονται
995 1233 1071 1271 τοῦ

419 1286 638 1340 οὐνόματος
656 1292 807 1340 μᾶλλον
831 1304 868 1328 τι
893 1291 975 1328 τῶν
1006 1285 1071 1328 ἅλ-

418 1349 498 1385 λων
529 1341 690 1396 Ἰώνων]
729 1346 809 1383 Hos
833 1345 940 1384 Iones
979 1345 1071 1394 (qui

419 1403 609 1440 duodecim
628 1402 704 1439 illas
716 1402 944 1439 condiderint
961 1401 1070 1439 urbes

420 1459 457 1495 in
480 1456 583 1502 Asia)
603 1458 719 1506 magis
736 1457 995 1505 huic(10num)
1004 1469 1071 1493 no-

420 1514 506 1551 mini
525 1514 722 1551 adhaerere
734 1542 745 1560 ,
776 1513 934 1562 illudque
953 1513 1070 1561 magis

420 1569 513 1607 tueri
535 1582 644 1618 quam
676 1569 834 1618 reliquos
853 1569 981 1616 Iones,
1011 1569 1073 1618 qui

421 1626 586 1664 eiusdem
622 1625 694 1662 sint
720 1625 864 1676 stirpis,
893 1624 1074 1662 Herodoti

423 1685 479 1719 est
513 1682 713 1728 sententia,
753 1694 847 1730 quae
876 1693 966 1719 sane
987 1694 1074 1719 con-

423 1737 520 1786 gruit
540 1751 619 1774 cum
643 1738 703 1784 iis,
721 1750 814 1785 quae
832 1737 860 1783 I,
882 1737 959 1778 146
977 1737 1074 1774 idem

424 1798 595 1843 posuerat
623 1794 670 1830 de
697 1793 751 1829 his
783 1792 953 1839 Ionibus,
983 1804 1075 1841 quos

423 1849 590 1885 nobiliori
601 1849 712 1898 stirpe
724 1853 926 1899 prognatos
946 1849 976 1884 si
995 1847 1075 1897 quis

424 1904 545 1942 dicere
572 1903 700 1950 vellet,
733 1905 928 1941 absurdum
953 1905 992 1941 id
1022 1903 1078 1941 di-

424 1965 536 1998 xerat.
566 1960 800 2010 Quapropter
818 1960 940 1997 addit:
964 1959 1077 1999 ἔστω-

426 2028 501 2056 σαν
527 2013 569 2055 δὲ
590 2015 657 2054 καὶ
684 2016 725 2055 οῖ
747 2018 942 2067 καθαραῖς
968 2031 1076 2069 γεγο-

430 2067 539 2119 νότες
560 2073 582 2109 i.
605 2086 636 2110 e.
655 2074 726 2110 sint
740 2086 820 2110 vero
838 2075 943 2110 etiam
961 2073 1000 2110 ln·
1015 2085 1077 2122 ge-

425 2131 529 2166 nuini
548 2128 670 2174 Iones3
701 2130 833 2177 quibus
865 2129 1022 2168 declarat
1038 2142 1079 2167 se

426 2185 512 2223 nihil
544 2186 769 2223 intercedere
797 2186 910 2233 velle,
939 2187 969 2222 si
999 2185 1080 2235 quis

429 2255 493 2280 eos
519 2242 654 2279 habere
681 2241 787 2279 vellet
815 2242 994 2291 genuinos
1021 2241 1081 2278 Io-

427 2311 493 2335 nes
505 2326 516 2345 ,
536 2298 644 2334 modo
661 2297 729 2335 hoc
745 2302 934 2346 teneatur,
955 2310 1079 2336 omnes

428 2354 518 2391 alios
547 2367 693 2403 quoque
715 2354 821 2392 [ones
842 2368 948 2402 esse,
974 2358 1081 2403 quot-

430 2413 521 2459 quot
540 2409 691 2448 Athenis
721 2411 862 2448 oriundi
887 2409 1081 2462 Apaturio-

431 2479 509 2503 rum
533 2471 645 2516 agant
666 2468 807 2504 festum.

487 2521 752 2573 περιέχονται]
783 2524 805 2560 i.
833 2535 864 2560 e.
898 2521 1000 2558 valde
1029 2525 1080 2559 te-

432 2582 510 2615 nent
541 2591 584 2615 ac
617 2583 779 2626 tuentur,
816 2578 1080 2629 ruriplectuntur.

434 2635 516 2671 Vid.
542 2634 584 2681 l,
608 2638 659 2676 71
692 2635 770 2672 coll.
792 2635 866 2681 Ill,
892 2638 957 2676 72.
989 2635 1084 2672 Hinc

437 2690 615 2738 genitivus
628 2692 774 2728 additus
795 2691 899 2729 facile
917 2690 1084 2741 explicari

437 2746 578 2795 poterit.

493 2799 559 2839 καὶ
590 2797 826 2854 Ἀπατούρια
856 2799 998 2854 ἄγουσι
1022 2801 1086 2854 ὄρ-

440 2851 536 2906 τήν]
569 2857 627 2896 De
645 2860 831 2908 Apaturii-s·
853 2860 999 2910 copiose
1009 2873 1086 2898 mo-

1134 1009 1290 1044 nuerunt
1336 1004 1517 1043 Meursius
1533 1034 1543 1053 ,
1596 1005 1785 1043 Corsinius

1135 1063 1202 1111 (in
1225 1062 1309 1099 fast.
1337 1060 1463 1098 Attice.
1494 1061 1528 1098 11
1560 1073 1647 1112 pag.
1669 1063 1784 1111 306),

1136 1119 1340 1156 Creuzerus
1357 1118 1414 1165 (in
1424 1117 1548 1167 Symb.
1560 1117 1610 1154 111
1625 1131 1660 1168 p.
1671 1119 1787 1168 505),

1137 1175 1208 1214 alii.
1236 1173 1319 1213 Nos
1336 1186 1473 1225 pauca,
1501 1186 1596 1224 quae
1616 1174 1685 1213 huc
1700 1188 1788 1226 pro-

1137 1232 1231 1270 xime
1252 1234 1439 1281 spectant,
1467 1243 1688 1269 moneamus.
1718 1231 1788 1269 Est

1140 1289 1236 1327 enim
1247 1289 1377 1325 festum
1389 1287 1690 1337 antiquissimum,
1702 1300 1789 1326 con-

1140 1346 1255 1383 ditum
1273 1345 1311 1380 in
1323 1343 1453 1380 Bacchi
1465 1343 1638 1381 honorem
1660 1347 1697 1382 et
1708 1344 1788 1393 qui-

1138 1402 1223 1439 dem
1240 1399 1352 1437 multo
1385 1403 1470 1437 ante
1486 1399 1614 1437 Ionum
1641 1400 1790 1450 expedi-

1137 1458 1256 1494 tiones
1274 1468 1318 1494 ex
1337 1454 1457 1492 Attica
1483 1457 1631 1493 terrain
1650 1455 1789 1503 Asiam,

1139 1526 1221 1551 cum
1255 1512 1332 1550 eius
1366 1511 1526 1560 origines
1567 1513 1616 1549 ad
1654 1524 1790 1550 annum

1142 1570 1250 1610 1190
1276 1580 1309 1605 a.
1326 1567 1412 1604 Chr.
1432 1579 1469 1605 n.
1485 1569 1654 1606 referant.
1712 1568 1792 1607 Nec

1141 1624 1257 1661 solum
1277 1624 1388 1661 sacris
1415 1624 1572 1662 dicatum
1596 1624 1706 1672 illud,
1729 1638 1793 1663 ve-

1142 1694 1220 1718 rum
1232 1680 1385 1731 publicis
1399 1681 1508 1717 etiam
1521 1681 1628 1719 rebus
1637 1694 1648 1727 3
1657 1682 1793 1732 quippe

1141 1738 1298 1773 infantes
1318 1736 1356 1772 in
1373 1736 1554 1785 phratrias
1579 1737 1656 1775 sive
1674 1739 1793 1775 curias

1143 1792 1447 1839 inscribebantur,
1477 1792 1727 1832 adolescentes
1755 1795 1794 1831 in

1143 1848 1270 1885 civium
1290 1848 1465 1893 indicem3
1495 1852 1532 1886 et
1551 1861 1655 1887 sacra
1677 1850 1724 1888 ab
1750 1850 1794 1886 iis

1144 1904 1409 1952 offerebantur,
1441 1904 1504 1954 qui
1518 1906 1626 1956 primi
1641 1905 1710 1943 illis
1738 1906 1795 1943 in-

1145 1960 1285 1997 dicibus
1317 1961 1615 2000 inscribebantur.
1689 1962 1796 2006 Quae

1145 2016 1216 2054 alia
1234 2017 1321 2055 inde
1339 2017 1386 2054 ad
1413 2017 1564 2055 civitatis
1583 2019 1662 2056 iura
1683 2020 1795 2056 fluxe-

1146 2077 1248 2121 runt,
1286 2086 1383 2110 nunc
1413 2074 1632 2122 omittimus,
1670 2074 1796 2112 hocin

1146 2130 1351 2167 universum
1388 2133 1576 2177 tenentes,
1617 2143 1796 2168 summam

1147 2185 1260 2222 fuisse
1277 2185 1383 2222 huius
1408 2186 1489 2223 festi
1515 2186 1585 2222 vim
1613 2187 1650 2223 in
1687 2187 1796 2224 rebus

1147 2241 1297 2291 publicis
1332 2240 1489 2290 indeque
1523 2241 1614 2279 illud
1647 2242 1796 2280 Ionibus

1147 2296 1284 2334 colonis
1323 2298 1489 2335 omnibus
1532 2300 1798 2350 propemodum

1147 2357 1331 2404 receptum
1351 2366 1444 2392 esse.

1205 2407 1272 2448 καὶ
1293 2403 1404 2449 οὗτοι
1431 2406 1531 2467 πατρὶ
1557 2404 1684 2460 φόνου
1707 2407 1796 2450 τινοέ

1151 2465 1328 2516 σκῆψιν]
1369 2465 1434 2506 καὶ
1462 2468 1573 2507 οὑτοι
1599 2471 1633 2504 et
1661 2467 1798 2517 quidem

1150 2521 1303 2560 illustrat
1321 2522 1451 2561 Matth.
1474 2524 1540 2561 Gr.
1561 2523 1628 2561 Gr.
1647 2522 1685 2575 ἓ.
1701 2527 1798 2572 470,

1151 2581 1176 2620 6
1204 2592 1289 2630 pag.
1308 2580 1402 2621 872.
1460 2580 1581 2619 Verba
1609 2581 1799 2630 sequentia

1151 2640 1268 2674 verte:
1299 2635 1338 2673 ob
1370 2636 1486 2674 caedis
1513 2648 1657 2675 causam
1685 2651 1798 2688 quan-

1153 2691 1235 2730 dam
1253 2696 1525 2743 spraetextum,
1536 2693 1671 2730 caedem
1688 2707 1799 2744 quan-

1152 2748 1234 2785 ‹lmn
1256 2753 1495 2799 praetexentes
1507 2779 1518 2797 ‚
1530 2751 1798 2801 praetendentes.

1153 2805 1215 2842 Sic
1228 2808 1377 2855 σκῆψις
1387 2809 1533 2859 saepius
1545 2808 1592 2844 de
1601 2819 1709 2844 causa
1723 2807 1799 2843 sive

1155 2874 1240 2900 vera
1264 2863 1340 2901 sive
1358 2863 1454 2912 ficta,
1490 2876 1600 2914 quam
1629 2866 1798 2914 praeten-
