1909 3228
434 165 518 204 770
826 161 1304 201 HERODOTl

435 272 634 328 ὀργυιαί·
668 271 783 323 ὕψος
813 271 878 323 δὲ,
909 274 963 327 τῇ
992 268 1241 326 ὑψηλοτάτη
1271 269 1358 313 ἐστὶ
1381 270 1488 328 αὐτή
1518 272 1692 327 ἑωυτῆς,

436 349 550 395 ὄκτώ
580 349 776 406 ὀργυιαί·
807 352 938 393 λίθου
967 366 1010 392 τε
1041 350 1194 401 ξεστοῦ
1223 351 1296 393 καὶ
1322 348 1443 403 ζώων
1462 351 1722 406 ἐγγεγλυμ-1

407 429 618 486 7μένων·)
677 427 813 485 ταύτῃ
842 444 886 471 τε
922 427 975 483 δὴ
1007 427 1059 470 τὰ
1090 428 1193 471 δέκα
1223 429 1317 473 ἔτεα
1346 427 1572 485 γενέσθαι,
1620 429 1694 473 καὶ

381 615 565 651 Gaissord.
585 613 700 650 secuti
729 625 862 649 sumus.
894 633 948 640 —-
976 611 1035 648 Ad

380 671 555 721 pluralem
589 668 664 708 εἰσὶ
699 670 792 705 conf.
824 669 882 714 ll,
916 670 967 709 16
997 673 1036 705 et

380 727 511 764 Matth.
542 739 626 776 pag.
656 725 739 766 794
769 730 804 763 et
832 726 880 761 ad
901 725 1034 761 verba:

379 778 849 833 ’ὑψηλοτάτη-ἑωυτῆς
883 782 976 818 cons.
1007 780 1036 827 I,

383 841 476 881 193.
495 841 590 881 203.

437 930 510 979 τῆς
529 925 604 980 yolo
625 929 752 978 μῆκος
777 942 814 966 κ.
837 942 867 965 τ.
890 924 937 976 λ.]
967 928 1038 976 τῆς

382 986 519 1023 scilicet
539 985 649 1024 ὁδοῦ.
709 984 806 1022 Nam
825 983 1039 1032 intelligitur

382 1043 440 1079 via
467 1054 561 1090 quae
591 1045 775 1078 exstructa
803 1041 872 1077 suit
901 1040 947 1076 ad
970 1053 1039 1089 py-

382 1098 562 1135 ramidum
611 1097 751 1147 lapides
791 1096 1037 1133 advehendos.

382 1155 501 1191 Huius
521 1167 606 1192 vero
633 1154 744 1204 ipsius
772 1154 906 1190 rudera
926 1165 1039 1201 quae-

383 1212 468 1248 dam
498 1224 537 1248 se
576 1211 712 1247 vidisse
755 1209 830 1246 vult
858 1209 1038 1256 Pococke‚

383 1268 482 1305 cuius
512 1267 623 1305 verba
649 1267 774 1303 citavit
799 1265 970 1302 Larcher.
1001 1266 1038 1301 in

383 1328 460 1360 not.
481 1324 528 1360 ad
549 1324 583 1360 h.
605 1323 627 1359 l.
687 1322 747 1359 Tu
766 1322 839 1358 vid.
872 1334 968 1371 quae
991 1322 1039 1358 ad

384 1381 494 1416 finem
523 1380 652 1429 capitis
679 1392 721 1416 ex
742 1379 894 1427 Zoegae
914 1379 1039 1429 dispu-

383 1436 522 1473 tatione
551 1436 700 1485 copiosa
730 1435 946 1480 afferemus,
977 1434 1040 1483 qui

384 1505 470 1542 pag.
492 1492 574 1533 400
602 1496 679 1528 not.
704 1493 754 1531 18
794 1491 1041 1527 narrationem

385 1561 487 1584 suam
527 1548 841 1597 peregrinatorum
878 1548 1042 1584 testimo-

385 1604 453 1641 niis
482 1605 567 1641 satis
598 1604 762 1640 firmavit.

442 1693 562 1731 λίθου
588 1707 627 1730 τε
659 1692 796 1739 ξεστοῦ
827 1690 894 1730 καὶ
933 1688 1042 1737 ζώων

385 1746 725 1801 ἐγγεγλυμμένων]
765 1748 885 1797 Supra
910 1747 965 1794 ΙΙ,
987 1750 1041 1788 96

387 1806 469 1842 huic
488 1806 648 1854 genitivo
674 1804 867 1841 addiderat
886 1816 1042 1853 praepo-

386 1863 553 1899 sitionem
576 1860 630 1907 ἐκ,
653 1873 762 1910 quam
785 1861 878 1897 insra
895 1860 940 1905 ll,
961 1859 1039 1901 125

385 1919 518 1956 iterum
539 1917 669 1954 omisit.
730 1916 791 1953 Tu
816 1917 888 1953 vid.
909 1917 1038 1953 Matth.

386 1988 471 2025 pag.
491 1976 583 2016 688.
617 1975 696 2020 ζῶα
724 1978 809 2010 sunt
828 1974 975 2021 quaevis
998 1973 1042 2009 fi-

386 2044 522 2080 gurae,
567 2030 744 2078 imagines
773 2029 953 2079 lapidibus
986 2030 1042 2065 in-

388 2087 562 2138 sculptae.
618 2086 700 2123 Vid.
732 2090 826 2123 nott.
854 2086 903 2123 ad
928 2086 981 2132 ll,
1004 2085 1040 2127 4.

443 2183 565 2242 ταύτῃ
603 2202 644 2227 τε
677 2184 730 2238 δη
755 2184 803 2226 τοῖ
829 2185 924 2227 δέκα
959 2186 1043 2228 ἔτεα

389 2243 591 2297 γενέσθαι]
628 2239 772 2308 ταύτῃ
783 2257 863 2281 cum
891 2249 1041 2282 recentt.

389 2300 594 2338 reduximus
614 2314 682 2351 pro
699 2296 867 2350 ταύτης,
893 2302 994 2350 quod
1021 2315 1043 2339 a

389 2357 519 2394 Reizio
559 2361 685 2394 contra
722 2357 893 2394 librorum
932 2358 1042 2395 fidem

390 2414 528 2451 illatum
548 2418 637 2451 erat.
690 2413 922 2451 Retinuimus
950 2427 1043 2463 quo-

391 2483 463 2519 que
480 2485 500 2508 τ
513 2484 551 2517 ε,
583 2471 680 2507 cuius
701 2469 781 2507 loco
805 2483 825 2507 e
843 2470 941 2507 libris
961 2471 1043 2519 qui-

390 2527 543 2563 busdam
583 2525 846 2575 Wesselingius
889 2527 1044 2564 dederat

393 2581 463 2630 δέ,
501 2595 581 2619 cum
609 2581 783 2632 particula
819 2596 867 2621 τε
903 2587 1044 2633 spectet

392 2639 441 2675 ad
474 2639 682 2687 sequentia:
736 2637 821 2677 καὶ
860 2640 940 2677 τῶν
979 2637 1044 2677 ἐπὶ

392 2696 465 2732 τοῦ
490 2690 620 2743 λόφου
649 2710 683 2732 κ.
713 2709 743 2732 τ.
771 2697 827 2742 λ.,
867 2695 1046 2745 particula

394 2746 438 2787 δὲ
467 2762 552 2787 vero
585 2751 716 2788 rectius
747 2751 840 2788 infra
869 2755 1044 2802 ponatur:

393 2806 444 2858 τῇ
463 2803 514 2844 δὲ
541 2807 736 2857 πυραμίδι
754 2802 860 2861 αὐτῇ
891 2823 926 2847 κ.
947 2823 977 2846 τ.
997 2810 1044 2856 λ.,

1103 625 1197 661 quae
1213 613 1294 662 ipsa
1321 613 1546 663 respondent
1561 612 1754 662 superiori-

1104 670 1192 706 bus:
1224 668 1316 707 δέκα
1338 667 1426 719 μὲν
1457 667 1541 707 ἔτεα
1561 671 1632 718 τῆς
1655 667 1755 707 ὁδοῦ

1103 740 1137 763 κ.
1156 740 1186 763 τ.
1210 728 1242 763 λ.
1303 726 1343 762 ln
1369 726 1500 774 quibus
1526 726 1625 773 quod
1651 724 1757 774 geni—

1102 783 1215 819 tivum
1255 784 1377 832 posuit
1405 784 1475 832 τῆς
1505 780 1625 829 ὁδοῦ,
1670 781 1757 818 inde

1105 852 1179 875 non
1226 839 1414 876 offendere
1453 839 1564 876 debet
1601 838 1756 883 dativus,

1106 908 1214 944 quem
1253 896 1424 944 deinceps
1460 895 1619 945 positum
1656 894 1758 931 vide-

1106 965 1203 997 mus,
1233 950 1316 988 licet
1337 952 1514 999 genitivus
1534 963 1654 988 rursus
1674 962 1756 987 eum

1107 1008 1282 1058 excipiat:
1308 1007 1377 1046 καὶ
1396 1023 1415 1045 τ
1430 1010 1495 1046 ὦν
1519 1006 1582 1046 ἐπὶ
1601 1009 1672 1045 τοῦ
1693 1002 1758 1044 λό-

1107 1079 1188 1113 φου
1212 1079 1245 1102 κ.
1265 1079 1295 1101 τ.
1318 1066 1365 1111 t,
1407 1076 1500 1113 quae
1518 1064 1627 1100 verba
1645 1062 1759 1099 mole·
1814 1091 1818 1095 Δ

1107 1121 1211 1157 stiam
1231 1120 1423 1157 exhibuere
1442 1121 1525 1156 viris
1549 1120 1678 1166 doctis,
1696 1130 1759 1155 va-

1106 1177 1160 1213 rio
1183 1177 1292 1213 modo
1312 1189 1355 1213 ea
1381 1176 1619 1213 tentantibus.
1678 1173 1758 1212 Nos

1106 1246 1215 1270 unam
1256 1246 1576 1270 commemoremus
1612 1231 1761 1269 VVesse-

1106 1289 1209 1338 lingii
1229 1291 1489 1327 coniecturam:
1511 1303 1608 1339 παρ
1625 1285 1670 1335 ἐξ
1692 1286 1759 1326 καὶ

1106 1349 1185 1384 τῶν
1228 1344 1292 1384 ἐπὶ
1326 1349 1398 1384 τοῦ
1437 1340 1568 1395 λόφου
1594 1365 1646 1372 —-
1672 1342 1759 1382 καὶ

1107 1405 1188 1441 τῶν
1210 1398 1289 1440 ὑπὸ
1312 1405 1388 1453 γῆν
1402 1417 1436 1440 κ.
1456 1417 1486 1439 τ.
1507 1405 1563 1449 λ.,·
1583 1406 1621 1436 ut
1633 1402 1758 1437 decem

1108 1459 1194 1495 anni
1222 1459 1258 1494 in
1279 1459 1371 1495 viam
1396 1459 1606 1495 struendam
1626 1458 1760 1493 fuerint

1109 1515 1307 1561 consumti,
1337 1520 1479 1564 praeter
1497 1514 1586 1550 illud
1601 1518 1760 1563 tempuS,

1109 1572 1208 1620 quod
1221 1576 1295 1607 tum
1314 1572 1362 1607 ad
1374 1571 1511 1616 collem,
1531 1571 1566 1606 in
1578 1582 1650 1618 quo
1660 1573 1761 1606 stant

1107 1627 1314 1677 pyramides
1335 1655 1345 1673 ,
1384 1627 1613 1664 efficiendum
1633 1654 1643 1672 ,
1683 1631 1760 1662 tum

1109 1684 1157 1719 ad
1176 1695 1335 1719 cameras
1353 1683 1604 1719 subterraneas
1623 1687 1762 1718 exstru-

1109 1740 1222 1775 endas
1243 1751 1334 1788 opus
1363 1739 1481 1775 fuerit.
1538 1737 1619 1775 Nee
1639 1742 1761 1774 tamen

1109 1795 1238 1845 opinor
1284 1795 1529 1845 recipiendum
1578 1808 1607 1832 π
1620 1809 1644 1832 α
1657 1809 1678 1844 ρ
1691 1791 1707 1832 ὲ
1719 1794 1738 1840 ξ
1751 1821 1760 1839 ,

1109 1864 1228 1900 neque
1258 1850 1367 1898 καὶ,
1413 1852 1512 1888 libris
1546 1850 1763 1900 praesertim

1109 1908 1254 1958 scriptis
1301 1908 1587 1945 adversantibus.
1652 1906 1763 1953 Nam,

1109 1969 1150 2000 ut
1166 1969 1264 2001 recte
1280 1965 1447 2001 observat
1457 1963 1761 2013 Schweighaeus,

1110 2017 1157 2058 τά
1190 2019 1254 2059 ἐπὶ
1289 2023 1360 2059 τοῦ
1394 2016 1524 2069 λόφου
1565 2015 1764 2069 οἰκήματα

1111 2082 1197 2113 sunt
1225 2089 1267 2114 ea
1297 2078 1376 2127 ipsa
1393 2090 1526 2127 opera,
1558 2089 1652 2126 quae
1680 2072 1760 2114 ὑπὸ

1110 2135 1188 2185 γῆν
1219 2139 1323 2170 erant
1348 2138 1577 2179 constructa,
1608 2144 1763 2169 camerae

1109 2190 1373 2236 subterraneae,
1414 2202 1507 2238 quae
1534 2189 1612 2237 regi
1642 2194 1763 2226 essent

1110 2245 1285 2296 sepulcro.
1345 2247 1473 2294 ltaque
1507 2246 1666 2283 universi
1695 2245 1762 2282 loci

1109 2302 1197 2340 haec
1217 2303 1361 2340 videtur
1383 2315 1464 2339 esse
1486 2303 1681 2339 sententia:
1702 2301 1761 2338 de-

1110 2371 1180 2396 cem
1216 2372 1323 2395 annos
1352 2361 1520 2395 z‘nsumtos
1548 2360 1658 2396 fuisse
1687 2363 1762 2395 tum

1110 2416 1158 2452 ad
1179 2415 1272 2451 viam
1290 2416 1518 2463 struendam,
1538 2419 1616 2452 tum
1636 2416 1684 2451 ad
1702 2426 1763 2451 ca-

1110 2484 1228 2508 meras
1245 2472 1498 2509 subterraneas
1525 2484 1568 2508 eo
1593 2472 1630 2508 in
1659 2470 1763 2518 colle,

1110 2528 1166 2564 cui
1185 2529 1343 2577 pyramis
1364 2528 1671 2577 superstruenda,
1701 2539 1764 2564 ae-

1111 2584 1320 2621 dificandas.
1341 2605 1396 2611 —
1408 2579 1467 2623 ἐπ’
1486 2578 1536 2623 οὗ
1553 2597 1634 2621 cum
1645 2583 1762 2620 Gaisf.

1113 2639 1262 2689 reliqui,
1292 2641 1473 2690 probante
1501 2641 1633 2677 Struve
1665 2652 1761 2690 spec.

1113 2701 1255 2745 quaest
1269 2697 1316 2734 de
1335 2697 1419 2734 dial.
1439 2697 1578 2735 Herod.
1598 2709 1680 2747 pag
1692 2697 1761 2741 33,

1113 2754 1278 2801 quamvis
1305 2754 1466 2809 quinque
1492 2754 1634 2791 codices
1654 2764 1761 2804 prae-

1113 2808 1260 2846 beant'
1243 2804 1304 2859 εφ’
1322 2810 1382 2849 οὐ.
