1877 3223
451 219 534 259 16⁰
853 216 1312 255 HERODOTI

451 329 534 370 τοῦ
562 327 662 382 ἱροῦ
692 323 798 382 εἶχε,
828 326 873 369 έκ
902 324 1062 369 τούτου
1091 331 1172 370 τοῦ
1200 325 1344 383 χώρου
1374 325 1534 377 παντὸς
1555 325 1702 382 ἐξορύ-

453 407 527 458 ξας
553 405 655 456 τούς
684 404 886 459 νεκρούς,
935 404 1164 460 μετεφόρεε
1208 404 1249 455 ἔς
1285 403 1422 448 ἄλλον
1456 410 1600 461 χῶρον
1628 410 1704 461 τῆς

423 485 616 541 4Δήλου,
647 484 719 526 καὶ
741 486 1047 537 Πεισίστρατος
1076 485 1154 539 μὲν
1176 483 1434 539 ἐτυράννευε
1451 483 1701 540 Ἀθηναίων·
1720 492 1761 525 10

447 561 690 618 Ἀθηναίων
730 562 773 605 δὲ
804 565 847 605 οἱ
874 563 951 618 μὲν
980 563 1027 606 ἐν
1065 567 1117 619 τῇ
1154 561 1267 618 μα’χῃ
1307 561 1627 616 ἐπεπτώκεσαν,
1659 566 1702 607 οἱ
1774 565 1824 604 31

451 643 495 686 δὲ
526 640 672 684 αὐτῶν
710 640 812 696 μετὰ
848 640 1185 698 Ἀλκμαιωνίδεω
1226 642 1415 698 ἔφευγον
1452 640 1498 684 ἐκ
1538 645 1614 698 τῆς
1645 643 1704 684 οἰ-

447 723 582 776 κηΐής.

568 803 609 842 Τ
606 798 683 850 οὓς
711 798 792 854 μέν
819 815 901 843 νυν
925 797 1184 855 Ἀθηναίους
1213 802 1394 844 τοιαῦτα
1432 799 1510 844 τόν
1543 799 1706 857 χρόνον

365 804 386 820 ν

328 807 394 852 60

118 871 364 902 Lacedaemoniis

120 910 187 944 post
195 906 339 942 pessimus
354 905 396 932 le-

118 949 190 976 ges,
216 940 326 978 quibus·
349 939 394 964 usi

119 978 223 1008 crant,
265 977 397 1006 «nunnae

118 1016 137 1036 n
154 1008 288 1042 Lycurgo
307 1005 397 1034 datae

118 1050 147 1069 a.
165 1042 225 1069 834.

451 882 608 923 τοῦτον
636 875 904 922 ἐπυνθάνετο
942 877 965 922 ὁ
998 881 1188 933 Κροῖσος
1224 879 1479 934 κατέχοντα·
1528 879 1631 930 τούς
1661 881 1706 923 δὲ

453 958 828 1013 Λακεδαιμονίους
856 956 901 999 ἐκ
929 961 1078 1000 κακῶν
1123 973 1168 1000 τε
1197 956 1394 1013 μεγάλων
1421 956 1762 1014 πεφευγότας,15

448 1037 522 1081 καὶ
561 1034 710 1087 ἐόντας
753 1034 837 1093 ἤδη
874 1039 935 1094 τῷ
971 1034 1142 1093 πολέμῳ
1182 1035 1526 1092 κατυπερτέρους
1559 1041 1707 1093 Τεγεη-

420 1115 571 1160 etiam.
629 1115 698 1159 ἐπὶ
737 1114 821 1170 γάρ
860 1114 1048 1165 Λέοντος
1087 1114 1396 1170 βασιλεύοντος
1432 1116 1505 1158 καὶ
1528 1112 1709 1171 ‘Hymn-

447 1195 570 1246 κλέος
601 1194 646 1238 έν
676 1192 883 1252 Σπάρτῃ,
921 1193 1024 1245 τοὺς
1053 1192 1211 1245 ἄλλους
1241 1193 1458 1251 πολέμους
1486 1192 1708 1250 εὐτυχέον-

446 1290 513 1325 τες
540 1274 585 1317 οἱ
605 1273 967 1330 Λακεδαιμόνιοι,
1001 1272 1112 1328 πρὸς
1137 1273 1345 1330 Τεγεήτας
1364 1275 1558 1330 μούνους
1577 1284 1710 1328 προσ-

419 1353 639 1397 3έπταιον.
676 1352 724 1397 τό
758 1354 804 1397 δὲ
846 1353 906 1396 ἔτι
943 1352 1161 1407 πρότερον
1193 1353 1386 1406 τούτων,
1426 1354 1500 1397 καὶ
1528 1370 1709 1397 κακονο-

448 1432 638 1487 μώτατοι
678 1428 792 1488 ἦσαν
830 1430 983 1488 σχεδὸν
1020 1430 1197 1475 πάντων
1231 1430 1472 1489 Ἑλλήνων,
1523 1431 1634 1477 κατά
1663 1440 1765 1477 τεΞο

391 1627 465 1663 did.
486 1626 508 1664 l.
534 1627 557 1665 l.
583 1627 705 1677 ibique
722 1626 862 1665 Dukeri
885 1633 961 1666 not.
997 1627 1040 1666 In

390 1684 521 1732 quibus
568 1690 788 1721 mortuorum
827 1686 1040 1722 cadaverum

391 1740 525 1775 esossio
547 1753 620 1776 non
640 1741 800 1777 ultimum
828 1742 965 1778 obtinet
987 1741 1040 1777 lo-

391 1808 483 1841 cum,
513 1809 592 1832 cum
613 1801 834 1833 mortuorum
856 1797 1041 1846 sepultura

390 1854 522 1887 terram
552 1865 689 1888 sacram
713 1852 825 1901 pollui
852 1858 954 1889 vetus
983 1865 1042 1889 es—

390 1911 446 1944 set
465 1909 687 1957 superstitio,
714 1909 814 1944 cuius
835 1908 1044 1944 testimonia

389 1963 498 2000 offert
527 1963 712 2000 Diodorus
745 1964 815 2001 Sic.
854 1963 947 2012 XII,
975 1965 1041 2006 58.

389 2017 556 2056 Aeschin.
583 2020 701 2069 Epist.
734 2021 768 2059 1.

445 2070 673 2125 Ἀθηναίων
703 2073 745 2114 δὲ
772 2072 905 2126 οἱμὲν
934 2073 976 2115 ἒν
995 2077 1046 2131 τῇ

391 2146 428 2171 κ.
450 2146 482 2169 τ.
501 2134 552 2177 λ.]
584 2132 777 2181 Intelligit,
808 2134 941 2179 credo,
970 2146 1045 2169 non

391 2200 518 2225 omnes
551 2187 791 2226 Athenienses
831 2191 1044 2237 generatim,

393 2257 516 2281 verum
545 2242 636 2290 τούς
665 2244 706 2284 ἐκ
735 2246 806 2283 τοῦ
828 2242 978 2291 ἄστεος,
1005 2250 1044 2281 ut

392 2300 531 2336 locutus
552 2305 628 2338 erat
649 2301 678 2348 Ι,
706 2305 771 2343 62.
797 2303 871 2349 63,
900 2302 922 2338 i.
937 2302 1042 2339 cad-

392 2356 592 2403 versarios,
622 2357 711 2394 alius
742 2357 906 2394 factionis
930 2356 1041 2394 Athe-

391 2413 549 2459 nienses,
578 2414 781 2463 oppidanos
804 2413 1040 2463 potissimum.

391 2489 446 2496 —
464 2467 572 2504 Mox:
615 2467 708 2518 μετοὶ
730 2465 1040 2520 Ἀλκμαιωνίὸεω

392 2523 552 2572 intelligo
569 2524 615 2561 dc
631 2525 796 2574 Megacle
816 2525 1040 2563 Alcmaeoni-

392 2580 441 2616 da
468 2580 488 2615 i.
507 2592 538 2616 e.
566 2579 791 2619 Alcmaeonis
814 2582 909 2628 filio,
938 2581 1040 2617 huius

392 2636 558 2671 factionis
586 2637 692 2681 duem
722 2640 766 2675 cs.
786 2638 814 2684 Ι,
845 2638 908 2679 59.
930 2637 1040 2674 Unde

394 2691 537 2728 minime
555 2694 759 2730 neccssaria
777 2694 917 2731 videtur
935 2693 1040 2730 lectio

392 2741 747 2796 Ἀλκμαιωνιδέων,
788 2751 835 2786 ad
876 2762 982 2798 quam
1018 2761 1040 2785 a

394 2807 514 2840 vetere
542 2804 737 2854 interprete
768 2806 933 2843 inductus
963 2809 1041 2842 crat

394 2858 658 2909 WVessclingius
710 2874 891 2911 quamque
931 2861 1039 2899 etiam

1107 1627 1296 1678 probatam
1316 1627 1472 1667 habebat
1484 1628 1665 1666 Plutarchi
1684 1641 1763 1665 ver-

1110 1685 1164 1720 bis
1187 1685 1222 1720 in
1253 1685 1379 1722 Solon.
1404 1687 1462 1721 lin.
1489 1684 1512 1724 ὁ
1532 1683 1604 1736 μὲν
1625 1688 1759 1736 Μεγα-

1107 1742 1203 1789 κλῆς
1243 1736 1368 1786 εὐθύς
1401 1740 1521 1792 ἔφυγε
1560 1738 1654 1791 μετα
1683 1742 1764 1779 τῶν

1109 1793 1237 1834 ἄλλων
1272 1791 1697 1847 Ἀλκμαιωνιδῶν.

1307 1879 1564 1931 Cap.va.

1167 1961 1234 2001 καὶ
1249 1961 1522 2015 Ἡγησικλέος]
1543 1963 1653 2016 Apud
1665 1965 1763 2002 Pau-

1111 2020 1251 2056 saniam
1290 2021 1360 2067 ΙΙΙ,
1393 2024 1418 2062 7
1450 2021 1578 2058 dicitur
1612 2017 1761 2073 Ἀγασι-

1112 2078 1233 2125 κλῆς,
1263 2075 1441 2114 Aristonis
1466 2082 1590 2126 pater,
1622 2079 1669 2116 de
1687 2091 1760 2127 quo

1111 2131 1141 2179 I,
1159 2135 1211 2173 67
1232 2132 1306 2169 init.
1336 2132 1431 2170 Add.
1455 2133 1611 2170 l’ausan.
1635 2133 1698 2179 Ill,
1720 2135 1758 2174 3.

1168 2184 1265 2238 πρὸς
1329 2183 1520 2242 Τεγεήτας
1585 2185 1761 2239 μούνους

1111 2242 1397 2293 προσέπταιον]
1447 2245 1469 2280 i.
1503 2258 1534 2281 c.
1592 2245 1759 2282 adversus

1116 2300 1290 2347 Tegeatas
1310 2301 1396 2337 solos
1412 2300 1568 2350 infelices
1584 2303 1621 2338 in
1636 2314 1760 2351 pugna

1107 2360 1215 2392 erant.

1108 2412 1261 2450 πταίειν
1308 2414 1479 2462 frequens
1527 2412 1595 2450 hoe
1647 2427 1757 2451 sensu

1109 2468 1298 2516 (offendere
1325 2470 1348 2505 i.
1371 2482 1402 2506 e.
1434 2468 1567 2506 cladem
1583 2472 1756 2519 accipere)

1107 2530 1183 2561 tum
1209 2526 1307 2573 apud
1340 2525 1569 2563 Herodotum
1605 2526 1669 2573 (Ι,
1693 2528 1756 2566 16.

1107 2581 1162 2627 ll,
1197 2583 1286 2621 161.
1325 2582 1396 2628 VI,
1432 2583 1485 2622 45
1525 2582 1646 2630 οἱα),
1680 2587 1757 2618 tum

1108 2637 1206 2685 apud
1251 2637 1351 2673 alios.
1409 2637 1491 2674 Vid.
1529 2642 1658 2674 notatt.
1709 2638 1757 2675 ad

1108 2692 1285 2730 Plutarch.
1305 2693 1430 2741 Pyrrh.
1449 2706 1534 2744 pag.
1560 2695 1651 2734 166.

1162 2745 1259 2786 κατά
1297 2763 1344 2787 τε
1385 2748 1508 2797 σφέας
1544 2744 1691 2795 αὐτούς
1715 2763 1753 2787 κ.

1107 2819 1141 2841 τ.
1167 2804 1224 2854 λ.]
1268 2805 1356 2842 Vult
1382 2805 1608 2842 Herodotus:
1638 2805 1752 2841 Lace-

1106 2860 1299 2898 daemonios
1328 2864 1477 2899 omnium
1497 2861 1577 2912 sere
1603 2861 1753 2898 Graeco-

1273 2357 1529 2406 προσπταίειν
1569 2362 1604 2395 et
1642 2372 1758 2409 περι-
1820 2403 1822 2405 ,
