1909 3228
59 594 164 644 .165
190 593 317 650 ἔσχον
347 596 389 638 οἱ
419 594 596 649 Πέρσαι.

668 248 879 287 CLIO.
938 250 964 287 l.
1359 253 1443 294 365

189 372 324 413 ματα,
380 356 512 412 χωρὶς
549 356 615 401 ὅτι
643 358 799 414 χαλκὸς
826 357 854 416 ἦ
881 359 1006 410 λίθος
1033 357 1061 416 ἢ
1088 358 1235 417 γραφὴ
1263 355 1342 417 ἦν,
1387 361 1439 405 τὰ

190 436 238 479 δὲ
268 434 376 478 ἄλλα
394 436 534 480 πάντα
558 435 772 491 ἐσθέντες,
803 438 875 481 καὶ
899 436 1022 482 αὐτοὶ
1045 437 1268 495 ἐσβάντες,
1289 440 1442 485 ἔπλεον

188 515 257 558 ἐπὶ
295 517 419 559 Χίου.

188 673 265 723 τὰς
292 672 454 729 νήσους
491 674 567 725 τὰς
607 673 851 726 Οἰνούσσας
887 676 1149 731 καλεομένας
1193 675 1275 721 οὐκ
1312 677 1434 734 ἐβού-

187 756 316 796 λοντο
349 752 626 808 ὠνεομένοισι
654 754 861 807 πωλέειν,
890 756 1180 811 δειμαίνοντες
1212 755 1269 812 μὴ
1294 758 1340 799 αἱ
1358 757 1435 813 μὲν

185 831 393 886 ἐμπόριον
420 831 650 887 γένωνται,
679 831 706 888 ἡ
737 833 782 876 δὲ
813 831 960 878 αὐτῶν
995 839 1127 890 νῆσος
1162 835 1439 893 οἷποκληϊσθῃ

185 908 346 952 τούτου
376 912 539 964 εἵνεκα,
569 910 679 967 πρὸς
706 915 842 956 ταῦτα
872 914 915 957 οἱ
947 914 1162 965 Φωκαιέες
1190 913 1436 959 ἐστέλλοντο

183 1093 302 1145 χωρὶς
331 1091 391 1134 ότι
422 1092 562 1146 χαλκὸς
591 1092 620 1147 η’
661 1096 778 1144 λίθος

126 1144 155 1199 ἢ
184 1148 319 1202 γοαφι)
347 1146 424 1202 ην]
467 1152 584 1204 χωρὶς
619 1149 675 1192 ότι
703 1167 777 1191 non

127 1206 250 1243 differt
278 1220 300 1244 a
325 1224 378 1258 μη
401 1205 482 1256 ὅτι,
513 1211 612 1258 quod
645 1209 776 1259 legitur

124 1261 163 1308 I,
193 1264 256 1304 18·
282 1265 372 1304 143.
413 1265 519 1302 Conf.
547 1242 702 1303 Matth.0
709 1267 773 1303 Gr.

126 1318 192 1355 Gr
217 1317 254 1368 §-
275 1320 379 1367 624,
405 1322 452 1367 3,
479 1321 513 1357 b.
571 1321 651 1359 Nec
682 1335 773 1372 opus

124 1387 204 1411 cum
224 1374 257 1410 V
259 1374 461 1412 alckenario
483 1377 624 1426 legere:
655 1376 774 1428 χωοὶς

123 1425 152 1478 ἢ
169 1425 253 1475 ό,τι.
283 1430 504 1469 w·crfe1us
496 1446 533 1469 1n
553 1433 644 1470 Aett.
671 1434 769 1483 phill.

123 1485 286 1523 Monacc.
303 1486 422 1537 Ipag.
449 1490 500 1529 81
530 1490 636 1526 scribi
653 1489 769 1526 iubet:

121 1556 240 1592 χωοις
256 1538 292 1590 ό,
304 1558 353 1590 τι,
373 1557 480 1593 quem
500 1549 642 1583 secutus
658 1546 769 1582 Gais-

121 1599 281 1646 fordius,
308 1600 359 1636 ita
375 1605 519 1648 tamen,
547 1606 585 1638 ut
611 1614 678 1651 pro
695 1615 776 1639 mo-

123 1667 162 1691 re
184 1668 248 1691 suo
260 1655 436 1703 virgulam
456 1657 560 1694 istam
582 1659 774 1696 omitteret.

122 1730 179 1737 —
198 1709 334 1763 γραφή
355 1716 410 1750 est
422 1715 578 1763 pictura.

178 1818 253 1873 τήν
279 1820 322 1862 δὲ
357 1823 551 1874 Φωκαίην
578 1846 635 1852 —-
662 1822 776 1875 ἔσχον

126 1877 168 1917 οἵ
190 1877 361 1930 Πέρσαι]
404 1879 535 1917 Incidit
560 1881 649 1918 haec
676 1881 770 1917 urbis

124 1935 266 1972 obsidio
298 1935 566 1985 incolarumque
603 1936 771 1983 migratio

123 1990 162 2026 in
178 2004 261 2028 ann.
291 2004 323 2028 a.
351 1991 435 2028 Chr.
468 1992 550 2033 542
576 2005 603 2028 s.
624 1991 770 2043 Olymp.

123 2047 206 2098 59}
229 2051 409 2084 statuente
429 2048 611 2084 Schultzio
636 2048 673 2084 in
694 2047 772 2097 Ap-

121 2107 237 2153 parat.
256 2104 304 2140 ad
323 2102 464 2140 Annall.
485 2116 570 2153 pag.
594 2105 659 2144 38.
688 2103 769 2141 Nee

121 2158 225 2197 aliter
233 2158 405 2197 Larcher.
425 2160 461 2196 in
474 2160 547 2198 tab.
559 2159 769 2209 chronolog.

309 2299 341 2337 c
354 2312 419 2351 ap
446 2298 594 2338 chv.

176 2396 248 2429 τας
276 2380 426 2434 νήσους
457 2398 526 2430 τας
546 2378 771 2431 Οἰνουσσας

123 2437 360 2489 καλεομένας
388 2435 462 2478 οὐκ
484 2436 694 2491 ἐβούλοντο
719 2436 771 2479 ω’-

122 2493 344 2544 νεομένοισι
367 2494 561 2547 πωλέειν]
581 2498 772 2534 Oenussae

122 2550 259 2587 insulae
277 2564 392 2600 prope
411 2552 540 2589 Chium
553 2582 563 2600 ,
581 2554 674 2590 inter
691 2565 771 2590 eam

121 2607 238 2656 ipsam
260 2606 412 2644 insulam
441 2612 645 2657 terramque
662 2607 771 2646 Asiae

122 2663 376 2702 continentem.
444 2663 551 2700 Conf.
584 2665 619 2701 T
621 2665 771 2713 hucydi-

122 2718 207 2755 dem
226 2717 333 2764 VIII,
356 2717 409 2759 24
436 2718 558 2768 ibique
575 2719 767 2758 Wassium.

121 2772 181 2811 De
199 2786 348 2812 numero
378 2775 570 2812 insularum
590 2776 769 2826 discepta-

121 2833 199 2877 tur,
228 2843 308 2867 cum
328 2831 426 2880 apud
446 2831 668 2881 Stephanum
678 2833 768 2881 Byz.

122 2897 166 2923 ac
194 2885 348 2924 Plinium
381 2899 454 2925 una
489 2891 628 2926 tantum
665 2888 768 2927 huius

660 597 714 639 Οἱ
745 597 978 649 Φωκαιέες,
1026 597 1116 641 ἐπεί
1143 615 1186 642 τε
1217 609 1296 654 σφι
1324 602 1426 643 Χῖοι
1446 607 1488 640 10

477 516 556 572 τὴν
593 517 638 561 δὲ
682 519 887 574 Φωκαίην
925 517 1221 574 ἐρημωθεῖσαν
1265 518 1440 575 ἀνδρῶν

844 1098 999 1136 nominis
1020 1097 1220 1148 appelletur
1236 1098 1362 1137 insula.
1418 1099 1495 1136 Sed

843 1156 1059 1192 recentiores
1088 1155 1246 1204 quinque
1272 1155 1348 1192 illas
1369 1168 1495 1192 nume—

843 1224 882 1246 ro
915 1224 994 1248 esse
1029 1215 1197 1256 narrant,
1240 1212 1491 1261 navigantibus

841 1267 999 1316 amplum
1020 1271 1163 1316 portum
1184 1269 1411 1317 praebentes,
1427 1281 1493 1303 no-

841 1323 938 1360 mine
961 1323 1190 1371 Spalmatorz'.
1223 1346 1271 1351 -—
1304 1323 1392 1361 Mox
1412 1324 1490 1374 ple-

840 1379 945 1427 rique
983 1378 1062 1414 libri
1101 1384 1217 1417 recte:
1267 1376 1493 1431 ἐβούλοντο,

841 1447 919 1471 cum
941 1434 1025 1470 olim
1044 1434 1152 1482 vulgo
1174 1439 1269 1473 esset
1290 1436 1424 1473 editum
1446 1434 1491 1474 ἒ-

839 1484 1068 1541 βούλενντο.
1091 1512 1147 1516 -
1179 1487 1435 1543 ω’νεομὲνοισι
1451 1495 1493 1527 tu

837 1550 954 1583 verte:
992 1548 1273 1595 ειηΐιινιέηΐίόαε,
1330 1561 1409 1585 cum
1454 1547 1493 1583 in

840 1603 952 1640 verbo
992 1598 1165 1653 ω’νέομαι
1201 1604 1258 1641 hic
1296 1603 1491 1641 voluntatis

841 1663 952 1707 atque
981 1663 1129 1695 conatus
1172 1660 1257 1697 insit
1284 1661 1404 1708 notio,
1444 1660 1492 1697 de

843 1715 914 1764 quir
948 1714 1209 1764 VVessclingius
1256 1716 1346 1753 dixit
1384 1716 1432 1753 ad
1460 1716 1490 1762 I,

843 1773 908 1811 68.
931 1770 1134 1820 —Cyrnus
1155 1772 1292 1819 insula,
1314 1785 1385 1821 quo
1406 1772 1491 1809 dein

842 1826 1092 1864 Phocaeenses
1134 1841 1174 1865 se
1223 1832 1491 1875 converterunt,

841 1881 993 1918 Corsica
1013 1886 1095 1929 est,
1128 1884 1273 1920 nomine
1293 1884 1448 1920 deducto
1468 1895 1490 1919 a

840 1937 986 1984 Cyrno,
1017 1937 1180 1975 Herculis
1201 1938 1285 1975 filio.
1343 1939 1420 1975 Sed
1441 1939 1488 1976 de

839 2004 883 2029 eo
908 1993 992 2028 satis
1018 1997 1169 2030 constat.
1207 1994 1316 2032 Conf.
1334 1993 1488 2032 Diodor.

837 2047 946 2085 Sicul.
976 2047 1031 2095 V,
1058 2050 1121 2089 13.

892 2158 920 2210 ‘¹7‘
939 2156 982 2198 δὲ
1009 2154 1141 2198 αὐτῶν
1172 2161 1295 2211 νῆσος
1314 2156 1488 2214 οἷποκλη-

841 2214 967 2270 ϊσθῇ]
1008 2216 1079 2253 scil.
1102 2219 1174 2255 τοῦ
1198 2216 1411 2268 ἕμπορίου;
1439 2220 1487 2256 ti-

840 2273 989 2310 mebant
1011 2272 1164 2319 scilicet,
1195 2286 1242 2310 ne
1268 2274 1335 2311 hac
1348 2274 1487 2311 colonia

839 2327 1123 2365 Phocaeensium
1140 2330 1209 2378 ipsi
1229 2334 1428 2367 mercatura
1450 2336 1488 2368 et

838 2385 1050 2422 commercio
1099 2385 1382 2423 excluderentur.
1430 2408 1486 2415 -—

840 2436 996 2488 αὐτῶν,
1040 2445 1081 2477 ut
1108 2441 1217 2489 alias,
1256 2441 1313 2479 hic
1338 2454 1486 2491 quoque

839 2510 859 2535 e
907 2496 1250 2534 Schellershemiano
1296 2498 1460 2536 dedimus
1473 2528 1485 2545 ‚

836 2557 1035 2604 praeeunte
1078 2553 1297 2590 Gaisfordio.
1364 2554 1395 2590 V
1399 2554 1484 2603 ulgo

840 2605 938 2648 αὖτέ
951 2624 979 2647 ω
993 2623 1028 2647 ν.
1049 2630 1103 2636 ——-
1122 2604 1386 2659 ἀνεστήσαντο
1408 2610 1485 2647 vul-

836 2678 884 2714 go
896 2665 1116 2714 intellwunt
1135 2667 1346 2711 exctharunt
1367 2678 1482 2703 erexe-

835 2725 918 2758 runt
937 2722 959 2758 i.
976 2735 1007 2759 e.
1009 2696 1260 2758 ”condiderunt
1298 2721 1483 2771 Schweig-

835 2777 1029 2815 haeuserus
1047 2777 1181 2814 mavult
1197 2776 1390 2826 explicare:
1412 2791 1481 2825 „e-

834 2836 933 2871 iectis
981 2833 1167 2870 cultoribus
1222 2828 1481 2881 (α’ναστάτων

835 2887 1104 2942 ποιηθέντων)
1127 2889 1208 2928 urbe
1216 2890 1366 2941 potiri.“

1490 601 1561 629 lude
1622 604 1769 638 summoti,

1491 636 1607 663 reversi
1642 625 1770 678 domum,

1490 669 1637 697 trucidato
1655 671 1769 711 praesi

1491 703 1679 738 dioPersieo,
1689 704 1772 732 dirae

1490 736 1645 776 imprecati

1491 770 1627 797 nentibus
1652 774 1705 798 aut
1722 779 1769 798 re-

1494 802 1661 837 deuntibus,
1679 812 1769 843 quum

1491 825 1667 864 traiiceren't
1706 837 1737 864 in

1495 870 1566 896 Corn
1555 870 1690 911 nicam²
1699 878 1770 905 para

1493 904 1560 930 nni
1564 912 1587 929 r
1606 912 1639 930 ex
1657 904 1768 930 itinere

1492 937 1568 971 patri
1573 945 1618 964 ain
1650 938 1769 972 repetit

1490 970 1588 998 Alana
1606 970 1688 998 urbs.

1708 746 1769 764 ma-
