<?xml version="1.0" encoding="UTF-8"?>
<!DOCTYPE html PUBLIC "-//W3C//DTD XHTML 1.0 Transitional//EN"
    "http://www.w3.org/TR/xhtml1/DTD/xhtml1-transitional.dtd">
<html xmlns="http://www.w3.org/1999/xhtml" xml:lang="en" lang="en">
 <head>
  <title>
</title>
<meta http-equiv="Content-Type" content="text/html;charset=utf-8" />
  <meta name='ocr-system' content='tesseract 3.04.00' />
  <meta name='ocr-capabilities' content='ocr_page ocr_carea ocr_par ocr_line ocrx_word'/>
</head>
<body>
  <div class='ocr_page' id='page_1' title='image "./musaeherodoto01hero/musaeherodoto01hero_0592.png"; bbox 0 0 1909 3228; ppageno 0'>
   <div class='ocr_carea' id='block_1_1' title="bbox 494 232 577 272">
    <p class='ocr_par' dir='ltr' id='par_1_1' title="bbox 494 232 577 272">
     <span class='ocr_line' id='line_1_1' title="bbox 494 232 577 272; baseline -0.012 0"><span class='ocrx_word' id='word_1_1' title='bbox 494 232 577 272; x_wconf 75' lang='lat'><strong>578</strong></span> 
     </span>
    </p>
   </div>
   <div class='ocr_carea' id='block_1_2' title="bbox 908 223 1373 263">
    <p class='ocr_par' dir='ltr' id='par_1_2' title="bbox 908 223 1373 263">
     <span class='ocr_line' id='line_1_2' title="bbox 908 223 1373 263; baseline -0.004 0"><span class='ocrx_word' id='word_1_2' title='bbox 908 223 1373 263; x_wconf 77' lang='lat' dir='ltr'>HERODOTI</span> 
     </span>
    </p>
   </div>
   <div class='ocr_carea' id='block_1_3' title="bbox 167 326 1808 412">
    <p class='ocr_par' dir='ltr' id='par_1_3' title="bbox 167 326 1808 412">
     <span class='ocr_line' id='line_1_3' title="bbox 167 326 1808 412; baseline -0.004 -33"><span class='ocrx_word' id='word_1_3' title='bbox 167 351 444 412; x_wconf 38' lang='lat' dir='ltr'><strong>anniani-„32:333</strong></span> <span class='ocrx_word' id='word_1_4' title='bbox 496 341 635 393; x_wconf 86' lang='grc' dir='ltr'>νομοῦ</span> <span class='ocrx_word' id='word_1_5' title='bbox 655 339 734 379; x_wconf 86' lang='grc' dir='ltr'><strong>τοῦ</strong></span> <span class='ocrx_word' id='word_1_6' title='bbox 757 335 953 390; x_wconf 83' lang='grc' dir='ltr'><em>Θηβαίου</em></span> <span class='ocrx_word' id='word_1_7' title='bbox 971 333 1073 383; x_wconf 81' lang='grc' dir='ltr'>εἰσὶ,</span> <span class='ocrx_word' id='word_1_8' title='bbox 1104 326 1226 375; x_wconf 79' lang='grc' dir='ltr'>οὗτοι</span> <span class='ocrx_word' id='word_1_9' title='bbox 1249 331 1327 386; x_wconf 80' lang='grc' dir='ltr'><strong>μέν</strong></span> <span class='ocrx_word' id='word_1_10' title='bbox 1355 346 1438 373; x_wconf 87' lang='grc' dir='ltr'><strong>νυν</strong></span> <span class='ocrx_word' id='word_1_11' title='bbox 1466 331 1622 382; x_wconf 79' lang='grc' dir='ltr'><strong>πάντες</strong></span> <span class='ocrx_word' id='word_1_12' title='bbox 1645 328 1751 374; x_wconf 83' lang='grc' dir='ltr'><strong><em>ὀΐων</em></strong></span> <span class='ocrx_word' id='word_1_13' title='bbox 1765 337 1808 372; x_wconf 90' lang='grc'><strong>15</strong></span> 
     </span>
     <span class='ocr_line' id='line_1_4' title="bbox 206 394 238 412; baseline 0 0"><span class='ocrx_word' id='word_1_14' title='bbox 206 394 238 412; x_wconf 77' lang='lat'><strong>8:</strong></span> 
     </span>
    </p>
   </div>
   <div class='ocr_carea' id='block_1_4' title="bbox 166 418 446 585">
    <p class='ocr_par' dir='ltr' id='par_1_4' title="bbox 166 418 446 585">
     <span class='ocr_line' id='line_1_5' title="bbox 167 418 445 452; baseline -0.014 -6"><span class='ocrx_word' id='word_1_15' title='bbox 167 426 261 452; x_wconf 81' lang='lat' dir='ltr'><strong>quare</strong></span> <span class='ocrx_word' id='word_1_16' title='bbox 278 418 315 444; x_wconf 85' lang='lat' dir='ltr'><strong>ab</strong></span> <span class='ocrx_word' id='word_1_17' title='bbox 340 418 445 444; x_wconf 82' lang='lat' dir='ltr'><strong>ovibus</strong></span> 
     </span>
     <span class='ocr_line' id='line_1_6' title="bbox 166 450 444 480; baseline -0.014 0"><span class='ocrx_word' id='word_1_18' title='bbox 166 450 352 480; x_wconf 75' lang='lat' dir='ltr'>immolandis</span> <span class='ocrx_word' id='word_1_19' title='bbox 392 450 444 477; x_wconf 84' lang='lat' dir='ltr'><strong>ab·</strong></span> 
     </span>
     <span class='ocr_line' id='line_1_7' title="bbox 167 485 444 518; baseline -0.014 -5"><span class='ocrx_word' id='word_1_20' title='bbox 167 485 317 518; x_wconf 74' lang='lat' dir='ltr'><strong>utineam,</strong></span> <span class='ocrx_word' id='word_1_21' title='bbox 333 488 363 510; x_wconf 80' lang='lat' dir='ltr'><strong>et</strong></span> <span class='ocrx_word' id='word_1_22' title='bbox 373 491 444 518; x_wconf 84' lang='lat' dir='ltr'><strong>qua-</strong></span> 
     </span>
     <span class='ocr_line' id='line_1_8' title="bbox 167 517 446 546; baseline -0.014 0"><span class='ocrx_word' id='word_1_23' title='bbox 167 527 202 546; x_wconf 82' lang='lat' dir='ltr'><strong>re</strong></span> <span class='ocrx_word' id='word_1_24' title='bbox 229 517 261 545; x_wconf 87' lang='lat' dir='ltr'><strong>lu</strong></span> <span class='ocrx_word' id='word_1_25' title='bbox 284 518 342 544; x_wconf 81' lang='lat' dir='ltr'><strong>iter</strong></span> <span class='ocrx_word' id='word_1_26' title='bbox 367 517 446 543; x_wconf 81' lang='lat' dir='ltr'><strong>arie-</strong></span> 
     </span>
     <span class='ocr_line' id='line_1_9' title="bbox 167 549 446 585; baseline -0.007 -6"><span class='ocrx_word' id='word_1_27' title='bbox 167 552 232 579; x_wconf 79' lang='lat' dir='ltr'><strong>tina</strong></span> <span class='ocrx_word' id='word_1_28' title='bbox 275 550 340 577; x_wconf 79' lang='lat' dir='ltr'><strong>acie</strong></span> <span class='ocrx_word' id='word_1_29' title='bbox 365 549 446 585; x_wconf 81' lang='lat' dir='ltr'><strong>apud</strong></span> 
     </span>
    </p>
   </div>
   <div class='ocr_carea' id='block_1_5' title="bbox 168 584 349 613">
    <p class='ocr_par' dir='ltr' id='par_1_5' title="bbox 168 584 349 613">
     <span class='ocr_line' id='line_1_10' title="bbox 168 584 349 613; baseline -0.011 0"><span class='ocrx_word' id='word_1_30' title='bbox 168 584 349 613; x_wconf 77' lang='lat' dir='ltr'><strong>Ammonius.</strong></span> 
     </span>
    </p>
   </div>
   <div class='ocr_carea' id='block_1_6' title="bbox 474 409 1753 623">
    <p class='ocr_par' dir='ltr' id='par_1_6' title="bbox 474 409 1753 623">
     <span class='ocr_line' id='line_1_11' title="bbox 474 409 1752 470; baseline -0.002 -13"><span class='ocrx_word' id='word_1_31' title='bbox 474 415 787 470; x_wconf 70' lang='grc' dir='ltr'>Ξοῖπεχόμενοι,</span> <span class='ocrx_word' id='word_1_32' title='bbox 819 410 942 468; x_wconf 75' lang='grc' dir='ltr'><em>αἶγας</em></span> <span class='ocrx_word' id='word_1_33' title='bbox 970 411 1149 454; x_wconf 82' lang='grc' dir='ltr'>θύουσι.</span> <span class='ocrx_word' id='word_1_34' title='bbox 1207 410 1340 460; x_wconf 80' lang='grc' dir='ltr'><strong>θεοὺς</strong></span> <span class='ocrx_word' id='word_1_35' title='bbox 1368 409 1451 464; x_wconf 80' lang='grc' dir='ltr'><strong>γὰρ</strong></span> <span class='ocrx_word' id='word_1_36' title='bbox 1482 410 1534 464; x_wconf 83' lang='grc' dir='ltr'><strong>δὴ</strong></span> <span class='ocrx_word' id='word_1_37' title='bbox 1564 410 1618 454; x_wconf 85' lang='lat' dir='ltr'><strong>ov&#39;</strong></span> <span class='ocrx_word' id='word_1_38' title='bbox 1647 410 1752 461; x_wconf 81' lang='grc' dir='ltr'>τοὺς</span> 
     </span>
     <span class='ocr_line' id='line_1_12' title="bbox 504 487 1753 545; baseline -0.004 -8"><span class='ocrx_word' id='word_1_39' title='bbox 504 493 665 543; x_wconf 78' lang='grc' dir='ltr'>αὐτούς</span> <span class='ocrx_word' id='word_1_40' title='bbox 702 491 886 541; x_wconf 82' lang='grc' dir='ltr'><strong><em>ἅπαντες</em></strong></span> <span class='ocrx_word' id='word_1_41' title='bbox 916 489 1076 545; x_wconf 83' lang='grc' dir='ltr'>ὁμοίως</span> <span class='ocrx_word' id='word_1_42' title='bbox 1115 487 1345 544; x_wconf 77' lang='grc' dir='ltr'>Αἰγύπτιοι</span> <span class='ocrx_word' id='word_1_43' title='bbox 1377 488 1602 540; x_wconf 83' lang='grc' dir='ltr'>σέβονται,</span> <span class='ocrx_word' id='word_1_44' title='bbox 1641 489 1753 545; x_wconf 73' lang='grc' dir='ltr'><strong><em>πλὴν</em></strong></span> 
     </span>
     <span class='ocr_line' id='line_1_13' title="bbox 490 565 1753 623; baseline -0.004 -7"><span class='ocrx_word' id='word_1_45' title='bbox 490 571 625 623; x_wconf 84' lang='grc' dir='ltr'>Ἴσιός</span> <span class='ocrx_word' id='word_1_46' title='bbox 654 587 697 614; x_wconf 88' lang='grc' dir='ltr'><strong>τε</strong></span> <span class='ocrx_word' id='word_1_47' title='bbox 727 571 799 613; x_wconf 83' lang='grc' dir='ltr'><strong>καὶ</strong></span> <span class='ocrx_word' id='word_1_48' title='bbox 829 568 1042 622; x_wconf 82' lang='grc' dir='ltr'><em>Ὀσίριος,</em></span> <span class='ocrx_word' id='word_1_49' title='bbox 1088 567 1166 612; x_wconf 86' lang='grc' dir='ltr'><strong>τὸν</strong></span> <span class='ocrx_word' id='word_1_50' title='bbox 1197 566 1248 623; x_wconf 78' lang='grc' dir='ltr'><strong>δὴ</strong></span> <span class='ocrx_word' id='word_1_51' title='bbox 1280 566 1506 610; x_wconf 82' lang='grc' dir='ltr'>Διόνυσον</span> <span class='ocrx_word' id='word_1_52' title='bbox 1545 565 1655 610; x_wconf 80' lang='grc' dir='ltr'>εἶναι</span> <span class='ocrx_word' id='word_1_53' title='bbox 1684 569 1753 611; x_wconf 78' lang='grc' dir='ltr'><strong>λέ-</strong></span> 
     </span>
    </p>
   </div>
   <div class='ocr_carea' id='block_1_7' title="bbox 467 645 1754 707">
    <p class='ocr_par' dir='ltr' id='par_1_7' title="bbox 467 645 1754 707">
     <span class='ocr_line' id='line_1_14' title="bbox 467 645 1754 707; baseline -0.002 -14"><span class='ocrx_word' id='word_1_54' title='bbox 467 659 653 707; x_wconf 78' lang='grc' dir='ltr'>3γουσι’</span> <span class='ocrx_word' id='word_1_55' title='bbox 692 647 877 699; x_wconf 82' lang='grc' dir='ltr'><strong>τούτους</strong></span> <span class='ocrx_word' id='word_1_56' title='bbox 907 649 952 691; x_wconf 78' lang='grc' dir='ltr'><strong>δὲ</strong></span> <span class='ocrx_word' id='word_1_57' title='bbox 983 648 1142 703; x_wconf 84' lang='grc' dir='ltr'>ὁμοίως</span> <span class='ocrx_word' id='word_1_58' title='bbox 1172 647 1358 696; x_wconf 79' lang='grc' dir='ltr'><em>ἅπαντες</em></span> <span class='ocrx_word' id='word_1_59' title='bbox 1397 645 1606 701; x_wconf 82' lang='grc' dir='ltr'>σέβονται.</span> <span class='ocrx_word' id='word_1_60' title='bbox 1657 646 1754 690; x_wconf 83' lang='grc' dir='ltr'>ὅσοι</span> 
     </span>
    </p>
   </div>
   <div class='ocr_carea' id='block_1_8' title="bbox 495 724 1754 783">
    <p class='ocr_par' dir='ltr' id='par_1_8' title="bbox 495 724 1754 783">
     <span class='ocr_line' id='line_1_15' title="bbox 495 724 1754 783; baseline -0.005 -10"><span class='ocrx_word' id='word_1_61' title='bbox 495 730 541 774; x_wconf 80' lang='grc' dir='ltr'><strong>δὲ</strong></span> <span class='ocrx_word' id='word_1_62' title='bbox 570 733 650 772; x_wconf 84' lang='grc' dir='ltr'><strong>τοῦ</strong></span> <span class='ocrx_word' id='word_1_63' title='bbox 684 728 915 783; x_wconf 80' lang='grc' dir='ltr'><strong><em>Μένδητος</em></strong></span> <span class='ocrx_word' id='word_1_64' title='bbox 944 726 1138 782; x_wconf 79' lang='grc' dir='ltr'>ἔκτηνται</span> <span class='ocrx_word' id='word_1_65' title='bbox 1169 725 1287 779; x_wconf 81' lang='grc' dir='ltr'><strong><em>ἱρὸν,</em></strong></span> <span class='ocrx_word' id='word_1_66' title='bbox 1317 724 1504 780; x_wconf 82' lang='grc' dir='ltr'>ἢνομοῦ</span> <span class='ocrx_word' id='word_1_67' title='bbox 1523 728 1604 768; x_wconf 83' lang='grc' dir='ltr'><strong>τοῦ</strong></span> <span class='ocrx_word' id='word_1_68' title='bbox 1630 728 1754 777; x_wconf 57' lang='grc' dir='ltr'><strong>Μεμ-</strong></span> 
     </span>
    </p>
   </div>
   <div class='ocr_carea' id='block_1_9' title="bbox 497 800 1811 864">
    <p class='ocr_par' dir='ltr' id='par_1_9' title="bbox 497 800 1811 864">
     <span class='ocr_line' id='line_1_16' title="bbox 497 800 1786 852; baseline -0.006 -26"><span class='ocrx_word' id='word_1_69' title='bbox 497 810 522 852; x_wconf 76' lang='grc' dir='ltr'><em>δ</em></span> <span class='ocrx_word' id='word_1_70' title='bbox 586 809 596 824; x_wconf 75' lang='lat' dir='ltr'><strong>t</strong></span> <span class='ocrx_word' id='word_1_71' title='bbox 707 808 717 823; x_wconf 71' lang='lat'>³</span> <span class='ocrx_word' id='word_1_72' title='bbox 748 807 756 822; x_wconf 71' lang='lat' dir='ltr'><strong>i</strong></span> <span class='ocrx_word' id='word_1_73' title='bbox 854 800 871 820; x_wconf 67' lang='lat' dir='ltr'><strong>‘e&#39;</strong></span> <span class='ocrx_word' id='word_1_74' title='bbox 998 807 1008 818; x_wconf 66' lang='lat' dir='ltr'>x</span> <span class='ocrx_word' id='word_1_75' title='bbox 1080 808 1090 822; x_wconf 59' lang='grc' dir='ltr'><em>υ</em></span> <span class='ocrx_word' id='word_1_76' title='bbox 1138 809 1155 817; x_wconf 61' lang='grc' dir='ltr'><strong><em>υ</em></strong></span> <span class='ocrx_word' id='word_1_77' title='bbox 1227 804 1237 818; x_wconf 76' lang='lat'><em>2</em></span> <span class='ocrx_word' id='word_1_78' title='bbox 1333 803 1342 816; x_wconf 78' lang='lat' dir='ltr'><strong>r</strong></span> <span class='ocrx_word' id='word_1_79' title='bbox 1525 803 1565 819; x_wconf 67' lang='grc' dir='ltr'><strong>ν..</strong></span> <span class='ocrx_word' id='word_1_80' title='bbox 1665 802 1675 816; x_wconf 76' lang='grc' dir='ltr'>ι</span> <span class='ocrx_word' id='word_1_81' title='bbox 1767 813 1786 829; x_wconf 68' lang='lat'>0</span> 
     </span>
     <span class='ocr_line' id='line_1_17' title="bbox 526 808 1811 864; baseline -0.005 -14"><span class='ocrx_word' id='word_1_82' title='bbox 526 820 652 864; x_wconf 78' lang='grc' dir='ltr'>ησιΟυ</span> <span class='ocrx_word' id='word_1_83' title='bbox 683 819 784 859; x_wconf 71' lang='grc' dir='ltr'>εισι,</span> <span class='ocrx_word' id='word_1_84' title='bbox 817 822 940 849; x_wconf 73' lang='lat' dir='ltr'><strong>ovvob</strong></span> <span class='ocrx_word' id='word_1_85' title='bbox 970 808 1015 849; x_wconf 74' lang='grc' dir='ltr'><strong>δε</strong></span> <span class='ocrx_word' id='word_1_86' title='bbox 1047 822 1182 861; x_wconf 58' lang='grc' dir='ltr'><em>αὐγῶν</em></span> <span class='ocrx_word' id='word_1_87' title='bbox 1212 820 1491 860; x_wconf 73' lang='grc' dir='ltr'><em>απέχθμδνοι,</em></span> <span class='ocrx_word' id='word_1_88' title='bbox 1521 821 1586 855; x_wconf 74' lang='grc' dir='ltr'><strong>Οἱς</strong></span> <span class='ocrx_word' id='word_1_89' title='bbox 1613 809 1811 847; x_wconf 50' lang='lat' dir='ltr'><strong>¹&amp;UOD-⁴0</strong></span> 
     </span>
    </p>
   </div>
   <div class='ocr_carea' id='block_1_10' title="bbox 464 881 1756 942">
    <p class='ocr_par' dir='ltr' id='par_1_10' title="bbox 464 881 1756 942">
     <span class='ocr_line' id='line_1_18' title="bbox 464 881 1756 942; baseline -0.003 -13"><span class='ocrx_word' id='word_1_90' title='bbox 464 891 548 931; x_wconf 86' lang='grc' dir='ltr'>4σι.</span> <span class='ocrx_word' id='word_1_91' title='bbox 610 889 794 942; x_wconf 85' lang='grc' dir='ltr'>Θηβαῖοι</span> <span class='ocrx_word' id='word_1_92' title='bbox 824 885 902 940; x_wconf 87' lang='grc' dir='ltr'><strong>μέν</strong></span> <span class='ocrx_word' id='word_1_93' title='bbox 939 901 1046 936; x_wconf 86' lang='grc' dir='ltr'><em>νυν,</em></span> <span class='ocrx_word' id='word_1_94' title='bbox 1095 885 1168 928; x_wconf 83' lang='grc' dir='ltr'><strong>καὶ</strong></span> <span class='ocrx_word' id='word_1_95' title='bbox 1199 883 1295 927; x_wconf 84' lang='grc' dir='ltr'>ὅσοι</span> <span class='ocrx_word' id='word_1_96' title='bbox 1335 883 1405 926; x_wconf 75' lang='grc' dir='ltr'><strong>διά</strong></span> <span class='ocrx_word' id='word_1_97' title='bbox 1436 883 1619 934; x_wconf 81' lang='grc' dir='ltr'><em>τούτους</em></span> <span class='ocrx_word' id='word_1_98' title='bbox 1649 881 1756 926; x_wconf 81' lang='grc' dir='ltr'>ὀΐων</span> 
     </span>
    </p>
   </div>
   <div class='ocr_carea' id='block_1_11' title="bbox 495 961 1756 1021">
    <p class='ocr_par' dir='ltr' id='par_1_11' title="bbox 495 961 1756 1021">
     <span class='ocr_line' id='line_1_19' title="bbox 495 961 1756 1021; baseline -0.004 -12"><span class='ocrx_word' id='word_1_99' title='bbox 495 964 749 1021; x_wconf 80' lang='grc' dir='ltr'>ἀπέχονται,</span> <span class='ocrx_word' id='word_1_100' title='bbox 797 964 869 1008; x_wconf 76' lang='grc' dir='ltr'><strong>διὰ</strong></span> <span class='ocrx_word' id='word_1_101' title='bbox 907 963 1008 1007; x_wconf 81' lang='grc' dir='ltr'><strong><em>τάδε</em></strong></span> <span class='ocrx_word' id='word_1_102' title='bbox 1045 964 1220 1019; x_wconf 77' lang='grc' dir='ltr'>λέγουσι</span> <span class='ocrx_word' id='word_1_103' title='bbox 1248 963 1325 1006; x_wconf 84' lang='grc' dir='ltr'><strong>τὸν</strong></span> <span class='ocrx_word' id='word_1_104' title='bbox 1353 961 1492 1016; x_wconf 81' lang='grc' dir='ltr'>νόμον</span> <span class='ocrx_word' id='word_1_105' title='bbox 1520 962 1646 1005; x_wconf 83' lang='grc' dir='ltr'><strong><em>τόνδε</em></strong></span> <span class='ocrx_word' id='word_1_106' title='bbox 1676 974 1756 1018; x_wconf 86' lang='grc' dir='ltr'><strong>σφι</strong></span> 
     </span>
    </p>
   </div>
   <div class='ocr_carea' id='block_1_12' title="bbox 494 1039 1756 1101">
    <p class='ocr_par' dir='ltr' id='par_1_12' title="bbox 494 1039 1756 1101">
     <span class='ocr_line' id='line_1_20' title="bbox 494 1039 1756 1101; baseline -0.003 -13"><span class='ocrx_word' id='word_1_107' title='bbox 494 1049 698 1101; x_wconf 84' lang='grc' dir='ltr'>τεθῆναι·</span> <span class='ocrx_word' id='word_1_108' title='bbox 755 1042 997 1098; x_wconf 67' lang='grc' dir='ltr'><strong><em>,,“Ηρακλὲα</em></strong></span> <span class='ocrx_word' id='word_1_109' title='bbox 1033 1046 1218 1098; x_wconf 78' lang='grc' dir='ltr'>θελῆσαι</span> <span class='ocrx_word' id='word_1_110' title='bbox 1257 1040 1429 1093; x_wconf 78' lang='grc' dir='ltr'><em>πάντως</em></span> <span class='ocrx_word' id='word_1_111' title='bbox 1471 1041 1641 1086; x_wconf 78' lang='grc' dir='ltr'><em>ἰδέσθαι</em></span> <span class='ocrx_word' id='word_1_112' title='bbox 1678 1039 1756 1085; x_wconf 86' lang='grc' dir='ltr'><strong>τὸν</strong></span> 
     </span>
    </p>
   </div>
   <div class='ocr_carea' id='block_1_13' title="bbox 439 1234 1094 2910">
    <p class='ocr_par' dir='ltr' id='par_1_13' title="bbox 439 1234 1094 2910">
     <span class='ocr_line' id='line_1_21' title="bbox 440 1234 1093 1290; baseline -0.008 -13"><span class='ocrx_word' id='word_1_113' title='bbox 440 1241 513 1277; x_wconf 91' lang='lat' dir='ltr'><strong>bis:</strong></span> <span class='ocrx_word' id='word_1_114' title='bbox 535 1239 713 1289; x_wconf 71' lang='grc' dir='ltr'>ἔκτηνται</span> <span class='ocrx_word' id='word_1_115' title='bbox 730 1234 840 1290; x_wconf 73' lang='grc' dir='ltr'><strong><em>ἵρόνς</em></strong></span> <span class='ocrx_word' id='word_1_116' title='bbox 869 1241 909 1275; x_wconf 88' lang='lat' dir='ltr'><strong>ut</strong></span> <span class='ocrx_word' id='word_1_117' title='bbox 920 1249 1001 1275; x_wconf 82' lang='lat' dir='ltr'><strong>mea</strong></span> <span class='ocrx_word' id='word_1_118' title='bbox 1014 1236 1093 1286; x_wconf 89' lang='lat' dir='ltr'><strong>qui-</strong></span> 
     </span>
     <span class='ocr_line' id='line_1_22' title="bbox 442 1294 1093 1334; baseline -0.008 0"><span class='ocrx_word' id='word_1_119' title='bbox 442 1298 525 1334; x_wconf 88' lang='lat' dir='ltr'><strong>dem</strong></span> <span class='ocrx_word' id='word_1_120' title='bbox 554 1297 732 1334; x_wconf 80' lang='lat' dir='ltr'><strong>sententia</strong></span> <span class='ocrx_word' id='word_1_121' title='bbox 763 1295 877 1332; x_wconf 86' lang='lat' dir='ltr'><strong>omnis</strong></span> <span class='ocrx_word' id='word_1_122' title='bbox 902 1294 995 1330; x_wconf 85' lang='lat' dir='ltr'><strong>absit</strong></span> <span class='ocrx_word' id='word_1_123' title='bbox 1014 1306 1093 1330; x_wconf 86' lang='lat' dir='ltr'><strong>mu-</strong></span> 
     </span>
     <span class='ocr_line' id='line_1_23' title="bbox 441 1350 1091 1398; baseline -0.009 -8"><span class='ocrx_word' id='word_1_124' title='bbox 441 1353 542 1390; x_wconf 86' lang='lat' dir='ltr'><strong>tandi</strong></span> <span class='ocrx_word' id='word_1_125' title='bbox 560 1366 678 1390; x_wconf 78' lang='lat' dir='ltr'><strong>causa.</strong></span> <span class='ocrx_word' id='word_1_126' title='bbox 717 1352 813 1389; x_wconf 77' lang='lat' dir='ltr'><strong>Nam</strong></span> <span class='ocrx_word' id='word_1_127' title='bbox 834 1350 1091 1398; x_wconf 79' lang='lat' dir='ltr'><strong>intelliguntur,</strong></span> 
     </span>
     <span class='ocr_line' id='line_1_24' title="bbox 439 1407 1093 1458; baseline -0.008 -13"><span class='ocrx_word' id='word_1_128' title='bbox 439 1410 643 1458; x_wconf 87' lang='lat' dir='ltr'><strong>quicunque</strong></span> <span class='ocrx_word' id='word_1_129' title='bbox 659 1409 777 1445; x_wconf 75' lang='lat' dir='ltr'><strong>{ovem</strong></span> <span class='ocrx_word' id='word_1_130' title='bbox 790 1407 1018 1444; x_wconf 81' lang='lat' dir='ltr'><strong>Ammonium</strong></span> <span class='ocrx_word' id='word_1_131' title='bbox 1031 1418 1093 1441; x_wconf 91' lang='lat' dir='ltr'><strong>co-</strong></span> 
     </span>
     <span class='ocr_line' id='line_1_25' title="bbox 439 1461 1091 1511; baseline -0.008 -10"><span class='ocrx_word' id='word_1_132' title='bbox 439 1465 517 1501; x_wconf 91' lang='lat' dir='ltr'><strong>lunt</strong></span> <span class='ocrx_word' id='word_1_133' title='bbox 536 1469 572 1501; x_wconf 90' lang='lat' dir='ltr'><strong>et</strong></span> <span class='ocrx_word' id='word_1_134' title='bbox 590 1465 636 1500; x_wconf 84' lang='lat' dir='ltr'><strong>ad</strong></span> <span class='ocrx_word' id='word_1_135' title='bbox 654 1465 730 1501; x_wconf 87' lang='lat' dir='ltr'><strong>eius</strong></span> <span class='ocrx_word' id='word_1_136' title='bbox 748 1462 924 1511; x_wconf 87' lang='lat' dir='ltr'><strong>templum</strong></span> <span class='ocrx_word' id='word_1_137' title='bbox 941 1461 1091 1498; x_wconf 81' lang='lat' dir='ltr'><strong>Theba-</strong></span> 
     </span>
     <span class='ocr_line' id='line_1_26' title="bbox 439 1517 1092 1569; baseline -0.009 -12"><span class='ocrx_word' id='word_1_138' title='bbox 439 1533 524 1557; x_wconf 90' lang='lat' dir='ltr'><strong>num</strong></span> <span class='ocrx_word' id='word_1_139' title='bbox 554 1521 746 1569; x_wconf 78' lang='lat' dir='ltr'>pertinent.</span> <span class='ocrx_word' id='word_1_140' title='bbox 803 1518 884 1555; x_wconf 90' lang='lat' dir='ltr'><strong>Nec</strong></span> <span class='ocrx_word' id='word_1_141' title='bbox 908 1517 1025 1564; x_wconf 84' lang='lat' dir='ltr'><strong>magis</strong></span> <span class='ocrx_word' id='word_1_142' title='bbox 1056 1517 1092 1552; x_wconf 89' lang='lat' dir='ltr'><strong>in</strong></span> 
     </span>
     <span class='ocr_line' id='line_1_27' title="bbox 441 1569 1091 1624; baseline -0.005 -11"><span class='ocrx_word' id='word_1_143' title='bbox 441 1588 544 1624; x_wconf 86' lang='lat' dir='ltr'><strong>seqq.</strong></span> <span class='ocrx_word' id='word_1_144' title='bbox 567 1588 660 1624; x_wconf 88' lang='lat' dir='ltr'><strong>opus</strong></span> <span class='ocrx_word' id='word_1_145' title='bbox 682 1575 832 1612; x_wconf 76' lang='lat' dir='ltr'><strong>lectione</strong></span> <span class='ocrx_word' id='word_1_146' title='bbox 851 1571 936 1611; x_wconf 76' lang='grc' dir='ltr'>ὅσοι</span> <span class='ocrx_word' id='word_1_147' title='bbox 955 1571 996 1610; x_wconf 71' lang='grc' dir='ltr'><strong>δὲ</strong></span> <span class='ocrx_word' id='word_1_148' title='bbox 1020 1569 1091 1620; x_wconf 73' lang='grc' dir='ltr'><strong>δή,</strong></span> 
     </span>
     <span class='ocr_line' id='line_1_28' title="bbox 440 1629 1092 1675; baseline -0.006 -7"><span class='ocrx_word' id='word_1_149' title='bbox 440 1636 481 1668; x_wconf 88' lang='lat' dir='ltr'><strong>ut</strong></span> <span class='ocrx_word' id='word_1_150' title='bbox 513 1632 608 1668; x_wconf 90' lang='lat' dir='ltr'><strong>idem</strong></span> <span class='ocrx_word' id='word_1_151' title='bbox 636 1631 807 1668; x_wconf 77' lang='lat' dir='ltr'><strong>Valcken.</strong></span> <span class='ocrx_word' id='word_1_152' title='bbox 838 1629 982 1675; x_wconf 80' lang='lat' dir='ltr'><strong>maluit,</strong></span> <span class='ocrx_word' id='word_1_153' title='bbox 1012 1642 1092 1665; x_wconf 77' lang='lat' dir='ltr'><strong>curn</strong></span> 
     </span>
     <span class='ocr_line' id='line_1_29' title="bbox 440 1682 1092 1737; baseline -0.005 -13"><span class='ocrx_word' id='word_1_154' title='bbox 440 1688 602 1737; x_wconf 89' lang='lat' dir='ltr'><strong>repetitis</strong></span> <span class='ocrx_word' id='word_1_155' title='bbox 643 1687 824 1737; x_wconf 78' lang='lat' dir='ltr'>particulis</span> <span class='ocrx_word' id='word_1_156' title='bbox 867 1683 937 1735; x_wconf 81' lang='grc' dir='ltr'><strong>μὲν</strong></span> <span class='ocrx_word' id='word_1_157' title='bbox 980 1689 1017 1721; x_wconf 83' lang='lat' dir='ltr'><strong>et</strong></span> <span class='ocrx_word' id='word_1_158' title='bbox 1050 1682 1092 1722; x_wconf 84' lang='grc' dir='ltr'><strong>δὲ</strong></span> 
     </span>
     <span class='ocr_line' id='line_1_30' title="bbox 441 1735 1092 1795; baseline -0.009 -13"><span class='ocrx_word' id='word_1_159' title='bbox 441 1740 553 1791; x_wconf 63' lang='grc' dir='ltr'>(ὅσοι</span> <span class='ocrx_word' id='word_1_160' title='bbox 585 1740 669 1793; x_wconf 80' lang='grc' dir='ltr'><strong>μὲν</strong></span> <span class='ocrx_word' id='word_1_161' title='bbox 703 1739 834 1790; x_wconf 74' lang='grc' dir='ltr'><strong>δὴ-</strong></span> <span class='ocrx_word' id='word_1_162' title='bbox 858 1735 968 1795; x_wconf 57' lang='grc' dir='ltr'>οὗζοι</span> <span class='ocrx_word' id='word_1_163' title='bbox 1004 1739 1092 1789; x_wconf 82' lang='grc' dir='ltr'><strong>μέν</strong></span> 
     </span>
     <span class='ocr_line' id='line_1_31' title="bbox 442 1793 1090 1845; baseline -0.008 -8"><span class='ocrx_word' id='word_1_164' title='bbox 442 1814 533 1837; x_wconf 81' lang='grc' dir='ltr'><strong>νυν</strong></span> <span class='ocrx_word' id='word_1_165' title='bbox 563 1804 599 1835; x_wconf 84' lang='lat' dir='ltr'><strong>et</strong></span> <span class='ocrx_word' id='word_1_166' title='bbox 629 1794 717 1836; x_wconf 76' lang='grc' dir='ltr'>ὅσοι</span> <span class='ocrx_word' id='word_1_167' title='bbox 742 1795 791 1835; x_wconf 79' lang='grc' dir='ltr'><strong>δὲ</strong></span> <span class='ocrx_word' id='word_1_168' title='bbox 809 1797 993 1834; x_wconf 78' lang='grc' dir='ltr'>-οὑτοι</span> <span class='ocrx_word' id='word_1_169' title='bbox 1015 1793 1090 1845; x_wconf 81' lang='grc' dir='ltr'><strong>δὲ)</strong></span> 
     </span>
     <span class='ocr_line' id='line_1_32' title="bbox 441 1851 1093 1902; baseline -0.009 -10"><span class='ocrx_word' id='word_1_170' title='bbox 441 1854 527 1892; x_wconf 84' lang='lat' dir='ltr'><strong>satis</strong></span> <span class='ocrx_word' id='word_1_171' title='bbox 539 1867 707 1902; x_wconf 77' lang='lat' dir='ltr'><strong>magnum</strong></span> <span class='ocrx_word' id='word_1_172' title='bbox 717 1854 787 1889; x_wconf 89' lang='lat' dir='ltr'><strong>vim</strong></span> <span class='ocrx_word' id='word_1_173' title='bbox 799 1851 1001 1901; x_wconf 80' lang='lat' dir='ltr'>acquisierit</span> <span class='ocrx_word' id='word_1_174' title='bbox 1012 1864 1093 1887; x_wconf 84' lang='lat' dir='ltr'><strong>ora-</strong></span> 
     </span>
     <span class='ocr_line' id='line_1_33' title="bbox 441 1908 1092 1948; baseline -0.005 -1"><span class='ocrx_word' id='word_1_175' title='bbox 441 1911 503 1948; x_wconf 84' lang='lat' dir='ltr'><strong>tio.</strong></span> <span class='ocrx_word' id='word_1_176' title='bbox 542 1911 625 1947; x_wconf 81' lang='lat' dir='ltr'><strong>Vid.</strong></span> <span class='ocrx_word' id='word_1_177' title='bbox 650 1911 859 1946; x_wconf 78' lang='lat' dir='ltr'>Buttmann.</span> <span class='ocrx_word' id='word_1_178' title='bbox 884 1908 920 1944; x_wconf 85' lang='lat' dir='ltr'><strong>in</strong></span> <span class='ocrx_word' id='word_1_179' title='bbox 944 1908 1092 1944; x_wconf 84' lang='lat' dir='ltr'><strong>Excurs.</strong></span> 
     </span>
     <span class='ocr_line' id='line_1_34' title="bbox 443 1963 1091 2014; baseline -0.006 -11"><span class='ocrx_word' id='word_1_180' title='bbox 443 1967 491 2003; x_wconf 85' lang='lat' dir='ltr'><strong>ad</strong></span> <span class='ocrx_word' id='word_1_181' title='bbox 508 1966 695 2004; x_wconf 86' lang='lat' dir='ltr'><strong>Demosth.</strong></span> <span class='ocrx_word' id='word_1_182' title='bbox 715 1966 818 2002; x_wconf 81' lang='lat' dir='ltr'><strong>Orat.</strong></span> <span class='ocrx_word' id='word_1_183' title='bbox 838 1964 927 2001; x_wconf 85' lang='lat' dir='ltr'><strong>Mid.</strong></span> <span class='ocrx_word' id='word_1_184' title='bbox 952 1977 987 2014; x_wconf 89' lang='lat' dir='ltr'><strong>p.</strong></span> <span class='ocrx_word' id='word_1_185' title='bbox 1001 1963 1091 2004; x_wconf 86' lang='lat'>154.</span> 
     </span>
     <span class='ocr_line' id='line_1_35' title="bbox 442 2019 1092 2072; baseline -0.009 -12"><span class='ocrx_word' id='word_1_186' title='bbox 442 2043 497 2050; x_wconf 88' lang='lat'><strong>——</strong></span> <span class='ocrx_word' id='word_1_187' title='bbox 518 2023 574 2059; x_wconf 84' lang='lat' dir='ltr'><strong>Ad</strong></span> <span class='ocrx_word' id='word_1_188' title='bbox 592 2035 715 2059; x_wconf 86' lang='lat' dir='ltr'><strong>vocem</strong></span> <span class='ocrx_word' id='word_1_189' title='bbox 737 2019 932 2072; x_wconf 80' lang='grc' dir='ltr'>Θηβαιέος</span> <span class='ocrx_word' id='word_1_190' title='bbox 952 2021 1044 2057; x_wconf 87' lang='lat' dir='ltr'><strong>conf.</strong></span> <span class='ocrx_word' id='word_1_191' title='bbox 1065 2020 1092 2067; x_wconf 85' lang='lat'><strong>1,</strong></span> 
     </span>
     <span class='ocr_line' id='line_1_36' title="bbox 445 2076 1092 2120; baseline -0.006 -5"><span class='ocrx_word' id='word_1_192' title='bbox 445 2082 536 2120; x_wconf 78' lang='lat'>182.</span> <span class='ocrx_word' id='word_1_193' title='bbox 567 2101 621 2107; x_wconf 90' lang='lat'><strong>——</strong></span> <span class='ocrx_word' id='word_1_194' title='bbox 651 2079 844 2115; x_wconf 80' lang='lat' dir='ltr'><strong>Caeterum</strong></span> <span class='ocrx_word' id='word_1_195' title='bbox 865 2077 933 2113; x_wconf 91' lang='lat' dir='ltr'><strong>hoe</strong></span> <span class='ocrx_word' id='word_1_196' title='bbox 952 2089 995 2114; x_wconf 90' lang='lat' dir='ltr'><strong>ex</strong></span> <span class='ocrx_word' id='word_1_197' title='bbox 1014 2076 1092 2112; x_wconf 91' lang='lat' dir='ltr'><strong>loco</strong></span> 
     </span>
     <span class='ocr_line' id='line_1_37' title="bbox 442 2132 1094 2181; baseline -0.006 -9"><span class='ocrx_word' id='word_1_198' title='bbox 442 2136 684 2172; x_wconf 82' lang='lat' dir='ltr'><strong>coniecturam</strong></span> <span class='ocrx_word' id='word_1_199' title='bbox 703 2135 748 2171; x_wconf 90' lang='lat' dir='ltr'><strong>de</strong></span> <span class='ocrx_word' id='word_1_200' title='bbox 768 2146 955 2170; x_wconf 84' lang='lat' dir='ltr'><strong>uornorum</strong></span> <span class='ocrx_word' id='word_1_201' title='bbox 971 2132 1094 2181; x_wconf 81' lang='lat' dir='ltr'><strong>Aegy-</strong></span> 
     </span>
     <span class='ocr_line' id='line_1_38' title="bbox 441 2189 1091 2241; baseline -0.005 -14"><span class='ocrx_word' id='word_1_202' title='bbox 441 2192 598 2241; x_wconf 89' lang='lat' dir='ltr'><strong>ptiorum</strong></span> <span class='ocrx_word' id='word_1_203' title='bbox 637 2191 778 2239; x_wconf 78' lang='lat' dir='ltr'><strong>origine</strong></span> <span class='ocrx_word' id='word_1_204' title='bbox 809 2190 906 2226; x_wconf 88' lang='lat' dir='ltr'><strong>ducit</strong></span> <span class='ocrx_word' id='word_1_205' title='bbox 933 2189 1091 2226; x_wconf 87' lang='lat' dir='ltr'><strong>Heeren.</strong></span> 
     </span>
     <span class='ocr_line' id='line_1_39' title="bbox 441 2244 1091 2296; baseline -0.006 -13"><span class='ocrx_word' id='word_1_206' title='bbox 441 2247 552 2285; x_wconf 77' lang='lat' dir='ltr'><strong>ldeen</strong></span> <span class='ocrx_word' id='word_1_207' title='bbox 574 2252 639 2285; x_wconf 89' lang='lat' dir='ltr'><strong>etc.</strong></span> <span class='ocrx_word' id='word_1_208' title='bbox 668 2247 721 2294; x_wconf 85' lang='lat' dir='ltr'><strong>ll,</strong></span> <span class='ocrx_word' id='word_1_209' title='bbox 744 2250 769 2286; x_wconf 78' lang='lat'><strong>2</strong></span> <span class='ocrx_word' id='word_1_210' title='bbox 796 2259 881 2296; x_wconf 81' lang='lat' dir='ltr'><strong>pag.</strong></span> <span class='ocrx_word' id='word_1_211' title='bbox 914 2247 990 2285; x_wconf 81' lang='lat'><strong>113</strong></span> <span class='ocrx_word' id='word_1_212' title='bbox 1013 2244 1091 2281; x_wconf 90' lang='lat' dir='ltr'><strong>coll.</strong></span> 
     </span>
     <span class='ocr_line' id='line_1_40' title="bbox 446 2302 1092 2351; baseline -0.008 -11"><span class='ocrx_word' id='word_1_213' title='bbox 446 2304 534 2344; x_wconf 86' lang='lat'>155.</span> <span class='ocrx_word' id='word_1_214' title='bbox 592 2303 733 2340; x_wconf 88' lang='lat' dir='ltr'><strong>Nomos</strong></span> <span class='ocrx_word' id='word_1_215' title='bbox 763 2303 857 2339; x_wconf 88' lang='lat' dir='ltr'><strong>enim</strong></span> <span class='ocrx_word' id='word_1_216' title='bbox 889 2302 1092 2351; x_wconf 78' lang='lat' dir='ltr'><strong>suspicatur</strong></span> 
     </span>
     <span class='ocr_line' id='line_1_41' title="bbox 442 2357 1090 2408; baseline -0.005 -12"><span class='ocrx_word' id='word_1_217' title='bbox 442 2360 602 2408; x_wconf 80' lang='lat' dir='ltr'><strong>singulos</strong></span> <span class='ocrx_word' id='word_1_218' title='bbox 632 2358 773 2407; x_wconf 81' lang='lat' dir='ltr'><strong>singula</strong></span> <span class='ocrx_word' id='word_1_219' title='bbox 801 2360 848 2395; x_wconf 84' lang='lat' dir='ltr'><strong>ad</strong></span> <span class='ocrx_word' id='word_1_220' title='bbox 875 2357 1010 2408; x_wconf 84' lang='lat' dir='ltr'><strong>templa</strong></span> <span class='ocrx_word' id='word_1_221' title='bbox 1032 2369 1090 2393; x_wconf 85' lang='lat' dir='ltr'><strong>sa-</strong></span> 
     </span>
     <span class='ocr_line' id='line_1_42' title="bbox 442 2414 1092 2464; baseline -0.006 -12"><span class='ocrx_word' id='word_1_222' title='bbox 442 2417 700 2464; x_wconf 87' lang='lat' dir='ltr'><strong>cerdotumque</strong></span> <span class='ocrx_word' id='word_1_223' title='bbox 719 2415 876 2452; x_wconf 84' lang='lat' dir='ltr'><strong>colonias</strong></span> <span class='ocrx_word' id='word_1_224' title='bbox 898 2414 1092 2464; x_wconf 84' lang='lat' dir='ltr'><strong>pertinuis-</strong></span> 
     </span>
     <span class='ocr_line' id='line_1_43' title="bbox 444 2469 1090 2521; baseline -0.005 -13"><span class='ocrx_word' id='word_1_225' title='bbox 444 2485 500 2518; x_wconf 88' lang='lat' dir='ltr'><strong>se,</strong></span> <span class='ocrx_word' id='word_1_226' title='bbox 540 2485 691 2521; x_wconf 86' lang='lat' dir='ltr'><strong>quarum</strong></span> <span class='ocrx_word' id='word_1_227' title='bbox 730 2471 893 2520; x_wconf 82' lang='lat' dir='ltr'>singulae</span> <span class='ocrx_word' id='word_1_228' title='bbox 927 2469 1090 2518; x_wconf 83' lang='lat' dir='ltr'><strong>singulos</strong></span> 
     </span>
     <span class='ocr_line' id='line_1_44' title="bbox 441 2528 1092 2574; baseline -0.003 -10"><span class='ocrx_word' id='word_1_229' title='bbox 441 2528 691 2565; x_wconf 89' lang='lat' dir='ltr'><strong>constituerint</strong></span> <span class='ocrx_word' id='word_1_230' title='bbox 704 2540 832 2564; x_wconf 88' lang='lat' dir='ltr'><strong>nomos</strong></span> <span class='ocrx_word' id='word_1_231' title='bbox 843 2555 853 2573; x_wconf 92' lang='lat'><strong>,</strong></span> <span class='ocrx_word' id='word_1_232' title='bbox 885 2539 949 2563; x_wconf 88' lang='lat' dir='ltr'><strong>sua</strong></span> <span class='ocrx_word' id='word_1_233' title='bbox 964 2539 1092 2574; x_wconf 89' lang='lat' dir='ltr'><strong>quem-</strong></span> 
     </span>
     <span class='ocr_line' id='line_1_45' title="bbox 440 2582 1090 2632; baseline -0.005 -12"><span class='ocrx_word' id='word_1_234' title='bbox 440 2596 511 2632; x_wconf 92' lang='lat' dir='ltr'><strong>que</strong></span> <span class='ocrx_word' id='word_1_235' title='bbox 541 2584 716 2632; x_wconf 82' lang='lat' dir='ltr'><strong>religione</strong></span> <span class='ocrx_word' id='word_1_236' title='bbox 745 2584 927 2631; x_wconf 81' lang='lat' dir='ltr'>sacrisque</span> <span class='ocrx_word' id='word_1_237' title='bbox 961 2582 1090 2619; x_wconf 86' lang='lat' dir='ltr'><strong>distin-</strong></span> 
     </span>
     <span class='ocr_line' id='line_1_46' title="bbox 440 2639 1091 2687; baseline -0.003 -12"><span class='ocrx_word' id='word_1_238' title='bbox 440 2644 533 2676; x_wconf 86' lang='lat' dir='ltr'><strong>ctum</strong></span> <span class='ocrx_word' id='word_1_239' title='bbox 554 2641 598 2676; x_wconf 80' lang='lat' dir='ltr'><strong>ab</strong></span> <span class='ocrx_word' id='word_1_240' title='bbox 617 2640 692 2676; x_wconf 81' lang='lat' dir='ltr'><strong>aliis</strong></span> <span class='ocrx_word' id='word_1_241' title='bbox 713 2640 848 2684; x_wconf 89' lang='lat' dir='ltr'><strong>nomis·‚</strong></span> <span class='ocrx_word' id='word_1_242' title='bbox 878 2639 927 2675; x_wconf 83' lang='lat' dir='ltr'><strong>ita</strong></span> <span class='ocrx_word' id='word_1_243' title='bbox 946 2643 985 2674; x_wconf 90' lang='lat' dir='ltr'><strong>ut</strong></span> <span class='ocrx_word' id='word_1_244' title='bbox 1002 2642 1091 2687; x_wconf 87' lang='lat' dir='ltr'><strong>quot</strong></span> 
     </span>
     <span class='ocr_line' id='line_1_47' title="bbox 439 2694 1091 2741; baseline 0 -11"><span class='ocrx_word' id='word_1_245' title='bbox 439 2696 553 2741; x_wconf 87' lang='lat' dir='ltr'><strong>nomi,</strong></span> <span class='ocrx_word' id='word_1_246' title='bbox 580 2696 730 2732; x_wconf 82' lang='lat' dir='ltr'><strong>totidem</strong></span> <span class='ocrx_word' id='word_1_247' title='bbox 761 2696 988 2732; x_wconf 80' lang='lat' dir='ltr'><strong>sacerdotum</strong></span> <span class='ocrx_word' id='word_1_248' title='bbox 1007 2694 1091 2731; x_wconf 81' lang='lat' dir='ltr'><strong>civi-</strong></span> 
     </span>
     <span class='ocr_line' id='line_1_48' title="bbox 439 2751 1090 2801; baseline 0.002 -16"><span class='ocrx_word' id='word_1_249' title='bbox 439 2754 532 2787; x_wconf 83' lang='lat' dir='ltr'><strong>tates</strong></span> <span class='ocrx_word' id='word_1_250' title='bbox 552 2765 579 2786; x_wconf 84' lang='lat' dir='ltr'><strong>s.</strong></span> <span class='ocrx_word' id='word_1_251' title='bbox 599 2751 759 2788; x_wconf 79' lang='lat' dir='ltr'><strong>coloniae</strong></span> <span class='ocrx_word' id='word_1_252' title='bbox 791 2752 953 2801; x_wconf 86' lang='lat' dir='ltr'><strong>primitus</strong></span> <span class='ocrx_word' id='word_1_253' title='bbox 981 2751 1090 2788; x_wconf 87' lang='lat' dir='ltr'><strong>exsti-</strong></span> 
     </span>
     <span class='ocr_line' id='line_1_49' title="bbox 443 2805 1091 2849; baseline 0.003 -9"><span class='ocrx_word' id='word_1_254' title='bbox 443 2805 562 2842; x_wconf 84' lang='lat' dir='ltr'><strong>terint.</strong></span> <span class='ocrx_word' id='word_1_255' title='bbox 600 2806 723 2849; x_wconf 87' lang='lat' dir='ltr'><strong>Quare</strong></span> <span class='ocrx_word' id='word_1_256' title='bbox 754 2808 935 2844; x_wconf 85' lang='lat' dir='ltr'><strong>Sesostrin</strong></span> <span class='ocrx_word' id='word_1_257' title='bbox 965 2819 1091 2844; x_wconf 91' lang='lat' dir='ltr'><strong>nomo-</strong></span> 
     </span>
     <span class='ocr_line' id='line_1_50' title="bbox 444 2861 1091 2910; baseline 0.006 -14"><span class='ocrx_word' id='word_1_258' title='bbox 444 2872 524 2897; x_wconf 90' lang='lat' dir='ltr'><strong>rum</strong></span> <span class='ocrx_word' id='word_1_259' title='bbox 552 2861 760 2900; x_wconf 89' lang='lat' dir='ltr'><strong>divisionem</strong></span> <span class='ocrx_word' id='word_1_260' title='bbox 784 2863 980 2900; x_wconf 83' lang='lat' dir='ltr'><strong>instituisse</strong></span> <span class='ocrx_word' id='word_1_261' title='bbox 1008 2863 1091 2910; x_wconf 90' lang='lat' dir='ltr'><strong>dici,</strong></span> 
     </span>
    </p>
   </div>
   <div class='ocr_carea' id='block_1_14' title="bbox 1156 1235 1815 2913">
    <p class='ocr_par' dir='ltr' id='par_1_14' title="bbox 1159 1235 1815 1398">
     <span class='ocr_line' id='line_1_51' title="bbox 1160 1235 1815 1288; baseline -0.005 -13"><span class='ocrx_word' id='word_1_262' title='bbox 1160 1238 1245 1287; x_wconf 84' lang='lat' dir='ltr'><strong>quia</strong></span> <span class='ocrx_word' id='word_1_263' title='bbox 1271 1237 1407 1288; x_wconf 90' lang='lat' dir='ltr'><strong>primus</strong></span> <span class='ocrx_word' id='word_1_264' title='bbox 1434 1236 1544 1273; x_wconf 88' lang='lat' dir='ltr'><strong>totius</strong></span> <span class='ocrx_word' id='word_1_265' title='bbox 1563 1235 1721 1286; x_wconf 81' lang='lat' dir='ltr'><strong>Aegypti</strong></span> <span class='ocrx_word' id='word_1_266' title='bbox 1745 1235 1815 1273; x_wconf 90' lang='lat' dir='ltr'><strong>im-</strong></span> 
     </span>
     <span class='ocr_line' id='line_1_52' title="bbox 1159 1292 1814 1345; baseline -0.003 -14"><span class='ocrx_word' id='word_1_267' title='bbox 1159 1295 1298 1345; x_wconf 88' lang='lat' dir='ltr'><strong>perium</strong></span> <span class='ocrx_word' id='word_1_268' title='bbox 1327 1298 1451 1330; x_wconf 87' lang='lat' dir='ltr'><strong>nactus</strong></span> <span class='ocrx_word' id='word_1_269' title='bbox 1476 1293 1530 1329; x_wconf 88' lang='lat' dir='ltr'><strong>sit.</strong></span> <span class='ocrx_word' id='word_1_270' title='bbox 1573 1292 1634 1329; x_wconf 90' lang='lat' dir='ltr'><strong>Tu</strong></span> <span class='ocrx_word' id='word_1_271' title='bbox 1663 1292 1735 1329; x_wconf 85' lang='lat' dir='ltr'><strong>vid.</strong></span> <span class='ocrx_word' id='word_1_272' title='bbox 1765 1292 1814 1329; x_wconf 87' lang='lat' dir='ltr'><strong>de</strong></span> 
     </span>
     <span class='ocr_line' id='line_1_53' title="bbox 1160 1347 1755 1398; baseline -0.005 -11"><span class='ocrx_word' id='word_1_273' title='bbox 1160 1351 1276 1387; x_wconf 86' lang='lat' dir='ltr'><strong>nornis</strong></span> <span class='ocrx_word' id='word_1_274' title='bbox 1299 1354 1387 1386; x_wconf 84' lang='lat' dir='ltr'><strong>nott.</strong></span> <span class='ocrx_word' id='word_1_275' title='bbox 1411 1350 1458 1386; x_wconf 89' lang='lat' dir='ltr'><strong>ad</strong></span> <span class='ocrx_word' id='word_1_276' title='bbox 1481 1349 1523 1398; x_wconf 86' lang='grc' dir='ltr'><strong>ΙΙ,</strong></span> <span class='ocrx_word' id='word_1_277' title='bbox 1550 1351 1639 1390; x_wconf 87' lang='lat'>109.</span> <span class='ocrx_word' id='word_1_278' title='bbox 1664 1347 1755 1389; x_wconf 81' lang='lat'><strong>164.</strong></span> 
     </span>
    </p>

    <p class='ocr_par' dir='ltr' id='par_1_15' title="bbox 1157 1401 1814 2406">
     <span class='ocr_line' id='line_1_54' title="bbox 1215 1401 1813 1455; baseline -0.005 -10"><span class='ocrx_word' id='word_1_279' title='bbox 1215 1402 1404 1455; x_wconf 78' lang='grc' dir='ltr'>Ὀσίριος,</span> <span class='ocrx_word' id='word_1_280' title='bbox 1435 1402 1500 1443; x_wconf 85' lang='grc' dir='ltr'><strong>τὸν</strong></span> <span class='ocrx_word' id='word_1_281' title='bbox 1529 1402 1580 1455; x_wconf 74' lang='grc' dir='ltr'><strong>δή</strong></span> <span class='ocrx_word' id='word_1_282' title='bbox 1610 1401 1813 1442; x_wconf 84' lang='grc' dir='ltr'>Διόνυσον</span> 
     </span>
     <span class='ocr_line' id='line_1_55' title="bbox 1161 1458 1811 1511; baseline -0.006 -12"><span class='ocrx_word' id='word_1_283' title='bbox 1161 1458 1262 1500; x_wconf 77' lang='grc' dir='ltr'>εἶναι</span> <span class='ocrx_word' id='word_1_284' title='bbox 1282 1460 1460 1511; x_wconf 77' lang='grc' dir='ltr'>λέγουσι]</span> <span class='ocrx_word' id='word_1_285' title='bbox 1494 1461 1600 1497; x_wconf 81' lang='lat' dir='ltr'><strong>Conf.</strong></span> <span class='ocrx_word' id='word_1_286' title='bbox 1613 1461 1750 1497; x_wconf 85' lang='lat' dir='ltr'><strong>Herod.</strong></span> <span class='ocrx_word' id='word_1_287' title='bbox 1766 1459 1811 1506; x_wconf 88' lang='grc' dir='ltr'><strong>ΙΙ,</strong></span> 
     </span>
     <span class='ocr_line' id='line_1_56' title="bbox 1163 1516 1809 1566; baseline -0.003 -12"><span class='ocrx_word' id='word_1_288' title='bbox 1163 1518 1242 1558; x_wconf 91' lang='lat'><strong>144</strong></span> <span class='ocrx_word' id='word_1_289' title='bbox 1261 1531 1355 1566; x_wconf 76' lang='lat' dir='ltr'><strong>seq,</strong></span> <span class='ocrx_word' id='word_1_290' title='bbox 1386 1516 1474 1553; x_wconf 81' lang='lat' dir='ltr'><strong>alios</strong></span> <span class='ocrx_word' id='word_1_291' title='bbox 1494 1517 1590 1554; x_wconf 82' lang='lat' dir='ltr'><strong>iocos</strong></span> <span class='ocrx_word' id='word_1_292' title='bbox 1610 1521 1648 1552; x_wconf 90' lang='lat' dir='ltr'><strong>ut</strong></span> <span class='ocrx_word' id='word_1_293' title='bbox 1659 1521 1809 1553; x_wconf 83' lang='lat' dir='ltr'><strong>taceam.</strong></span> 
     </span>
     <span class='ocr_line' id='line_1_57' title="bbox 1160 1573 1813 1622; baseline 0 -13"><span class='ocrx_word' id='word_1_294' title='bbox 1160 1573 1211 1609; x_wconf 90' lang='lat' dir='ltr'><strong>Ac</strong></span> <span class='ocrx_word' id='word_1_295' title='bbox 1228 1587 1311 1609; x_wconf 69' lang='lat' dir='ltr'><strong>vera</strong></span> <span class='ocrx_word' id='word_1_296' title='bbox 1323 1574 1468 1622; x_wconf 86' lang='lat' dir='ltr'><strong>quidem</strong></span> <span class='ocrx_word' id='word_1_297' title='bbox 1487 1573 1654 1610; x_wconf 80' lang='lat' dir='ltr'><strong>historiae</strong></span> <span class='ocrx_word' id='word_1_298' title='bbox 1672 1577 1813 1622; x_wconf 88' lang='lat' dir='ltr'><strong>patrem</strong></span> 
     </span>
     <span class='ocr_line' id='line_1_58' title="bbox 1159 1629 1813 1679; baseline 0 -14"><span class='ocrx_word' id='word_1_299' title='bbox 1159 1630 1375 1676; x_wconf 74' lang='lat' dir='ltr'><strong>tradidisse,</strong></span> <span class='ocrx_word' id='word_1_300' title='bbox 1406 1642 1471 1666; x_wconf 92' lang='lat' dir='ltr'><strong>nec</strong></span> <span class='ocrx_word' id='word_1_301' title='bbox 1489 1629 1629 1679; x_wconf 83' lang='lat' dir='ltr'><strong>lapsum</strong></span> <span class='ocrx_word' id='word_1_302' title='bbox 1650 1641 1742 1675; x_wconf 89' lang='lat' dir='ltr'><strong>esse,</strong></span> <span class='ocrx_word' id='word_1_303' title='bbox 1774 1632 1813 1665; x_wconf 89' lang='lat' dir='ltr'><strong>ut</strong></span> 
     </span>
     <span class='ocr_line' id='line_1_59' title="bbox 1160 1684 1812 1734; baseline 0.002 -13"><span class='ocrx_word' id='word_1_304' title='bbox 1160 1685 1202 1721; x_wconf 91' lang='lat' dir='ltr'><strong>iis</strong></span> <span class='ocrx_word' id='word_1_305' title='bbox 1226 1685 1355 1734; x_wconf 83' lang='lat' dir='ltr'><strong>placet,</strong></span> <span class='ocrx_word' id='word_1_306' title='bbox 1386 1685 1446 1733; x_wconf 93' lang='lat' dir='ltr'><strong>qui</strong></span> <span class='ocrx_word' id='word_1_307' title='bbox 1469 1685 1658 1722; x_wconf 88' lang='lat' dir='ltr'><strong>Herodoto</strong></span> <span class='ocrx_word' id='word_1_308' title='bbox 1679 1684 1759 1733; x_wconf 89' lang='lat' dir='ltr'><strong>plus</strong></span> <span class='ocrx_word' id='word_1_309' title='bbox 1772 1697 1812 1722; x_wconf 86' lang='lat' dir='ltr'><strong>se</strong></span> 
     </span>
     <span class='ocr_line' id='line_1_60' title="bbox 1161 1740 1812 1789; baseline 0.002 -13"><span class='ocrx_word' id='word_1_310' title='bbox 1161 1753 1290 1789; x_wconf 83' lang='lat' dir='ltr'><strong>sapere</strong></span> <span class='ocrx_word' id='word_1_311' title='bbox 1310 1740 1525 1789; x_wconf 84' lang='lat' dir='ltr'><strong>opinentur,</strong></span> <span class='ocrx_word' id='word_1_312' title='bbox 1555 1753 1661 1777; x_wconf 90' lang='lat' dir='ltr'><strong>nemo</strong></span> <span class='ocrx_word' id='word_1_313' title='bbox 1679 1741 1812 1777; x_wconf 84' lang='lat' dir='ltr'><strong>infitias</strong></span> 
     </span>
     <span class='ocr_line' id='line_1_61' title="bbox 1160 1795 1813 1844; baseline 0.006 -14"><span class='ocrx_word' id='word_1_314' title='bbox 1160 1796 1284 1842; x_wconf 78' lang='lat' dir='ltr'><strong>iverit,</strong></span> <span class='ocrx_word' id='word_1_315' title='bbox 1315 1796 1375 1844; x_wconf 94' lang='lat' dir='ltr'><strong>qui</strong></span> <span class='ocrx_word' id='word_1_316' title='bbox 1394 1808 1488 1844; x_wconf 84' lang='lat' dir='ltr'><strong>quae</strong></span> <span class='ocrx_word' id='word_1_317' title='bbox 1507 1796 1553 1833; x_wconf 89' lang='lat' dir='ltr'><strong>de</strong></span> <span class='ocrx_word' id='word_1_318' title='bbox 1577 1796 1723 1833; x_wconf 89' lang='lat' dir='ltr'><strong>Osiride</strong></span> <span class='ocrx_word' id='word_1_319' title='bbox 1741 1795 1813 1834; x_wconf 86' lang='lat' dir='ltr'><strong>Ae-</strong></span> 
     </span>
     <span class='ocr_line' id='line_1_62' title="bbox 1161 1852 1812 1901; baseline 0.002 -13"><span class='ocrx_word' id='word_1_320' title='bbox 1161 1852 1277 1901; x_wconf 77' lang='lat' dir='ltr'><strong>gyptii</strong></span> <span class='ocrx_word' id='word_1_321' title='bbox 1297 1857 1482 1898; x_wconf 75' lang='lat' dir='ltr'><strong>enarrent,</strong></span> <span class='ocrx_word' id='word_1_322' title='bbox 1513 1865 1608 1901; x_wconf 88' lang='lat' dir='ltr'><strong>quae</strong></span> <span class='ocrx_word' id='word_1_323' title='bbox 1637 1852 1683 1888; x_wconf 90' lang='lat' dir='ltr'><strong>illi</strong></span> <span class='ocrx_word' id='word_1_324' title='bbox 1709 1853 1812 1889; x_wconf 88' lang='lat' dir='ltr'><strong>insti-</strong></span> 
     </span>
     <span class='ocr_line' id='line_1_63' title="bbox 1160 1908 1811 1958; baseline 0.006 -15"><span class='ocrx_word' id='word_1_325' title='bbox 1160 1913 1237 1944; x_wconf 81' lang='lat' dir='ltr'><strong>tuta</strong></span> <span class='ocrx_word' id='word_1_326' title='bbox 1267 1908 1337 1944; x_wconf 86' lang='lat' dir='ltr'><strong>sint</strong></span> <span class='ocrx_word' id='word_1_327' title='bbox 1365 1920 1487 1955; x_wconf 85' lang='lat' dir='ltr'><strong>sacra,</strong></span> <span class='ocrx_word' id='word_1_328' title='bbox 1526 1909 1747 1958; x_wconf 86' lang='lat' dir='ltr'><strong>reputaverit</strong></span> <span class='ocrx_word' id='word_1_329' title='bbox 1773 1913 1811 1947; x_wconf 85' lang='lat' dir='ltr'><strong>et</strong></span> 
     </span>
     <span class='ocr_line' id='line_1_64' title="bbox 1162 1965 1813 2014; baseline 0.006 -15"><span class='ocrx_word' id='word_1_330' title='bbox 1162 1977 1241 2000; x_wconf 79' lang='lat' dir='ltr'><strong>cuin</strong></span> <span class='ocrx_word' id='word_1_331' title='bbox 1271 1965 1311 2000; x_wconf 89' lang='lat' dir='ltr'><strong>iis</strong></span> <span class='ocrx_word' id='word_1_332' title='bbox 1340 1965 1599 2013; x_wconf 83' lang='lat' dir='ltr'><strong>composuerit,</strong></span> <span class='ocrx_word' id='word_1_333' title='bbox 1643 1977 1737 2014; x_wconf 84' lang='lat' dir='ltr'><strong>quae</strong></span> <span class='ocrx_word' id='word_1_334' title='bbox 1765 1965 1813 2003; x_wconf 89' lang='lat' dir='ltr'><strong>de</strong></span> 
     </span>
     <span class='ocr_line' id='line_1_65' title="bbox 1163 2020 1814 2069; baseline 0.003 -13"><span class='ocrx_word' id='word_1_335' title='bbox 1163 2020 1382 2057; x_wconf 81' lang='lat' dir='ltr'><strong>Graecorum</strong></span> <span class='ocrx_word' id='word_1_336' title='bbox 1406 2020 1567 2069; x_wconf 82' lang='lat' dir='ltr'><strong>Dionyso</strong></span> <span class='ocrx_word' id='word_1_337' title='bbox 1593 2022 1727 2057; x_wconf 88' lang='lat' dir='ltr'><strong>tradita</strong></span> <span class='ocrx_word' id='word_1_338' title='bbox 1753 2033 1814 2058; x_wconf 84' lang='lat' dir='ltr'><strong>ac-</strong></span> 
     </span>
     <span class='ocr_line' id='line_1_66' title="bbox 1160 2076 1813 2126; baseline 0 -13"><span class='ocrx_word' id='word_1_339' title='bbox 1160 2077 1328 2125; x_wconf 86' lang='lat' dir='ltr'><strong>cepimus.</strong></span> <span class='ocrx_word' id='word_1_340' title='bbox 1361 2077 1410 2114; x_wconf 92' lang='lat' dir='ltr'><strong>Ut</strong></span> <span class='ocrx_word' id='word_1_341' title='bbox 1432 2077 1525 2113; x_wconf 88' lang='lat' dir='ltr'><strong>enim</strong></span> <span class='ocrx_word' id='word_1_342' title='bbox 1537 2076 1737 2126; x_wconf 83' lang='lat' dir='ltr'><strong>Aegyptios</strong></span> <span class='ocrx_word' id='word_1_343' title='bbox 1756 2080 1813 2113; x_wconf 84' lang='lat' dir='ltr'><strong>ta-</strong></span> 
     </span>
     <span class='ocr_line' id='line_1_67' title="bbox 1159 2131 1809 2182; baseline 0.002 -14"><span class='ocrx_word' id='word_1_344' title='bbox 1159 2132 1206 2168; x_wconf 85' lang='lat' dir='ltr'><strong>lia</strong></span> <span class='ocrx_word' id='word_1_345' title='bbox 1225 2146 1245 2169; x_wconf 77' lang='lat' dir='ltr'>a</span> <span class='ocrx_word' id='word_1_346' title='bbox 1271 2133 1419 2170; x_wconf 80' lang='lat' dir='ltr'><strong>Graecis</strong></span> <span class='ocrx_word' id='word_1_347' title='bbox 1451 2131 1632 2182; x_wconf 83' lang='lat' dir='ltr'><strong>accepisse</strong></span> <span class='ocrx_word' id='word_1_348' title='bbox 1651 2133 1809 2181; x_wconf 85' lang='lat' dir='ltr'><strong>credam,</strong></span> 
     </span>
     <span class='ocr_line' id='line_1_68' title="bbox 1160 2189 1812 2237; baseline 0.002 -13"><span class='ocrx_word' id='word_1_349' title='bbox 1160 2201 1342 2237; x_wconf 75' lang='lat' dir='ltr'><strong>nunquan}</strong></span> <span class='ocrx_word' id='word_1_350' title='bbox 1365 2193 1488 2225; x_wconf 83' lang='lat' dir='ltr'><strong>contra</strong></span> <span class='ocrx_word' id='word_1_351' title='bbox 1510 2189 1734 2236; x_wconf 80' lang='lat' dir='ltr'><strong>antiquitatis</strong></span> <span class='ocrx_word' id='word_1_352' title='bbox 1756 2193 1812 2225; x_wconf 80' lang='lat' dir='ltr'><strong>te-</strong></span> 
     </span>
     <span class='ocr_line' id='line_1_69' title="bbox 1161 2244 1811 2294; baseline 0.005 -15"><span class='ocrx_word' id='word_1_353' title='bbox 1161 2245 1364 2281; x_wconf 83' lang='lat' dir='ltr'><strong>stimonium</strong></span> <span class='ocrx_word' id='word_1_354' title='bbox 1385 2257 1405 2280; x_wconf 82' lang='lat' dir='ltr'>a</span> <span class='ocrx_word' id='word_1_355' title='bbox 1434 2257 1490 2281; x_wconf 86' lang='lat' dir='ltr'><strong>me</strong></span> <span class='ocrx_word' id='word_1_356' title='bbox 1510 2244 1705 2293; x_wconf 83' lang='lat' dir='ltr'><strong>impetrare</strong></span> <span class='ocrx_word' id='word_1_357' title='bbox 1723 2257 1811 2294; x_wconf 90' lang='lat' dir='ltr'><strong>pos-</strong></span> 
     </span>
     <span class='ocr_line' id='line_1_70' title="bbox 1160 2299 1808 2349; baseline 0.003 -13"><span class='ocrx_word' id='word_1_358' title='bbox 1160 2313 1248 2336; x_wconf 85' lang='lat' dir='ltr'><strong>sum.</strong></span> <span class='ocrx_word' id='word_1_359' title='bbox 1286 2299 1343 2337; x_wconf 91' lang='lat' dir='ltr'><strong>De</strong></span> <span class='ocrx_word' id='word_1_360' title='bbox 1369 2300 1515 2349; x_wconf 80' lang='lat' dir='ltr'><strong>singulis</strong></span> <span class='ocrx_word' id='word_1_361' title='bbox 1543 2300 1614 2336; x_wconf 80' lang='lat' dir='ltr'><strong>vid.</strong></span> <span class='ocrx_word' id='word_1_362' title='bbox 1637 2301 1808 2339; x_wconf 86' lang='lat' dir='ltr'><strong>Creuzer.</strong></span> 
     </span>
     <span class='ocr_line' id='line_1_71' title="bbox 1157 2355 1669 2406; baseline 0.002 -14"><span class='ocrx_word' id='word_1_363' title='bbox 1157 2355 1317 2405; x_wconf 83' lang='lat' dir='ltr'><strong>Symbol.</strong></span> <span class='ocrx_word' id='word_1_364' title='bbox 1341 2355 1388 2392; x_wconf 84' lang='lat'><strong>111</strong></span> <span class='ocrx_word' id='word_1_365' title='bbox 1408 2369 1441 2406; x_wconf 88' lang='lat' dir='ltr'><strong>p.</strong></span> <span class='ocrx_word' id='word_1_366' title='bbox 1467 2359 1545 2397; x_wconf 78' lang='lat'><strong>128</strong></span> <span class='ocrx_word' id='word_1_367' title='bbox 1567 2368 1669 2405; x_wconf 89' lang='lat' dir='ltr'><strong>seqq.</strong></span> 
     </span>
    </p>

    <p class='ocr_par' dir='ltr' id='par_1_16' title="bbox 1156 2408 1811 2799">
     <span class='ocr_line' id='line_1_72' title="bbox 1214 2408 1810 2462; baseline -0.002 -12"><span class='ocrx_word' id='word_1_368' title='bbox 1214 2408 1301 2451; x_wconf 75' lang='grc' dir='ltr'>ὅσοι</span> <span class='ocrx_word' id='word_1_369' title='bbox 1314 2409 1354 2450; x_wconf 78' lang='grc' dir='ltr'><strong>δὲ</strong></span> <span class='ocrx_word' id='word_1_370' title='bbox 1375 2415 1447 2451; x_wconf 80' lang='grc' dir='ltr'><strong>τοῦ</strong></span> <span class='ocrx_word' id='word_1_371' title='bbox 1459 2410 1684 2462; x_wconf 55' lang='grc' dir='ltr'><strong>ῙΡῙὲνδητος]</strong></span> <span class='ocrx_word' id='word_1_372' title='bbox 1706 2410 1810 2449; x_wconf 84' lang='lat' dir='ltr'><strong>Men-</strong></span> 
     </span>
     <span class='ocr_line' id='line_1_73' title="bbox 1157 2468 1811 2515; baseline 0.002 -10"><span class='ocrx_word' id='word_1_373' title='bbox 1157 2468 1246 2505; x_wconf 79' lang='lat' dir='ltr'><strong>desii</strong></span> <span class='ocrx_word' id='word_1_374' title='bbox 1263 2469 1359 2505; x_wconf 81' lang='lat' dir='ltr'><strong>nomi</strong></span> <span class='ocrx_word' id='word_1_375' title='bbox 1382 2469 1474 2505; x_wconf 85' lang='lat' dir='ltr'><strong>infra</strong></span> <span class='ocrx_word' id='word_1_376' title='bbox 1496 2469 1539 2515; x_wconf 87' lang='grc' dir='ltr'><strong>ΙΙ,</strong></span> <span class='ocrx_word' id='word_1_377' title='bbox 1555 2471 1632 2510; x_wconf 88' lang='lat'><strong>166</strong></span> <span class='ocrx_word' id='word_1_378' title='bbox 1652 2469 1692 2505; x_wconf 82' lang='lat' dir='ltr'><strong>fit</strong></span> <span class='ocrx_word' id='word_1_379' title='bbox 1708 2482 1811 2507; x_wconf 87' lang='lat' dir='ltr'><strong>meu·</strong></span> 
     </span>
     <span class='ocr_line' id='line_1_74' title="bbox 1157 2525 1809 2571; baseline -0.002 -9"><span class='ocrx_word' id='word_1_380' title='bbox 1157 2526 1206 2562; x_wconf 89' lang='lat' dir='ltr'><strong>tio</strong></span> <span class='ocrx_word' id='word_1_381' title='bbox 1218 2540 1228 2571; x_wconf 83' lang='lat'><strong>·,</strong></span> <span class='ocrx_word' id='word_1_382' title='bbox 1241 2525 1286 2562; x_wconf 91' lang='lat' dir='ltr'><strong>de</strong></span> <span class='ocrx_word' id='word_1_383' title='bbox 1305 2526 1413 2561; x_wconf 87' lang='lat' dir='ltr'><strong>sacris</strong></span> <span class='ocrx_word' id='word_1_384' title='bbox 1427 2525 1695 2563; x_wconf 80' lang='lat' dir='ltr'><strong>Mendesiorum</strong></span> <span class='ocrx_word' id='word_1_385' title='bbox 1714 2526 1809 2562; x_wconf 86' lang='lat' dir='ltr'><strong>conf.</strong></span> 
     </span>
     <span class='ocr_line' id='line_1_75' title="bbox 1156 2580 1808 2627; baseline 0 -10"><span class='ocrx_word' id='word_1_386' title='bbox 1156 2582 1202 2627; x_wconf 82' lang='lat' dir='ltr'><strong>li,</strong></span> <span class='ocrx_word' id='word_1_387' title='bbox 1225 2582 1291 2622; x_wconf 88' lang='lat'><strong>46.</strong></span> <span class='ocrx_word' id='word_1_388' title='bbox 1323 2580 1468 2618; x_wconf 67' lang='lat' dir='ltr'><strong>Blemles</strong></span> <span class='ocrx_word' id='word_1_389' title='bbox 1489 2582 1574 2618; x_wconf 89' lang='lat' dir='ltr'><strong>urbs</strong></span> <span class='ocrx_word' id='word_1_390' title='bbox 1595 2581 1630 2617; x_wconf 91' lang='lat' dir='ltr'><strong>in</strong></span> <span class='ocrx_word' id='word_1_391' title='bbox 1652 2580 1808 2618; x_wconf 85' lang='lat' dir='ltr'><strong>inferiori</strong></span> 
     </span>
     <span class='ocr_line' id='line_1_76' title="bbox 1158 2637 1808 2687; baseline -0.002 -13"><span class='ocrx_word' id='word_1_392' title='bbox 1158 2637 1325 2687; x_wconf 67' lang='lat' dir='ltr'><strong>Aegypto</strong></span> <span class='ocrx_word' id='word_1_393' title='bbox 1352 2651 1379 2674; x_wconf 85' lang='lat' dir='ltr'><strong>s.</strong></span> <span class='ocrx_word' id='word_1_394' title='bbox 1400 2638 1508 2675; x_wconf 84' lang='lat' dir='ltr'><strong>Delta</strong></span> <span class='ocrx_word' id='word_1_395' title='bbox 1533 2642 1610 2675; x_wconf 82' lang='lat' dir='ltr'><strong>erat</strong></span> <span class='ocrx_word' id='word_1_396' title='bbox 1629 2638 1719 2683; x_wconf 84' lang='lat' dir='ltr'><strong>sita,</strong></span> <span class='ocrx_word' id='word_1_397' title='bbox 1748 2637 1808 2674; x_wconf 94' lang='lat' dir='ltr'><strong>ubi</strong></span> 
     </span>
     <span class='ocr_line' id='line_1_77' title="bbox 1156 2693 1808 2731; baseline 0 -1"><span class='ocrx_word' id='word_1_398' title='bbox 1156 2707 1251 2731; x_wconf 92' lang='lat' dir='ltr'><strong>nunc</strong></span> <span class='ocrx_word' id='word_1_399' title='bbox 1262 2694 1414 2731; x_wconf 81' lang='lat' dir='ltr'><strong>Aslnnun</strong></span> <span class='ocrx_word' id='word_1_400' title='bbox 1423 2716 1439 2722; x_wconf 86' lang='lat'>-</span> <span class='ocrx_word' id='word_1_401' title='bbox 1456 2693 1582 2731; x_wconf 76' lang='grc' dir='ltr'><strong>ΤιινιαΙι</strong></span> <span class='ocrx_word' id='word_1_402' title='bbox 1591 2707 1619 2730; x_wconf 90' lang='lat' dir='ltr'><strong>s.</strong></span> <span class='ocrx_word' id='word_1_403' title='bbox 1634 2693 1808 2730; x_wconf 76' lang='lat' dir='ltr'><strong>Oshmun-</strong></span> 
     </span>
     <span class='ocr_line' id='line_1_78' title="bbox 1161 2750 1313 2799; baseline -0.013 -12"><span class='ocrx_word' id='word_1_404' title='bbox 1161 2750 1313 2799; x_wconf 75' lang='lat' dir='ltr'><strong>Tc&#39;nnag.</strong></span> 
     </span>
    </p>

    <p class='ocr_par' dir='ltr' id='par_1_17' title="bbox 1159 2800 1806 2913">
     <span class='ocr_line' id='line_1_79' title="bbox 1210 2800 1806 2857; baseline -0.003 -13"><span class='ocrx_word' id='word_1_405' title='bbox 1210 2803 1401 2857; x_wconf 80' lang='grc' dir='ltr'><strong><em>Ἡρακλέα</em></strong></span> <span class='ocrx_word' id='word_1_406' title='bbox 1441 2807 1612 2857; x_wconf 79' lang='grc' dir='ltr'>θελῆσαι</span> <span class='ocrx_word' id='word_1_407' title='bbox 1647 2800 1806 2849; x_wconf 73' lang='grc' dir='ltr'><em>πάντως</em></span> 
     </span>
     <span class='ocr_line' id='line_1_80' title="bbox 1159 2861 1805 2913; baseline -0.009 -11"><span class='ocrx_word' id='word_1_408' title='bbox 1159 2861 1318 2902; x_wconf 80' lang='grc' dir='ltr'>ἰδέσθαι</span> <span class='ocrx_word' id='word_1_409' title='bbox 1336 2877 1370 2901; x_wconf 87' lang='grc' dir='ltr'><strong>κ.</strong></span> <span class='ocrx_word' id='word_1_410' title='bbox 1392 2877 1422 2901; x_wconf 91' lang='grc' dir='ltr'><strong>τ.</strong></span> <span class='ocrx_word' id='word_1_411' title='bbox 1443 2861 1500 2913; x_wconf 82' lang='grc' dir='ltr'><strong>λ.]</strong></span> <span class='ocrx_word' id='word_1_412' title='bbox 1541 2861 1705 2898; x_wconf 86' lang='lat' dir='ltr'><strong>Sufficiat</strong></span> <span class='ocrx_word' id='word_1_413' title='bbox 1726 2872 1805 2896; x_wconf 90' lang='lat' dir='ltr'><strong>mo-</strong></span> 
     </span>
    </p>
   </div>
  </div>
 </body>
</html>
