1909 3228
666 189 883 230 CLIO.
941 188 970 228 1.

1366 187 1451 227 285

198 339 222 358 ‚‚
233 303 464 362 ἐβούλευον
493 303 670 345 σκοπῶν
699 300 811 351 ὅκως
841 299 910 343 σοί
937 315 982 342 τε
1009 296 1176 355 ποιήσω
1197 295 1307 341 κατα
1327 294 1447 348 νόον,
1461 302 1506 336 65

197 384 305 436 »καὶ
335 381 416 439 ἐγώ
445 382 556 436 πρὸς
585 379 630 423 σὲ
651 378 881 435 γενόμενος
898 376 1220 434 ἀναμάρτητος,
1250 374 1354 432 μήτε
1372 380 1451 418 θυ-

170 471 225 515 3,,
237 463 362 519 γατρὶ
388 466 441 518 τῇ
471 466 525 518 σῇ
556 457 658 515 μήτε
692 456 810 513 αὐτῷ
837 470 907 502 σοι
937 461 1028 514 εἴην
1059 456 1279 512 αὐθέντης.
1319 453 1453 498 ποιέω

199 541 289 598 »δὴ
322 536 415 583 ὦδε.
447 539 629 589 καλέσας
660 537 736 581 τὸν
765 537 983 594 βουκόλον
1002 535 1151 589 τόνδε,
1180 535 1454 591 παραδίδωμι

200 620 285 672 ,,τὸ
316 621 515 671 παιδίον,
563 618 650 673 φὰς
679 618 723 661 σέ
755 634 799 660 τε
830 615 940 659 εἶναι
969 615 1045 658 τὸν
1084 614 1316 658 κελεύοντα
1353 612 1455 657 α’πο-

199 704 400 752 ,,κτεῖναι
429 695 547 741 αὐτό.
607 697 680 740 καὶ
717 696 853 752 λέγων
890 694 1022 739 τοῦτό
1051 711 1119 751 γε,
1162 693 1243 738 οὐκ
1282 691 1455 745 ἐψευδό-
1511 702 1566 744 59

171 783 341 835 4,,μην·
399 776 454 820 σύ
483 775 566 831 γάρ
598 776 809 819 ἐνετέλλεο
842 775 970 819 οὕτω.
1003 775 1279 829 παραδίδωμι
1310 772 1510 829 μέντοι71
1566 789 1579 807 0

198 857 343 913 ,,τῷδε
372 854 482 899 κατὰ
512 854 632 907 τάδε,
677 854 967 910 ἐντειλάμενος
999 854 1144 896 θεῖναί
1184 870 1259 908 μιν
1284 853 1328 903 ἐς
1357 852 1458 907 ἐρῆ-

198 951 322 992 ,,μον
353 930 508 990 οὖρος,
556 936 630 978 καὶ
659 934 965 990 παραμένοντα
995 932 1234 989 φυλάσσειν
1274 930 1371 987 ἄχρι
1402 926 1457 975 οὗ

198 1013 485 1071 ,,τελευτη’σει·
518 1012 750 1070 ἀπειλήσας
787 1018 972 1056 παντοῖα
999 1014 1130 1071 τῷδε,
1171 1010 1227 1066 ἢν
1270 1010 1327 1066 μὴ
1357 1008 1459 1053 τάδε

172 1101 194 1135 5
206 1127 230 1146 ,,
241 1093 429 1138 ἐπιτελέα
459 1092 632 1149 ποιήσῃ.

692 1093 781 1136 ἐπεί
820 1109 863 1135 τε
889 1092 958 1144 δὲ,
997 1088 1261 1146 ποιήσαντος
1297 1087 1459 1133 τούτου

201 1172 290 1225 »τὰ
326 1171 611 1229 κελευόμενα,
671 1171 911 1228 ἐτελεύτησε
951 1170 1000 1214 τό
1040 1171 1240 1223 παιδίον,
1288 1168 1514 1224 πέμψας75

200 1256 320 1304 »τῶν
359 1250 581 1308 εὐνούχων
619 1251 722 1302 τούς
769 1250 1078 1302 πιστοτάτους,
1135 1249 1209 1293 καὶ
1247 1246 1367 1292 εἶδον
1405 1244 1457 1291 δι’

199 1332 434 1383 ,,ἐκείνων,
463 1332 536 1375 καὶ
565 1331 711 1383 ἔθαψά
740 1346 826 1387 μιν.
887 1329 1027 1379 οὕτως
1059 1329 1172 1384 ἔσχε,
1203 1321 1241 1371 τό
1268 1330 1461 1383 βασιλεῦ,

199 1410 334 1465 »περὶ
361 1413 442 1453 τοῦ
480 1409 732 1466 πρήγματος
769 1408 952 1454 τούτου·
1005 1407 1078 1451 καὶ
1114 1404 1300 1463 τοιούτῳ
1338 1403 1462 1464 μόρῳ

202 1521 227 1540 ,,
237 1487 445 1545 ἐχρήσατο
476 1486 500 1533 ὁ
530 1494 674 1542 παῖς.“

204 1714 307 1766 ὅκως
328 1720 391 1759 σοί
409 1733 448 1759 τε
469 1734 528 1759 πο
543 1715 626 1771 ιήσ
641 1719 697 1770 ω]
711 1735 799 1759 ποι-

147 1770 234 1826 ⁷J6m
252 1789 331 1813 cum
358 1781 506 1813 recentt.
530 1777 728 1823 edidimus,
758 1777 801 1812 li-

147 1833 222 1869 bris
278 1832 597 1869 consentientibus.
679 1831 800 1881 Vulgo

147 1890 262 1927 ποιοῖ.
321 1888 431 1931 Quod
462 1889 623 1937 sequitur
650 1887 800 1925 alterum

148 1946 254 1983 ποιῶ
285 1941 355 1994 (ὃή
377 1939 495 1992 ὦδε),
524 1957 604 1980 cum
634 1945 801 1980 Gaisfor-

150 2001 211 2038 dio
233 2001 383 2038 eternis
411 2000 510 2037 libris
530 2001 744 2037 mutavimus
764 2000 801 2036 in

149 2055 288 2096 ποιέω.
316 2056 388 2093 Pro
401 2051 614 2109 γενόμενος
633 2056 800 2104 Schwgh.

149 2113 288 2162 recepit
339 2108 563 2163 γινόμενος,
622 2113 802 2162 probante

155 2169 369 2206 Gaisfordio
383 2197 394 2215 ‚
427 2170 525 2218 apud
543 2182 650 2217 quem
668 2174 802 2214 tamen,

151 2238 341 2275 operarum
359 2226 468 2262 credo
486 2225 641 2271 incuria,
660 2225 695 2261 in
704 2228 804 2261 textu

151 2282 233 2331 ipso
275 2285 393 2318 exstat
431 2276 665 2332 γενόμενοςς
705 2281 805 2329 quod

150 2337 248 2375 idem
270 2349 338 2375 nos
368 2350 446 2375 eum
466 2337 641 2375 Matthiae
658 2337 806 2386 reliqui-

153 2406 245 2430 mus.

210 2503 346 2542 θεῖναί
368 2518 435 2554 μιν
455 2502 493 2550 ἐς
508 2503 657 2556 ἐρῆμον
669 2498 804 2555 οὖρος]

155 2559 275 2608 Vulgo
295 2559 440 2611 ἔρημον
467 2566 621 2598 retracto
646 2565 804 2598 accentu.

155 2617 232 2654 Sed
245 2616 445 2665 Schweigh.
467 2617 567 2653 dedit
588 2615 735 2668 ἐρῆμον
748 2617 807 2665 (ut

158 2670 316 2722 ὁμοῖος,
347 2670 520 2722 ἑτοῖμος)
550 2676 624 2709 tum
644 2674 806 2710 codicum

157 2729 204 2765 ob
223 2729 468 2765 auctoritatem
480 2757 490 2775 ‚
509 2732 584 2765 tum
598 2729 714 2766 Reizii
732 2729 807 2765 ius-

157 2798 201 2821 su
220 2785 256 2821 in
277 2784 436 2822 Praefat.
465 2785 513 2822 ad
533 2786 670 2824 Herod.
691 2799 726 2836 p.
739 2787 776 2828 9.

922 1715 977 1768 ἥν
996 1715 1051 1770 μή
1083 1713 1178 1757 τάδε
1211 1715 1384 1758 ἐπιτελέα
1401 1714 1519 1768 ποιή-

869 1773 942 1827 σῃ]
974 1776 996 1811 i.
1028 1789 1058 1812 e.
1087 1777 1159 1811 m'sz'
1193 1775 1276 1811 haec
1305 1775 1431 1823 effecta
1461 1775 1519 1811 de-

868 1830 994 1877 disset,
1032 1844 1062 1867 s.
1098 1833 1170 1867 m‘si
1195 1831 1278 1867 haec
1301 1831 1520 1880 perfecisset,

867 1889 1048 1934 exegisset.
1087 1886 1323 1924 Locutionem
1344 1887 1522 1923 illustrant

868 1942 1031 1992 exempla
1068 1954 1089 1977 a
1118 1942 1365 1990 Wesselingio
1400 1943 1522 1989 allata,

869 2011 911 2035 ex
930 1997 1105 2035 Melissae
1123 1998 1227 2048 epist.
1258 2012 1294 2048 p.
1316 1998 1398 2040 749
1430 1999 1524 2047 (Py-

867 2054 993 2103 thagg.
1014 2055 1179 2101 fragmm.
1202 2054 1258 2091 ed.
1279 2055 1394 2104 Gal).
1418 2056 1522 2092 Stob.

869 2111 984 2147 Serm.
1016 2109 1191 2147 LXXVII
1225 2124 1262 2160 p.
1288 2113 1381 2153 460.
1413 2112 1522 2148 Conf.

869 2167 961 2203 infra
988 2166 1027 2212 I,
1051 2166 1140 2208 124.
1159 2187 1215 2194 —-
1242 2166 1331 2204 Mox
1361 2180 1454 2204 unus
1480 2167 1525 2204 li-

871 2224 955 2259 ber:
994 2222 1061 2260 καί
1085 2221 1102 2261 ἓ
1130 2218 1256 2270 εἶδον,
1295 2224 1372 2261 sine
1395 2237 1523 2261 neces-

873 2279 990 2316 sitate.
1015 2298 1072 2306 —-·
1103 2278 1174 2315 Pro
1201 2278 1340 2329 ἔθαψα
1360 2279 1524 2318 Thomas

871 2334 974 2384 Mag.
1000 2348 1037 2384 p.
1060 2334 1141 2376 415
1176 2348 1220 2372 ex
1245 2336 1314 2373 hoc
1336 2335 1416 2373 loco
1446 2336 1526 2373 lau-

874 2392 937 2428 dat
952 2387 1188 2440 ἐθαψάμην,
1209 2393 1310 2441 quod
1328 2393 1423 2430 forte
1440 2394 1525 2431 ferri

874 2448 1011 2498 possit,
1042 2448 1072 2483 si
1100 2447 1337 2497 intelligatur:
1363 2449 1526 2499 sepelien-

874 2505 956 2541 dum
984 2506 1119 2540 curavi.
1176 2505 1253 2542 Sed
1281 2517 1408 2542 omnes
1444 2505 1527 2543 libri

873 2562 1029 2598 retinent
1065 2559 1225 2609 ἔθαψα,
1273 2562 1452 2610 probante
1483 2575 1526 2599 ac

872 2621 997 2654 tuente
1018 2617 1203 2654 Gronovio
1223 2618 1271 2654 ad
1289 2617 1325 2664 I,
1346 2620 1423 2659 111
1438 2647 1448 2665 ‚
1464 2618 1526 2667 qui

874 2674 989 2710 activo
1026 2674 1135 2710 verbo
1176 2674 1213 2709 in
1253 2673 1309 2710 his
1347 2673 1526 2712 Nostrum

873 2731 986 2766 fuisse
1006 2742 1108 2765 usum
1133 2729 1251 2777 docet,
1271 2729 1345 2778 III,
1364 2732 1430 2772 62.
1460 2731 1525 2780 VI,

873 2787 939 2827 30.
969 2785 1056 2833 VH,
1079 2787 1170 2827 117.
