1909 3228
407 207 492 248 378
800 200 1268 241 HERODOTI

409 316 596 359 Λυδοῖσι
623 315 809 369 μέτεστι,
839 309 898 362 ὠς
916 308 1209 366 κασιγνήτοισι
1231 308 1352 353 ἐοῦσι
1377 314 1487 353 τοῖσι
1504 311 1659 364 Καρσί.

354 404 397 436 10
409 395 486 438 τὸν
513 392 596 450 γὰρ
628 391 777 436 Λυδὸν
805 390 880 434 καὶ
919 388 996 433 τὸν
1034 387 1195 432 Μυσὸν
1222 386 1397 443 λέγουσι
1433 387 1542 432 εἶναι
1571 392 1657 432 Κα-

410 475 487 530 ρός
515 469 764 526 ἀδελφεούς.
820 467 1014 512 τούτοισι
1043 467 1122 523 μὲν
1165 465 1217 523 δὴ
1248 465 1434 521 μέτεστι·
1475 466 1570 511 ὅσοι
1599 468 1659 520 ὁὲ,

408 552 550 603 ἐόντες
580 549 715 593 ἄλλου
745 548 918 601 ἔθνεος,
966 546 1238 604 ὁμόγλωσσοι
1265 551 1379 590 τοῖσι
1406 548 1548 600 Καρσὶ
1577 546 1660 601 ἐγέ-

77 831 140 850 mos
159 821 354 856 computandi,

77 861 109 883 et
127 856 204 882 Deos
221 864 291 889 'ere
333 854 339 860 ‘

78 898 131 918 nos
148 862 356 925 expelle-nilis*

248 625 346 669 172
403 647 557 683 νοντο,
598 626 793 673 τούτοισι
832 627 877 671 δὲ
917 625 970 670 οὐ
1000 626 1116 683 μέτα.

79 688 188 717 Caunii
213 696 301 722 quam
324 697 355 716 ο-
446 710 457 724 r

78 722 354 757 riginemhabeant:
411 727 459 756 το

78 764 180 783 eorum
220 756 322 787 lingua

79 789 206 816 (lan-icae
237 789 355 816 amnis:

350 1055 409 1093 vix
456 1054 605 1092 notione
654 1065 698 1091 ac
734 1051 1000 1102 significatione

350 1110 501 1149 multum
529 1110 624 1147 inter
654 1114 846 1159 utrumque
881 1109 1000 1146 Iovem

349 1167 523 1205 intererit.
581 1164 751 1215 Namque
769 1169 910 1203 constat
927 1165 1002 1202 Ca-

351 1236 410 1262 res
440 1227 480 1260 ut
495 1221 700 1260 bellicosam
730 1227 876 1271 gentem
910 1222 998 1259 deos

351 1292 500 1330 quoque
527 1279 633 1316 armis
659 1279 804 1316 indutos
819 1308 831 1326 ,
859 1278 1001 1316 militari

350 1338 466 1375 ferme
490 1336 610 1386 specie
633 1338 670 1373 et
688 1336 868 1385 cogitasse
885 1339 921 1373 et
941 1347 1001 1372 re-

351 1396 628 1443 praesentasse3
655 1391 708 1428 ita
727 1397 767 1429 ut
786 1391 907 1429 Iovem
927 1391 1002 1428 Ca-

352 1461 410 1486 res
447 1447 552 1484 simili
589 1448 723 1494 modo,
769 1460 841 1496 quo
879 1447 1001 1484 lovem

354 1498 561 1555 στράτιον,
621 1504 729 1541 armis
777 1504 1001 1550 instructum,

351 1562 647 1610 repraesentasse
682 1564 719 1597 et
742 1558 896 1597 coluisse
926 1571 1004 1596 cre-

353 1616 519 1653 diderim.
584 1615 695 1652 Plura
722 1616 782 1665 qui
813 1614 1003 1664 discupiat,

354 1685 437 1711 eum
471 1672 705 1709 amandamus
743 1672 791 1708 ad
828 1671 1003 1708 Creuzeri

355 1727 549 1778 Symbolic.
588 1727 622 1764 Π
650 1740 737 1778 pag.
764 1727 846 1768 493
869 1740 924 1777 sq.
954 1725 1004 1764 IV

354 1796 441 1836 pag.
461 1786 516 1825 62
535 1796 588 1833 sq.

415 1837 468 1886 ὥς
483 1834 757 1890 κασιγνήτοισι
775 1836 887 1877 εὀῦσι
906 1840 1008 1876 τοῖσι

356 1894 514 1946 Καρσί]
549 1896 657 1933 conf.
680 1895 898 1932 Strabonem
920 1893 1007 1930 XIV

355 1966 393 2004 p.
405 1955 499 1994 976.
513 1973 561 1979 —
575 1951 644 1988 His
661 1950 779 1988 verbis
800 1954 837 1988 et
852 1962 1009 1999 sequen-

356 2010 451 2046 tibus
479 2012 509 2045 si
539 2008 624 2045 nihil
652 2007 769 2054 aliud,
798 2011 895 2044 certe
911 2019 1008 2044 com-

357 2078 501 2103 munem
520 2065 697 2114 originem
725 2068 836 2112 atque
858 2063 1007 2113 stirpem

356 2123 505 2159 istarum
530 2121 691 2170 gentium
721 2120 807 2157 satis
835 2118 1007 2157 declarari

356 2182 500 2228 putem3
539 2190 651 2226 quare
678 2178 715 2213 in
743 2175 858 2225 Lydis
897 2179 1006 2224 atque

356 2234 484 2283 Mysiis
502 2233 648 2271 colonos
663 2234 798 2270 Carmn
816 2235 1005 2281 quaerunt,

357 2290 451 2327 hanc
470 2289 584 2340 ipsam
597 2290 644 2327 ob
659 2301 803 2327 causam
823 2300 1004 2325 sacrorum

356 2347 562 2397 participes.
621 2347 728 2384 Conf.
760 2344 880 2382 Raoul
895 2366 912 2372 -
928 2343 1007 2381 Ro-

358 2402 476 2440 chette
505 2403 665 2440 Histoire
698 2403 744 2440 de
773 2401 954 2439 l'e'tabliss.
988 2400 1006 2438 I

357 2472 444 2510 pag.
458 2461 538 2500 389
557 2472 634 2509 seq.
665 2459 770 2503 Quae
786 2458 816 2495 si
836 2469 921 2495 vera
936 2458 1008 2495 sint

362 2520 425 2552 aut
442 2520 539 2553 certe
555 2517 630 2554 veri
649 2515 804 2565 speciem
822 2514 1006 2564 quandam

362 2571 581 2620 praebeant,
610 2571 838 2619 intelligitur,
866 2583 929 2607 cur
947 2583 1006 2608 re-

361 2626 478 2676 liquos
499 2628 733 2678 alienigenos,
747 2626 908 2676 quamvis
919 2638 1005 2664 ean-

362 2683 448 2720 dem
473 2684 630 2732 linguam
660 2685 810 2723 edentes
848 2683 1008 2721 excluse-

362 2738 445 2775 rint.
490 2739 709 2779 Pertinuisse
743 2739 837 2778 enim
859 2739 918 2776 isti
953 2739 1007 2776 vi-

364 2795 494 2832 dentur
521 2797 568 2832 ad
597 2797 683 2834 alias
712 2800 839 2846 gentes
865 2796 1007 2844 indige-

365 2862 444 2900 naS‚
467 2856 551 2890 ante
568 2852 703 2891 illorum
716 2853 924 2892 colonorum
943 2852 1010 2890 ad—

1176 627 1229 669 02
1269 625 1315 669 δὲ
1355 625 1544 669 Καύνιοι
1584 623 1659 668 αὕ-

460 715 641 767 χθονες,
670 706 836 752 δοκέειν
865 707 983 762 ἐμοὶ,
1013 707 1113 750 εἰσί·
1143 703 1270 749 αὐτοὶ
1298 704 1443 760 μέντοι
1473 705 1519 748 ἐκ
1539 703 1718 761 Κρή-δο

409 806 484 846 της
521 788 630 845 φασὶ
665 785 788 831 εἶναι.
843 784 1224 843 προσκεχωρήκασι
1264 785 1309 828 δὲ
1345 787 1547 840 γλῶσσαν
1585 784 1663 838 μὲν

411 869 522 925 πρὸς
549 867 598 913 τὸ
626 865 827 924 Καρικὸν
854 865 1007 920 ἔθνος,
1037 864 1067 922 ἢ
1095 866 1138 910 οῑ
1163 868 1305 922 Κᾶρες
1333 864 1441 920 πρὸς
1467 862 1517 907 τὸ
1548 865 1663 906 Καυ-

1066 1054 1214 1089 ventum
1249 1049 1343 1087 hanc
1370 1053 1504 1087 terram
1541 1051 1719 1095 tenentes,
1762 1077 1774 1084 .

1069 1120 1152 1144 mox
1181 1120 1266 1145 vero
1303 1118 1498 1157 oppressas
1533 1116 1556 1141 a
1584 1103 1719 1141 colonis

1066 1164 1260 1201 victoribus
1273 1191 1283 1210 ,
1313 1175 1466 1211 quorum
1487 1160 1544 1199 vel
1560 1160 1720 1210 linguam

1068 1224 1110 1258 ut
1126 1220 1210 1259 victi
1228 1219 1455 1257 adsciverint.

1237 1304 1269 1341 c
1283 1315 1350 1355 ap.
1382 1301 1569 1340 CLxxn

1126 1387 1169 1429 οἷ
1195 1385 1238 1427 δὲ
1269 1383 1443 1426 Καύνιοι
1482 1381 1721 1436 αὐτόχθονες

1068 1460 1105 1484 κ.
1130 1460 1162 1484 τ.
1187 1443 1236 1495 λ.]
1267 1444 1348 1481 Nec
1363 1443 1421 1481 hic
1449 1456 1516 1480 nec
1539 1454 1618 1492 cap.
1640 1444 1718 1482 171

1071 1502 1145 1538 init.
1159 1501 1327 1538 Mediceo
1348 1499 1549 1549 parendum
1575 1510 1654 1535 esse
1666 1498 1721 1535 of-

1071 1558 1202 1595 ferenti
1217 1555 1477 1601 Καυκωνίους
1499 1559 1536 1592 et
1553 1549 1720 1592 Καυκώ-

1072 1629 1174 1662 νιοι,
1207 1613 1293 1650 satis
1319 1612 1426 1650 docet
1459 1616 1535 1648 tum
1563 1610 1720 1659 reliquo—

1071 1684 1152 1708 rum
1187 1670 1360 1707 librorum
1401 1679 1597 1706 consensus
1622 1666 1722 1716 apud

1072 1727 1325 1772 Herodotum,
1367 1729 1405 1762 et
1427 1724 1481 1761 his
1516 1723 1602 1759 locis
1630 1726 1667 1759 et
1690 1721 1721 1769 1,

1076 1784 1178 1828 176,
1206 1785 1281 1818 tum
1298 1780 1487 1817 Strabonis
1514 1778 1721 1826 auctoritas,

1074 1838 1234 1876 eNostro
1246 1837 1343 1874 haud
1356 1836 1466 1874 dubie
1487 1835 1722 1885 proficiscen-

1072 1895 1117 1933 tis
1138 1893 1225 1931 XIV
1245 1906 1282 1945 p.
1305 1893 1407 1941 964,
1425 1891 1458 1929 A
1484 1905 1512 1929 s.
1533 1903 1618 1941 pag.
1639 1892 1722 1933 652

1075 1950 1232 1988 Casaub.
1298 1950 1472 1999 Namque
1511 1947 1720 1985 Herodotus

1074 2006 1277 2045 Cauconios
1300 2007 1424 2056 utique
1442 2004 1633 2054 ignoravit,
1654 2016 1722 2041 nec

1073 2064 1262 2100 Caucones
1281 2063 1377 2101 idem
1396 2062 1508 2106 novit,
1526 2072 1617 2108 quos
1629 2072 1721 2109 poe-

1071 2123 1110 2156 ta
1127 2119 1289 2157 nominat
1307 2120 1343 2156 in
1363 2118 1464 2155 Iliad.
1483 2116 1540 2162 X,
1560 2115 1653 2157 429.
1666 2136 1720 2142 —

1071 2175 1112 2212 In
1132 2175 1249 2212 verbis
1271 2188 1373 2224 seqq.
1392 2175 1439 2210 ad
1459 2169 1610 2211 δοκέειν
1633 2169 1720 2220 ἐμοὶ

1071 2233 1166 2269 conf.
1190 2230 1319 2268 Matth.
1345 2231 1408 2267 Gr.
1424 2230 1487 2266 Gr.
1500 2240 1584 2278 pag.
1599 2229 1718 2268 1070.

1128 2281 1477 2340 προσκεχωρήκασι
1511 2281 1553 2322 δὲ
1594 2286 1719 2335 γλῶσ-

1073 2355 1148 2383 σαν
1188 2340 1259 2393 μὲν
1290 2340 1385 2395 πρὸς
1411 2338 1454 2381 τό
1486 2337 1659 2390 Καρικὸν
1685 2338 1719 2378 ἕ-

1071 2397 1196 2449 θνος]
1236 2400 1258 2436 i.
1287 2413 1318 2438 e.
1358 2400 1592 2443 accesserunt,
1630 2395 1721 2447 quod

1073 2456 1121 2494 acl
1140 2457 1299 2504 linguam
1314 2459 1461 2503 attinet,
1491 2454 1538 2491 acl
1558 2452 1720 2491 Caricam

1073 2515 1247 2551 nationem
1259 2527 1286 2550 s.
1299 2510 1602 2550 accommodarunt
1620 2521 1720 2547 suam

1074 2569 1233 2618 linguam
1251 2569 1298 2606 ad
1311 2570 1457 2607 Caricae
1478 2568 1631 2605 nationis
1650 2566 1720 2603 lin-

1069 2639 1190 2675 guam.
1210 2647 1266 2653 —
1295 2625 1502 2664 lablonskio
1528 2623 1645 2672 (Diss.
1673 2622 1721 2660 de

1072 2682 1219 2732 Lingua
1263 2682 1424 2732 Lycaon.
1461 2686 1487 2719 t.
1512 2681 1562 2718 lll
1601 2693 1638 2731 p.
1663 2678 1719 2721 95

1075 2739 1252 2788 Opuscc.)
1270 2740 1424 2777 scribere
1440 2737 1591 2788 placuit:
1620 2731 1721 2787 πρὸς

1074 2792 1118 2832 τό
1142 2791 1320 2845 Καρικὸν
1345 2794 1440 2840 ἔθος
1461 2795 1547 2843 (pro
1569 2791 1718 2838 ἔθνος)

1077 2850 1127 2889 ad
1148 2864 1269 2889 morem
1290 2850 1451 2903 loquenda·
1478 2853 1510 2888 et
1537 2850 1715 2886 consuetu-
