1909 3228
266 221 351 259 900
547 216 822 255 EXCURSUS
855 215 905 254 ΙΙΙ
936 214 1001 252 AD
1035 214 1305 253 HERODOT.
1335 215 1373 263 Ι,
1407 218 1498 258 130.

271 330 400 379 1814)
430 330 491 368 t.I
522 343 557 380 p.
581 328 659 370 144
689 341 792 377 seqq.
851 329 1024 377 Singulos
1055 327 1154 378 apud
1189 326 1417 365 Herodotum
1450 341 1556 378 reges
1583 328 1777 367 Medorum

270 413 350 447 cum
365 398 547 436 Ctesianis
568 408 777 445 comparare
803 400 840 433 et
859 400 1051 445 utrumque
1079 395 1290 444 scriptorem
1316 395 1385 433 hoc
1411 398 1521 433 modo
1550 410 1672 435 secum
1692 411 1779 435 con-

270 468 390 505 ciliare
411 466 567 511 studuit,
601 468 641 500 ut
662 464 692 499 C
697 464 836 500 tesiana
869 477 997 512 regum
1027 463 1138 500 series
1172 462 1258 497 nihil
1285 461 1382 498 aliud
1407 476 1487 501 esse
1517 466 1683 502 videatur
1709 466 1779 502 nisi

269 534 505 572 Herodotcae
522 531 625 568 seriei
643 530 848 580 duplicatio.
892 531 998 575 Quae
1024 530 1110 567 talia
1129 542 1329 579 sanequam
1347 535 1454 579 sunt,
1484 536 1525 567 ut
1545 536 1582 569 et
1598 532 1780 570 affirmare

269 606 308 640 et
325 602 491 639 diffidere
510 599 557 636 sit
577 597 736 635 difficile.
794 598 907 635 Haud
926 598 1064 635 meliori
1084 598 1120 634 in
1149 597 1245 635 hisce
1271 611 1437 635 successu
1456 598 1689 636 elaborarunt
1706 598 1780 646 alii,

269 683 361 720 quos
390 669 439 706 ad
466 667 617 704 Ctesiae
646 665 668 702 l.
692 664 714 702 l.
744 666 914 712 excitavi,
954 666 1013 702 vix
1044 669 1167 702 tamen
1199 666 1399 715 quidquam
1427 667 1677 716 proferentes,
1707 678 1780 715 quo

267 737 481 789 perturbata
502 738 706 784 temporum
727 735 820 771 ratio
840 734 926 770 satis
947 734 1154 771 illustretur.
1214 733 1362 783 Quippe
1383 733 1665 784 discrepantiam
1682 733 1779 770 illam

264 806 364 842 inter
388 803 622 840 Herodoteos
655 806 765 851 atque
801 802 992 838 Ctesianos
1025 814 1194 839 numeros
1224 814 1267 837 eo
1306 801 1441 837 referre
1476 801 1637 850 malunt,
1680 802 1779 851 quod

268 873 358 910 alter
378 873 465 908 istos
487 882 602 907 annos
631 870 811 916 omiserit,
841 881 907 918 per
928 882 1019 917 quos
1046 868 1168 916 Medi,
1197 869 1242 905 ab
1268 867 1425 916 Assyriis
1444 882 1525 906 cum
1551 870 1780 916 defecissent,

267 941 425 978 iudicum
459 951 486 975 s.
518 937 722 988 principum
761 936 988 985 quorundam
1032 936 1236 973 auctoritati
1264 950 1321 973 res
1357 950 1440 973 suas
1475 937 1780 974 administrandas

266 1007 514 1060 permiserint,
545 1006 662 1042 donec
688 1003 860 1042 Deiocem
883 1016 1007 1052 regem
1031 1003 1216 1052 elegerint.
1274 1004 1354 1041 Nec
1384 1005 1500 1053 magis
1531 1008 1630 1042 certa
1653 1004 1781 1041 viden-

266 1084 344 1124 tur,
391 1087 484 1124 quae
511 1074 732 1110 Hammerus
765 1072 890 1108 statuit
917 1071 954 1107 in
985 1071 1115 1107 annall.
1144 1071 1357 1109 Viennenss.
1390 1072 1441 1108 lx
1470 1085 1554 1121 pag.
1578 1073 1629 1112 13
1647 1074 1780 1112 ——16.

266 1145 365 1183 Nam
383 1143 556 1180 Deiocem
581 1139 768 1176 contendit
787 1153 866 1177 esse
889 1138 1137 1175 Dschemsclu'cl
1162 1144 1197 1176 et
1226 1139 1441 1177 Phraortem
1464 1138 1617 1176 Fera’dun
1630 1139 1688 1187 *),·
1719 1139 1782 1188 qui

266 1211 394 1260 reliqui
429 1211 753 1247 commemorentur
790 1221 851 1245 sex
886 1220 994 1255 reges
1031 1211 1107 1243 tum
1136 1209 1235 1256 apud
1265 1208 1427 1245 Ctesiam
1456 1212 1532 1245 tum
1561 1208 1596 1244 in
1623 1207 1782 1244 carmine

266 1280 456 1317 Persarum
472 1306 482 1324 ,
514 1276 570 1312 cui
589 1289 721 1313 nomen
744 1275 1016 1322 Schahnameh,
1048 1276 1250 1325 interpositi
1272 1289 1387 1324 usque
1406 1277 1452 1313 ad
1472 1276 1687 1325 Cyaxarem‚
1718 1288 1781 1313 eos

266 1348 311 1385 ab
327 1346 519 1384 Herodoto
550 1342 735 1391 neglectos
760 1356 840 1380 esse
862 1343 947 1380 vult.
1004 1342 1206 1380 Niebuhrio
1237 1344 1296 1391 (v.
1318 1344 1564 1381 Denkschrist.
1585 1344 1621 1380 d.
1647 1342 1780 1381 Berlin.

265 1413 378 1451 Acad.
400 1414 435 1449 d.
458 1411 679 1449 Wissensch.
709 1413 1003 1451 1820—1821
1026 1424 1061 1461 p.
1084 1410 1148 1451 49.
1168 1412 1241 1458 50)
1272 1411 1339 1447 hae
1365 1410 1598 1448 difficultates
1628 1411 1679 1447 sic
1705 1410 1781 1447 tolli

266 1495 377 1532 posse
398 1481 588 1527 videntur,
617 1482 657 1515 ut
685 1479 721 1514 in
739 1479 919 1515 Herodoti
937 1478 1039 1525 loco,
1071 1483 1240 1528 corrupto
1261 1479 1413 1526 scilicet,
1443 1479 1604 1527 legatur:
1637 1475 1781 1527 ἕρξαν-

267 1564 328 1595 τες
357 1550 501 1598 τῆς-
526 1544 610 1584 ἄνω
639 1541 772 1595 Ἀσίης
802 1541 868 1584 ἐπ’
899 1544 982 1584 ἔτεα
1011 1542 1336 1596 πεντήκοντα
1369 1544 1436 1583 καὶ
1466 1542 1629 1593 ἑκατόν,
1659 1543 1781 1597 παρὲξ

266 1613 294 1668 ἢ
325 1612 421 1656 ὅσον
451 1614 490 1655 οὶ
530 1609 693 1652 Σκύθαι
733 1607 881 1663 ἦρχον,
922 1608 1134 1663 τριήκοντα
1174 1614 1284 1651 δυῶν
1329 1612 1478 1651 δέοντα.
1546 1613 1625 1650 Nec
1658 1619 1779 1652 tamen

267 1685 357 1722 haec
378 1683 494 1721 textui
509 1682 683 1718 continuo
716 1681 904 1717 inferenda
927 1693 1007 1716 esse
1031 1685 1154 1717 censet
1173 1682 1225 1716 vir
1252 1682 1492 1717 doctissimus.
1552 1681 1594 1717 In
1622 1681 1782 1719 clausula

267 1752 426 1800 denique
455 1749 771 1786 commemoranda
798 1753 852 1784 est
884 1747 1054 1795 scriptio,
1085 1760 1179 1795 quae
1201 1747 1376 1784 ll'etzlar.
1402 1749 1507 1788 1828
1533 1749 1690 1797 prodiit,
1718 1762 1783 1786 au-

267 1823 366 1857 ctore
388 1817 503 1854 Graff.
563 1816 634 1860 Qui
656 1828 734 1852 cum
757 1815 793 1850 in
824 1813 1094 1861 chronologiam
1128 1814 1231 1851 valde
1253 1815 1434 1851 turbatam
1466 1815 1568 1863 regni
1587 1814 1782 1865 Assyriaei,

266 1886 498 1936 Babylonici,
531 1884 665 1921 Medici
693 1882 866 1931 inquirit,
897 1887 1062 1918 nostrum
1082 1895 1228 1931 quoque
1250 1882 1366 1919 locum
1387 1883 1509 1932 attigit
1534 1896 1570 1933 p.
1593 1885 1639 1930 9,
1673 1897 1781 1933 quem

268 1967 380 2006 prava
397 1952 693 2001 interpretatione
716 1951 762 1987 ad
783 1964 884 1987 suam
904 1951 1118 1987 sententiam
1136 1950 1186 1986 ita
1208 1951 1428 1999 detorquere
1449 1951 1593 1997 studet,
1611 1955 1653 1988 ut
1672 1953 1782 1989 verba

268 2018 392 2073 παρὲξ
419 2016 447 2070 ἢ
477 2016 572 2058 ὅσον
603 2019 645 2059 οἱ
661 2015 825 2057 Σκύθαι
853 2012 977 2069 ἦρχον
1002 2030 1194 2067 perperam
1218 2017 1326 2070 vulg-o
1356 2019 1406 2055 sic
1432 2019 1543 2069 accipi
1565 2021 1779 2058 contendat:

270 2088 428 2137 „demtis
456 2089 503 2124 iis
533 2091 655 2135 (mnis,
685 2087 809 2137 quibus
831 2099 933 2136 penes
962 2085 1119 2135 Scythas
1145 2085 1270 2135 fuerat
1297 2088 1523 2135 imperiumst
1553 2100 1631 2124 cum
1659 2089 1780 2138 potius

270 2156 481 2207 explicanda
513 2154 604 2192 sint:
645 2167 964 2204 „ausgenommen
993 2155 1052 2191 die
1082 2154 1168 2191 Zeit
1190 2155 1279 2191 oder
1305 2167 1540 2202 zusammen,
1570 2155 1606 2191 in
1627 2155 1780 2193 Verbin-

271 2226 372 2273 dung
394 2224 458 2261 mit
477 2224 542 2260 der
558 2223 661 2271 Zeit,
682 2237 737 2260 wo
759 2223 816 2260 die
832 2222 993 2270 Scythen
1014 2222 1246 2269 herrschten,
1277 2236 1316 2259 so
1337 2223 1420 2259 dass
1438 2224 1540 2260 diese
1566 2223 1650 2261 Zeit
1666 2224 1779 2262 sehon

272 2293 338 2329 mit
356 2293 392 2328 in
410 2292 482 2328 den
503 2293 581 2332 128
601 2291 736 2327 Jahren
752 2289 991 2338 einbegriffen
1012 2289 1097 2325 ist.“

383 2359 503 2397 Retuli
522 2372 758 2408 quaecunque
778 2370 799 2394 a
818 2357 901 2394 viris
926 2357 1041 2393 doctis
1059 2358 1203 2406 prolata
1224 2358 1360 2403 inveni3
1393 2358 1524 2407 quibus
1551 2370 1633 2395 cum
1655 2362 1779 2397 tantae

272 2428 444 2465 tenebrae
465 2426 522 2462 vix
540 2426 804 2472 dissolvantur,
841 2424 938 2461 nolui
961 2425 1038 2475 ipse
1056 2438 1172 2464 novae
1191 2426 1419 2463 coniecturae
1442 2426 1639 2476 periculum
1660 2427 1780 2465 facere

273 2495 320 2531 ad
350 2507 391 2531 ea
417 2493 668 2542 concilianda,
698 2505 794 2542 quae
824 2493 881 2530 vix
908 2504 1066 2542 unquam
1092 2506 1213 2531 secum
1237 2493 1416 2531 conciliari
1443 2498 1505 2532 aut
1533 2494 1582 2531 ad
1603 2494 1778 2545 liquidum

273 2563 422 2613 perduci
449 2575 559 2612 posse
577 2562 789 2600 existimem.

322 2711 353 2754 ⁹)
384 2711 514 2743 Eadem
538 2709 712 2742 contendit
731 2708 772 2743 A.
794 2710 900 2751 Hi'ulty
919 2710 952 2742 in
975 2710 1177 2753 scriptione:
1209 2709 1474 2754 „Dsjemscliid,
1510 2710 1657 2745 Feridun
1671 2735 1681 2752 ‚
1699 2711 1775 2745 Gu-

387 2771 502 2809 stasp,
523 2766 745 2799 Zoroaster.⁴‘
777 2766 989 2809 (Hannover.
1012 2767 1115 2808 1829)
1137 2777 1213 2809 pag.
1233 2767 1278 2801 53
1297 2778 1393 2810 seqq.
1423 2769 1468 2801 60
1485 2777 1578 2810 seqq.
