1909 3228
581 197 1099 238 EUTERPE.11.

1377 199 1458 238 741

197 305 336 352 αὐτοῦ
374 307 421 352 ἐν
460 307 700 366 Διομήδεος
739 306 961 364 ἀριστείῃ,
1018 306 1128 362 λέγει
1168 305 1213 349 δὲ
1251 305 1304 349 τὰ
1355 306 1459 350 ἔπεα

196 385 313 430 οὕτω
329 401 338 411 ·

268 463 375 500 ’Ἔνθ’
397 465 482 501 ἔσαν
505 466 540 501 οἳ
557 466 689 501 πέπλοι
710 466 970 509 παμποίκιλοι,
998 462 1085 509 ἔργα
1103 462 1288 508 γυναικῶν

276 524 484 566 Σιδονίων,
517 522 584 562 τὰς
613 520 727 562 αὐτὸς
758 521 986 566 Ἀλέξανδρος
1012 520 1186 565 θεοειδὴς

274 577 386 624 ἤγαγε
415 581 661 624 Σιδονίηθεν,
705 578 865 619 ἐπιπλὼς
895 577 1007 623 εὐρέα
1032 577 1185 621 πόντον,

274 637 344 682 τὴν
373 635 466 672 ὁδὸν
498 634 542 681 ἣν
567 634 712 681 Ἑλένην
739 648 806 680 περ
830 634 1010 681 ἐνήγαγεν
1031 634 1282 680 εὐπατέρειαν.
1469 634 1516 670 40

137 822 320 868 Pherecli3
350 822 415 859 sed
438 820 506 856 hoc
534 819 619 855 nihil
649 820 696 855 ad
714 818 789 856 He-

136 879 293 916 rodotum
322 878 431 922 facit,
460 875 650 913 Homerum
682 877 789 913 etiam

137 935 222 972 alibi
241 936 605 979 commemorantem,
623 932 789 982 nuspiam

136 995 259 1028 tamen
275 989 549 1040 appellationeS,
570 989 699 1037 quibus
709 988 790 1025 Ho-

135 1047 226 1085 meri
251 1046 416 1084 carminis
446 1046 608 1082 diversas
637 1045 790 1093 insigni-

134 1117 219 1142 vere
237 1108 358 1153 partes
378 1101 613 1151 grammatici.
647 1100 788 1137 Primus

138 1161 233 1197 sorte
278 1159 382 1196 Plato
421 1158 583 1195 meminit
613 1157 789 1203 Νεκυίας

136 1216 328 1264 Odysseae
354 1216 391 1251 in
411 1214 537 1250 Minoe
556 1215 698 1264 p.319,
712 1213 787 1250 D.“

133 1272 205 1309 Vix
221 1276 343 1309 tamen
359 1283 484 1308 omnes
504 1271 705 1307 istiusmodi
722 1282 789 1320 ap-

132 1328 347 1379 pellationes
368 1340 389 1363 a
410 1326 650 1375 grammaticis
673 1326 784 1363 serio-

132 1384 180 1421 ris
212 1385 339 1421 aetatis
370 1384 533 1419 inductas
575 1382 784 1429 credideris,

130 1441 162 1477 si
182 1439 363 1484 Platonis,
392 1437 619 1484 Aristotelis,
634 1438 785 1474 aliorum

131 1496 360 1542 testimonia,
381 1507 476 1544 quae
498 1494 703 1531 Nitzschius
724 1493 746 1530 l.
760 1493 782 1530 l.

131 1552 307 1600 collegit,
346 1551 560 1601 respexeris.
629 1550 785 1587 Gravius

130 1610 287 1646 fortasse
320 1607 407 1644 illud
440 1608 525 1653 erit,
564 1607 664 1655 quod
695 1606 786 1642 Dio-

131 1664 239 1701 medis
266 1664 403 1701 Aristz'a
424 1663 620 1700 vocabatur
642 1665 785 1712 quintus

131 1721 253 1758 Iliadis
276 1720 377 1767 liber,
398 1734 499 1766 cum,
521 1720 582 1768 qui
601 1720 786 1769 apudHe-

132 1777 303 1814 rodotuin
344 1777 498 1813 citantur
542 1788 664 1812 versus
682 1804 692 1822 ,
738 1775 785 1811 ad

134 1836 269 1870 sextum
299 1833 517 1882 pertineant.
592 1832 670 1868 Sed
698 1831 786 1879 quid

133 1889 309 1938 impedit,
350 1901 423 1936 quo
454 1887 570 1924 minus
597 1887 786 1924 Diomedis

133 1944 304 1981 Aristiam
335 1944 427 1980 ultra
462 1944 628 1992 quintum
656 1944 787 1979 librum

134 2001 218 2037 olim
248 2000 465 2050 pertinuisse
500 2004 711 2048 sextumque
744 1999 788 2035 li-

133 2057 236 2093 brum
249 2057 358 2093 etiam
378 2055 695 2105 comprehendisse
714 2060 787 2091 sta-

131 2116 273 2149 tuamus
286 2141 296 2159 ,
317 2112 528 2162 praesertim
552 2125 629 2148 cum
650 2111 709 2147 illa
727 2124 786 2149 ae-

133 2173 208 2206 tate
238 2169 329 2205 fines
365 2167 584 2216 singulorum
612 2168 783 2204 librorum

132 2225 278 2261 vixdum
319 2225 370 2261 ita
409 2229 572 2261 accurate
616 2224 783 2260 constitui

132 2281 343 2327 videantur,
373 2281 675 2329 quemadmodum
693 2284 780 2329 post

132 2338 267 2373 factum
289 2349 370 2373 esse
390 2336 578 2373 verisimile
598 2337 647 2373 fit.
673 2336 782 2372 Conf.

133 2393 266 2441 Heyne
287 2393 447 2429 observv.
480 2394 525 2429 ad
546 2393 696 2428 Homeri
717 2392 740 2428 l.
760 2391 783 2427 l.

136 2453 172 2486 et
194 2447 302 2483 Wolf.
325 2448 489 2499 prolegg.
516 2449 563 2484 ad
585 2449 784 2485 Homerum

134 2517 170 2554 p.
196 2503 332 2551 CVIII,
365 2509 556 2553 utrumque
575 2517 596 2540 a
619 2504 784 2552 Schwgh.

135 2559 290 2595 allatum.
359 2560 452 2597 Sunt
488 2561 645 2608 denique
664 2588 675 2606 ,
723 2559 785 2608 qui

134 2615 323 2653 Diomedis
389 2629 531 2666 pugnas
605 2615 785 2665 peculiare

135 2671 321 2720 quoddam
359 2684 502 2708 carmen
540 2672 649 2708 fuisse
690 2671 786 2707 arbi-

134 2731 305 2774 trentur,
343 2727 380 2763 in
425 2727 545 2763 Iliadis
582 2731 787 2764 contextum

134 2787 264 2833 postea
291 2783 437 2820 demum
461 2787 654 2833 receptum.
711 2783 787 2819 Sed

136 2843 393 2891 praeterquam
417 2840 518 2890 quod
544 2839 650 2877 certis
679 2851 788 2888 argu-

859 820 990 857 mentis
1024 820 1196 857 destituta
1230 822 1285 856 est
1309 818 1398 856 haec
1429 831 1513 855 sen-

859 878 972 914 tentia
1003 880 1039 913 et
1066 876 1208 913 disertis
1235 875 1416 912 Herodoti
1433 888 1513 912 ver-

859 933 912 969 bis
963 937 1143 982 repugnat
1167 961 1178 980 ,
1220 933 1514 968 commonstravit

857 988 997 1037 Anglus
1020 989 1167 1034 doctus,
1208 987 1297 1024 haec
1318 988 1364 1024 ad
1386 988 1511 1024 carmi-

858 1046 914 1081 nis
948 1050 1111 1082 tenorem
1139 1049 1176 1082 et
1207 1056 1337 1080 nexum
1368 1043 1418 1080 ita
1447 1057 1512 1081 ne-

858 1102 1013 1138 cessaria
1033 1114 1138 1148 esse,
1168 1106 1229 1145 ut,
1261 1099 1328 1136 illis
1348 1100 1511 1146 abiectis,

856 1157 996 1206 reliqua
1024 1159 1141 1195 sorent
1182 1168 1310 1193 manca
1348 1168 1415 1192 nec
1444 1156 1511 1192 sibi

858 1214 949 1251 bene
969 1213 1208 1251 cohaerentia.
1250 1212 1309 1249 Tu
1327 1212 1398 1248 vid.
1415 1211 1512 1260 Pay-

855 1283 903 1306 ne
915 1292 931 1296 -
942 1270 1095 1318 Knight.
1109 1269 1275 1320 prolegg.
1295 1268 1342 1304 ad
1358 1268 1509 1305 Homer.

856 1324 891 1377 §.
915 1326 1035 1363 XXIV
1063 1339 1100 1376 p.
1123 1325 1176 1367 24
1199 1326 1256 1362 ed.
1274 1324 1396 1361 Ruhk.

909 1434 1010 1488 λέγει
1031 1433 1073 1474 δὲ
1092 1432 1139 1474 τοὶ
1167 1435 1260 1475 ἔπεα
1283 1431 1404 1485 οὕτω]
1437 1435 1509 1479 Qui

852 1497 1054 1542 sequuntur
1093 1505 1218 1529 versus
1240 1521 1253 1538 ,
1303 1495 1446 1529 exstant
1473 1492 1510 1527 in

852 1549 953 1586 Iliad.
975 1549 1047 1595 VI,
1068 1550 1148 1590 289
1181 1561 1271 1597 seqq
1306 1552 1342 1585 et
1367 1560 1388 1584 a
1408 1548 1510 1584 Stra-

853 1606 950 1643 bone
993 1605 1147 1642 citantur
1185 1605 1201 1641 Ι
1234 1617 1319 1655 pag.
1350 1607 1423 1649 69,
1462 1603 1507 1649 E,

853 1662 914 1712 qui
936 1662 1042 1699 etiam
1070 1660 1178 1709 (XVI
1197 1673 1281 1711 pag.
1306 1663 1425 1705 1097,
1447 1659 1508 1707 C)

852 1723 1007 1764 monet,
1044 1719 1174 1767 poetas
1204 1717 1369 1754 Sidonem
1393 1716 1508 1763 magis

853 1787 962 1824 quam
989 1772 1120 1823 Tyrum
1143 1775 1396 1822 frequentare,
1426 1772 1506 1807 Ho-

853 1843 989 1867 merum
1015 1842 1100 1865 vero
1128 1842 1173 1867 ne
1200 1840 1400 1866 memorare
1427 1828 1507 1876 qui-

854 1887 937 1923 dem
969 1885 1120 1934 Tyrum.
1178 1885 1255 1921 Sed
1283 1884 1506 1932 temporibus

854 1942 1024 1979 Troianis
1061 1941 1219 1977 nondum
1263 1940 1384 1988 Tyrus
1433 1943 1508 1976 tam

854 1998 947 2035 clara
967 1998 1078 2034 fuisse
1092 1997 1253 2042 videtur,
1274 2009 1382 2045 quarn
1405 2000 1509 2045 post-

854 2053 921 2090 hac
940 2058 995 2091 est
1017 2054 1124 2090 facta.
1182 2053 1265 2089 vid.
1286 2053 1418 2100 Heyne
1441 2052 1508 2088 ob-

854 2123 967 2147 servv.
998 2109 1045 2146 ad
1074 2109 1176 2146 Iliad.
1203 2108 1225 2145 l.
1259 2108 1281 2145 l.
1316 2120 1402 2159 pag.
1425 2107 1506 2149 254

852 2171 938 2203 tom.
957 2166 1002 2202 V.

918 2273 1147 2323 ἐπιπλώς
1186 2271 1302 2327 εὐρέα
1337 2270 1503 2326 πόντον]

850 2335 910 2373 De
960 2333 1138 2384 participii
1176 2334 1291 2369 forma
1332 2327 1505 2377 ἕπιπλώς

850 2391 923 2427 vid.
957 2391 1166 2426 Buttmann.
1199 2401 1348 2437 gramm.
1378 2388 1503 2425 maior.

851 2448 884 2484 Il
914 2459 998 2496 pag.
1018 2449 1043 2486 7
1071 2449 1145 2482 not.
1174 2458 1210 2495 p.
1228 2448 1319 2486 220.
1341 2466 1395 2471 —
1414 2443 1504 2481 Mox

854 2498 1050 2553 ἀνήγαγεν
1074 2502 1163 2537 dixit
1174 2501 1220 2537 ob
1237 2500 1503 2549 navigationem

854 2573 874 2597 e
903 2558 1056 2595 Graecia
1088 2558 1124 2593 in
1159 2557 1313 2607 patriam
1341 2556 1503 2603 Troiam,

853 2615 914 2664 qui
937 2613 1070 2650 reditus
1091 2617 1156 2650 est.
1214 2612 1274 2648 Sic
1290 2618 1386 2649 certe
1403 2617 1504 2649 vete-

856 2684 913 2707 res
963 2668 1213 2718 grammatici3
1284 2680 1502 2717 quamquam

854 2726 1000 2763 omnino
1030 2726 1077 2762 de
1100 2724 1332 2773 navigatione
1353 2737 1374 2762 e
1394 2728 1503 2775 portu

854 2783 892 2819 in
923 2782 1033 2818 altum
1073 2776 1236 2831 οἷνοῖγειν
1267 2780 1337 2817 dici
1377 2783 1502 2818 monet

853 2837 1019 2888 Heynius
1043 2837 1066 2874 l.
1088 2837 1111 2875 l.
1135 2849 1219 2889 pag.
1239 2836 1332 2879 255.
