1909 3228
561 226 1081 268 EUTERPE.11.

1355 228 1441 269 637

179 336 224 380 δὲ
253 335 447 392 μυγαλᾶς
476 337 550 381 καὶ
578 335 683 389 τούς
718 339 871 393 ἴρηκας
903 334 1125 393 ἀπάγουσι
1163 337 1205 388 ἐς
1235 339 1496 380 ΒουτοῦνΞο

148 415 328 458 4πόλιυ·
360 415 437 468 τὰς
465 418 510 461 δὲ
540 419 625 474 ἴβις
653 417 696 469 ἐς
719 417 883 474 Ἑρμέω
905 418 1046 461 πόλιν.
1077 417 1152 469 τὰς
1174 416 1219 460 δὲ
1236 414 1438 472 ἄρκτους,

121 623 296 674 ἰχνευταὶ
318 620 566 675 θάπτονται]
599 623 770 675 ἰχνευταὶ

122 686 205 718 sunt
226 682 479 729 ichneumones,
511 683 561 718 uti
583 682 771 732 appellan-

120 742 178 775 tur
212 739 310 787 apud
334 738 484 775 Diodor.
508 738 616 775 Sicul.
647 739 684 786 I,
705 742 770 779 83.

118 794 214 831 Add.
236 795 410 832 Nicandr.
432 795 544 833 Ther.
563 796 607 842 V,
630 796 707 836 195
731 800 770 833 et

118 851 276 900 Hesych.
305 865 331 887 s.
351 864 382 887 v.
441 851 499 888 De
530 852 608 901 ipsa
639 852 768 900 bestia,

119 920 212 956 quae
242 907 428 944 crocodilis
462 908 595 944 infesta
629 909 769 957 dicitur,

115 965 218 1015 plura
239 970 387 1001 narrant
405 964 589 1001 Diodorus
609 965 718 1003 Sicul.
738 966 767 1012 I,

116 1023 183 1061 87.
213 1021 353 1059 Aelian.
376 1022 424 1058 H.
455 1022 523 1057 An.
554 1021 622 1066 VI,
648 1023 702 1062 38
732 1027 768 1060 et

115 1077 194 1124 ΙΙΙ,
219 1080 284 1118 22.
327 1078 418 1114 Plin.
439 1078 486 1114 H.
504 1077 552 1114 N.
581 1078 684 1129 wll,
699 1078 765 1119 34.

115 1134 343 1182 „Pharaonis
364 1148 442 1171 mus
466 1147 611 1183 quoque
633 1135 764 1182 dictus,

115 1204 223 1240 quem
243 1192 389 1228 viverris
416 1204 607 1227 accensere
635 1190 763 1238 solent,

113 1252 208 1285 teste
228 1248 352 1285 Leske
377 1249 414 1284 in
438 1247 765 1295 Naturgeschichte

111 1317 198 1355 pag.
221 1307 311 1345 176.
351 1305 459 1341 Conf.
489 1304 691 1353 interprett.
716 1304 765 1341 ad

111 1360 290 1398 Ammian.
340 1359 500 1397 Marcell.
538 1360 671 1407 XXII,
713 1359 764 1401 15

112 1416 268 1468 §.19.“
309 1417 371 1454 Cr.
430 1417 488 1453 De
519 1415 639 1453 Batus
675 1417 764 1453 urbe

111 1475 206 1510 conf.
240 1473 289 1510 ad
315 1473 370 1520 ΙΙ,
400 1473 490 1513 155.
522 1494 579 1500 -—-
608 1473 765 1524 μυγαλῆ

110 1530 186 1567 sive
205 1543 278 1566 mus
301 1542 450 1566 araneus
468 1529 515 1564 ad
531 1531 679 1566 soricum
698 1542 764 1578 ge-

110 1600 179 1624 nus
203 1588 377 1633 refertur,
406 1586 684 1635 rarissimaeque
707 1586 762 1622 di-

111 1648 241 1681 cuntur
274 1643 377 1679 huius
406 1642 567 1679 animalis
594 1642 761 1680 mumiae.

109 1699 192 1737 Vid.
214 1700 428 1737 Reinhardt.
459 1699 480 1735 l.
500 1699 521 1736 l.
553 1713 589 1749 p.
614 1701 665 1739 18
685 1713 761 1749 seq.

165 1753 235 1802 τᾶς
257 1754 298 1794 δὲ
319 1754 449 1804 ἰ’βιςὲς
464 1753 614 1805 Ἑρμέω
627 1752 760 1806 πόλιν]

108 1812 200 1849 Post
237 1812 401 1849 voculam
446 1811 524 1861 ἴβις
554 1812 761 1861 Schweigh.

109 1870 260 1905 inseruit
278 1882 385 1905 voces
401 1865 543 1913 ἐούσας
555 1865 654 1918 ἱράς,
667 1882 762 1917 quae

110 1930 233 1962 tamen
259 1938 279 1961 a
307 1924 466 1961 melioris
499 1929 606 1961 notae
628 1925 762 1961 codici-

109 1982 176 2018 bus
197 1982 329 2018 absunt
352 1985 388 2018 et
414 1981 559 2018 omnino
579 1980 761 2029 glossato-

107 2051 184 2074 rem
221 2039 375 2087 sapiunt.
444 2038 649 2074 Occurrunt
673 2050 760 2074 vero

108 2095 201 2131 duae
221 2095 329 2131 urbes
355 2093 597 2142 Hermopoleos
613 2095 759 2131 nomine

107 2151 325 2199 insignitae,
357 2151 471 2188 altera
497 2163 614 2200 parva
636 2152 672 2186 in
700 2164 758 2188 re-

107 2207 215 2256 gione
252 2206 411 2257 Aegypti
447 2207 625 2244 inferioris
662 2208 758 2244 occi-

106 2263 260 2311 dentali,
291 2277 386 2312 quae
405 2268 505 2300 extra
523 2262 667 2300 Deltam
688 2268 757 2311 est,

104 2332 201 2356 nunc
227 2349 237 2366 ,
284 2321 337 2356 uti
376 2320 532 2367 volunt,
573 2320 758 2370 appellata

106 2375 336 2420 Damanhar5
385 2377 462 2413 eius
500 2381 622 2413 tamen
658 2376 757 2413 nulla

107 2432 208 2480 apud
238 2432 468 2469 Herodotum
496 2433 655 2479 mentio,
693 2432 756 2482 qui

107 2486 330 2536 Hermopulz‘n
361 2490 460 2525 novit
488 2501 675 2537 magnam,
706 2490 756 2525 si-

105 2546 181 2579 tam
222 2543 259 2579 in
295 2557 338 2581 ea
368 2546 563 2595 superioris
596 2544 755 2595 Aegypti

103 2598 273 2646 regione,
313 2601 369 2636 cui
397 2614 530 2638 nomen
562 2600 755 2651 Heptane-

105 2655 173 2691 mis
194 2684 205 2701 ,
245 2668 414 2705 quaeque
453 2657 498 2693 ab
538 2657 615 2694 aliis
645 2658 751 2695 etiam

105 2710 288 2748 Thebaidi
322 2713 588 2750 adnumeratur.
656 2714 751 2752 Vide

103 2766 376 2806 Schlichthorst.
402 2769 424 2805 l.
445 2769 466 2805 l.
493 2781 577 2819 pag.
599 2771 664 2810 97.
683 2772 748 2811 98.

102 2821 285 2862 Mannert.
310 2824 333 2861 l.
360 2825 381 2862 l.
414 2825 471 2873 X,
507 2827 529 2866 1
559 2837 645 2875 pag.
666 2827 750 2867 397

102 2891 181 2930 seq.
243 2879 354 2920 Nunc
376 2881 444 2919 illis
480 2881 518 2918 in
542 2882 751 2932 regionibus

838 626 1022 663 invenitur
1049 626 1146 662 vicus
1167 625 1313 662 nomine
1340 624 1493 662 Achmu-

837 696 947 732 steyn,
986 683 1173 731 multaque
1209 695 1230 719 a
1262 681 1376 719 Gallis
1407 685 1492 719 sunt

837 740 984 777 inventa
994 740 1127 777 rudera
1137 739 1409 787 magnificorum
1427 752 1490 777 ae-

837 797 1058 843 dificiorum,
1105 795 1321 845 templorum
1342 825 1353 843 ,
1392 795 1492 833 colu-

836 866 1000 891 mnarum
1017 882 1027 899 ‚
1086 853 1195 902 longe
1234 851 1378 901 lateque
1424 865 1491 903 per

836 923 983 960 campos
1001 910 1176 959 dispersa.
1237 910 1342 952 Quae
1367 913 1490 946 tamen

836 979 909 1002 non
935 966 1056 1003 onmia
1085 967 1132 1003 ad
1160 965 1418 1016 Hermopolin,
1450 970 1491 1002 ut

836 1023 932 1059 Galli
959 1024 1007 1059 illi
1028 1023 1274 1068 contendunt,
1304 1023 1489 1072 pertinere

834 1093 946 1130 posse
977 1084 1083 1130 putat
1115 1079 1331 1116 Mannertus
1358 1079 1437 1116 loco
1463 1079 1486 1117 l.

833 1150 870 1186 p.
894 1138 988 1177 399,
1046 1135 1127 1173 Nec
1164 1136 1270 1174 valde
1306 1140 1488 1174 remotum

833 1193 878 1229 ab
898 1192 1114 1242 Herinopoli
1138 1192 1331 1230 collocatur
1346 1192 1487 1237 Ibeum5

834 1250 895 1298 qui
916 1248 1016 1286 locus
1037 1250 1159 1286 forsan
1185 1250 1232 1286 ad
1262 1262 1342 1286 eam
1370 1250 1487 1300 ipsam

832 1306 957 1342 urbem
984 1305 1039 1342 vel
1067 1311 1163 1343 certe
1190 1306 1237 1342 ad
1273 1306 1350 1343 eius
1378 1307 1487 1343 ditio-

832 1375 916 1399 nem
934 1364 1135 1412 proximam
1164 1363 1374 1411 pertinens,
1405 1376 1486 1400 cum

831 1418 942 1454 ibium
969 1419 1121 1454 muinias
1151 1419 1326 1467 reciperet
1350 1448 1360 1466 ,
1399 1419 1486 1457 inde

831 1487 979 1523 quoque
998 1487 1131 1511 nomen
1152 1475 1307 1512 traxisse
1331 1475 1484 1512 videtur.

832 1530 914 1567 Vid.
936 1531 1137 1580 Champoll.
1160 1531 1181 1567 l.
1202 1531 1224 1567 l.
1254 1531 1270 1567 I
1289 1544 1375 1581 pag.
1390 1531 1483 1573 295.

832 1589 915 1628 296
928 1616 938 1634 ,
970 1589 1033 1636 qui
1055 1587 1139 1625 ideo
1159 1588 1391 1625 Herodotum
1409 1601 1484 1625 non

830 1657 979 1695 prorsus
999 1649 1169 1682 accurate
1195 1644 1253 1681 hic
1282 1644 1381 1694 loqui
1406 1658 1484 1682 mo-

830 1705 914 1747 net,
944 1714 1023 1738 cum
1042 1701 1119 1738 ibes
1136 1701 1349 1751 Hermopoli
1374 1715 1484 1752 repo-

831 1758 917 1794 sitas
949 1771 1031 1795 esse
1061 1758 1203 1795 scribat,
1261 1758 1359 1795 Nam
1378 1759 1483 1797 intel-

832 1814 997 1861 ligendas
1019 1827 1099 1851 esse
1123 1827 1183 1851 eas
1215 1818 1356 1852 tantum
1389 1816 1480 1863 ibes,

831 1871 978 1918 quaein
997 1871 1140 1919 templis
1160 1871 1294 1907 fuerint
1326 1872 1480 1909 nutritae

831 1926 1026 1974 (religione
1043 1926 1186 1976 publica
1207 1927 1336 1976 opinor
1351 1941 1480 1965 conse-

830 1988 947 2019 cratas
970 1983 1142 2030 dixeris),
1173 1996 1253 2019 cum
1280 1983 1316 2020 in
1341 1985 1477 2034 cryptis

828 2038 1071 2088 Memphiticis
1107 2039 1267 2075 infinitus
1306 2053 1477 2078 numerus

826 2096 936 2132 ibium
958 2096 1188 2132 conditarum
1209 2101 1374 2145 repertus
1399 2098 1478 2135 fue-

825 2152 881 2188 rit.
930 2152 1164 2189 Domesticae
1182 2152 1291 2201 igitur
1310 2153 1378 2191 hae
1396 2155 1476 2192 sue-

826 2209 898 2244 rint
918 2209 1018 2255 ibes,
1054 2208 1136 2246 illae
1158 2209 1323 2259 publicae
1353 2214 1389 2247 et
1416 2224 1477 2247 sa-

825 2277 926 2310 crae3
956 2270 996 2302 ut
1021 2267 1115 2302 enim
1146 2266 1294 2314 quaevis
1315 2267 1476 2316 privato-

824 2334 903 2358 rum
925 2323 1052 2358 domus
1080 2335 1147 2372 per
1170 2322 1372 2360 universam
1399 2324 1474 2362 Ae-

824 2382 975 2428 gyptum
1000 2392 1103 2416 avem
1130 2391 1230 2415 suam
1251 2391 1388 2416 sacram
1406 2393 1475 2418 nu-

823 2435 911 2471 trire
942 2435 1104 2482 solebat,
1135 2435 1184 2471 ita
1210 2435 1278 2471 ibis
1311 2436 1348 2472 in
1378 2440 1474 2474 tem-

822 2491 892 2541 plis
912 2492 1046 2528 nutrita
1061 2496 1096 2528 et
1112 2491 1215 2540 quasi
1227 2492 1374 2528 deorum
1385 2506 1467 2531 con-

822 2548 1002 2584 suetudini
1021 2548 1168 2584 admota
1187 2552 1260 2594 est,
1278 2549 1376 2597 quod
1393 2563 1473 2586 mo-

820 2607 883 2640 net
895 2604 1065 2641 Creuzer.
1086 2608 1291 2642 commentt.
1303 2605 1470 2644 Herodd.

818 2673 904 2710 pag.
934 2659 1025 2700 164,
1089 2660 1187 2698 Hinc
1219 2662 1318 2698 vario
1357 2663 1468 2700 modo

818 2716 886 2752 hae
921 2729 1005 2753 aves
1035 2717 1263 2768 reperiuntur
1287 2719 1468 2768 conditae,

817 2776 857 2808 ut
877 2772 973 2808 idem
990 2778 1126 2811 monet.
1185 2774 1291 2811 Conf.
1310 2774 1466 2815 Iomard.

816 2828 951 2866 recueil
971 2834 1038 2867 etc.
1064 2843 1148 2880 pag.
1170 2831 1253 2872 313
1274 2844 1350 2881 seq.
1407 2831 1467 2870 De

817 2884 897 2936 ipsa
915 2897 982 2924 ave
1001 2886 1151 2938 eiusque
1164 2887 1353 2926 sanctitate
1364 2889 1466 2940 apud
