1909 3228
444 216 527 257 240

417 326 614 381 Ξπρῶτοι
653 323 699 369 δὲ
737 324 810 368 καὶ
846 320 1034 379 κάπηλοι
1069 320 1282 379 ἐγένοντο.

833 212 1301 252 HERODOTI

1346 320 1459 364 Φασὶ
1496 320 1542 365 δὲ
1571 319 1696 364 αὐτοὶ

425 426 432 435 ··
446 404 607 456 Λυδοὶ,
637 402 710 447 καὶ
737 402 814 453 τὰς
843 403 1045 457 παιγνίας
1074 399 1149 452 τοὶς
1177 404 1261 443 νῦν
1290 400 1413 454 σφίσι
1440 415 1484 442 τε
1512 400 1584 442 καὶ
1601 400 1752 443 ΓΈλ-ὅο

417 488 545 540 3λησι
575 480 884 534 κατεστεώσας,
917 481 1090 524 ἑωυτῶν
1119 477 1330 534 ἐξεύρημα
1358 476 1569 533 γενέσθαι.
1608 477 1696 533 ἅμα

446 564 493 607 δὲ
520 561 678 612 ταύτας
706 576 750 603 τε
777 559 1054 615 ἐξευρεθῆναι
1091 557 1208 613 παρα
1244 558 1366 613 σφίσι
1395 557 1596 612 λέγουσι,
1623 557 1698 600 καὶ

449 641 694 696 Τυρσηνίην
734 636 979 683 ἀποικίσαι·
1025 633 1108 681 ὦδε
1153 636 1251 691 περὶ
1302 634 1449 679 αὐτῶν
1490 634 1696 691 λέγοντες.

387 836 515 884 rieget.
539 846 591 872 vs.
610 831 703 875 840.
758 831 840 871 Nec
863 834 1035 872 abhorret

387 904 411 929 a
434 905 473 929 re
502 892 606 941 ipsa3
643 893 821 938 quatenus
847 889 1036 938 Lydorum

389 951 535 996 gentem
557 950 593 984 et
612 950 833 983 mercaturae
858 950 895 983 et
921 947 1038 983 omni-

387 1005 456 1042 bus
477 1004 542 1050 iis,
573 1015 666 1052 quae
696 1003 744 1039 ad
773 1003 885 1039 vitam
911 1002 1037 1040 cultio-

387 1073 465 1098 rem
504 1059 671 1108 adeoque
697 1058 896 1096 molliorem
925 1059 1038 1109 perti-

387 1120 497 1162 nent,
527 1115 633 1153 valde
652 1113 943 1152 deditam'fuisse
956 1115 1038 1165 plu-

387 1186 429 1210 ra
448 1173 615 1210 evincunt
637 1171 864 1218 testimonia,
909 1171 1039 1208 collata

387 1229 433 1266 ab
450 1228 633 1266 Heerenio
653 1228 691 1264 in
707 1227 798 1264 libro
818 1227 874 1264 cui
888 1228 1036 1265 titulus:

387 1284 500 1322 Ideen
514 1288 580 1322 ete.
599 1284 638 1331 I,
662 1286 684 1324 1
709 1297 794 1334 pag.
809 1284 900 1325 155.
940 1284 1039 1321 Hinc

388 1342 519 1388 etiam,
548 1345 588 1378 ut
603 1341 797 1390 adscripsit
816 1340 891 1387 Cr„
915 1340 1039 1377 Hero-

389 1398 517 1434 dotum
537 1397 614 1434 iure
633 1397 795 1445 sequitur
814 1396 975 1433 Boeckh.
1001 1397 1040 1432 in

391 1453 482 1490 libro
501 1453 547 1490 de
568 1453 793 1490 oeconomia
809 1451 1040 1489 Athenienss.

388 1509 406 1547 I
437 1521 523 1559 pag.
546 1512 624 1555 22,
673 1507 759 1544 illud
789 1521 935 1557 quoque
962 1521 1042 1544 mo-

389 1578 503 1612 nem,
550 1577 659 1613 quam
691 1577 804 1612 egens
831 1564 906 1600 auri
932 1565 1041 1601 fuerit

390 1621 545 1658 Graecia
565 1633 609 1658 eo
626 1624 790 1670 tempore
803 1649 813 1666 ‚
836 1633 909 1669 quo
926 1620 1042 1657 Croe-

389 1690 452 1714 sus
492 1676 565 1714 iam
600 1680 753 1714 stateres
794 1689 923 1714 aureos
957 1677 1040 1713 cudi

388 1733 515 1780 iussit,
531 1746 598 1783 per
610 1733 805 1770 Graeciam
824 1733 942 1783 ipsam
956 1733 1042 1770 (lein

389 1802 552 1840 sparsos.

443 1846 595 1896 πρῶτοι
623 1841 666 1884 δὲ
705 1841 773 1884 καὶ
814 1838 1041 1894 κάπηλοι

390 1899 594 1953 ἐγένοντο]
639 1900 700 1937 Ad
738 1901 1042 1949 significationem

390 1958 583 1995 verborum
603 1953 843 2007 καπηλεύειν
866 1961 902 1995 et
914 1953 1042 2007 κάπη-

388 2016 456 2060 λος
493 2014 647 2062 insignis
683 2013 812 2050 Nostri
845 2013 945 2050 locus
985 2017 1044 2051 est

387 2070 461 2117 III,
489 2072 566 2116 89,
605 2069 667 2106 ubi
693 2071 787 2106 conf.
819 2069 1042 2118 wesseling.

387 2125 558 2175 Namque
577 2121 751 2175 κάπηλοι
769 2127 867 2175 apud
879 2126 1042 2163 Graecos

387 2182 602 2233 plerumque
615 2182 732 2219 minus
751 2181 904 2219 honesta
913 2182 1042 2232 appel-

389 2238 526 2276 latione
545 2243 582 2276 et
598 2238 740 2289 opificio
769 2239 936 2274 dicuntur
966 2250 1041 2274 non

389 2307 573 2344 caupones
610 2298 774 2341 tantum,
815 2295 882 2331 sed
923 2294 1039 2329 omnis

389 2351 535 2399 generis
570 2350 766 2401 propolae,
803 2350 865 2398 qui
890 2351 926 2386 in
959 2351 1039 2386 soro

389 2411 426 2444 et
444 2408 604 2445 tabernis
635 2420 693 2444 res
723 2407 768 2443 ab
788 2405 866 2442 aliis
883 2405 1042 2455 plerum-

389 2475 460 2511 que
504 2463 604 2513 prius
655 2466 769 2500 emtas
806 2463 968 2500 vendunt
1004 2465 1041 2499 et

390 2523 582 2567 quaestum
607 2518 689 2556 hinc
709 2518 855 2556 faciunt.
912 2517 962 2555 Et
995 2529 1040 2554 eo

389 2575 616 2623 potissimum
653 2575 826 2612 differunt
869 2574 915 2611 ab
960 2573 1040 2611 aliis

389 2635 629 2668 mercatorum
646 2632 859 2679 generibus,
879 2644 912 2667 v.
931 2643 960 2667 c.
977 2628 1040 2680 ἔμ-

389 2681 551 2736 πόροις,
590 2689 688 2736 quod
720 2700 857 2725 merces
880 2687 1041 2724 venden-

390 2742 457 2778 das
485 2743 554 2792 ipsi
591 2744 637 2780 ab
666 2743 745 2780 aliis
779 2743 1039 2780 mercatoribus

391 2802 506 2834 emtas
527 2798 660 2836 habent
671 2828 680 2845 ‚
694 2824 697 2826 >
711 2800 895 2837 institores
918 2799 1040 2847 itaque

391 2853 533 2892 dicendi
570 2859 607 2892 et
640 2856 816 2895 cociones·
873 2854 909 2895 T
912 2868 934 2892 u
966 2854 1038 2892 vid.

1101 833 1330 885 potissimum
1350 832 1454 869 binos
1472 830 1633 868 Platonis
1655 828 1754 866 locos

1102 891 1255 927 maxime
1284 889 1446 937 insignes
1472 888 1564 925 hanc
1596 887 1633 923 in
1658 899 1755 924 rem:

1102 946 1264 995 Sophist.
1301 959 1338 995 p.
1375 946 1479 992 223,
1521 943 1569 981 D.
1626 942 1685 980 De
1716 955 1756 979 re

1102 1001 1201 1053 publ.
1229 1000 1286 1048 Π,
1314 1003 1365 1040 12
1384 1013 1475 1050 pag.
1494 1000 1599 1046 371,
1620 997 1678 1044 D,
1708 998 1756 1035 ad

1103 1071 1212 1108 quem
1230 1057 1345 1093 locum
1364 1069 1459 1093 nunc
1476 1056 1581 1092 video
1601 1053 1757 1104 plurima

1106 1118 1281 1163 congesta
1297 1126 1378 1151 esse
1407 1113 1452 1149 ab
1473 1110 1575 1148 Astio
1605 1123 1641 1160 p.
1662 1109 1759 1156 419,

1105 1170 1141 1207 in
1174 1171 1305 1219 quibus
1349 1168 1577 1220 potissimum
1619 1165 1759 1202 consuli

1106 1226 1212 1264 velim
1228 1226 1459 1264 Perizonium
1486 1224 1534 1261 ad
1553 1221 1692 1260 Aelian.
1714 1221 1759 1258 V.

1104 1283 1153 1321 H.
1182 1282 1258 1329 XI,
1290 1286 1328 1324 9.
1389 1281 1515 1329 „A‹l‹1.
1554 1279 1675 1329 Toup.
1705 1277 1759 1314 E-

1106 1340 1254 1377 mendd.
1273 1339 1311 1375 in
1329 1339 1430 1375 Suid.
1451 1337 1483 1374 ll
1515 1349 1551 1386 p.
1565 1334 1646 1376 204
1677 1333 1757 1371 coll.

1109 1396 1195 1432 Cur.
1212 1396 1347 1431 noviss.
1379 1394 1417 1431 in
1444 1392 1546 1429 Suid.
1570 1405 1608 1442 p.
1635 1390 1757 1432 295.“

1114 1451 1179 1488 Cr.

1166 1504 1267 1557 φασὶ
1288 1502 1331 1545 δὲ
1361 1501 1476 1545 αὐτοὶ
1501 1502 1660 1552 Λυδοὶ,
1690 1501 1757 1543 καὶ

1108 1560 1178 1610 τοῖς
1207 1562 1452 1614 παιγνίας
1480 1558 1549 1608 τοὶς
1568 1562 1646 1599 νῦν
1668 1559 1759 1609 σφί-

1111 1631 1149 1659 σι
1171 1634 1210 1659 τε
1231 1618 1298 1658 καὶ
1317 1615 1480 1668 Ἕλλησι
1500 1633 1537 1656 κ.
1557 1632 1588 1655 τ.
1603 1619 1650 1662 λ.]
1667 1630 1761 1654 παι-

1109 1677 1200 1729 γνία
1230 1676 1252 1712 i.
1284 1688 1315 1713 e.
1348 1674 1466 1720 lusus;
1502 1685 1607 1721 „vox
1635 1673 1762 1718 rarior,

1110 1746 1182 1782 qua
1201 1733 1285 1769 inde
1307 1745 1392 1767 usus
1415 1735 1471 1769 est
1499 1730 1547 1766 ad
1579 1727 1761 1765 Plutarchi

1108 1788 1224 1827 locum
1248 1787 1424 1825 tuendum
1446 1784 1698 1834 W'yttenbach.
1723 1784 1762 1820 in

1111 1845 1384 1882 Animadverss.
1406 1844 1454 1880 ad
1472 1840 1614 1879 Morall.
1636 1854 1674 1892 p.
1692 1841 1762 1888 30,

1109 1900 1142 1938 E
1167 1914 1253 1951 pag.
1277 1901 1397 1942 265.“
1439 1898 1503 1936 Cr.

1165 1956 1234 1995 καὶ
1285 1955 1511 2007 Τυρσηνίην
1553 1950 1762 1994 ἀποικί-

1111 2024 1169 2052 σα
1184 2012 1222 2063 ι]
1255 2008 1474 2059 ἀποικίζειν
1497 2015 1571 2049 est:
1593 2012 1763 2048 coloniam

1111 2070 1233 2107 {lucere
1270 2071 1307 2106 in
1342 2069 1497 2118 aliquam
1527 2072 1654 2105 terram
1666 2081 1679 2111 ,·
1715 2067 1762 2104 de

1111 2140 1183 2175 quo
1213 2126 1301 2162 satis
1327 2126 1403 2173 egit
1421 2126 1541 2161 Sturz.
1577 2124 1613 2159 in
1637 2122 1761 2160 Lexic.

1110 2182 1345 2231 Xenophont.
1368 2181 1383 2216 l
1403 2194 1438 2230 p.
1452 2181 1546 2220 336.
1575 2178 1762 2226 Schweig-

1109 2238 1233 2275 haeus.
1265 2237 1301 2273 in
1330 2236 1460 2284 Polyb.
1487 2234 1608 2272 Lexic.
1635 2248 1672 2285 p.
1693 2233 1760 2275 75.

1109 2293 1264 2330 Multum
1296 2292 1419 2329 differt
1455 2290 1472 2330 ἐ
1485 2305 1542 2330 πο
1553 2291 1623 2329 ικί
1635 2293 1654 2336 ζ
1664 2305 1680 2329 ε
1692 2305 1706 2329 ι
1718 2305 1760 2338 ν,

1109 2350 1209 2398 quod
1230 2353 1287 2386 est
1317 2351 1433 2385 venire
1457 2347 1600 2384 aliunde
1620 2348 1761 2384 habita-

1109 2410 1183 2442 tum
1202 2404 1297 2455 apud
1316 2408 1443 2442 veteres
1464 2407 1556 2441 cives
1575 2417 1619 2440 ac
1628 2416 1763 2454 posses-

1109 2474 1200 2498 sores
1216 2461 1370 2498 alicuius
1391 2463 1544 2509 regionis
1570 2460 1624 2497 vel
1654 2460 1762 2496 urbis.

1108 2517 1219 2555 Plura
1255 2518 1301 2555 de
1334 2518 1460 2554 horum
1508 2517 1764 2554 vocabulorum

1110 2574 1313 2611 discrimine
1351 2575 1619 2611 admonuerunt
1656 2573 1765 2620 wyt-

1109 2630 1274 2667 tenbach.
1310 2630 1358 2667 ad
1401 2629 1582 2667 Plutarch.
1619 2627 1764 2665 Morall.

1108 2699 1144 2736 p.
1167 2687 1271 2732 244,
1293 2687 1324 2723 E
1361 2686 1487 2734 (T.Ill
1508 2700 1544 2737 p.
1558 2686 1604 2733 6)
1625 2689 1661 2723 et
1686 2684 1764 2722 Ta-

1108 2742 1212 2779 selius
1242 2744 1278 2779 in
1304 2742 1487 2780 Dilucidd.
1522 2741 1722 2779 Pindaricc.
1746 2739 1764 2777 1

1107 2811 1163 2896 158
1163 2801 1217 2840 20
1239 2812 1343 2851 seqq.
1365 2799 1414 2838 ad
1434 2798 1541 2838 Pind.
1561 2797 1710 2849 Olymp.
1733 2795 1759 2838 l,
