1909 3228
428 244 513 284 618

828 239 1307 280 HERODOTI

430 351 477 394 ἐν
507 350 642 407 ταύτῃ
671 349 753 406 γὰρ
783 348 836 404 δὴ
864 352 919 404 τῇ
945 347 1047 392 πόλι
1077 347 1165 392 ἐστὶ
1192 347 1394 404 μέγιστον
1410 349 1545 402 Ἴσιος
1569 349 1682 405 ἱρόν.

372 525 472 575 ipsa,
502 537 610 574 quam
629 522 749 560 medio
777 521 814 558 in
840 520 951 559 Delta
977 522 1026 558 si-

372 586 447 618 tam
467 581 590 630 prodit
606 578 828 617 Herodotus.
869 576 941 628 [Ad
961 591 1022 615 oc-

372 637 586 675 cidentalem
620 636 783 672 nimirum
823 634 884 671 illa
921 647 1022 671 oram

371 693 564 731 Phatnitici
591 693 688 729 fluvii
723 692 791 728 sita
817 694 894 727 erat
913 720 924 738 ,
962 691 1023 728 ubi

371 763 467 787 nunc
503 749 582 786 loco
610 761 743 786 nomen
769 746 919 784 Boussz‘r
947 747 1021 785 sive

371 806 548 844 Aboussz'r.
616 805 700 843 Vid.
748 804 1021 841 Schlichthorst.

370 862 393 899 l.
416 862 439 898 l.
465 877 502 913 p.
524 865 579 903 70
599 874 676 911 seq.
708 859 910 911 Champoll.
940 859 962 896 l.
996 859 1021 897 l.

369 918 404 956 ll
422 932 458 969 p.
478 917 583 968 184]
633 918 692 956 De
713 916 814 953 huius
836 917 1022 965 religioni-

369 975 437 1012 bus
456 979 581 1012 auctor
601 979 656 1013 est
680 973 833 1012 Diodor.
863 972 970 1010 Sicul.
990 973 1019 1021 1,

371 1032 518 1078 85,ubi
541 1044 673 1069 nomen
696 1030 790 1067 urbis
811 1030 895 1067 inde
914 1042 1020 1079 repe-

369 1088 436 1134 tit,
463 1088 563 1137 quod
584 1088 649 1125 Isis
667 1087 702 1123 in
723 1086 816 1123 bove
835 1086 1020 1123 Osiridem

369 1144 576 1194 sepelivisse
596 1146 721 1182 fertur.
742 1143 920 1179 Graecam
939 1146 1021 1191 ety-

368 1201 562 1250 mologiam
580 1201 734 1237 nominis
762 1194 970 1250 Βούσιρις,
998 1211 1020 1235 a

369 1258 468 1308 βοῦς
490 1262 527 1295 et
545 1254 698 1308 ’Όσιρις
720 1257 885 1302 ductam,
907 1256 1019 1292 fusius

370 1314 527 1364 explicat
545 1314 753 1363 Stephanus
774 1313 863 1360 Byz.
884 1313 919 1348 in
938 1326 1017 1349 voc.

367 1383 405 1421 p.
430 1370 511 1411 240
534 1370 678 1407 Berkel.
732 1369 837 1412 Quae
857 1382 924 1404 nos
946 1381 1019 1405 non

367 1439 561 1463 moramur.
599 1427 675 1464 lam
701 1426 831 1473 Zoega
851 1426 897 1462 de
916 1425 1019 1461 Obe-

368 1482 463 1519 liscc.
481 1497 516 1533 p.
537 1484 639 1530 288,
668 1486 909 1531 posteaquam
929 1480 1019 1517 haec

368 1539 450 1588 ipsa
470 1539 616 1586 attigit,
646 1539 697 1574 ita
715 1538 854 1587 pergit:
884 1537 1017 1583 „„So-

368 1595 467 1631 brior
483 1595 693 1631 Herodotus
713 1595 751 1629 id
775 1597 912 1630 tantum
933 1605 1019 1642 pro-

368 1651 445 1697 dit,
476 1651 511 1686 in
529 1651 648 1687 Busiri
677 1650 814 1700 oppido
840 1649 875 1685 in
898 1649 1017 1685 medio

367 1705 478 1744 Delta
503 1707 570 1743 sito
601 1707 793 1743 maximum
818 1706 929 1742 fuisse
964 1706 1019 1741 sa-

367 1775 454 1799 num
478 1762 603 1809 Isidis,
624 1767 733 1812 atque
755 1763 791 1798 in
821 1762 940 1797 annua
959 1774 1018 1798 ce-

366 1817 536 1856 lebritate
552 1819 601 1855 ibi
622 1819 791 1855 obeunda
813 1818 1018 1854 universum

366 1874 542 1925 populum
605 1875 787 1911 Osiridem
840 1873 1019 1923 plangere

365 1931 672 1968 consuevisse.““
713 1930 880 1976 Deinde,
906 1930 1018 1966 inter-

365 1987 496 2038 positis
518 1987 605 2024 locis
626 1987 849 2025 Herodoteis
880 1986 934 2032 Il,
962 1987 1015 2027 59

367 2046 404 2081 et
435 2046 515 2090 61,
554 2043 698 2093 Coptici
738 2043 914 2080 sermonis
945 2055 1016 2092 ope

364 2100 520 2137 nominis
553 2101 728 2138 rationem
759 2100 862 2136 aliter
900 2098 1015 2149 expli-

366 2168 450 2192 cans
479 2157 622 2194 ductum
652 2157 845 2193 arbitratur
873 2169 915 2193 ex
944 2155 1016 2192 Be-

368 2212 515 2260 Ousz'ri,
555 2214 655 2262 quod
698 2214 744 2250 sit
780 2212 936 2249 Osiridis
961 2224 1015 2248 se-

360 2268 548 2319 pulchrum
581 2270 671 2317 (vid.
702 2269 888 2306 Iablonsk.
919 2281 1016 2305 voce.

365 2324 541 2376 Aegyptt.
563 2340 598 2375 p.
618 2325 704 2375 54).
744 2325 842 2363 Tum
861 2326 913 2362 sic
933 2338 1018 2374 per-

366 2381 436 2429 git:
468 2382 651 2429 „,‚Quod
672 2396 753 2419 cum
776 2395 887 2432 prave
913 2380 1018 2418 intel-

366 2436 537 2475 lexissent
561 2439 715 2485 Graeci,
745 2440 792 2475 ad
823 2450 923 2475 suam
950 2437 1018 2473 lin-

365 2506 473 2541 gnam
495 2495 733 2544 respicientes
768 2495 953 2532 Osiridem
981 2494 1018 2530 in

367 2550 458 2587 bove
474 2551 652 2600 sepultum
671 2552 914 2589 linxerunt.““
934 2550 1018 2592 Qua

366 2605 403 2640 in
430 2619 538 2643 causa
566 2606 737 2645 hactenus
772 2621 850 2644 cum
889 2606 1018 2654 Zo'ega

366 2662 451 2697 facit
480 2662 746 2713 Champollion.
775 2664 963 2713 (l'Egypt.
987 2675 1014 2698 s.

367 2715 388 2751 l.
410 2717 511 2765 phar.
539 2718 570 2754 ll
598 2732 633 2768 p.
659 2723 738 2762 185
769 2720 917 2769 seqq),
948 2719 1016 2755 etsi

367 2771 404 2807 in
425 2773 636 2821 explicando
653 2777 798 2814 nomine
808 2775 1017 2824 longissime

366 2827 414 2863 ab
455 2841 498 2863 eo
528 2831 674 2868 recedit.
736 2832 834 2870 Nam
870 2845 951 2869 cum
979 2831 1017 2868 in

368 2883 570 2923 Rosettana
595 2886 830 2939 inscriptione
858 2887 1016 2925 Osiridis

1090 520 1228 557 nomini
1279 520 1446 558 articulus
1499 520 1739 572 Aegyptiacus

1091 577 1236 614 additus
1254 578 1474 628 reperiatur,
1491 583 1527 615 et
1538 578 1739 627 Coptorum

1090 646 1236 682 quoque
1251 639 1482 672 monumenta
1493 634 1741 672 emendatiora

1089 702 1222 727 nomen
1243 690 1340 727 urbis
1368 691 1419 727 ita
1440 691 1612 741 scriptum
1641 690 1739 728 exhi-

1089 747 1219 784 beant:
1239 745 1406 791 Pousz'ri;
1438 748 1475 785 id
1495 748 1613 797 ipsum
1631 758 1738 783 voca-

1090 802 1210 840 bulum
1239 799 1428 855 Βούσιρις
1457 804 1507 840 nil
1536 803 1633 841 aliud
1657 816 1739 841 esse

1088 872 1197 909 quam
1222 860 1377 897 Osiridis
1408 873 1561 906 nomen,
1613 859 1739 896 addito

1088 921 1125 953 et
1149 917 1336 954 immutato
1363 917 1624 966 Aegyptiorum
1651 916 1740 953 arti-

1087 972 1178 1010 culo.
1236 972 1381 1011 Deinde
1409 986 1534 1010 omnes
1560 976 1741 1022 quotquot

1088 1029 1206 1066 adhuc
1231 1030 1463 1068 innotuerunt
1498 1028 1737 1078 etymologias

1088 1086 1253 1132 elevans,
1283 1086 1350 1122 hac
1376 1099 1446 1123 una
1470 1086 1507 1122 in
1538 1099 1578 1123 re
1606 1085 1736 1134 Zoega

1087 1142 1302 1179 sententiam
1325 1147 1361 1180 et
1388 1144 1467 1192 ipse
1490 1142 1669 1191 sequitur,
1700 1144 1740 1178 ut

1089 1198 1312 1235 Graecorum
1332 1200 1525 1245 rationem,
1553 1211 1624 1247 qua
1646 1198 1739 1235 bove

1088 1255 1250 1304 sepultus
1297 1256 1412 1292 Osiris
1473 1255 1551 1291 urbi
1605 1266 1738 1291 nomen

1087 1312 1283 1358 indiderit,
1321 1312 1514 1348 absurdam
1547 1324 1628 1348 esse
1653 1323 1740 1360 pro-

1086 1369 1237 1405 nuntiet.
1258 1371 1282 1389 “
1356 1368 1559 1405 Creuzerus
1605 1367 1738 1404 ibidem

1085 1437 1170 1475 pag.
1194 1427 1269 1465 111
1299 1437 1374 1473 seq.
1405 1426 1441 1460 in
1464 1429 1550 1461 nota
1571 1423 1638 1459 hoc
1672 1423 1739 1460 ad-

1085 1482 1155 1516 dit:
1224 1480 1458 1527 „Busiridem
1496 1480 1621 1516 urbem
1651 1491 1739 1516 ean-

1087 1536 1170 1573 dem
1206 1550 1285 1573 esse
1324 1542 1433 1585 atque
1464 1535 1673 1585 Taplwsz'rin
1699 1539 1738 1572 et

1086 1592 1287 1642 sepulcrum
1306 1593 1459 1629 Osiridis
1485 1593 1553 1629 hoc
1572 1593 1650 1641 ipso
1670 1603 1739 1628 no-

1087 1650 1182 1686 mine
1216 1648 1388 1686 declarari
1422 1650 1537 1685 tradit
1564 1648 1737 1685 Eudoxus

1087 1719 1144 1756 ap.
1178 1705 1356 1741 Plutarch.
1383 1706 1430 1742 de
1460 1705 1505 1741 ls.
1537 1709 1575 1742 et
1598 1704 1734 1742 Osirid.

1086 1775 1121 1812 p.
1144 1763 1224 1801 359
1257 1775 1284 1797 s.
1316 1760 1397 1801 473
1419 1761 1558 1808 wyte,
1589 1772 1662 1808 qua
1690 1760 1737 1797 de

1084 1830 1124 1854 re
1162 1817 1305 1867 plurimi
1342 1816 1444 1854 aliter
1481 1817 1738 1854 iudicaverant.

1086 1874 1193 1910 conf.
1224 1873 1339 1920 Zoeg.
1374 1873 1421 1910 de
1447 1872 1552 1909 obell.
1584 1885 1621 1921 p.
1641 1873 1735 1914 289.

1084 1930 1369 1977 Distinguuntur
1394 1934 1516 1966 autem
1538 1927 1659 1978 plures
1676 1941 1738 1965 ur-

1076 1987 1171 2033 ·bes,
1202 1998 1295 2034 quae
1313 1986 1381 2022 hoc
1408 1986 1553 2022 nomine
1572 1985 1735 2022 veniunt.

1083 2042 1166 2079 Vid.
1188 2042 1388 2092 Champoll.
1409 2042 1430 2078 l.
1446 2042 1467 2079 l.
1490 2042 1522 2078 ll
1543 2053 1626 2091 pag.
1640 2044 1734 2082 263.

1083 2102 1186 2145 267,
1226 2099 1288 2147 qui
1337 2098 1527 2148 Tapousz‘ri
1564 2098 1736 2146 scriptum

1084 2168 1165 2193 esse
1185 2156 1230 2192 ab
1248 2155 1437 2206 Aegyptiis
1464 2156 1589 2200 docet,
1619 2158 1654 2190 et
1674 2167 1736 2190 ur-

1083 2212 1155 2248 bem
1207 2211 1345 2248 Osiridz·
1374 2222 1552 2261 proprzam
1596 2209 1736 2258 signifi-

1083 2268 1205 2305 care.“

1140 2322 1219 2363 ἐστὶ
1259 2321 1439 2373 μέγιστον
1466 2318 1587 2369 Ἴσιος
1618 2318 1732 2373 ἱρόν]

1083 2379 1269 2429 „Templi
1297 2380 1426 2426 Isidis,
1456 2380 1555 2428 quod
1584 2379 1668 2416 olim
1697 2379 1735 2416 in

1083 2438 1172 2473 urbe
1196 2437 1359 2473 Busiride
1373 2465 1383 2483 ,
1413 2440 1553 2473 restant
1573 2435 1737 2485 splendi-

1084 2493 1254 2530 dissimae
1283 2493 1427 2538 ruinae,
1459 2491 1735 2541 elegantissimis

1084 2550 1209 2598 optimi
1228 2549 1415 2585 marmoris
1437 2548 1632 2595 columnis,
1662 2548 1737 2585 cul-

1083 2606 1129 2642 tis
1149 2606 1331 2642 hominum
1351 2605 1628 2652 animaliumque
1642 2605 1736 2653 figu-

1083 2662 1132 2698 ris
1152 2675 1195 2699 ac
1212 2662 1321 2698 literis
1351 2661 1628 2711 hieroglyphicis
1648 2673 1735 2710 spe-

1084 2718 1232 2756 ctabiles
1245 2746 1256 2765 ,
1286 2718 1490 2767 descriptae
1511 2729 1589 2753 cum
1607 2729 1692 2754 cura
1710 2727 1734 2753 a

1083 2775 1235 2811 Sicardo
1249 2803 1260 2822 ,
1289 2773 1429 2811 curioso
1455 2786 1499 2811 ex
1519 2773 1733 2810 Iesuitarum

1082 2831 1221 2867 familia
1244 2830 1539 2881 peregrinatore,
1569 2830 1605 2866 in
1629 2828 1731 2865 novis

1082 2898 1231 2925 memor.
1256 2886 1480 2936 legationum
1499 2886 1576 2924 eius
1592 2885 1642 2922 ad
1660 2883 1731 2922 ori-
