1909 3228
136 719 277 747 Carmina
293 718 408 757 patria:

135 754 278 781 Maneros
294 772 303 784 ‚
334 758 408 778 ann-

136 788 309 821 quissimum
333 793 409 824 ’car-

269 823 299 845 ct
332 818 410 845 ulem

136 828 203 847 men
221 839 230 853 ,

340 654 405 699 79

464 221 548 260 660

464 333 605 384 γαθος
635 325 738 369 ὅσον
766 341 811 368 τε
829 323 968 381 πάντη
993 329 1231 381 πηχυαῖον,
1261 324 1516 382 ἢδίπηχυυ·
1548 326 1719 377 δεικνὺς
1764 330 1843 373 140
1890 363 1894 367 ,

857 216 1326 256 HERODOTI

467 408 512 450 δὲ
542 405 705 460 ἑκάστῳ
736 407 824 446 τῶν
848 403 1124 458 συμποτέων,
1156 404 1267 458 λέγει
1283 421 1291 430 ·
1323 404 1418 456 ,,Ἐς
1441 410 1601 449 τοῦτον
1623 404 1720 459 ὁρέ-
1734 411 1777 446 65

464 519 488 538 ,‚
506 501 591 534 ων,
638 481 735 526 πῖνέ
773 499 817 525 τε
854 482 927 525 καὶ
966 482 1140 537 τέρπευ·

464 566 735 616 ,,τοιοῦτος.“

1201 484 1315 526 ἔσεαι
1356 482 1440 538 γὰρ
1483 482 1722 526 ἀποθανών

780 565 925 604 Ταῦτα
953 562 1031 616 μὲν
1060 561 1175 615 παρὰ
1207 563 1258 605 τά
1291 561 1508 617 συμπόσια
1537 567 1719 605 ποιεῦσι.

576 642 805 695 Πατρίοισι
835 640 880 683 ὸὲ
909 641 1144 696 χρεώμενοι
1173 641 1364 696 νόμοισι,
1397 640 1529 683 ἄλλον
1560 639 1720 683 οὐδένα

158 853 213 880 uod
225 853 409 881 Graecorum

165 886 240 914 inus.

438 721 760 765 Ξέπικτέωνται.
790 725 901 762 τοῖσι
931 720 1039 763 ἄλλα
1068 737 1111 763 τε
1141 720 1291 772 ἐπάξια
1322 721 1408 764 ἐστι
1435 719 1622 775 νόμιμα,
1652 719 1724 762 καὶ

469 801 522 856 δὴ
549 801 622 844 καὶ
652 799 805 854 ἄεισμα
835 799 883 842 ἕν
912 799 1022 851 ἐστι,
1053 800 1207 851 Λίνος,
1239 799 1372 852 ὅσπερ
1402 799 1447 842 ἓν
1477 816 1520 842 τε
1542 801 1724 854 Φοινίκῃ
1736 806 1780 840 70

466 877 664 936 οἷοίδιμός
693 878 781 922 ἐστι
809 878 881 922 καὶ
906 878 952 922 ἐν
980 877 1173 938 Κύπρῳ,
1209 879 1282 922 καὶ
1311 878 1440 935 ἄλλῃ·
1481 877 1590 922 κατὰ
1619 878 1722 934 μὲν-

411 1078 580 1114 seqq.—-
599 1064 708 1102 Nunc
725 1065 937 1102 mumiarum
959 1077 1059 1102 areas

411 1124 527 1174 pietas
546 1151 557 1169 ‚
596 1121 719 1170 quales
756 1122 966 1159 Herodotus
996 1123 1061 1158 de-

413 1178 554 1225 scribit,
594 1179 631 1214 in
658 1179 827 1215 conviviis
859 1177 1060 1228 Aegyptio-

410 1248 491 1271 rum
517 1234 695 1271 adhibitas
721 1248 822 1280 esse3
860 1248 955 1271 nunc
974 1248 1059 1272 vero

412 1292 521 1328 etiam
550 1291 728 1328 eiusmodi
754 1292 968 1328 mumiarum
993 1305 1061 1340 pa-

405 1360 494 1397 pas,
535 1347 659 1396 quales
700 1359 743 1384 ex
779 1361 863 1384 osse
900 1348 1059 1384 humano

410 1403 553 1451 aliaque
570 1407 672 1452 parte
690 1406 850 1453 corporis
872 1406 1060 1441 confectae

410 1458 594 1507 hodieque
611 1460 839 1510 reperiuntur
858 1473 923 1509 per
943 1460 1060 1496 Euro-

410 1527 481 1565 pae
502 1528 649 1561 musea,
679 1519 789 1562 atque
804 1515 885 1551 hine
905 1516 1059 1553 sortasse

410 1570 579 1620 explicari
595 1583 703 1619 posse
721 1571 868 1607 Luciani
884 1571 950 1617 (de
965 1571 1060 1607 luctu

412 1624 450 1676 ἓ.
469 1627 520 1666 21
556 1630 643 1662 tom.
667 1626 734 1663 vll
770 1639 854 1676 pag.
885 1630 966 1668 217
997 1628 1054 1663 ed.

411 1681 514 1732 Bip.)
554 1682 700 1729 locum,
741 1683 943 1731 suspicatur
973 1683 1059 1719 Blu-

412 1737 596 1775 menbach.
627 1739 662 1774 in
681 1739 753 1775 den
770 1739 966 1787 Beitriigen
995 1751 1060 1775 zur

411 1793 653 1842 Naturgesch.
683 1794 716 1831 li
745 1808 781 1844 p.
803 1794 881 1835 142
899 1796 1004 1843 seq.“

466 1871 598 1927 πάντη
655 1876 874 1928 πηχυαῖον]
933 1872 1063 1928 πάντη

411 1933 612 1982 Schweigh.
636 1935 772 1972 reddit:
803 1936 949 1982 omnino,
959 1947 1063 1984 pror-

411 2003 490 2038 suS,
512 1990 725 2041 plerumque.

582 2103 614 2140 c
627 2115 692 2154 ap.
722 2103 894 2141 LXXIX.

467 2186 668 2240 πατρίοισι
696 2184 739 2226 δὲ
768 2185 982 2239 χρεώμενοι
999 2184 1063 2228 νό-

414 2255 542 2294 μοισι,
585 2241 703 2283 ἄλλον
733 2241 878 2283 ου’ὁένα
904 2260 940 2283 κ.
959 2261 990 2283 τ.
1013 2244 1061 2295 λ.]

411 2296 563 2350 νόμους
592 2301 730 2351 priores
756 2301 969 2352 interpretes
1001 2315 1062 2339 ex-

411 2356 589 2406 plicarunt
637 2357 851 2404 cantilenas,
898 2358 1061 2408 hymnos,-

413 2413 776 2462 Schweighaeuserus
795 2415 926 2451 rectius
956 2415 1060 2452 intel-

413 2468 499 2505 lexit
525 2472 692 2507 instituta
719 2483 762 2507 ac
796 2483 920 2516 mores-3
959 2472 1060 2520 quod

413 2524 483 2560 alia
506 2530 543 2561 ut
559 2531 719 2573 taceam,
749 2527 804 2564 vel
823 2540 978 2576 sequens
997 2523 1060 2566 νό-

414 2595 512 2630 μιμα
530 2583 616 2618 satis
637 2584 790 2620 suadere
805 2584 956 2621 videtur.
993 2583 1060 2620 At-

414 2649 483 2684 que
504 2638 649 2674 omnino
676 2639 732 2675 hic
765 2639 865 2677 loeus
894 2653 967 2676 non
994 2640 1060 2676 mi-

414 2704 481 2728 nus
514 2706 621 2741 quam
649 2707 744 2743 quae
768 2697 988 2733 antecedunt
1024 2700 1060 2733 et

414 2759 508 2794 quae
541 2750 828 2799 subsequuntur,
868 2753 914 2789 ad
937 2752 1060 2800 Aegy-

414 2803 572 2850 ptiorum
590 2806 754 2844 instituta
771 2808 947 2858 pertinet,
979 2821 1059 2845 cum

415 2870 509 2905 quae
528 2863 684 2899 carmina
709 2865 809 2913 apud
836 2866 943 2902 istam
968 2877 1060 2913 gen-

1128 1069 1200 1102 tem
1232 1065 1268 1101 in
1299 1077 1364 1100 usu
1393 1064 1550 1112 fuerint,
1586 1064 1780 1101 contineat.

1129 1116 1271 1168 ἐπάξια
1301 1125 1385 1157 sunt
1415 1121 1673 1166 memorabilia,
1706 1132 1777 1156 me-

1127 1182 1263 1214 morata
1303 1177 1433 1225 (ligna,
1484 1181 1525 1213 ut
1560 1177 1705 1213 minime
1737 1176 1783 1213 sit

1128 1248 1276 1272 necesse
1293 1234 1449 1270 scribere
1475 1228 1782 1283 α’ξιαπηγητὸτα-

1127 1306 1196 1338 τα,
1227 1290 1534 1340 quemadmodum
1562 1289 1674 1327 voluit
1695 1288 1782 1326 Val-

1127 1348 1329 1385 ekenarius.

1182 1459 1333 1505 Λίνος,
1365 1454 1484 1507 ὅσπερ
1509 1456 1551 1497 ἕν
1582 1473 1622 1497 τε
1648 1457 1781 1497 Φοινί-

1127 1531 1175 1569 κῃ
1203 1510 1387 1564 αόίδιμός
1420 1513 1523 1564 ἐστι]
1567 1516 1720 1552 Secutus
1745 1515 1781 1551 in

1127 1572 1205 1608 loco
1227 1571 1330 1607 valde
1356 1575 1483 1607 vexato
1514 1571 1717 1619 Schweigh.
1740 1584 1782 1608 ac

1129 1629 1336 1673 Gaissor‹1.,
1366 1640 1457 1675 quos
1488 1627 1595 1664 etiam
1618 1632 1781 1664 secutum

1128 1698 1208 1721 esse
1250 1684 1425 1720 Matthiae
1461 1684 1580 1720 video.
1668 1683 1781 1726 Quod

1128 1741 1222 1777 enim
1264 1740 1412 1776 Reizius
1441 1739 1569 1786 dedit,
1609 1735 1705 1789 ’ὅπερ
1724 1759 1781 1766 -—-

1132 1791 1317 1845 οἶοίδιμόν
1339 1794 1438 1841 ἐστι,
1470 1796 1602 1832 omisso
1632 1807 1780 1845 prorsus

1130 1851 1304 1888 vocabulo
1330 1851 1456 1896 Λίνος
1476 1880 1486 1897 ,
1517 1852 1555 1887 id
1586 1864 1630 1888 ex
1660 1851 1783 1888 conie-

1131 1913 1230 1945 ctura
1250 1907 1482 1955 &vesselingii
1510 1908 1630 1958 potius
1659 1908 1776 1955 fluxit,

1132 1977 1241 2013 quam
1278 1964 1448 2000 librorum
1486 1969 1708 2001 vetustorum
1737 1975 1782 2000 ex

1131 2020 1355 2057 auctoritate.
1393 2020 1519 2069 *Quare
1540 2021 1648 2057 etiam
1668 2021 1703 2057 in
1723 2033 1782 2057 se-

1134 2077 1325 2125 quentibus
1346 2077 1444 2113 tenui
1467 2076 1636 2113 librorum
1658 2077 1782 2113 lectio-

1133 2146 1233 2170 nem:
1266 2130 1503 2182 συμφέρεται
1525 2130 1566 2171 δὲ
1588 2129 1705 2177 ωὐτὸς
1727 2128 1780 2170 εἶ-

1132 2204 1200 2227 ναι
1227 2185 1296 2227 τὸν
1318 2184 1583 2237 οῖβΈλληνες,
1612 2189 1674 2225 ubi
1692 2189 1781 2225 Rei-

1131 2246 1205 2281 zius
1247 2259 1267 2282 e
1309 2244 1539 2293 W'esselingii
1577 2245 1781 2282 coniectura

1131 2302 1316 2339 ediderat:
1349 2300 1585 2350 συμφέρεται
1616 2299 1657 2340 δὲ
1678 2316 1777 2339 τωυ-

1129 2354 1171 2396 τὸ
1190 2354 1290 2395 εἶναι
1302 2354 1345 2395 τό
1369 2357 1409 2394 οἱ
1424 2353 1623 2407 ’Έλληνες
1642 2358 1779 2408 Scripsi

1128 2415 1286 2462 denique
1307 2427 1387 2449 cum
1409 2414 1693 2460 recentt.Alvog
1710 2428 1778 2464 pro

1126 2473 1275 2518 Λίνος,
1305 2475 1344 2506 ut
1372 2469 1455 2506 olim
1484 2470 1667 2520 vulgatum
1685 2475 1776 2508 erat.

1182 2579 1281 2621 κατὰ
1302 2580 1434 2633 μέντοι
1468 2581 1589 2622 ἔθνεα
1622 2580 1778 2633 οὕνομα

1127 2637 1229 2690 ἔχει]
1262 2640 1285 2676 i.
1307 2653 1337 2676 e.
1362 2653 1427 2690 pro
1450 2639 1597 2677 (liversis
1616 2640 1777 2688 gentibus

1125 2696 1298 2732 diversum
1327 2708 1458 2745 quoqne
1487 2696 1574 2734 haec
1598 2696 1776 2733 cantilena

1124 2765 1242 2789 nomen
1262 2752 1374 2788 habet.
1390 2752 1661 2789 Distributivum
1673 2765 1775 2789 usum

1123 2809 1400 2858 praepositionis
1423 2805 1522 2848 κατὰ
1533 2809 1714 2858 attigimus
1726 2807 1774 2844 ad

1125 2864 1164 2911 Ι,
1189 2868 1281 2906 196.
