1909 3228
533 215 953 256 EUTERPE
1010 216 1056 254 II.
1330 217 1415 257 745

31 329 131 375 118

266 326 516 382 Εἰρομένου
553 326 599 369 δέ
637 342 718 382 μευ
746 325 848 377 τούς
878 325 1014 382 ἱρέας,
1061 325 1097 368 εἰ
1126 323 1310 379 μάταιον
1339 324 1412 369 λό-
1469 336 1721 396 Αθιιιὸιιιῐοοᾶυῗιτ
1713 369 1742 397 {a

1463 411 1528 439 expi
1532 407 1643 438 gum

151 422 233 462 γον
262 405 435 461 λέγουσι
465 407 507 449 οἱ
523 404 724 461 Έλληνες
751 405 804 450 τὰ
832 406 930 461 περὶ
959 404 1089 448 ’Ίλιον
1117 403 1336 459 γενέσθαι,
1376 403 1406 460 ἢ

154 484 231 528 οὔ·
289 485 458 541 ἔφασαν
486 485 596 541 πρός
623 488 758 528 ταῦτα
796 483 918 536 τάδε,
963 484 1178 539 ἱστορίῃσι
1220 482 1410 539 φάμενοι

125 565 317 608 Ξείδέναι
346 565 447 619 παρ’
479 563 616 608 αὐτοῦ
645 564 860 607 Μενέλεω.
888 561 1056 606 Ἐλθεῖν
1080 563 1157 619 μὲν
1176 562 1278 618 γαρ,
1309 561 1467 618 μετὰ65

154 643 234 699 τήν
259 643 430 701 Ἑλένης
460 642 683 699 ἁρπαγήν,
729 644 773 694 ἐς
802 643 881 700 την
914 643 1127 697 Τευκρίδα
1155 646 1238 698 γῆν
1263 640 1411 697 Ἑλλή-

155 739 245 766 νων
279 723 486 778 στρατιην
515 722 700 779 πολλὴν,
729 726 979 779 βοηθεῦσαν
1009 722 1235 777 Μενέλεῳ·
1285 719 1413 776 ἐκβᾶ-

155 813 238 845 σαν
268 803 313 846 δὲ
342 802 384 852 ἐς
413 806 496 856 γῆν
526 802 599 844 καὶ
629 803 884 856 ἱδρυθεῖσαν
920 801 998 857 τὴν
1036 800 1257 855 στρατιήν,
1307 799 1413 854 πέμ-

154 897 250 924 πειν
278 881 319 932 ἐς
347 880 396 924 τὸ
422 879 556 923 Ἴλιον
587 879 811 936 ἀγγέλους·
872 880 952 923 σὺν
991 880 1036 922 δέ
1083 891 1162 934 σφι
1204 879 1314 921 ἰέναι
1342 879 1414 921 καὶ

125 959 293 1002 θαύτόν
322 960 570 1002 Μενέλεων·
628 959 732 1010 τούς
773 958 814 1003 δ’
846 958 936 1002 ἐπεί
973 975 1017 1002 τε
1056 959 1248 1002 ἐσελθεῖν
1288 957 1331 1008 ἐς
1359 958 1409 1001 τὸ

153 1043 315 1094 τεῖχος,
345 1039 562 1082 ἀπαιτέειν
587 1039 761 1095 Ἑλένην
795 1055 839 1082 τε
869 1039 940 1082 καὶ
974 1037 1028 1082 τὰ
1066 1037 1261 1094 χρήματα
1290 1036 1343 1079 τά
1374 1038 1471 1080 οἷῖο

157 1120 297 1174 οἴχετο
328 1118 485 1169 κλέψας
513 1117 808 1173 Ἀλέξανδρος,
855 1124 941 1160 τῶν
969 1134 1013 1161 τε
1044 1116 1319 1173 ἀδικημάτων
1349 1117 1416 1159 δί-

157 1214 236 1247 κας
266 1197 446 1241 αἰτέειν·
481 1198 584 1248 τούς
610 1199 654 1241 δὲ
678 1196 898 1250 Τεύκρους
926 1196 1003 1240 τὸν
1033 1195 1168 1239 αὐτόν
1192 1195 1325 1251 λόγον
1346 1195 1415 1238 λε’-

155 1292 247 1332 γειν
278 1276 371 1319 τότε
401 1277 474 1319 καὶ
500 1276 743 1331 μετέπειτα,
773 1277 846 1320 καὶ
876 1274 1093 1331 ὀμνύντας
1114 1276 1186 1318 καὶ
1209 1273 1415 1330 ἆνωμοτὶ,

156 1354 214 1411 μή
245 1355 323 1410 μὲν
350 1355 460 1410 ἔχειν
486 1355 684 1412 Ἑλένην,
733 1357 839 1412 μηδὲ
880 1355 933 1399 τοὶ
973 1354 1284 1411 ἐπικαλεύμενα
1313 1353 1415 1409 χρή-

127 1437 294 1488 4ματα,
328 1433 424 1476 ἀλλ’
456 1433 567 1478 εἶναι
598 1433 708 1478 αὐτοὶ
738 1434 881 1478 πάντα
911 1435 957 1477 έν
977 1434 1206 1492 Αἰγύπτῳ·
1238 1434 1309 1477 καὶ
1334 1431 1472 1476 ου’κ75

157 1512 212 1556 ἂν
242 1514 416 1563 δικαίως
447 1513 572 1556 αὐτοὶ
603 1515 723 1564 δίκας
751 1511 944 1569 ὑπέχειν,
995 1512 1023 1556 ἃ
1049 1511 1254 1568 Πρωτεύς
1284 1510 1306 1556 ὁ
1338 1513 1418 1554 Αἰ-

154 1589 332 1648 γύπτιος
360 1592 563 1649 βασιλεύς
592 1593 684 1649 ἔχει.
724 1595 766 1637 οἱ
796 1593 841 1637 δὲ
869 1593 1070 1650 Ἕλληνες
1099 1595 1419 1648 καταγελᾶσθαι

272 1799 384 1848 Cap.
416 1799 584 1836 CXVIII.

169 1854 205 1893 εἰ
239 1850 407 1904 μάταιον
442 1851 561 1906 λόγον
600 1854 756 1907 λέγουσι

107 1910 148 1950 οἷ
162 1907 367 1961 Ἕλληνες]
399 1928 424 1961 μ
437 1908 461 1949 α’
474 1927 493 1950 τ
505 1928 528 1949 α
541 1928 553 1950 ι
566 1927 586 1950 ο
598 1928 620 1951 ν
641 1909 756 1963 λόγον

103 1980 233 2004 vanum
262 1981 465 2005 sermonem
508 1969 531 2005 i.
565 1982 596 2005 e.
639 1973 758 2006 temere

100 2024 302 2074 prolatum,
323 2025 476 2073 fictum,
500 2025 664 2074 falsum,
707 2026 756 2062 uti

105 2081 180 2127 111,
210 2083 272 2120 10.
303 2082 368 2120 56.
399 2084 489 2121 120.
522 2081 592 2128 VI,
615 2084 667 2122 68
689 2086 756 2119 etc.

162 2136 420 2189 ἷστορίῃσι-
433 2135 579 2176 εἰδέναι
589 2134 679 2189 παρ’
689 2132 760 2176 αὖ-

104 2195 177 2231 τοῦ
198 2191 401 2243 Μενέλεω]
438 2193 459 2229 i.
491 2207 521 2231 e.
552 2207 591 2231 se
613 2196 658 2231 ab
678 2195 758 2244 ipso

104 2248 275 2286 Menelao
307 2250 491 2300 accepisse
518 2264 546 2287 s.
574 2263 618 2288 ex
647 2251 759 2301 ipsius

105 2305 265 2342 Menelai
284 2307 490 2343 narratione
522 2320 560 2344 se
588 2307 676 2344 haee
699 2321 762 2344 co-

107 2360 290 2411 gnovisse.
348 2362 445 2399 Nam
471 2362 647 2413 ἱστορίην
675 2364 762 2400 dicit

107 2418 319 2455 Herodotus
340 2420 680 2467 percunctationem,
701 2420 762 2455 nbi

109 2487 152 2510 ex
180 2472 255 2509 aliis
281 2474 494 2511 sciscitando
535 2476 622 2524 quid
659 2489 762 2513 acce-

108 2530 235 2579 pimus.
276 2530 383 2567 Conf.
402 2530 457 2577 ΙΙ,
479 2534 531 2572 99
556 2537 594 2569 et
614 2536 690 2568 not.
714 2532 762 2568 ad

108 2598 269 2635 prooem.

168 2640 207 2687 ἐς
232 2656 306 2690 την
342 2642 534 2692 Τευκρίδα
557 2659 603 2694 γη
590 2642 654 2693 jv]
684 2658 761 2694 γην

111 2710 177 2747 pio
204 2712 279 2747 την
312 2703 408 2735 recte
445 2700 585 2735 reduxit
613 2701 660 2737 u
663 2713 761 2737 esse-

112 2754 187 2789 ΙίιιιΥ
163 2754 242 2802 gius
289 2754 515 2802 firmavitque
549 2756 626 2792 aliis
662 2756 761 2802 locis,

112 2810 173 2846 ubi
204 2811 334 2848 eodem
360 2811 469 2846 modo
494 2826 570 2863 γην
598 2785 762 2848 addituni

112 2866 285 2916 legimus:
324 2866 360 2914 l,
383 2869 474 2908 173.
511 2866 573 2914 IV,
597 2871 661 2909 12.
698 2868 761 2914 VI,

825 1802 862 1840 8.
901 1799 989 1848 VII,
1019 1798 1084 1840 42.
1150 1799 1199 1835 Et
1230 1799 1476 1846 suffragantur

824 1856 990 1893 meliores
1009 1856 1099 1892 libri.
1112 1877 1167 1883 -—
1179 1856 1412 1906 βοηθεῦσαν
1427 1855 1474 1890 ob

824 1914 977 1949 sormam
1002 1912 1161 1948 lonieam
1198 1912 1285 1948 citat
1317 1911 1475 1958 Gregor.

825 1969 988 2005 Corinth.
1011 1969 1058 2005 de
1089 1968 1228 2005 dialect.
1252 1968 1330 2004 Ion.
1363 1965 1399 2016 ξ.
1423 1968 1477 2006 60

826 2039 860 2074 p.
881 2024 962 2065 469
993 2025 1050 2062 ed.
1070 2025 1214 2061 Schaef.
1243 2045 1298 2051 —
1328 2023 1412 2059 Hoc
1434 2033 1478 2059 ex

826 2081 905 2118 loco
923 2081 1096 2117 orationis
1109 2084 1360 2129 argumentum
1379 2092 1478 2114 sum-

826 2138 942 2188 psisse
961 2137 1154 2174 Libanium
1176 2137 1220 2184 (t.
1240 2137 1256 2173 I
1277 2148 1362 2186 pag.
1379 2135 1477 2183 189)

826 2198 956 2231 notant
977 2194 1201 2243 interpretes.

886 2250 998 2296 δίκας
1020 2248 1190 2300 αἰτέειν]
1233 2249 1340 2285 Conf.
1373 2246 1411 2293 Ι,
1441 2249 1479 2286 2.

828 2308 872 2352 3,
904 2307 963 2343 ubi
986 2307 1113 2344 eadem
1132 2306 1274 2343 locutio.
1310 2325 1357 2332 -—-
1390 2302 1479 2339 Mox

831 2364 878 2399 ad
909 2363 1017 2399 verba
1044 2360 1098 2412 μή
1129 2359 1199 2411 μὲν
1224 2360 1324 2411 ἔχειν
1355 2361 1479 2396 confer

832 2419 988 2467 Gregor.
1019 2419 1181 2456 Corinth.
1213 2419 1259 2454 de
1289 2416 1371 2453 dial.
1402 2416 1479 2452 Ion.

831 2473 868 2525 ᾗ.
889 2478 941 2515 62
972 2475 1057 2523 ibiq.
1078 2476 1198 2512 Koen.
1228 2486 1312 2523 pag.
1332 2473 1411 2512 471
1443 2475 1480 2508 et

829 2531 1003 2568 Valcken.
1025 2535 1098 2567 not.
1119 2532 1167 2567 ad
1189 2530 1259 2575 III,
1279 2532 1344 2570 99.
1396 2527 1479 2564 Vid.

831 2600 977 2636 quoque
995 2587 1019 2633 Ι,
1032 2590 1096 2627 68.
1126 2586 1179 2624 Ac
1200 2587 1286 2622 satis
1307 2587 1480 2633 frequens

830 2644 928 2692 apud
958 2644 1063 2681 Iones
1094 2643 1235 2680 iurandi
1258 2642 1294 2678 in
1321 2640 1480 2677 formulis

830 2696 884 2749 μὴ
928 2697 1018 2749 μὲν
1055 2712 1123 2749 pro
1170 2699 1370 2736 Atticorum
1424 2693 1479 2748 μή

830 2771 857 2806 μ
869 2750 894 2804 ἦ
909 2770 943 2793 ν·

885 2811 998 2857 δίκας
1026 2809 1207 2861 υπέχειν,
1246 2827 1270 2849 α
1292 2808 1482 2863 Πρωτενς

831 2866 996 2918 -ε’χει]
1027 2868 1189 2906 Subaud.
1209 2882 1425 2917 τουτων,
1456 2865 1484 2907 ἃ
