1909 3228
445 190 530 230 5156
829 184 1299 222 HERODOTI

443 294 702 352 ὑποδήματα
731 292 940 350 βύβλινα·
972 289 1108 346 ἄλλην
1137 293 1181 334 δέ
1213 303 1290 346 σφι
1319 291 1480 347 ἐσθῆτα
1509 290 1591 335 οὐκ
1614 291 1699 344 ἔξε-

415 382 514 418 δστι
541 376 713 428 λαβεῖν,
754 370 856 414 οὐδὲ
895 369 1151 425 ὑποδήματα
1184 369 1302 412 ἄλλα.
1348 374 1526 414 λοῦνται
1557 370 1601 414 δὲ
1634 371 1700 421 δὶς

445 456 521 508 τῆς
550 448 707 507 ἡμέρης
735 448 916 506 ἑκάστης
945 452 1120 506 ψυχρῷ,
1152 448 1224 491 καὶ
1246 449 1310 499 δὶς
1335 448 1510 504 ἑκάστης
1531 448 1700 500 νυκτός.

416 528 577 580 winae
612 544 656 572 τε
692 530 906 586 θρησκίας
942 528 1204 572 ἐπιτελέουσι
1242 528 1422 583 μυρίας,
1473 525 1531 578 ὠς
1568 529 1701 571 εἰπεῖν

417 605 575 664 8λόγῳ.
629 605 843 664 πάσχουσι
872 608 917 652 δὲ
946 607 1020 652 καὶ
1059 605 1204 663 ἀγαθαὶ
1236 603 1316 649 οὐκ
1348 604 1482 661 ὀλίγα,
1533 605 1632 648 οὔτε
1662 612 1757 648 τι30

443 685 527 741 γάρ
558 690 646 729 τῶν
676 688 855 743 οἰκηΐων
882 688 1081 742 τρίβουσι
1101 717 1112 736 ,
1140 683 1239 728 οὕτε
1268 684 1566 728 δαπανέωνται
1584 697 1593 707 ·
1625 682 1701 727 ἆλ-

444 764 498 809 a&
527 765 600 809 καὶ
627 767 740 809 σιτία
777 768 857 821 σφί
895 766 985 810 ἐστι
1024 765 1096 818 ἷρά
1135 762 1396 819 πεσσόμενα,
1450 763 1524 807 καὶ
1563 767 1703 816 κρεῶν

443 842 585 901 βοέων
615 843 687 887 καὶ
713 842 878 900 χηνέων
912 843 1080 901 πλῆθός
1115 861 1156 888 τι
1195 842 1358 900 ἑκάστῳ
1396 843 1557 898 γίνεται
1595 845 1702 885 πολ-

388 1027 437 1065 ad
454 1026 566 1074 alios,
594 1031 667 1065 tum
685 1028 732 1064 ad
745 1027 960 1065 ludaeorum
983 1041 1041 1066 sa-

387 1097 441 1121 cer
449 1084 569 1130 dotes,
586 1084 632 1122 de
642 1084 772 1133 quibus
790 1089 911 1122 monet
921 1086 1041 1135 Spen-

389 1152 461 1177 cer.
475 1139 499 1177 l.
517 1139 539 1177 l.
563 1139 632 1186 Ill,
653 1141 689 1181 5.
711 1154 747 1191 p.
765 1154 811 1178 m.
833 1143 916 1182 682
935 1154 1038 1191 seqq.

387 1195 429 1233 In
444 1195 656 1247 templorum
669 1195 931 1247 Aegyptiorum
952 1210 1040 1234 ana-

387 1251 532 1302 glyphis
561 1265 635 1290 non
661 1253 764 1291 aliter
791 1254 869 1291 fere
892 1266 1040 1304 reprae-

387 1313 548 1346 sentatos
562 1309 724 1346 videmus
733 1311 952 1358 sacerdotes,
963 1309 1043 1346 lon-

388 1364 445 1413 gis
463 1364 629 1401 nimirum
659 1366 820 1403 vestibus
848 1367 897 1403 ad
925 1367 1039 1416 pedes

387 1433 504 1469 usque
532 1422 797 1471 pertinentibus
827 1422 975 1458 indutos
1004 1425 1041 1459 et

388 1488 471 1513 raso
500 1476 639 1526 capite,
670 1477 737 1513 nisi
760 1478 819 1513 ubi
839 1476 923 1527 pilei
949 1490 1039 1526 quo-

388 1532 472 1568 dam
495 1545 628 1580 genere
652 1537 800 1569 ornatus
827 1545 936 1570 causa
956 1533 1040 1571 tecti

389 1587 567 1624 videntur.

443 1645 606 1682 λοῦνται
634 1640 676 1682 δὲ
704 1641 767 1690 δὶς
796 1646 868 1694 τῆς
891 1641 1041 1695 η’μὲρης

389 1694 554 1749 ιιύκτός]
595 1699 693 1737 ldem
724 1700 847 1737 retulit
876 1700 1041 1750 Porphy-

388 1755 460 1792 rius
479 1768 521 1792 ex
542 1755 812 1802 Chueremme,
842 1756 890 1793 de
908 1757 1039 1792 abstin.

387 1823 444 1848 an.
468 1810 529 1857 lV,
542 1813 590 1857 7,
619 1810 722 1860 plura
742 1811 789 1848 de
809 1812 1040 1849 sacerdotum

387 1866 513 1903 officiis
536 1866 725 1916 disputans
739 1895 749 1912 ,
778 1867 846 1903 nisi
869 1868 969 1916 quod
990 1870 1042 1903 ter

387 1923 455 1960 hoc
480 1922 636 1959 interdiu
663 1922 742 1959 fieri
772 1923 924 1972 scripsit.
984 1923 1041 1961 De

389 1978 614 2016 sacerdotum
653 1977 907 2017 abluitionibus
944 1979 1042 2017 idem

387 2039 512 2072 auctor
539 2038 595 2072 est
629 2033 842 2072 Plutarchus
877 2036 925 2073 de
956 2035 1040 2073 lsid.

386 2095 497 2139 atque
515 2090 650 2128 Osirid.
669 2103 754 2141 pag.
776 2093 873 2137 381,
895 2091 952 2139 D,
982 2092 1042 2129 ubi

387 2151 535 2194 narrat,
565 2159 696 2196 aquam
720 2159 764 2185 eo
786 2147 950 2186 adhiberi
973 2161 1042 2199 pu-

387 2215 475 2249 ram,
487 2202 584 2240 unde
602 2202 672 2240 lbis
694 2203 770 2240 avis
791 2203 933 2241 biberit.
959 2204 1040 2242 Un-

388 2259 435 2296 de
453 2258 608 2296 lotiones
629 2258 806 2297 solemnes
833 2260 869 2297 in
889 2260 1042 2298 ludaeo-

387 2327 464 2352 rum
489 2314 622 2363 sacris‚
651 2315 698 2353 de
717 2316 847 2365 quibus
864 2316 1040 2367 Spencer.

388 2370 409 2407 Ι.
427 2369 450 2408 l.
467 2370 530 2418 ΙΙΙ,
551 2373 575 2412 3
588 2375 675 2408 sect.
695 2374 721 2413 2
736 2384 822 2422 pag.
839 2374 923 2414 788
936 2385 1037 2422 seqq.

388 2426 508 2473 Idem,
538 2432 708 2465 monente
740 2427 830 2476 Cr.,
858 2428 1040 2478 hodieque

388 2483 507 2521 facere
525 2482 728 2533 Aegyptios
742 2488 921 2522 testantur
943 2484 1040 2522 Galli

388 2538 485 2575 docti
513 2538 549 2575 in
585 2539 766 2592 Descript.
797 2541 845 2579 de
873 2540 972 2590 l’Eg.
1007 2540 1038 2578 11

388 2606 472 2643 pag.
494 2595 587 2635 386.

446 2646 564 2696 ἄλλοις
604 2665 644 2689 τε
682 2652 881 2704 θρησκίας
918 2650 1042 2692 ἐπιτε-

391 2701 520 2743 λέουσι
559 2706 723 2760 μυρίας]
781 2709 836 2747 Ita
876 2709 1041 2747 dedimus

390 2758 591 2808 Schweigh.
620 2765 743 2802 secuti.
788 2765 930 2815 Vulgo:
967 2780 1042 2816 μυ-

395 2814 478 2864 ρίας
491 2814 728 2859 ἐπιτελέουσι
744 2821 886 2859 inverso
902 2822 1040 2859 ordine.

1106 1028 1165 1067 De
1195 1032 1406 1077 argumento
1441 1029 1534 1065 conf.
1568 1025 1759 1076 Porphyrii

1106 1085 1222 1122 locum
1246 1085 1340 1121 laud.
1381 1084 1538 1121 Verbum
1570 1081 1759 1122 ἐπιτελεῖν

1106 1141 1143 1178 in
1162 1142 1267 1179 rebus
1289 1140 1397 1178 sacris
1409 1139 1629 1191 peragendis
1649 1138 1762 1174 usita-

1106 1202 1182 1235 tum
1227 1196 1476 1234 illustravimus
1524 1196 1572 1233 ad
1612 1195 1761 1232 Ctesiae

1106 1255 1271 1303 fragmm.
1294 1266 1379 1305 pag.
1402 1252 1495 1294 436.

1166 1307 1254 1349 οὔτε
1275 1325 1308 1348 τι
1323 1307 1395 1361 γὰρ
1409 1311 1488 1347 τῶν
1502 1308 1668 1359 οῐκηΐων
1681 1306 1760 1359 τρί-

1108 1366 1224 1418 βουσι
1246 1381 1280 1404 κ.
1302 1381 1332 1404 τ.
1354 1364 1407 1416 L]
1442 1366 1540 1402 Haec
1562 1365 1761 1402 diiudican-

1108 1423 1155 1458 da
1173 1426 1255 1458 sunt
1266 1435 1309 1458 ex
1323 1422 1486 1459 universa
1497 1420 1759 1470 Aegyptiorum

1108 1478 1334 1515 sacerdotum
1353 1477 1560 1514 conditione
1578 1483 1686 1524 atquc
1706 1476 1759 1511 iu-

1107 1534 1242 1570 stituto.
1273 1533 1414 1581 Cuique
1426 1533 1518 1570 enim
1536 1533 1669 1582 templo
1684 1545 1760 1568 am-

1108 1589 1156 1640 pli
1179 1589 1309 1626 adiecti
1327 1594 1430 1626 eraut
1451 1589 1572 1636 fundi,
1606 1601 1647 1626 ex
1670 1601 1759 1637 quo-

1107 1659 1184 1682 rum
1198 1646 1314 1683 reditu
1331 1658 1516 1683 commune
1535 1644 1656 1694 templi
1675 1657 1761 1681 con-

1108 1702 1197 1737 stitit
1221 1702 1417 1748 aerarium,
1447 1701 1499 1737 cui
1527 1701 1595 1749 ipsi
1618 1712 1710 1736 unus
1740 1713 1761 1737 e

1108 1757 1358 1793 sacerdotibus
1386 1756 1564 1806 praefuit,
1595 1753 1615 1795 ὅ
1642 1770 1761 1806 γραμ-

1109 1808 1294 1863 ματιστής
1313 1813 1394 1850 τοῖν
1416 1811 1512 1863 ἱρῶν
1539 1808 1760 1863 χρημάτων,

1108 1872 1147 1905 ut
1166 1881 1276 1917 supra
1293 1868 1336 1914 ll,
1359 1871 1411 1910 28
1435 1873 1590 1905 vocatur.
1620 1868 1676 1904 Ex
1695 1869 1763 1905 hoc

1108 1925 1246 1961 aerario
1260 1925 1418 1961 omnium
1441 1925 1679 1970 sacerdotum,
1700 1924 1763 1975 qui

1109 1981 1158 2017 ad
1183 1980 1356 2031 templum
1389 1981 1498 2018 hocce
1518 1981 1762 2031 pertinebant,

1109 2041 1247 2073 sumtus
1279 2038 1524 2086 erogabantur
1537 2066 1548 2084 ,
1586 2037 1762 2087 ipsaeque

1110 2093 1341 2130 sacerdotum
1384 2093 1539 2131 familiae
1580 2093 1761 2142 quotidia-

1109 2162 1196 2187 num
1216 2149 1299 2186 inde
1318 2149 1541 2198 accipiebant
1560 2150 1701 2194 victum,
1720 2152 1761 2185 ut

1108 2205 1196 2242 nihil
1219 2218 1239 2242 e
1259 2204 1408 2255 privatis
1439 2205 1568 2255 opibus
1588 2209 1685 2242 esset
1705 2204 1760 2241 in-

1108 2261 1333 2298 sumendum.
1353 2259 1406 2297 Ac
1425 2266 1613 2310 praeterea
1634 2260 1760 2309 singu-

1106 2316 1149 2354 lis
1169 2316 1414 2354 sacerdotibus
1434 2317 1595 2366 privatae
1615 2329 1760 2366 quoque

1106 2386 1197 2423 opes
1222 2374 1334 2410 suis-se
1362 2372 1530 2410 videntur
1551 2377 1588 2411 et
1605 2372 1759 2423 peculia.

1107 2429 1168 2467 Tu
1186 2429 1256 2465 vid.
1276 2429 1430 2466 Heeren.
1452 2430 1563 2468 ldeen
1583 2434 1647 2466 etc.
1667 2429 1712 2476 11,
1733 2431 1760 2470 2

1106 2497 1192 2535 pag.
1208 2487 1286 2526 132
1307 2484 1386 2521 coll.
1399 2485 1552 2522 Diodor.
1566 2485 1637 2522 Sic.
1651 2484 1679 2532 l,
1694 2486 1759 2526 73.

1106 2541 1219 2579 Unde
1248 2541 1335 2578 satis
1365 2547 1537 2592 apparet,
1567 2553 1660 2590 quae
1687 2541 1762 2578 sint

1108 2594 1174 2647 ἷρᾶ
1195 2592 1374 2648 χρήματα
1394 2598 1440 2645 ΙΙ,
1453 2599 1506 2640 28
1528 2602 1565 2636 et
1581 2609 1675 2646 quae
1690 2597 1724 2634 h.
1736 2595 1759 2634 l.

1109 2654 1274 2690 dicantur
1301 2654 1402 2692 σιτία
1433 2652 1499 2705 ἱροὶ
1534 2649 1760 2704 πεσσόμενα

1108 2710 1131 2746 i.
1152 2723 1182 2746 e.
1201 2710 1269 2747 cibi
1288 2710 1398 2757 cocti,
1427 2711 1489 2760 qui
1506 2723 1527 2748 e
1547 2709 1760 2760 templorum

1109 2766 1247 2802 aerario
1284 2766 1531 2816 reditibusque
1565 2769 1760 2815 erogantur

1110 2822 1356 2859 sacerdotibus
1382 2835 1578 2872 eonunque
1604 2821 1758 2860 familiis.
