1909 3228
468 200 553 240 736

884 198 1351 238 HERODOTI

470 306 631 351 τούτου
688 306 900 358 ἅψασθαι.
961 304 985 350 ὁ
1026 306 1165 362 νόμος
1217 301 1347 359 οὗτος
1396 309 1599 352 διατελέει
1647 309 1732 353 ἐών

439 386 626 442 4ὁμοῖος
655 385 780 440 μέχρι
812 385 914 440 ἐμεῦ
942 390 1003 445 τῷ
1035 384 1105 429 ἀπ’
1135 384 1283 442 ἀρχῆς.
1334 390 1414 429 τοῦ
1446 381 1508 429 οἷν
1538 387 1590 443 δὴ
1617 385 1733 431 Ἀλε-

469 464 659 519 ξάνδρου
689 462 939 507 ἀπιστέαται
960 464 1225 519 θεράποντες
1240 497 1250 513 ,
1282 463 1530 520 πυθόμενοι
1544 466 1622 509 τόν
1636 468 1732 521 περὶ
1744 474 1790 507 80

468 543 517 587 τό
550 542 647 598 ἱρὸν
678 542 829 598 ἔχοντα
857 541 1020 598 νόμον·
1053 543 1188 587 ἱκέται
1217 544 1263 587 δὲ
1294 543 1482 600 ἱζόμενοι
1510 548 1590 587 τοῦ
1609 549 1733 596 θεοῦ,

466 621 735 678 κατηγόρεον
766 625 848 665 τοῦ
880 620 1189 677 Ἀλεξάνδρου,
1236 621 1500 679 βουλόμενοι
1531 622 1735 678 βλάπτειν

469 698 629 752 αὐτὸν,
661 699 803 744 πάντα
832 700 963 756 λόγον
994 701 1266 758 ἐξηγεύμενοι
1309 700 1369 753 ὠς
1411 699 1492 758 εἶχε
1526 702 1625 755 περὶ
1653 700 1734 757 τήν

461 777 633 835 Ἑλένην
663 796 706 823 τε
735 780 809 823 καὶ
829 779 909 836 τὴν
925 779 968 831 ἐς
986 781 1216 824 Μενέλεων
1236 779 1407 837 ἀδικίην
1427 795 1436 805 ·
1466 779 1733 836 κατηγόρεον

467 859 513 902 δὲ
542 863 680 902 ταῦτα
712 857 821 913 πρός
848 874 892 902 τε
921 859 1026 911 τούς
1057 860 1175 914 ἱρέας
1204 860 1276 903 καὶ
1304 859 1382 903 τὸν
1411 863 1491 903 τοῦ
1522 857 1734 915 στόματος

309 943 410 988 114
468 937 630 982 τούτου
664 936 888 994 φύλακον,
935 942 997 994 τῷ
1029 938 1200 994 οὔνομα
1228 934 1285 994 ἦν
1318 942 1472 990 Θῶνις.
1526 937 1789 989 Ἀκούσαςῐέ5

134 1006 260 1034 Proteus
318 1007 411 1036 Parin

133 1049 177 1102 gd
180 1040 310 1102 ¹¹1³¹‹)÷tli1¹‹:in
314 1049 410 1104 Siubmct.

469 1017 515 1061 δὲ
544 1015 714 1061 τούτων
744 1016 768 1060 ὁ
801 1019 966 1069 Θῶνις,
1015 1017 1168 1073 πέμπει
1197 1018 1275 1070 τὴν
1303 1020 1503 1073 ταχίστην
1533 1018 1574 1068 ές
1603 1017 1730 1072 Μέμ-

439 1102 553 1152 Ξφιν
582 1095 700 1151 παρά
732 1097 916 1150 Πρωτέα
946 1095 1171 1154 ἀγγελίην,
1201 1096 1414 1152 λέγουσαν
1443 1094 1562 1139 τάδε·
1592 1095 1733 1147 ,ζΉκει

465 1175 659 1227 ,,ξεῖνος,
700 1175 828 1231 γένος
857 1175 937 1232 μὲν
972 1179 1186 1233 Τεῦκρος,
1239 1176 1369 1232 ἔργον
1400 1175 1446 1219 δὲ
1475 1172 1656 1218 ἀνόσιον
1686 1174 1733 1218 έν

466 1380 606 1434 ὁμοῖος
638 1380 750 1436 μέχρι
784 1381 880 1434 ἐμεῦ
915 1385 968 1438 τῷ
996 1377 1063 1424 απ’

410 1436 567 1490 αρχῆς]
626 1440 684 1476 Ita
729 1441 935 1490 scripsimus
984 1454 1065 1478 cum

409 1495 614 1545 Schweigh.
638 1499 674 1533 et
695 1496 882 1533 Gaissord.
941 1497 1063 1546 Vulgo

410 1549 556 1601 ὁμοίως
585 1556 622 1589 et
652 1548 847 1603 απαρχῆς.
912 1551 972 1589 Ad
1007 1555 1065 1605 τῷ

410 1603 477 1647 ἄπ’
497 1604 621 1658 οἷρχης
638 1609 754 1660 suppl.
775 1604 900 1675 νόμῳ.
918 1630 973 1636 -
1005 1608 1064 1646 De

409 1666 527 1702 forma
539 1660 764 1703 ἀπιστέαται
775 1665 861 1715 (pro
874 1660 1065 1715 οἷφίσταν-

410 1722 493 1768 ται)
515 1722 609 1757 conf.
633 1720 688 1768 ΙΙ,
711 1724 776 1762 80.

466 1778 521 1829 τῷ
543 1773 697 1826 οὕνομα
726 1772 779 1826 ἦν
806 1775 960 1827 Θωνις]
992 1776 1067 1813 Ρο-

407 1832 601 1882 lydamna,
629 1832 761 1870 Thonis
779 1834 960 1881 (Θῶνος)
979 1846 1066 1870 con-

409 1890 500 1935 iux,
544 1888 729 1939 Aegyptia
750 1918 761 1937 ,
824 1890 988 1927 Homero
1026 1891 1064 1926 in

409 1945 577 1982 Helenae
612 1945 761 1983 historia
804 1945 903 1982 haud
938 1946 1065 1994 ignota

410 2002 547 2050 Odyss.
576 2001 650 2048 IV,
683 2004 777 2043 228.
844 2002 955 2039 Unde
984 2001 1063 2038 aliis

413 2056 545 2094 Thonis
557 2058 687 2095 dicitur
698 2058 858 2108 Aegypti
868 2071 930 2096 rex
940 2071 951 2103 3
967 2059 1063 2095 conf.

408 2114 578 2151 Eustath.
607 2115 655 2151 ad
683 2114 837 2151 Homeri
863 2114 953 2161 loc.‚
989 2114 1063 2153 Ae-

407 2170 492 2207 lian.
516 2170 552 2206 h.
570 2182 603 2207 a.
623 2170 690 2218 IX,
713 2174 762 2212 21
797 2170 874 2208 coll.
894 2171 1061 2221 interpr-r.

409 2227 458 2263 ad
492 2225 666 2264 Nicandr.
693 2226 806 2264 Ther.
832 2228 925 2268 312.
984 2227 1062 2265 Sed

409 2282 574 2319 Diodoro
598 2283 628 2330 Ι,
653 2285 703 2322 19
728 2282 859 2320 Thonis
881 2288 1064 2321 vetustum

408 2342 466 2376 est
492 2336 654 2389 Aegypti
682 2341 906 2389 emporium,
937 2340 999 2377 ubi
1027 2340 1064 2376 in

409 2408 510 2432 mare
530 2397 603 2432 exit
623 2394 739 2432 Nilus.
779 2396 902 2445 Atque
922 2408 965 2433 ea
984 2397 1064 2446 ipsa

410 2452 496 2488 urbs
518 2464 540 2488 a
566 2451 683 2488 Thone
708 2465 817 2501 rege,
848 2453 909 2501 qui
932 2452 1063 2490 Mene-

409 2507 504 2544 laum
545 2509 755 2558 exceperit,
792 2521 926 2545 nomen
962 2522 1064 2546 acce-

410 2564 508 2613 pisse
526 2565 654 2601 fertur.
712 2565 793 2601 vid.
816 2565 938 2601 Strab.
960 2563 1063 2601 XVII

410 2632 496 2669 pag.
519 2622 596 2661 801
637 2635 665 2657 s.
699 2634 735 2670 p.
770 2621 897 2668 1152,
926 2620 958 2656 Β
986 2620 1065 2658 coll.

400 2675 569 2713 -Hecren.
594 2677 707 2714 Ideen
735 2677 790 2723 ll,
809 2681 834 2718 2
863 2689 949 2727 pag.
968 2679 1062 2718 378.

410 2730 520 2767 Plura
559 2734 697 2783 oppida
741 2745 807 2783 per
852 2733 1062 2783 Aegyptum

411 2788 555 2825 nomine
580 2788 697 2826 Thana·
726 2790 905 2827 exstitisse
934 2790 1062 2827 viden-

409 2846 487 2890 tur,
509 2845 605 2882 unde
626 2846 807 2883 Graecum
832 2847 963 2893 Θῶνις
991 2848 1059 2884 ssu-

1132 1385 1228 1422 xisse
1257 1383 1333 1421 vult
1362 1382 1564 1433 Champoll.
1584 1382 1743 1433 l’Egypt.
1758 1395 1787 1418 s.

1133 1441 1156 1478 l.
1181 1441 1283 1490 phar.
1314 1440 1330 1476 I
1363 1453 1399 1490 p.
1423 1440 1516 1481 285.
1563 1438 1596 1475 Il
1626 1452 1662 1489 p.
1697 1438 1786 1480 142.

1133 1500 1227 1538 262.
1287 1495 1359 1539 Qui
1382 1496 1510 1533 altiora
1536 1499 1719 1532 sectantur
1751 1499 1788 1531 et

1132 1553 1340 1590 interiorem
1371 1552 1554 1600 quandam
1584 1551 1707 1588 harum
1732 1552 1788 1587 sa-

1133 1609 1295 1646 bularum
1335 1609 1511 1645 rationem
1548 1608 1667 1644 rimari
1708 1612 1785 1644 stu-

1134 1666 1247 1712 dent,
1283 1664 1430 1701 Thenem
1461 1664 1584 1700 volunt
1604 1677 1683 1701 esse
1713 1665 1787 1714 spi-

1134 1722 1243 1757 ritum
1264 1721 1427 1757 universi.
1465 1720 1645 1768 Equidem
1666 1720 1785 1757 malim

1133 1790 1212 1814 cum
1235 1777 1419 1813 Creuzero
1434 1777 1595 1824 cogitare
1607 1776 1654 1812 de
1671 1776 1787 1813 Grae-

1134 1845 1257 1869 corum
1282 1831 1433 1868 Tithono
1451 1832 1544 1880 (quo
1567 1833 1645 1882 ipso
1664 1832 1702 1868 in
1720 1845 1789 1868 no-

1132 1890 1230 1926 mine
1253 1887 1435 1938 Aegyptia
1459 1889 1562 1926 radix
1586 1886 1710 1938 [Θῶν]
1732 1888 1790 1925 in·-

1134 1958 1215 1983 esse
1251 1945 1447 1993 videatur)
1493 1944 1789 1994 Aegyptiumque

1133 2002 1219 2039 inde
1248 2001 1398 2039 heroem
1427 2001 1475 2038 ad
1497 2000 1633 2038 solares
1653 2001 1788 2039 referre

1132 2059 1221 2096 deos
1240 2058 1276 2094 in
1297 2057 1468 2108 Aegypto
1487 2057 1554 2094 coli
1577 2056 1715 2095 solitos.

1329 2142 1392 2179 Ca
1400 2155 1438 2192 p.
1468 2139 1597 2178 cxlv.

1186 2223 1299 2277 γένος
1334 2223 1406 2276 μὲν
1442 2224 1638 2276 Τεῦκρος]
1692 2228 1785 2264 Tav-

1132 2279 1224 2334 πρὸς
1246 2281 1450 2330 Schweigh.
1469 2286 1505 2319 et
1523 2282 1706 2319 Gaisford.
1720 2283 1786 2320 de-

1132 2340 1267 2376 derunt
1292 2352 1358 2389 pro
1385 2339 1558 2389 Τεῦκρος
1565 2352 1578 2384 ,·
1609 2339 1787 2387 quemad-

1132 2397 1280 2433 modum
1317 2408 1397 2431 cum
1436 2395 1535 2445 apud
1570 2394 1784 2445 Euripidem

1132 2457 1242 2501 atque
1265 2451 1350 2488 alias
1372 2464 1516 2501 semper
1531 2451 1707 2502 scriptum
1730 2452 1785 2488 vi-

1132 2509 1272 2555 derim,
1309 2506 1359 2543 nil
1393 2508 1606 2544 mutandum
1648 2508 1783 2545 censui.

1134 2569 1257 2613 Atque
1277 2564 1383 2601 etiam
1403 2564 1439 2599 in
1465 2576 1568 2613 seqq.
1588 2563 1714 2613 reliqui
1731 2564 1783 2601 le-

1133 2621 1290 2658 ctionem
1312 2619 1519 2668 vulgatam,
1549 2620 1645 2657 libris
1675 2621 1782 2658 etiam

1133 2678 1272 2727 scriptis
1293 2677 1488 2713 firmatam:
1521 2674 1561 2722 ἐς
1578 2678 1654 2727 γῆν
1671 2672 1783 2715 ταύ-

1131 2748 1221 2783 την
1261 2729 1494 2783 ἀπενεχθεὶς
1519 2761 1530 2779 ,
1569 2733 1667 2769 cuius
1703 2733 1782 2770 loco

1129 2790 1229 2838 quod
1259 2790 1296 2826 in
1323 2789 1538 2839 nuperrimis
1564 2789 1781 2826 editionibus

1127 2846 1359 2884 substitutum
1391 2849 1466 2883 est:
1495 2841 1570 2896 τήν
1598 2841 1694 2895 σὴν,
1731 2845 1779 2881 ad
