1877 3223
677 187 890 227 CLIO.
948 187 975 226 1.

1385 190 1467 230 119

191 312 267 343 τον
295 294 585 355 ἡμιτάλαντον
622 296 804 341 ἕκαστον
841 297 1041 341 ἕλκοντα·
1079 295 1132 338 τὰ
1161 295 1207 339 δὲ
1235 295 1343 340 ἄλλα
1371 295 1510 355 ἡμι-6ο

141 474 241 510 cutus
271 471 472 521 Schweigh.
501 475 579 522 est,
608 472 705 511 haud
731 485 789 511 re·

140 528 354 565 cedendum.

194 583 294 621 Auro
312 584 434 622 huicce
451 584 642 636 purissimo
669 597 787 636 oppo-

136 641 233 678 nitur
250 640 288 678 in
310 654 414 692 seqq.
441 638 580 687 λευκός
596 638 739 693 χρυσὸς
759 644 782 680 ἰ.

136 710 168 736 e.
196 696 352 734 albidum
378 710 408 734 s.
436 697 624 734 cande'dum
646 711 785 746 aurum,

137 753 238 804 quod
258 753 390 790 scilicet
417 753 535 789 minus
557 766 686 803 purum
715 760 784 803 est,

133 810 234 858 quod
253 810 372 846 minus
389 813 583 859 purgatum
611 814 667 847 est
692 811 784 848 mul-

131 867 241 914 taque
265 865 336 902 alia
372 864 482 903 habet
510 866 687 914 admixta,
725 880 783 904 ar-

130 926 281 970 gentum
298 921 463 972 inprimis
483 934 527 958 ex
543 922 602 958 illa
619 928 782 961 veterum

129 978 321 1028 opinione,
357 990 430 1026 qua
461 978 558 1015 omni
606 991 693 1015 auro
723 991 781 1016 ar-

130 1038 284 1083 gentum
323 1034 444 1071 inesse
485 1034 584 1071 vario
614 1035 779 1085 pondere

130 1091 275 1140 scripsit
335 1089 472 1126 Plinius
535 1089 632 1127 Hist.
689 1090 776 1129 Nat.

127 1145 289 1183 XXXIII
308 1149 394 1184 sect.
423 1147 489 1187 23.
531 1145 627 1184 Tale
651 1159 776 1185 aurum

124 1203 302 1240 vocabant
329 1201 512 1239 Electrum
542 1200 769 1255 (ἤλεκτρον)

123 1258 283 1307 illudque
309 1258 344 1294 h.
363 1257 385 1295 l.
417 1258 692 1307 intelligendum
715 1274 773 1297 es-

124 1327 165 1352 se
183 1318 269 1364 post
286 1313 377 1351 alios
405 1314 543 1351 monuit
561 1314 773 1353 Schneider.

121 1371 160 1408 in
185 1369 276 1408 Lex.
308 1370 374 1407 Gr.
403 1382 431 1406 5.
457 1382 489 1406 v.
538 1369 598 1407 De
628 1370 774 1408 Electra

120 1426 311 1478 primarius
331 1430 387 1463 est
406 1425 512 1462 Plinii
520 1425 619 1462 locus
629 1427 665 1463 in
674 1427 771 1464 Hist.

119 1482 208 1521 Nat.
229 1481 552 1529 XXXVIIJsect„
576 1484 626 1523 11
643 1486 771 1533 p.769

119 1539 178 1579 ed.
201 1539 332 1587 Hard.‚
357 1551 509 1588 quocum
533 1538 598 1576 Cr.
618 1540 772 1576 conferri

117 1595 194 1632 vult
242 1608 305 1643 ea,
367 1607 462 1644 quae
522 1600 770 1644 exposuerunt

120 1650 268 1689 Eckhel.
280 1651 301 1688 l.
313 1650 337 1687 l.
352 1650 522 1700 Prolegg.
544 1663 631 1701 pag.
644 1651 768 1689 XXIV

120 1719 198 1756 seq.
220 1712 257 1745 et
273 1707 393 1744 Raoul
403 1707 606 1745 -Rochette
616 1708 653 1744 in
663 1708 767 1744 Iour-

120 1763 180 1800 nal
200 1763 234 1800 d.
249 1763 388 1799 Savans
402 1766 508 1805 1819
520 1764 607 1813 Apr.
620 1778 656 1814 p.
672 1766 764 1806 208.

182 1818 354 1871 τρίτον
410 1817 767 1870 ’ἡμιτάλαντον

118 1874 283 1914 ἕκαστον
311 1873 493 1926 ἕλκοντα]
535 1876 675 1913 Omnes
704 1890 766 1913 co-

117 1933 234 1969 dices:
278 1931 366 1983 τρία
395 1926 639 1982 ἡμιτάλαντα
678 1933 700 1969 i.
732 1946 763 1969 e.

116 2001 226 2025 unum
243 1987 411 2025 talentum
434 1999 510 2024 cum
537 1987 681 2024 ‹limidio
709 1987 766 2023 al-

114 2047 234 2082 terius.
294 2044 405 2087 Quod
425 2048 522 2081 certe
542 2043 662 2080 mirari
679 2043 766 2080 sub-

115 2104 187 2148 eat,
205 2113 285 2137 cum
294 2100 439 2150 pondus
459 2112 582 2137 eorum
602 2099 764 2148 laterum,

114 2158 176 2206 qui
195 2169 240 2194 ex
260 2169 347 2193 auro
370 2155 490 2192 albido
515 2169 543 2192 s.
566 2156 682 2192 minus
695 2169 765 2204 pu-

113 2226 156 2250 ro
173 2212 326 2250 confecti
343 2216 466 2258 erant,
480 2213 633 2249 duorum
651 2210 764 2248 talen-

113 2273 231 2306 torum
267 2269 381 2306 fuisse
428 2268 588 2315 dicatur,
643 2280 763 2316 neque

111 2325 341 2363 Herodotum
367 2324 537 2362 credibile
563 2325 611 2361 sit
657 2324 763 2371 igno-

112 2394 232 2428 rasse,
277 2394 408 2431 purum
450 2393 575 2417 aurum
617 2380 762 2428 gravius

113 2450 195 2475 esse
224 2450 289 2485 e0‚
329 2438 384 2474 cui
409 2442 598 2485 argentum
625 2437 672 2473 sit
693 2437 761 2473 ad-

112 2493 283 2540 mixtum,
322 2493 494 2542 quodque
522 2494 641 2530 minus
674 2493 760 2530 inde

113 2548 160 2584 sit
179 2561 317 2598 purum.
374 2549 493 2592 Quam
513 2547 759 2585 difficultatem

114 2604 165 2640 ita
181 2603 257 2640 tolli
274 2617 385 2654 posse
404 2605 514 2653 vulgo
534 2604 759 2641 arbitraban-

113 2664 193 2707 tur,
222 2664 262 2696 ut
280 2663 435 2709 quatuor
451 2661 582 2698 lateres
602 2661 679 2697 auri
690 2674 758 2711 pu-

112 2716 142 2753 ri
160 2715 272 2752 multo
283 2716 465 2753 breviores
476 2745 487 2762 ‚
507 2716 664 2764 reliquos
680 2716 760 2753 lon-

113 2772 235 2820 giores
259 2772 428 2809 dicerent.
470 2772 758 2820 Schweighaeus.

112 2832 151 2866 et
175 2832 259 2867 ante
277 2840 360 2866 eum
390 2827 452 2866 Fr.
473 2828 560 2866 Chr.
580 2827 759 2868 Matthiae

857 471 894 509 in
920 475 1212 523 programmate,
1242 471 1343 522 quod
1370 473 1506 523 prodiit

853 528 1081 570 Francosurt.
1135 530 1183 566 ad
1229 528 1350 567 Moen.
1397 531 1504 571 1810

853 584 1179 634 (‚‚Bemerkungen
1198 598 1244 622 zu
1270 585 1347 623 drei
1367 585 1505 624 Stellen

852 640 900 677 im
926 641 1116 689 Herodot‚
1147 642 1276 680 Cicero
1308 642 1382 678 und
1403 641 1503 679 Livi-

854 698 956 745 us“),
985 698 1021 734 in
1041 697 1232 736 Herodoto
1263 698 1411 736 rescribi
1437 711 1502 735 vo-

851 752 994 791 luerunt
1044 754 1176 803 τρίτον
1221 750 1499 805 ἡμιτάλαντον,

851 810 950 858 quod
977 810 1094 860 ipsum
1123 824 1144 847 a
1169 809 1366 848 Laurentio
1397 810 1501 848 Valla

849 866 985 903 dudum
1024 879 1233 916 expressum
1280 870 1357 904 erat
1399 866 1499 904 hisee

848 922 986 959 verbis:
1002 922 1070 959 cluo
1092 922 1224 960 talenta
1246 935 1322 960 cum
1341 922 1496 960 dimidio.
1516 947 1519 950 -

847 977 1003 1028 Recepit
1022 979 1252 1016 Gaisfordius
1264 1007 1275 1025 ‚
1297 991 1404 1028 quem
1416 978 1496 1027 ipse

847 1038 989 1071 secutus
1020 1048 1108 1072 sum.
1167 1034 1236 1072 Vix
1271 1035 1366 1072 enim
1393 1033 1496 1072 aliter

843 1088 1071 1128 Herodotum
1112 1091 1301 1141 scripsisse
1343 1103 1494 1140 persua-

844 1158 922 1182 sum
951 1145 1079 1184 habeo.
1138 1147 1232 1184 Cum
1262 1147 1357 1184 enim
1384 1145 1492 1197 ἕβδο-

844 1216 919 1252 μον
956 1198 1224 1253 ἡμιτάλαντον
1264 1202 1396 1240 efficiat
1432 1216 1492 1240 sex

842 1258 974 1295 talenta
1002 1273 1079 1296 cum
1109 1259 1277 1306 dimidio,
1310 1256 1491 1309 τέταρτον

840 1310 1106 1363 ημιταλαντον
1145 1318 1218 1353 trza
1251 1314 1383 1352 talenta
1414 1328 1490 1353 cum

841 1370 1007 1417 ἀίηιίᾈάιο
1037 1371 1093 1408 hic
1125 1384 1271 1420 quoque
1295 1371 1425 1422 τοίτον
1444 1386 1490 1421 η-

840 1421 1079 1476 μιταλαντον
1124 1427 1210 1464 erit:
1256 1426 1324 1462 duo
1353 1426 1488 1464 talenta

839 1494 915 1518 cum
934 1482 1089 1521 ‹li'ssmzdw
1138 1482 1276 1519 Probat
1297 1482 1487 1521 Gramma-

837 1539 928 1575 ticus
977 1538 1014 1574 in
1063 1537 1224 1577 Bekkeri
1268 1537 1431 1576 Anecdd.
1469 1539 1486 1576 I

836 1608 872 1645 p-
892 1596 996 1642 306,
1019 1598 1094 1641 20,
1125 1599 1234 1644 atque
1262 1593 1356 1644 Aug.
1387 1595 1485 1632 Mat-

834 1650 931 1688 thiae
971 1651 1008 1688 in
1044 1652 1206 1688 Gramm.
1236 1652 1299 1688 Gr.
1332 1650 1369 1702 ἓ.
1392 1651 1483 1699 143,

835 1707 894 1743 ubi
927 1707 973 1744 de
1006 1707 1211 1746 discrimine
1243 1707 1337 1744 inter
1363 1707 1484 1772 τρία

833 1759 1078 1814 ἦμιταλαντα
1092 1768 1128 1800 et
1148 1779 1168 1802 τ
1180 1779 1200 1816 ρ
1216 1764 1289 1802 ι’το
1302 1778 1325 1802 ν
1342 1779 1482 1813 ἠμιτα-

834 1822 976 1858 λαντον
995 1820 1145 1857 monuit
1204 1819 1314 1856 Plura
1341 1820 1481 1856 Casan-

834 1876 919 1912 bon.
939 1876 987 1912 ad
1007 1875 1042 1912 Γ
1044 1875 1252 1925 heophrast.
1271 1875 1478 1912 Character.

832 1931 883 1967 Vl
905 1944 990 1980 pag.
1011 1932 1063 1970 93
1086 1944 1164 1979 seq.
1189 1931 1246 1967 ed.
1266 1929 1385 1966 Fisch.
1401 1929 1478 1967 coll.

833 1985 934 2022 Rose
955 1986 1133 2034 Inscriptt.
1156 1998 1241 2035 pag.
1268 1987 1361 2026 203.
1401 1984 1479 2022 Ad-

834 2042 887 2078 dit
910 2041 939 2078 C
944 2054 973 2077 r.
991 2041 1145 2077 Pollucis
1174 2041 1417 2078 testimonium
1441 2042 1477 2079 in

832 2098 1024 2134 Onoinast.
1070 2097 1142 2143 lX,
1191 2097 1256 2138 54.
1318 2095 1474 2145 Etymol.

830 2166 951 2202 magn.
973 2166 1058 2203 pag.
1081 2152 1162 2193 744
1173 2153 1364 2201 etDidym.
1379 2155 1489 2202 apudh

830 2210 1003 2247 Priscian.
1042 2222 1078 2259 p.
1115 2209 1232 2250 1347.
1263 2210 1370 2249 1350
1400 2209 1476 2256 (de

831 2267 935 2314 figur.
965 2278 1102 2302 numer.
1132 2278 1209 2315 cap.
1232 2268 1258 2305 2
1287 2277 1372 2315 pag.
1391 2267 1475 2306 208

831 2323 887 2359 ed.
912 2322 1194 2369 Lindemann),
1223 2320 1306 2358 The
1336 2320 1472 2358 classic.

827 2378 947 2415 Iourn.
987 2378 1066 2414 vol.
1098 2377 1131 2414 V
1168 2390 1252 2427 pag.
1278 2376 1360 2417 334
1395 2390 1471 2426 seq.

828 2435 928 2472 Idem
952 2434 998 2471 de
1017 2437 1227 2482 argumento
1258 2432 1397 2470 consuli
1419 2433 1473 2468 iu-

828 2492 890 2529 bet
921 2490 1136 2541 peculiarem
1171 2489 1347 2538 VVagneri
1386 2489 1473 2526 scri-

826 2548 987 2597 ptionem
1011 2547 1056 2582 de
1069 2546 1196 2583 Croesi
1205 2545 1472 2595 hemiplinthiis‚

825 2604 996 2641 insertam
1025 2601 1203 2639 Mercurio
1239 2600 1346 2639 Novo
1379 2601 1470 2638 Ger-

825 2660 964 2697 manico
992 2661 1100 2700 1802
1124 2658 1295 2696 Decemb.
1316 2670 1353 2707 p.
1376 2655 1470 2703 295,

825 2718 898 2765 qua
924 2715 1099 2766 probatur
1140 2726 1202 2761 ea,
1231 2726 1337 2762 quam
1366 2713 1471 2750 dedi-

825 2785 927 2819 mu5‚
955 2770 1024 2808 loci
1052 2769 1310 2821 interpretatio.
1349 2768 1469 2811 Quam

826 2829 981 2867 eandem
1005 2827 1110 2865 unice
1149 2838 1270 2865 veram
1309 2836 1469 2877 pronun-
