1909 3228
433 217 518 258 538

825 206 1292 248 HERODOTI

437 324 724 380 διαδήσαντας
752 317 1085 375 ἀμφοτέρωθεν,
1125 315 1314 369 κατάπερ
1351 318 1484 370 βοῦν,
1526 310 1684 366 πορεύ-

437 410 584 448 εσθαι·
628 400 683 456 ἢν
713 399 757 442 δὲ
786 397 1035 452 ἀπορραγῇ,
1080 394 1128 438 τό
1167 399 1323 438 πλοῖον
1365 396 1522 447 οἴχεται
1552 389 1743 447 ‹peno-45

407 490 572 538 3μευον
608 478 694 522 ὑπὸ
735 475 882 532 ἰσχύος
909 479 990 518 τοῦ
1030 473 1154 528 ῥόου.
1212 472 1262 516 τὸ
1294 472 1339 515 δὲ
1369 473 1529 526 χωρίου
1558 475 1687 512 τοῦτο

436 563 523 605 ἔστι
552 559 619 602 ἐπὶ
645 556 809 614 ἡμέρας
838 554 1040 607 τέσσερας
1065 551 1218 602 πλόος·
1269 550 1440 600 σκολιός
1464 549 1510 592 ὁὲ
1539 546 1687 603 ταύτῃ,

434 637 622 691 κατάπερ
662 634 685 678 ὁ
726 635 1003 686 Μαίανδρος,
1050 631 1139 674 ἔστι
1168 629 1191 673 ὁ
1223 633 1391 679 Νεῖλος.
1450 631 1614 682 σχοῖνοι
1644 625 1690 667 δὲ

438 713 635 762 δυώδεκά
663 715 742 758 εἰσι
773 707 916 763 οὗτοι,
946 710 1050 761 τούς
1081 713 1147 753 δεῖ
1162 708 1302 765 τούτῳ
1326 712 1386 764 τῷ
1410 705 1554 762 τρόπῳ
1577 706 1690 747 διεκ-

408 801 618 842 4πλῶσαι.
648 794 720 838 καὶ
750 793 892 835 ἔπειτα
922 787 1091 840 ἀπίξεαι
1121 789 1162 839 ἐς
1192 791 1342 831 πεδίου
1371 792 1508 837 λεῖον,
1553 783 1599 826 ἐν
1627 786 1688 838 τῷ
1736 787 1814 824 116

436 881 573 933 νῆσον
601 871 816 928 περιρρέει
845 868 868 914 ὁ
901 872 1076 920 Νεῖλος·
1130 867 1344 924 Ταχομψαὶ
1376 865 1546 920 οὕνομα
1579 860 1692 917 αὐτῇ
1705 865 1747 901 51

381 1064 397 1102 Ι
416 1075 502 1113 pag.
523 1059 577 1101 34
598 1072 672 1108 seq.
700 1062 737 1095 et
763 1058 810 1094 de
834 1055 909 1094 Nili
930 1067 1034 1092 cursu

382 1120 503 1157 strab.
524 1116 626 1154 xvn
656 1116 733 1152 init.
755 1127 790 1164 p.
811 1115 904 1153 786.
927 1112 1035 1152 1133

383 1180 420 1213 et
441 1189 477 1225 p.
494 1172 733 1220 1177,B.—
762 1169 821 1207 Ad
841 1169 969 1206 verba:
982 1162 1036 1217 ἢν

383 1229 426 1271 δὲ
447 1227 658 1284 εἷπορραγῇ
680 1227 797 1278 suppl.
822 1222 952 1271 κάλως
978 1223 1036 1261 vel

385 1288 498 1326 simile
519 1286 619 1336 quid.

441 1371 521 1411 ἔστι
563 1368 627 1409 ἐπὶ
669 1367 819 1420 ἡμέρας
854 1366 1039 1418 τέσσερας

384 1424 524 1477 πλόος]
546 1427 712 1463 Indicant
728 1426 819 1462 haec
841 1425 953 1461 verba
971 1436 1037 1459 ua-

384 1485 598 1533 vz'gationem
624 1481 825 1530 quutridui‚·
867 1480 962 1517 cons.
991 1478 1037 1524 ll,

387 1544 439 1582 19
469 1544 505 1577 et
528 1539 658 1575 Matth.
689 1538 753 1574 Gr.
783 1537 847 1573 Gr.
880 1550 915 1585 p.
943 1534 1035 1575 794.

387 1598 471 1642 Quo
491 1597 570 1645 ipso
593 1594 745 1644 spatium
767 1594 812 1629 ab
828 1592 1039 1641 Elephanti-

387 1667 433 1691 ne
451 1652 568 1688 insula
589 1663 703 1698 usque
731 1649 779 1685 ad
805 1648 1039 1697 Tachoinpso

386 1708 536 1747 indicari
576 1710 660 1757 post
696 1705 877 1742 Hennick.
918 1704 1042 1740 statuit

386 1764 600 1809 Larcherus,
612 1775 695 1798 mox
706 1766 828 1798 tamen
839 1760 930 1807 (vid.
943 1759 978 1795 Τ
982 1759 1039 1795 ab.

388 1822 526 1868 Geogr.
543 1831 628 1868 pag.
648 1818 772 1862 531),
804 1817 871 1852 hae
896 1819 1041 1852 senten-

386 1879 438 1916 tia
454 1876 600 1921 reiecta,
631 1873 814 1922 quatridui
832 1872 960 1908 itinere
977 1871 1041 1907 de-

388 1932 514 1972 clarari
530 1930 605 1967 vult
620 1929 882 1977 longitudinem
895 1928 941 1964 ab
958 1926 1043 1964 Ele-

387 1989 563 2042 phantine
589 1999 704 2035 usque
734 1985 783 2023 ad
804 1997 884 2022 eum
910 1983 1041 2030 locum,

388 2047 450 2083 ubi
479 2043 586 2081 Nilus
616 2056 690 2079 non
718 2040 871 2090 amplius
903 2040 948 2076 sit
967 2043 1042 2075 tor-

389 2108 536 2146 tuosus3
567 2100 665 2136 unde
676 2099 744 2136 alio
755 2098 864 2134 tridui
878 2100 941 2133 aut
953 2109 1043 2144 qua-

390 2158 499 2196 tridui
528 2157 658 2193 itinere
688 2155 826 2191 distare
860 2152 1043 2190 Tachom-

390 2228 477 2265 pso3
507 2215 558 2249 ita
577 2217 616 2249 ut
637 2212 685 2249 ad
706 2212 799 2248 hanc
823 2209 976 2246 insulam
997 2208 1042 2244 ab

390 2269 636 2321 Elephantine
645 2266 891 2318 proficiscenti
906 2270 1043 2314 septem

393 2343 422 2365 s.
441 2331 521 2364 octo
534 2326 610 2362 dies
633 2325 704 2360 sint
720 2322 934 2359 insumendi.
954 2320 1045 2357 Mihi

391 2383 576 2421 Herodoti
595 2381 709 2418 verba
728 2380 787 2415 vix
809 2379 912 2416 aliter
931 2376 1044 2427 expli-

393 2440 464 2477 cari
487 2452 596 2488 posse
613 2438 781 2474 videntur
803 2439 915 2483 atque
928 2434 974 2470 de
991 2432 1047 2468 xia

393 2497 440 2533 ab
462 2494 699 2544 Elephantine
716 2505 830 2540 usque
842 2491 888 2528 ad
901 2503 981 2526 eum
994 2488 1047 2524 lo-

395 2565 495 2598 cum,
523 2551 582 2587 ubi
601 2549 705 2587 Nilus
727 2561 800 2584 non
819 2546 969 2596 amplius
992 2549 1049 2581 est

397 2612 592 2643 tortuosus.
623 2606 742 2649 Quam
763 2605 857 2640 viam
874 2614 1048 2638 commer-

397 2664 451 2699 cio
463 2664 689 2711 frequentem
702 2673 784 2697 esse
803 2659 941 2696 monuit
951 2657 1049 2695 Hee-

399 2731 474 2754 ren.
491 2718 601 2755 ldeen
613 2723 679 2755 etc.
698 2717 743 2764 ll,
763 2719 789 2757 2
806 2728 891 2766 pag·
911 2713 1003 2755 440·

462 2798 658 2850 Ταχομψώ
674 2797 827 2849 οὕνομα
840 2793 940 2851 αὐτῇ
957 2796 1050 2848 ἐστι’]

405 2855 616 2905 Taclwmpso
644 2871 665 2894 a
691 2856 879 2905 Stephano
898 2855 1053 2903 Byzant.

1103 1067 1130 1090 5,
1151 1066 1186 1090 v.
1215 1064 1329 1102 prope
1352 1050 1474 1086 Philas
1503 1060 1586 1086 esse
1612 1046 1754 1089 dieitur,

1103 1123 1198 1159 quae
1222 1108 1430 1145 Ptolemaeo
1460 1109 1609 1142 auctore
1636 1101 1753 1149 inagis

1104 1167 1153 1204 ad
1175 1164 1358 1202 meridiem
1386 1176 1408 1200 a
1435 1161 1544 1199 l'hilis
1568 1159 1638 1196 sita
1663 1160 1753 1195 erat.

1104 1223 1218 1269 Sunt,
1259 1221 1320 1269 qui
1356 1219 1509 1256 insulam
1549 1214 1756 1266 appellent3

1108 1283 1191 1316 sunt
1218 1278 1279 1326 qui
1316 1277 1443 1313 urbem
1467 1278 1622 1319 vocent,
1662 1282 1758 1319 quae

1104 1335 1352 1372 Romanorum
1368 1336 1487 1370 aetate
1506 1330 1555 1367 ad
1572 1328 1758 1377 regionem

1106 1391 1252 1427 nomine
1289 1386 1588 1426 Dodeeaschoeni
1633 1387 1757 1420 notam

1105 1447 1326 1496 pertinuerit.
1357 1445 1432 1481 Sed
1464 1445 1543 1492 ipsa
1565 1441 1651 1476 urbs
1673 1442 1758 1487 post

1107 1504 1272 1547 deserta,
1303 1514 1410 1550 quani
1430 1499 1628 1546 Aethiopes
1652 1495 1757 1531 aliam

1107 1572 1150 1595 ex
1188 1558 1277 1593 illius
1318 1558 1466 1604 regione
1507 1553 1758 1591 condiderant.

1106 1616 1215 1652 lNune
1253 1613 1331 1650 loeo
1363 1625 1494 1649 nomen
1532 1623 1613 1646 esse
1646 1608 1759 1643 Derar

1107 1670 1289 1707 Mannert.
1308 1670 1409 1718 ponit
1430 1669 1450 1704 l.
1471 1667 1491 1702 l.
1514 1667 1561 1711 X,
1584 1668 1603 1705 1
1618 1678 1651 1713 p.
1666 1665 1759 1703 231.

1109 1727 1185 1763 Sed
1213 1725 1371 1761 Heeren.
1401 1725 1533 1767 (ldeen
1561 1730 1628 1758 ete.
1658 1719 1704 1766 ll,
1737 1721 1759 1759 1

1108 1795 1192 1831 pag.
1217 1781 1318 1827 359)
1348 1780 1498 1826 intelligi
1527 1790 1636 1827 posse
1664 1775 1760 1812 arbi-

1107 1843 1225 1874 tratur
1260 1837 1414 1873 insulani
1449 1833 1676 1884 Cuffiptwlw',
1705 1832 1762 1869 vel

1108 1894 1214 1931 aliam
1240 1894 1444 1943 quandam,
1487 1904 1581 1940 quae
1608 1893 1762 1938 quatuor

1109 1950 1269 1988 milliaria
1295 1950 1441 1986 ulterius
1472 1962 1492 1985 e
1515 1947 1665 1996 regione
1693 1945 1763 1981 vici

1111 2007 1288 2043 Girscheh
1309 2007 1376 2042 sita
1395 2006 1462 2050 sit·‚
1492 2004 1623 2041 namin
1636 2002 1695 2038 illa
1708 2002 1764 2037 in-

1111 2063 1187 2100 sula
1207 2062 1499 2113 splendidissima
1520 2064 1557 2097 et
1583 2058 1763 2108 amplissi-

1109 2133 1169 2156 ma
1195 2119 1409 2168 templorum
1434 2117 1565 2153 rudera
1584 2115 1762 2151 recentio-

1110 2177 1159 2212 ris
1185 2176 1313 2212 aetatis
1340 2174 1628 2223 peregrinatores
1660 2171 1764 2206 dete-

1111 2238 1258 2278 xerunt,
1307 2244 1399 2278 quos
1432 2229 1583 2265 eosdem
1621 2231 1762 2263 secutus

1110 2288 1240 2324 Ritter.
1262 2286 1452 2322 Erdkund.
1476 2285 1489 2320 l
1511 2298 1544 2333 p.
1561 2283 1640 2323 645
1659 2295 1761 2331 seqq.

1112 2343 1215 2395 plura
1231 2344 1402 2392 disputat.
1452 2342 1491 2377 ln
1508 2340 1689 2388 Aeg-iptio
1710 2340 1763 2375 in-

1114 2400 1213 2437 sulae
1235 2400 1378 2435 nominc
1393 2396 1630 2444 Tachempsale
1646 2409 1673 2431 s.
1689 2394 1764 2430 Τα-

1114 2456 1267 2493 εΙιὶηιεαΙι
1288 2456 1424 2491 invenit
1450 2452 1650 2502 Chfflnpoll.
1673 2451 1765 2498 (ΓΕ-

1115 2518 1218 2561 gypt.
1242 2525 1324 2548 sous
1345 2512 1364 2547 l.
1385 2511 1484 2559 phar.
1500 2511 1558 2558 lp.
1577 2509 1652 2549 152
1667 2510 1766 2556 seq.)

1115 2570 1370 2605 indicationem
1389 2567 1467 2611 luci,
1486 2567 1546 2602 ubi
1561 2568 1642 2601 sunt
1664 2564 1769 2601 multi

1116 2625 1290 2661 crocodili.
1322 2623 1432 2667 Quod
1458 2623 1553 2659 idem
1571 2626 1679 2658 antea
1700 2634 1766 2670 po-

1118 2687 1239 2718 suerat
1267 2680 1451 2717 {oman-dus
1479 2677 1627 2715 Recueil
1657 2681 1722 2714 etc.
1753 2677 1764 2713 Ι

1118 2751 1202 2788 pag.
1225 2740 1292 2783 92,
1315 2737 1374 2773 ubi
1404 2735 1503 2771 varia
1521 2734 1665 2771 nomina
1682 2733 1769 2769 atti-

1120 2795 1192 2842 git,
1222 2794 1353 2842 quibus
1385 2791 1482 2841 apud
1513 2795 1652 2828 veteres
1678 2789 1767 2826 haec

1119 2850 1234 2888 insula
1252 2848 1475 2897 designatur.
