1909 3228
589 224 1011 265 EUTERPE.
1065 224 1110 262 II.

1385 227 1468 266 493

182 334 462 390 Ξπυραμῖδας
491 339 830 392 κατατμηθεῖσαι
859 333 935 385 τοὶς
963 334 1010 377 ἐν
1032 332 1200 388 Μέμφι.
1234 331 1368 390 ταύτῃ
1389 333 1468 389 μὲν

208 418 364 469 λῆγον,
403 411 671 470 ἀνακάμπτει
709 414 750 465 ές
778 413 830 456 τοὶ
856 415 1043 470 εἴρηται,
1085 413 1132 457 τὸ
1164 410 1276 467 ὄρος.
1333 416 1386 469 τῇ
1417 412 1463 455 δὲ

211 491 317 536 αὐτὸ
349 493 516 536 ἑωυτοῦ
554 493 641 536 ἐστὶ
680 494 973 548 μακρότατον,
1024 491 1082 543 ὥς
1111 492 1193 547 ἐγώ
1223 489 1466 535 έπυνθανό-
1479 498 1525 532 20

208 590 294 628 μην
339 572 419 616 δύο
467 575 618 627 μηνῶν
660 571 765 615 αὐτὸ
815 570 925 615 εἶναι
963 575 1037 627 τῆς
1075 569 1184 614 ὁδοῦ
1233 569 1318 613 ἀπὸ
1358 568 1469 626 ἠοῦς

207 651 319 704 πρός
350 652 553 706 ἕσπέρην·
607 649 659 693 τοὶ
691 651 735 694 δὲ
765 650 873 705 πρὸς
901 650 979 705 τήν
1009 649 1094 705 ἠῶ,
1134 649 1470 706 λιβανωτοφόρα

210 729 347 773 αὐτοῦ
386 729 438 773 τοὶ
477 729 660 784 τέρματα
700 727 821 772 εἶναι.

180 816 201 849 3
213 812 388 852 τοιοῦτο
419 808 516 851 έστί.

208 885 313 940 ὅρος
354 886 457 929 ἄλλο
496 886 700 941 πέτρινον
745 889 892 938 τείνει,
951 888 998 931 ἐν
1040 891 1100 943 τῷ
1148 889 1193 930 αἱ
1231 889 1468 943 πυραμίδες
1529 894 1607 933 107

879 733 1009 772 τοῦτο
1039 729 1119 784 μέν
1166 745 1250 772 νυν
1285 729 1330 772 τὸ
1369 727 1469 783 ὄρος

580 807 638 851 Τὸ
681 808 726 851 δὲ
765 808 873 863 πρὸς
912 809 1080 864 Λιβύης
1117 812 1192 863 τῆς
1228 807 1467 863 Αἰγύπτου,

207 964 362 1019 ἔνεισι,
400 965 562 1025 ψάμμῳ
593 967 928 1023 κατειλυμένον,
969 966 1202 1022 τεταμένον
1231 966 1308 1010 τὸν
1338 964 1526 1009 αὐτὸν25

148 1186 314 1233 tertiam,
352 1187 445 1223 binis
473 1186 621 1236 reliquis
655 1186 810 1223 mediam

149 1242 252 1290 quasi
261 1243 507 1292 interpositam
517 1256 722 1287 arenaceos‚
733 1255 809 1278 ma-

150 1299 206 1346 gis
227 1303 332 1348 aptos
349 1299 425 1336 illos
438 1300 584 1348 quidem
605 1300 652 1336 ad
667 1299 810 1337 aedium

149 1354 262 1391 moles
282 1357 528 1393 exstruendas.

204 1407 326 1463 ταύτῃ
338 1409 409 1460 μὲν
419 1413 552 1461 λῆγον,
566 1405 810 1460 ἀνακάμπτει

150 1464 189 1511 ἐς
208 1463 254 1504 τοὶ
268 1466 428 1516 εἴρηται,
442 1464 484 1505 τὸ
500 1464 608 1518 ὅρος]
630 1466 811 1516 Explicuit

148 1521 236 1559 haec
259 1523 481 1572 Schweigh.:
520 1524 599 1560 Hoc
622 1524 709 1559 enim
738 1522 811 1558 loco

149 1578 229 1624 (ubi
259 1579 330 1615 scil.
359 1585 442 1617 sunt
460 1579 699 1630 lapicidinae)
720 1578 812 1615 desi-

147 1647 230 1671 nens
259 1647 353 1671 mons
381 1637 432 1684 (i.
450 1650 480 1674 e.
514 1649 586 1672 non
617 1635 768 1686 amplius
790 1648 811 1671 a

149 1692 396 1741 septentrione
424 1693 471 1729 ad
500 1692 685 1729 meridiem
714 1695 812 1729 recta

150 1748 329 1795 surgens)
354 1750 516 1798 flectitur
544 1751 580 1785 z’n
610 1760 685 1784 eam
707 1760 811 1796 quam

151 1803 230 1839 elixi
253 1807 389 1850 partem
418 1805 468 1851 (i.
487 1817 518 1841 e.
539 1817 637 1840 mare
665 1804 810 1839 rubrum

149 1860 305 1907 versus).
335 1860 390 1896 Ita
406 1861 515 1897 verba
537 1858 574 1904 ἐς
591 1856 638 1897 τοὶ
662 1858 811 1909 εἴρηται

151 1916 200 1951 ad
221 1928 263 1951 ea
282 1916 458 1965 spectant,
488 1928 580 1963 quae
599 1914 709 1964 paulo
727 1919 810 1951 ante

149 1971 335 2020 leguntur:
363 1971 439 2010 αἰεὶ
452 1968 534 2009 ἅνω
546 1974 676 2009 τεῖνον
688 1969 726 2015 ἐς
738 1966 810 2020 τὴν

148 2022 349 2078 Ἐρυθρὴν
383 2025 625 2077 καλεομένην
661 2022 811 2065 θάλασ-

152 2095 238 2122 σαν.
269 2083 470 2120 Larcherus
493 2085 601 2120 refert
624 2084 670 2119 ad
682 2083 809 2119 verba:

150 2134 230 2178 α’πὸ
248 2137 289 2178 δὲ
307 2135 576 2185 Ἡλιουπόλιος
595 2136 676 2177 ἅνω
698 2134 810 2185 ε’όντι,

149 2208 192 2232 ac
222 2196 251 2232 si
278 2195 486 2233 Herodotus
517 2196 733 2246 scripsisset:
773 2193 812 2240 ἐς

149 2250 196 2290 τὰ
228 2248 311 2290 ἅνω
338 2247 638 2298 Ἡλιουπόλιος,
687 2255 812 2287 contra

150 2312 312 2357 apertam
336 2312 375 2345 ut
396 2309 480 2345 mihi
501 2309 645 2356 quidem
672 2307 812 2344 videtur

150 2364 331 2401 Herodoti
351 2365 577 2410 sententiam,
589 2364 647 2413 qui
660 2364 694 2399 in
708 2376 810 2411 seqq.

151 2424 286 2465 monet,
317 2425 476 2458 montem
499 2420 596 2456 illum
618 2419 812 2457 secundum

152 2487 251 2512 mare
277 2477 414 2524 porrigi
436 2489 550 2525 usque
573 2477 620 2512 ad
645 2476 812 2524 regiones

151 2530 351 2567 thuriferas.
394 2533 533 2575 Quibus
559 2532 676 2568 verbis
695 2531 815 2567 notio-

152 2599 234 2622 nem
255 2587 438 2634 quandam
458 2588 614 2624 Arabiae
627 2616 638 2633 ‚
668 2586 812 2636 qualem

151 2642 288 2679 Noster
321 2643 386 2678 sibi
413 2647 535 2680 mente
557 2643 811 2690 informaverit,

152 2698 326 2735 contineri
347 2702 450 2734 notat
471 2698 644 2736 Niebuhr.
657 2699 692 2735 in
711 2698 808 2735 Diss.

152 2754 249 2791 laud.
269 2754 315 2790 de
324 2754 500 2791 Herodot.
514 2755 650 2803 Geogr.
668 2768 704 2804 p.
717 2758 810 2796 220.

151 2809 233 2847 Nec
252 2822 336 2845 vero
353 2808 528 2847 Arabicae
556 2815 673 2848 terrae
694 2810 811 2859 longi-

149 2866 311 2903 tudinem
337 2866 534 2903 accuratius
557 2866 640 2904 hinc
660 2866 810 2905 definire

864 1185 996 1232 licebit,
1025 1185 1236 1236 praesertim
1253 1197 1331 1222 cum
1343 1183 1451 1221 hasce
1469 1196 1527 1222 re-

866 1243 992 1291 giones
1014 1242 1224 1279 Herodotus
1243 1255 1316 1277 non
1336 1241 1414 1290 ipse
1434 1241 1528 1277 vise-

865 1300 932 1345 rit,
965 1299 1028 1335 sed
1047 1311 1141 1347 quae
1158 1298 1268 1334 faudo
1291 1298 1465 1343 audierat,
1483 1308 1526 1333 ea

865 1359 1005 1391 tantum
1044 1354 1214 1391 retulerit.
1272 1355 1379 1390 Conf.
1411 1351 1526 1390 Dahl—

867 1423 988 1447 mann.
1008 1410 1146 1446 Herod.
1167 1423 1202 1459 p.
1226 1412 1291 1449 71.
1310 1412 1376 1450 96.

922 1468 974 1520 τῇ
995 1462 1037 1504 δὲ
1064 1461 1158 1504 αὐτὸ
1178 1464 1329 1503 ἑωυτοῦ
1355 1462 1435 1503 ε’στὶ
1457 1479 1529 1514 μα-

866 1518 1077 1572 κρότατον]
1110 1522 1168 1559 De
1188 1522 1366 1559 locutione
1383 1522 1476 1557 conf.
1498 1520 1526 1566 l,

869 1581 961 1620 193.
985 1581 1077 1620 203.
1118 1578 1246 1615 Verbis
1272 1580 1320 1631 τῇ
1340 1574 1402 1624 δὲ,
1434 1589 1528 1625 quae

868 1635 1165 1673 antecedentibus
1178 1629 1300 1687 ταύτῃ
1321 1631 1392 1685 μὲν
1411 1645 1529 1683 oppo-

868 1696 1021 1738 nuntur,
1053 1703 1096 1728 ea
1118 1691 1294 1728 indicatur
1315 1691 1438 1739 regio,
1468 1689 1530 1725 ubi

866 1761 970 1785 mons
990 1747 1058 1785 iste
1079 1748 1255 1784 orientem
1271 1760 1396 1784 versus
1414 1745 1531 1782 tendit

866 1804 1083 1852 longiusque
1108 1804 1306 1853 porrigitur
1333 1802 1529 1839 secundum

867 1872 965 1896 mare
979 1860 1136 1895 rubrum.
1148 1881 1203 1885 —
1225 1855 1272 1896 τοὶ
1292 1858 1333 1896 δὲ
1347 1855 1444 1909 πρός
1456 1853 1529 1907 τὴν

866 1911 931 1966 ηἀῖ
949 1916 970 1951 i.
992 1928 1022 1951 e.
1043 1916 1202 1951 orientem
1223 1927 1350 1951 versus.

923 1967 965 2008 τὸ
993 1967 1034 2008 δὲ
1057 1967 1152 2021 πρὸς
1175 1967 1336 2020 Λιβύης
1365 1970 1436 2018 τῆς
1458 1967 1530 2006 Αἰ-

866 2022 1040 2078 γύπτου]
1066 2027 1087 2062 i.
1101 2040 1131 2063 e.
1153 2027 1243 2075 quod
1261 2028 1388 2062 attinet
1399 2024 1446 2061 ad
1457 2038 1532 2061 eam

865 2083 1023 2132 Aegypti
1036 2086 1192 2132 partem,
1224 2095 1309 2132 quae
1328 2081 1532 2118 occidentem

869 2154 895 2176 s.
918 2138 1068 2188 Libyam
1088 2151 1207 2175 versus
1228 2142 1277 2175 est
1289 2140 1371 2175 sita.
1401 2138 1442 2174 In
1459 2150 1531 2187 quo

867 2195 963 2232 nulla
987 2208 1077 2244 opus
1097 2195 1361 2232 emendatione.

926 2248 1017 2301 ὄρος
1037 2248 1129 2289 ἄλλο
1154 2250 1338 2300 πέτρινον
1359 2265 1393 2288 κ.
1415 2265 1446 2288 τ.
1470 2248 1528 2300 λ.]

869 2308 925 2345 De
947 2311 1056 2342 monte
1073 2306 1206 2358 Libyco
1225 2307 1429 2345 consulatur
1449 2306 1531 2343 Rit-

870 2370 935 2401 ter.
963 2363 1154 2400 Erdkund.
1182 2364 1197 2400 I
1224 2376 1310 2414 pag.
1335 2365 1416 2403 770
1452 2375 1528 2411 seq.

869 2420 964 2457 Nam
987 2420 1046 2468 qui
1071 2432 1091 2456 a
1111 2419 1229 2468 Libya
1249 2419 1453 2468 Aegyptum
1474 2432 1532 2456 se-

871 2480 1018 2513 cernunt
1040 2480 1193 2521 montes,
1212 2476 1283 2511 iam
1300 2476 1392 2511 infra
1412 2474 1532 2512 Mem-

870 2532 958 2582 phin
977 2532 1124 2580 propius
1137 2533 1184 2568 ad
1204 2531 1327 2568 Nilum
1343 2532 1530 2577 accedunt,

870 2589 930 2624 ubi
960 2588 1165 2637 pyramides
1207 2591 1290 2624 suut
1330 2591 1530 2625 exstructae

868 2657 986 2694 prope
1016 2644 1132 2693 ipsum
1153 2648 1333 2690 montem,
1369 2643 1430 2692 qui
1459 2643 1529 2679 iam

869 2700 942 2737 Nili
967 2699 1161 2736 convallem
1189 2700 1234 2736 ab
1263 2700 1448 2736 occidente
1470 2711 1529 2735 ar-

868 2757 956 2792 ctius
977 2754 1182 2803 includens,
1210 2755 1394 2793 meridiem
1404 2769 1527 2793 versus

868 2811 995 2848 tendit.

920 2863 1074 2921 ψάμμῳ
1095 2865 1395 2918 κατειλυμένον]
1423 2866 1531 2905 Non-
