1909 3228
339 767 438 812 169

165 834 268 861 Vir-tus
327 833 441 867 praelio

169 869 272 901 Aprica
282 869 309 893 et
326 870 440 898 cautus,

166 900 346 935 aliquamdiu
359 899 440 926 beni-

167 943 225 969 gue
245 934 372 966 habitus,
391 933 441 959 ‹le-

166 970 254 1001 uiquu
273 967 442 1000 strangula-

166 1006 215 1027 tur
226 1011 232 1027 z
242 1000 379 1034 sepulcra
393 1007 438 1025 re-

166 1042 236 1069 gum
262 1042 296 1059 ex
323 1033 440 1068 praesc—

167 1073 251 1093 ctura
269 1067 393 1099 Saitica,
413 1066 443 1092 in

167 1101 277 1135 templo
327 1100 444 1128 Miner-

167 1142 233 1163 vae.

491 181 576 221 866

907 177 1375 216 HERODOTI

496 285 793 342 ἐδορυφόρεον
835 284 1039 328 ἐνιαυτόν
1076 285 1247 329 ἕκαστοι
1283 284 1361 329 τὸν
1401 286 1596 341 βασιλέα
1643 285 1744 329 τού-
1759 293 1802 327 75

496 377 608 410 τοισι
638 363 681 408 δ’
701 361 761 406 ὦν
788 363 890 408 τάδε
918 361 1052 418 πάρεξ
1081 368 1168 407 τῶν
1194 362 1420 418 ἀρουρέων
1450 364 1555 408 ἄλλα
1584 365 1748 409 ἐδίδοτο

497 443 567 489 ἐπ’
608 442 746 498 ἡμέρῃ
787 442 972 500 ἑκάστῃ,
1033 440 1171 486 ὀπτοῦ
1212 444 1334 486 σίτου
1386 442 1579 498 σταθμός
1624 444 1747 486 πέντε

495 523 619 579 μνέαι
649 520 836 578 ἑκάστῳ,
867 525 1005 576 κρεῶν
1032 521 1171 576 βοέων
1203 521 1282 565 δύο
1311 521 1457 578 μνέαι,
1501 524 1628 564 οἴνου
1656 522 1748 564 τέσ-

496 613 616 655 σερες
661 598 911 657 ἀρυστῆρες.
969 605 1106 645 ταῦτα
1144 605 1256 644 τοῖσι
1306 601 1389 644 αἰεὶ
1425 599 1748 656 δορυφορέουσι

495 681 674 724 ἐδίδοτο.

1782 661 1809 671 s

605 757 721 801 Ἐπεί
750 774 793 802 τε
824 758 869 802 δὲ
900 757 1142 810 συνιόντες,
1171 758 1195 801 ὅ
1224 774 1267 801 τε
1294 757 1463 814 Ἀπρίης
1494 757 1611 812 ἄγων
1640 756 1745 808 τούς
1761 765 1806 798 80

499 835 757 892 ἐπικούρους
772 870 781 888 ,
813 838 884 880 καὶ
919 836 942 880 ὁ
963 837 1144 893 ’Ἀμασις
1165 836 1328 888 πάντας
1350 838 1452 888 τούς
1472 838 1750 892 Αἰγυπτίους,

500 916 709 960 ἀπίκοντο
741 917 783 967 ἐς
804 916 1054 971 Μώμεμφιν
1076 915 1227 969 πόλιν,
1259 917 1517 972 συνέβαλον·
1550 916 1621 958 καὶ
1649 916 1749 971 ἐμα-

496 997 675 1052 χέσαντο
706 996 782 1050 μὲν
812 990 861 1039 εὖ
891 997 933 1039 οἱ
963 998 1112 1047 ξεῖνοι,
1161 994 1322 1051 πλήθεϊ
1357 995 1402 1038 δὲ
1440 999 1585 1050 πολλῷ
1624 995 1748 1038 ἐλάσ-

471 1083 630 1126 Ξσονες
661 1074 817 1125 ἐόντες,
862 1075 972 1118 κατὰ
1010 1079 1140 1117 τοῦτο
1178 1073 1444 1129 ἑσσώθησαν.

1501 1074 1675 1128 Ἀπρίεω
1705 1074 1751 1117 δὲ

498 1154 664 1210 λέγεται
705 1152 817 1197 εἶναι
853 1153 930 1209 ἥδε
968 1153 994 1208 ἡ
1036 1152 1233 1206 διάνοια,
1287 1149 1389 1207 μηδ’
1430 1151 1482 1195 ἂν
1529 1151 1635 1197 θεόν
1679 1160 1809 1208 μιν85

497 1232 661 1289 μηδένα
677 1230 898 1277 δύνασθαι
918 1236 1082 1276 παῦσαι
1099 1236 1173 1289 τῆς
1193 1235 1439 1288 βασιληίης·
1473 1232 1587 1276 οὕτω
1609 1231 1753 1289 α’σφα-

447 1477 527 1516 166
538 1503 548 1521 ,
565 1475 658 1510 iusto
680 1474 796 1511 minor
812 1471 1093 1519 Schweighaeu-

445 1544 526 1568 sero
549 1531 702 1566 videtur.
759 1529 835 1564 Sed
854 1531 1022 1578 poterant
1052 1527 1093 1563 il-

445 1587 490 1624 lic
513 1586 661 1633 intelligi
682 1597 754 1621 non
780 1585 847 1620 viri
874 1589 1014 1620 tautum
1036 1596 1093 1619 ar-

446 1655 506 1680 ma
526 1648 717 1691 gerentes,
762 1641 825 1677 sed
850 1654 971 1676 eorum
1002 1653 1093 1687 quo-

447 1712 518 1747 que
548 1698 706 1734 familiae
726 1725 736 1742 ,
776 1697 829 1732 ita
855 1700 895 1731 ut
934 1697 1093 1731 omnium

446 1754 630 1790 hominum
650 1754 697 1789 ad
714 1752 863 1789 militum
883 1749 996 1802 γένος
1012 1763 1096 1799 per-

445 1811 637 1847 tinentium
667 1813 789 1845 tantus
824 1807 932 1844 suerit
970 1819 1097 1842 nume-

446 1879 516 1903 rus.
546 1886 602 1893 ——·
639 1865 681 1901 In
710 1877 811 1913 seqq.
842 1864 888 1900 de
920 1867 1097 1899 structura

446 1922 546 1959 verbi
584 1922 825 1971 δορυφορεῖν
858 1920 930 1956 vid.
962 1919 1093 1955 Matth.

449 1979 515 2016 Gr.
536 1979 601 2015 Gr.
628 1976 665 2028 ἓ.
687 1977 788 2022 412,
806 1980 831 2017 2
859 1989 894 2025 p.
914 1974 996 2016 754
1016 1988 1092 2023 seq.

506 2046 556 2073 στ
570 2030 727 2084 αθμός
745 2031 860 2071 πέντε
880 2029 1008 2081 μνέαι]
1034 2030 1093 2067 Ad

448 2087 622 2140 σταθμὸς
638 2089 773 2128 consul.
792 2088 924 2126 Matth.
943 2087 979 2138 ἓ.
1000 2088 1094 2133 428,

448 2149 485 2189 5.
545 2147 648 2184 Mina
672 2146 793 2182 Attica
816 2167 871 2172 ——
900 2157 967 2181 nec
1000 2145 1094 2181 enim

450 2205 538 2241 alias
561 2201 903 2240 minashicindicari
922 2201 1096 2238 credo—-

448 2260 609 2297 constitit
630 2262 770 2296 centum
787 2257 978 2303 drachmis,
1006 2270 1098 2305 quae

450 2317 584 2353 nostris
606 2316 782 2352 mensuris
801 2315 1029 2361 adaequatae
1046 2313 1099 2349 ef-

452 2373 575 2409 ficiunt
597 2374 648 2412 29
672 2369 778 2407 Loth.
799 2372 838 2415 3,
852 2371 957 2410 3961
973 2370 1097 2412 Quint.

453 2429 570 2465 Cislln.
592 2429 666 2464 sive
690 2426 739 2477 123—
763 2426 841 2463 libr.
864 2426 971 2461 Rom.
1014 2425 1097 2461 lid.

452 2485 593 2521 qurm.
614 2484 659 2519 (le
687 2482 826 2532 pondd.
856 2487 938 2518 ratt.
973 2495 1008 2531 p.
1032 2482 1096 2520 43.

453 2542 517 2581 47.
582 2535 797 2590 οἷρυστῆρες
824 2538 1006 2586 Hesychio
1037 2551 1099 2573 ex-

453 2597 632 2646 plicantur
649 2592 822 2640 κοτύλαι,
843 2607 936 2642 quae
953 2594 1099 2642 quidem

456 2657 493 2689 et
525 2653 626 2701 ipsae
652 2664 717 2700 pro
748 2651 897 2698 singulis
927 2650 1100 2686 Graeciae

457 2708 659 2744 civitatibus
678 2706 781 2743 valde
799 2711 901 2743 erant
925 2707 1100 2751 diversae,

459 2763 556 2798 haud
583 2768 704 2799 tamen
725 2775 806 2798 raro
830 2776 896 2812 pro
914 2762 1100 2798 Romano-

458 2831 536 2855 rum
556 2818 720 2856 Heminis
742 2820 983 2869 accipiuntur,
1008 2831 1101 2867 quae

1161 1476 1317 1521 aequant
1334 1475 1373 1519 O,
1399 1471 1576 1519 587‚344
1605 1471 1807 1509 Wurtemb.

1160 1529 1343 1578 Schopp.‚
1382 1529 1490 1576 igitur
1520 1529 1706 1564 dimidium
1733 1529 1808 1565 sere

1161 1585 1236 1621 cius
1257 1598 1468 1630 mensurae,
1500 1597 1592 1632 quae
1613 1585 1808 1633 Schoppeu

1160 1640 1267 1688 vulgo
1284 1641 1411 1676 (licitur
1429 1655 1455 1676 s.
1469 1645 1597 1688 quarta
1617 1653 1702 1689 pars
1720 1641 1809 1685 eius,

1162 1698 1260 1743 quod
1301 1696 1424 1731 Maass
1455 1701 1614 1732 vocatur.
1695 1696 1810 1732 Binae

1163 1751 1304 1799 comae
1338 1752 1497 1788 efficiunt
1524 1750 1683 1801 ξέστην,
1721 1753 1812 1787 ‹luo-

1162 1808 1276 1844 decim
1296 1809 1395 1857 χοῦν
1425 1813 1461 1844 et
1485 1813 1625 1844 centum
1656 1808 1812 1856 quadra-

1163 1863 1263 1911 ginta
1292 1868 1446 1912 quatuor
1485 1859 1692 1913 μετρητήν.
1750 1863 1811 1900 Tu

1162 1920 1232 1955 vid.
1258 1920 1395 1956 Wurm.
1415 1920 1437 1956 l.
1457 1919 1478 1955 l.
1502 1932 1588 1970 pag.
1609 1921 1688 1961 123
1706 1933 1810 1969 seqq.

1167 1978 1244 2017 126
1263 1989 1338 2026 seq.
1372 1978 1463 2017 198.

1343 2116 1373 2153 c
1387 2128 1451 2166 ap.
1475 2113 1642 2151 CLXIX.

1222 2195 1411 2238 α’πίκοντο
1464 2197 1503 2244 ἒς
1556 2195 1808 2249 Ιηώμεμφιν]

1166 2257 1271 2293 Cous.
1293 2261 1366 2293 not.
1391 2255 1437 2292 ad
1458 2255 1512 2300 ll,
1534 2257 1624 2295 163.

1224 2308 1317 2362 μηδ’
1349 2309 1398 2350 ἂν
1434 2307 1532 2349 θεόν
1564 2326 1631 2360 μιν
1661 2309 1811 2361 μηδένα

1166 2365 1367 2407 δύνασθαι
1385 2365 1557 2416 παῦσαι]
1586 2368 1736 2405 Attendi
1754 2368 1809 2403 iu-

1165 2426 1227 2462 bet
1247 2425 1463 2471 wesseling.
1488 2425 1535 2460 ad
1561 2424 1650 2460 hanc
1679 2424 1810 2460 stultis-

1167 2483 1277 2518 simae
1298 2481 1485 2518 iactantiae
1511 2479 1652 2529 plenam
1679 2480 1813 2516 oratio-

1167 2551 1262 2584 nem,
1281 2537 1326 2573 illi
1344 2549 1518 2586 perquam
1535 2536 1697 2582 similem,
1717 2548 1811 2583 quae

1168 2607 1211 2631 ex
1232 2594 1406 2643 Hophrae
1423 2596 1551 2640 (quem
1570 2592 1722 2629 eundem
1745 2592 1810 2627 ha-

1169 2651 1229 2687 bet
1250 2655 1359 2697 atque
1377 2649 1544 2698 Apriem)
1566 2661 1628 2684 ore
1645 2649 1810 2697 prosera-

1167 2711 1225 2742 tur
1241 2706 1338 2755 apud
1359 2705 1490 2742 Ezech.
1510 2705 1647 2749 xxix,
1663 2706 1699 2744 3.
1731 2703 1811 2740 Alia

1167 2762 1223 2798 La
1262 2762 1384 2798 Cerda
1415 2761 1462 2797 ad
1498 2760 1621 2809 virgil.
1650 2761 1738 2796 Aen.
1763 2759 1808 2803 X,

1167 2819 1271 2865 773,
1300 2830 1321 2855 a
1341 2816 1584 2865 lVesselingio
1603 2815 1779 2852 laudatus.
