1909 3228
564 210 986 252 EUTERPE.
1040 214 1085 252 11.
1361 218 1442 258 581

157 317 268 360 ὃτὸν
295 318 393 360 Δία.
439 317 541 370 τοὺς
571 320 617 363 δὲ
645 320 797 375 κριούς
827 320 881 364 οὐ
910 319 1072 365 θύουσι
1105 324 1311 378 Θηβαῖοι,
1345 320 1438 367 ἀλλ’

185 396 267 438 εἰσί
293 408 372 450 σφι
413 398 503 449 ἱροὶ
544 399 615 441 διὰ
645 404 787 442 τοῦτο.

836 404 914 457 μιῇ
944 401 989 444 δὲ
1015 399 1151 457 ἡμέρῃ
1181 405 1261 444 τοῦ
1291 401 1436 445 ἐνιαυ-

183 477 289 528 τοῦ,
334 475 381 517 ἐν
410 475 517 533 ὁρτῇ
546 481 627 520 τοῦ
655 477 786 530 Διὸς,
836 478 964 532 κριὸν
1003 478 1078 522 ἕνα
1119 479 1495 531 κατακόψαντεςδ5

183 553 258 596 καὶ
296 551 622 609 ἀποδείραντες,
673 555 782 599 κατὰ
819 555 956 600 τώυτὸ
994 556 1198 602 ἐνδύουσι
1238 556 1439 613 τῶγαλμα

182 635 263 674 τοῦ
291 632 420 685 Διὸς,
450 634 523 676 καὶ
553 634 696 676 ἔπειτα
726 632 832 677 ἄλλο
855 633 1024 692 ἄγαλμα
1048 636 1279 690 Ἡρακλέος
1302 648 1438 692 προσ-

155 709 340 765 9άγουσι
381 710 490 765 πρὸς
520 710 641 754 αὐτό.
682 716 818 755 ταῦτα
857 713 902 756 δὲ
931 713 1211 770 ποιήσαντες,
1254 713 1438 758 τύπτον-

180 805 251 832 ται
277 791 321 832 οἱ
350 790 447 844 περὶ
477 790 554 832 τὸν
585 791 681 845 ἱρὸν
711 790 895 843 ἅπαντες
922 792 1001 836 τόν
1019 792 1170 849 κριόν,
1201 793 1272 837 καὶ
1295 794 1440 837 ἔπειτα

182 867 230 911 ἐν
253 868 326 924 ἱρῇ
354 868 469 924 θήκῃ
498 867 718 913 θάπτουσι
752 868 899 915 αὐτόν.
1449 874 1496 912 40

122 1050 256 1092 λέουσι
283 1050 354 1092 τόν
380 1052 482 1099 Δία]
530 1053 650 1103 Vulgo
686 1049 772 1104 Ἀμ-

124 1111 246 1159 μοῦν,
267 1111 366 1158 quod
387 1123 467 1145 cum
488 1110 601 1146 Gaisf.
622 1112 774 1147 mutavi-

122 1178 201 1202 mus
219 1166 255 1201 in
273 1160 433 1216 Ἀμοῦν,
463 1168 673 1203 auctoritate
694 1166 774 1203 libri

122 1221 459 1259 Schellershemiani
489 1223 675 1272 ipsiusque
697 1222 773 1258 Eu-

123 1278 246 1314 stathii
266 1278 314 1314 ad
331 1278 439 1314 Dion.
457 1278 599 1326 Perieg.
610 1291 661 1315 vs.
677 1282 771 1319 211.

125 1354 173 1360 —-
207 1333 313 1379 „Nec
329 1333 432 1370 aliter
452 1334 531 1370 cod.
554 1334 773 1371 Paris.1a111-

120 1389 225 1425 blichi
253 1390 299 1425 de
327 1389 479 1437 Myster.
502 1389 604 1435 Ylll,
628 1393 651 1430 3
682 1390 769 1438 ibiq.

122 1444 203 1481 Gal.
225 1458 260 1493 p.
283 1447 375 1485 302.
426 1445 546 1493 Atque
568 1445 660 1482 hanc
684 1446 771 1482 scri-

119 1504 261 1550 pturam
303 1512 426 1536 veram
462 1501 670 1550 pronuntiat
710 1501 770 1537 Ia-

119 1556 262 1593 blonski
283 1556 331 1603 ΙΙ,
356 1559 382 1597 2
402 1570 439 1606 p.
469 1558 547 1597 166
577 1569 653 1605 seq.
679 1557 768 1594 etin

119 1612 226 1649 Voce.
248 1610 404 1662 Aegypt.
420 1625 456 1661 p.
480 1614 533 1653 30
555 1626 630 1661 seq.
670 1612 768 1649 Ean-

120 1669 203 1706 dem
233 1669 386 1705 servavit
409 1668 586 1705 Plutarch.
616 1669 662 1705 de
683 1669 770 1706 Isid.

120 1739 156 1774 p.
182 1724 276 1764 354.
309 1724 409 1771 453,
449 1724 541 1760 duas
572 1724 677 1761 huius
706 1739 770 1761 vo-

121 1781 171 1817 cis
200 1779 451 1828 explicationes
480 1782 690 1829 proferens,
720 1780 772 1816 al-

119 1841 233 1873 teram
253 1834 495 1882 Manethonis,
511 1835 685 1872 Hecataei
696 1835 773 1872 Ab-

121 1892 259 1929 deritae
286 1892 445 1929 alteram.
483 1890 563 1926 Alia
586 1896 773 1928 tentarunt

121 1947 362 1992 recentiore83
391 1947 463 1983 vid.
492 1946 674 1983 Iablonski
702 1947 723 1983 l.
747 1947 769 1984 l.

120 2004 206 2052 ibiq.
239 2003 297 2040 Te
325 2003 462 2040 Water.
496 2002 598 2045 Quas
619 2003 699 2040 lites
717 2003 772 2039 di-

120 2059 226 2096 remit
258 2072 372 2109 nuper
405 2058 631 2108 Champollio
663 2060 699 2094 in
728 2059 771 2094 li-

123 2116 207 2152 bro:
234 2114 407 2165 l'Egypte
424 2129 450 2151 s.
463 2114 514 2150 les
532 2114 631 2164 phar.
649 2115 677 2162 I,
689 2117 770 2155 217

120 2185 212 2220 seq„
233 2172 295 2219 qui
317 2184 355 2208 se
373 2172 409 2206 in
425 2170 537 2207 lexico
560 2171 701 2220 coptico
716 2172 771 2207 bi-

121 2227 245 2264 blioth.
270 2240 346 2276 reg.
376 2226 489 2263 Paris.
512 2228 689 2276 reperisse
714 2232 771 2264 te-

122 2287 259 2329 statur,
289 2296 368 2320 eam
389 2282 610 2330 siguificare:
641 2283 770 2332 gloria,

122 2339 307 2386 celxituclo,
334 2338 502 2386 sublimis,
533 2351 685 2387 eamque
702 2352 770 2388 ap-

121 2394 351 2444 pellationem
368 2399 466 2432 recte
479 2396 607 2433 cadere
622 2396 659 2432 in
670 2396 771 2445 prin-

123 2451 238 2499 cipem
255 2451 404 2487 deorum
421 2450 579 2500 Aegypti
599 2452 769 2488 omnium.

121 2505 243 2552 Atque
266 2506 494 2542 lablonskius
519 2506 555 2541 iu
576 2507 707 2543 Panth.
724 2507 773 2553 ll,

123 2564 149 2601 2
168 2558 203 2610 ἓ.
227 2560 263 2600 5.
282 2563 319 2601 7.
358 2561 470 2598 Amun
491 2562 671 2611 accipiens
690 2567 771 2599 tan-

122 2628 231 2664 quam
251 2615 422 2663 lucidum,
442 2617 537 2653 hunc
556 2619 771 2655 Ammonem

123 2671 333 2709 Thebarum
361 2672 446 2709 dicit
475 2685 556 2709 esse
586 2675 771 2710 introitum

124 2728 208 2764 solis
231 2728 268 2764 in
284 2729 426 2776 signum
449 2729 582 2775 arietis,
604 2730 627 2765 i.
642 2743 672 2767 e.
694 2730 770 2779 pri-

122 2784 266 2821 mordia
279 2785 384 2821 veris.
407 2784 625 2832 Obloquitur
636 2785 772 2822 lomar-

124 2840 191 2877 dus
215 2840 252 2877 in
278 2840 458 2891 Descript.
487 2840 535 2879 de
564 2840 663 2891 l’Eg.
686 2841 722 2889 Ι,
742 2843 770 2883 3

841 1069 878 1105 p.
901 1057 952 1097 16
972 1068 1047 1104 seq.
1068 1067 1207 1104 negans
1226 1056 1263 1093 in
1291 1056 1402 1093 atlete
1429 1068 1494 1092 an-

842 1112 992 1160 tiquitus
1023 1112 1114 1148 veris
1137 1112 1236 1149 initia
1262 1126 1290 1149 s.
1323 1113 1494 1161 aequiuo-

842 1168 949 1204 ctium
982 1180 1131 1204 vernum
1162 1169 1294 1206 fuisse:
1324 1169 1361 1205 in
1390 1173 1494 1205 tauro

840 1225 962 1273 potius
992 1224 1114 1261 fuisse.
1161 1224 1377 1262 Continetur
1404 1224 1494 1261 haec

840 1292 897 1316 res
918 1293 997 1316 cum
1021 1280 1191 1316 universa
1215 1281 1355 1317 ratione
1378 1280 1409 1316 F
1412 1293 1494 1317 ran-

839 1335 1080 1383 cogallorum‚
1111 1335 1173 1384 qui
1201 1349 1317 1385 nuper
1344 1337 1391 1373 de
1420 1336 1494 1372 Zo-

839 1391 950 1427 diaeis
977 1403 1042 1440 per
1075 1390 1208 1439 templa
1233 1391 1494 1440 Aegyptiorum

837 1450 979 1482 vetusta
990 1445 1104 1482 obviis
1122 1447 1369 1495 disputantur,
1386 1460 1492 1496 quam

838 1514 908 1550 ego
931 1501 1126 1538 diiudicare
1146 1514 1213 1539 nec
1228 1501 1331 1549 volo,
1361 1516 1439 1549 nec,
1463 1505 1493 1539 si

837 1557 966 1603 velim,
997 1557 1174 1607 possim.“
1220 1558 1391 1596 Creuzer.
1421 1559 1444 1596 l.
1468 1559 1490 1596 l.

837 1627 872 1665 p.
893 1616 983 1655 159.
1012 1616 1104 1654 160.

893 1665 1249 1708 τύπτονται-τόν
1266 1666 1395 1720 κριόν]
1416 1670 1437 1707 i.
1460 1684 1491 1708 e.

837 1727 1016 1762 verberant
1048 1739 1082 1762 se
1112 1729 1254 1762 arietem
1279 1726 1434 1774 lugentes
1461 1740 1490 1764 s.

832 1782 1009 1831 plangunt
1027 1784 1179 1817 arietem.
1200 1781 1258 1818 De
1276 1779 1493 1819 τύπτεσθαι

838 1838 908 1873 hoc
924 1837 1127 1884 significatu
1144 1837 1296 1873 diximus
1308 1838 1355 1872 ad
1369 1837 1415 1883 Π,
1426 1840 1490 1878 61.

838 1914 894 1920 ———
923 1892 1002 1939 „Ac
1030 1892 1112 1929 vide
1137 1892 1321 1941 quomodo
1343 1892 1489 1930 arietem

840 1949 993 1985 caedant
1011 1947 1180 1984 Thebani
1199 1952 1236 1985 et
1259 1949 1415 1985 eundem
1435 1952 1491 1985 ta-

837 2017 920 2041 men
932 2003 1116 2053 plangant.
1145 2003 1323 2040 Nimirum
1336 2005 1493 2041 caedunt

837 2060 935 2096 haud
973 2059 1081 2095 dubie
1121 2060 1169 2095 ad
1213 2059 1490 2108 significandum

837 2115 1026 2152 transitum
1056 2113 1161 2161 solis,
1197 2115 1376 2166 plangunt
1403 2129 1491 2165 pro-

837 2176 920 2222 pter
959 2171 1162 2217 Osiridem,
1218 2175 1347 2221 utpote
1391 2172 1489 2209 cuius

838 2228 1017 2276 quaedam
1034 2227 1155 2274 imago
1173 2231 1236 2263 aut
1263 2227 1436 2277 particula
1452 2228 1489 2264 in

838 2297 881 2320 eo
899 2284 995 2320 hirco
1015 2283 1182 2319 obierit.“
1200 2282 1263 2319 Cr.
1276 2283 1297 2318 l.
1309 2282 1330 2318 l.
1343 2296 1379 2333 p.
1396 2286 1487 2331 160,

838 2340 899 2389 qui
921 2340 1016 2376 idem
1028 2342 1157 2388 postea
1173 2337 1262 2376 haec
1280 2339 1487 2388 adscripsit:

838 2395 1022 2443 „Adhibet
1041 2395 1128 2430 haec
1145 2394 1338 2443 lnghirami
1353 2395 1389 2430 in
1404 2394 1488 2430 Mo-

836 2452 1001 2488 numenti
1020 2449 1186 2486 Etruschi
1207 2451 1254 2486 ad
1275 2451 1348 2487 tab.
1365 2449 1418 2491 45
1430 2451 1487 2488 de'

838 2508 916 2545 vasi
939 2506 1030 2543 fittili
1047 2518 1132 2556 pag.
1154 2504 1235 2545 444
1255 2507 1360 2554 seq.“

894 2562 937 2602 ἐν
971 2562 1038 2615 ἱρῇ
1067 2556 1204 2614 θήκῃ]
1262 2558 1399 2612 θήκην
1431 2562 1488 2599 hic

837 2620 945 2668 vulgo
974 2618 1135 2655 reddunt
1157 2617 1317 2654 loculum.
1358 2617 1486 2655 Melius

838 2674 1038 2723 Schweigh.
1054 2672 1258 2722 sepulcrum,
1280 2687 1360 2711 cum
1376 2671 1486 2724 θήκη

836 2731 1027 2769 Herodoto
1051 2730 1096 2765 sit
1125 2729 1350 2767 conditorium
1375 2744 1404 2767 s.
1425 2743 1486 2767 ca-

836 2800 949 2833 mera,
993 2784 1148 2836 plurium
1184 2798 1346 2823 arcarum
1372 2799 1486 2836 capax

836 2847 872 2881 et
883 2843 974 2880 arcis
987 2841 1198 2893 recipiendis
1210 2842 1399 2890 destinata,
1409 2856 1485 2879 mo-
