1909 3228
109 719 286 755 opinionem.

439 189 522 228 316

833 184 1299 224 IiERODOTI

438 295 517 350 μὲν
547 294 630 350 ἅδῃ
661 296 729 337 καὶ
763 294 979 349 νήφουσι,
1023 292 1230 347 χρέωνται
1260 293 1422 352 αὐτέῳ·
1463 294 1517 350 ἢν
1554 296 1599 339 δὲ
1637 294 1753 352 μή7ο

441 375 550 431 ἅδῃ,
580 379 767 428 μετιεῖσι.
798 372 849 414 τὰ
881 370 923 414 δ’
953 370 1009 413 ἂν
1037 371 1254 426 νήφοντες
1277 372 1695 427 προβουλεύσωνται,

283 452 382 497 134
439 451 755 509 μεθυσκόμενοι
793 450 1211 506 ἐπιδιαγινώσκουσι.
1265 449 1619 506 Ἐντυγχάνοντες
1650 452 1694 496 δ’

110 516 264 545 osculatio
283 520 313 543 et
333 516 384 543 ad-

109 551 205 577 oratio
252 550 384 576 saiutan-

107 585 197 612 tium:
225 583 384 610 observan-

107 619 170 645 tiae
189 618 283 644 cuitus
308 617 386 643 inter

109 652 236 678 vicinos:
251 658 338 684 quam
350 651 386 676 do

109 693 142 712 ’θ
176 685 233 725 ἱΡΒί
258 684 387 712 habeam
416 689 645 746 Ξγορεύειν
675 686 911 744 ἀλλήλους,
953 686 1154 743 φιλέουσι
1182 693 1294 731 τοῖσι
1324 686 1518 744 στόμασι.
1567 687 1623 744 ἢν
1651 689 1696 732 δὲ
1710 696 1754 731 75

443 531 664 587 ἀλλήλοισι
696 529 743 572 ἐν
771 533 869 586 τῇσι
898 527 1062 578 ὁδοῖσι,
1106 531 1215 585 τῷδε
1249 529 1304 572 ἄν
1333 546 1396 579 τις
1428 532 1627 587 διαγνοίη
1657 534 1693 575 εἰ

443 611 588 667 ὁμοῖοι
618 609 699 651 εἶσὶ
729 611 773 652 οἱ
801 608 1186 664 συντυγχάνοντες·
1219 606 1313 651 ἀντὶ
1328 607 1409 663 γὰρ
1431 612 1512 651 τοῦ
1533 621 1697 662 προσα-

435 765 463 827 ᾗ
493 767 671 824 οὕτερος
699 766 1005 823 ὑποδεέστερος
1035 766 1190 824 ὀλίγῳ,
1221 767 1297 818 τὰς
1323 769 1502 822 παρειάς
1524 768 1698 823 φιλέον-

435 863 528 892 ται·
559 847 615 904 ἢν
645 846 690 890 δὲ
719 850 866 904 πολλῷ
896 843 923 903 ᾗ
953 846 1130 901 οὕτερος
1161 845 1486 901 ἀγεννέστερος,
1517 848 1696 901 προσπί-

409 937 561 971 3πτων
590 926 848 981 προσκυνέει
877 925 956 969 τόν
986 925 1144 979 ἕτερον.
1179 930 1333 982 τιμῶσι
1364 925 1408 970 δὲ
1440 927 1486 969 ἐκ
1517 925 1696 969 πάντων

439 1007 543 1058 τούς
575 1005 752 1062 ἄγχιστα
781 1004 956 1048 ἑωυτῶν
987 1004 1228 1056 οἰκέοντας,
1268 1003 1373 1060 μετά
1400 1021 1447 1060 γε
1478 1005 1694 1056 ἑωυτούς·

440 1086 620 1140 δεύτερα
652 1084 720 1131 δὲ,
753 1083 857 1134 τούς
887 1085 1136 1138 δευτέρους·
1188 1083 1293 1139 μετὰ
1323 1084 1389 1137 δὲ,
1426 1083 1535 1127 κατὰ
1565 1082 1698 1139 λόγον

439 1166 750 1222 προβαίνοντες
779 1169 954 1220 τιμῶσι·
1003 1163 1158 1219 ἥκιστα
1188 1164 1233 1207 δὲ
1262 1162 1365 1215 τούς
1395 1163 1568 1207 ἑωυτῶν
1605 1162 1697 1206 έκα-
1710 1171 1755 1205 80

409 1243 582 1289 4στάτω
615 1245 874 1301 οἰκημένους
902 1243 949 1287 ἐν
972 1247 1075 1300 τιμῇ
1093 1241 1292 1299 ἄγονται·
1324 1244 1572 1299 νομίζοντες
1589 1242 1697 1286 ἑωυ-

384 1432 406 1469 l.
430 1431 453 1468 l.
472 1429 509 1481 ἓ.
531 1433 632 1477 210,
659 1432 679 1470 l
711 1441 795 1478 pag.
819 1428 913 1469 394.
963 1428 1034 1464 Pro

385 1486 591 1538 στέγαρχος
633 1486 803 1533 (aedium
837 1484 1033 1532 dominus)

383 1543 590 1582 Athenaeus
616 1541 638 1581 l.
661 1541 683 1578 l.
716 1542 825 1578 habet
851 1539 1034 1590 στεγέαρ-

385 1615 476 1651 χος,
542 1599 640 1649 quod
689 1597 798 1635 etiam
843 1596 1034 1634 Herodoto

381 1657 533 1694 forsitan
589 1654 849 1691 restituendum
911 1658 1035 1690 censet

382 1711 675 1760 Schweighaeus.
704 1710 741 1745 iu
763 1710 1034 1746 Animadverss.

383 1769 432 1805 ad
466 1767 597 1804 Athen.
635 1766 744 1803 Tom.
772 1765 806 1801 11
829 1778 914 1815 pag.
938 1764 1033 1804 475.

384 1845 440 1853 -
460 1821 503 1860 In
524 1835 627 1872 seqq.
657 1822 840 1859 neminem
872 1821 1035 1858 offendet

384 1880 565 1929 genitivus
588 1882 673 1928 post
696 1876 739 1916 ἐν
769 1875 842 1924 (ἐν
869 1879 957 1916 τοῦ
985 1872 1035 1914 ἂν

384 1933 515 1982 ἐόντες
538 1950 573 1973 κ.
595 1949 626 1973 τ.
639 1934 695 1983 λ.)
715 1933 872 1984 elliptico
891 1946 958 1970 usu
980 1946 1037 1969 sa-

384 1994 429 2030 tis
452 1996 551 2030 noto.

541 2075 573 2114 C
583 2088 605 2114 a
615 2088 652 2127 p.
683 2072 890 2112 CXXXIV.

434 2154 872 2212 Ἐντυγχτὲνοντες
902 2152 943 2196 δ’
964 2152 1032 2195 οἳλ-

383 2214 538 2268 λήλοισι
549 2238 604 2244 --
616 2215 749 2266 ὁμοῖοι
763 2213 838 2253 εἰσὶ
859 2230 878 2252 0
891 2213 907 2252 ἱ
928 2225 982 2252 συ
993 2229 1032 2252 ν-

383 2291 403 2314 τ
413 2290 437 2312 υ
452 2289 473 2326 γ
483 2289 503 2324 χ
515 2270 539 2311 α’
551 2287 604 2312 νο
617 2288 640 2311 ν
651 2287 671 2310 τ
685 2286 701 2310 ε
713 2270 755 2322 ς]
795 2271 1031 2307 Restituimus

382 2345 463 2369 cum
492 2329 700 2367 Gaisfordio
723 2333 880 2365 veterem
912 2327 1033 2363 lectio-

384 2400 489 2434 nem,
518 2399 630 2436 quam
657 2385 754 2421 libris
787 2383 904 2420 invitis
937 2384 1033 2419 Gro-

384 2444 509 2480 novius
549 2447 659 2491 atqne
693 2439 954 2487 W'esselingius
981 2439 1032 2475 ita

385 2503 584 2543 mutaraut,
616 2501 655 2534 ut
673 2497 789 2548 primo
809 2497 887 2533 loco
915 2508 1030 2546 pone-

386 2560 463 2593 rent
483 2554 523 2594 οἱ
537 2548 888 2605 συντυγχάνοντες,
917 2550 1030 2589 altero

387 2611 465 2648 loco
511 2608 551 2650 οἱ
586 2607 898 2660 ἐντυγχάνοντες.
963 2607 1031 2644 Est

385 2667 529 2716 quidem
556 2667 594 2703 in
626 2671 751 2703 nostra
786 2665 937 2703 lectione
964 2676 1031 2701 uo-

384 2723 572 2760 minativus
601 2717 901 2774 ἒντυγχοῖνοντες
935 2720 978 2767 (ἰ.
997 2733 1030 2758 e.

383 2781 417 2816 si
438 2780 499 2828 qui
519 2779 586 2814 sibi
603 2779 738 2815 obviam
748 2779 880 2827 fiunt),
900 2777 961 2825 qui
977 2777 1032 2813 of-

384 2835 536 2873 fendere
563 2835 699 2884 possit,
728 2840 764 2871 et
792 2834 946 2872 offendit
977 2846 1033 2871 re-

1104 1441 1193 1478 apse
1224 1428 1282 1466 ille
1310 1428 1548 1466 Benedictum
1581 1428 1644 1476 (in
1672 1425 1750 1465 Act.

1103 1485 1228 1521 semin.
1239 1484 1341 1534 Lips.
1354 1484 1433 1521 vol.
1447 1485 1476 1521 ll
1490 1485 1530 1522 P.
1544 1489 1569 1526 2
1587 1498 1623 1534 p.
1637 1485 1751 1531 283),

1103 1541 1165 1589 qui
1189 1541 1334 1588 corrigit
1357 1536 1684 1591 ἐντυγχάνοντας,·
1714 1545 1752 1577 ut

1101 1596 1292 1634 cohaereat
1323 1610 1402 1633 cum
1424 1597 1615 1649 διαγνοίη.
1675 1597 1753 1634 Sed

1103 1653 1132 1689 si
1151 1653 1223 1690 tale
1253 1653 1341 1701 quid
1373 1654 1409 1689 in
1433 1654 1531 1690 libris
1560 1653 1753 1701 legeretur,

1102 1721 1213 1757 aegre
1236 1709 1406 1758 equidem
1428 1710 1670 1747 desiderarem
1692 1721 1751 1745 ar—

1102 1764 1248 1801 ticulum
1274 1769 1361 1803 ante
1382 1766 1476 1803 hunc
1498 1765 1749 1803 accusativum.

1102 1819 1227 1857 Malim
1246 1821 1356 1870 igitur
1383 1822 1642 1859 nominativum
1666 1833 1753 1872 par-

1102 1877 1214 1927 ticipii
1227 1907 1237 1925 ,
1267 1889 1373 1926 quem
1391 1880 1547 1916 retinent
1568 1890 1692 1915 omnes
1709 1877 1752 1914 li-

1106 1933 1180 1981 bri,
1217 1934 1420 1971 absolutum
1470 1935 1610 1980 dicere·‚
1657 1947 1752 1984 quae

1106 1994 1283 2027 structura
1311 2003 1334 2027 a
1354 1995 1479 2028 nostro
1509 1991 1683 2041 scriptore
1710 2002 1752 2027 a-

1103 2045 1201 2083 liena
1229 2046 1375 2085 minime
1397 2047 1466 2085 dici
1492 2048 1649 2097 poterit3
1681 2058 1750 2083 nec

1104 2103 1199 2139 enim
1215 2115 1308 2152 quae
1319 2103 1518 2151 Schweigh.
1532 2107 1587 2141 est
1603 2106 1750 2139 senten-

1102 2158 1174 2205 tia,
1203 2160 1389 2195 commode
1417 2158 1475 2195 ille
1499 2158 1623 2195 referri
1644 2162 1749 2207 pote·

1099 2214 1145 2250 rit
1163 2215 1210 2251 ad
1236 2212 1368 2264 ὁμοῖοι
1398 2213 1496 2262 εἰσὶ,
1525 2214 1661 2264 quippe
1691 2215 1746 2251 cui

1100 2271 1305 2320 adpositum
1327 2271 1373 2307 sit
1401 2270 1441 2309 οἱ
1460 2268 1747 2321 συντυγχάνον-

1100 2341 1235 2372 nge-
1252 2327 1293 2363 In
1314 2328 1395 2377 ipsa
1417 2340 1455 2364 re
1476 2327 1584 2364 nolim
1605 2328 1749 2364 insiste-

1099 2397 1148 2421 re.
1207 2383 1303 2420 Satis
1326 2384 1465 2420 monuit
1482 2384 1686 2420 Brissonius
1701 2384 1748 2421 de

1099 2452 1176 2488 reg.
1189 2438 1289 2476 Pers.
1303 2440 1454 2490 princip.
1479 2440 1525 2487 ll,
1548 2442 1638 2481 178.
1656 2442 1748 2486 179,

1099 2496 1153 2534 cui
1183 2495 1271 2533 alios
1297 2497 1474 2544 quosdam
1504 2496 1606 2533 huius
1637 2495 1748 2533 moris

1098 2556 1208 2590 testes
1229 2552 1331 2589 addit
1358 2552 1632 2601 Vi'esselingius.
1689 2551 1749 2589 De

1097 2609 1207 2648 verbo
1251 2613 1492 2662 προσκυνεῖν
1527 2609 1598 2647 vid.
1624 2609 1673 2646 ad
1699 2608 1746 2656 11,

1098 2666 1150 2706 80
1171 2669 1263 2702 nott.

1153 2718 1247 2768 τούς
1274 2719 1431 2761 ἑωυτῶν
1460 2716 1659 2761 ἑκαστάτω
1689 2719 1744 2760 οἰ-

1099 2775 1295 2827 κημένους
1309 2778 1351 2818 ἐν
1362 2781 1458 2833 τιμῇ
1472 2777 1648 2831 ἄγονται]
1669 2775 1743 2814 Lo-

1100 2835 1192 2870 cutio
1218 2833 1260 2873 ἐν
1288 2838 1382 2889 τιμῇ
1403 2833 1572 2888 ἄγεσθαι
1600 2836 1665 2879 (in
1685 2834 1741 2868 lw-
