1877 3223
335 329 403 375 88

134 395 251 422 Coiitur
279 394 408 422 Croesus

133 429 254 463 ιι())ὀ,ι’
271 428 409 468 idemque
466 409 610 454 κάτισέ
639 425 682 452 τε
713 409 839 465 ἐγγυς
871 409 1055 461 ἑωυτοῦ,

194 470 240 488 um
267 470 295 489 el
313 461 409 490 consi*

133 495 164 522 lii
146 503 204 523 ιιιιιι
223 495 285 525 dat.

466 222 550 263 224

567 329 617 373 Ὁ
655 331 704 386 μὲ
688 347 733 374 εν
771 335 904 374 ταῦτα
945 331 1068 385 §.Repe

855 220 1328 260 HERODOTI

1136 333 1284 384 Κῦρος
1325 331 1372 373 δὲ
1410 330 1544 375 αὑτὸν
1581 329 1715 382 λύσας

1099 411 1172 452 καὶ
1201 409 1338 463 κάρτα
1366 408 1414 452 ἐν
1441 414 1579 467 πολλῇ
1606 425 1715 463 προ-

462 489 601 545 μηθίη
645 485 750 543 εἶχε,
789 487 1071 544 ἀπεθώυμαζέ
1110 504 1154 531 τε
1193 486 1332 542 ὁρέων
1361 489 1433 532 καὶ
1463 487 1611 539 αὐτὸς,
1643 489 1770 532 καὶ25

460 569 504 611 οἱ
532 567 629 620 περὶ
661 566 830 611 ἐκεῖνον
871 566 1013 618 ἐόντες
1042 564 1207 617 πάντες.

1268 566 1291 611 ὁ
1323 566 1368 610 δὲ
1409 568 1589 624 συννοίῃ
1629 565 1715 622 ἐχό-

433 654 622 702 Ξμενος,
678 644 839 701 ἥσυχος
881 642 947 702 ἦν.
1005 645 1109 701 μετὰ
1147 647 1212 697 δὲ,
1258 645 1534 702 ἐπιστραφείς
1571 661 1614 688 τε
1643 646 1717 688 καὶ

463 723 662 779 ἰδόμενος
702 724 805 776 τούς
836 725 1003 779 Πέρσας
1033 724 1079 768 τὸ
1123 729 1211 768 τῶν
1250 727 1409 768 Λυδῶν
1440 724 1547 768 ἄστυ
1575 726 1718 779 κεραΐ-

461 807 634 856 ζοντας,
666 800 777 846 εἶπε·
825 799 907 855 ,ῘΩ
937 807 1136 860 βασιλεῦ,
1167 803 1346 858 κότερον
1376 803 1512 860 λέγειν
1541 803 1648 857 πρὸς
1671 803 1717 847 σὲ

460 882 546 934 „td
576 881 714 925 νοέων
742 882 964 938 τυγχάνω,
993 881 1023 939 ἢ
1053 887 1180 938 σιγᾶν
1200 883 1246 925 ἐν
1274 886 1334 938 τῷ
1363 881 1565 937 παρεόντι
1583 880 1716 937 χρή,·“

435 965 618 1016 3Κῦρος
655 961 699 1004 δέ
729 978 804 1016 μιν
834 961 1079 1014 θαρσέοντα
1119 961 1282 1005 ἐκέλευε
1313 961 1449 1016 λέγειν
1490 961 1515 1004 ὅ
1544 978 1584 1004 τι
1613 958 1713 1016 βού-
1728 967 1774 1001 30

462 1045 597 1084 λοιτο.

656 1038 679 1083 ὁ
712 1040 757 1083 δὲ
787 1040 922 1083 αὐτὸν
953 1038 1131 1094 εἰρώτα,
1161 1039 1318 1095 λέγων·
1355 1035 1530 1091 ,,Οὗτος
1561 1039 1584 1083 ὁ
1615 1044 1718 1082 πολ-

462 1118 574 1171 ,,λὸς
617 1119 765 1174 ὅμιλος
801 1120 842 1162 τί
883 1123 1017 1162 ταῦτα
1057 1121 1226 1176 σπουδῇ
1267 1123 1404 1177 πολλῇ
1442 1118 1718 1175 ἐργάζεταις(6

454 1198 504 1242 Ὃ
534 1198 579 1242 δὲ
609 1195 718 1241 εἶπε·
749 1230 774 1249 ,,
787 1197 926 1241 Πόλιν
955 1214 999 1241 τε
1027 1197 1108 1254 τήν
1145 1198 1225 1254 σήν
1254 1198 1498 1253 διαρπάζει,
1531 1197 1603 1240 καὶ
1622 1196 1719 1253 χρή-

432 1279 613 1333 4,,ματα
648 1276 701 1319 τὰ
740 1277 796 1320 σὰ
843 1275 1078 1334 διαφορέει.

1083 1282 1108 1300 “
1165 1280 1359 1331 Κροῖσος
1408 1277 1453 1321 δὲ
1496 1275 1715 1332 ἀμείβετο·

460 1387 486 1407 ,,
499 1354 609 1399 Οὔτε
637 1355 765 1401 πόλιν
793 1356 873 1414 τήν
902 1355 1029 1413 ἐμὴν,
1060 1353 1160 1399 οὔτε
1188 1355 1384 1412 χρήματα
1413 1356 1464 1400 τὰ
1495 1354 1575 1412 ἐμοὶ
1600 1357 1772 1410 διαρ-35

545 1550 576 1588 c
589 1564 609 1588 a
618 1565 654 1602 p.
685 1549 927 1588 Lxxxvnr.

456 1626 591 1669 κάτισέ
609 1645 649 1669 τε
671 1626 820 1681 ἐγγῦςε
806 1627 996 1680 ἒωυτοῦ]”
988 1643 1009 1666 ι.
1023 1643 1054 1667 e.

396 1699 503 1737 prope
522 1699 556 1723 se
577 1699 651 1723 eum
673 1686 831 1723 adsedere
848 1687 962 1722 z'sszesszt
974 1685 1055 1723 Me

402 1743 526 1780 diceus
552 1743 642 1780 liber
661 1746 823 1781 κατεῖσε.

455 1794 718 1848 απεθῶυμαζέ
736 1812 776 1836 τε
799 1795 950 1848 ορέων]
974 1798 1054 1833 Ho-

397 1855 487 1892 meri
507 1868 549 1892 ex
568 1868 635 1891 usu
658 1854 745 1891 haee
761 1854 908 1891 fluxisse
929 1857 1053 1890 monet

397 1910 619 1960 W'esseling.
630 1922 846 1961 comparans
861 1909 901 1947 ΙΙ.
916 1909 1052 1956 XXIV,

460 2021 626 2077 συννοίῃ
650 2015 858 2072 ἐχόμενος]
890 2022 912 2058 i.
935 2035 966 2059 e.
999 2034 1054 2058 co-

401 2079 641 2128 gitabundus,
666 2079 857 2115 obstrictus
877 2078 982 2127 quasi
993 2091 1055 2115 co-

406 2136 582 2184 gitatione
603 2148 645 2172 ac
663 2148 824 2184 pressus.
882 2136 1004 2184 Supla
1023 2133 1052 2180 I,

400 2194 455 2233 35
487 2204 673 2256 συμφορῃ
697 2186 888 2241 ἐχόμενος.
920 2189 1046 2236 1,14ι

400 2243 502 2314 ὀργῇ
535 2243 727 2299 ἐχόμενος.
757 2247 827 2293 lll,
853 2248 906 2287 50
934 2248 1054 2299 θυμῷ

399 2301 596 2355 ἐχόμενος.
634 2302 729 2340 Alibi
754 2303 915 2340 adiunxit
931 2302 1053 2339 ‹latixo

402 2360 724 2431 praepositionem
732 2358 796 2406 ἐν,
826 2363 865 2395 ut
892 2358 952 2404 1³»,
974 2358 1051 2398 131

402 2416 445 2456 ἐν
470 2412 659 2471 ἆπορί-ῃσι
686 2415 828 2466 εἴχετος
872 2414 947 2462 ΙΧ,
987 2415 1052 2455 98.

399 2472 481 2510 Alia
498 2486 592 2510 nunc
613 2472 750 2509 omitto.

460 2526 707 2578 ἰδόμενος
727 2524 822 2574 τούς
842 2524 998 2578 Πέρσας
1015 2540 1050 2564 κ.

397 2598 430 2622 τ.
451 2587 500 2631 λ.]
534 2585 725 2634 Excerpsit
748 2585 837 2622 haec
864 2583 1050 2620 Diodorus

398 2641 539 2677 Siculus
558 2642 595 2677 in
618 2641 802 2690 Excerptt.
824 2638 860 2689 ἓ.
882 2640 936 2680 30
957 2638 1004 2675 Τ.
1020 2637 1051 2674 ΙΙ

397 2709 434 2746 p.
448 2699 500 2737 26
523 2697 658 2746 seriptt.
679 2710 760 2733 nov.
785 2695 861 2733 coll.
888 2693 1044 2732 ed.Mai.

399 2773 454 2779 ——
475 2748 653 2802 ἰδόμενος
674 2765 717 2789 ex
747 2752 815 2788 hoe
841 2751 920 2787 loeo
954 2754 990 2788 ct
1026 2750 1052 2797 1,

400 2810 482 2848 207
520 2808 645 2844 laudat
671 2808 848 2844 Matthiae
891 2808 956 2843 Gr.
986 2805 1053 2842 Gr.

401 2861 439 2914 ἓ.
463 2865 544 2904 231
567 2876 652 2915 pag.
673 2863 766 2904 450.
805 2863 882 2901 Sed
902 2868 1054 2912 utroque

1125 1549 1203 1587 loco
1225 1551 1371 1600 quidam
1403 1550 1481 1587 libri
1509 1550 1631 1600 scripti
1662 1545 1773 1588 εἰδό-

1125 1621 1253 1656 μενος.
1277 1608 1359 1643 Hoc
1378 1605 1456 1644 loco
1472 1606 1656 1644 Diodorus
1667 1619 1775 1656 prae-

1123 1663 1185 1701 bet
1206 1661 1319 1701 ἰδών.

1180 1713 1213 1756 ὦ
1239 1719 1420 1769 βασιλεῦ,
1465 1713 1647 1768 κότερον]
1698 1716 1774 1754 Re-

1123 1779 1232 1810 comt.
1263 1775 1346 1810 cdd.
1380 1774 1426 1810 ob
1458 1773 1498 1819 I,
1529 1775 1581 1813 91
1612 1773 1774 1821 aliosque

1123 1829 1221 1866 locos
1240 1825 1400 1881 κότερα.
1441 1829 1519 1866 Sed
1539 1842 1665 1867 omnes
1693 1828 1772 1865 libri

1123 1887 1246 1937 scripti
1267 1882 1381 1937 κότερ
1395 1900 1415 1924 ο
1429 1900 1472 1932 ν,
1506 1887 1606 1935 quod
1623 1885 1772 1924 restitui.

1179 1950 1225 1991 τὰ
1244 1951 1368 1992 νοέων
1386 1949 1580 2005 τυγχάνω]
1594 1953 1660 1990 i.e.
1685 1965 1774 2002 quae

1121 2023 1212 2046 mmc
1227 2009 1325 2060 forte
1346 2012 1500 2047 animum
1519 2011 1612 2047 subit
1635 2011 1774 2058 cogita-

1123 2069 1195 2113 tio,
1230 2071 1270 2102 ut
1305 2067 1412 2104 docet
1445 2066 1574 2104 Matth.
1607 2066 1671 2102 Gr.
1707 2066 1773 2102 Gr.

1123 2121 1159 2173 ἓ·
1180 2122 1284 2168 553,
1305 2124 1345 2169 3,
1370 2123 1391 2160 δ
1413 2135 1497 2172 pag.
1523 2122 1708 2163 1085.--
1730 2121 1771 2157 In

1121 2191 1224 2226 seqq.
1245 2191 1323 2214 cum
1336 2178 1545 2215 Gaissordio
1564 2176 1771 2227 scripsimus

1121 2233 1163 2273 ἐν
1177 2235 1229 2286 τῷ
1238 2229 1423 2284 παρεόντι
1432 2228 1518 2285 χρή,
1533 2234 1592 2269 ubi
1602 2232 1769 2281 Schwgh.

1121 2290 1318 2327 seeundum
1340 2290 1452 2327 libros
1482 2290 1660 2339 quosdam
1681 2289 1770 2326 omi-

1121 2346 1167 2382 sit
1188 2343 1275 2396 χρή.

1178 2411 1197 2452 6
1223 2410 1264 2450 δὲ
1293 2408 1411 2452 αὐτὸν
1441 2407 1606 2463 εἰρώτα]
1630 2407 1771 2463 εἰρώτα

1121 2475 1177 2507 est
1193 2469 1312 2505 Ionica
1336 2469 1534 2518 imperfecti
1553 2470 1686 2515 forma,
1706 2481 1770 2506 ne-

1121 2526 1238 2574 glecto
1259 2530 1467 2574 augmento.
1525 2524 1657 2574 Neque
1673 2526 1770 2562 enim

1121 2582 1309 2619 descendit
1329 2594 1351 2618 a
1369 2583 1480 2619 verbo
1502 2577 1672 2632 ἔρωτάω,
1701 2582 1770 2618 sed

1120 2638 1165 2674 ab
1195 2652 1210 2676 ε
1225 2637 1238 2675 ἰ
1249 2634 1387 2689 ρωτάω
1404 2668 1415 2684 ,
1443 2639 1542 2687 quod
1561 2637 1684 2674 Ionum
1701 2641 1768 2683 est,

1120 2698 1270 2731 notante
1288 2694 1417 2731 Matth.
1436 2693 1491 2730 l.l.
1509 2706 1594 2744 pag.
1608 2694 1768 2734 304.—

1120 2750 1161 2785 Ῑιι
1181 2762 1285 2798 seqq.
1314 2751 1360 2786 ob
1391 2749 1562 2787 librorum
1579 2753 1768 2799 praestan-

1122 2807 1252 2842 tiorum
1281 2818 1498 2842 consensum
1524 2806 1654 2842 retinui
1684 2804 1765 2843 δια-

1124 2861 1259 2914 φορέει
1279 2874 1347 2913 pro
1369 2859 1616 2914 διαφθορέει.
