1909 3228
0 746 10 846 l.

87 333 155 384 58

87 735 154 782 59
210 732 363 774 νεωστὶ
409 729 692 787 ἐποιήθησαν.

590 224 1013 265 EUTERPE.
1066 225 1111 264 ΙΙ.
1388 224 1472 264 617

207 416 372 468 πρῶτοι
407 412 656 469 ἀνθρώπων
686 413 917 470 Αἰγύπτιοί
956 416 1038 458 εἰσι
1078 415 1121 456 οἱ
1159 410 1465 467 ποιησάμενοι·

180 493 284 535 exat
313 493 430 548 παρα
460 494 627 538 τούτων
653 495 854 550 ’Έλληνες
888 491 1175 549 μεμαθήκασι.
1232 490 1465 547 τεκμήριον

210 570 258 614 δὲ
301 589 371 628 μοι
410 572 593 625 τούτου,
630 572 753 617 τόδε·

211 656 376 694 πολλοῦ
414 669 487 694 τευ
528 651 692 707 χρόνου
730 651 1003 706 ποιεύμεναι·

181 973 265 1026 Βτῇ
289 967 514 1025 Ἀρτέμιδι.
572 969 752 1024 δεύτερα
782 970 824 1021 ἐς
854 968 1068 1023 Βούσιριν
1096 967 1248 1022 πόλιν,
1289 972 1343 1026 τῇ
1363 967 1466 1012 Ἴσι·

153 1191 377 1228 oraculorum
399 1191 603 1228 institutum
625 1203 667 1228 ex
685 1188 807 1240 Aegy-

152 1253 217 1299 pto
240 1249 354 1298 repeti
379 1247 452 1284 vult
464 1248 688 1285 Herodotus.
710 1249 807 1284 Gro-

153 1306 262 1341 nox‘io
284 1304 366 1340 olim
394 1304 596 1354 placuerat:
626 1303 706 1341 τῶν
730 1302 807 1353 ἰρέ-

155 1375 212 1399 ων
233 1358 261 1411 ἦ
283 1357 451 1410 μαντική
480 1360 548 1407 (ut
576 1361 612 1396 in
636 1360 805 1397 Mediceo

153 1417 246 1454 libro
269 1418 405 1463 exstat)
434 1417 454 1452 i.
474 1430 504 1453 e.
536 1416 722 1452 (Ιῖυίηαηᾱί
744 1429 807 1466 per

152 1473 344 1510 sacerdotes
364 1474 468 1508 ratio.
506 1473 581 1509 Sed
604 1474 808 1520 refragatur

153 1529 425 1579 quodammodo
453 1527 582 1565 Nostri
624 1529 724 1566 locus
761 1528 808 1575 ΙΙ,

153 1588 220 1628 83.

340 1669 372 1707 C
386 1682 407 1706 a
417 1682 454 1720 p.
491 1668 622 1706 LVIII.

211 1748 436 1806 πανηγύρις
460 1751 501 1792 δὲ
518 1774 574 1781 --
603 1765 810 1804 προσαγω-

155 1806 230 1862 γοῖς
251 1813 399 1858 πρῶτοι
419 1825 455 1847 κ.
469 1825 499 1847 τ.
509 1808 558 1859 t]
582 1809 640 1846 Ad
657 1811 810 1846 formam

157 1867 348 1903 accusativi
367 1862 587 1916 πανηγύρις
606 1867 699 1902 conf.
713 1865 811 1901 Mat-

155 1923 252 1959 thiae
275 1922 339 1958 Gr.
366 1922 430 1958 Gr.
452 1920 489 1972 §.
514 1924 567 1962 80
600 1926 675 1958 not.
696 1924 732 1962 6.
755 1941 810 1949 —

157 1974 417 2029 προσαγωγεὶς
456 1979 662 2014 Gronovius
699 1977 811 2027 expli-

156 2036 228 2072 cuit
248 2035 435 2071 oblationes
449 2064 459 2082 ‚
472 2035 508 2070 in
530 2036 611 2084 ipsa
631 2035 809 2083 interpre-

155 2092 294 2128 tatione
310 2091 442 2128 Latina
462 2104 602 2141 ponens
626 2090 811 2127 adductio-

154 2160 225 2184 nes.
256 2147 401 2194 Melius,
422 2148 564 2197 opinor,
587 2147 810 2195 Schweigh.:

157 2204 369 2253 „Hesychio
378 2219 452 2255 προ
459 2201 614 2255 σαγωγή
624 2208 680 2241 est
690 2213 810 2254 προσ-

159 2260 325 2307 έλευσις,
347 2265 463 2298 recte:
484 2263 655 2306 accessio,
678 2273 811 2309 nempe

158 2317 205 2353 ad
235 2317 373 2353 deorum
406 2330 515 2364 aras,
558 2317 810 2366 supplicatiof‘

157 2373 399 2410 Schneiderus
427 2374 463 2410 in
494 2374 583 2412 Lex.
620 2374 685 2410 Gr.
717 2387 745 2410 s.
776 2386 810 2409 v,

158 2429 280 2466 reddit
317 2429 477 2466 solemnes
512 2433 601 2467 ritus
638 2442 813 2466 sacrorum

161 2484 298 2534 diesque
319 2485 444 2534 festos.
471 2507 527 2514 —-
555 2487 615 2523 Ad
634 2499 736 2535 seqq.
757 2500 814 2524 τε-

162 2537 333 2591 κμήριον
363 2540 404 2579 δέ
439 2557 504 2591 μοι
533 2538 696 2589 τούτου,
728 2539 814 2580 τόδε

164 2596 228 2634 Cr.
255 2598 408 2634 conferri
438 2599 513 2635 vult
532 2598 643 2636 Wolf.
668 2599 715 2635 ad
737 2598 814 2636 De-

161 2653 340 2691 mosthen.
371 2653 519 2705 Leptin.
559 2667 644 2705 pag.
664 2656 745 2696 225
779 2658 816 2692 et

162 2710 200 2747 in
224 2710 334 2747 indic.

366 2794 398 2831 C
411 2806 477 2844 ap.
506 2792 606 2831 LIX.

220 2876 260 2925 ἐς
281 2873 506 2930 Βούβαστιν
521 2874 651 2928 πόλιν,
672 2880 723 2933 τῇ
737 2873 819 2931 Ἀρι

762 732 1116 787 Πανηγυρίζουσι
1156 731 1200 773 δὲ
1240 729 1470 784 Αἰγύπτιοι

306 334 560 392 Πανηγύρις
589 335 635 380 δὲ
665 335 752 389 ἄρα
782 335 855 378 καὶ
882 332 1057 391 πομπὰς
1085 331 1158 376 καὶ
1185 331 1469 388 προσαγωγὰς
1527 339 1798 376 Εκῑῑερῑοῐιιιπφοη-

1525 378 1632 400 ventus
1644 394 1651 408 ,
1672 382 1802 410 pompas,

815 575 860 615 αῖ,
900 573 977 628 μὲν
1024 571 1104 628 γὰρ
1147 572 1381 627 φαίνονται
1424 573 1470 616 ἐκ

1065 652 1110 693 αἱ
1148 651 1192 693 δὲ
1228 649 1472 706 Ἑλληνικαὶ

1480 411 1556 453 85η
1582 408 1769 434 victimarum

1526 440 1768 467 adducendarmn

1524 474 1599 500 ritum
1612 495 1619 506 ,
1639 476 1801 508 Aegyptios

1521 508 1631 540 primos
1656 508 1803 535 instituis-

1524 548 1569 569 fle.

1527 730 1640 763 Quibus
1663 730 1693 757 in
1724 730 1803 757 urbi-

1526 764 1579 790 bus
1598 772 1724 802 quorum·
1746 764 1804 790 De—

181 809 299 854 Ξούκ
330 810 440 862 ἅπαξ
469 815 549 853 τοῦ
579 810 807 863 ἐνιαυτοῦ,
837 811 1077 866 πανηγύρις
1108 810 1153 852 δὲ
1184 808 1355 864 συχνάς.
1385 809 1469 865 μα’-
1526 798 1804 858 ἓὲἶῖῗῦζᾛῖἑὶἷὲἓῖ

208 894 333 934 λιστα
380 888 458 944 μὲν
500 891 572 933 καὶ
609 890 925 946 προθυμότατα
961 891 1002 940 ἐς
1041 887 1290 943 Βούβαστιν
1326 869 1604 940 ndstimsoi'isab
1623 898 1726 927 Ceres.

1528 971 1608 1011 132

874 1187 1023 1240 τὲμιδι]
1054 1203 1100 1226 sc.
1124 1189 1434 1241 πανηγυρίζουσι
1461 1189 1530 1238 (ad

869 1247 1003 1297 fesium
1028 1246 1265 1283 celebrandum
1288 1248 1528 1295 conveniunt).

874 1304 1030 1341 Dianam
1049 1303 1266 1352 Aegyptiam
1279 1303 1416 1340 Noster
1431 1317 1532 1340 com-

875 1364 1050 1397 memorat
1072 1361 1164 1395 infra
1184 1360 1241 1405 ΙΙ,
1263 1361 1327 1399 80.
1354 1360 1446 1404 155,
1467 1360 1529 1396 ubi

874 1417 947 1452 vid.
977 1415 1034 1452 De
1049 1415 1187 1463 reliquo
1202 1419 1416 1463 argumento
1434 1417 1530 1452 conf.

876 1472 934 1518 II,
956 1474 1020 1511 60.
1045 1473 1135 1512 138.
1167 1471 1278 1513 Quod
1308 1484 1392 1507 vero
1425 1472 1529 1508 sestis

876 1528 1095 1579 pompisque
1114 1528 1361 1575 frequentibus
1388 1527 1437 1563 uti
1456 1527 1532 1565 Ae-

879 1584 1024 1634 gyptios
1054 1584 1268 1620 Herodotus
1302 1584 1453 1630 scribit,
1492 1584 1531 1620 id

880 1653 1079 1689 sanequam
1117 1641 1271 1677 maxime
1304 1639 1532 1686 confirmant,

876 1710 971 1747 quae
1010 1697 1162 1747 plurima
1194 1698 1231 1733 in
1265 1695 1532 1746 Aegyptiorum

877 1753 1092 1803 anaglyphis
1116 1753 1308 1803 picturisve
1338 1753 1445 1789 variis
1476 1753 1531 1789 lo-

877 1811 927 1847 cis
949 1810 1237 1858 conspiciuntur,
1267 1809 1327 1844 ubi
1345 1814 1382 1846 et
1403 1809 1452 1845 dii
1471 1822 1530 1846 re-

877 1870 1159 1915 praesentantur
1179 1869 1214 1901 et
1233 1878 1414 1914 pompae,
1435 1866 1529 1901 festa

877 1922 1017 1958 illorum
1065 1922 1102 1957 in
1141 1921 1315 1956 honorem
1354 1922 1529 1958 instituta.

876 1978 987 2015 Plura
1027 1978 1197 2014 Creuzer.
1239 1977 1276 2012 in
1313 1977 1476 2025 Symbol.
1513 1976 1530 2014 l

878 2048 915 2084 p.
935 2033 1016 2074 248
1039 2047 1114 2082 seq.

936 2087 1098 2139 δεύτερα
1118 2088 1157 2135 ἐς
1179 2084 1369 2137 Βούσιριν
1401 2084 1532 2137 πόλιν,

878 2148 929 2200 τῇ
948 2143 1036 2195 Ἴσι]
1067 2146 1236 2182 Formam
1256 2146 1365 2181 dativi
1384 2142 1457 2184 Ἴσι
1477 2150 1533 2182 at-

879 2203 961 2251 tigit
981 2202 1112 2239 Matth.
1142 2202 1207 2239 Gr.
1230 2202 1294 2238 Gr.
1325 2199 1360 2252 ἓ.
1381 2203 1434 2242 73
1451 2230 1462 2247 ‚
1493 2204 1530 2243 1.

878 2259 936 2297 De
956 2260 1035 2309 ipso
1064 2260 1157 2295 festo
1178 2259 1249 2295 vid.
1271 2258 1315 2305 II,
1337 2261 1387 2299 61
1408 2258 1531 2306 ibique

879 2319 969 2352 nott.
1012 2315 1123 2358 Quod
1151 2315 1198 2351 ad
1232 2315 1355 2352 urbem
1382 2313 1532 2351 Busirin

880 2372 1028 2417 attinet,
1058 2372 1147 2408 haec
1173 2371 1337 2421 disputat
1372 2371 1534 2408 Creuze-

879 2442 938 2464 rus
952 2428 1286 2474 (Commflerodd.
1300 2441 1335 2477 p.
1352 2429 1430 2466 110
1445 2427 1532 2476 sq.):

881 2485 1080 2533 „Quatuor
1107 2484 1258 2532 amplius
1297 2484 1434 2532 oppida
1464 2484 1533 2520 hoc

881 2542 1025 2577 nomine
1043 2540 1209 2590 praedita
1233 2540 1390 2576 habebat
1411 2542 1535 2588 Aegy-

882 2603 964 2648 ptus
987 2597 1100 2643 (conf.
1120 2597 1240 2632 Sti-ab.
1264 2595 1367 2631 XVII
1388 2609 1422 2644 p.
1438 2598 1533 2642 802,

881 2667 966 2704 pag.
980 2653 1061 2694 541
1077 2652 1226 2699 Tzseh„
1245 2651 1464 2700 W'esseling.
1485 2653 1534 2689 ad

881 2710 1038 2748 Diodor.
1080 2708 1115 2755 I,
1153 2710 1206 2750 85
1254 2712 1292 2745 et
1339 2709 1535 2758 praecipue

884 2764 1088 2816 Champoll.
1110 2764 1269 2814 l’Egypt.
1292 2777 1375 2801 sous
1396 2764 1418 2801 1.
1429 2765 1534 2814 phar.

881 2821 954 2859 vol.
971 2821 987 2858 I
1008 2835 1044 2872 p.
1056 2821 1149 2862 365.
1180 2820 1226 2867 ΙΙ,
1240 2820 1295 2862 42
1310 2825 1346 2858 et
1367 2834 1403 2871 p.
1419 2822 1532 2869 190).

884 2876 934 2916 At
958 2879 1044 2916 urbs
1073 2877 1304 2916 celeberrima
1334 2877 1404 2915 fuit
1444 2877 1534 2915 haec

1625 865 1678 890 isis

1700 864 1805 892 cadem
