1909 3228
41 1455 109 1501 74

529 225 954 266 EUTERPE.

138 336 218 380 3τό
246 336 450 393 μέγαθος.

1013 225 1059 265 11.
1349 227 1431 266 (351

514 339 683 380 Τοῦτον
713 335 760 379 δὲ
798 335 973 391 λέγουσι
1011 337 1286 392 μηχανᾶσθαι
1316 332 1432 388 τάδε,

167 415 263 472 ἐμοὶ
293 416 373 472 μὲν
406 416 459 459 ού
490 416 619 460 πιστὰ
649 415 865 472 λέγοντες·
920 415 961 467 ἐξ
984 413 1182 471 Ἀραβίης
1217 411 1492 469 ὁρμεώμε-95

167 513 273 549 νον,
326 497 368 547 ἐς
396 494 444 539 τό
485 495 580 551 ἴρὸν
619 499 697 539 τοῦ
732 494 883 538 Ἡλίου
923 496 1112 549 κομίζειν
1149 492 1226 537 τὸν
1255 495 1434 548 πατέρα,

167 575 215 619 ἐν
249 575 421 633 σμύρνῃ
452 574 771 630 ἐμπλάσσοντα,
803 575 873 617 καὶ
905 572 1090 617 θάπτειν
1113 573 1158 616 ἐν
1179 577 1261 616 τοῦ
1287 571 1436 616 Ἡλίου

139 659 231 713 4τῷ
261 657 353 712 ἱρῷ.

169 735 258 778 ὠὸν
288 734 496 778 πλάσσειν
527 734 634 778 ὅσον
660 751 704 777 τε
745 733 934 784 δυνατός
974 733 1060 775 ἐστι
1101 732 1271 787 φέρειν·

411 656 600 709 κομίζειν
629 655 674 698 δὲ
713 653 846 697 οὕτω·
895 657 1095 707 πρῶτον,
1137 656 1210 708 τῆς
1242 652 1437 709 σμύρνης

1329 732 1435 788 μετοὶ

169 815 236 867 δὲ,
267 818 503 868 πειρᾶσθαι
532 813 639 857 αὐτὸ
671 813 911 869 φορέοντα·
965 811 1091 855 ἐπεὰν
1120 812 1165 856 o}
1197 811 1436 868 ἀποπειρη-

167 898 250 949 θῇ,
283 893 399 937 οὕτω
432 892 484 949 δή
526 892 788 950 κοιλήναντα
828 893 877 937 τὸ
917 892 1026 945 ω’ὀν,
1085 892 1163 934 τόν
1202 892 1365 945 πατέρα
1396 893 1437 943 ἐς

168 970 276 1015 αὐτὸ
307 971 545 1023 ἐντιθέναι,
587 970 761 1029 σμύρνῃ
794 973 837 1016 δὲ
871 972 976 1029 ἄλλῃ
1009 969 1267 1028 ἐμπλάσσειν
1300 976 1431 1015 τοῦτο

166 1049 262 1095 κατ’
297 1051 321 1095 ὅ
351 1069 391 1095 ’τι
420 1056 500 1096 τοῦ
530 1052 622 1096 ωὀῦ
654 1052 904 1109 ἐγκοιλήνας
930 1052 1107 1107 ἐνέθηκε
1136 1050 1215 1094 τὸν
1244 1051 1465 1106 πατέρα·2

167 1130 417 1186 ἐσκειμένου
451 1132 496 1175 δὲ
527 1135 608 1175 τοῦ
636 1132 824 1186 πατρὸς,
867 1134 1068 1187 γίνεσθαι
1106 1129 1247 1174 τώυτὸ
1278 1130 1435 1187 βάρος·

166 1210 448 1266 ἐμπλάσαντα
478 1211 545 1264 δὲ,
594 1213 784 1266 κομίζειν
814 1228 889 1268 μιν
929 1210 996 1254 ἐπ’
1029 1209 1255 1267 Αἰγύπτου
1286 1211 1327 1262 ἐς
1356 1214 1438 1254 τοῦ

162 1289 313 1335 (Ηλίου
344 1290 390 1334 τὸ
423 1289 534 1345 ἱρόν.
592 1294 730 1334 ταῦτα
769 1290 850 1346 μὲν
888 1295 1048 1335 τοῦτον
1087 1290 1167 1334 τὸν
1208 1287 1336 1344 ὄρνιν
1364 1289 1465 1334 λέ-5

165 1381 295 1426 γουσι
324 1370 501 1414 ποιέειν.

278 1451 380 1492 Εἰσὶ
410 1450 456 1493 δὲ
484 1449 582 1502 περὶ
615 1449 761 1505 Θήβας
791 1450 878 1504 ἱροὶ
903 1449 1050 1505 ὄφιες,
1081 1446 1333 1503 ἀνθρώπων
1353 1445 1432 1491 οὖ-

167 1528 316 1585 δαμῶς
346 1527 606 1586 δηλήμονες·
666 1531 710 1573 οἳ
747 1527 930 1585 μεγάθεϊ
965 1527 1107 1580 ἐόντες
1135 1528 1308 1585 μικροὶ,
1356 1524 1438 1571 δύο

110 1755 278 1812 μάλιστα
309 1764 347 1798 ut
373 1760 426 1808 Π,
449 1762 514 1801 76.
532 1762 598 1801 78.
628 1755 765 1811 περιή-

112 1829 228 1868 γησιν
248 1830 326 1854 cum
358 1818 540 1854 Crenzero
571 1818 765 1865 (fragium.

111 1873 294 1909 historice.
331 1886 417 1923 pag.
448 1875 519 1916 19)
549 1873 767 1922 interpretor

112 1930 159 1965 de
171 1929 295 1978 fornici
315 1930 389 1965 avis
403 1929 618 1977 aediligeutc'
627 1930 768 1979 formae

112 1985 362 2035 descriptione‚·
403 1986 539 2022 mavult
579 1987 768 2034 Schweig-

111 2041 310 2079 haeuserus
340 2044 708 2092 circuinscriptionem‚
740 2042 770 2079 le

111 2102 274 2145 σοηΐοιιῖ,
297 2102 334 2134 ut
355 2099 449 2134 Galli
471 2100 604 2136 dicunt.
632 2099 768 2136 Verum

113 2156 214 2203 quod
236 2156 401 2203 sequitur
431 2154 558 2196 καὶτὸ
580 2154 770 2208 μέγαθος,

112 2212 259 2249 obstare
284 2211 437 2248 videtur.

169 2294 212 2334 ἒν
264 2291 417 2350 σμύρνῃ
468 2291 766 2346 ἐμπλάσσοντα]

111 2351 298 2400 Myrrham
338 2353 386 2390 ad
419 2354 566 2390 orientis
597 2354 770 2401 regionis,

112 2409 211 2445 unde
229 2409 387 2445 exoritur
408 2409 482 2456 sol,
496 2410 665 2446 indicium
685 2423 770 2459 per-

114 2464 250 2511 tinere,
282 2465 339 2502 vix
361 2467 499 2503 monitu
521 2467 588 2504 erit
609 2479 712 2516 opus.

169 2550 389 2598 πειρᾶσθαι
421 2544 521 2588 αύτό
559 2564 589 2599 φ
603 2564 622 2588 ο
637 2565 656 2600 ρ
670 2547 688 2588 ἑ
701 2564 769 2588 ον-

113 2601 192 2653 τα]
242 2604 301 2642 De
338 2606 517 2656 participii
549 2619 615 2642 usu
646 2610 771 2644 monet

113 2660 294 2697 Matthiae
318 2661 384 2697 Gr.
398 2661 462 2698 Gr.
481 2675 568 2712 pag.
581 2664 700 2703 1091.
715 2684 769 2690 -—

114 2716 205 2753 Mox
226 2729 293 2766 pro
314 2717 411 2766 vulg.
436 2714 581 2756 καθότι
610 2731 690 2754 cuin
712 2731 770 2755 re-

116 2776 224 2810 centt.
239 2773 403 2810 dedimus
428 2770 508 2812 κατ’
527 2770 548 2814 ὅ
565 2788 612 2811 τι.
633 2774 771 2812 Probat

115 2829 250 2866 Struve
279 2834 419 2879 quaest.
443 2831 491 2868 de
520 2830 604 2868 dial.
627 2830 768 2868 Herod.

115 2897 203 2936 pag.
227 2884 293 2926 47.

1004 1786 1035 1824 c
1052 1800 1072 1824 a
1086 1801 1122 1837 p.
1153 1785 1325 1825 LXXIV.

895 1869 968 1909 εἶσὶ
1010 1867 1052 1909 δὲ
1090 1868 1180 1920 περὶ
1232 1865 1372 1920 Θήβας
1413 1868 1493 1919 ἱροὶ

835 1924 948 1975 ὅφιες
967 1956 978 1974 ‚
1028 1922 1260 1976 ἀνθρώπων
1308 1922 1493 1977 οὐδαμῶς

839 1979 1084 2033 δηλήμονες]
1116 1983 1174 2020 De
1193 1987 1371 2019 structura
1395 1985 1492 2020 vocis

839 2037 1061 2090 δηλήμονες
1080 2040 1174 2076 conf.
1195 2039 1329 2075 Matth.
1348 2053 1383 2089 p.
1397 2040 1492 2081 652.

837 2118 895 2125 --
917 2097 975 2133 Ad
998 2100 1249 2145 argumentum
1269 2095 1337 2132 loci
1358 2097 1494 2133 faciunt

838 2154 978 2192 Aeliani
1006 2153 1097 2200 loci,
1127 2151 1175 2189 N.
1197 2152 1240 2189 A.
1273 2152 1348 2197 XI,
1372 2155 1423 2193 17
1454 2157 1493 2190 et

839 2210 966 2256 XVII,
992 2211 1030 2251 5.
1088 2209 1308 2246 Pertinuisse
1325 2209 1493 2246 videntur

840 2267 874 2305 hi
916 2270 1104 2316 serpentes
1135 2266 1181 2302 ad
1216 2265 1398 2312 cerastas,
1447 2267 1494 2303 de

837 2324 965 2372 quibus
987 2323 1169 2360 Diodorus
1191 2323 1304 2358 refert
1338 2316 1398 2369 1113
1425 2323 1493 2370 49,

837 2380 899 2416 ubi
933 2380 1028 2415 conf.
1055 2378 1293 2427 Wesseling.‚
1316 2391 1410 2427 quae
1437 2384 1494 2415 ta-

838 2449 921 2474 men
940 2436 1078 2472 bestiae
1097 2449 1177 2471 cuin
1195 2440 1397 2472 venenatae
1409 2435 1493 2482 sint,

836 2492 905 2530 hoc
936 2494 1053 2529 minus
1085 2492 1133 2528 ad
1161 2491 1342 2529 Herodoti
1380 2493 1494 2529 verba

838 2550 1017 2598 quadrare
1035 2552 1200 2598 apparet.
1259 2549 1341 2592 Qua
1363 2549 1492 2586 eadem

839 2619 883 2642 ex
905 2618 1014 2642 causa
1033 2606 1080 2641 ad
1095 2602 1226 2651 Naias,
1249 2617 1344 2654 quae
1365 2605 1492 2641 dicun-

839 2667 920 2708 hir,
971 2662 1007 2698 hi
1043 2666 1229 2710 serpentes
1265 2660 1390 2697 referri
1429 2674 1493 2699 ne-

839 2722 987 2767 queunt.
1066 2717 1204 2754 Confer
1248 2717 1426 2766 Bisttiger.
1457 2717 1494 2755 in

839 2774 992 2811 Amalth.
1013 2773 1047 2810 ΙΙ
1067 2785 1152 2823 pag.
1166 2775 1246 2815 188
1265 2785 1342 2822 seq.
1360 2774 1398 2810 in
1415 2778 1493 2811 not.

839 2831 881 2867 In
911 2830 1127 2881 anaglyphis
1163 2828 1398 2879 Aegyptiacis
1426 2829 1493 2868 hos

841 2891 1030 2938 serpentes
1063 2885 1205 2924 duobus
1236 2887 1407 2924 cornibus
1434 2887 1492 2923 in-

1496 981 1575 1021 138

1490 1443 1575 1470 Sacri
1616 1448 1772 1479 serpentes

1491 1479 1571 1505 circa
1589 1478 1723 1507 Thebas.
