1877 3223
435 236 489 275 70
833 229 1299 268 HERODOTI

437 341 586 395 λυβες,
619 337 932 395 Παφλαγόνες,
974 336 1175 394 Θρήϊκες,
1216 339 1259 381 οἱ
1292 339 1429 382 Θυνοί
1461 353 1504 381 τε
1538 338 1613 381 καὶ
1642 340 1711 380 Βι-

436 419 592 471 θυνοὶ,
637 421 802 474 Κᾶρες,
830 416 996 470 Ἴωνες,
1044 416 1256 472 Δωριέες,
1297 418 1494 470 Αἰολέες,
1529 415 1714 472 Πάμφυ-

395 639 431 676 p.
455 627 547 666 279.
603 624 811 672 Sequuntur
838 625 873 660 in
891 623 960 661 hoc
977 637 1043 674 po-

395 681 559 732 pulorum
579 692 729 717 recensu
750 679 912 730 Phryges
935 684 1044 729 atque

397 736 445 773 M
443 738 499 786 ysi
510 766 520 783 ‚
577 748 729 784 quorum
766 740 889 773 tamen
923 737 1044 783 sedes,

396 792 523 842 quales
546 791 726 828 Herodoti
757 792 889 829 suerint
913 797 1044 838 aetate,

396 848 593 885 accuratius
617 847 767 884 definire
792 847 933 883 vixdum
952 848 1043 885 licet.

397 904 505 941 Conf.
536 903 643 940 etiam
674 902 746 950 ΙΙΙ,
775 904 840 943 90.
898 903 1045 940 Praeter

398 973 462 1008 ea,
501 972 594 1009 quae
630 958 738 1008 vulgo
767 959 803 995 in
843 959 1045 995 universum

398 1017 446 1053 de
470 1016 526 1052 his
552 1016 720 1064 gentibus
748 1015 962 1061 traduntur,
991 1015 1046 1050 sa-

398 1073 495 1110 ciunt
512 1072 580 1108 huc
599 1071 869 1120 quodammodo
893 1069 1048 1106 Hoeckii

399 1128 582 1178 disputata
611 1128 667 1175 (in
686 1128 785 1164 Cret.
806 1128 834 1174 Ι,
853 1128 930 1167 109
945 1139 1048 1175 seqq.

402 1184 503 1232 136)
535 1184 581 1220 de
617 1183 822 1231 Phrygibus
853 1195 1050 1231 eorumque

400 1253 479 1277 cum
490 1239 605 1287 Lydis
623 1240 852 1286 commercio,
875 1251 953 1275 cum
971 1238 1049 1287 qui-

400 1297 468 1333 bus
491 1296 561 1331 una
582 1295 793 1346 plerumque
819 1295 1051 1332 nominantur

400 1353 567 1400 adeoque
587 1351 867 1388 confunduntur.
917 1351 966 1386 Et
984 1351 1050 1387 ad-

401 1411 505 1445 vocat
536 1406 614 1453 ille,
652 1411 796 1455 praeter
836 1405 1049 1453 religionum

401 1462 668 1500 similitudinem
695 1466 804 1511 atque
830 1461 1051 1498 coniunctio-

402 1532 503 1565 nem,
533 1519 580 1556 de
598 1517 755 1554 Maeone
775 1518 936 1567 inprimis
950 1517 1051 1554 testi·

401 1575 582 1621 monium,
621 1574 682 1623 qui
710 1574 820 1610 modo
852 1573 1051 1622 Phrygum,

402 1632 512 1668 modo
533 1629 740 1678 Lydorum,
776 1631 887 1667 modo
918 1629 1049 1666 utrius-

403 1700 474 1736 que
494 1686 612 1734 gentis
632 1698 693 1722 rex
711 1685 953 1735 perhibeatur.
993 1684 1052 1721 De

403 1742 562 1780 Maeone
583 1755 650 1778 nos
679 1741 831 1777 diximus
860 1743 908 1777 ad
939 1741 976 1787 l,
1012 1743 1050 1781 7.

407 1797 647 1847 Mariandyni
665 1797 876 1834 habitabant
888 1797 936 1833 ad
946 1796 1054 1833 Ponti

404 1855 535 1892 Euxini
561 1866 679 1899 oram,
718 1853 922 1901 Bithyniam
960 1855 1054 1890 inter

404 1915 516 1959 atque
540 1909 843 1958 Paphlagoniam,
874 1909 1053 1945 Thraces-

405 1979 477 2016 que
496 1969 531 2003 et
552 1964 621 2014 ipsi
644 1965 783 2011 origine
806 1966 918 2001 fuisse
928 1965 1053 2000 dicun-

406 2028 475 2059 tur.
535 2021 642 2057 Conf.
672 2021 792 2056 Strab.
815 2020 882 2056 Ml
914 2034 948 2069 p.
973 2019 1055 2060 542

407 2092 437 2117 s.
460 2079 555 2122 816,
572 2077 616 2112 C.
656 2075 727 2112 Alii
749 2089 813 2113 eos
842 2090 864 2112 a
894 2075 1054 2112 Marian-

408 2135 508 2182 dyno
521 2133 597 2169 sive
618 2132 801 2169 Cimmerii
833 2133 909 2170 sive
927 2130 1055 2169 Phinei

409 2190 482 2226 silio
527 2188 700 2225 oriundos
756 2189 925 2233 tradunt,
982 2187 1054 2223 vid.

409 2244 530 2283 Schol.
551 2245 600 2281 ad
618 2243 738 2294 Apoll.
759 2245 881 2282 Rhod.
900 2245 946 2291 ll,
959 2244 1053 2284 725.

412 2301 504 2342 140.
561 2299 671 2349 Apud
685 2301 913 2338 Herodotum
932 2312 1055 2337 eorum

411 2357 546 2395 mentio
566 2356 606 2392 fit
625 2356 715 2393 iufra
747 2357 816 2405 ΙΙΙ,
837 2360 890 2398 90
922 2360 958 2394 et
979 2357 996 2392 Χ
1011 2355 1055 2402 ll,

411 2416 437 2454 7
442 2417 478 2454 2.
529 2412 679 2449 Postera
698 2418 817 2451 autem
840 2417 958 2450 aetate
975 2411 1055 2447 illos

411 2470 458 2506 ab
476 2467 699 2506 Heracleotis
718 2471 785 2506 snb
816 2470 938 2517 iugiun
972 2467 1056 2504 mis-

413 2538 475 2561 sos
492 2524 665 2572 legimus3
694 2526 741 2563 de
771 2539 843 2575 quo
877 2525 907 2562 C
914 2537 941 2561 r.
969 2535 1055 2561 con-

414 2582 483 2618 sert
522 2579 693 2616 Posidon.
742 2594 800 2632 ap.
838 2580 967 2618 Athen.
1006 2578 1056 2615 w

414 2651 450 2687 p-
484 2637 564 2677 263
603 2637 818 2683 (Posidonii
861 2637 962 2685 reliq.
1004 2636 1060 2673 ed.

414 2693 516 2729 Bake
536 2705 571 2741 p.
587 2695 683 2737 176)
705 2695 824 2732 Strab.
841 2693 863 2729 Ι.
884 2693 1060 2744 1.p.817.

417 2747 511 2784 Add.
539 2748 683 2786 Ruhnk.
719 2750 766 2787 ad
798 2749 940 2787 Timaei
973 2749 1060 2786 Lex.

416 2817 454 2854 p.
480 2803 572 2844 214.
603 2805 680 2842 Ast.
703 2807 749 2842 ad
771 2805 860 2843 l'lat.
885 2805 1060 2855 deLegg.

417 2873 456 2910 p.
480 2861 571 2900 322.

1170 622 1338 674 Chalybes
1361 622 1422 671 qui
1453 621 1625 672 deinceps
1647 621 1760 658 nomi-

1112 684 1267 726 nantur,
1306 680 1421 729 probe
1458 678 1503 714 ab
1543 678 1599 714 his
1634 677 1760 713 distin-

1112 737 1271 785 guendi,
1301 748 1392 785 quos
1424 734 1531 782 vulgo
1555 733 1761 770 Chaldaeos

1111 794 1321 839 nominant,
1359 803 1528 839 magnam
1560 789 1654 825 illam
1681 789 1761 838 qui—

1113 850 1194 885 dem
1216 847 1438 896 antiquitatis
1469 850 1633 894 gentem,
1664 846 1763 881 cuius

1113 906 1221 940 sedes
1244 904 1334 939 ultra
1356 903 1638 950 Habnsuerunt.
1655 900 1762 937 Plura

1115 961 1163 997 de
1174 960 1228 996 his
1240 960 1367 995 Ritter.
1379 958 1581 994 Erdknnde
1600 957 1628 993 ΙΙ
1641 959 1761 1005 p.787

1114 1028 1196 1063 sqq.
1226 1014 1366 1051 Hoeck.
1385 1014 1498 1049 Creta
1520 1013 1670 1063 lp.294
1680 1026 1761 1061 sqq.

1116 1071 1189 1114 Qui
1209 1082 1293 1107 vero
1313 1069 1364 1106 eis
1383 1067 1503 1116 Halyn
1522 1068 1543 1104 i.
1556 1082 1587 1105 e.
1600 1069 1764 1105 occiden-

1116 1132 1189 1164 tem
1211 1139 1336 1164 versus
1355 1126 1400 1162 ab
1422 1125 1490 1161 hoc
1501 1124 1646 1160 thunine
1662 1123 1764 1160 habi-

1116 1185 1243 1220 tabant
1281 1181 1484 1229 ChalybeS,
1542 1179 1667 1229 quales
1709 1179 1766 1216 hic

1117 1238 1267 1286 intelligi
1284 1250 1434 1275 necesse
1457 1241 1535 1282 est,
1573 1250 1636 1273 eos
1668 1235 1765 1272 colo-

1117 1309 1186 1333 nos
1219 1294 1331 1331 fuisse
1367 1292 1559 1330 verisimile
1587 1296 1643 1329 est
1673 1292 1765 1328 illius

1118 1350 1320 1398 Chalybum
1364 1350 1503 1398 gentis,
1554 1361 1649 1397 quae
1675 1347 1767 1384 ultra

1115 1406 1240 1454 H'le
1280 1418 1413 1453 magna
1449 1410 1485 1442 et
1530 1408 1680 1441 extensa
1729 1404 1767 1439 in

1116 1462 1299 1499 montibus
1343 1462 1436 1498 circa
1472 1460 1627 1497 Araxem
1659 1460 1768 1497 sedes

1117 1518 1282 1569 primitus
1320 1517 1497 1554 habuerat
1544 1520 1581 1553 et
1618 1515 1767 1553 ulterius

1118 1576 1210 1611 adeo
1249 1586 1334 1610 suas
1372 1573 1478 1610 sedes
1524 1573 1769 1622 pertenderat.

1120 1631 1240 1674 Quam
1268 1630 1419 1666 eandem
1445 1642 1467 1665 a
1489 1629 1646 1676 Scymno
1676 1628 1768 1664 Chio

1119 1685 1296 1736 appellari
1340 1689 1470 1735 putant
1525 1689 1672 1733 gentem
1730 1684 1766 1719 in

1119 1744 1250 1790 fragm.
1280 1755 1331 1777 xs.
1356 1743 1434 1782 181
1453 1754 1530 1789 seq.
1588 1740 1644 1776 Ab
1672 1739 1770 1777 hisce

1120 1811 1206 1835 vero
1254 1796 1416 1834 nonnihil
1451 1796 1604 1842 diversi,
1643 1808 1770 1843 quam-

1120 1866 1228 1904 quam
1269 1854 1432 1890 eiusdem
1474 1852 1571 1889 haud
1609 1851 1684 1887 scio
1723 1864 1770 1888 au

1120 1910 1263 1959 stirpis,
1322 1910 1488 1945 videntur
1526 1909 1571 1955 ii,
1617 1920 1769 1956 qnorum

1121 1965 1327 2015 Xenophon
1350 1965 1511 2001 meminit
1540 1965 1575 2000 in
1598 1963 1766 2013 Expedit.

1122 2021 1210 2069 Cyri
1235 2020 1287 2067 V,
1304 2021 1328 2062 5
1343 2050 1352 2068 ,
1378 2025 1396 2061 1
1431 2020 1511 2068 (ubi
1529 2021 1601 2058 vid.
1621 2020 1768 2056 doctiss.

1121 2078 1364 2124 Rruegerurn3
1375 2077 1452 2115 coll.
1463 2077 1604 2113 Hoeck.
1618 2079 1766 2125 p.299).

1121 2133 1171 2169 Hi
1193 2134 1286 2170 enim
1307 2134 1481 2170 orientem
1511 2145 1635 2169 versus
1664 2144 1685 2168 a
1702 2133 1768 2167 fln-

1122 2189 1218 2226 mine
1264 2188 1383 2236 Hane
1429 2188 1640 2224 habitabant
1671 2188 1769 2224 iuxta

1122 2244 1365 2292 Mosynaecos
1409 2247 1446 2281 et
1492 2243 1697 2281 'I'ibarenos
1730 2243 1768 2280 in

1123 2300 1302 2337 montibus
1315 2300 1430 2335 Ponto
1443 2299 1582 2336 Euxino
1600 2300 1769 2336 finitimis.

1123 2356 1199 2392 Sed
1221 2357 1265 2392 de
1277 2356 1456 2392 Herodoti
1476 2361 1586 2404 gente
1604 2357 1770 2393 testimo-

1123 2412 1185 2449 nia
1226 2412 1358 2448 desunt
1396 2413 1635 2457 accuratiora,
1675 2413 1769 2448 conf.

1123 2467 1254 2506 Ritter.
1276 2468 1298 2504 l.
1319 2468 1340 2504 Ι.
1362 2481 1398 2517 p.
1419 2471 1512 2510 791.
1570 2468 1711 2505 Hoeck'.
1746 2467 1768 2505 l.

1124 2524 1145 2560 l·
1170 2537 1204 2573 P·
1228 2526 1321 2565 301.
1343 2526 1437 2565 302.
1497 2524 1698 2572 Chalybum
1715 2525 1769 2561 af-

1129 2581 1219 2617 fines
1241 2585 1323 2617 sunt
1347 2580 1614 2630 Paphlagones,
1631 2580 1692 2630 qui
1709 2593 1767 2616 sa-

1128 2637 1172 2672 tis
1196 2642 1279 2673 sunt
1299 2637 1385 2673 noti.
1422 2638 1630 2686 Sequuntur
1652 2636 1768 2673 Thra·

1129 2706 1199 2739 πρε,
1234 2694 1394 2729 bisarium
1420 2694 1544 2740 divisi,
1573 2699 1648 2730 tum
1673 2693 1769 2744 Thy-

1128 2751 1187 2794 m',
1214 2754 1287 2785 tum
1311 2748 1469 2800 Bithyni.
1519 2749 1770 2798 Intellignntur

1130 2805 1222 2841 enim
1256 2806 1399 2843 Asiatici
1430 2806 1613 2853 Thraces,
1643 2806 1702 2855 qui
1733 2806 1767 2841 in

1129 2860 1276 2912 Europa
1305 2862 1388 2900 olim
1423 2863 1647 2910 habitantes,
1685 2862 1769 2899 inde
