1877 3223
664 199 964 238 CL10.1.

133 308 290 363 15„de
321 308 426 363 ἔχει,
465 306 600 351 ἄλλου
639 308 682 352 δὲ
721 308 858 360 ἐνδεές
903 308 999 353 ἔστι.

1395 205 1451 244 87

1060 308 1108 360 ὂς
1138 309 1178 353 δ’
1219 310 1273 353 ἄν
1303 312 1448 356 αὐτῶν

170 392 384 440 »πλεῖστα
421 387 528 442 ἔχων
567 388 783 444 διατελέῃ,
831 389 903 431 καὶ
943 389 1083 432 ἔπειτα
1121 388 1348 446 τελευτήσῃ
1385 390 1448 434 εύ-

170 468 412 522 ,,χαρίστως
448 468 526 509 τόν
565 468 685 522 βίον,
734 462 862 518 οὗτος
907 466 1014 521 παρ’
1057 467 1153 522 ἐμοὶ
1190 467 1239 511 τό
1279 466 1447 524 οὔνομα

128 549 355 598 16,,τοῦτο,
387 541 422 588 ὦ
452 548 652 601 βασιλεῦ,
681 545 845 598 δίκαιός
874 546 961 590 ἐστι
992 547 1216 602 φέρεσθαι.
1249 546 1491 591 σκοπέειν35

170 625 252 676 »δὲ
281 625 360 681 χρὴ
389 624 550 676 παντὸς
588 624 801 682 χρήματος
836 625 915 683 τὴν
954 624 1151 680 τελευτὴν
1190 629 1246 682 κῆ
1285 623 1444 682 ἀποβή-

128 707 195 755 17,,
207 715 337 747 σεται.

57 782 121 828 33
171 783 463 838 ,,προρῤίζους
502 783 753 836 οἷνέτρεψε.“

122 933 182 970 ubi
199 933 230 969 si
252 934 447 971 removeris
480 933 575 970 istud
598 933 665 980 ἓν,
695 934 771 970 lan-

120 990 264 1037 guidior
292 1002 490 1038 sanequam
520 990 560 1026 fit
581 991 770 1027 sententia.

122 1046 195 1089 Qui
222 1050 412 1095 praeterea
442 1039 667 1097 οἷνθρώπου
698 1048 769 1085 σῶ-

122 1117 176 1152 μα
207 1102 412 1152 simpliciter
447 1115 513 1151 pro
548 1099 765 1151 ἅνθρωπος

121 1158 191 1195 dici
213 1158 438 1203 existimant,
477 1159 500 1194 ii
530 1158 597 1195 loci
624 1159 695 1195 vim
722 1172 763 1195 ae

120 1220 284 1251 tenorem
313 1215 458 1251 minime
486 1215 693 1265 percepisse
711 1216 763 1252 vi-

119 1271 259 1307 dentur.
317 1269 375 1307 De
404 1283 476 1318 quo
517 1271 547 1307 C
553 1284 579 1307 1‘.
611 1271 764 1308 conferri

117 1325 191 1362 vult
221 1326 248 1362 l.
278 1326 363 1362 Chr.
393 1326 507 1363 wolf.
545 1329 592 1363 ad
630 1326 761 1363 Liban.

117 1381 235 1432 Epist.
256 1383 338 1422 730
361 1386 435 1418 not.
463 1386 499 1418 et
518 1383 564 1419 de
583 1383 762 1419 sententia

116 1439 196 1488 ipsa
204 1437 521 1488 Platon.Epin01n.
534 1439 608 1474 init.
622 1452 657 1488 p.
669 1440 763 1485 973,

116 1495 148 1530 C
169 1494 248 1532 coll.
277 1494 382 1532 Pind.
404 1494 510 1532 Nem.
530 1494 618 1541 vll,
643 1497 695 1536 79
709 1515 761 1522 -—

114 1551 179 1591 86.

173 1600 288 1654 οὗτος
310 1602 400 1663 παρ’
432 1605 518 1657 ἐμοὶ
537 1604 579 1646 τὸ
611 1603 764 1657 οὕνομα

114 1665 253 1712 τοῦτο,
310 1679 339 1702 ω
379 1664 558 1719 βασιλευ,
612 1660 766 1709 δίκαιός

115 1718 197 1757 ἐστι
225 1718 442 1770 φέρεσθαι]
490 1721 520 1758 ὤ
554 1721 717 1770 βασιλευ
743 1734 763 1757 e

118 1776 320 1813 coniectura
340 1776 516 1826 Stephani
534 1777 662 1813 retinui
684 1789 763 1813 cum

117 1836 265 1869 recentt.
288 1833 388 1869 editt.
426 1831 528 1868 Libri
556 1846 679 1869 omnes
711 1847 764 1878 ως

117 1884 300 1937 βασιλεύς
319 1900 387 1924 nec
405 1888 507 1925 aliter
529 1888 564 1923 in
573 1888 763 1937 Excerptis

115 1944 288 1981 Palatinis
327 1948 466 1990 exstat,
504 1944 604 1992 quod
642 1944 762 1992 ipsum

114 2001 202 2036 satis
231 2001 444 2037 documento
471 2004 545 2046 est,
574 2000 694 2036 inesse
723 1999 762 2034 in

113 2056 304 2094 Herodoto
323 2056 474 2101 menda,
504 2068 598 2103 quae
628 2068 691 2092 eos
720 2054 761 2090 li-

115 2113 198 2148 bros
218 2125 326 2149 manu
345 2113 500 2160 scriptos
514 2139 523 2157 ,
556 2111 616 2159 qui
636 2112 683 2147 ad
694 2124 759 2146 no-

112 2172 188 2204 stra
204 2173 368 2218 tempora
389 2170 643 2218 pervenerunt,
671 2167 761 2203 mul-

113 2228 188 2260 tum
207 2225 393 2262 excedunt.
423 2243 480 2251 —·
507 2223 566 2259 De
590 2235 658 2259 usu
686 2224 760 2259 for-

114 2280 231 2318 mulae
250 2276 403 2326 δίκαιός
425 2278 505 2318 ἐστι
522 2294 557 2317 κ.
572 2294 603 2316 τ.
619 2281 651 2316 λ.
671 2279 760 2315 satis

113 2338 251 2374 monuit
280 2336 501 2384 wesseling.
538 2336 586 2372 ad
618 2335 758 2372 Herod.

113 2392 183 2440 IX,
204 2396 256 2434 60
279 2392 358 2430 coll.
382 2392 573 2430 Heindorf.
605 2392 653 2427 ad
675 2391 759 2428 Pla-

115 2450 207 2484 tonis
230 2448 365 2497 Cratyl.
394 2462 430 2498 p.
454 2448 532 2488 147
565 2452 601 2485 et
628 2446 759 2484 Matth.

116 2502 154 2553 ἓ.
174 2507 253 2545 297
274 2519 310 2555 p.
330 2506 422 2545 594.
452 2498 561 2555 παρ’
591 2502 705 2553 ἐμοὶ
733 2504 756 2539 i.

118 2572 150 2595 e.
180 2572 250 2597 meo
275 2560 427 2608 iudicio,
469 2574 544 2597 mea
575 2562 757 2607 sententia,

116 2615 168 2651 uti
186 2615 257 2661 lH,
279 2619 355 2656 160
376 2613 482 2666 παροῖ
501 2615 656 2668 Δαρείῳ
677 2631 758 2667 κρι-

115 2673 177 2724 τῇ.
209 2672 269 2707 Cf.
288 2671 415 2710 Matth.
429 2672 571 2722 §.388‚
590 2675 758 2721 ap.710.

117 2726 154 2777 ἓ.
180 2727 282 2773 588,
304 2728 329 2767 4
348 2742 383 2777 p.
408 2732 528 2769 1172.
543 2749 598 2756 -—
618 2728 676 2764 Ad
693 2741 756 2764 vo-

116 2796 192 2819 cem
254 2779 487 2833 εὕχαρίστως
552 2785 755 2821 consulatur

114 2838 285 2877 Boeckhii
303 2839 504 2877 observatio
534 2840 570 2877 in
597 2840 752 2892 Corpor.

403 709 601 747 πολλοῖσι
638 704 719 760 γὰρ
758 705 809 761 δή
847 704 1057 757 ὑποδέξας
1096 703 1229 761 ὄλβον
1265 703 1288 748 ὁ
1327 703 1444 755 θεὸς,

814 788 958 828 Ταῦτα
993 783 1128 840 λέγων
1167 787 1227 841 τῷ
1256 785 1445 841 Κροίσῳ,

839 934 1003 985 Inscript.
1026 935 1064 982 I,
1088 937 1109 975 1
1132 947 1219 985 pag.
1234 936 1300 981 52,
1317 934 1350 971 b.
1408 933 1483 971 Ad—

839 991 1002 1028 iectivuin
1025 991 1118 1028 enim
1134 987 1372 1042 εὐχάριστος,
1385 991 1485 1038 quod

839 1047 927 1083 alias
948 1049 995 1085 de
1014 1060 1057 1085 eo
1079 1048 1222 1094 dicitur,
1262 1047 1324 1094 qui
1346 1046 1481 1094 gratias

837 1105 968 1150 refert,
1018 1103 1075 1139 hic
1112 1108 1147 1140 et
1182 1105 1218 1139 in
1245 1102 1480 1152 Xenophont.

832 1160 968 1209 Cyrop.
991 1159 1045 1206 ΙΙ,
1071 1163 1120 1207 2,
1138 1163 1161 1199 1
1194 1159 1291 1195 idem
1314 1172 1396 1196 esse
1416 1159 1482 1195 ob-

830 1220 949 1252 servat
988 1220 1098 1264 atque
1134 1211 1362 1267 εὖχάριτος,
1394 1228 1481 1263 gra—

831 1275 962 1318 tiosus,
991 1275 1175 1321 acceptus,
1203 1271 1387 1308 iucundus.

997 1361 1027 1397 c
1041 1373 1062 1398 a
1074 1374 1111 1411 p
1142 1360 1316 1398 ΧΧΧΠΙ

886 1440 1009 1476 ταῦτα
1039 1437 1177 1504 ,λέγων
1218 1441 1274 1492 τῷ
1304 1438 1480 1491 Κροίσῳ,

833 1491 882 1533 ου’
901 1509 979 1541 κως
1008 1492 1099 1533 οὔτε
1126 1494 1344 1546 ἐχαρίζετο,
1389 1493 1480 1534 οὔτε

831 1546 951 1602 λόγου
982 1566 1049 1602 μιν
1080 1547 1278 1602 ποιησάμε
1263 1566 1350 1597 ενος
1369 1547 1477 1590 ου’ὅε-

833 1604 900 1653 νὸς
919 1603 1217 1658 ἀποπέμπεται]
1241 1609 1302 1646 Sic
1312 1608 1479 1658 plerique

831 1665 927 1713 iique
955 1665 1120 1702 meliores
1148 1665 1250 1712 libri,
1280 1678 1372 1714 quos
1398 1677 1478 1701 cuni

832 1721 1064 1767 Gaissordio,
1093 1720 1192 1768 aliis,
1221 1722 1333 1758 secuti
1354 1734 1479 1757 sumus

831 1777 868 1813 in
887 1776 965 1814 loco
986 1778 1109 1826 utique
1131 1777 1305 1827 impedito
1327 1782 1363 1814 et
1381 1777 1473 1813 sale—

831 1834 952 1871 broso.
1011 1834 1192 1881 Schwgh„
1222 1846 1294 1882 quo
1323 1832 1477 1869 difficul-

829 1893 940 1925 tatem
973 1889 1041 1925 loci
1069 1889 1235 1935 tolleret,
1274 1902 1295 1926 e
1324 1889 1475 1924 duorum

829 1943 999 1980 librorum
1034 1945 1195 1991 vestigiis
1236 1949 1272 1980 et
1308 1943 1476 1980 Geinozii

829 2000 1034 2035 coniectura
1046 2000 1158 2036 edidit
1169 2001 1289 2036 ταῦτα
1309 2001 1330 2037 λ
1342 1998 1359 2037 ἑ
1370 2014 1392 2050 y
1405 2013 1424 2037 ο
1434 2014 1472 2037 ν-

828 2069 873 2092 τι,
907 2057 1146 2105 Κροῖσος,
1177 2054 1353 2104 simulque
1375 2068 1473 2092 com=¹

828 2123 887 2147 nia
907 2116 992 2161 post
1012 2106 1172 2156 ου’δενός
1201 2111 1358 2148 deletum
1383 2111 1472 2158 xult,

827 2180 899 2215 quo
930 2167 1189 2215 intelligeretur
1229 2182 1296 2217 μιν
1326 2171 1470 2204 antece-

827 2223 917 2259 dens
947 2236 1020 2259 non
1046 2225 1163 2260 minus
1188 2224 1235 2260 ad
1254 2218 1468 2273 ποιησάμε-

827 2293 896 2324 νος
922 2293 1030 2328 quam
1059 2280 1105 2316 ad
1125 2275 1392 2330 ἅποπέμπεται
1413 2292 1469 2317 re-

826 2335 909 2371 ferri
928 2348 1049 2385 posse.
1105 2336 1145 2371 In
1166 2349 1237 2384 quo
1261 2336 1358 2372 haud
1377 2335 1468 2372 effu-

826 2391 879 2438 git
917 2392 1074 2428 censoris
1121 2392 1392 2440 castigationem
1430 2391 1466 2428 iu

825 2447 1014 2496 Ephemxn.
1025 2447 1183 2484 lenenss.
1197 2450 1303 2488 1817
1319 2460 1372 2484 nr.
1387 2447 1466 2488 165

825 2517 862 2553 p.
891 2505 972 2544 380
1011 2503 1178 2552 vulgatae
1216 2504 1358 2541 lectioni
1390 2503 1466 2540 iure

824 2560 1092 2608 patrocinantis.
1121 2558 1174 2596 Ac
1191 2560 1276 2608 vgul
1264 2573 1299 2596 ro
1320 2559 1465 2609 quidem

826 2615 940 2652 locum
960 2617 1010 2652 ita
1032 2616 1329 2665 interpretantur,
1359 2619 1398 2652 ut
1418 2616 1464 2651 ad

826 2671 1039 2723 ἐχαρίζετο,
1060 2669 1326 2723 ποιησάμενος
1339 2701 1350 2719 ,
1367 2686 1464 2710 απο-

823 2727 1014 2778 πέμπεται
1043 2730 1060 2775 (
1073 2729 1170 2776 quod
1187 2730 1331 2778 passiva
1349 2728 1466 2764 notio-

823 2797 869 2821 ne
891 2786 1085 2835 accipiunt)
1114 2785 1332 2822 subaudiant
1350 2784 1465 2820 nomi-

821 2841 979 2879 nativum
1000 2836 1150 2880 Σόλων.
1207 2841 1312 2885 Quae
1343 2846 1464 2877 tamen

1490 784 1606 812 Solonis
1639 786 1735 813 abitus

1491 827 1508 846 a
1537 819 1658 847 Croeso.
