1877 3223
397 237 452 275 40
801 231 1266 271 HERODOTI

402 359 480 386 τον
508 343 580 386 καὶ
608 342 650 393 ἐς
677 342 919 399 Σμύρνην,
959 341 1030 384 καὶ
1062 342 1337 395 Κολοφῶνος
1367 339 1414 382 τὰ
1440 338 1548 382 ἄστυ
1585 336 1680 382 εἷλε.

380 421 498 469 9ἆλλ,’
533 422 663 466 οὐδὲν
696 422 780 478 γὰρ
811 421 917 478 μέγα
949 421 1079 475 ἔργον
1110 417 1184 462 ἀπ’
1218 417 1356 461 αὐτοῦ
1385 416 1490 461 ἄλλο
1518 418 1683 474 ἐγένετο

406 502 743 559 βασιλεύσαντος
764 504 884 545 δυῶν
912 500 1064 544 δέοντα
1094 496 1410 551 τεσσεράκοντα
1440 497 1555 550 ἔτεα,
1585 503 1730 542 τοῦ-30

363 695 445 727 runt
492 702 559 727 nec
607 691 692 725 ante
728 699 935 724 recessuros
974 699 1014 722 se

362 746 640 791 denuntiarunt,
679 756 788 792 quam
826 742 1014 792 Smyrnaei

364 815 515 839 uxorum
559 813 705 837 suarum
746 800 886 849 copiam
927 799 1016 848 ipsis

364 859 549 896 fecissent.
605 856 716 900 Quod
750 855 808 891 isti
838 856 888 891 ita
913 868 1016 892 exse-

367 916 437 952 cuti
454 918 559 961 sunt,
587 917 627 950 ut
654 926 697 951 ex
720 911 870 949 ancillae
898 910 1018 947 cuius-

365 973 451 1009 dam
473 970 624 1008 consilio
652 981 775 1006 servas
793 967 889 1004 laute
907 967 1017 1003 vesti-

365 1034 421 1065 tus
448 1031 668 1075 ornatasque
699 1025 912 1062 seminarum
939 1021 1017 1058 loco

363 1084 553 1121 Sardianis
572 1083 835 1133 permitterent,
858 1080 919 1129 qui
939 1091 1019 1115 cum

365 1142 414 1178 ab
446 1141 503 1177 his
532 1139 723 1187 defatigati
749 1141 893 1179 essent,
936 1147 1020 1172 mox

366 1211 390 1233 a
409 1196 618 1245 Smyrnaeis
634 1194 810 1244 occupati,
840 1193 910 1242 ipsi
923 1192 1019 1241 capti

366 1257 463 1290 sunt.
523 1252 656 1288 Tradit
678 1255 799 1287 autem
820 1249 1021 1286 Pausanias

368 1310 434 1356 lx,
462 1313 514 1350 29
536 1306 573 1359 ἓ
601 1311 627 1348 2
655 1307 911 1344 Mimnermum
929 1306 1018 1354 poe-

364 1371 440 1402 tam
468 1365 553 1414 (qui
583 1365 632 1400 ad
657 1364 805 1412 Olynip.
841 1359 1021 1398 XXXVII

365 1421 476 1485 xulgo
519 1421 702 1468 refertur)
740 1419 904 1455 versibus
943 1416 1020 1452 ele-

365 1478 479 1528 giacis
524 1477 808 1524 S111)·‘·1111eor11111
857 1486 934 1523 pu<
937 1485 1020 1508 mm

370 1547 452 1572 cum
483 1534 568 1581 GM,
558 1546 593 1570 e
625 1531 885 1582 descripsisse‘,
932 1541 1026 1578 qnae

373 1591 405 1627 si
424 1602 468 1627 ea
480 1590 569 1635 suit,
599 1589 645 1625 de
674 1601 747 1637 qua
774 1586 893 1624 retulit
915 1585 1028 1623 Dosi-

374 1647 498 1693 theus,
540 1645 638 1682 haud
667 1645 839 1681 miramur
868 1644 1029 1692 poetam,

374 1704 483 1740 rebus
508 1702 695 1739 amatoriis
725 1700 898 1737 canendis
926 1698 1030 1735 ‹ledi-

375 1764 465 1805 tum,
491 1757 564 1795 talc
581 1761 833 1806 argumentum
847 1756 913 1792 sibi
931 1768 1030 1790 suni-

377 1816 471 1852 sisse
517 1815 730 1853 canendum.
790 1813 867 1848 Sed
913 1810 1031 1862 potuit

380 1872 636 1918 Mimnermus,
679 1870 740 1919 qui
791 1869 871 1917 ipse
919 1867 1032 1903 Colo-

378 1929 515 1978 phone,
530 1931 605 1973 aut,
623 1931 662 1963 nt
679 1927 737 1962 alii
755 1925 891 1971 volunt,
906 1925 1031 1971 Smyr-

378 1998 428 2020 ‘na
447 1984 619 2020 oriundus
641 1987 737 2028 erat,
768 1981 855 2017 alias
887 1992 1032 2028 quoque

380 2041 429 2076 ob
454 2052 581 2076 causas
601 2040 649 2075 ad
667 2038 753 2074 talia
769 2038 931 2074 canenda
948 2048 1032 2085 per—

383 2095 527 2133 moveri.
573 2095 755 2143 Equidem
779 2094 829 2129 nil
855 2094 1033 2129 discernO.

384 2153 443 2190 De
478 2151 698 2188 Mimnermo
727 2149 861 2187 consul.
890 2147 1033 2186 Fabric.

384 2207 479 2245 Bibl.
511 2207 641 2245 Graec.
671 2206 688 2243 1
717 2220 753 2256 p.
777 2207 859 2246 733
891 2218 946 2252 sq.
976 2203 1034 2239 ed.

387 2264 530 2301 Harles.
574 2267 611 2300 et
644 2263 706 2311 qui
742 2274 859 2311 nuper
891 2259 1037 2307 collegit

386 2322 591 2369 fragmenta
622 2324 732 2367 atque
763 2316 951 2353 illustravit
987 2313 1035 2352 N.

389 2376 499 2414 Bach.
515 2374 664 2424 Lipsiae
686 2376 803 2414 1827-

450 2432 698 2480 Κολοφῶνος
734 2444 777 2468 το
824 2425 921 2467 ἄστυ
948 2423 1039 2473 εἷλε]

395 2488 647 2538 Colophonem
676 2499 756 2522 αντε
777 2488 919 2534 exapta
946 2484 1042 2520 illum

394 2546 537 2595 cepisse
567 2543 673 2592 vulgo
698 2542 911 2589 intelligunt.
967 2541 1043 2577 Sed

396 2604 522 2639 monet
544 2612 671 2637 censor
693 2599 727 2634 in
749 2598 960 2648 Epheiuerr.
991 2597 1045 2633 le-

398 2670 519 2694 nenss.
555 2658 658 2697 1817
697 2668 748 2691 nr.
782 2654 862 2695 164
894 2669 929 2704 p.
962 2654 1045 2693 372

397 2710 661 2766 ι’ἷστυκορῃοιιί
697 2711 754 2748 hic
788 2711 886 2747 urbis
916 2710 1045 2746 linibus

397 2771 569 2819 agrisque
596 2783 624 2805 s.
652 2768 798 2813 ditioni,
835 2779 928 2816 qnae
966 2767 1046 2816 ipsa

401 2827 436 2863 in
458 2826 583 2861 Mileto
606 2839 647 2861 ae
672 2826 827 2871 Smyrna
854 2824 898 2859 sit
920 2822 1046 2859 intelli—

400 2883 530 2931 genda.
561 2881 730 2931 Alioquin
748 2880 943 2918 accuratius
968 2879 1047 2918 No-

1080 689 1194 721 strum
1230 684 1344 721 fuisse
1363 682 1519 720 locutum
1548 681 1607 719 ille
1637 680 1733 718 arbi-

1081 745 1206 778 tra.tur

1140 792 1221 835 ἀλλ’
1243 791 1361 835 ου’ὅέν
1395 792 1469 848 γάρ
1497 792 1594 847 μέγα
1621 791 1734 845 ἔργον

1085 849 1165 892 εἶπ’
1224 847 1349 891 αὐτοῦ
1404 850 1498 891 ἄλλο
1555 848 1732 902 ἐγένετο]

1085 910 1301 946 Scliaeserus
1326 909 1419 945 hunc
1444 909 1560 945 locum
1583 907 1736 943 laudans

1087 966 1124 1001 in
1161 965 1301 1002 Melett.
1333 966 1462 1002 critice.
1503 978 1538 1014 p.
1576 963 1630 1004 75
1663 962 1736 1011 legi

1087 1020 1161 1057 vult
1189 1016 1272 1058 ὑπ’
1300 1016 1445 1067 αὐτοῦς
1476 1021 1594 1056 invitis
1623 1019 1739 1056 omni-

1088 1078 1155 1114 bus
1174 1076 1273 1113 libris
1285 1106 1295 1123 ,
1322 1089 1476 1125 qnorum
1492 1076 1739 1112 auctoritatem

1089 1134 1178 1169 satis
1200 1137 1320 1170 tuetur
1345 1146 1430 1168 usus
1461 1132 1630 1180 linguae,
1661 1144 1740 1168 cuin

1089 1190 1187 1227 haud
1213 1203 1295 1226 raro
1322 1189 1380 1235 id,
1411 1190 1511 1238 quod
1532 1189 1678 1225 omnino
1698 1200 1741 1225 ex

1092 1246 1211 1295 aliquo
1239 1247 1440 1296 profectum
1471 1249 1546 1292 est,
1583 1258 1743 1294 praepo-

1089 1303 1219 1339 sitione
1239 1298 1317 1340 a’no*
1334 1303 1533 1347 indicetur,
1564 1306 1602 1336 ut
1622 1301 1664 1347 ll,
1689 1299 1741 1341 54

1090 1364 1156 1396 etc.
1213 1358 1267 1394 Ac
1304 1359 1479 1408 probatur
1523 1358 1632 1393 etiam
1675 1357 1744 1393 iste

1088 1428 1173 1451 usus
1207 1414 1410 1451 Pausaniae
1446 1415 1665 1459 imitatione,
1698 1413 1746 1449 de

1092 1484 1163 1519 qua
1183 1472 1272 1507 dixit
1300 1471 1452 1507 Siebelis
1474 1471 1522 1506 ad
1543 1470 1574 1517 l,
1605 1474 1630 1510 7
1661 1467 1686 1520 ἓ
1706 1470 1744 1509 3.

1092 1526 1224 1565 Melius
1269 1528 1500 1564 distinctione
1550 1526 1629 1563 loco
1679 1538 1746 1562 no-

1094 1588 1170 1620 stro
1192 1584 1380 1633 prospexit
1398 1584 1636 1630 Seliaeserus,
1666 1595 1746 1619 cum

1095 1645 1228 1691 puncto
1255 1640 1410 1685 maiori,
1435 1640 1533 1688 quod
1557 1644 1641 1676 aute
1660 1639 1749 1677 τοῦ-

1095 1711 1166 1734 τον
1198 1694 1270 1746 μὲν
1294 1692 1524 1747 παρήσομεν
1555 1696 1662 1743 vulgo
1693 1695 1748 1731 in-

1097 1753 1325 1799 veniebatur,
1367 1752 1531 1799 subluto,
1573 1753 1749 1788 minorem

1098 1809 1155 1846 hic
1173 1809 1440 1846 distinctionem
1455 1814 1618 1858 poneret.
1650 1808 1751 1851 Qua-

1099 1879 1139 1903 re
1170 1867 1281 1903 secuti
1311 1879 1392 1902 eum
1428 1879 1551 1901 sumus
1579 1878 1659 1901 cum
1693 1877 1751 1901 re-

1099 1926 1207 1959 centt.
1238 1923 1338 1958 editt.
1364 1943 1419 1948 —
1453 1922 1563 1964 Quod
1596 1922 1644 1957 ad
1676 1933 1752 1958 rem

1099 1979 1247 2024 attinet,
1296 1977 1427 2014 bellum
1471 1979 1594 2026 utique
1633 1977 1718 2025 G)O
1697 1977 1752 2011 nris

1100 2048 1180 2071 cuni
1209 2034 1411 2081 Magnesiis
1441 2038 1662 2071 memoratur
1685 2033 1754 2070 N-

1100 2091 1201 2128 eolao
1251 2090 1481 2128 Damasceno
1540 2092 1603 2139 (p.
1642 2089 1753 2137 453)

1101 2161 1137 2196 p.
1161 2148 1225 2187 51.
1245 2147 1300 2186 52
1326 2145 1456 2192 Orell.,
1483 2146 1544 2193 qui
1569 2159 1588 2182 e
1607 2145 1754 2181 Xantho

1101 2202 1338 2252 probabiliter
1362 2214 1427 2237 sna
1450 2202 1646 2248 desumsit,
1676 2215 1755 2237 lno-

1104 2262 1214 2295 neute
1239 2258 1422 2293 Creuzero
1453 2258 1489 2293 in
1514 2259 1679 2306 sragnnn.
1700 2258 1754 2294 hi-

1106 2319 1211 2350 storr.
1232 2329 1267 2364 p.
1298 2317 1390 2355 202.
1446 2313 1527 2351 Nec
1559 2315 1756 2363 quidquam

1108 2371 1207 2420 apud
1243 2371 1473 2407 llerodotuin
1513 2371 1559 2408 de
1593 2370 1758 2407 sabulosa

1108 2438 1231 2476 pugna
1249 2426 1298 2474 L)
1308 2427 1436 2462 dorum
1457 2440 1536 2463 cum
1563 2425 1758 2462 Amazoni-

1110 2484 1187 2519 bus.
1213 2482 1272 2518 Cs.
1299 2483 1384 2519 ibid.
1410 2487 1446 2519 et
1470 2497 1505 2533 p.
1526 2484 1615 2522 183.

1167 2539 1267 2576 ὁυῶ
1278 2554 1300 2578 ν
1333 2537 1473 2577 δέοντα
1508 2535 1758 2590 τεσσεράκον-

1113 2610 1158 2633 τα
1186 2594 1290 2641 ἔτεα]
1323 2596 1432 2633 δυῶν
1457 2595 1585 2632 Ionum
1611 2609 1655 2634 ex
1680 2596 1759 2632 dia-

1114 2652 1224 2698 lecto,
1254 2657 1290 2688 ut
1313 2652 1339 2697 l,
1369 2652 1432 2692 94.
1456 2654 1544 2693 130.
1567 2652 1636 2699 Ill,
1668 2654 1757 2693 131-

1114 2709 1176 2754 lV,
1210 2712 1242 2748 1-
1275 2710 1338 2750 89·
1369 2711 1433 2749 90.
1466 2709 1593 2746 Matth.
1611 2709 1675 2745 Gr.
1695 2709 1759 2745 Gr.

1116 2763 1152 2815 θ’.
1174 2767 1251 2805 ’138
1271 2779 1304 2813 1».
1325 2768 1416 2806 262.
1447 2766 1545 2802 Hinc
1563 2765 1657 2802 male
1679 2764 1760 2800 Sui-

1117 2823 1182 2857 das
1209 2822 1242 2857 h.
1264 2821 1283 2856 l.
1306 2823 1418 2858 citans
1445 2826 1485 2857 et
1515 2821 1696 2858 Sancroffi
1721 2819 1760 2855 li-

1117 2878 1181 2916 ber
1225 2878 1406 2928 vulgarem
1453 2879 1509 2916 hic
1546 2878 1764 2916 substituunt
