1909 3228
118 321 204 344 xvru,
221 316 253 340 et
262 320 320 339 uua
329 319 393 338 mu-

118 348 175 387 lier
192 345 322 385 Nitocris
342 352 393 371 no-

117 385 396 443 ?13'51'093'2'2101233-2‘3,
420 397 575 445 Ξματα.

450 206 533 244 706

117 446 263 482 quomodo
320 444 396 470 haec

121 481 183 507 ulta
210 481 249 506 ιιίι
271 477 392 506 caedem

118 513 293 541 fraternam.

394 600 530 634 tentam
557 595 669 632 fuisse
686 624 697 643 ,
735 596 801 633 sed
825 595 936 633 multa
973 595 1043 632 alia

395 654 564 690 admixta.
585 651 793 698 „Vielmehr
812 665 932 689 waren
943 652 1044 688 diese

396 708 519 759 episch
537 730 553 735 -
572 709 811 746 historischen
854 708 1044 746 Ueberlie-

394 767 575 813 serungen
617 764 796 813 vielfiiltig
834 766 899 801 mit
934 766 1044 813 jenen

396 821 588 870 religiiisen
603 820 807 869 Legenden
824 821 1043 866 durchweht,

397 879 473 914 und
498 877 693 926 gleichsam
720 879 785 914 mit
814 878 931 915 einem
962 876 1048 914 alle-

398 934 588 982 gorischcn
630 934 759 970 Faden
805 934 1049 981 durchzogen.

397 991 510 1028 Nieht
537 990 669 1026 anders
707 1003 781 1027 war
815 1003 853 1027 es
887 990 946 1027 bei
976 990 1048 1026 den

398 1047 545 1083 lndiern
558 1075 568 1093 ,
588 1047 656 1083 wie
679 1047 869 1094 Ramayan
882 1047 958 1082 und
968 1046 1047 1082 Ma-

398 1103 550 1140 habarat
588 1104 740 1151 zeigen3
784 1103 882 1139 nicht
915 1103 1048 1139 anders

399 1158 490 1196 auch
517 1159 575 1195 bei
604 1160 676 1196 den
705 1159 886 1197 Griechen
915 1159 970 1195 bis
1002 1172 1049 1195 zu

397 1216 469 1252 den
497 1215 845 1264 Ueberlieferungen
875 1228 947 1252 von
977 1216 1050 1252 den

396 1271 622 1309 Herakliden
633 1295 650 1300 -
659 1273 951 1321 l‘Vanderungen
968 1271 1051 1309 her—

396 1328 482 1366 ab.“
501 1348 558 1355 —

454 1380 584 1423 ὄέλλων
611 1382 820 1435 βασιλέων
849 1383 1051 1435 τριηκοσί-

402 1455 458 1479 ων
477 1455 512 1478 κ.
530 1455 562 1478 τ.
580 1439 627 1490 λ.]
659 1439 869 1491 βασιλέων
893 1454 971 1477 cum
993 1453 1052 1477 re-

401 1500 510 1534 centt.
548 1497 674 1546 scripsi
713 1510 781 1547 pro
820 1491 1052 1547 βασιλήων.

400 1552 441 1589 In
462 1553 542 1602 ipso
564 1566 713 1590 numero
729 1558 970 1590 trecentorum
990 1553 1054 1588 tri-

400 1610 503 1657 ginta
521 1622 649 1657 regum
670 1603 766 1645 haud
778 1609 884 1658 plane
900 1621 1053 1646 consen-

399 1666 443 1701 tit
460 1665 669 1712 Diodorus,
701 1666 761 1714 qui
786 1667 947 1715 potiores
971 1669 1052 1701 tan-

401 1725 478 1758 turn
505 1735 610 1769 reges
629 1735 931 1758 commemorasse
949 1722 1052 1758 vide-

402 1782 470 1813 tur.
530 1778 610 1813 vid.
633 1778 670 1824 I,
700 1777 766 1818 45.
787 1778 851 1817 47.
873 1779 926 1818 50
949 1790 1053 1826 seqq.

401 1833 532 1881 Neque
562 1832 822 1870 Manethonem
854 1834 1054 1870 admodum

401 1903 422 1925 a
443 1889 580 1926 Nostro
598 1890 789 1927 dissentire
804 1891 960 1939 probare
979 1894 1053 1926 stu-

401 1946 478 1982 duit
497 1947 653 1983 Heeren.
673 1946 786 1983 Ideen
804 1946 856 1992 Il,
871 1950 896 1987 2
914 1959 950 1995 p.
969 1945 1052 1986 427

400 2015 477 2051 seq.
537 2002 644 2045 Quae
668 2003 764 2039 enim
784 2015 806 2038 a
828 2002 1053 2039 Manethone

400 2063 634 2096 recensentur
652 2060 907 2108 septemdecim
929 2071 1056 2107 regum

400 2115 577 2162 familiae,
607 2116 752 2165 ipsique
781 2129 888 2165 reges
911 2115 1056 2152 ducenti

400 2172 632 2221 septuaginta
679 2184 742 2209 sex
763 2200 772 2219 ,
839 2172 1055 2209 convenient

399 2241 479 2264 cum
515 2228 740 2265 Herodoteis
785 2228 955 2266 trecentis
992 2227 1056 2264 tri-

403 2285 527 2332 ginta,
568 2285 597 2321 si
639 2286 790 2321 duarum
826 2285 1054 2330 familiarum,

405 2344 529 2377 sextae
550 2354 592 2378 ac
615 2341 794 2387 decimae,
824 2355 930 2390 reges
956 2340 1053 2377 haud

403 2397 552 2433 indicari
583 2398 681 2447 apud
707 2397 968 2436 Manethonem
996 2410 1053 2434 re-

401 2454 594 2502 putaveris.
653 2453 764 2503 Atqui
785 2455 970 2503 utriusque
1000 2455 1054 2490 sa-

401 2509 518 2546 miliae
540 2522 667 2557 regum
693 2523 862 2548 numerus
884 2511 1055 2547 Herodo—

402 2569 499 2601 teum
526 2579 710 2603 numerum
739 2566 919 2617 complere
946 2571 1054 2617 pote-

404 2624 471 2656 rat.
528 2622 568 2657 In
591 2635 634 2659 eo
657 2635 742 2660 vero
773 2624 882 2673 plane
906 2635 1056 2660 concor-

404 2677 467 2712 dat
483 2681 635 2727 uterque
656 2680 820 2728 scriptor,
830 2681 929 2728 quod
946 2691 1055 2715 unam

405 2738 688 2771 commemorant
716 2736 903 2784 reginam,
946 2734 1055 2771 Nito-

406 2788 480 2823 crin
515 2791 681 2837 nomine,
734 2793 907 2840 quodque
945 2790 1054 2828 etiam

408 2855 515 2880 unam
533 2843 783 2896 Aethiopicam
799 2860 927 2897 regum
948 2848 1054 2884 sami-

858 200 1321 240 HERoDoTl

449 316 538 354 λων
575 308 787 367 βασιλέων
816 311 1078 364 τριηκοσίων
1117 325 1160 353 τε
1190 310 1263 353 καὶ
1299 310 1532 366 τριήκοντα
1570 311 1702 357 οὐνό-

635 389 682 431 ἐν
709 386 944 444 τοσαύτῃσι
972 391 1143 445 γενεῇσι
1177 385 1450 444 ἀνθρώπων,
1494 388 1702 434 ὀκτωκαί-

1108 596 1190 632 liam
1220 596 1307 632 dicit
1334 595 1509 634 Manetho
1528 625 1539 643 ,
1577 608 1671 645 quae
1704 609 1761 634 se-

1108 653 1327 702 ptemdecim
1381 665 1486 701 reges
1535 653 1760 690 continuerit.

1109 707 1163 745 Ac
1208 710 1367 757 denique
1411 710 1446 746 in
1486 722 1529 746 eo
1560 709 1763 755 consensio,

1110 765 1211 813 quod
1229 765 1274 802 ab
1296 765 1392 802 hisce
1411 766 1556 814 regibus
1570 765 1656 801 nihil
1674 766 1763 810 sere,

1112 822 1214 869 quod
1242 827 1441 858 memoratu
1473 821 1578 859 valde
1613 821 1764 869 dignum

1115 878 1242 924 suerit,
1273 883 1458 927 peractum
1477 879 1593 915 suerit.
1651 878 1686 915 T
1689 890 1764 914 em-

1114 947 1183 984 pus
1204 947 1312 980 vero,
1344 947 1415 983 quo
1440 948 1545 983 reges
1571 934 1632 970 isti
1655 935 1767 970 floru—

1116 991 1231 1036 erint,
1271 991 1469 1027 accuratius
1506 991 1563 1027 vix
1599 991 1765 1038 equidem

1117 1046 1316 1083 definierim
1329 1075 1339 1092 ,
1376 1048 1442 1083 nisi
1464 1047 1551 1084 illud
1569 1059 1648 1083 cum
1666 1046 1765 1082 Hee-

1116 1103 1215 1139 renio
1239 1102 1260 1138 l.
1284 1102 1303 1138 l.
1326 1103 1520 1151 pag.426:
1552 1116 1659 1150 reges
1678 1102 1766 1138 istos

1117 1159 1333 1196 antecedere
1371 1171 1504 1195 annum
1536 1160 1644 1200 1350
1683 1163 1769 1195 ante

1119 1215 1204 1251 Chr.
1224 1228 1280 1259 n.;
1306 1216 1442 1264 quippe
1466 1228 1539 1264 quo
1558 1213 1769 1252 annoMoe-

1118 1271 1189 1319 ris,
1229 1272 1291 1319 qui
1322 1271 1464 1308 ultimus
1490 1272 1616 1308 horum
1642 1283 1770 1319 regum

1118 1327 1330 1378 perhibetur
1348 1359 1357 1374 ‚
1388 1328 1505 1375 obiit,
1542 1332 1605 1365 aut
1636 1340 1770 1364 annum

1122 1384 1252 1430 1356,
1286 1384 1315 1420 si
1343 1383 1514 1421 Larcheri
1534 1385 1668 1435 probes
1697 1383 1770 1420 cal-

1119 1439 1217 1476 culos
1272 1440 1507 1488 (chrsmolog.
1547 1440 1769 1477 d'Herodot.

1118 1508 1155 1545 p-
1190 1497 1254 1535 86.
1281 1498 1333 1535 87
1348 1498 1378 1539 ].
1445 1496 1518 1539 Qui
1555 1497 1652 1533 idem
1673 1495 1724 1542 (l.
1746 1496 1770 1532 l.

1117 1564 1202 1601 pag.
1225 1551 1278 1591 84
1301 1556 1397 1600 seq.)
1438 1564 1614 1589 annorum
1643 1565 1771 1589 nume-

1117 1621 1193 1643 run]
1217 1608 1392 1656 indagare
1422 1609 1564 1655 studet,
1593 1622 1683 1657 quos
1713 1621 1770 1645 re-

1117 1677 1182 1711 ges
1207 1664 1254 1700 illi
1278 1665 1429 1701 trecenti
1446 1665 1594 1713 triginta
1612 1665 1772 1714 comple-

1120 1720 1247 1756 verint.
1305 1720 1403 1757 Nam
1431 1721 1590 1768 singulas
1633 1726 1771 1758 aetates

1122 1776 1170 1811 ad
1205 1789 1392 1812 muncrum
1423 1776 1639 1813 Vlcellarlum
1670 1790 1774 1813 rCVO-

1121 1844 1206 1867 cans
1226 1832 1337 1869 efficit
1366 1845 1553 1869 numerum
1577 1835 1686 1874 5600
1709 1845 1774 1870 an-

1120 1900 1248 1924 norum
1262 1917 1272 1934 ,
1304 1889 1353 1925 ita
1371 1894 1409 1924 ut
1421 1888 1549 1926 Menes
1568 1888 1776 1938 regnaverit

1121 1956 1216 1980 anno
1257 1946 1366 1985 7956
1410 1958 1442 1982 a.
1469 1945 1555 1982 Chr.
1585 1958 1620 1981 n.
1696 1945 1774 1982 Sed

1124 2013 1208 2037 mox
1228 2003 1390 2050 praefert
1410 2001 1497 2038 alias
1509 2001 1680 2047 rationes,
1693 2000 1774 2049 qui-

1122 2057 1190 2093 bus
1210 2070 1253 2094 ex
1276 2058 1457 2094 Herodoti
1479 2062 1601 2095 mente
1626 2056 1772 2093 Menem

1123 2113 1248 2150 decem
1287 2115 1453 2161 adeoque
1494 2113 1659 2150 undecim
1696 2113 1773 2149 sere

1122 2169 1218 2206 mille
1237 2171 1340 2206 annis
1359 2173 1445 2206 ante
1467 2169 1553 2205 Chr.
1574 2182 1607 2206 n.
1620 2181 1773 2217 regnum

1121 2226 1280 2262 tenuisse
1298 2227 1530 2262 statuendum
1553 2226 1607 2262 sit.
1667 2225 1774 2269 Quae

1122 2283 1268 2331 quidem
1292 2282 1484 2331 protulisse
1504 2287 1561 2318 sat
1581 2282 1776 2327 habemus3

1122 2351 1205 2375 nani
1236 2339 1399 2376 refellere
1429 2338 1512 2374 talia
1541 2339 1686 2375 minime
1713 2350 1777 2374 va-

1121 2400 1189 2431 cat.
1261 2394 1340 2432 Nec
1371 2394 1531 2443 singulos
1560 2395 1689 2431 attinet
1719 2406 1776 2430 re-

1123 2464 1271 2488 censere
1297 2465 1402 2500 reges
1417 2456 1480 2488 aut
1504 2451 1701 2488 eorundem
1720 2449 1776 2485 sa-

1122 2507 1258 2551 milias;
1289 2509 1359 2544 vid.
1381 2508 1492 2544 modo
1514 2504 1776 2554 Beck.allgem.

1123 2564 1346 2612 weng-esch.
1388 2564 1402 2601 l
1439 2575 1523 2614 pag.
1555 2563 1637 2603 283
1673 2574 1775 2611 seqq.

1124 2621 1201 2657 coll.
1228 2622 1322 2662 281.

1179 2732 1222 2771 ἐν
1260 2728 1473 2785 τοσαύτῃσι
1509 2731 1668 2784 γενεῇσι
1707 2724 1776 2767 ἆν-

1122 2785 1317 2839 θρώπων]
1349 2789 1434 2826 Non
1458 2792 1532 2824 tam
1554 2787 1600 2824 de
1620 2797 1776 2835 genera-

1119 2847 1278 2884 tionibus
1301 2858 1410 2894 quam
1431 2845 1478 2882 de
1493 2842 1774 2882 successionibus
