1909 3228
551 129 970 169 EUTERPE.
1031 131 1074 168 Π.

1349 135 1432 175 837

168 235 378 294 ἐκβάντας
397 239 442 282 δὲ
464 238 505 290 ἐς
525 242 626 295 γῆν,
656 240 726 282 καὶ
748 238 1033 290 ὁπλισθέντας
1051 241 1215 295 χαλκῷ,
1239 239 1430 296 ἀγγέλλει

169 320 256 360 τῶν
284 334 347 369 τις
376 320 624 373 Αἰγυπτίων
654 319 695 369 ἐς
724 319 776 361 τοὶ
807 319 901 362 ἕλεα
932 317 1192 372 ἀπικόμενος
1214 323 1275 376 τῷ
1303 323 1485 376 way—30

167 398 338 455 μιτίχῳ,
397 396 480 452 (ὥς
519 396 599 440 οὐκ
649 396 754 439 ἰδών
801 397 1017 450 πρότερον
1062 401 1208 455 χαλκῷ
1261 397 1425 454 ἄνδρας

167 475 472 526 ὁπλισθέντας,
487 477 500 530 )

138 554 392 612 7θαλάσσης
430 557 680 610 λεηλατεῦσι
719 554 767 596 τό
798 555 962 597 πεδίον.

562 473 619 525 ὦς
656 474 828 530 χάλκεοι
864 476 1018 529 ἄνδρες
1071 475 1302 532 ἀπιγμένοι
1342 476 1426 521 ἀπό

1023 553 1046 598 ὁ
1078 556 1143 605 δὲ,
1187 555 1347 610 μαθών
1376 556 1424 600 τὸ

165 634 426 690 χρηστήριον
457 630 782 686 ἐπιτελεύμενον
803 664 814 684 ,
860 634 966 687 φίλα
995 649 1039 676 τε
1068 639 1180 677 τοῖσι
1203 633 1324 677 Ἴωσι
1353 635 1426 677 καὶ

166 714 310 766 Καρσὶ
340 712 553 763 ποιέεται,
582 712 656 753 καί
685 722 841 766 σφεας,
872 711 1038 767 μεγάλα
1067 711 1479 768 ὑπισχνεύμενος,35

107 917 371 967 Wesselingius
383 919 495 956 Cares
516 916 600 954 olim
615 916 757 954 latroci-

104 975 203 1011 nium
218 974 634 1025 exercuissepassimque
649 974 757 1011 etiam

104 1032 271 1068 mercede
294 1033 492 1069 conductos
512 1030 699 1068 militasse.

164 1083 357 1138 ἐκβάντας
402 1085 444 1127 δὲ
482 1087 521 1133 ἐς
550 1088 646 1138 γῆν,
687 1085 756 1126 καὶ

105 1141 370 1191 ὁπλισθέντας
390 1145 519 1198 χαλκῷ
537 1158 570 1182 κ.
596 1159 625 1181 τ.
638 1142 687 1193 λ.]
705 1144 754 1180 Hi

104 1201 295 1237 accusativi
320 1203 482 1251 pendent
512 1213 533 1236 a
555 1200 666 1236 verbo
689 1195 755 1251 ἆγ-

102 1255 249 1307 γὲλλει,
280 1270 360 1294 cum
389 1259 437 1294 ita
458 1257 594 1294 Noster
620 1257 756 1292 oratio-

101 1324 184 1349 nem
204 1314 411 1350 exordiatur
426 1342 436 1359 ‚
467 1326 509 1350 ac
538 1313 568 1348 si
595 1317 677 1362 post
698 1313 754 1349 di-

101 1381 184 1405 cere
204 1368 376 1407 voluisset
395 1372 606 1419 λεηλατεῖν.
637 1368 667 1403 Α
682 1381 753 1416 qua

101 1428 227 1461 tamen
257 1425 450 1462 accusativi
476 1438 554 1461 cum
578 1424 751 1460 infinitivo

100 1484 277 1518 structura
336 1482 373 1517 in
425 1481 531 1518 aliam
582 1481 751 1529 deinceps

99 1536 231 1574 transit
275 1541 489 1574 structuram
529 1536 627 1573 verbi
660 1536 751 1572 finiti

100 1606 179 1630 cum
207 1593 380 1643 particula
409 1592 464 1640 ὥς
496 1591 571 1641 (ὥς
592 1587 750 1642 χάλκεοι

100 1646 242 1699 ἄνδρες
263 1670 317 1677 —
335 1651 579 1700 λεηλατεῦσι)
602 1649 647 1684 ob
670 1662 752 1685 ver-

101 1706 147 1742 ba
167 1706 273 1742 credo
292 1705 395 1755 plura
423 1705 646 1755 interposita.
688 1704 749 1740 Tu

99 1762 170 1797 vid.
220 1762 266 1798 de
314 1761 516 1798 istiusmodi
564 1760 750 1797 structuris

100 1816 231 1853 Matth.
264 1816 327 1854 Gr.
359 1818 423 1854 Gr.
459 1830 543 1867 pag.
578 1819 683 1856 1299
715 1820 752 1853 et

100 1873 192 1910 conf.
217 1886 309 1921 quae
340 1875 376 1910 in
409 1873 582 1910 Creuzeri
607 1872 749 1909 Melett.

101 1929 175 1965 dixi
194 1929 241 1964 ΙΙΙ
261 1942 297 1978 p.
319 1932 371 1969 12
393 1943 470 1978 seq.
530 1929 641 1972 Quod
663 1941 748 1965 vero

99 1997 176 2022 aere
199 1984 350 2039 (χαλκῷ
367 2003 393 2018 ;-.
408 1985 569 2035 Kupfe'r)
590 1989 749 2022 armatos

100 2041 185 2078 dicit
202 2041 307 2078 lones
327 2046 436 2090 atque
455 2043 587 2087 Cares,
606 2041 674 2077 hoc
688 2054 749 2077 ru-

99 2098 163 2134 des
211 2098 346 2134 indicat
390 2103 518 2145 gentes
558 2098 749 2145 minusque

98 2153 235 2200 cultas,
264 2166 344 2190 cum
365 2154 463 2203 serrz'
480 2167 564 2190 usus
585 2155 620 2189 in
639 2153 747 2189 armis

98 2209 251 2258 aliisque
300 2210 408 2247 rebus
446 2210 656 2247 necessariis
701 2210 748 2246 ad

98 2270 255 2302 aetatem
279 2265 349 2302 iam
382 2266 565 2303 cultiorem
584 2267 746 2302 referen-

99 2322 166 2358 dus
184 2322 241 2357 sit.
299 2321 418 2372 Supra
439 2322 476 2369 I,
497 2322 576 2363 215
605 2321 748 2358 Massa-

99 2382 202 2426 getas
227 2376 363 2414 Noster
390 2379 499 2416 refert
526 2391 609 2415 aere
637 2382 747 2426 atque

98 2445 187 2469 auro
225 2433 301 2469 solo
331 2433 407 2480 uti,
441 2439 476 2471 et
506 2434 607 2470 simili
637 2435 747 2470 modo

98 2494 239 2525 veteres
261 2489 479 2526 Germaniae
498 2490 662 2526 nationes
685 2502 746 2526 ae-

99 2545 176 2581 neis
199 2545 306 2580 armis
328 2558 411 2582 usas
434 2559 513 2583 esse
532 2546 745 2595 accepimus.

99 2600 209 2638 Plura
228 2599 337 2636 Link.
354 2601 495 2638 Urwelt
514 2606 579 2638 etc.
598 2615 634 2650 p.
652 2603 744 2641 263.

100 2655 298 2706 Aegyptios
319 2685 330 2703 ,
369 2669 448 2693 cum
478 2670 560 2693 aere
589 2662 746 2693 armatos

99 2712 195 2749 viros
214 2713 448 2759 mirarentur,
485 2712 648 2749 cultiores
677 2713 746 2748 iam

99 2769 210 2805 fuisse
249 2769 438 2817 ferreaque
477 2781 576 2805 arma
613 2769 649 2805 in
680 2782 747 2805 usu

826 916 995 955 habuisse
1025 917 1121 955 idem
1155 918 1240 957 inde
1266 919 1399 967 colligit
1426 919 1479 955 vir

826 974 965 1010 doctus.

872 1030 971 1078 φίλα
982 1053 1036 1058 -——
1046 1028 1233 1080 ποιέεται]
1256 1031 1276 1066 i.
1292 1043 1322 1068 e.
1335 1031 1478 1079 benigne

825 1088 975 1135 excipit,
1008 1091 1115 1135 grata
1126 1087 1250 1136 facit,
1282 1092 1322 1124 ut
1344 1088 1387 1133 V,
1409 1089 1475 1127 37.

824 1165 878 1170 —
917 1143 1028 1180 Paulo
1062 1144 1164 1180 aliter
1205 1144 1292 1180 haec
1333 1148 1478 1180 enarrat

824 1198 975 1235 Diodor.
1000 1199 1027 1246 Ι,
1050 1202 1116 1246 66,
1136 1201 1170 1235 in
1194 1212 1330 1236 summa
1349 1212 1477 1248 quam-

822 1256 876 1291 vis
906 1256 1137 1292 consentiens
1170 1269 1250 1292 cum
1268 1256 1474 1302 Herodoto,

821 1324 928 1360 quem
965 1316 1105 1348 secutus
1129 1311 1333 1348 Larcherus
1350 1311 1477 1348 Psam-

820 1368 1001 1403 mitichum
1023 1369 1126 1417 ponit
1148 1369 1195 1404 ad
1214 1380 1367 1416 regnum
1390 1381 1475 1406 eve-

819 1428 915 1459 ctum
946 1436 1029 1459 ann.
1052 1424 1133 1463 656
1160 1436 1191 1462 a.
1212 1423 1298 1459 Chr.
1318 1437 1352 1460 n.
1367 1452 1378 1470 ,
1401 1428 1476 1470 aut,

819 1480 847 1515 si
862 1479 1063 1515 Diodorum
1088 1479 1190 1527 sequi
1208 1479 1324 1526 malis,
1342 1492 1372 1515 a.
1393 1481 1474 1519 689

819 1538 866 1581 (t.
892 1535 956 1571 Vll
980 1538 1119 1584 p.107.
1141 1536 1221 1575 113
1242 1535 1319 1571 coll.
1340 1536 1473 1584 p.74).

816 1591 915 1628 Alias
937 1591 1085 1628 aliorum
1113 1591 1309 1628 sententias
1340 1604 1474 1641 suppe-

817 1648 947 1684 ditabit
964 1647 1076 1684 Beck.
1100 1646 1230 1684 Anleit.
1253 1661 1284 1683 z.
1308 1647 1474 1696 weltge-

819 1703 964 1740 schicht.
991 1703 1005 1739 I
1038 1717 1074 1752 p.
1095 1705 1188 1743 723.
1249 1704 1361 1745 Quod
1388 1716 1472 1740 vero

817 1760 1031 1808 peregrinos
1067 1759 1197 1795 milites
1234 1761 1472 1796 mercenarios

816 1814 1092 1851 Psammitichus
1134 1815 1332 1861 conduxit,
1381 1829 1472 1864 quo·

816 1884 894 1908 rum
925 1884 996 1921 ope
1026 1883 1179 1919 regnum
1212 1875 1247 1907 et
1270 1871 1471 1920 acquireret

817 1932 853 1964 et
882 1927 1094 1976 acquisitum
1136 1931 1296 1972 teneret,
1337 1927 1404 1963 hoc
1434 1928 1470 1963 in

818 1984 924 2020 rebus
951 1982 1185 2033 Aegyptiacis
1218 1983 1369 2020 multum
1400 1984 1468 2019 uti-

818 2052 889 2088 que
906 2039 1058 2076 valuisse
1083 2039 1243 2085 videtur,
1273 2052 1374 2086 cum,
1407 2040 1468 2087 qui

816 2095 1108 2133 Psammitichum
1147 2095 1259 2132 secuti
1297 2099 1381 2132 sunt
1411 2108 1468 2132 re-

817 2164 904 2200 ges,
936 2153 1150 2201 peregrinos
1176 2150 1305 2188 milites
1333 2155 1368 2188 et
1397 2151 1468 2200 ipsi

816 2209 1043 2245 retinuerint.
1102 2207 1247 2257 Reliqui
1280 2207 1373 2244 enim
1393 2207 1467 2244 Ae-

815 2264 932 2314 gyptii
952 2265 995 2312 (ii
1014 2265 1240 2314 praesertim,
1258 2264 1319 2312 qui
1333 2264 1380 2299 ad
1400 2263 1466 2298 mi-

815 2321 915 2357 litum
934 2321 1067 2356 tribum
1076 2341 1132 2347 —-
1140 2319 1402 2366 Kriegerkaste
1411 2339 1465 2345 —

814 2377 1066 2426 pertinebant)
1100 2376 1169 2413 hoc
1200 2388 1310 2423 aegre
1342 2373 1465 2411 tulisse

814 2434 981 2469 videntur
1003 2461 1013 2478 ,
1044 2436 1084 2469 ut
1116 2432 1209 2468 hanc
1246 2431 1292 2467 ob
1319 2443 1464 2467 causam

814 2489 915 2526 multi
933 2489 1110 2525 seditione
1131 2492 1229 2524 mota
1259 2487 1294 2522 in
1315 2486 1464 2522 Aethio-

814 2545 910 2594 piam
946 2545 1194 2589 discederent3
1243 2554 1316 2590 qua
1348 2542 1394 2578 de
1424 2554 1462 2578 re

814 2601 887 2636 vid.
909 2600 1047 2636 Herod.
1070 2600 1114 2646 ll,
1132 2601 1186 2639 30
1209 2598 1287 2634 coll.
1303 2598 1460 2634 Heeren.

814 2655 936 2692 Ideen.
955 2655 1001 2701 ΙΙ,
1023 2658 1047 2694 2
1067 2668 1150 2704 pag.
1165 2656 1245 2694 399
1264 2666 1339 2701 seq.
1378 2653 1462 2703 Ipsa

817 2712 922 2748 sedes
942 2713 1041 2759 regia
1056 2724 1152 2747 nunc
1171 2710 1233 2746 Sai
1251 2713 1349 2754 erat,
1378 2721 1462 2745 nam

816 2768 918 2804 huius
960 2768 1055 2804 urbis
1094 2766 1230 2804 incolae
1260 2765 1462 2802 Psainmiti-
