1909 3228
557 169 1075 210 EUTERPE.1I.
1350 171 1433 210 847

177 279 378 324 ἁπασέων
408 282 573 324 πολίων
603 281 668 324 ἐπὶ
700 285 901 325 πλεῖστον
931 277 1091 335 χρόνον
1121 277 1432 331 πολιορκευμὲ--

52 362 151 409 158
176 377 230 416 νη
261 359 455 415 ἀντέσχε,
495 365 583 403 τῶυ
613 359 732 416 ἡμεῖς
761 362 894 414 ἰ’δμεν.
961 359 1232 412 Ψαμμιτίχου
1263 358 1308 400 δὲ
1341 361 1429 400 Ns.-
1488 361 1637 423 {fcgmffb
1655 364 1764 424 3422}

173 438 262 490 πῶς
291 445 391 490 παῖς
421 439 605 494 ἐγένετο,
636 440 709 481 καὶ
740 440 985 494 ἐβασίλευσε
1017 436 1265 492 Αῐγιῗπτυυ·
1304 436 1352 487 ὃς
1379 441 1431 494 τῇ
1491 429 1649 490 Ῐξΐζὲῗζυξῖζ
1664 439 1764 490 ffi'c‘ffl

176 516 353 574 διώρυχι
385 518 622 574 ἐπεχείρησε
652 521 824 572 πρῶτος
854 521 906 574 τῇ
937 518 979 568 ἐς
1009 516 1089 572 τήν
1113 515 1329 573 Ἐρυθρὴν
1348 515 1432 559 θά-
1490 500 1532 523 ‘³²‘

119 748 199 771 cuin
239 735 336 771 libris
374 737 592 773 melioribus.
650 737 771 784 'Vulgo

119 791 164 836 ἐς
192 787 264 837 td,
296 792 361 828 sed
380 795 450 829 vid.
475 794 607 830 Struve
628 798 770 842 quaest.

118 848 165 883 de
183 847 322 883 dialect.
354 849 490 886 Herod.
520 862 605 899 pag.
623 850 687 890 42.
717 870 773 876 —

118 902 176 939 Ad
223 903 438 942 locutionem
477 905 538 945 ἐπὶ
589 908 773 944 πλεῖστον

119 955 262 1011 χρόνον
292 964 385 999 conf.
410 963 462 1010 II,
492 964 582 1003 119.
610 963 699 1003 133.

290 1072 397 1122 Cap.
431 1072 594 1111 CLVIII.

180 1151 320 1201 Νεκῶς
356 1159 451 1202 παῖς
491 1156 663 1208 ἐγένετο]
704 1157 776 1195 Est

121 1210 262 1249 Pharao
292 1211 411 1249 Neclw
450 1214 484 1249 iu
524 1214 620 1251 libris
663 1216 772 1252 sacris

120 1270 205 1315 (Ὅᾶι
230 1270 355 1306 [erem.
387 1269 528 1316 XLVI,
560 1274 606 1317 2,
637 1272 697 1308 ubi
727 1273 771 1308 cf.

117 1319 340 1373 Michaelis),
371 1326 431 1375 qui
461 1328 655 1363 secundum
679 1327 773 1364 Lar-

118 1381 214 1418 cheri
245 1382 400 1418 calculos
442 1395 593 1430 regnum
633 1384 773 1432 accepit

117 1450 202 1474 anu.
223 1439 303 1477 617
324 1451 354 1473 a.
376 1438 463 1473 Chr.
487 1451 523 1474 n.
555 1440 771 1485 (secundum

117 1493 204 1530 alios
225 1494 326 1537 610)
360 1498 395 1530 et
426 1495 582 1531 sedecim
610 1508 677 1544 per
705 1508 771 1531 an-

116 1563 183 1586 nos
219 1550 311 1597 (vid.
342 1550 480 1586 Herod.
501 1550 553 1596 11,
575 1552 654 1592 159
686 1551 769 1599 fin.)

116 1607 253 1651 tenuit3
284 1606 413 1655 quibus
440 1606 573 1656 elapsis
592 1607 768 1644 Psammis

117 1662 210 1699 filius
231 1662 279 1698 ad
305 1675 456 1710 regumn
482 1664 646 1712 pervenit
673 1676 768 1700 anno

119 1721 197 1759 601
226 1731 257 1754 a.
280 1719 363 1754 Chr.
384 1732 418 1754 n.
478 1719 561 1755 Vid.
595 1719 767 1756 Larcher.

116 1779 206 1811 tom.
228 1774 294 1810 Vll
311 1788 346 1823 p.
365 1775 441 1814 114
462 1787 539 1823 seq.
563 1777 655 1816 609.
675 1778 768 1817 612.

117 1830 229 1868 Beck.
254 1830 476 1878 ll'eltgesch.
499 1843 586 1881 pag.
607 1834 701 1872 727.

174 1911 216 1960 ὃς
250 1915 300 1968 τῇ
338 1910 500 1964 διώρυχι
547 1913 771 1965 ἐπεχείρησε

118 1973 275 2021 πρῶτος
296 1985 330 2008 κ.
352 1985 381 2008 τ.
402 1969 448 2020 λ.]
478 1972 536 2008 De
562 1971 676 2007 canali
702 1971 771 2008 hoc

116 2027 279 2077 inprimis
299 2026 510 2063 consulendi
522 2032 604 2064 sunt
615 2027 771 2064 Roziere

117 2084 154 2120 in
183 2084 351 2133 descript.
384 2084 430 2120 de
458 2083 555 2131 l‘Eg.
580 2085 717 2132 antiqq.
752 2083 768 2119 Ι

117 2153 153 2190 p.
178 2141 256 2180 133
280 2152 382 2188 seqq.
402 2139 479 2176 coll.
505 2153 542 2190 p.
565 2142 643 2180 127
663 2153 766 2188 seqq.

118 2195 173 2233 Le
191 2196 283 2233 P'ere
313 2195 427 2243 (ibid.
449 2195 507 2231 Et.
537 2197 731 2243 moderne)
752 2196 767 2232 Ι

118 2265 154 2302 p.
174 2255 225 2293 21
253 2265 354 2301 seqq.
387 2253 440 2293 59
466 2265 567 2301 seqq.
609 2255 659 2293 61
691 2265 767 2301 seq.

118 2309 193 2345 Iam
215 2320 237 2344 a
258 2307 409 2344 Sesostri
427 2309 519 2345 hunc
535 2309 695 2345 canalem
713 2309 769 2345 in-

119 2368 265 2414 ceptum
285 2364 396 2401 fuisse
422 2364 584 2401 nonnulli
605 2365 768 2402 tradide—

118 2424 225 2467 rant,
255 2424 351 2457 teste
377 2420 558 2458 Aristotel.
580 2420 767 2458 meteorol.

121 2476 158 2522 l,
180 2476 231 2516 14
256 2490 297 2513 ac
315 2477 482 2513 Strabon.
518 2477 533 2513 I
557 2490 592 2527 p.
615 2477 668 2517 65
689 2490 767 2526 seq.

120 2538 156 2569 et
174 2532 275 2568 XVII
305 2546 340 2581 p.
363 2534 492 2578 1156,
513 2533 555 2569 C.
595 2534 769 2570 Herodo-

119 2593 177 2625 tus
203 2601 224 2624 a
244 2587 393 2625 Necone
422 2589 581 2626 canalem
602 2602 766 2626 exorsum

118 2645 229 2681 fuisse
251 2644 396 2689 scribit3
423 2645 485 2693 qui
505 2658 566 2682 rex
583 2658 664 2682 cum
684 2657 766 2681 ora-

118 2700 186 2737 culi
226 2700 364 2737 monitu
396 2700 442 2737 ab
477 2701 622 2751 incepto
655 2701 767 2737 desti-

118 2757 247 2803 tisset,
281 2756 440 2793 canalem
467 2769 488 2793 a
508 2756 620 2793 Dario
641 2757 767 2793 Hista-

118 2813 193 2864 spis
215 2825 296 2851 esse
312 2814 519 2863 perfectum.
550 2813 627 2850 Sed
648 2814 766 2863 ipsum

839 735 989 772 Darium
1016 749 1162 784 quoque
1185 737 1231 774 de
1249 735 1394 785 incepto
1423 736 1489 773 de-

841 793 973 828 stitisse
1002 792 1060 828 alii
1085 793 1253 838 tradunt,
1284 792 1489 829 Ptolemae-

841 861 899 884 um
929 848 1124 884 secundum
1150 849 1261 886 fuisse
1287 853 1489 894 narrantes,

841 904 903 953 qui
932 918 1022 954 opus
1051 906 1098 941 ad
1129 904 1238 941 finem
1268 905 1488 954 perduxerit.

845 962 954 997 Conf.
991 961 1144 997 Diodor.
1174 961 1210 1008 I,
1237 963 1302 1002 33.
1356 962 1490 997 Strabo

843 1017 942 1054 XVII
966 1031 1000 1066 p.
1026 1019 1145 1064 1156,
1167 1017 1210 1053 C.
1242 1017 1378 1053 Plinius
1400 1017 1433 1053 h.
1456 1029 1490 1053 n.

842 1074 914 1120 Vl,
941 1077 1005 1114 29.
1073 1074 1255 1122 Equidem
1284 1078 1405 1111 tamen
1435 1074 1492 1109 vix

842 1130 927 1167 mihi
945 1130 1164 1179 persuadere
1181 1143 1350 1180 possum,
1372 1130 1493 1167 Hero-

842 1188 988 1233 (lotum,
1019 1187 1080 1235 qui
1100 1199 1173 1223 non
1195 1188 1245 1223 ita
1263 1186 1375 1223 multo
1404 1190 1491 1236 post

840 1243 990 1280 Darium
1019 1243 1227 1293 Aegyptum
1265 1244 1366 1289 visit,
1407 1255 1488 1279 eum

841 1299 877 1335 in
914 1300 1060 1336 modum
1099 1300 1240 1349 lapsum
1274 1300 1386 1335 fuisse
1408 1328 1418 1346 ,
1451 1304 1491 1335 ut

840 1359 981 1391 tantum
1013 1355 1145 1392 canalis
1169 1369 1260 1405 opus
1291 1356 1490 1405 perfectum

842 1412 1001 1457 diceret,
1042 1412 1141 1459 quod
1173 1412 1282 1447 modo
1310 1412 1494 1461 inceptum

839 1467 979 1503 suisset.
1027 1467 1160 1516 Neque
1181 1467 1327 1503 omnino
1350 1480 1371 1503 a
1389 1467 1494 1504 Darii

838 1522 985 1569 iugenio
1009 1523 1082 1560 tale
1112 1523 1297 1560 consilium
1321 1524 1410 1559 tanti
1433 1536 1493 1560 ca-

840 1579 932 1615 nalis
972 1580 1188 1628 perficiundi
1229 1579 1420 1625 abhorret,
1471 1593 1493 1616 a

837 1648 909 1683 quo
938 1636 1123 1684 Scylacem
1157 1636 1266 1673 etiam
1299 1636 1347 1672 ad
1382 1649 1492 1686 expe-

837 1692 991 1728 ditiones
1011 1693 1207 1728 maritimas
1238 1705 1303 1741 per
1324 1693 1490 1740 regiones

837 1747 945 1797 plane
984 1747 1187 1796 incognitas
1227 1748 1371 1784 missum
1411 1761 1491 1785 esse

837 1805 1049 1853 accepimus.
1079 1804 1199 1852 Ipsum
1217 1809 1489 1841 monumentum

838 1859 1022 1896 Persicum
1061 1860 1278 1907 imaginibus
1306 1864 1342 1896 et
1370 1859 1490 1897 litera-

837 1928 915 1952 rum
951 1916 1242 1963 characteribus,
1298 1915 1423 1965 quales
1451 1917 1486 1952 iu

837 1971 1120 2021 Persepolitanis
1152 1973 1392 2009 monumentis
1430 1986 1487 2009 re-

836 2029 1046 2078 periuntur,
1088 2034 1252 2065 ornatum
1280 2029 1316 2065 in
1344 2029 1400 2065 his
1431 2041 1489 2066 re-

837 2085 1005 2133 gionibus
1050 2098 1167 2135 prope
1211 2085 1309 2122 lacus
1344 2097 1487 2122 amaros

836 2142 897 2189 qui
918 2141 1104 2187 dicuntur,
1134 2142 1230 2178 docti
1260 2141 1356 2177 Galli
1387 2142 1488 2179 inve-

835 2202 967 2233 nerunt
991 2202 1160 2246 recteque
1178 2199 1339 2235 referunt
1359 2198 1407 2234 ad
1429 2211 1488 2235 ca-

836 2253 928 2290 nalis
949 2267 1040 2304 opus
1061 2266 1082 2290 a
1101 2254 1212 2290 Dario
1237 2254 1346 2291 Persa
1367 2267 1488 2291 susce—

836 2314 950 2359 ptum.
1018 2310 1100 2346 vid.
1125 2310 1281 2347 Roziere
1312 2311 1486 2360 descript.

837 2366 883 2402 de
902 2365 996 2413 I’Eg.
1029 2370 1104 2402 ant.
1131 2366 1144 2401 l
1181 2379 1266 2416 pag.
1300 2367 1378 2407 142
1408 2366 1485 2403 coll.

835 2434 920 2472 pag.
951 2422 1028 2462 134
1049 2435 1125 2470 seq.
1157 2427 1193 2459 et
1221 2422 1276 2459 Le
1306 2422 1398 2459 Pete
1426 2422 1446 2458 l.
1466 2423 1488 2459 l.

834 2492 872 2528 p.
892 2480 944 2518 66
974 2491 1049 2526 seq.
1108 2478 1231 2514 Potuit
1261 2478 1384 2527 utique
1411 2479 1488 2515 fieri

836 2534 1003 2582 adeoque
1032 2535 1165 2571 factum
1191 2547 1271 2571 esse
1299 2535 1487 2584 probabile

835 2590 898 2636 fit,
929 2595 967 2626 ut
998 2594 1083 2639 post
1107 2589 1259 2626 Darium
1284 2596 1486 2641 temporum

834 2646 987 2682 decursu
1004 2645 1135 2682 canalis
1165 2646 1353 2694 neglectus
1374 2648 1484 2684 arena

832 2702 989 2749 adgesta
1006 2702 1261 2750 obtegeretur3
1281 2704 1379 2752 quod
1395 2703 1483 2740 Pto-

834 2756 1009 2794 lemaeum
1046 2759 1242 2795 secundum
1273 2759 1404 2806 movit,
1442 2763 1482 2796 ut

831 2814 1032 2851 commercii
1089 2814 1213 2851 melius
1270 2816 1482 2853 instituendi
