1877 3223
438 218 521 260 176

834 218 1300 259 HERODOTI

436 328 490 386 δή
519 330 564 374 οἳ
591 328 705 384 ἔλεγε
733 327 786 371 τά
820 342 899 383 περ
930 327 1121 373 ὀπώπεε·
1155 327 1178 371 ὁ
1209 329 1279 379 δὲ,
1309 327 1503 382 ἐννώσας
1533 330 1586 374 τά
1619 335 1716 375 λε-1

434 407 617 465 γόμενα,
649 405 933 464 συνεβάλλετο
963 407 1040 452 τὸν
1067 408 1263 463 Ὀρέστεα
1292 408 1400 451 κατά
1428 409 1478 453 τό
1504 408 1691 464 θεοπρό-

433 504 540 531 πιον
568 490 729 530 τοῦτον
757 485 894 537 εἶναι,
924 490 1025 544 τῇδε
1055 485 1449 543 συμβαλλεόμενος·
1487 492 1567 532 τοῦ
1593 493 1690 545 χαλ-

434 566 533 618 κὲος
563 565 644 609 δύο
673 564 811 620 ὁρέων
840 566 1008 622 φύσας,
1052 565 1154 617 τούς
1185 564 1371 622 ἀνέμους
1400 565 1571 622 εὕρισκε
1599 566 1688 612 ἐόν-

377 758 565 808 „English
621 763 749 810 poetry
792 762 840 811 by
897 761 1029 800 Thom.

375 816 586 863 „Wart0n,
617 815 774 853 London
796 819 916 869 1814,
943 820 1031 858 Pre-

375 873 479 920 „sac.
498 885 534 923 p.
554 874 619 914 32.
634 874 659 893 ‘⁶
691 872 756 910 Cr.

430 935 478 978 τά
499 954 570 991 περ
589 935 754 987 ὀπώπεε]
785 938 927 981 ὄπωπα
946 956 1030 992 per-

375 995 457 1032 secti
489 998 604 1033 soi-ma
642 997 786 1034 Ionibus
827 1011 870 1035 ac
909 1000 1028 1048 poetis

373 1052 490 1098 solum
512 1055 750 1103 frequentata.
790 1054 811 1091 l
826 1055 874 1092 id.
895 1054 1027 1092 matth.

374 1106 412 1159 §-
435 1109 517 1151 245
541 1124 576 1160 p
606 1110 698 1151 478

430 1193 451 1214 υ
483 1174 537 1223 δὲ,
564 1173 738 1225 ἐννώσας
754 1193 800 1216 τα
821 1174 1027 1230 λεγόμενα]

372 1227 553 1280 ἐννώσας
571 1248 636 1270 suo
662 1248 762 1271 mo1e
792 1235 881 1271 dixit
908 1236 1029 1272 Heio-

371 1289 478 1325 dotus
532 1304 600 1340 pro
662 1287 874 1341 ἐννοησας,
928 1292 1028 1340 quod

371 1344 491 1395 ipsum
517 1346 574 1383 hic
600 1359 691 1383 unus
720 1347 811 1384 liber
835 1360 1028 1398 perperam

371 1402 490 1438 offert.
519 1402 618 1438 Infra
652 1403 692 1448 I,
729 1405 801 1443 68:
844 1403 1023 1441 ἐνένωτο.

370 1456 406 1503 Ι,
437 1457 503 1497 86.
534 1458 618 1504 ΠΙ,
649 1461 741 1499 206.
776 1459 845 1504 ΙΧ,
876 1460 942 1506 53,
966 1459 1026 1496 ubi

369 1512 473 1563 plura
510 1514 725 1563 interpretes
765 1514 914 1561 Batavi,
944 1515 1023 1551 coll.

371 1569 529 1617 Gregor.
589 1572 674 1607 Cor.
715 1571 761 1607 de
794 1571 878 1608 dial.
914 1571 1024 1608 Ionic.

370 1623 407 1675 ὃ.
435 1626 489 1666 94
520 1639 555 1675 p.
582 1627 661 1668 503
692 1627 834 1664 Schaes.
860 1628 1023 1665 Pertinet

368 1681 439 1718 huc
459 1695 604 1730 quoque
629 1678 851 1732 (Ξνέβωσεν,
881 1684 927 1720 de
949 1696 1021 1732 quo

369 1738 521 1774 diximus
549 1739 598 1774 ad
627 1739 655 1786 l,
678 1742 740 1779 10.
768 1761 823 1768 ·-
844 1734 1022 1789 Ὀρέστεα

367 1794 609 1830 accusativum
672 1795 800 1832 tertiae
857 1796 1024 1832 formavit

368 1848 640 1896 declinationis,
671 1864 750 1887 cum
781 1864 892 1900 supra
914 1851 943 1897 Ι,
967 1854 1020 1892 67

367 1905 575 1955 scripsisset
618 1901 807 1956 Ὀρέστεω
847 1907 884 1943 in
919 1908 1022 1955 geui-

365 1961 438 1997 tivo
471 1961 608 2011 primae
637 1962 897 1999 declinationis.
963 1963 1023 2001 De

366 2030 438 2066 quo
466 2031 568 2055 more
584 2018 712 2055 Ionum
729 2019 841 2056 multa
863 2020 1022 2056 vocabu-

365 2072 401 2110 la
421 2075 615 2110 secundum
642 2076 795 2125 primam
822 2080 857 2112 et
876 2077 1019 2114 tertiam

366 2129 640 2168 declinationem
686 2133 857 2169 flectendi
907 2132 1019 2181 pluri-

364 2198 424 2222 ma
460 2188 597 2224 notaxit
642 2186 774 2225 Matth.
806 2186 844 2239 ἓ.
874 2189 924 2230 91
939 2215 950 2236 ,
993 2190 1016 2230 1

364 2254 402 2293 p.
425 2242 517 2284 195.

424 2295 770 2351 συνεβαλλετο
807 2317 879 2342 τον
918 2297 1020 2352 Ὀρέ-

367 2365 457 2394 στεα
489 2375 545 2382 —
575 2360 718 2398 τοῦτον
750 2362 875 2406 εἰναι,
925 2359 1020 2411 τῇδε

366 2410 861 2465 σνμβαλλεόμενος]
911 2415 1018 2451 Simi-

364 2466 410 2504 lis
436 2469 610 2505 orationis
639 2472 883 2518 abundantia,
925 2483 1019 2519 quae

365 2522 405 2570 Ι,
438 2526 511 2564 64:
540 2522 614 2575 τήν
637 2530 761 2577 νῆσον
779 2530 913 2578 Δῆλον
932 2541 1017 2565 κα-

364 2575 535 2630 θήρας
569 2581 611 2620 ἐκ
636 2586 715 2622 τῶν
741 2585 903 2636 λογίων·
933 2597 1015 2621 κα-

364 2631 540 2685 θηρας
561 2636 602 2676 ὁὲ
632 2634 708 2679 ὦδε
732 2641 817 2688 etl,
836 2643 881 2682 7:
909 2635 1015 2679 ἑνό-

366 2691 472 2742 μιζέ
502 2693 543 2731 οἱ
573 2699 741 2745 γυναῖκα
760 2693 913 2762 Γπολλὸν
943 2711 1015 2734 πα-

366 2746 466 2786 σέων
490 2751 718 2801 καλλίστην·
749 2749 846 2791 ω’στε
866 2750 908 2791 δὲ
923 2753 1014 2790 ταῦ-

365 2817 413 2842 τα
448 2807 634 2854 νομίζω
646 2823 678 2844 ν.
716 2805 1015 2859 συμβάλλεσθαι

366 2860 404 2898 iu
427 2861 547 2899 medio
571 2863 800 2914 potissimum
825 2865 1015 2903 adhibetur

1098 763 1317 801 coniectandi
1361 765 1531 813 notione,
1590 764 1749 814 indeque

1097 821 1373 858 discernendum
1411 822 1457 857 ab
1489 835 1555 868 eo,
1595 834 1749 870 quocum

1097 889 1209 926 saepe
1251 878 1481 914 confunditur
1511 878 1575 925 (cs.
1602 877 1640 924 I,
1673 877 1746 923 63)

1099 929 1408 983 συλλαμβάνειν,
1447 934 1483 970 in
1508 947 1580 983 quo
1612 933 1745 970 intelli-

1096 988 1203 1037 gendi
1226 989 1349 1039 potius
1379 1003 1421 1026 ac
1443 990 1659 1039 percipiendi
1693 989 1746 1026 vis

1096 1045 1199 1082 inest.
1232 1045 1463 1094 Quamquam
1486 1046 1640 1083 subinde
1657 1059 1749 1094 quo-

1097 1113 1167 1151 que
1208 1097 1446 1152 συμβάλλειν
1477 1102 1618 1138 videtur
1647 1114 1747 1139 esse:

1096 1160 1237 1207 assequi
1257 1171 1404 1195 sensum
1423 1157 1570 1195 alicuius
1592 1157 1664 1205 rei,
1693 1160 1748 1195 in-

1096 1215 1252 1261 telligere
1276 1215 1422 1264 aliquid,
1453 1215 1483 1250 si
1502 1215 1665 1251 nimirum
1681 1213 1750 1251 hoc

1097 1283 1140 1307 ex
1161 1271 1324 1319 diligenti
1342 1284 1459 1309 rerum
1479 1271 1573 1307 inter
1591 1284 1630 1308 se
1650 1283 1749 1307 com-

1093 1328 1283 1377 paratione
1311 1331 1347 1365 et
1374 1327 1660 1365 consideratione
1691 1339 1750 1362 or-

1094 1387 1169 1419 tum
1198 1384 1313 1420 suerit.
1370 1383 1429 1420 De
1459 1383 1514 1419 his
1548 1383 1747 1420 accuratius

1095 1439 1292 1487 disputavit
1319 1439 1449 1475 Creuz.
1472 1439 1506 1475 in
1527 1439 1746 1475 Commentt.

1093 1493 1259 1531 Ilerodd.
1289 1508 1325 1546 p.
1355 1496 1448 1535 303.
1478 1494 1560 1535 304
1585 1499 1659 1531 not.
1686 1494 1746 1532 Ad

1094 1551 1247 1587 candem
1299 1552 1516 1588 coniectandi
1562 1552 1745 1588 notionem

1090 1607 1248 1657 pertinet
1268 1608 1416 1644 verbum
1448 1603 1636 1655 εἰκάζειν,
1673 1621 1746 1656 quo

1092 1667 1128 1699 et
1148 1663 1227 1712 ipso
1250 1664 1284 1699 in
1307 1677 1409 1713 seqq.
1437 1678 1523 1700 usus
1545 1669 1600 1701 est
1625 1664 1746 1701 Hero-

1092 1719 1209 1755 dotus.
1259 1720 1394 1756 Forma
1432 1716 1747 1770 συμβαλλεόμε-

1091 1789 1159 1819 νος
1198 1774 1336 1812 Nostro
1364 1775 1572 1823 familiaris,
1610 1780 1650 1812 ut
1689 1774 1746 1813 vel

1091 1829 1256 1879 exempla
1291 1832 1449 1881 probant
1488 1844 1510 1869 a
1549 1833 1746 1870 Schaesero

1091 1887 1139 1922 ad
1167 1886 1322 1935 bimos,
1350 1887 1467 1925 Halic.
1501 1889 1548 1925 de
1581 1902 1745 1938 compos·

1089 1942 1212 1979 verbb.
1257 1956 1294 1993 p.
1343 1946 1423 1985 199
1470 1944 1743 1992 significationis

1088 1999 1237 2049 potius,
1292 2012 1401 2049 quam
1446 1999 1559 2050 ipsius
1606 2003 1745 2039 formae

1089 2067 1198 2091 causa
1233 2055 1350 2093 allata.
1407 2056 1619 2094 Flectuntur
1647 2058 1742 2096 enim

1086 2111 1132 2147 ab
1172 2111 1318 2148 Ionibus
1359 2113 1537 2161 quaedam
1564 2114 1675 2150 verba
1703 2117 1741 2150 in

1086 2167 1142 2174 *—

1087 2195 1158 2227 εω,
1189 2192 1283 2229 quae
1317 2179 1427 2227 vulgo
1463 2181 1562 2230 apud
1601 2180 1740 2218 Atticos

1089 2236 1242 2286 simplici
1260 2239 1291 2273 ὦ
1305 2236 1514 2272 formantur.
1543 2236 1739 2274 Yid.Butt-

1087 2304 1207 2330 mann.
1236 2292 1398 2329 Gramm.
1419 2292 1543 2328 maior.
1563 2292 1597 2329 ll
1615 2306 1651 2343 p.
1672 2296 1739 2334 31.

1086 2350 1152 2390 32.
1172 2347 1301 2384 Matth.
1316 2346 1352 2397 §.
1365 2349 1442 2388 181
1461 2353 1537 2386 not.
1554 2349 1580 2389 3
1598 2349 1738 2398 p.325.

1087 2405 1209 2447 Quum
1234 2409 1356 2440 tamen
1382 2403 1452 2440 hoc
1478 2405 1515 2441 in
1543 2404 1622 2440 loco
1640 2418 1739 2442 com-

1086 2460 1209 2510 plures
1230 2473 1339 2496 manu
1363 2460 1508 2510 scripti,
1537 2460 1739 2510 Mediceus,

1085 2516 1471 2563 Schellershemffinus,
1530 2517 1612 2565 alii,
1662 2519 1737 2555 sor-

1084 2585 1180 2610 mam
1209 2572 1395 2620 vulgarem
1415 2569 1738 2624 συμβαλλόμενος

1085 2630 1296 2676 exhibeant,
1353 2628 1527 2666 dubitatio
1561 2636 1639 2667 orta
1680 2635 1737 2668 est

1083 2683 1237 2731 Manu,
1267 2697 1314 2722 an
1341 2684 1454 2722 altera
1474 2686 1589 2723 forma
1611 2688 1735 2724 forsan

1082 2741 1256 2778 debeatur
1266 2741 1510 2778 Grammatico
1523 2741 1734 2793 ὕπεριωνί-

1083 2798 1199 2843 ζοντι.
1261 2797 1366 2840 Quae
1394 2801 1516 2835 tamen
1543 2799 1649 2837 nobis
1673 2797 1731 2834 vix

1082 2853 1175 2892 iusta
1190 2854 1333 2892 videtur
1353 2853 1521 2905 suspicio.
