1877 3223
604 263 901 303 CL10.1.
1337 269 1393 310 83

120 404 144 423 ‚,
155 369 316 427 ἡμέρας
348 372 568 428 διηκοσίας
593 373 665 416 καὶ
694 376 1034 428 πεντακισχιλίας
1063 373 1135 416 καὶ
1153 374 1437 430 δισμυρίας,95

96 468 143 503 4„
157 450 393 506 ἐμβολίμου
421 451 553 507 μηνὸς
576 452 633 508 μὴ
661 452 909 508 γινομένου,

969 454 1005 494 εἰ
1039 451 1085 495 δὲ
1116 451 1167 509 δὴ
1199 451 1393 510 ἐθελήσει

117 528 358 584 ,,τοῦτερον
379 536 468 573 τῶν
494 530 620 574 ἐτέων
640 532 742 587 μηνὶ
766 531 1037 587 μακρότερον
1069 532 1288 586 γίνεσθαι,
1319 533 1393 575 ἴνα

117 609 204 664 „fiij
235 611 280 652 αἱ
309 605 417 663 ὧραι
447 612 714 666 συμβαίνωσι
744 609 1086 667 παραγινόμεναι
1126 610 1168 660 ἐς
1197 609 1244 653 τό
1276 610 1392 664 δέον,

116 691 281 743 ,,μῆνες
309 688 388 744 μὲν
415 688 533 743 παρὰ
565 689 616 732 τοὶ
646 689 943 746 ἑβδομήκοντα
974 689 1068 733 ἔτεα
1098 691 1141 732 οἵ
1169 687 1392 745 ἐμβόλιμοι

117 768 349 822 ,,γίνονται
373 767 605 825 τριήκοντα
625 769 768 812 πέντε·
805 767 963 825 ἡμέραι
988 769 1034 813 δὲ
1063 769 1108 812 ἐκ
1131 772 1220 812 τῶν
1241 772 1391 825 μηνῶν

68 934 301 982 sequentibus
331 947 478 984 quoque
505 936 624 973 verbis
645 948 723 974 ma-

67 1002 141 1037 gna
174 990 224 1026 illi
252 1004 346 1040 opus
384 992 603 1039 mutatione,
652 1004 724 1041 qua

68 1045 204 1084 scilicet
257 1047 389 1083 iustum
447 1048 483 1083 in
534 1061 723 1086 munerum

68 1103 189 1139 omnia
220 1103 443 1151 redigantur.
484 1104 600 1140 Scribi
628 1105 723 1142 enim

67 1158 162 1195 mit:
193 1180 249 1185 —
275 1173 396 1210 μηνες
430 1156 502 1209 μὲν
531 1175 638 1212 παρα
674 1176 722 1199 τα

68 1210 343 1265 ἑβδομήκοντα
390 1214 475 1254 ἔτεα
514 1231 536 1268 y
547 1217 592 1268 ίγ
606 1232 627 1256 ν
639 1231 659 1256 ο
674 1231 722 1255 ν-

66 1284 145 1308 ται
169 1266 363 1309 δώδεκα
385 1270 603 1318 δέοντος
630 1287 722 1324 τρι-

64 1341 219 1377 τημορ
234 1326 249 1364 ί
263 1339 344 1365 ου·
401 1325 547 1393 ημέραι
590 1326 632 1367 δὲ
679 1327 723 1368 ἐκ

64 1397 144 1421 των
174 1397 314 1433 μηνων
339 1379 490 1422 τούτων
517 1399 537 1422 τ
550 1398 571 1435 ρ
586 1380 723 1434 ιηκὸ-

65 1450 178 1477 σιοι
240 1437 324 1477 καὶ
374 1437 719 1491 πεντήκοντα·

63 1492 231 1534 τουτέων
269 1497 349 1534 τῶν
379 1494 497 1535 οἳπασ.
539 1512 609 1547 ημ.
641 1510 721 1535 των

64 1550 104 1598 ἐς
123 1566 168 1589 τα
190 1550 310 1602 ἕβὸ.’
298 1550 382 1591 ε’τεα
396 1581 407 1601 ,
439 1551 609 1592 ἐουσέων
631 1567 722 1592 πεν-

63 1602 234 1658 τήκοντα
264 1607 332 1647 καὶ
367 1610 721 1660 πεντηκοσίων

63 1663 131 1703 καὶ
173 1666 609 1716 πεντακισχιλίων
652 1664 720 1705 καὶ

65 1719 379 1771 δισμυριέων
401 1736 438 1760 κ.
467 1737 498 1761 τ.
533 1725 566 1760 λ.
613 1723 720 1766 Quae

64 1777 187 1825 utique
227 1777 324 1814 haud
354 1778 439 1814 talia
475 1783 577 1825 suut,
625 1792 720 1828 quae

65 1833 231 1880 cuiquam
270 1834 416 1883 probari
448 1836 600 1884 possint.
667 1835 721 1872 Ut

66 1889 161 1925 enim
188 1889 264 1924 viro
290 1890 498 1926 doctissimo
516 1891 554 1927 id
574 1890 719 1938 largiar,

64 1944 293 1981 Herodotum
325 1959 399 1982 non
433 1946 483 1983 ita
509 1946 717 1996 scripsisse,

64 2001 367 2047 quemadmodum
412 2015 506 2039 nunc
554 2002 719 2049 legatur,

62 2056 157 2093 idem
177 2061 299 2094 tamen
324 2059 504 2095 contendo
521 2058 614 2094 hanc
638 2069 717 2093 cor-

61 2112 238 2162 ruptelam
270 2113 431 2150 altiorem
461 2127 564 2160 esse,
607 2125 716 2162 quam

62 2181 156 2216 quae
203 2168 247 2204 iis
286 2170 398 2219 copiis
449 2169 715 2218 manuscriptis,

63 2237 153 2272 quas
176 2237 244 2260 nos
261 2225 454 2272 habemus,
477 2225 599 2261 sanari
625 2237 715 2274 pos-

63 2280 119 2316 sit.
175 2280 307 2330 Neque
342 2283 381 2319 id
417 2282 568 2319 multum
605 2280 714 2327 valet,

63 2337 162 2384 quod
190 2336 400 2374 Plutarchus
433 2338 470 2374 in
501 2338 576 2374 vita
609 2337 714 2373 Solo-

64 2392 119 2427 nis
142 2405 170 2429 c.
193 2396 246 2434 27
265 2393 480 2443 colloquium
503 2393 613 2431 hocce
631 2405 715 2430 nar-

66 2459 170 2495 rans,
198 2448 290 2486 hanc
311 2463 487 2487 annorum
504 2451 716 2498 dierumque

67 2505 366 2543 enumerationem
392 2519 540 2556 prorsus
563 2506 715 2553 omittat,

66 2562 129 2594 aut
150 2559 186 2595 in
209 2559 297 2597 libro
322 2563 369 2599 de
391 2562 619 2610 Malignitate
637 2561 714 2599 He-

65 2614 202 2661 rodoti,
236 2616 297 2652 ubi
323 2617 411 2655 alios
448 2618 576 2655 Nostri
617 2630 715 2654 erro-

66 2682 124 2707 res
155 2672 325 2719 castigat,
359 2674 426 2710 hac
444 2675 491 2711 de
518 2687 558 2711 re
588 2677 714 2710 taceat.

65 2725 243 2763 Neutrum
274 2728 367 2765 enim
394 2729 465 2766 tale
504 2741 588 2767 esse
614 2733 715 2778 puto,

65 2794 109 2820 ex
136 2795 206 2831 quo
239 2785 325 2820 certi
353 2786 441 2834 quid
468 2786 516 2822 ad
537 2785 716 2823 Herodoti

63 2837 180 2875 locum
198 2841 322 2877 coniici
341 2846 403 2877 aut
414 2841 573 2878 concludi
588 2846 715 2889 queat3

66 2894 103 2932 in
127 2907 199 2944 quo
227 2896 257 2933 si
279 2897 488 2948 scriptorem
515 2898 633 2948 ipsum
654 2903 717 2936 aut

790 937 851 986 qui
892 936 937 973 ab
973 949 1015 974 eo
1057 935 1208 984 loquens
1246 935 1435 982 inducitur,

789 993 962 1030 Solonem
974 1005 1115 1030 errasse
1123 997 1330 1040 temereque
1339 1004 1436 1027 com-

787 1054 939 1099 putasse
964 1049 1115 1095 dixeris,
1153 1047 1290 1085 facilius
1314 1047 1437 1095 utique

789 1118 847 1142 res
868 1108 1112 1155 componetur.
1169 1104 1246 1141 Sed
1265 1103 1302 1139 id
1317 1104 1436 1152 ipsum

790 1165 960 1208 statuere,
990 1160 1148 1211 proclive
1167 1161 1308 1196 videtur
1324 1160 1435 1196 adeo—

790 1231 860 1266 que
889 1217 1139 1262 temerarium3
1179 1215 1340 1265 quamvis
1373 1228 1435 1252 ae-

789 1278 864 1311 tate
887 1278 961 1310 tam
981 1277 1120 1310 remota
1143 1276 1350 1322 temporum
1376 1283 1436 1307 ra-

789 1331 924 1367 tionem
953 1333 1226 1377 accuratamque
1263 1328 1349 1364 anni
1392 1340 1435 1364 ac

789 1387 964 1422 mensium
984 1384 1262 1433 descriptionem
1290 1383 1435 1419 institu-

788 1446 862 1478 tam
899 1441 1012 1477 fuisse
1063 1440 1121 1475 vix
1168 1438 1338 1476 credibile
1374 1439 1433 1475 sit.

789 1497 850 1534 Tu
891 1497 964 1533 vid.
1010 1495 1140 1532 Ukert.
1191 1496 1248 1543 (in
1296 1495 1434 1542 Geogr.

786 1553 932 1591 Romm.
952 1556 989 1590 et
1004 1552 1153 1589 Graece.
1170 1551 1200 1599 I,
1218 1556 1245 1593 2
1262 1564 1298 1601 p.
1312 1550 1434 1599 157);

787 1611 849 1660 qui
868 1611 936 1647 hoc
948 1609 1065 1659 ipsum
1077 1608 1165 1644 satis
1180 1608 1298 1645 valere
1312 1607 1434 1643 existi-

786 1671 881 1713 mat,
917 1679 990 1715 quo
1031 1665 1148 1702 minus
1184 1665 1223 1701 in
1251 1662 1434 1701 Herodoti

785 1723 903 1761 verbis
916 1722 1114 1771 quidquam
1134 1721 1348 1758 immutetur.

843 1779 879 1818 εἰ
900 1776 942 1817 δὲ
971 1775 1021 1829 δή
1043 1772 1225 1827 ἐθελήσει
1246 1773 1433 1827 τοῦτερον

784 1837 864 1874 τῶν
886 1833 1004 1874 ε’τέων
1029 1849 1065 1872 κ.
1085 1848 1118 1871 τ.
1138 1836 1187 1879 λ.]
1217 1831 1351 1871 θέλειν
1376 1835 1432 1867 at-

785 1904 857 1940 que
888 1888 1043 1930 ἐθέλειν
1076 1902 1151 1926 non
1187 1890 1234 1926 de
1261 1887 1429 1937 personis

784 1951 936 1993 tantum,
965 1958 1088 1982 verum
1116 1946 1163 1981 de
1189 1944 1296 1980 rebus
1322 1943 1430 1979 etiam

784 2002 866 2049 dici,
895 2014 987 2049 quae
1003 2004 1042 2036 ut
1061 2001 1172 2043 fiant,
1193 1999 1429 2036 constitutum

784 2060 852 2103 est,
878 2057 966 2093 satis
983 2059 1116 2092 notum.
1147 2055 1430 2092 Undenostrum

782 2112 880 2149 haud
897 2125 977 2149 raro
993 2116 1143 2160 aequat:
1173 2110 1279 2147 sollen
1298 2124 1327 2149 S.
1341 2110 1428 2146 kim-

781 2181 855 2205 nen.
899 2169 956 2205 Cf.
990 2168 1128 2205 Herod.
1159 2167 1198 2214 I,
1230 2166 1296 2207 74.
1334 2169 1426 2208 109·

782 2224 908 2272 11‚14
936 2228 1001 2261 etc.
1043 2223 1152 2260 Plura
1188 2223 1343 2272 Vigerus
1379 2223 1427 2259 de

780 2280 955 2318 Idiotism.
981 2294 1017 2330 p.
1041 2283 1135 2321 272.

837 2336 906 2375 ι’να
944 2333 992 2387 δὴ
1034 2336 1078 2374 αἱ
1114 2329 1215 2387 ὧραι
1262 2333 1426 2384 συμβαί-

780 2405 880 2432 νωσι
890 2387 1193 2445 παραγινόμεναι
1213 2389 1252 2437 ἐς
1262 2386 1304 2429 τὸ
1319 2388 1425 2435 δέον]

780 2449 803 2486 i.
834 2462 864 2486 e.
916 2463 982 2499 quo
1020 2448 1151 2486 scitzcet
1186 2450 1423 2497 tempestatum

780 2505 1038 2542 vici‘ssz'tuclznes
1064 2507 1156 2542 iusto
1188 2508 1334 2553 tempore
1365 2516 1422 2539 re-

780 2562 904 2610 deant,
942 2575 1008 2599 nec
1035 2566 1151 2599 certus
1180 2573 1302 2598 earum
1329 2560 1420 2596 ordo

781 2631 823 2655 ac
863 2618 953 2655 ratio
989 2617 1061 2654 ullo
1105 2618 1214 2655 modo
1249 2616 1422 2653 turbetur.

779 2674 950 2712 Formula
969 2672 1016 2721 ἔς
1035 2670 1086 2713 τὸ
1106 2672 1223 2713 δέον
1241 2674 1346 2719 iusto,
1360 2685 1422 2721 op-

774 2735 924 2781 portuno
948 2734 1112 2780 tempore,
1141 2728 1307 2767 commode
1334 2728 1423 2765 satis

781 2788 952 2835 frequens
971 2785 1121 2825 Nostro.
1178 2787 1236 2823 Cf.
1266 2786 1360 2821 infra
1375 2783 1422 2831 ss,

783 2845 862 2883 173
885 2847 921 2880 et
940 2842 1098 2882 Fischer.
1117 2843 1165 2881 ad
1185 2841 1332 2880 Weller.
1359 2839 1424 2887 111,

781 2902 808 2941 6
827 2912 865 2950 p.
882 2898 970 2940 157.

1068 2952 1126 2994 6*
