1909 3228
62 596 161 644 155

560 167 980 207 EUTERPE.
1036 168 1080 204 ΙΙ.

1355 168 1436 207 841

182 278 474 336 ἀλλόγλωσσοι
502 279 853 335 κατοικίσθησαν.
911 277 953 329 ἐξ
984 272 1045 320 ὧν
1076 275 1121 319 δὲ
1150 272 1436 329 ἐξανέστησαν
1450 281 1493 315 65

182 358 357 414 χώρων,
398 359 444 402 ἐν
481 357 674 401 τούτοισι
714 357 767 413 δή
810 358 925 400 οἵτε
962 355 1083 399 ὁλκοὶ
1112 361 1199 397 τῶν
1227 357 1339 396 νεῶν
1367 354 1439 395 καὶ
1501 356 1578 394 180

183 437 236 480 τὰ
276 438 439 492 ἐρείπια
481 442 567 480 τῶν
621 435 867 492 οἰκημάτων
903 436 952 479 τὸ
998 436 1119 490 μέχρι
1169 435 1271 489 ἐμεῦ
1310 428 1436 489 ἦσαν.

192 519 458 573 Ψαμμίτιχος
495 516 575 571 μέν
603 531 686 557 νυν
717 514 832 558 οὕτω
864 514 953 569 ἔσχε
984 513 1062 568 τήν
1092 515 1330 568 Αίγυπτον

302 600 391 639 Τοῦ
438 596 482 638 δὲ
527 594 786 650 χρηστηρίου
833 596 912 635 τοῦ
961 593 1006 635 ἐν
1053 592 1258 649 Αἰγύπτῳ
1304 591 1444 635 πολλὰ

184 673 461 730 ἓπεμνησθην
498 673 613 729 ἤδη,
670 672 742 715 καὶ
785 671 836 726 δὴ
886 670 1019 725 λόγον
1058 686 1154 724 περι
1205 669 1343 714 αὐτοῦ
1384 669 1443 720 ὠς

155 751 313 804 Ξᾶξίου
342 752 489 802 ἐόντος
517 750 769 807 ποιήσομαι.
827 750 875 793 τὸ
906 749 987 804 γὰρ
1027 748 1284 804 χρηστήριον
1313 753 1443 792 τοῦτο
1456 755 1500 788 70

184 834 233 875 τὸ
261 833 308 874 ἐν
336 830 566 888 Αἰγύπτῳ,
598 831 686 873 ἔστι
714 829 793 885 μὲν
830 832 1002 884 Λητοῦς
1032 829 1149 881 ἱρὸν,
1194 828 1240 871 ἐν
1270 825 1370 871 πόλι
1399 828 1444 871 δὲ

184 909 348 967 μεγάλῃ
391 910 649 965 ἱδρυμένον,
694 906 804 952 uate?
840 908 889 950 τὸ
931 906 1250 962 Σεβεννυτικόν
1291 907 1445 950 καλεό-

186 1006 320 1044 μενον
351 989 488 1045 στόμα
517 992 598 1031 τοῦ
630 988 818 1040 Νείλου,
870 983 1133 1029 ἀναπλέοντι
1163 983 1250 1029 ἀπὸ
1279 985 1446 1029 θαλάσ-

159 1075 273 1122 3σης
303 1067 406 1111 ἄνω.
456 1067 627 1122 οὔνομα
659 1066 704 1110 δὲ
734 1069 788 1123 τῇ
817 1066 917 1109 πόλι
948 1064 1083 1121 ταύτῃ
1124 1064 1232 1109 ὅκου
1264 1064 1313 1108 τό
1344 1083 1446 1121 χρη-

190 1146 368 1202 στήριόν
399 1147 509 1199 ἐστι,
540 1145 715 1198 Βουτώ,
747 1143 806 1196 ὦς
836 1145 909 1188 καὶ
937 1144 1153 1198 πρότερον
1183 1143 1503 1200 οὐνόμασταί75

161 1231 280 1282 4μοι.
328 1226 425 1280 ἱρὸν
459 1227 503 1269 δέ
533 1225 620 1269 ἐστι
649 1224 696 1268 ἐν
735 1228 788 1281 τῇ
819 1228 983 1267 Βουτοῖ
1016 1223 1153 1280 ταύτῃ
1182 1222 1450 1275 ’Λπόλλωνος

191 1306 263 1348 καὶ
289 1304 543 1360 Ἀρτέμιδος.
602 1305 676 1348 καὶ
706 1303 729 1347 ὅ
758 1320 804 1359 γε
834 1303 937 1359 νηὸς
965 1306 1041 1358 τῆς
1077 1306 1270 1358 Λητοῦς,
1313 1303 1361 1346 ἐν
1389 1307 1452 1361 τῷ

193 1383 244 1439 δή
277 1383 324 1427 τὸ
355 1383 616 1439 χρηστήριον
644 1383 706 1426 ἔνι
730 1416 742 1435 ,
791 1380 924 1433 αὐτός
953 1397 997 1424 τε
1032 1381 1233 1437 τυγχάνει
1262 1380 1348 1425 ἐών
1376 1382 1450 1438 μέ-

195 1576 237 1616 οἵ
261 1591 301 1615 τε
325 1575 432 1617 ὁλκοὶ
462 1580 544 1616 τῶν
573 1577 694 1629 νεών]
726 1576 787 1617 ὁλ-

137 1633 203 1674 κοὶ
242 1634 390 1671 navalia
428 1640 543 1682 sunt,
591 1635 790 1685 interprete

139 1691 411 1739 W'esselingio,
442 1692 504 1740 qui
525 1688 666 1737 ὁλκούς
695 1692 732 1727 in
751 1704 791 1728 re

139 1747 285 1784 nautica
315 1760 395 1783 esse
425 1747 531 1783 docet
557 1746 715 1784 rudentes
744 1746 792 1784 ad

140 1816 246 1840 naves
270 1803 458 1839 trahendas
483 1802 651 1851 (ligneos
681 1804 793 1852 cylin-

143 1861 241 1905 dros,
262 1859 392 1907 quibus
414 1872 525 1896 naves
544 1861 581 1896 in
601 1865 696 1896 terra
708 1873 794 1910 pro-

142 1920 376 1961 moveantur,
415 1916 452 1951 in
484 1928 583 1952 mare
611 1916 796 1953 deducan-

144 1977 201 2009 tur
221 1976 329 2019 atque
353 1972 482 2010 exinde
505 1972 794 2021 subducantur);

145 2032 221 2065 tum
247 2040 332 2064 vero
367 2041 449 2066 esse
489 2028 662 2076 navalia,
706 2033 799 2066 teste

145 2084 304 2132 Hesych.
327 2098 355 2120 s.
377 2097 410 2121 v.
442 2084 519 2121 coll.
553 2085 665 2121 schol.
694 2084 800 2121 Thu-

146 2140 267 2188 cydid.
298 2140 369 2187 ΙΙΙ,
399 2141 466 2181 25.
523 2141 613 2178 Inde
649 2141 799 2178 verbum

147 2198 334 2235 νεωλκεῖν
355 2197 561 2243 (subducere
577 2198 715 2243 naves),
740 2211 802 2235 cu-

149 2252 204 2289 ius
224 2253 396 2291 admonet
424 2254 627 2303 Schweigh.
659 2255 706 2291 ad
725 2254 760 2291 h.
777 2254 801 2291 l.

207 2334 273 2374 καὶ
293 2333 340 2374 τοὶ
360 2332 704 2389 ἐρείπια-ἦσαν]
718 2338 803 2375 Vid.

152 2392 293 2500 1ὲὶοὲῗό
309 2394 374 2430 Gr.
400 2395 465 2431 Gr.
490 2407 575 2445 pag.
598 2394 678 2436 599
702 2408 805 2445 seqq.

360 2561 390 2598 C
403 2574 467 2612 ap.
499 2561 609 2599 CLV.

212 2641 337 2682 πολλοὶ
390 2641 649 2695 ἐπεμνήσθην
703 2643 805 2695 ἤδη]

159 2701 266 2737 Conf.
291 2700 346 2747 ΙΙ,
367 2702 420 2741 83
449 2701 526 2738 coll.
562 2701 614 2748 ll,
648 2703 709 2741 18.
741 2701 806 2741 55.

163 2757 241 2798 152
262 2761 328 2793 ete.
358 2778 412 2783 ——
444 2757 502 2794 De
520 2757 594 2794 Nili
622 2758 713 2793 ostio
741 2757 806 2794 Se-

160 2812 339 2863 bennytico
359 2813 428 2850 vid.
449 2826 587 2851 excurs.
613 2814 661 2851 ad
678 2813 722 2861 ll,
745 2817 807 2854 17.

914 1573 1053 1616 Bomoi
1073 1605 1084 1624 ,
1125 1592 1179 1623 ως
1216 1575 1285 1616 καὶ
1321 1572 1513 1629 πρότερον

860 1628 1102 1684 ουνόμασταί
1122 1631 1204 1684 μοι]
1237 1634 1344 1672 Conf.
1373 1635 1427 1682 II,
1446 1636 1512 1676 59.

860 1692 924 1731 63·
952 1692 1016 1731 83
1042 1691 1132 1730 133.
1190 1690 1291 1737 Alia,
1320 1692 1356 1727 in
1378 1692 1509 1740 quibus

858 1747 1085 1797 potissimum
1112 1746 1302 1783 Strabonis
1326 1747 1392 1784 loc.
1409 1748 1513 1784 XVII

859 1816 945 1852 pag.
970 1804 1052 1842 802
1084 1816 1147 1839 seu
1177 1803 1303 1849 1153,
1333 1803 1391 1849 D,
1429 1804 1515 1840 citat

862 1858 1132 1895 Schlichthorst.
1150 1857 1171 1893 l.
1192 1857 1213 1893 l.
1235 1871 1320 1908 pag.
1340 1862 1404 1900 67.
1435 1860 1515 1896 Sita

862 1915 952 1952 haec
967 1915 1065 1959 urbs,
1088 1927 1182 1963 quae
1200 1915 1244 1951 ab
1264 1915 1333 1952 alia
1353 1917 1518 1952 eiusdem

863 1971 1019 2008 nominis
1041 1971 1123 2018 (ll,
1144 1972 1218 2019 75)
1250 1972 1365 2021 probe
1389 1977 1444 2009 est
1465 1973 1518 2008 di-

866 2028 1105 2075 stinguenda,
1165 2028 1214 2063 ad
1260 2028 1519 2066 occidentalem

866 2084 966 2121 fluvii
997 2084 1232 2132 Sebennytici
1258 2085 1374 2135 ripam
1403 2097 1520 2135 prope

867 2141 980 2177 lacum
996 2140 1175 2187 Buticum,
1195 2140 1241 2177 de
1257 2154 1328 2189 qno
1348 2141 1421 2177 vid.
1442 2145 1518 2177 not.

869 2197 918 2234 ad
950 2195 1004 2243 ΙΙ,
1029 2196 1119 2237 156.
1170 2196 1210 2233 In
1239 2198 1384 2234 australi
1417 2197 1520 2233 huius

871 2253 967 2289 lacus
991 2256 1098 2302 parte
1122 2252 1240 2290 adhuc
1268 2254 1435 2304 dispersa
1455 2266 1523 2303 per

871 2308 1021 2359 paludes
1049 2313 1272 2358 stagnasque
1295 2310 1523 2360 reperiuntur

871 2365 970 2401 urbis
988 2365 1133 2412 rudera,
1156 2370 1248 2403 teste
1267 2366 1409 2403 Bittero
1426 2365 1524 2401 Erd-

872 2421 986 2457 kund.
1008 2420 1024 2457 I
1050 2434 1087 2471 p.
1107 2424 1200 2461 822.
1259 2422 1373 2459 Vetus
1401 2421 1523 2470 Aegy-

874 2478 1032 2528 ptiacum
1066 2490 1199 2514 nomen
1234 2479 1333 2515 urbis
1372 2476 1525 2514 Ple'natd

877 2534 953 2570 sive
989 2532 1138 2570 Ple'ne‘td
1180 2534 1294 2571 fuisse
1340 2535 1525 2572 contendit

877 2589 1079 2638 Champoll.
1106 2589 1200 2638 lQEg
1229 2603 1313 2627 sous
1339 2590 1391 2629 les
1420 2591 1522 2641 phar.

876 2645 907 2681 ΙΙ
936 2659 984 2711 p.³
992 2649 1072 2686 227
1091 2659 1193 2694 seqq.

932 2696 1053 2746 αὐτός
1078 2716 1117 2739 τε
1148 2697 1329 2752 τυγχάνει
1355 2698 1430 2741 ἒών
1462 2700 1525 2751 με’-

876 2755 1006 2808 γας],
1010 2758 1080 2803 ‚De
1101 2759 1349 2806 magnitudine
1368 2758 1526 2808 templo-

877 2826 954 2850 rum
996 2786 1260 2864 'Aefflptiorum
1281 2843 1291 2861 ‚
1350 2814 1525 2852 scalarum

1500 590 1523 617 Ι
1527 593 1586 617 aton

1514 633 1560 650 ιιιιι
1579 597 1615 650 i¹u
1619 597 1699 650 eurbe
1712 597 1771 650 ΒίιΙ
