1909 3228
299 741 397 786 167
454 755 522 789 τες
550 737 630 794 τήν
658 738 841 794 Κύρνον
878 739 1032 781 ἔπλεον
1073 738 1114 788 ἐς
1141 737 1323 793 Ῥήγιον.

124 808 181 834 Ena
197 807 245 841 qni
263 806 342 833 bello
351 814 399 832 ca-

123 842 176 876 ιιι
194 839 341 875 lapidibus
351 840 401 866 ob-

123 875 184 902 ruti
236 883 252 909 ι
246 873 401 908 onerum

450 237 535 277 368

842 233 1308 272 HERODOTI

454 355 534 400 σφι
562 347 661 400 νῆες
690 341 1010 399 διεφθάρησαν·
1044 343 1090 385 αἴ
1120 343 1164 385 δὲ
1194 343 1328 386 ε’ίκοσι
1357 344 1402 386 αἱ
1431 343 1759 399 περιεοῦσαι,4ο

449 418 561 480 ἦσαν
599 422 801 478 ἄχρηστοι
814 438 821 445 ·

872 419 1176 477 ἀπεστράφατο
1214 420 1297 476 γὰρ
1337 421 1442 472 τούς
1477 422 1702 478 ἐμβόλους.

422 499 807 551 ὅκαταπλώσαντες
847 500 892 544 δὲ
934 500 977 551 ἐς
1015 499 1093 556 τὴν
1126 498 1346 555 Ἀλαλίην,
1403 497 1615 557 ἀνέλαβον
1651 500 1702 544 vc}

449 584 577 625 τέκνα
606 579 679 623 καὶ
707 577 785 630 τοὶς
812 584 1046 634 γυναῖκας,
1077 579 1149 622 καὶ
1179 577 1256 635 τὴν
1276 576 1409 634 ἄλλην
1430 583 1579 635 κτῆσιν
1597 579 1706 635 ὅσην

450 657 540 703 οἷαί
564 675 609 702 τε
638 657 832 714 ἐγίνοντο
863 659 909 701 αἱ
929 658 1027 714 νῆές
1046 669 1125 714 σφι
1151 656 1290 713 ἄγειν
1323 658 1395 701 καὶ
1415 658 1556 701 ἔπειτα
1578 656 1707 713 ἀφέν-

1387 740 1487 779 Τῶν
1526 735 1570 779 δὲ
1614 738 1763 779 δια-45

458 816 736 875 φθαρεισέων
762 821 875 862 νεῶν
902 817 1006 869 τούς
1035 815 1221 873 ἄνδρας,
1268 818 1316 861 οῖ’
1338 833 1382 860 τε
1412 815 1710 874 Καρχηδόνιοι

400 1028 454 1067 12
475 1029 511 1063 et
528 1025 696 1075 Excerpt.
716 1022 795 1061 libri
806 1022 913 1061 XXII
935 1024 1002 1073 (T.
1013 1023 1047 1061 ΙΙ

397 1095 435 1133 p.
458 1080 572 1130 495).
634 1081 700 1119 Cr.
722 1081 843 1118 addit:
872 1079 976 1128 „Ast.
1000 1081 1047 1117 ad

400 1138 540 1175 Platon.
561 1138 608 1175 de
627 1137 747 1185 Legg.
763 1136 802 1184 Ι,
825 1139 872 1177 11
897 1136 1047 1187 pag.65

398 1198 435 1231 et
456 1194 574 1231 Schol.
597 1193 744 1231 Aristid.
775 1206 860 1243 pag.
880 1195 959 1234 188
990 1193 1047 1231 ed.

395 1249 619 1288 Frommel.“
639 1251 743 1288 Bene
764 1254 943 1297 caeterum
955 1248 1049 1286 Lar-

396 1307 522 1344 cherus
550 1311 697 1354 monet,
733 1306 827 1343 hanc
863 1306 1049 1342 victoriam

395 1375 469 1399 non
488 1363 781 1400 confundendam
801 1375 880 1400 esse
902 1375 978 1399 cum
993 1375 1049 1408 ea,

396 1431 506 1468 quam
553 1419 805 1456 Phocaeenses
850 1417 1049 1455 Massiliam

395 1475 592 1511 condentes
626 1476 672 1512 de
692 1474 1049 1522 Carthaginiensibus

394 1534 601 1579 reportasse
613 1530 847 1577 Thucydides
869 1530 1000 1566 scribat
1019 1528 1048 1574 l,

403 1588 468 1626 13.
526 1585 625 1623 Nam
646 1585 846 1622 Massiliam
869 1585 1050 1622 conditam

401 1655 482 1680 esse
503 1646 587 1679 ante
607 1641 694 1679 haec
718 1646 881 1691 tempora
895 1642 960 1688 (de
972 1641 1051 1688 qui-

402 1698 467 1734 bus
490 1697 547 1735 hic
565 1698 702 1745 agitur)
733 1698 959 1745 sexagesimo
975 1698 1052 1732 sere

399 1766 508 1790 anno.
549 1754 659 1796 Quod
678 1754 707 1789 si
728 1765 850 1789 verum
870 1756 948 1798 est,
977 1763 1052 1787 non

399 1809 607 1856 mirum‚hic
627 1808 694 1845 loci
715 1808 848 1845 nullam
863 1807 1050 1844 fierimen-

400 1866 535 1903 tionem
565 1865 726 1902 coloniae
757 1876 779 1900 a
808 1862 1050 1900 Phocaeensi-

400 1922 467 1958 bus
507 1920 705 1957 Massiliam
738 1920 936 1966 deductae,
984 1931 1051 1956 nec

400 1978 487 2014 illud
505 1978 581 2014 iure
608 1977 769 2024 mireris,
798 1976 1048 2012 Phocaeenses

401 2033 520 2085 patria
538 2033 660 2070 relicta
678 2046 751 2069 non
772 2033 819 2069 ad
845 2045 929 2068 suos
948 2031 1050 2067 Mas-

401 2090 585 2137 silienses,
604 2102 726 2127 verum
747 2088 818 2125 alio
840 2101 878 2124 se
901 2100 1050 2125 conver-

398 2146 507 2193 tisse,
556 2158 667 2195 quum
706 2145 742 2182 hi
779 2144 885 2182 arctis
918 2143 1048 2180 finibus

398 2202 531 2240 suerint
553 2202 670 2239 adhuc
695 2200 839 2248 inclusi,
869 2199 1049 2237 barbaris-

399 2272 471 2309 que
494 2259 660 2307 gentibus
678 2258 793 2294 cincti.
843 2256 963 2300 Quum
986 2268 1048 2292 ve-

399 2328 440 2352 ro
462 2314 554 2362 sint,
583 2314 644 2363 qui
660 2313 726 2350 hac
744 2313 932 2350 occasione
948 2311 1049 2348 Mas-

400 2370 515 2408 siliam
551 2383 573 2407 a
607 2369 896 2407 Phocaeensibus
923 2368 1049 2404 condi-

399 2431 474 2464 tam
503 2430 668 2473 narrent,
706 2430 746 2462 ut
772 2425 970 2462 Pausanias
1000 2422 1048 2469 X,

400 2486 440 2525 8.
468 2481 646 2520 Ammian.
680 2481 879 2519 Marcellin.
907 2479 988 2525 XV,
1009 2481 1049 2525 9,

402 2552 466 2577 eos
499 2543 536 2577 et
552 2543 718 2589 tempora
745 2542 781 2576 et
809 2550 865 2575 res
889 2536 1048 2573 diversas

402 2596 526 2644 utique
562 2594 812 2645 permiscuisse
846 2605 941 2629 nunc
977 2595 1051 2627 sta-

402 2655 517 2687 tuunt.
550 2651 649 2689 Nam
677 2650 734 2686 vix
761 2648 949 2694 credibile,
970 2647 1049 2684 He-

404 2707 573 2744 rodotum
597 2706 799 2743 huiusmodi
818 2719 874 2743 res
894 2708 968 2741 tam
992 2715 1052 2740 ac·-

404 2766 526 2799 curate
552 2767 588 2799 et
620 2763 780 2799 studiose
808 2762 1051 2809 indagantem,

406 2816 477 2852 tale
510 2818 597 2866 quid
625 2819 654 2854 si
681 2831 719 2854 re
750 2830 835 2855 vera
871 2816 1052 2862 acciderit,

408 2872 589 2920 omisisse,
618 2874 830 2924 praesertim
853 2873 915 2924 qui
943 2873 980 2911 in
1009 2883 1053 2910 ea

1113 1023 1239 1061 Italiae
1267 1027 1373 1073 parte
1405 1023 1484 1073 ipse
1514 1021 1575 1058 diu
1607 1033 1766 1059 commo-

1114 1084 1212 1117 ratus
1250 1079 1375 1126 fuerit‚
1424 1078 1485 1115 ubi
1515 1078 1765 1115 Phocaeenses

1116 1137 1199 1175 dein
1226 1135 1465 1173 consederint.
1525 1134 1633 1170 conf.
1652 1132 1767 1171 Dahl-

1116 1193 1239 1230 manni
1257 1192 1436 1229 Herodot.
1461 1204 1498 1241 p.
1523 1189 1614 1231 141.
1663 1189 1766 1227 Haec

1118 1250 1166 1287 ad
1195 1248 1376 1286 Herodoti
1415 1247 1533 1284 locum
1569 1246 1768 1291 sufficiant3

1117 1307 1164 1343 de
1184 1304 1382 1353 originibus
1402 1302 1587 1340 Massiliae
1607 1302 1705 1339 urbis
1727 1314 1767 1338 a-

1118 1362 1171 1399 liis
1195 1361 1395 1398 disserendi
1414 1360 1601 1409 negotium
1619 1358 1770 1408 permit-

1116 1419 1235 1454 timus.
1276 1416 1342 1455 Cr.
1364 1417 1505 1453 confert
1531 1415 1768 1451 Iohannsen.:

1116 1474 1258 1510 Veteris
1275 1472 1457 1509 Massiliae
1475 1484 1532 1508 res
1554 1475 1590 1507 ct
1608 1470 1770 1506 instituta.

1118 1528 1256 1575 (Kiliae
1278 1530 1404 1576 1817)
1424 1540 1508 1577 pag.
1525 1529 1573 1566 10
1594 1539 1685 1575 seq„
1707 1525 1769 1574 qui

1116 1590 1237 1622 tamen
1255 1585 1333 1634 ipse
1355 1583 1526 1620 nonsatis
1550 1583 1595 1619 ab
1615 1582 1673 1619 illa
1683 1594 1770 1619 con-

1118 1642 1258 1678 fusione
1272 1642 1335 1677 sibi
1351 1654 1376 1677 c·
1371 1654 1405 1675 u
1417 1640 1485 1676 isse
1498 1638 1649 1686 videtur,
1661 1651 1768 1688 quam

1119 1711 1216 1747 supr·
1207 1712 1227 1733 ι
1250 1696 1465 1733 notaximus

1177 1746 1563 1818 ἀπεστράφατο]
1580 1748 1771 1787 MaleMe-

1119 1808 1240 1845 diceus
1263 1803 1553 1858 ἐπεστρέφετο
1609 1806 1718 1843 Cons.
1741 1805 1770 1853 Ι,

1120 1862 1212 1904 141.
1227 1886 1282 1891 ——
1303 1863 1392 1900 Mox
1422 1876 1489 1913 pro
1517 1861 1702 1911 vulgato'
1685 1860 1771 1914 εγέ-

1116 1934 1233 1959 νοντο
1256 1933 1335 1957 cum
1355 1923 1503 1957 recentt.
1538 1932 1558 1956 e
1577 1918 1772 1956 Schellers-

1115 1977 1283 2014 hemiano
1309 1976 1434 2026 scripsi
1465 1974 1506 2026 ἐγ
1519 1974 1533 2013 ι’
1546 1989 1672 2014 νοντο.
1691 1975 1771 2012 Ob-

1115 2033 1275 2082 loquitur
1313 2044 1439 2070 censor
1467 2032 1503 2068 in
1533 2031 1686 2081 Ephem.
1713 2030 1771 2068 Ie-

1117 2102 1237 2127 nenss.
1261 2091 1367 2130 1817
1389 2101 1443 2124 nr.
1468 2087 1548 2128 164
1568 2099 1654 2137 pag.
1674 2089 1768 2128 373.

1172 2139 1496 2188 καταπλώσαντες
1516 2163 1572 2170 —
1596 2138 1769 2181 οἷνέλα-

1117 2201 1142 2252 β
1156 2216 1174 2239 ο
1187 2200 1236 2250 ν]
1271 2196 1568 2249 ἐπιλαμβάνειν
1589 2198 1655 2235 hac
1673 2199 1708 2235 in
1729 2212 1768 2237 re

1114 2257 1301 2307 proprium
1320 2260 1423 2292 notat
1435 2254 1599 2292 Siebelis.
1617 2255 1664 2291 ad
1674 2254 1769 2292 Pau-

1117 2326 1193 2349 san.
1224 2312 1262 2359 Ι,
1293 2311 1318 2352 4
1357 2309 1393 2361 ἓ.
1415 2313 1459 2358 3,
1496 2312 1558 2360 qui
1587 2310 1767 2349 Herodoti

1115 2368 1315 2405 orationem
1338 2368 1498 2404 imitatus
1528 2371 1594 2405 est.

1285 2451 1395 2502 Cap.
1426 2450 1610 2489 CLXVII.

1172 2536 1251 2573 τῶν
1281 2533 1323 2574 δὲ
1355 2534 1675 2587 διαφθαρεισέων
1705 2551 1769 2576 νε-

1119 2606 1177 2630 ων
1204 2588 1297 2638 τούς
1324 2588 1492 2644 ἄνδρας,
1527 2591 1569 2630 οἴ
1595 2607 1635 2631 τε
1659 2595 1770 2645 Καρ-

1117 2643 1297 2698 χηδόνιοι
1317 2663 1352 2686 κ.
1370 2663 1402 2686 τ.
1424 2648 1478 2697 λ.]
1506 2647 1644 2686 Locum
1659 2651 1769 2687 modo

1118 2705 1331 2742 mendosum
1352 2709 1640 2754 suspectumque,
1659 2706 1768 2742 modo

1118 2760 1326 2797 lacunosum
1351 2761 1554 2798 habuerunt
1574 2762 1637 2797 viri
1659 2762 1767 2798 docti,

1121 2817 1260 2859 Quibus
1288 2817 1397 2854 multo
1428 2816 1554 2854 melius
1583 2817 1768 2865 Schweig-

1119 2872 1336 2922 haeuserus‚
1374 2867 1506 2912 αὐτῶν
1533 2872 1581 2910 ad
1606 2872 1766 2910 Phocae-
