1909 3228
622 229 1044 268 EUTERPE.
1095 229 1139 267 11.

1415 231 1500 271 605

242 337 544 396 Σαμοθρὴῖκες
584 339 845 383 ἐπιτελέουσι
883 337 1210 394 παραλαβόντες
1252 338 1370 392 παρὰ
1411 342 1497 382 Πε-

208 422 441 473 4λασγών,
496 413 625 470 οὗτος
663 416 780 474 ὡνὴρ
820 415 911 462 οἶδε
953 419 1001 462 το“
1033 420 1153 474 λέγω.
1183 417 1262 474 τὴν
1291 417 1373 474 γὰρ
1404 422 1497 461 Σα-

238 500 485 554 μοθρηΐκην
516 500 660 541 οἴκεον
690 497 903 553 πρότερον
933 499 1148 553 Πελασγοὶ
1180 493 1324 549 οὗτοι,
1357 498 1404 540 οἵ
1417 513 1497 553 περ

236 574 501 632 Ἀθηναίοισι
541 576 739 621 σύνοικοι
777 577 1003 632 ἐγένοντο,
1062 578 1134 621 καὶ
1173 577 1290 632 παρὰ
1329 576 1497 620 τούτων

210 655 547 711 5Σαμοθρήϊκες
576 656 627 699 τά
658 655 783 710 ὄργια
821 655 1226 711 παραλαμβάνουσι.
1285 655 1400 711 ὀρθοὶ
1431 651 1494 699 ὦν
1554 664 1633 703 129

239 736 348 791 ἔχειν
384 736 436 779 τοὶ
467 737 611 780 αἰδοῖα
643 734 894 792 τάγάλματα
930 740 1011 779 τοῦ
1051 735 1233 790 Ἑρμέω,
1272 735 1525 792 ἈθηναῖοιΞ

238 820 406 870 πρῶτοι
422 813 661 870 Ἑλλήνων,
692 815 905 870 μαθόντες
924 814 1041 870 παρὰ
1064 819 1316 870 Πελασγῶν,
1347 813 1496 871 ἐποιή-

211 904 392 938 Οσαντο.
446 896 488 938 οἱ
519 894 564 938 δὲ
597 895 816 950 Πελασγοὶ
855 894 954 951 ἵρόν
990 912 1087 939 τινα
1126 893 1259 951 λόγον
1286 895 1385 950 περὶ
1416 891 1496 938 αὗ-

179 1081 310 1130 quibus
332 1081 511 1117 initiatum
531 1081 643 1118 fuisse
660 1080 831 1118 historiae

178 1142 319 1187 patrem
353 1137 466 1174 multa
486 1142 651 1185 arguunt.
688 1138 764 1174 Sed
783 1138 830 1174 de

180 1192 318 1230 cabiris
340 1194 426 1243 ipsis
447 1194 480 1230 h.
506 1193 528 1229 l.
548 1206 658 1241 agere
673 1206 746 1230 non
767 1206 831 1229 va-

180 1254 246 1286 cat.
295 1249 355 1286 Tu
375 1250 446 1286 vid.
469 1251 600 1286 Creuz.
624 1251 658 1286 in
675 1249 829 1298 Dionys.

179 1319 215 1355 p.
231 1305 308 1346 149
332 1319 433 1355 seqq.
464 1306 627 1353 Symbol,
648 1306 677 1342 ll
697 1308 828 1355 1).318

178 1374 281 1410 seqq.
311 1362 506 1410 Schelling.
521 1363 566 1399 de
585 1362 829 1399 Samothrace.

178 1423 324 1467 myster.
348 1431 432 1466 pag.
451 1421 505 1459 97
526 1431 629 1466 seqq.
653 1420 730 1458 107
747 1430 828 1465 sqq.

179 1474 252 1517 Qui
270 1473 334 1509 viri
354 1474 449 1510 docti
468 1474 556 1510 haec
575 1486 676 1510 sacra
697 1486 741 1510 ex
759 1473 830 1509 ori-

178 1529 356 1568 entalibus
378 1529 612 1579 religionibus
630 1530 831 1578 repetenda

179 1599 260 1624 esse
286 1587 430 1623 docent.
488 1585 571 1622 Alia
601 1586 643 1622 C.
668 1586 714 1622 O.
737 1585 832 1622 Mill-

177 1643 240 1680 ler.
260 1642 388 1691 (quem
409 1642 475 1679 Cr.
498 1643 586 1679 citat
606 1643 653 1679 ad
672 1643 704 1678 h.
726 1641 769 1690 l.)
792 1644 829 1679 in

179 1699 396 1736 Orchomen.
421 1711 507 1749 pag.
530 1699 624 1740 439.
644 1698 726 1740 450
745 1711 828 1748 sqq.

179 1755 261 1796 462
284 1768 359 1803 seq.
788 1799 790 1802 ,

236 1810 278 1849 οἵ
307 1825 380 1861 περ
407 1804 679 1859 Ἀθηναίοισι]
710 1809 828 1858 Vulgo

179 1866 338 1916 τοίπερ
362 1895 372 1913 ,
422 1867 520 1913 quod
560 1879 640 1902 cum
681 1870 830 1915 respuat

179 1928 351 1960 constans
385 1921 564 1958 Herodoti
592 1935 676 1958 usus
706 1921 829 1958 melio-

178 1992 257 2015 rum
295 1978 465 2014 librorum
497 1978 711 2015 auctoritate
749 1991 829 2014 cum

178 2035 309 2072 Struve
327 2035 498 2082 (Quaest.
525 2034 571 2070 de
592 2033 676 2070 dial.
691 2034 830 2070 Herod.

178 2104 214 2141 p.
241 2092 311 2138 10)
347 2091 493 2139 reposui
516 2089 568 2128 οἵ
590 2104 674 2140 περ.
703 2110 760 2116 -
790 2091 830 2127 In

179 2160 282 2196 seqq.
315 2147 400 2183 dedi
425 2159 503 2182 cum
536 2146 651 2183 Gaisf.
677 2141 829 2195 μαθόν-

178 2218 240 2249 τες
261 2199 367 2253 παροῖ
390 2204 606 2252 Πελασγῶν
621 2232 631 2249 ,
650 2216 729 2239 curn
752 2201 828 2238 vul-

178 2273 226 2309 go
253 2264 351 2296 esset
372 2255 480 2309 παρα
510 2260 603 2296 Πελ.
623 2254 827 2307 μαθόντες.

235 2314 276 2354 οἱ
312 2312 354 2354 δὲ
387 2314 585 2366 Πελασγοὶ
615 2310 701 2365 ἱρόν
740 2330 828 2353 τινα

179 2366 299 2421 λόγον
317 2370 405 2421 περὶ
427 2366 553 2409 αὐτοῦ
574 2370 706 2418 ἔλεξαν
736 2386 769 2411 κ.
793 2386 826 2409 τ.

179 2425 231 2476 λ.]
261 2427 439 2476 Exposuit
458 2427 546 2464 haec
558 2428 687 2464 Creuz.
708 2429 754 2464 ad
766 2428 829 2464 Ci-

181 2495 249 2519 cer.
270 2484 315 2519 de
334 2487 406 2519 nat.
420 2483 518 2520 deor.
532 2483 595 2530 Ill,
608 2487 661 2524 22
679 2497 713 2532 p.
726 2484 826 2524 605:

180 2537 385 2585 „Videlicet
406 2539 606 2576 Mercurius
624 2539 828 2588 ithyphalli-

180 2607 243 2630 cus
276 2598 332 2631 est
359 2595 449 2631 ratio
477 2594 654 2631 seminalis
683 2599 719 2632 et
735 2596 826 2632 effe-

181 2650 292 2696 ctrix,
321 2663 399 2686 cum
431 2651 666 2698 generatione
695 2663 826 2699 rerum,

178 2704 381 2755 plantarum
395 2733 406 2751 ,
426 2705 631 2742 animalium
647 2706 708 2743 rel.
721 2734 731 2752 ,
750 2711 826 2744 tum

179 2761 399 2809 cogitatione
416 2766 452 2799 et
466 2761 620 2810 loquela.
667 2761 707 2797 In
725 2767 827 2799 utro-

178 2817 231 2853 vis
259 2818 408 2865 negotio
440 2816 640 2854 Mercurius
676 2818 823 2855 effectas

177 2877 341 2923 praestat
351 2886 531 2925 perennes
552 2886 672 2911 rerum
688 2874 820 2912 formas

899 1094 928 1117 s.
944 1080 1056 1117 ideas.
1115 1079 1191 1116 lam
1208 1079 1297 1117 haec
1321 1079 1413 1116 ratio
1444 1078 1553 1117 semi-

899 1136 989 1173 nalis
1020 1140 1057 1173 et
1094 1137 1252 1173 effectrix
1288 1136 1455 1172 adsciscit
1486 1135 1552 1171 sibi

897 1194 1074 1230 rationem
1109 1192 1342 1242 receptricem
1381 1198 1415 1229 et
1439 1205 1553 1240 gene-

896 1249 1073 1285 ratricem.
1134 1248 1197 1286 llle
1228 1253 1285 1285 est
1320 1262 1411 1284 mas.-
1463 1249 1553 1285 haec

890 1305 1051 1355 femiam
1071 1305 1130 1342 ille
1142 1305 1215 1341 sol.-
1238 1305 1326 1342 haec
1345 1305 1439 1341 luna.
1460 1304 1553 1341 Ver-

898 1375 946 1398 no
974 1367 1094 1398 autem
1115 1365 1299 1411 tempore,
1329 1374 1400 1409 quo
1422 1364 1552 1397 natura

898 1417 1018 1453 denuo
1037 1421 1228 1464 vegetatur
1241 1421 1277 1453 et
1297 1417 1452 1453 fecunda
1467 1417 1552 1453 red-

898 1473 1015 1518 ditur,
1045 1472 1099 1508 sol
1130 1472 1250 1508 lunam
1283 1472 1411 1508 dicitur
1440 1485 1552 1520 vege-

898 1533 975 1565 tare
998 1533 1033 1566 et
1054 1528 1202 1578 implere
1228 1528 1426 1565 rationibus
1447 1529 1553 1565 semi-

898 1584 1062 1631 nalibus,
1094 1585 1224 1634 quibus
1259 1597 1302 1621 ea
1334 1598 1456 1621 rursus
1485 1585 1551 1621 im-

897 1641 972 1691 plet
1003 1647 1145 1679 terrain.
1213 1640 1380 1689 „„Nam
1409 1640 1553 1678 Mercu-

896 1699 989 1734 rium
1009 1699 1045 1734 in
1063 1697 1147 1734 luna
1157 1697 1310 1735 locatum
1332 1697 1550 1745 schulautur,

898 1754 983 1802 quia
1000 1767 1093 1802 quae
1112 1754 1196 1790 luna
1213 1754 1323 1791 efficit
1335 1782 1345 1800 ,
1378 1766 1421 1791 ea
1438 1754 1552 1790 ratio-

897 1810 953 1845 nis
985 1822 1026 1845 ac
1058 1810 1258 1858 sapientiae
1287 1823 1435 1858 operum
1467 1813 1551 1846 sunt

899 1865 1106 1911 siinilia,““
1146 1866 1231 1902 dicit
1260 1865 1470 1902 Plutarchus
1502 1866 1549 1902 de

896 1921 982 1957 Isid.
1009 1925 1045 1957 et
1065 1921 1161 1957 Osir.
1195 1934 1230 1970 p.
1251 1924 1357 1967 367,
1384 1921 1429 1957 D.
1487 1921 1548 1958 De

896 1978 988 2014 facie
1005 1977 1042 2013 in
1059 1978 1133 2013 orb.
1154 1977 1226 2013 lun.
1246 1977 1386 2027 p.943,
1399 1977 1440 2013 Β.
1473 1977 1548 2026 lgi-

897 2037 956 2069 tur
976 2034 1028 2069 vis
1052 2037 1228 2081 vegetans
1259 2038 1297 2070 et
1328 2034 1419 2069 ratio
1437 2034 1548 2070 semi-

897 2089 987 2125 nalis
1007 2089 1092 2125 solis
1114 2094 1191 2136 est,
1222 2094 1257 2126 et
1275 2090 1450 2138 quidquid
1470 2090 1545 2126 eius

895 2146 1042 2181 rationis
1062 2145 1169 2182 lunae
1204 2145 1425 2195 impertitur,
1456 2146 1492 2182 id
1513 2146 1548 2183 ei

895 2213 916 2238 a
950 2201 1024 2238 sole
1052 2201 1268 2251 impertitum
1300 2214 1380 2238 csse
1409 2202 1547 2250 signifi-

895 2262 1004 2294 catur.
1043 2258 1157 2306 Igitur
1176 2258 1324 2294 rationis
1348 2259 1441 2294 facta
1462 2271 1547 2307 par-

894 2314 1008 2363 ticeps
1037 2313 1122 2350 luna
1149 2315 1419 2362 quodammodo
1445 2314 1546 2351 Mer-

895 2369 1034 2406 curialis
1051 2370 1234 2416 redditur,
1257 2375 1431 2418 quatenus
1452 2383 1545 2418 quae

895 2426 932 2462 in
963 2426 1038 2463 sole
1066 2427 1160 2462 inest
1192 2427 1283 2462 ratio
1311 2426 1493 2462 seminalis
1524 2439 1546 2463 a

895 2482 1076 2518 Mercurio
1102 2483 1264 2532 profecta
1286 2482 1422 2518 dicitur.
1469 2482 1545 2520 lam

895 2538 1059 2574 Plotinus
1076 2567 1087 2585 ,
1117 2537 1178 2586 qui
1203 2538 1420 2574 Mercurium
1450 2552 1544 2575 sem-

894 2607 961 2644 per
990 2595 1178 2631 excitatum
1205 2594 1319 2643 (pag.
1341 2597 1417 2635 321
1444 2607 1542 2643 seq.:

892 2648 1041 2701 Ἑρμῆν
1059 2647 1129 2699 μὲν
1148 2651 1310 2688 ποιοῦσι
1329 2647 1394 2688 τὸν
1411 2645 1542 2701 ἀρχαῖ-

895 2721 941 2744 ον
961 2703 1030 2744 τόν
1041 2708 1110 2755 τῆς
1128 2701 1348 2757 γεννήσεως
1367 2703 1539 2757 ὄργανον

893 2757 956 2800 αἐὶ
978 2760 1113 2812 ἔχοντα
1133 2759 1233 2811 πρός
1254 2760 1456 2813 ἐργασίαν)
1476 2776 1540 2799 ex-

891 2818 1014 2865 hibet,
1043 2818 1172 2868 accipit
1191 2831 1270 2855 eum
1289 2819 1450 2856 universe
1470 2832 1538 2868 pro

889 2873 1029 2912 ratione
1050 2873 1211 2912 seminali
1230 2874 1336 2924 eique
1356 2875 1449 2913 adeo
1470 2888 1538 2926 op-
