1877 3223
449 282 506 322 84
860 275 1325 316 HERODOTI

429 386 680 441 5,,τούτων,
706 388 838 444 χίλιαι
863 386 1141 443 πεντήκοντα.
1179 384 1368 428 τουτέων
1401 387 1486 426 τῶν
1522 380 1725 426 ἁπασέων
1786 397 1837 438 15

453 465 683 522 ,,ἡμερέων,
712 471 800 510 τῶν
818 467 860 518 ἐς
877 465 928 509 τοὶ
951 463 1248 521 ἑβδομήκοντα
1261 464 1352 505 ἔτεα
1369 461 1557 505 ἐουσέων
1575 459 1749 517 manvi-2

451 562 620 596 „uovw
649 545 722 589 καὶ
751 547 986 602 διηκοσίων
1015 544 1089 587 καὶ
1129 541 1441 596 ἑξακισχιλιέων
1476 539 1549 583 καὶ
1583 542 1729 594 δισμυ-

455 624 640 680 ,,ριέων,
667 621 696 680 ἡ
724 623 845 681 ἑτέρη
877 622 1042 668 αὐτέων
1061 625 1115 678 τῇ
1140 620 1261 677 ἑτέρῃ
1285 618 1421 676 ἡμέρῃ
1449 618 1497 662 τὸ
1524 618 1729 673 παράπαν

431 716 478 756 6,,
489 702 618 747 οὐδὲν
638 701 795 758 ὁμοῖον
813 701 1024 759 προσάγει
1043 704 1228 756 πρῆγμα.
1260 698 1374 743 οὕτω
1397 694 1472 752 ὧν,
1501 693 1534 741 ὦ
1554 699 1754 750 Κροῖσε,5

433 795 481 834 7,,
493 785 582 824 πᾶν
599 779 687 824 ἐστι
697 779 931 837 ἄνθρωπος
944 779 1164 837 συμφορή.
1188 779 1282 835 ἐμοὶ
1296 779 1340 823 δὲ
1354 780 1408 822 σύ
1419 777 1492 821 καὶ
1512 777 1734 820 πλουτέειν

456 860 570 916 ,,μ“εν
610 859 717 916 μέγα
755 860 952 915 φαίνεαι,
991 860 1064 903 καὶ
1093 858 1293 915 βασιλεύς
1323 857 1434 901 εἶναι
1464 860 1636 900 πολλῶν
1665 853 1736 897 ἄν·

457 937 701 994 ,,θρω’πων·
731 938 867 981 ἐκεῖνο
898 937 943 981 δὲ
967 936 1015 981 τὸ
1046 937 1158 992 εἴρεό
1188 954 1251 993 με,
1283 937 1399 980 οὔκω
1430 948 1475 979 σε
1503 934 1582 990 ἐγώ
1612 932 1736 989 λέγω,

459 1016 598 1071 »πρὶν
636 1015 692 1060 ἂν
726 1015 1034 1073 τελευτήσαντα
1072 1019 1214 1066 καλῶς
1242 1015 1318 1059 τὸν
1347 1016 1485 1057 αἰῶνα
1513 1011 1737 1068 πύθωμαι.

439 1095 551 1150 3,,οὐ
575 1094 659 1152 γάρ
688 1111 757 1139 τοι
786 1094 810 1140 ὁ
838 1095 946 1151 μέγα
974 1093 1185 1145 πλούσιος
1202 1098 1370 1151 μᾶλλον
1389 1096 1469 1136 τοῦ
1489 1090 1549 1135 ἐπ’
1577 1088 1786 1146 ἡμέρηνιο

463 1207 488 1227 ,,
501 1174 671 1231 ἔχοντος
699 1173 957 1230 ὀλβιώτερός
988 1174 1090 1219 ἐστι.
1119 1175 1157 1217 εἰ
1195 1171 1253 1230 μή
1291 1173 1333 1216 οἱ
1369 1169 1475 1228 τύχη
1504 1170 1741 1222 ἐπίσποιτο,

466 1253 645 1306 »πάντα
681 1253 794 1299 καλὰ
831 1254 984 1310 ἔχοντα
1021 1256 1269 1310 τελευτῆσαι
1309 1246 1359 1296 εὖ
1387 1250 1466 1295 τόν
1493 1251 1605 1307 βίον.
1635 1253 1744 1294 πολ-

481 1457 564 1494 πᾶν
602 1453 683 1494 ἔστι
724 1450 943 1505 ἅνθρωπος
977 1464 1073 1504 συμ-

429 1508 561 1562 φορή]
590 1511 614 1548 ἰ.
638 1524 668 1548 e.
691 1539 715 1557 „
729 1510 824 1547 homo
842 1513 992 1560 quantus
1012 1513 1074 1556 est,

422 1568 594 1619 fortunae
620 1568 757 1605 casibus
794 1570 843 1603 est
874 1567 1076 1603 obnoxius“

429 1627 470 1660 nt
507 1627 604 1661 recte
642 1623 747 1661 vertit
776 1622 940 1672 Schwgh.
997 1623 1078 1660 Nee

431 1679 534 1717 aliter
562 1679 757 1717 Matthiae:
787 1678 872 1726 „uil
902 1681 973 1715 nisi
994 1678 1077 1729 for-

432 1739 540 1772 tunae
567 1736 781 1786 expositus.“
838 1734 879 1771 In
906 1748 977 1784 qua
1006 1736 1081 1771 for-

433 1791 529 1829 mula
567 1790 762 1840 legitimum
801 1804 883 1828 esse
914 1795 1079 1828 neutrum

436 1849 517 1886 πᾶν
562 1848 759 1896 (quoniam
795 1848 918 1893 suere,
956 1847 1081 1896 quiin

436 1905 516 1949 πᾶς
536 1907 710 1940 mutatum
720 1901 884 1951 vellent),
901 1903 995 1940 idem
1016 1915 1081 1939 an-

438 1962 563 2006 notat,
613 1958 830 2008 Sophoclem
866 1958 1016 1994 laudans
1045 1959 1083 1994 in

440 2015 624 2053 Philoctet.
646 2017 749 2055 902:
775 2009 930 2052 ἅπαντα
951 2012 1083 2064 δυσχέ-

443 2085 527 2123 ρεια
557 2074 593 2108 et
624 2069 793 2107 Passow:
833 2070 921 2107 iiber
949 2069 1085 2107 Zweck

444 2126 578 2176 griech.
599 2125 848 2162 Worterbiich.
865 2139 899 2176 p.
922 2129 986 2167 73.
1044 2126 1086 2162 In

446 2183 604 2220 Gramm.
617 2182 682 2218 Gr.
694 2180 730 2233 ς.
743 2181 823 2222 437
834 2178 908 2217 not.
921 2183 947 2222 3
957 2195 992 2231 p.
1005 2183 1086 2222 818

446 2241 527 2278 πᾶν
559 2238 694 2275 mavult
732 2238 783 2274 ita
818 2237 1011 2288 explicare,
1049 2240 1090 2273 ut

447 2308 514 2345 pro
535 2294 703 2331 adverbio
728 2293 887 2344 positum
912 2294 1086 2330 videatur.

450 2346 691 2400 συμφορή
720 2349 884 2386 hocloco
913 2352 1090 2385 nontam

450 2406 498 2443 de
522 2406 742 2452 calamitate,
772 2409 811 2441 ut
831 2405 935 2442 homo
947 2405 1089 2440 omnino

451 2460 634 2499 calamitas
654 2474 685 2498 s,
699 2461 923 2497 calamitosus
944 2462 1092 2507 dicatur,

452 2529 546 2566 quae
567 2517 796 2565 Wesselingii
823 2521 878 2554 est
904 2517 1092 2562 sententia,

454 2585 561 2621 quam
582 2573 628 2609 de
653 2573 795 2609 fortuna
825 2573 973 2622 eiusque
989 2573 1093 2608 vicis-

454 2629 666 2665 situdinibus
703 2629 975 2677 intelligendum
1014 2640 1095 2665 esse

456 2688 492 2721 et
509 2684 589 2734 ipsa
605 2684 750 2723 voculae
767 2685 865 2721 notio
883 2690 918 2723 et
930 2684 1096 2722 universa

455 2739 559 2777 huius
577 2740 644 2776 loci
664 2741 754 2777 ratio
774 2742 861 2778 satis
887 2742 1017 2779 docere
1042 2739 1094 2775 vi-

457 2796 572 2833 detur.
629 2796 724 2833 Hinc
764 2796 940 2834 Plutarch.
969 2797 1005 2833 in
1034 2796 1094 2831 vit.

458 2851 584 2888 Solon.
610 2864 646 2900 p.
669 2851 735 2899 94,
752 2851 797 2890 B.
823 2853 866 2890 C.
886 2867 915 2890 c.
935 2856 989 2894 27
1014 2851 1097 2888 red-

460 2906 552 2944 didit
580 2903 746 2958 τύχην.
804 2908 1002 2958 Comparat
1028 2907 1096 2945 Cr.

1139 1451 1279 1490 Platon.
1302 1451 1348 1489 de
1357 1449 1477 1500 Legg.
1495 1450 1548 1488 IV
1567 1464 1604 1501 p.
1626 1452 1723 1498 709,
1743 1447 1789 1497 A,

1141 1509 1202 1559 qui
1223 1513 1417 1559 postquam
1442 1508 1580 1544 dixerat
1611 1503 1724 1557 τύχαι
1747 1503 1790 1545 δὲ

1142 1564 1210 1604 καὶ
1246 1562 1452 1616 συμφοραὶ
1502 1567 1689 1602 παντοῖαι
1728 1562 1792 1601 πί·

1142 1632 1311 1661 πτουσαι
1369 1620 1567 1666 παντοίως
1621 1623 1791 1670 νομοθε-

1143 1679 1259 1717 τοῦσι
1290 1673 1337 1714 τοὶ
1376 1672 1506 1715 πάντα
1543 1674 1663 1727 ἡμῖν,
1704 1676 1792 1712 haec

1144 1733 1254 1785 paulo
1278 1734 1425 1770 inferius
1459 1733 1582 1779 addit,
1622 1744 1714 1781 quae
1744 1732 1792 1768 ad

1144 1790 1326 1827 Herodoti
1355 1790 1466 1826 verba
1496 1788 1705 1825 illustranda
1713 1800 1793 1847 ..ap-

1146 1846 1260 1896 prime
1298 1846 1451 1882 faciunt:
1498 1840 1648 1895 τύχας
1691 1840 1794 1883 εἶναι

1149 1897 1285 1952 σχεδον
1342 1897 1543 1940 ἅπαντα
1598 1915 1655 1940 τα
1709 1914 1793 1939 αν-

1148 1953 1393 2008 θρώπινα
1419 1970 1701 2009 πραγματα,
1714 1956 1793 1995 coll.

1148 2013 1317 2064 Epinom.
1333 2027 1369 2064 p.
1388 2016 1482 2061 973,
1501 2014 1544 2051 C.

1208 2068 1333 2109 έκεῖνο
1374 2067 1416 2108 δὲ
1461 2067 1513 2109 τό
1549 2063 1683 2121 εἴρεό
1716 2084 1742 2118 μ
1762 2060 1814 2118 e]x

1152 2125 1313 2175 DupllClS
1333 2126 1522 2162 acellSathl
1542 2131 1626 2175 POSt
1644 2126 1796 2162 Interso‘

1153 2182 1265 2229 gandi
1287 2182 1394 2218 verba
1413 2186 1589 2217 structura
1606 2194 1648 2218 ex
1666 2180 1798 2217 hoclo-

1155 2249 1198 2273 co
1246 2237 1426 2283 tenenda,
1481 2242 1624 2274 auctore
1663 2236 1794 2273 Matth.

1155 2290 1192 2342 ἓ.
1216 2291 1309 2338 417,
1328 2305 1347 2328 c
1377 2305 1412 2342 p.
1436 2293 1540 2339 764,
1570 2306 1677 2342 quem
1705 2293 1799 2329 bene

1155 2348 1329 2393 advertit,
1352 2349 1450 2397 quod
1464 2349 1564 2386 initio
1587 2348 1720 2385 huius
1711 2348 1799 2399 ipsi-

1154 2417 1197 2440 us
1227 2405 1352 2453 cipitis
1392 2404 1540 2452 legitur:
1586 2404 1799 2468 ἐπειρωτᾷς

1158 2475 1185 2510 μ
1198 2473 1213 2497 ε
1244 2455 1514 2510 ἅνθρωπηΐων
1558 2476 1660 2511 71:911>
1663 2473 1799 2511 ματων

1158 2514 1282 2566 πέρι.
1340 2516 1451 2553 Pwlo
1469 2521 1554 2567 post
1581 2518 1627 2554 de
1652 2517 1800 2554 locutio-

1159 2585 1205 2608 ne
1229 2574 1415 2621 μᾶλλον
1432 2568 1651 2623 -ολβιω
1664 2586 1800 2622 τερος

1161 2629 1205 2666 cf.
1228 2628 1262 2675 1,
1291 2630 1356 2669 31.
1386 2629 1514 2665 Matth.
1528 2627 1564 2680 ἓ
1577 2630 1702 2679 4581).
1717 2628 1798 2670 855

1162 2684 1257 2721 etde
1277 2685 1437 2721 infinitivi
1464 2698 1529 2721 usu
1549 2690 1633 2735 post
1652 2685 1801 2722 locutio-

1161 2752 1225 2776 nes
1238 2769 1248 2786 ,
1288 2753 1380 2789 quae
1407 2742 1601 2778 accuratius
1636 2740 1802 2791 explicari

1162 2796 1319 2833 debcant
1345 2792 1506 2844 (πάντα
1534 2793 1633 2836 καλοὶ
1665 2796 1800 2847 ἔχοντα

1161 2854 1489 2905 τελευτῆσαι)
1512 2854 1596 2891 ibid.
1621 2851 1800 2904 §·532,d

1161 2920 1197 2958 p.
1220 2908 1336 2950 1040.
