1909 3228
573 212 992 251 EUTERPE.
1051 212 1096 249 Ῐῐ.

1381 211 1465 251 589

186 329 245 374 ⁶2„
260 321 424 373 πάντας
454 322 589 377 σφέας
617 325 984 376 καταφονεῦσαι.“
1023 320 1141 375 Ἐμοὶ
1170 319 1249 376 μέν
1275 335 1359 362 νυν
1387 321 1462 363 δο-

212 401 382 452 κέουσι,
413 405 550 444 ταῦτα
581 401 795 456 λέγοντες,
827 404 902 455 τῆς
930 401 1179 456 Αἰγυπτίων
1209 396 1366 454 φύσιος
1389 399 1462 441 καὶ

182 484 301 523 3τῶν
327 480 474 534 νόμων
493 481 671 536 πάμπαν
701 478 886 533 ἀπείρως
919 479 1030 534 ἔχειν
1048 481 1091 522 οῖ
1108 477 1318 534 ’Έλληνες
1350 482 1463 520 τοῖσι
1474 484 1518 517 95

209 557 292 613 γὰρ
327 558 427 601 οὐδὲ
456 559 611 615 κτήνεα
642 559 738 613 ὁσίη
768 556 896 600 θύειν
927 557 1038 609 ἐστὶ,
1079 558 1208 613 χωρὶς
1236 555 1352 607 ὑῶν,
1391 556 1463 599 καὶ

210 637 398 691 ἐρσένων
426 641 544 693 βοῶν
571 638 643 680 καὶ
672 637 865 693 μόσχων,
905 636 1001 680 ὅσοι
1032 635 1087 679 ὂὲν
1116 637 1306 690 καθαροὶ
1349 636 1463 686 ἔωσι,

182 718 282 759 4καὶ
310 717 492 772 χηνέων,
532 721 618 767 κῶς
647 716 702 759 ἂν
733 711 856 759 οὗτοι
886 714 1152 769 ἀνθρώπους
1179 714 1353 764 &docem
1402 714 1464 758 ἔτι.

211 796 256 838 δὲ
285 795 361 837 ἕνα
391 795 516 838 ἐόντα
545 795 621 838 τὸν
652 795 886 850 Ἡρακλέα,
924 795 997 838 καὶ
1025 795 1084 837 ἔτι
1114 793 1370 848 ἄνθρωπον,
1403 792 1461 845 ὦς

208 873 262 928 δή
291 886 419 928 φασι,
468 878 555 925 κῶς
586 876 723 930 φύσιν
752 875 833 929 ἔχει
861 874 1019 925 πολλὰς
1055 872 1269 929 μυριάδας
1298 878 1462 928 ‹pov-*313—

208 963 301 1001 σαι;
352 953 439 995 Καὶ
468 953 565 1008 περὶ
594 953 672 1009 μὲν
706 951 873 996 τούτων
907 956 1098 995 τοσαῦτα
1134 950 1237 1008 ἡμῖν
1276 954 1459 1006 εἰποῦσι,

205 1030 278 1072 καὶ
307 1029 424 1086 παρὰ
454 1035 538 1076 τῶν
566 1036 684 1076 θεῶν
714 1032 787 1075 καὶ
815 1031 931 1087 παρὰ
964 1035 1051 1074 τῶν
1078 1030 1235 1087 ἡρώων
1264 1030 1485 1088 εὐμένειαι

227 1111 246 1125 n

207 1125 281 1165 δίη.

189 1281 305 1333 χωρὶς
315 1281 413 1331 ὑῶν,
427 1282 491 1322 καὶ
504 1280 671 1334 ἐρσένων
689 1283 796 1334 βοῶν

147 1353 180 1376 κ.
193 1354 223 1376 τ.
235 1338 282 1388 L]
314 1339 483 1389 Aegyptii
500 1352 578 1376 cum
599 1353 680 1376 sues
694 1353 796 1376 aver-

148 1397 215 1431 sati
243 1397 333 1441 sint,
364 1409 454 1444 quas
480 1408 552 1431 uno
580 1398 721 1431 tantum
742 1396 795 1432 se-

147 1455 202 1487 sto
225 1452 351 1488 Lunae
378 1451 607 1497 mactabant,
649 1455 687 1486 ut
716 1450 795 1487 No-

147 1511 221 1544 ster
246 1508 373 1544 asserit
394 1508 486 1543 infra
505 1506 548 1553 ll,
570 1507 637 1553 47,
667 1506 796 1555 aliique

146 1568 326 1601 testantur
343 1564 548 1613 scriptores,
568 1563 701 1599 mavult
712 1563 796 1598 Val-

145 1620 336 1657 ckenarius
357 1633 422 1669 pro
452 1618 538 1656 ὕοῖν
567 1619 716 1656 rescribi
739 1613 796 1657 ὀί·-

147 1690 221 1722 ων,
251 1681 291 1712 ut
320 1689 396 1712 oves
425 1675 667 1723 intelligantur
695 1688 794 1712 suum

144 1733 236 1768 loco.
296 1733 405 1774 Quod
440 1745 519 1768 cum
553 1731 796 1768 Schellershe-

144 1789 284 1824 mianus
318 1787 407 1824 liber
434 1788 667 1836 comprobare
694 1787 795 1822 vide-

145 1848 243 1880 retur
270 1843 440 1879 exhibens
460 1842 566 1888 οἴων,
580 1846 794 1891 receperunt

145 1900 348 1947 Schweigh.
370 1903 479 1946 atque
499 1898 704 1942 Gaisford.·,
726 1910 792 1933 nos

146 1968 166 1992 a
193 1955 340 2003 vulgata
368 1959 462 1990 stare
491 1954 698 1999 maluimus,
738 1954 794 1989 cui

147 2012 234 2048 satis
262 2024 305 2047 ea
332 2011 411 2059 ipsa
432 2010 648 2059 patrocinari
672 2010 795 2045 statuit

144 2067 364 2112 Larcherus‚
395 2079 489 2114 quae
512 2067 562 2111 ll,
582 2065 635 2106 47
658 2078 794 2102 memo-

143 2129 277 2160 rantur.
307 2122 365 2159 De
384 2123 501 2158 bobus
521 2122 567 2159 ad
584 2122 794 2158 sacrificium

144 2179 314 2217 adhibitis
343 2178 412 2214 vid.
437 2191 545 2228 supra
567 2177 620 2223 H,
640 2178 693 2217 38
715 2190 791 2226 seq.

199 2237 278 2281 κῶς
311 2230 362 2272 ἂν
401 2227 510 2273 οὗτοι
548 2229 793 2281 ἅνθρώπους

146 2288 309 2341 θύοιεν]
341 2289 521 2327 Herodoti
552 2290 700 2338 quidem
732 2303 792 2326 ae-

143 2352 219 2385 tate
237 2348 283 2383 ab
301 2346 492 2396 Aegyptiis
514 2346 657 2382 minime
679 2346 792 2381 homi-

144 2417 208 2440 nes
226 2416 306 2440 esse
317 2407 495 2439 mactatos
509 2414 705 2450 sanequam
717 2415 794 2438 cre-

147 2460 273 2495 damus
292 2458 373 2495 licet
393 2458 562 2494 historiae
579 2458 685 2507 patri,
714 2471 793 2494 cum

146 2515 217 2550 iam
242 2518 348 2551 antea
378 2513 519 2550 Amasis
547 2526 609 2549 rex
637 2513 794 2550 humana

149 2570 318 2607 sacrificia
334 2582 400 2618 per
421 2569 626 2618 Aegyptum
647 2570 793 2617 quibus-

147 2627 232 2662 dam
251 2625 336 2661 locis
364 2625 441 2661 fieri
469 2625 574 2660 solita
599 2624 794 2672 sustulerit,

147 2687 183 2719 et
203 2682 349 2718 omnino
375 2680 565 2717 Persarum
591 2682 793 2730 occupatio-

145 2751 192 2774 ne
209 2738 244 2773 in
270 2737 367 2773 hisce
387 2735 499 2772 multa
528 2740 665 2772 mutata
682 2737 793 2774 fuisse

145 2806 320 2844 perquam
353 2793 415 2828 fiat
445 2791 624 2829 credibile.
683 2792 793 2835 Quod

146 2850 240 2888 enim
259 2849 317 2886 alii
332 2852 511 2885 testantur
524 2848 712 2897 scriptores
731 2861 792 2886 ve-

862 1286 971 1330 teres,
1002 1283 1085 1320 olim
1103 1296 1168 1333 per
1183 1281 1390 1332 Aegyptum
1407 1283 1443 1319 in
1455 1294 1516 1320 sa-

864 1340 932 1376 cris
954 1352 1079 1376 caesos
1101 1341 1211 1376 fuisse
1230 1340 1415 1385 homines,
1445 1339 1514 1375 hoc

863 1395 1077 1431 confirmant
1107 1407 1169 1441 ea,
1214 1407 1307 1443 quae
1334 1395 1371 1430 in
1401 1396 1516 1445 hypo-

862 1452 962 1499 gaeis
989 1451 1222 1499 Aegyptiacis
1243 1456 1516 1499 repraesentata

863 1507 1101 1555 conspicimus
1135 1506 1309 1542 sacrificia
1346 1506 1512 1543 humana.

864 1564 968 1599 Conf.
989 1562 1207 1611 lVesseling.
1231 1563 1278 1599 ad
1307 1562 1340 1598 h.
1362 1563 1382 1598 l.
1407 1567 1442 1599 et
1466 1563 1515 1598 ad

862 1618 1015 1656 Diodor.
1049 1619 1087 1665 I,
1119 1621 1183 1659 88.
1215 1619 1382 1656 Creuzer.
1407 1619 1514 1667 Sym-

862 1675 935 1711 bol.
966 1676 981 1711 Ι
1010 1688 1046 1724 p.
1072 1674 1154 1716 354
1185 1688 1260 1723 seq.
1289 1679 1325 1711 et
1353 1675 1513 1724 inprimis

864 1731 1011 1767 CostaZ.
1025 1732 1192 1779 descript.
1204 1731 1250 1767 de
1259 1731 1350 1778 l‘Eg.
1361 1732 1513 1779 Autiqq.

863 1786 879 1821 I
900 1781 1004 1822 memi
1031 1800 1115 1836 pag.
1140 1788 1204 1827 75.
1226 1808 1282 1813 -—
1320 1786 1378 1823 De
1399 1789 1515 1823 forma

865 1843 1014 1889 genitivi
1055 1840 1206 1891 χηνέων
1255 1843 1349 1878 conf.
1378 1842 1511 1879 matth.

863 1898 1023 1934 Gramm.
1043 1898 1107 1934 Gr.
1130 1911 1214 1947 pag.
1239 1900 1330 1938 166.

917 1955 997 1998 κῶς
1028 1950 1150 1999 φύσιν
1181 1952 1278 2003 ἔχει]
1331 1953 1434 1991 Haec
1463 1954 1512 1991 ita

862 2009 982 2045 reddit
1027 2009 1181 2057 Vigerus
1241 2011 1288 2046 de
1332 2009 1508 2047 Idiotism.

861 2078 896 2114 p.
917 2064 997 2105 255
1020 2078 1112 2113 seq.:
1147 2066 1311 2114 quomodo
1326 2067 1511 2103 verisimile

860 2123 917 2156 sz't.
965 2120 1089 2157 Malim
1123 2122 1310 2170 equidem:
1348 2123 1513 2170 quomodo

861 2180 1137 2223 consentaneum,
1166 2178 1240 2215 sive
1255 2178 1431 2226 probabile
1449 2181 1510 2225 sit,

860 2246 940 2269 cum
957 2234 992 2269 id
1005 2233 1218 2270 Herodotus
1238 2234 1397 2272 indicare
1414 2235 1510 2281 velit,

860 2289 958 2337 quod
983 2302 1047 2337 per
1080 2303 1198 2326 rerum
1239 2294 1403 2327 naturam
1434 2292 1511 2328 fieri

860 2346 1004 2381 minime
1025 2346 1193 2395 potuerit.
1234 2347 1339 2382 Conf.
1369 2346 1509 2383 Platon.

860 2401 1015 2449 Republ.
1045 2401 1076 2437 V
1105 2414 1189 2451 pag.
1224 2402 1327 2448 473,
1359 2402 1402 2439 A.
1431 2403 1510 2451 Vll,

859 2470 895 2507 p.
917 2457 1011 2503 489,
1031 2457 1074 2493 B·

915 2511 982 2550 καὶ
1000 2508 1107 2563 παριὶ
1127 2514 1208 2551 τῶν
1233 2515 1345 2551 θεῶν
1372 2536 1418 2542 -
1445 2510 1508 2553 εὕ-

861 2566 993 2618 μένεια
1021 2567 1105 2619 εἴη]
1136 2570 1207 2606 Pro
1231 2564 1409 2619 εὐμένεια
1435 2572 1508 2608 duo

861 2625 940 2661 libri
961 2620 1136 2674 εὕμενέα,
1167 2626 1265 2674 quod
1285 2627 1322 2662 in
1343 2622 1508 2676 εὕμενέη

861 2681 929 2727 (ut
955 2682 1212 2717 substantivum
1241 2683 1407 2719 nimirum
1435 2683 1506 2731 sit)

859 2736 893 2772 h.
916 2736 937 2772 l.
964 2742 1137 2773 mutatum
1169 2738 1280 2774 voluit
1308 2738 1425 2776 Koen.
1458 2740 1506 2776 ad

860 2793 1012 2840 Gregor.
1045 2793 1208 2830 Corinth.
1240 2796 1286 2830 de
1313 2795 1395 2831 dial.
1428 2795 1504 2831 Ion.

859 2846 894 2898 ἓ·
912 2849 979 2895 41,
1007 2850 1202 2887 accedente
1217 2850 1358 2888 Schaef.
1376 2851 1500 2902 p.521

1518 808 1598 847 126
