1909 3228
576 212 1093 251 EUTERPE.11.

175 327 328 375 8,,τι5ν
357 322 569 376 δενδρέων
597 326 783 375 καρποῦ.

1365 213 1448 252 549

843 321 1119 376 ἁπτομένοισι
1150 317 1195 363 δέ
1225 331 1301 375 σφι
1327 320 1445 363 ἐπελ-
1459 327 1503 361 35

201 408 333 454 »θεῖν
363 400 523 456 ἄνδρας
548 401 748 456 μικροὺς,
782 403 967 455 μετρίων
997 399 1228 449 ἐλάσσονας
1259 396 1446 452 ἀνδρῶν,

201 480 446 536 »λαβόντας
476 481 520 523 δὲ
551 480 668 535 ἄγειν
698 479 853 535 σφέας·
906 482 1055 533 φωνῆς
1093 477 1138 520 δὲ
1177 475 1276 520 οὔτε
1304 494 1344 520 τι
1373 481 1448 532 τῆς

200 560 414 611 ,,ἐκείνων
451 559 551 610 τούς
589 562 864 613 Νασαμῶνας
901 556 1148 611 γινώσκειν,
1208 556 1307 598 οὕτε
1343 555 1448 606 τούς

174 637 423 693 9,,ὅὶγοντας
453 643 540 681 τῶν
571 636 872 692 Νασαμώνων.
907 635 1027 690 ἄγειν
1055 651 1097 677 τε
1125 634 1175 690 δή
1208 633 1368 684 αὐτούς
1399 632 1452 677 δι’

202 717 366 770 ,,ἐλε’ων
395 719 624 772 μεγίστων,
670 716 742 759 καὶ
772 713 1069 766 διεξελθόντας
1104 717 1261 763 ταῦτα,
1303 711 1509 755 οἷπικέ-4Ο

201 831 225 850 ,,
239 802 343 840 σθαι
372 795 414 846 ἐς
443 794 593 847 πόλιν,
632 795 678 838 ἐν
714 797 768 851 τῇ
798 793 988 843 ἅπαντας
1019 789 1128 835 εἶναι
1156 796 1269 834 τοῖσι
1300 791 1453 846 ἄγουσι

147 876 249 918 10τὸ
278 873 466 931 μέγαθος
493 875 640 925 ἴσους,
667 878 817 929 χρῶμα
847 873 892 917 δὲ
921 873 1117 928 μέλανας,
1147 869 1265 925 παρὰ
1301 870 1347 914 δὲ
1376 870 1455 926 τὴν

150 1115 320 1154 credibile
350 1118 428 1161 est,
467 1115 604 1150 fructus
644 1114 795 1159 arboris,

150 1185 245 1221 quae
265 1172 392 1208 dicitur
412 1170 527 1206 Schea
542 1169 668 1216 Τοιιίιι,
693 1170 797 1206 Schi-

150 1229 253 1265 baum
275 1241 303 1264 s.
324 1226 576 1272 Butterbaum,
607 1230 643 1263 et
661 1239 726 1275 per
742 1230 799 1262 to-

151 1289 227 1321 tam
245 1284 451 1320 interiorem
460 1282 617 1318 Africam
637 1286 693 1318 est
710 1294 800 1332 pro-

150 1344 298 1391 pagata.
328 1340 435 1375 Conf.
454 1338 587 1374 Ritter.
608 1337 799 1373 Erdkund.

152 1397 167 1433 I
184 1410 217 1445 p.
230 1395 323 1436 347.
352 1393 433 1431 Nee
453 1394 556 1430 aliter
574 1394 688 1430 visum
697 1394 800 1430 Hee-

151 1453 251 1490 renio
271 1451 291 1486 l.
315 1449 337 1486 l.

208 1507 390 1546 ἐπελθεῖν
427 1501 574 1556 ἄνδρας
621 1499 798 1554 μικροῦς,

153 1563 320 1615 μετρίων
363 1557 578 1606 ἐλάσσονας
614 1556 797 1609 οἷνὸρῶν]

150 1621 210 1659 De
229 1618 444 1668 Aethiopiae
475 1617 597 1655 incolis
631 1616 799 1653 brevissi-

152 1678 218 1714 mis
257 1675 411 1720 statura,
459 1674 511 1710 ita
539 1678 578 1710 ut
614 1673 700 1709 inde
727 1671 801 1721 Py-

154 1744 361 1781 gmaeorum
388 1730 546 1766 fabulam
579 1734 697 1765 ortam
724 1741 800 1765 cre-

155 1790 242 1825 dere
257 1787 375 1831 liceat,
385 1786 505 1821 Strab.
517 1784 618 1820 xvu
627 1798 662 1833 p.
679 1786 799 1828 1176,

155 1844 190 1882 D
219 1856 246 1879 s.
272 1855 308 1891 p.
326 1844 420 1882 821.
459 1840 594 1876 Similia
622 1839 802 1887 quaedam

156 1898 354 1937 Nonnosus
387 1896 485 1946 apud
508 1896 676 1932 Photium
706 1893 801 1930 Bibl.

158 1955 252 1992 Cod.
284 1953 334 1989 ΙΙΙ
363 1966 399 2002 p.
422 1953 467 1997 8,
503 1964 597 2000 quae
628 1950 803 1987 recentio-

157 2023 234 2048 rum
255 2022 401 2058 quoque
426 2008 633 2044 narratione
657 2006 803 2055 probari

157 2070 283 2104 monet
302 2064 512 2102 Larcherus.
552 2062 684 2110 Neque
710 2062 804 2098 enim

158 2135 252 2159 nunc
277 2121 382 2158 aliam
422 2121 468 2156 de
504 2119 583 2155 istis
623 2118 803 2154 interioris

158 2178 299 2216 Africae
313 2176 481 2224 gentibus
499 2174 704 2224 opinionem
722 2174 806 2210 ferri

159 2234 375 2272 confirmant
395 2260 406 2278 ,
462 2244 556 2280 quae
603 2230 805 2267 Heerenius

159 2290 310 2341 protulit
331 2289 352 2324 l.
372 2288 395 2324 l.
423 2301 459 2338 p.
483 2289 572 2328 199.
596 2289 688 2327 200.
728 2285 807 2321 Alia

161 2346 248 2382 olim
277 2343 424 2381 Ludolf.
466 2343 606 2380 Histor.
636 2341 805 2390 Aethiop.

162 2414 245 2451 pag.
264 2402 318 2441 69
331 2421 379 2427 ——
391 2401 457 2441 74.
487 2398 727 2448 Nuperrimae
744 2410 808 2433 au-

162 2462 236 2493 tem
254 2457 384 2493 aetatis
412 2455 681 2505 peregrinator,
711 2452 807 2489 Mal-

164 2512 249 2549 lien.
260 2541 270 2557 ‚
285 2513 321 2547 in
338 2512 479 2548 mediae
492 2511 631 2547 Africae
650 2509 809 2557 regioni-

165 2568 233 2604 bus
251 2568 412 2603 homines
438 2572 513 2603 tam
544 2578 678 2615 parvae
696 2569 810 2601 statu-

166 2636 229 2660 rae
246 2623 467 2671 eosdemque
484 2620 728 2658 imbecillimos
742 2649 752 2666 ‚
771 2624 810 2656 ut

167 2680 243 2716 iure
270 2678 474 2727 Pygmaeos
507 2678 660 2723 dixeris,
691 2689 730 2712 se
755 2677 811 2711 iu-

168 2736 309 2771 x‘enisse
338 2738 512 2779 testatur,
552 2732 674 2780 lingua
703 2731 809 2768 etiam

168 2791 426 2828 diversissimos
457 2802 478 2826 a
505 2787 650 2836 reliquis
669 2787 810 2824 Africae

863 1113 1054 1162 gentibus,
1098 1115 1139 1148 ut
1178 1123 1266 1148 sane
1299 1109 1513 1148 Herodotea

864 1170 1020 1206 narratio
1052 1168 1098 1205 de
1128 1167 1397 1204 Nasamonibus
1432 1166 1514 1202 hinc

865 1224 1028 1262 nonnihil
1055 1223 1212 1261 lucretur
1241 1224 1349 1268 lucis3
1388 1222 1513 1258 videas

866 1282 1018 1330 Voyage
1037 1281 1127 1316 dans
1156 1279 1351 1316 l'inte'rieur
1379 1279 1426 1315 de
1442 1275 1516 1313 l'A-

867 1338 983 1385 frique
1004 1340 1071 1373 etc.
1095 1336 1183 1372 saite
1211 1348 1256 1372 eu
1289 1335 1395 1374 1818
1431 1339 1456 1369 t.
1482 1332 1515 1368 ΙΙ

866 1407 901 1443 p.
925 1395 1017 1433 209.
1039 1393 1130 1432 262.
1168 1391 1211 1427 In
1230 1402 1332 1438 seqq.
1354 1390 1402 1426 ad
1421 1385 1516 1433 τούς

868 1445 1036 1499 ἄγοντας
1049 1448 1128 1484 τῶν
1143 1441 1408 1494 Νασαμώνων
1422 1445 1513 1481 conf.

866 1503 998 1542 Manu.
1016 1501 1053 1553 ς.
1074 1502 1156 1543 570
1176 1514 1211 1552 p.
1230 1503 1348 1542 1126.

924 1581 1142 1625 ἐπικέσθαι
1167 1584 1205 1631 ἒς
1224 1582 1340 1624 πόλιν
1360 1597 1394 1621 κ.
1414 1597 1446 1621 τ.
1465 1581 1514 1631 λ.]

867 1644 971 1687 Quae
1001 1643 1106 1690 urbs,
1144 1642 1212 1678 nisi
1241 1654 1286 1678 ea
1314 1644 1395 1686 est,
1424 1652 1518 1688 quae

868 1699 1075 1736 Tombuetu
1106 1710 1200 1734 nunc
1231 1696 1358 1734 dicitur
1375 1695 1519 1744 amplis-

871 1755 961 1792 sima
992 1760 1028 1792 et
1055 1754 1267 1790 commercio
1298 1765 1364 1801 per
1402 1751 1518 1787 varias

869 1810 1013 1847 Africae
1031 1814 1153 1858 partes
1168 1809 1250 1844 hine
1272 1808 1438 1843 instituto
1461 1819 1519 1843 ce-

868 1866 1078 1911 leberrima,
1110 1867 1208 1901 certe
1235 1864 1271 1899 in
1290 1863 1369 1898 istis
1401 1862 1520 1910 regio-

869 1922 976 1958 nibus
1003 1921 1074 1956 sita
1105 1921 1217 1956 fuisse
1250 1919 1402 1955 videtur.
1460 1916 1519 1953 Ad

869 1978 958 2013 istas
990 1976 1084 2013 enim
1115 1976 1282 2022 regiones
1311 1974 1412 2010 unice
1432 1986 1521 2021 qua-

871 2034 978 2070 drant
988 2031 1169 2068 Herodoti
1188 2030 1307 2066 verba.
1340 2028 1399 2064 Tu
1422 2030 1515 2065 conf.

874 2089 920 2125 de
947 2088 1016 2124 hac
1034 2087 1123 2123 urbe
1153 2087 1286 2122 Ritter.
1318 2084 1520 2121 Erdkunde

873 2144 930 2189 ῙῘ,
955 2146 976 2184 1
1006 2157 1041 2192 p.
1062 2141 1143 2182 445
1178 2154 1278 2190 seqq.
1310 2140 1391 2180 457
1418 2153 1519 2188 seqq·

873 2199 1095 2237 Dubitanter
1111 2198 1196 2234 olim
1219 2198 1264 2234 de
1284 2196 1338 2232 his
1360 2209 1522 2245 pronun-

875 2257 1028 2292 tiaverat
1047 2254 1174 2291 Ukert.
1206 2253 1342 2299 Geogr.
1365 2252 1431 2287 der
1454 2251 1520 2287 Gr.

875 2326 908 2348 u.
930 2311 1037 2347 Rom.
1062 2310 1101 2356 Ι,
1121 2312 1140 2349 1
1165 2322 1249 2359 pag.
1271 2310 1324 2348 76
1338 2336 1349 2354 ‚
1369 2308 1429 2355 qui
1451 2320 1521 2354 quo

875 2372 1042 2416 tempore
1077 2365 1247 2415 scripsit,
1287 2377 1330 2401 eo
1364 2363 1523 2399 nondum

876 2424 970 2460 istae
1019 2422 1185 2470 regiones
1233 2424 1307 2456 tam
1355 2419 1524 2466 cognitae

876 2482 999 2524 erant,
1030 2490 1138 2526 quam
1169 2489 1262 2512 nune
1286 2478 1370 2511 sunt
1399 2487 1523 2511 recen-

877 2536 1007 2571 tiorum
1019 2533 1290 2582 Europaeorum
1308 2530 1446 2576 studiis,
1463 2531 1523 2578 qui

878 2602 1015 2627 summo
1032 2601 1110 2625 eum
1134 2586 1290 2637 periculo
1311 2586 1359 2624 ad
1372 2586 1436 2623 has
1450 2590 1523 2622 ter-

877 2659 936 2683 ras
954 2645 1138 2696 progressi
1157 2648 1251 2681 sunt.

932 2725 1039 2779 παρά
1059 2725 1100 2766 δὲ
1119 2724 1190 2776 τήν
1202 2721 1319 2765 πόλιν
1330 2724 1435 2775 ῥέειν
1453 2739 1524 2763 πο-

878 2782 1004 2836 ταμὸν
1025 2782 1167 2835 μέγαν]
1199 2783 1316 2820 Valde
1344 2783 1525 2832 discepta-
