1909 3228
611 172 1036 212 EUTERPE.
1084 173 1130 211 ΙΙ.

1407 174 1490 214 763

229 282 309 326 εἶσι
339 283 382 325 οἷ
411 283 622 335 εἰπόντες,
654 283 713 335 ὥς
743 281 986 339 ἀνθρώπου
1007 283 1121 341 ψυχή
1143 279 1365 333 ἀθάνατός
1384 281 1547 325 {ou-75

176 454 366 505 [Sequitur
378 457 577 495 Clementis
592 458 749 495 Romani
774 458 828 494 lo-

174 526 237 548 cus
261 526 304 549 ex
325 514 458 552 Homil.
482 516 494 551 Ι
517 514 650 565 §.3.5.
681 515 826 552 Deinde

173 570 222 605 sie
240 571 358 617 pergit
380 571 439 607 Cr.
454 570 478 621 z]
510 572 677 608 Davisius
705 575 826 607 autem

173 626 220 661 ad
240 626 355 663 Cicer.
378 625 536 664 Tuseull.
559 628 585 674 Ι,
609 631 657 668 16
678 632 825 677 postea-

173 694 280 730 quam
304 682 506 721 Pausaniae
533 684 694 721 Messon.
720 698 748 721 c.
770 685 825 724 32

176 737 251 788 [ubi
273 739 446 775 Chaldaei
473 744 508 777 et
535 741 611 776 {ndi
632 741 736 790 primi
759 741 826 776 im-

173 793 399 831 mortalitatis
414 797 615 832 doctrinam
629 797 825 834 tradidisse

173 849 356 900 dicuntur]
389 853 574 898 excitavit,
612 854 662 889 ita
685 854 824 903 pergit:

170 934 194 953 ‚‚
206 904 441 957 „Aegyptios
467 913 587 946 autem
624 909 692 946 hac
719 909 826 947 laude

171 966 332 999 mactant
360 965 574 1001 Herodotus
601 966 656 1013 ΙΙ,
682 968 760 1006 193
785 969 821 1003 et

172 1019 342 1056 Clemens
353 1020 548 1058 Alexandr.
560 1022 608 1058 Vl
620 1036 655 1072 p.
672 1023 823 1063 752.““

171 1074 269 1112 Nolo
293 1076 396 1125 plura
417 1091 614 1126 congerere
627 1108 637 1126 ‚
654 1092 749 1128 quae
768 1092 826 1115 ar-

172 1136 309 1179 guant,
340 1134 443 1170 nimis
464 1135 574 1171 arctis
595 1140 630 1172 et
658 1136 825 1184 angustis

172 1189 334 1225 terminis
368 1190 462 1227 hunc
498 1191 680 1228 Herodoti
708 1192 825 1228 locum

173 1245 345 1282 inclusum
390 1259 411 1283 a
447 1248 530 1283 viris
568 1249 682 1285 doctis
734 1261 825 1285 esse.

172 1301 375 1340 Planiorem
397 1308 433 1339 et
450 1305 625 1341 veriorem
644 1305 824 1353 interpre-

171 1359 344 1394 tationem
367 1360 485 1395 eidem
505 1365 591 1397 ante
607 1360 825 1397 Lareherum

172 1415 399 1463 impertierat
445 1415 746 1464 W'yttenbachius
789 1418 827 1453 in

171 1471 325 1519 disput:
374 1470 477 1512 Quae
518 1471 634 1521 fuerit
673 1476 825 1509 veterum

164 1527 447 1578 philosophorum
475 1531 645 1565 sententia
681 1529 721 1566 de
749 1531 827 1566 vita

171 1588 204 1621 et
233 1587 331 1620 stata
358 1587 551 1622 animorum
577 1590 827 1634 postmortem,

170 1640 369 1678 Amstelod.
393 1642 499 1681 1783
526 1655 563 1689 p.
584 1642 699 1679 XVII.
755 1643 828 1686 Qui

170 1698 352 1733 Herodoti
376 1698 493 1734 locum
518 1697 649 1735 Latine
685 1700 734 1736 sic
771 1712 828 1736 re-

172 1755 266 1790 sert:
306 1781 365 1801 „„
378 1752 534 1789 Fuerunt
567 1767 697 1804 quoqne
720 1756 829 1803 primi

170 1810 362 1858 Aegyptii,
394 1812 455 1859 qui
475 1809 643 1856 dicerent,
673 1813 828 1847 «niumm

172 1867 320 1902 leontinis
358 1879 427 1902 esse
462 1866 712 1913 immortalem,
748 1871 827 1916 post

173 1925 324 1971 corporis
353 1935 431 1958 vero
462 1924 639 1958 interitum
662 1926 699 1959 in
727 1923 828 1960 aliud

172 1978 328 2028 deinceps
359 1991 506 2015 nascens
541 1979 675 2016 animal
711 1982 826 2017 immi-

172 2048 294 2083 grare:
328 2048 471 2084 cumque
504 2048 564 2084 per
589 2038 702 2072 omnia
723 2041 829 2073 terre-

172 2093 261 2128 stria
275 2121 285 2138 ,
304 2094 439 2128 marina
460 2097 491 2128 et
510 2092 667 2129 volucria
690 2095 828 2129 am'ma—

172 2148 223 2184 lia
252 2150 436 2184 circuitum
461 2148 630 2198 fecisset,
661 2161 735 2186 eam
761 2152 828 2186 ite-

172 2217 250 2241 rum
268 2208 461 2241 nascentem
494 2203 655 2255 [secutus
685 2206 830 2243 videtur

173 2261 293 2309 wytt.
312 2261 503 2298 lectionem
522 2259 748 2313 γινομένην,
769 2276 831 2299 cu-

174 2319 229 2353 ius
254 2317 334 2353 loco
365 2330 431 2354 nos
459 2318 644 2367 vulgatam
679 2319 829 2355 retinui-

174 2386 252 2410 mus
273 2368 433 2423 γινόμεν
449 2389 467 2412 ο
482 2389 523 2422 ²¹3
554 2375 651 2412 unde
681 2376 730 2411 sic
749 2389 830 2412 ver-

174 2429 346 2466 tendum:
378 2443 450 2466 eam
473 2433 597 2466 iterum
619 2433 656 2467 in
684 2431 831 2468 hominis

175 2498 297 2534 corpus
317 2498 466 2523 nascens
482 2486 698 2537 immigrare]
720 2489 828 2524 inho-

175 2543 279 2578 minis
300 2555 423 2591 corpus
442 2545 660 2591 inmigrare:
692 2548 724 2580 et
740 2544 829 2580 hunc

178 2598 221 2634 ab
243 2611 282 2634 ea
302 2600 485 2635 circuitum
498 2601 622 2648 confici
633 2603 737 2636 trium
750 2601 830 2637 mil-

178 2654 264 2690 lium
288 2668 453 2691 armorum
474 2657 661 2704 spatio.““
712 2657 832 2694 Hero-

177 2711 257 2747 doti
282 2712 531 2748 auctoritatem
554 2714 831 2760 praeferendam

179 2780 257 2803 esse
286 2768 495 2804 auctoritati
514 2768 692 2816 Diogenis
713 2769 831 2816 (vlu,

180 2823 232 2864 14
245 2824 305 2873 qui
320 2824 566 2873 Pythagoram
587 2825 744 2875 primum
763 2825 833 2862 dici

893 458 1062 508 perhibet
1073 460 1142 508 τῆς
1161 450 1547 509 μετενσωματῶσεως

893 516 1125 563 auctorem),
1175 515 1389 564 praesertim
1434 517 1547 549 testes

894 570 1010 606 nullos
1040 573 1247 617 excitantis,
1289 584 1363 606 non
1396 573 1451 607 est
1483 570 1549 604 du-

894 627 1003 663 bium.
1062 627 1178 663 Addit
1205 629 1299 665 enim
1328 628 1406 676 ipse
1427 627 1549 661 fleto-

894 684 1003 720 dotus
1022 713 1032 731 ‚
1080 688 1254 733 tanquam
1302 683 1548 720 testimonium

895 741 1126 776 sententiae:
1194 741 1354 786 ‚‚‚,lloc
1401 739 1549 789 placito,

892 801 1067 844 tanquam
1091 809 1155 832 suo
1187 801 1224 833 et
1256 797 1427 845 proprio,
1469 796 1550 843 qui-

894 854 978 889 dam
1012 853 1142 889 Graeci
1172 854 1225 888 usi
1253 857 1364 898 sunt,
1395 851 1454 887 alii
1485 864 1550 887 an-

891 909 1049 958 tiquiore
1071 908 1127 944 alii
1146 909 1347 945 recentiore
1362 912 1549 957 tempore:

894 979 1049 1014 quorum
1065 979 1135 1013 ego
1151 966 1309 1010 nomina,
1328 976 1550 1013 quamquam

892 1023 988 1069 seio,
1018 1035 1092 1058 non
1120 1022 1355 1058 memor0.““
1405 1021 1461 1056 Sit
1480 1020 1551 1068 igi-

892 1084 950 1115 tur
982 1079 1166 1116 Herodoti
1191 1078 1314 1128 potior
1342 1077 1549 1122 sententiar,

891 1140 1013 1172 tamen
1032 1148 1220 1181 cavemus,
1261 1147 1306 1171 ne
1324 1133 1405 1184 plus
1429 1133 1463 1169 ei
1487 1134 1552 1169 tri-

893 1192 1069 1238 buamus,
1100 1204 1208 1240 quam
1236 1191 1313 1241 ipse
1342 1190 1466 1225 voluit.
1509 1190 1551 1225 Si

895 1249 983 1296 quid
1011 1248 1104 1285 enim
1135 1248 1265 1294 video,
1303 1248 1339 1283 in
1369 1258 1552 1294 gramma-

894 1306 967 1341 tica
984 1305 1287 1354 interpretatione
1306 1315 1379 1339 non
1399 1315 1551 1340 necesse

894 1365 977 1407 est,
1018 1364 1058 1396 ut
1089 1361 1145 1397 hic
1171 1361 1218 1396 sit
1251 1373 1399 1405 sensus,
1428 1357 1552 1407 Aegy-

893 1418 989 1467 ptios
1011 1416 1172 1464 singulos
1184 1416 1248 1452 has
1268 1416 1457 1465 opiniones
1477 1415 1552 1464 pri-

895 1486 993 1510 mum
1020 1473 1240 1522 protulisse,
1281 1473 1346 1508 sed
1365 1471 1551 1508 universas

897 1530 942 1566 ab
973 1528 1041 1565 illis
1067 1530 1115 1565 ad
1141 1529 1235 1565 hane
1256 1528 1451 1564 doctrinam
1473 1540 1552 1563 con-

889 1585 1071 1636 formatas
1091 1598 1180 1622 esse:
1211 1589 1252 1621 ut
1269 1585 1362 1622 adeo
1387 1584 1472 1620 illud
1491 1596 1553 1620 vo-

897 1643 1005 1680 luerit
1024 1642 1254 1679 Herodotus:
1283 1670 1307 1688 „
1320 1640 1552 1690 „Aegyptios

896 1700 1033 1748 primos
1053 1699 1208 1743 dixisse,
1239 1699 1417 1743 animam,
1441 1710 1553 1745 quum

896 1756 941 1790 sit
964 1755 1176 1790 immortalis
1190 1783 1200 1800 ,
1231 1755 1265 1789 in
1288 1754 1358 1790 alia
1380 1754 1551 1802 deinceps

895 1824 1049 1860 corpora
1071 1811 1297 1858 immigrare,
1340 1814 1449 1857 atque
1483 1810 1554 1846 ite-

894 1880 973 1903 rum
995 1868 1031 1903 in
1052 1867 1247 1903 humanum
1265 1880 1394 1916 corpus
1412 1866 1552 1911 redire3

896 1928 933 1960 et
954 1924 1048 1959 hunc
1071 1924 1255 1960 circuitum
1279 1922 1419 1959 absolvi
1445 1922 1553 1958 trium

896 1979 1044 2016 millium
1069 1992 1244 2016 annorum
1275 1979 1395 2029 spatio
1409 1980 1447 2025 ,“
1460 1980 1484 1998 “
1514 1982 1554 2015 et

897 2037 968 2072 sint
995 2035 1168 2086 Ae‹g)1)tii
1193 2048 1266 2072 non
1297 2040 1372 2071 tam
1405 2036 1554 2072 Immor-

897 2092 1048 2130 talitatis
1069 2121 1080 2139 ,
1123 2105 1231 2140 quam
1257 2091 1554 2141 Metempsycho-

899 2162 980 2185 seos
1008 2150 1214 2185 auctores.“
1260 2149 1364 2185 Haec
1383 2149 1554 2196 W'ytten-

898 2205 1045 2241 bachius
1077 2205 1261 2255 planeque
1292 2205 1340 2240 ad
1372 2205 1448 2241 eius
1470 2218 1554 2241 sen-

898 2263 1053 2299 tentiam
1079 2266 1209 2311 postea
1232 2261 1448 2298 Larcherus.
1506 2261 1555 2297 Et

898 2319 978 2367 quis
1007 2318 1151 2355 dubitet
1176 2318 1268 2354 hanc
1298 2318 1402 2354 unice
1431 2330 1554 2354 veram

898 2375 1171 2423 legitimamque
1209 2374 1403 2411 verborum
1433 2374 1555 2410 Hero-

898 2432 1089 2468 doteorum
1100 2431 1437 2480 interpretationem
1449 2428 1554 2467 esse?

899 2487 949 2523 Et
979 2500 1064 2523 vero
1082 2514 1093 2533 ‚
1130 2487 1318 2524 Hecataeo
1347 2491 1384 2524 et
1408 2486 1552 2523 Arista-

900 2556 991 2591 gora
1018 2556 1060 2580 ac
1085 2542 1309 2580 Manethone
1332 2543 1553 2590 auctoribus,

899 2600 970 2636 alio
982 2599 1062 2636 loco
1075 2600 1142 2636 hoc
1159 2601 1236 2649 ipse
1255 2599 1445 2636 confirmat
1462 2599 1554 2636 Dio-

900 2668 1013 2704 genes
1038 2655 1203 2693 Laertius
1230 2656 1267 2703 I,
1298 2658 1366 2696 11:
1406 2670 1479 2705 την
1511 2653 1554 2694 δὲ

899 2727 981 2750 των
1025 2712 1258 2776 Αἰγυττίων
1306 2712 1553 2761 φιλοσοφίαν

902 2764 1005 2807 εἶναι
1028 2784 1218 2818 τοιαυτην
1234 2790 1290 2796 -
1310 2788 1366 2796 —-
1388 2784 1462 2818 την
1476 2778 1553 2818 ψυ-

901 2822 974 2876 χήν
1004 2824 1072 2864 καὶ
1099 2823 1364 2877 ἐπιδιαμένειν
1389 2824 1454 2864 καὶ
1489 2839 1551 2876 με-
