1909 3228
319 483 416 529 201

145 546 281 574 Imminet
338 555 422 583 ,yrun
478 562 576 603 σω,
633 547 877 605 ἐπεθύμησε
916 547 1206 603 ΛἨασσαγέτας
1250 545 1331 592 ὑπ’
1371 546 1518 606 ἑωυτῷ
1553 548 1731 604 ποιήσα-

146 581 337 617 Massagetis.

470 207 554 250 450

860 201 1327 243 HERoDoTl

470 316 544 361 διὰ
574 312 795 364 σινδόνος’
835 312 909 355 καὶ
938 310 989 363 ὃς
1017 311 1095 367 μὲν
1125 309 1180 354 ἂν
1208 309 1418 367 βούληται
1449 309 1623 365 αὐτῶν,
1656 311 1729 355 ἅτε

474 393 615 453 μάζαν
645 390 888 448 μαξάμενος
909 391 1010 446 ἔχει·
1042 388 1065 433 ὁ
1085 388 1154 441 δὲ,
1184 387 1323 443 ἄρτου
1339 389 1504 443 τρόπον
1527 389 1728 448 ὀπτήσας,

583 471 661 522 Ὡς
687 470 732 514 δὲ
761 473 822 528 τῷ
858 468 992 526 Κύρῳ
1021 468 1095 512 καὶ
1123 471 1254 512 τοῦτο
1283 467 1330 511 τὸ
1362 469 1493 520 ἔθνος
1520 471 1731 527 κατέργα-

473 634 590 673 σθαι.
646 627 695 671 τό
725 628 771 672 δὲ
813 628 941 679 ἔθνος
978 630 1132 679 τοῦτο,
1172 627 1244 670 καὶ
1274 625 1382 682 μέγα
1424 627 1588 682 λέγεται
1619 626 1787 672 εἷναιδο

471 708 544 752 καὶ
572 705 775 763 ἄλκιμον,
824 707 1056 763 οἰκημένον
1095 707 1140 750 δὲ
1176 706 1286 761 πρὸς
1327 704 1392 761 ἠῶ
1431 721 1474 748 τε
1503 705 1577 749 καὶ
1604 703 1731 762 ἡλίου

474 785 710 838 ἀνατολὰς,
760 785 895 842 πέρην
923 789 1003 829 τοῦ
1028 783 1212 841 Ἀράξεω
1240 789 1463 841 ποταμοῦ,
1506 783 1657 829 οἷντίον
1686 784 1733 829 δὲ

445 863 734 922 2Ἰσσηδόνων
763 863 946 920 ἀνδρῶν.
1004 865 1085 909 εἰσὶ
1115 865 1160 909 δὲ
1191 866 1238 908 οἴ
1260 881 1372 916 τινες
1401 865 1475 908 καὶ
1502 863 1732 909 Σκυθικόν

416 1218 492 1265 41,
520 1217 651 1256 dictum
692 1232 760 1270 pro
794 1215 990 1270 σήθουσι,
1026 1225 1067 1258 ut

415 1277 540 1314 νώσιν
557 1288 625 1325 pro
646 1272 858 1325 νήθουσιν.

472 1327 611 1370 ἅτε-
629 1330 725 1381 ἔχει]
769 1331 844 1383 ἔχει
878 1332 989 1370 habet
1017 1346 1065 1370 sc.

416 1386 534 1438 pisces
550 1387 724 1435 siccatos,
754 1389 836 1427 dein
868 1388 904 1425 in
932 1394 1068 1426 morta-

410 1444 465 1480 rio
486 1447 654 1480 contusos
685 1449 795 1493 atque
829 1444 933 1481 sicin
957 1458 1067 1481 unam

411 1511 568 1536 massam
592 1500 783 1546 redactos3
820 1501 949 1549 quibus
979 1499 1067 1537 alius

408 1555 462 1592 sic
478 1555 625 1602 fruitur,
656 1560 696 1592 ut
721 1561 893 1605 tanquam
912 1569 1069 1593 massam

413 1610 621 1659 subegerit,
647 1611 737 1649 alius
766 1618 805 1649 ut
821 1613 927 1662 panis
947 1613 996 1649 ad
1014 1613 1069 1649 in-

409 1671 489 1703 star
510 1667 657 1704 coxerit.
694 1667 791 1707 Ante
809 1663 879 1708 ἆῖτε
906 1668 1069 1720 suppleri

414 1726 537 1774 potest
569 1719 593 1762 ὁ
620 1720 705 1774 μέν.

618 1806 650 1842 C
659 1819 680 1843 a
690 1819 725 1856 p.
767 1807 864 1845 CCI.

472 1884 704 1940 ἐπεθύμησε
718 1889 982 1943 Μασσαγέτας
1000 1885 1069 1930 ὕπ’

417 1942 549 1998 ἔωυτῷ
573 1941 843 1996 ποιήσασθαι]
884 1947 943 1986 De
962 1947 1066 1985 Mas-

418 2001 552 2049 sagetis
569 2000 674 2051 plura
708 2003 743 2047 l,
760 2004 853 2044 204.
869 2005 950 2046 215
965 2032 974 2050 ,
1004 2004 1066 2041 ubi

416 2057 558 2106 singula
578 2058 842 2097 illustrabimus.
879 2059 1068 2098 Pertinere

415 2127 501 2150 vero
530 2115 670 2151 videtur
697 2115 786 2152 haec
818 2129 909 2164 gens
935 2117 981 2153 ad
1000 2129 1069 2153 no-

416 2170 541 2207 mades
567 2170 666 2218 illos,
704 2171 765 2220 qui
799 2176 899 2209 extra
933 2172 1069 2210 Persici

416 2225 522 2274 regni
542 2225 631 2264 fines
659 2226 681 2263 i.
710 2239 741 2264 e.
777 2227 869 2265 ultra
890 2227 1068 2266 Iaxartem

417 2281 664 2330 vagabantur,
695 2283 830 2332 quique
857 2285 966 2321 modo
996 2285 1067 2322 Sa-

418 2350 504 2385 cae,
525 2339 633 2375 modo
649 2339 828 2388 Scythae,
845 2342 954 2378 modo
971 2341 1068 2378 Tar-

416 2394 506 2440 tari,
525 2407 591 2432 nec
607 2394 715 2432 hodie
737 2397 812 2434 fere
830 2409 902 2434 una
922 2398 1068 2435 eadem-

417 2462 490 2498 que
509 2449 753 2500 appellatione
770 2457 954 2490 vocantnr.
978 2453 1069 2502 Scy-

414 2505 497 2542 thas
537 2505 650 2544 fuisse
684 2507 914 2558 Massagetas
952 2521 1069 2558 aeque

415 2564 529 2610 atque
563 2561 775 2611 Issedones,
812 2564 950 2602 illorum
982 2565 1069 2602 vici-

420 2627 507 2664 nos,
544 2621 580 2654 et
613 2622 803 2669 utramque
831 2625 978 2670 gentem
1020 2622 1069 2658 ad

418 2669 675 2722 Mongolorum
717 2677 866 2727 stirpem
885 2705 897 2724 ,
961 2690 1070 2727 quam

420 2738 515 2764 nunc
543 2729 714 2778 dicimus,
744 2733 980 2782 pertinuisse,
1010 2734 1068 2770 vix

419 2781 576 2821 dubium.
614 2786 695 2824 Vid.
724 2789 949 2838 potissimum
967 2789 1068 2827 Hee-

421 2849 497 2875 ren.
519 2838 631 2879 ldeen
648 2841 685 2890 1,
703 2846 729 2885 2
754 2856 842 2895 pag.
860 2847 941 2887 291
961 2858 1064 2896 seqq.

319 953 416 998 202
474 945 648 1001 λέγουσι
675 948 805 988 τοῦτο
834 943 883 988 τό
923 945 1054 996 ἔθνος
1082 942 1203 989 εἶναι.
1255 942 1306 987 Ὃ
1333 945 1378 988 δὲ
1412 941 1591 1001 Ἀράξης
1619 944 1732 1001 λέγε·

145 1018 254 1044 Araxen
290 1017 415 1044 fluvius:

143 1051 208 1077 ein-3
223 1050 354 1078 insulae:
372 1050 416 1077 in-

145 1085 316 1111 sulanorum
368 1083 418 1119 qui

142 1125 204 1145 mus
222 1116 349 1146 vivendi.

471 1039 543 1068 ται
569 1024 643 1068 καὶ
671 1022 810 1080 μέζων
838 1023 911 1068 καὶ
943 1022 1137 1068 ἐλάσσων
1165 1022 1278 1068 εἶναι
1314 1027 1394 1068 τοῦ
1420 1022 1614 1078 ’Ίστρου’
1659 1022 1733 1080 νή-

1134 1220 1212 1258 coll.
1242 1220 1395 1258 Rennel.
1438 1220 1578 1268 Geogr.
1607 1218 1787 1257 Herodot.

1134 1290 1220 1328 pag.
1239 1279 1318 1318 411
1353 1290 1430 1325 seq.
1468 1279 1551 1318 470
1574 1288 1676 1325 seqq.
1706 1275 1787 1317 473

1135 1347 1238 1383 seqq.
1268 1354 1323 1360 —
1352 1333 1410 1371 De
1432 1332 1663 1370 Issedonibus
1692 1333 1787 1369 cons.

1136 1390 1230 1427 infra
1259 1388 1331 1435 lV,
1360 1391 1412 1430 26
1441 1389 1522 1426 coll.
1553 1393 1591 1427 et
1609 1388 1786 1425 Ammian.

1136 1444 1298 1483 Marcell.
1319 1444 1467 1492 xxlll,
1485 1448 1522 1485 6.
1553 1443 1706 1481 Rennel.
1735 1443 1787 1491 (l.

1136 1501 1159 1538 l.
1178 1515 1262 1552 pag.
1286 1501 1367 1541 435
1388 1502 1486 1550 seq.)
1517 1500 1587 1537 illic
1605 1513 1666 1538 eos
1685 1499 1788 1537 habi-

1135 1562 1234 1595 tasse
1263 1561 1406 1603 censet,
1436 1557 1496 1594 ubi
1526 1570 1622 1594 nunc
1650 1556 1789 1606 praeci-

1137 1626 1211 1665 pua
1233 1618 1289 1651 est
1307 1613 1413 1650 sedes
1443 1614 1561 1663 gentis
1583 1612 1786 1650 Calmucco-

1137 1682 1236 1716 rum,
1266 1681 1308 1706 ac
1329 1669 1418 1706 ditio
1436 1682 1531 1718 quae
1556 1669 1689 1707 dicitur
1705 1670 1784 1708 τῶν

1139 1725 1297 1774 Oc'guren
1323 1738 1351 1762 s.
1371 1724 1533 1774 Juguren
1549 1738 1578 1761 s.
1603 1724 1731 1763 Elath.

1194 1778 1408 1830 οἰκημένον
1446 1778 1488 1820 δὲ
1516 1777 1612 1831 πρὸς
1649 1777 1710 1831 1Ξῶ
1748 1795 1789 1820 τε

1143 1835 1211 1876 καὶ
1259 1834 1376 1887 ἡλίου
1422 1832 1649 1884 οἷνατολᾶς]
1705 1837 1789 1875 Hoc

1136 1893 1339 1942 Schweigh.
1352 1898 1524 1931 monente
1542 1894 1592 1931 ita
1610 1893 1789 1945 accipien-

1134 1950 1238 1987 dum:
1259 1954 1405 1999 gentem
1424 1949 1716 1999 Massagetarum
1733 1950 1790 1987 in-

1134 2005 1252 2044 colere
1281 2009 1437 2055 regiones
1469 2006 1518 2043 ad
1545 2008 1706 2044 orientem
1723 2007 1789 2056 (in

1133 2062 1297 2114 partibus
1323 2062 1577 2112 orientalibus)
1603 2064 1704 2101 sitas.

1319 2146 1351 2184 c
1369 2158 1390 2183 a
1408 2159 1445 2197 p.
1485 2146 1600 2185 ccn.

1192 2226 1212 2269 ὀ
1229 2225 1270 2269 δὲ
1285 2224 1452 2283 Ἀράξης
1470 2228 1617 2283 λέγεται
1635 2228 1703 2270 καὶ
1721 2229 1785 2282 μέ-

1137 2286 1213 2333 ζων
1249 2284 1317 2324 καὶ
1360 2283 1538 2326 ἐλάσσων
1575 2283 1678 2326 εἶναι
1713 2290 1787 2327 τοῦ

1123 2340 1302 2393 Ἴστρου]
1333 2342 1435 2381 Haec
1456 2344 1506 2380 ita
1535 2343 1786 2393 intelligenda,

1136 2403 1176 2435 ut
1198 2399 1421 2446 Herodotus,
1443 2400 1505 2449 qui
1525 2399 1614 2438 haec
1631 2413 1675 2438 ex
1694 2400 1784 2437 alio-

1136 2468 1212 2492 rum
1231 2455 1416 2493 auditione
1426 2456 1564 2506 accepit
1581 2455 1787 2506 retulitque,

1137 2511 1297 2549 diversas
1316 2523 1359 2548 ac
1379 2512 1626 2562 discrepantes
1643 2516 1787 2564 specta·

1136 2568 1225 2606 verit
1243 2568 1434 2619 opiniones
1464 2568 1710 2618 (Graecorum
1736 2581 1786 2606 sc.

1137 2636 1226 2662 suae
1242 2625 1403 2673 aetatis),
1428 2637 1579 2673 quai-nun
1595 2624 1686 2663 aliae
1694 2623 1787 2662 Ara-

1135 2692 1216 2718 xem
1244 2680 1336 2717 Istro
1355 2681 1528 2719 maiorem
1540 2710 1551 2728 ,
1564 2680 1655 2719 aliae
1670 2680 1786 2718 mino-

1135 2749 1210 2774 rem
1228 2737 1469 2787 perhiberent.
1526 2736 1647 2786 Magis
1673 2748 1785 2786 quae-

1134 2792 1241 2829 situm
1262 2793 1425 2839 videtur,
1443 2793 1471 2829 si
1498 2792 1698 2831 Niebuhrio
1716 2803 1782 2828 au-

1133 2853 1232 2886 ctore
1276 2849 1351 2897 (de
1375 2849 1576 2900 geograph.
1602 2846 1780 2886 Herodot.
