1909 3228
524 241 935 280 EUTERPE.
995 243 1038 279 11.

27 359 92 404 16
147 349 359 404 κισχίλιοι.

149 439 307 482 σκομεν
318 459 330 479 ,

1313 245 1397 285 513

419 349 475 391 Εἰ
506 343 567 394 ὧν
603 349 724 407 ἡμεῖς
763 348 909 405 ὀρθῶς
946 351 1041 405 περὶ
1082 350 1228 395 αὐτῶν
1265 351 1396 406 γινοί-

375 425 523 479 Ἴωνες
563 428 645 472 οὐκ
684 424 735 471 εὖ
765 429 1005 484 φρονέουσι
1033 429 1130 483 περὶ
1158 429 1395 486 Αἰγύπτου.

119 507 187 548 Ξεί
216 506 261 549 δὲ
292 504 403 562 ὀρθή
435 508 521 550 ἐστι
549 506 576 563 ἦ
607 511 694 551 τῶν
721 506 877 551 Ἰώνων
905 505 1078 563 γνώμη,
1115 506 1324 564 ’Ἐλληνοές
1352 525 1396 553 τε
1408 516 1453 550 60

148 585 222 627 καὶ
259 583 418 636 αὐτούς
454 586 605 637 Ἴωνας
643 584 927 641 ἀποδείκνυμι
966 584 1047 629 οὐκ
1094 586 1398 643 ἐπισταμένους

148 665 411 717 λογίζεσθαι·
458 666 506 707 οῖ’
533 676 639 719 φασι
676 667 772 719 τρία
816 664 947 719 μόρια
986 662 1096 707 εἶναι
1125 668 1208 720 γῆν
1237 670 1396 718 πᾶσαν,

119 740 378 797 3Εὐρῶπην
406 759 450 785 τε
480 743 551 785 καὶ
575 741 720 799 Ἀσίην
747 743 820 785 καὶ
847 741 1031 799 Λιβύην.

1088 743 1290 797 τέταρτον
1316 744 1399 799 γάρ

149 820 202 874 δή
233 832 368 874 σφεας
398 823 464 864 δεῖ
489 823 872 876 προσλογίζεσθαι,
903 819 1129 876 Αἰγύπτου
1158 822 1208 865 τὸ
1237 821 1398 865 Δέλτα·

120 899 188 939 4εί
222 897 280 953 μή
320 915 360 941 τι
398 899 444 953 γε’
474 899 562 942 ἐστι
599 905 673 955 τῆς
709 899 864 956 Ἀσίης,
902 900 1004 957 μήτε
1033 904 1108 957 τῆς
1135 899 1310 956 Λιβύης.
1346 896 1398 942 οὕ

147 975 230 1030 γάρ
261 976 312 1031 δὴ
345 975 368 1020 ὁ
401 978 560 1029 Νεῖλός
590 979 636 1034 γέ
667 979 777 1032 ἐστι,
819 980 926 1022 κατὰ
955 983 1112 1023 τοῦτον
1150 978 1226 1023 τὸν
1255 977 1400 1033 λόγον,

150 1051 173 1095 ὁ
203 1053 283 1110 τὴν
314 1054 460 1114 Ἀσίην
500 1056 690 1113 οὐρίζων
718 1062 793 1115 τῆς
832 1057 1017 1115 Λιβύης·
1063 1061 1146 1102 τοῦ
1184 1055 1322 1101 Δέλτα
1356 1055 1456 1100 δὲ65

291 1278 406 1329 Cap.
448 1279 545 1317 XVI

152 1360 187 1400 εἰ
222 1372 278 1400 ων
319 1360 434 1412 ἡμεῖς
477 1358 612 1413 ὅρθως
651 1363 742 1430 περὶ

95 1412 227 1456 αυτ-ὤν
276 1415 546 1469 γινώσκομεν]
608 1415 742 1458 αὐτων

93 1474 238 1523 reposui
261 1487 338 1510 cum
358 1475 474 1510 Gaiss.
493 1488 560 1523 pro
579 1471 740 1514 αὐτέων.

92 1529 152 1566 Ad
173 1535 422 1577 argumentum
450 1530 517 1566 loci
545 1536 744 1579 teneamus,

92 1590 234 1622 veteres
269 1587 306 1622 in
334 1587 413 1635 ipsa
442 1587 538 1624 orbis
569 1592 744 1624 terrarum

95 1642 273 1679 divisione
303 1643 408 1680 valde
440 1643 674 1691 dissensisse,
706 1648 746 1681 ut

95 1698 255 1747 pluribus
276 1699 323 1735 ad
341 1699 373 1734 h.
396 1698 419 1736 l.
437 1700 575 1736 notavit
596 1700 746 1737 wesse-

97 1753 240 1800 lingius.
297 1755 349 1790 Ac
370 1754 532 1803 plerique
558 1760 633 1792 tres
663 1756 746 1792 olim

99 1810 364 1845 constituebant
380 1815 503 1859 partes
517 1839 527 1857 ,
547 1811 745 1860 Europam,

98 1864 242 1911 Asiam,
259 1864 415 1901 Africam
440 1879 466 1901 s.
487 1866 661 1913 Libyam,
689 1866 747 1902 alii

100 1921 250 1969 quidam
271 1921 360 1957 duas
389 1922 497 1957 modo
529 1926 650 1970 partes
678 1935 745 1970 po-

100 1977 255 2022 nebant,
286 1977 335 2012 ita
365 1981 403 2012 ut
421 1976 541 2013 Africa
564 1977 622 2013 vel
639 1976 748 2014 Asiae

100 2032 156 2069 vel
176 2032 347 2082 Europae
367 2033 640 2070 adscriberetur.
670 2034 749 2070 He-

100 2089 250 2124 rodotus
291 2088 436 2136 quidem
481 2090 529 2125 ad
568 2088 751 2137 vulgarem

103 2157 226 2181 eorum
238 2143 460 2180 Graecorum
471 2173 482 2191 ,
495 2146 555 2193 qui
575 2149 647 2181 tres
667 2158 754 2182 con-

101 2199 298 2237 stituebant
314 2204 457 2249 partes,
487 2200 694 2250 opinionem
714 2214 753 2238 se

102 2255 281 2306 applicat,
311 2256 377 2292 sed
399 2257 435 2292 in
462 2269 506 2293 eo
526 2256 656 2305 opinor
676 2257 751 2293 dis-

103 2312 218 2359 cedit,
264 2311 363 2359 quod
382 2341 392 2359 ,
432 2325 512 2349 cum
547 2312 673 2349 Nilum
704 2312 754 2348 illi

103 2366 294 2403 indicarint
332 2368 522 2405 terminum
566 2367 675 2405 Asiae
717 2372 754 2406 et

104 2421 267 2468 Africae,
296 2423 344 2459 ad
362 2424 518 2460 Africam
546 2425 657 2461 resert
681 2422 753 2461 Ae-

108 2482 259 2526 gyptum
288 2490 355 2515 nec
382 2479 467 2515 Nilo
500 2480 545 2516 ab
584 2479 670 2516 Asia
697 2493 754 2517 se-

108 2533 207 2581 iungi
236 2532 332 2580 vult,
372 2536 436 2572 sed
468 2535 604 2572 Isthmo
633 2534 756 2583 Aegy-

108 2588 226 2638 ptiaco
245 2588 396 2637 sinuque
412 2590 577 2627 Arabico.
615 2591 755 2633 Quodsi

110 2644 206 2681 enim
225 2643 310 2680 Nilo
343 2650 496 2694 utraque
525 2646 620 2682 orbis
642 2650 756 2683 terra-

109 2712 187 2735 rum
208 2712 292 2749 pars
310 2700 585 2747 determinetur,
610 2701 681 2738 iam
699 2715 758 2739 re-

110 2760 206 2792 stare
245 2759 350 2804 putat
385 2756 530 2793 Deltam
565 2757 639 2794 sive
677 2770 756 2794 eam

109 2815 260 2858 terram,
304 2824 398 2860 quae
425 2812 510 2849 Nilo
547 2813 603 2850 vel
634 2814 754 2862 potius

112 2867 188 2903 eius
212 2867 327 2903 fluviis
343 2868 508 2918 utrinque
527 2868 676 2916 inclusa,
701 2870 755 2907 in-

166 2921 375 2961 Hssnonor.
408 2924 435 2960 I.

809 1254 983 1291 termedia
1009 1254 1112 1302 quasi
1141 1253 1233 1290 inter
1261 1251 1384 1288 Asiam
1422 1254 1459 1288 et

808 1308 965 1346 Africam
983 1310 1071 1357 sita,
1102 1312 1266 1358 quartam
1295 1309 1371 1344 fere
1400 1319 1460 1342 or-

808 1365 863 1401 bis
882 1369 1056 1402 terrarum
1086 1370 1224 1414 partem
1244 1363 1459 1400 constituere

809 1421 989 1457 censenda
1010 1421 1076 1467 sit,
1097 1433 1175 1456 cum
1196 1420 1311 1456 neutri
1332 1430 1459 1454 accen-

812 1476 881 1513 seri
902 1475 1028 1526 possit.
1086 1475 1145 1511 Ad
1176 1487 1283 1523 quam
1315 1477 1461 1510 senten·

810 1533 896 1568 tiam
924 1545 967 1568 ea
998 1544 1143 1580 quoque
1170 1531 1322 1576 faciunt,
1366 1541 1461 1577 quae

811 1588 909 1637 apud
926 1588 1166 1637 Pomponium
1178 1585 1312 1623 Melam
1331 1584 1460 1632 legun-

810 1648 869 1680 tur
898 1643 935 1690 Ι,
965 1646 990 1685 9
1029 1641 1065 1693 ἓ.
1097 1645 1199 1689 120,
1237 1641 1296 1678 ubi
1325 1638 1460 1677 consul.

811 1699 857 1737 Is.
878 1699 984 1736 Voss.
1043 1700 1119 1735 Sed
1152 1698 1354 1735 universam
1384 1696 1462 1733 He-

812 1756 931 1792 rodoti
950 1756 995 1792 de
1007 1755 1102 1790 orbis
1120 1758 1295 1791 terrarum
1314 1752 1463 1789 divisio-

813 1824 860 1848 ne
898 1811 1112 1846 sententiam
1158 1810 1251 1846 bene
1300 1807 1464 1856 exposuit

814 1865 1031 1903 Dahlmann.
1052 1865 1190 1901 Herod.
1209 1876 1294 1913 pag.
1316 1865 1368 1903 80
1382 1875 1461 1910 sqq.

816 1921 895 1958 coll.
919 1921 1047 1957 Ukert.
1078 1919 1114 1966 I,
1140 1922 1166 1958 2
1200 1932 1235 1967 p.
1256 1918 1349 1960 215.
1370 1920 1462 1959 216.

873 1971 1132 2025 ἀποδείκνυμι
1159 1970 1232 2014 οὐκ
1262 1971 1464 2022 ἐπισταμέ-

818 2030 934 2081 νους]
972 2032 1030 2069 De
1057 2035 1231 2067 structura
1265 2030 1335 2066 vid.
1372 2033 1461 2065 nott.

819 2087 1102 2134 ad11‚15.1n
1130 2086 1374 2152 sequentibus
1384 2097 1465 2121 cum

818 2143 1018 2191 ΞοΙΝείςΙι.
1049 2143 1295 2192 reposuimus:
1334 2138 1465 2191 τέταρ-

819 2214 887 2238 τον
914 2214 988 2250 γαρ
1022 2193 1080 2247 δή
1117 2197 1204 2245 (ubi
1225 2196 1332 2245 vulgo
1359 2197 1465 2232 omit-

820 2260 900 2293 tunt
920 2251 990 2304 δὴ)
1010 2258 1046 2292 et
1063 2253 1106 2292 εἰ
1112 2249 1170 2304 μή
1199 2267 1244 2291 τι
1266 2266 1308 2304 γε
1330 2254 1463 2302 (quan—

821 2311 1020 2362 (tequidem)
1040 2322 1106 2360 pro
1133 2308 1168 2347 εἰ
1187 2304 1242 2359 μή
1263 2321 1310 2346 τε
1339 2322 1394 2359 γε.

877 2365 901 2406 ὅ
930 2381 1002 2417 την
1026 2361 1162 2414 Ἀσίην
1194 2360 1363 2415 ον’ρίζων
1393 2364 1467 2413 τῆς

820 2418 1004 2486 Λιβύης]
1035 2421 1145 2465 Quod
1171 2420 1254 2457 olim
1280 2419 1467 2468 legebatur

821 2482 871 2531 τῆ
890 2473 1051 2532 Λιβύῃ,
1079 2477 1152 2513 iam
1182 2475 1334 2514 correxit
1359 2474 1468 2512 Wes-

823 2535 1006 2583 selingius.
1051 2532 1122 2569 Pro
1148 2526 1337 2582 οὕρίζων,
1369 2529 1469 2578 quod

822 2604 947 2628 omnes
963 2589 1041 2626 libri
1056 2587 1176 2638 scripti
1186 2591 1323 2633 tenent
1333 2586 1470 2622 Schae-

821 2648 886 2684 ser.
915 2647 950 2682 in
982 2645 1120 2682 Melett.
1139 2643 1229 2681 critt.
1257 2642 1273 2678 I
1294 2654 1379 2691 pag.
1401 2639 1468 2689 95,

822 2702 993 2739 laudante
1012 2701 1042 2738 C
1049 2713 1095 2747 r.,
1128 2699 1234 2736 scribi
1259 2697 1335 2734 vult
1363 2696 1467 2736 διου-

824 2759 942 2807 ρίζων
979 2757 1119 2805 aliaque
1158 2755 1266 2792 affert
1305 2752 1470 2802 exempla

822 2814 926 2850 huius
947 2812 1045 2850 verbi
1063 2811 1220 2861 genitivo
1238 2809 1357 2846 iuncti.
1396 2808 1470 2851 Qui

823 2870 919 2907 idem
947 2873 1067 2907 tamen
1099 2871 1229 2919 postea
1258 2863 1471 2903 sententiam

1145 2924 1200 2962 33
