1877 3223
632 235 932 276 CLIO.I.
1367 237 1419 276 71

36 342 99 387 29
141 351 237 390 λοι·
272 343 658 402 κατεστραμμένων
697 345 742 388 δὲ
777 344 969 396 τούτων,
1022 344 1095 388 καὶ
1136 341 1738 403 προσεπικτω-ιὸηοῗὲζῗξξ,ζῇξιξξζ

1469 417 1486 435 a
1547 404 1737 449 Sapientibus

1469 443 1637 514 ῗεῗειῗξὲῗζ
1652 442 1736 502 ῗὲἶὲἰῤ

1472 508 1695 548 Atheniensibus

1465 542 1734 604 {iffiessssffissna'

141 424 275 482 μένου
296 427 494 480 Κροίσου
514 426 719 476 Λυδοῖσι,
751 421 1030 466 ἀπικνέονται
1047 423 1091 474 ἐς
1106 422 1271 477 Σάρδις
1292 421 1423 476 ἄκμα-

142 503 300 557 ζούσας
327 503 499 562 πλούτῳ
537 501 659 545 ἄλλοι
694 518 738 545 τε
772 504 815 545 οἱ
841 500 997 553 πάντες
1037 501 1085 545 ἐκ
1123 506 1198 558 τῆς
1221 499 1422 552 Ἑλλάδος

141 583 366 639 σοφισταὶ,
414 585 456 624 οἳ
490 584 649 624 τοῦτον
678 579 757 624 τόν
790 580 952 637 χρόνον
990 581 1228 638 ἐτύγχανον
1265 579 1418 633 ἐόντες,

94 751 241 788 sedibus
261 750 355 800 pulsi
376 749 413 786 in
423 748 546 786 Asiam
567 749 742 786 minorem

94 806 380 855 commigrabant
392 835 403 854 ‚
424 818 628 854 nomenque
639 805 743 853 Stry-

93 864 293 899 moniorum
305 891 316 909 ,
337 875 408 911 quo
426 861 541 898 adhuc
558 862 613 897 usi
625 866 740 909 erant,

93 919 361 956 commutabant
388 931 468 955 cum
504 917 741 965 Bithynorum

91 975 344 1026 appellatione.
412 973 510 1011 Hinc
551 973 742 1021 aliquoties

91 1031 245 1068 occurrit
286 1030 442 1066 Thracia
485 1029 665 1076 Asiatica,
696 1030 743 1066 ad

92 1100 202 1136 quam
220 1090 257 1124 et
281 1086 429 1134 Bithyni
462 1088 498 1122 et
519 1083 554 1121 T
557 1084 642 1132 hyni
658 1098 743 1134 per-

92 1144 221 1180 tinent.
269 1142 364 1178 Sunt
385 1142 459 1178 bini
482 1140 738 1190 Xenophontis

92 1199 160 1236 loci
182 1198 319 1236 classici
355 1198 392 1233 in
419 1196 580 1233 Anabasi
604 1197 673 1244 vl,
704 1200 743 1244 2,

90 1259 119 1297 2
152 1253 292 1300 etV11‚
313 1258 340 1295 2
363 1252 402 1303 ᾖ.
424 1256 477 1294 22
504 1252 583 1299 (ubi
603 1252 741 1289 consul.

88 1310 350 1357 Kruegemm),
379 1308 509 1357 quibus
537 1308 743 1356 iungendus

88 1366 222 1403 Strabo
234 1365 317 1402 Xlll
340 1379 377 1414 p.
394 1364 472 1404 541
497 1376 573 1411 seq·
595 1366 742 1412 p-816,

88 1423 134 1460 B.
159 1422 202 1458 C.
234 1425 272 1459 et
288 1420 429 1458 Herod.
451 1419 540 1466 vll,
559 1419 625 1460 75.
682 1419 742 1456 De

88 1478 234 1527 reliquis
265 1477 432 1528 populiS,
491 1488 583 1524 quos
623 1475 678 1512 hic
719 1487 741 1511 a

88 1535 229 1572 Croeso
263 1534 432 1571 subactos
469 1533 621 1582 legimus
637 1560 648 1579 ,
684 1530 742 1569 vix

88 1591 316 1629 monendum.

275 1701 306 1739 C
322 1714 343 1739 a
353 1715 391 1752 p.
421 1700 560 1739 XXIX.

142 1783 490 1836 κατεστραμμένων
514 1782 556 1823 δὲ
568 1780 734 1834 τούτων]

87 1841 238 1888 Oratio,
266 1841 426 1891 pluribus
456 1842 573 1878 verbis
590 1841 735 1879 interie-

87 1898 152 1934 ctis
183 1898 230 1934 ab
256 1902 401 1934 auctore
430 1897 649 1945 interrupta,
679 1897 736 1933 hic

87 1954 269 2004 prioribus
310 1953 427 1990 verbis
468 1953 629 2001 repetitis
664 1953 735 1988 iam

87 2014 332 2057 restauratur,
361 2014 400 2045 ut
428 2006 586 2057 legitime
607 2021 736 2058 proce-

83 2066 157 2103 dat.

142 2145 254 2188 ἄλλοι
272 2163 312 2188 τε
332 2147 373 2187 οἵ
390 2163 418 2186 π
432 2144 577 2192 οὲντες
597 2145 639 2185 ἐκ
665 2148 736 2196 τῆς

83 2201 268 2252 Ἑλλάδος
291 2202 498 2253 σοφισταὶ]
534 2202 733 2239 Valckena—

84 2262 157 2299 rius
186 2263 306 2312 aptius
332 2262 388 2298 hic
415 2260 485 2308 legi
506 2262 633 2309 putat:
665 2256 733 2297 ἆλ-

86 2320 158 2357 λου
189 2332 228 2356 τε
258 2315 542 2366 ἐπιφανέες
572 2330 607 2353 κ.
637 2330 669 2353 τ.
700 2317 731 2353 λ.

84 2375 163 2412 Sed
181 2374 260 2411 libri
279 2388 353 2411 non
371 2373 541 2410 addicunt
561 2372 731 2409 emenda·

85 2431 173 2468 tioni
185 2460 195 2478 ‚
236 2432 307 2479 qua
338 2430 460 2478 utique
492 2429 732 2478 supersedere

83 2499 288 2537 possumus.
353 2486 505 2523 Videtur
537 2486 631 2521 enim
644 2513 654 2531 ,
694 2487 733 2519 ut

86 2544 179 2579 bene
198 2548 320 2580 monet
337 2540 625 2588 wesselingius‚
654 2541 731 2576 He-

85 2599 236 2635 rodotus
253 2599 354 2645 illos,
383 2599 443 2647 qui
474 2610 545 2632 uno
566 2600 732 2646 tempore

88 2659 125 2692 et
142 2654 255 2691 habiti
274 2658 309 2692 et
318 2655 433 2691 vocati
448 2653 733 2701 Sapientes-sunt,

87 2711 259 2749 indicare.
317 2711 510 2759 Sapientes
527 2712 645 2746 autem
654 2709 731 2745 He-

86 2768 235 2804 rodotus
263 2767 401 2803 vocavit
426 2762 638 2813 σοφιστὰς,
666 2765 731 2801 ho-

88 2825 238 2861 norifico
280 2826 362 2860 tunc
405 2821 577 2872 temporis
617 2821 731 2867 titulo,

89 2893 160 2930 quo
182 2881 288 2920 etiam
309 2877 646 2930 P>thagoram(1v,
659 2877 732 2926 95)

810 749 973 798 aliosque
1023 750 1222 800 sapientiae
1260 750 1356 787 fama
1395 763 1461 800 per

811 806 1004 843 Graeciam
1026 806 1180 843 illustres
1204 806 1277 854 (ll,
1300 806 1382 853 49)
1404 819 1463 843 or-

810 862 918 900 navit.
959 862 1038 899 Nec
1064 862 1168 899 aliter
1197 861 1255 898 alii
1282 867 1460 910 auctores»,

811 922 850 954 nt
884 918 980 955 idem
1018 922 1142 955 monet
1181 918 1458 965 Wesselingius‚

811 975 866 1011 cni
887 979 971 1024 post
991 975 1178 1011 oblocutus
1209 979 1267 1011 est
1288 974 1338 1010 W
1339 978 1457 1022 ytten-

811 1030 911 1068 bach.
933 1031 981 1067 ad
1000 1031 1090 1066 Plat.
1110 1030 1237 1066 Moral.
1250 1030 1321 1077 (ll)
1343 1032 1456 1079 p.96,

809 1086 852 1122 A.
897 1086 1166 1124 Animadverss.
1195 1100 1232 1136 p.
1266 1085 1347 1127 654
1375 1099 1458 1135 sqq.

808 1142 905 1179 Nam
921 1155 1039 1191 neque
1056 1142 1285 1179 Plutarchum
1306 1142 1374 1178 hoc
1392 1154 1455 1181 60-

812 1200 958 1246 φιστοῦ
972 1199 1118 1236 nomine
1129 1212 1232 1235 usum
1252 1198 1326 1235 vult
1346 1211 1457 1235 sensu

809 1255 978 1292 laudabili
1005 1268 1071 1305 pro
1093 1268 1159 1302 eo,
1198 1255 1297 1303 quod
1326 1258 1460 1303 postea:

808 1312 994 1348 inductum
1012 1315 1088 1358 est,
1121 1312 1255 1359 σοφοῦ
1284 1324 1312 1346 S.
1334 1313 1453 1359 φιλο-

810 1362 942 1415 σόφου
963 1368 1120 1413 nomine,
1145 1379 1265 1414 neque
1284 1365 1373 1402 alios
1389 1379 1455 1402 an·

806 1422 980 1470 tiquiores
1007 1422 1221 1471 scriptores,
1261 1422 1346 1470 qui,
1374 1435 1455 1458 cum

807 1482 969 1515 oratores
1010 1478 1142 1515 fuerint
1180 1482 1241 1514 aut
1280 1477 1453 1525 historici,

805 1534 1042 1585 philosophos
1072 1533 1130 1571 vel
1149 1547 1215 1583 per
1233 1538 1453 1571 contemtum

806 1590 863 1627 vel
890 1595 1063 1638 tanquam
1090 1591 1256 1627 mercede
1281 1590 1454 1627 docentes

807 1647 864 1684 vel
893 1648 1055 1683 nondum
1083 1648 1239 1684 discreta
1267 1646 1454 1695 utriusque

806 1703 967 1740 vocabuli
994 1704 1143 1740 notione
1169 1699 1360 1752 σοφιστάς
1388 1716 1454 1751 ap—

807 1760 985 1810 pellarint.
1045 1759 1156 1803 Quod
1199 1763 1238 1796 ut
1285 1759 1332 1796 de
1374 1758 1452 1795 aliis

799 1816 1035 1865 scriptoribus
1053 1829 1147 1852 nunc
1155 1829 1229 1851 non
1242 1816 1450 1863 disquiram,

799 1873 850 1908 ita
869 1872 1097 1908 Herodotum
1118 1875 1214 1908 certe
1234 1872 1387 1907 honesto
1406 1871 1452 1905 ti-

799 1927 873 1963 tulo
905 1929 1098 1976 σοφιστοῦ
1126 1940 1231 1963 usum
1258 1939 1340 1963 esse
1365 1939 1450 1974 per*

800 1995 947 2018 suasum
984 1983 1119 2028 habeo,
1176 1981 1251 2018 sive
1287 1982 1450 2017 nondum

801 2037 962 2074 vocabuli
989 2038 1136 2074 notione
1164 2037 1341 2083 discreta,
1371 2037 1447 2074 sive

802 2093 871 2130 alia
900 2107 942 2130 ex
971 2106 1101 2139 causa,
1132 2106 1239 2141 quam
1264 2094 1320 2130 hic
1342 2093 1445 2129 inda-

803 2162 891 2198 gare
910 2163 983 2185 non
1000 2150 1138 2186 attinet.
1185 2148 1233 2185 Ac
1258 2149 1445 2187 Diodorus

802 2207 837 2242 in
859 2205 1043 2255 Excerptt.
1076 2205 1153 2251 (T.
1174 2205 1205 2241 Il
1229 2218 1263 2254 p.
1287 2207 1341 2246 23
1363 2218 1444 2240 nov.

801 2262 939 2311 scriptt.
971 2262 1108 2298 collect.
1129 2263 1185 2299 ed.
1210 2261 1316 2309 Mai.)
1337 2259 1373 2311 ἓ.
1390 2263 1445 2301 26

799 2320 927 2355 eadem
951 2319 987 2354 in
1009 2331 1067 2363 re,
1097 2322 1201 2354 vocat
1216 2315 1307 2364 τούς
1321 2316 1444 2366 ἐκτῆς

796 2371 982 2420 Ἑλλάδος
1005 2373 1068 2412 ἐπὶ
1090 2374 1212 2427 σοφίᾳ
1223 2369 1444 2425 πρωτεύον-

798 2446 867 2476 τας
887 2436 923 2467 et
944 2427 1036 2477 τοὺς
1057 2429 1118 2469 ἐπὶ
1141 2430 1359 2483 φιλοσοφίᾳ
1382 2444 1443 2479 με-

798 2489 934 2539 γ’στην
965 2482 1082 2537 δόξην
1118 2485 1284 2537 ἔχοντας.
1346 2485 1443 2530 Quin

798 2558 881 2580 mox
911 2544 1058 2581 eosdem
1090 2543 1272 2594 sapientes
1302 2543 1443 2587 eodem,

797 2614 870 2649 quo
900 2600 1131 2646 Herodotus,
1170 2604 1275 2636 ornat
1297 2599 1442 2635 nomine

798 2658 1022 2704 σοφιστῶν,
1078 2668 1187 2692 sensu
1229 2655 1439 2692 honorifico,

797 2713 877 2750 Nec
898 2713 966 2750 alio
983 2717 1093 2760 atque
1102 2712 1313 2749 Herodotus
1332 2724 1442 2748 sensu

799 2765 988 2817 σοφιστάς
1043 2769 1182 2805 dixerat
1237 2767 1440 2805 Androtion

797 2830 810 2868 (
829 2839 886 2874 ap.
909 2824 1056 2861 Aristid.
1086 2823 1119 2859 ll
1144 2837 1180 2874 p.
1196 2825 1276 2865 311
1296 2823 1440 2870 lebb.)·‚

799 2882 870 2918 vid.
903 2881 978 2918 eius
1010 2882 1138 2930 fragm.
1171 2893 1208 2931 p.
1240 2881 1340 2926 118,
1370 2878 1437 2915 nisi
