1909 3228
31 314 131 360 106
154 328 223 355 ται
252 309 506 366 Αἰγύπτιον.

540 199 1058 238 EUTERPE.II.
1333 199 1417 238 719

569 307 654 360 Ττὶς
693 309 738 352 δὲ
774 307 928 365 στήλας
967 307 1043 359 τὰς
1076 308 1172 350 ἵστα
1200 306 1309 349 κατοὲ
1339 305 1415 357 τὰς
1473 317 1558 357 Gippi
1604 318 1749 345 victoriae

1472 350 1509 377 de
1527 351 1706 380 imbellibus,
1719 353 1749 378 ῐιι

151 389 293 447 χώρας
313 388 335 433 ὁ
349 389 574 445 Αἰγύπτου
593 387 797 445 βασιλεὺς
817 388 1064 441 Σέσωστρις
1077 419 1087 437 ,
1118 388 1164 429 αἱ
1181 386 1259 441 μὲν
1278 388 1410 428 πλεῦ-
1469 384 1750 411 ¹'³¹³⁰⁸‘¹'¹¹³¹²‘¹‘¹²¹⁰

1469 422 1587 444 statuae
1606 419 1685 444 circa
1704 419 1749 444 lo-

1471 453 1548 477 niain
1560 472 1567 485 ,
1605 452 1749 478 Sesostris

152 486 223 521 νες
256 468 401 512 οὐκέτι
430 471 664 524 φαίνονται
694 471 965 521 περιεοῦσαι·
1014 467 1059 509 ἐν
1091 466 1134 508 δὲ
1164 469 1216 521 τῇ
1247 468 1413 507 Παλαι-
1470 485 1630 517 imaginem
1669 485 1749 511 rae-

1473 523 1572 544 rentes
1581 539 1588 552 ‚
1609 527 1665 545 non
1683 519 1749 545 Me-

155 550 279 605 στίνῃ
310 550 456 605 Συρίῃ
488 546 619 597 αὐτὸς
650 546 780 601 ὅρεον
811 545 988 597 ἐούσας,
1019 546 1093 588 καὶ
1111 544 1162 587 τὰ
1180 543 1413 599 γράμματα
1471 553 1598 579 ¹¹numis-

127 627 208 670 Qut·
240 626 441 682 εἰρημένα
473 627 669 677 ἐνεόντα,
713 626 784 668 καὶ
813 624 1020 680 γυναικὸς.-
1051 627 1207 666 αἰδοῖα.
1264 624 1344 666 εἰσὶ
1375 622 1474 665 δὲὸὃ

155 707 228 750 καὶ
257 707 352 762 περὶ
377 705 542 762 Ἰωνίην
582 705 662 749 δύο
701 702 832 748 τύποι
869 704 915 747 ἐν
944 707 1124 760 πέτρῃσι
1154 703 1416 758 ἐγκεκολαμ-

100 937 192 973 inter
214 948 252 972 se
279 934 539 972 confudissent.
602 934 755 971 Sardia-

99 1005 146 1029 mz
179 992 273 1028 enim
303 991 411 1027 lintea
439 991 544 1028 1111116
575 992 754 1028 celebrata

100 1061 165 1098 per
209 1048 421 1093 Graecianr,
478 1049 576 1085 unde
617 1046 753 1098 βάμμα

100 1100 369 1155 Σαρδιανικόν
405 1105 503 1153 apud
531 1104 752 1154 Hesychium

102 1176 129 1197 5.
152 1174 183 1196 v.
201 1164 431 1197 memoratur.
489 1160 550 1197 Tu
579 1162 650 1197 vid.
671 1161 753 1197 Ari-

101 1217 220 1267 stoph.
247 1216 404 1252 Acharn.
430 1218 520 1258 112.
546 1217 754 1258 Pac.1174

102 1274 222 1323 ibique
247 1273 450 1322 interprett.

309 1356 340 1393 c
353 1369 373 1392 a
384 1370 420 1406 p.
454 1355 549 1394 cvi.

157 1436 228 1486 τας
250 1436 292 1478 δὲ
317 1435 461 1489 στήλας
482 1435 550 1485 τοὶς
569 1438 670 1489 ἵστα]
699 1440 757 1478 De

102 1497 296 1534 accusativi
324 1497 466 1533 ratione
496 1496 629 1532 consul.
660 1497 759 1533 Mat-

102 1553 201 1591 thiae
229 1553 293 1589 Gr.
315 1553 379 1589 Gr.
408 1566 444 1602 p.
467 1555 561 1593 790.
586 1555 688 1600 886,
711 1566 758 1590 ΗΘ

102 1610 216 1660 plura.
276 1609 388 1652 Quod
413 1610 461 1645 ad
496 1609 611 1658 ipsam
634 1622 759 1646 narra-

102 1668 238 1703 tionem
254 1666 406 1712 attinet,
431 1670 543 1713 negat
562 1666 691 1714 Zoega
711 1667 758 1703 de

104 1722 272 1759 obeliscc.
300 1735 336 1771 p.
359 1724 439 1762 578
465 1736 539 1770 seq.
579 1723 759 1759 Sesostri-

105 1779 189 1815 dem
217 1791 302 1814 vere
330 1778 394 1814 has
412 1778 594 1814 columnas
615 1779 759 1828 posuis-

106 1848 166 1881 se,
198 1834 296 1870 cuius
325 1835 472 1870 nomine
503 1838 652 1871 vocatae
688 1836 759 1871 sint

106 1894 287 1939 quotquot
312 1889 499 1926 columnae
527 1891 574 1926 ad
598 1896 758 1928 veterum

105 1960 233 1995 regum
257 1946 458 1995 potentiam
499 1950 657 1983 statutae
682 1960 759 1984 cre-

108 2004 205 2040 ditae
242 2003 386 2039 fuerint.
463 2001 758 2040 Palaestinenses

108 2059 255 2108 quidem
295 2059 371 2095 iure
416 2059 632 2096 Sesostridis
689 2060 760 2096 dici

106 2129 236 2165 posse,
268 2127 346 2151 cum
368 2115 455 2151 nihil
484 2116 634 2152 credere
663 2120 760 2153 vetet

108 2171 368 2208 conterminam
385 2172 572 2220 regionem
594 2176 667 2208 tam
685 2173 759 2222 pri-

110 2241 169 2265 sco
193 2229 265 2264 iam
297 2240 386 2264 aevo
413 2228 676 2277 Aegyptiorum
702 2242 760 2264 re-

109 2285 216 2333 gibus
247 2284 417 2320 tributum
442 2285 624 2333 pendisse.
685 2285 761 2321 Sed

110 2341 156 2377 de
176 2339 349 2376 columnis
368 2341 413 2376 ab
434 2340 628 2377 Herodoto
650 2341 686 2377 in
704 2342 763 2377 lo-

111 2397 171 2433 nia
183 2397 267 2432 visis
287 2396 336 2432 nil
356 2397 441 2433 certi
457 2398 630 2433 affirmari
649 2410 762 2447 posse

112 2465 230 2501 neque
277 2451 408 2489 similes
443 2452 530 2489 istas
572 2452 762 2502 Aegyptiis

113 2509 259 2543 omnino
293 2509 429 2554 fuisse3
474 2521 568 2557 quae
600 2510 629 2545 si
657 2522 763 2546 verae

113 2565 270 2611 suerint,
298 2577 373 2600 non
396 2566 478 2601 ideo
497 2578 586 2614 opus
615 2565 764 2603 aSeso-

115 2621 226 2657 stride
246 2625 380 2657 erectas
400 2620 482 2657 illas
507 2625 650 2670 putare,
669 2634 764 2670 quae

114 2689 135 2713 3
155 2677 319 2726 profugis
337 2681 399 2714 aut
418 2677 552 2713 colonis
572 2676 763 2727 Aegyptiis

112 2734 201 2782 poni
216 2734 442 2783 potuissent3
461 2733 764 2782 quemadmodum

113 2790 152 2825 in
185 2789 378 2839 Aethiopia
414 2789 631 2826 Sesostridis
667 2789 764 2826 coln-

114 2858 217 2883 mnas
254 2858 276 2882 a
299 2846 556 2884 mercatoribus
576 2846 698 2896 potins
726 2846 763 2882 in

823 933 920 980 regis
949 931 1123 968 honorem
1141 960 1151 978 ,
1195 945 1303 981 quam
1331 933 1376 968 ab
1404 932 1472 969 hoe

822 990 902 1038 ipso
928 989 1065 1038 positas
1097 989 1217 1025 fuisse.
1284 989 1471 1024 Hactenus

823 1046 963 1093 Zo'ega.
1033 1046 1110 1081 Sed
1148 1048 1353 1095 repugnant
1384 1045 1473 1081 haec

821 1103 927 1139 certis
946 1101 1118 1138 historiae
1138 1102 1350 1139 testimoniis
1366 1101 1474 1150 ipsis-

821 1171 893 1207 que
911 1158 1152 1195 monumentis
1170 1157 1415 1208 Aegyptiacis,
1436 1161 1476 1194 ut

822 1216 975 1251 vidimus
995 1215 1042 1250 ad
1066 1215 1097 1250 II
1112 1245 1121 1261 ⁷
1146 1217 1236 1255 102.

881 1270 923 1310 ἐν
947 1268 988 1309 δὲ
1005 1273 1053 1325 τῇ
1078 1269 1323 1322 Παλαιστίνῃ
1346 1269 1475 1323 Συρίῃ

825 1322 945 1373 αὐτὸς
983 1323 1100 1377 ὅρεον
1133 1322 1298 1376 ἐούσας]
1359 1322 1477 1376 ὅρεον

826 1384 923 1420 edidi
971 1397 1050 1420 cum
1098 1388 1249 1420 recentt.
1296 1383 1476 1432 probante

824 1440 944 1476 Koen.
966 1440 1014 1475 311
1032 1440 1146 1487 Greg.
1159 1439 1322 1475 Corinth.
1335 1452 1370 1487 p.
1383 1439 1476 1478 407.

826 1496 947 1531 —Ex
963 1495 1032 1531 hoc
1049 1500 1169 1532 autem
1183 1495 1261 1531 loco
1275 1495 1385 1530 nolim
1407 1494 1478 1531 col-

825 1551 958 1600 ligere,
981 1552 1211 1588 Herodotum
1233 1552 1269 1587 in
1288 1551 1404 1601 ipsam
1420 1551 1479 1586 111-

827 1609 957 1645 daeam
977 1608 1187 1657 pervenisse
1214 1608 1339 1657 (quod
1360 1608 1387 1643 si
1418 1621 1478 1644 es-

828 1668 904 1710 set,
936 1665 983 1701 de
1004 1664 1129 1701 incolis
1149 1665 1252 1701 huius
1275 1668 1404 1710 terrae,
1423 1664 1479 1700 in-

827 1720 1036 1769 stitutisque
1065 1722 1228 1770 profecto
1271 1725 1479 1765 narrasset,

825 1778 920 1814 conf.
951 1781 1043 1813 nott.
1083 1778 1130 1813 ad
1157 1777 1212 1824 II,
1242 1777 1353 1823 104).
1411 1777 1481 1812 Est

828 1833 920 1869 enim
950 1833 985 1868 h.
1012 1833 1034 1869 l.
1066 1846 1107 1870 ea
1135 1846 1220 1882 pars
1247 1833 1479 1869 Palaestinae

826 1888 1082 1936 intelligenda,
1123 1902 1216 1937 quae
1246 1902 1346 1926 mare
1369 1889 1480 1925 attin-

826 1945 900 1993 git,
930 1958 993 1981 ora
1012 1946 1211 1992 maritima,
1242 1945 1480 1982 Phoenicibus

829 2005 939 2049 atque
965 2001 1170 2038 Philistaeis
1200 2001 1261 2050 qni
1302 2002 1481 2046 dicuntur,

828 2062 1015 2107 occupata.
1073 2057 1113 2093 In
1151 2059 1303 2095 eandem
1334 2062 1481 2095 senten-

828 2115 913 2150 tiam
941 2114 1142 2151 Larcherus
1175 2115 1360 2164 disputat,
1401 2126 1483 2150 cum

827 2175 960 2207 terram
978 2198 988 2216 ,
1035 2183 1128 2218 quae
1157 2171 1204 2207 ad
1239 2170 1392 2207 Davidis
1422 2174 1483 2206 aut

828 2226 1034 2263 Salomonis
1056 2227 1243 2276 imperium
1255 2227 1483 2276 pertinuerit,

829 2282 887 2319 hic
909 2283 1062 2331 intelligi
1089 2297 1198 2333 posse
1224 2287 1348 2331 negat.
1406 2283 1483 2320 Sed

832 2338 1012 2376 Ascalone
1043 2342 1162 2387 (quae
1178 2339 1406 2377 Palaestinae
1428 2339 1484 2375 di-

830 2396 921 2432 citur
942 2396 1027 2432 urbs
1045 2396 1078 2441 I,
1104 2397 1202 2443 105)
1229 2400 1364 2432 statuas
1395 2395 1483 2446 poni

830 2452 995 2501 potuisse
1011 2452 1221 2499 arbitratur,
1243 2452 1405 2501 illudque
1419 2453 1484 2488 ad-

833 2509 904 2555 dit,
931 2521 1071 2545 omnem
1092 2509 1280 2556 regionem
1305 2521 1327 2544 a
1352 2509 1483 2557 Ienyso

832 2577 947 2612 usque
997 2565 1044 2600 ad
1090 2564 1330 2601 Serbonidem
1366 2565 1482 2602 lacum

833 2620 944 2667 (Her.
975 2620 1047 2666 Ill,
1074 2620 1129 2668 5)
1169 2622 1217 2656 ad
1243 2622 1384 2669 Syriam
1411 2621 1484 2657 Pa-

833 2676 1088 2713 laestinensem
1105 2677 1324 2725 pertinuisse
1344 2690 1412 2715 nec
1431 2677 1484 2714 ul-

834 2732 868 2768 lo
889 2737 1054 2782 tempore
1072 2732 1203 2769 Davidi
1223 2734 1398 2783 paruisse.

890 2785 962 2826 δύο
980 2783 1114 2838 τύποι]
1144 2784 1262 2828 τύποι
1287 2794 1370 2827 sunt
1391 2792 1482 2828 ima-

830 2847 952 2893 gines,
972 2845 1141 2895 figurae,
1171 2849 1210 2882 ut
1225 2846 1278 2895 II,
1303 2848 1368 2889 86.
1390 2849 1481 2888 138.
