1909 3228
671 221 703 259 C
733 221 810 260 LI
842 222 888 262 Ο.
938 218 973 261 '1.

1359 223 1445 264 395

179 330 239 382 ’Ὶς
268 329 439 388 οὔνομα
475 329 597 389 αὐτῇ.
641 331 749 376 ἔνθα
779 331 866 376 ἐστὶ
895 329 1089 387 ποταμὸς
1117 327 1172 375 οὐ
1200 330 1353 387 μέγας·
1384 330 1443 384 ’Ὶς

185 411 259 454 καὶ
286 414 348 468 τῷ
377 415 558 470 ποταμῷ
595 410 644 456 τὸ
676 410 865 466 οὕνομα·

156 488 268 533 7τόν
306 489 545 548 Εὐφρήτην
585 489 782 547 ποταμόν
819 490 868 534 τό
910 490 1106 546 ῥέεθρον.
1165 484 1296 541 οὗτος
1325 484 1387 534 ὧν
1417 489 1498 534 655

927 410 1123 468 ἐσβάλλει
1160 409 1205 454 δὲ
1245 405 1371 462 οὗτος
1399 411 1444 462 ἐς

176 567 233 620 ’Ὶς
261 568 479 625 ποταμός,
537 569 626 626 ἅμα
661 575 722 629 τῷ
765 570 895 614 ὕδατι
937 570 1165 626 θρόμβους
1216 567 1443 625 ἀσφάλτου

187 646 392 692 ἀναδιδοῖ
419 649 629 700 πολλούς’
661 649 789 693 ἔνθεν
822 647 849 705 ἡ
881 647 1102 706 ἄσφαλτος
1131 649 1173 700 ἐς
1200 646 1249 693 τό
1280 647 1327 692 ἐν
1357 652 1440 693 Βα-

62 727 162 773 180
185 730 347 782 βυλῶνι
376 732 511 783 τεῖχος
540 727 760 784 ἐκομίσθη.

182 806 327 864 βυλεὸν
354 805 500 865 τρόπῳ
531 808 695 864 τοιῷδε.
753 807 839 850 ἔστι
867 808 912 850 δὲ
942 806 1023 850 δύο
1054 805 1224 863 φάρσεα
1252 810 1328 863 τῆς
1356 805 1437 851 πό-

815 730 1049 784 Τετείχιστο
1079 727 1158 783 μέν
1186 744 1271 772 νυν
1298 725 1325 785 ἡ
1356 732 1438 771 Βα-

181 889 274 935 λιος
292 899 301 910 ·
330 883 379 928 τὸ
409 883 492 940 γὰρ
523 884 657 941 μέσον
688 883 820 943 αὐτῆς
849 885 1042 942 ποταμὸς
1071 884 1250 942 διέργει,
1278 889 1342 944 τῷ
1363 885 1438 930 οὔ·

170 1063 227 1115 ’Ὶς
247 1065 400 1119 οὕνομα
419 1064 545 1124 αὐτῇ]
577 1068 646 1107 Vix
671 1069 777 1107 dubi-

123 1138 187 1162 um
218 1138 298 1163 esse
331 1130 479 1176 potest,
518 1127 564 1163 ab
583 1127 775 1164 Herodoto

125 1194 205 1219 eam
233 1182 382 1219 indicari
417 1183 563 1230 urbem,
599 1183 654 1220 cui
682 1195 777 1219 nunc

124 1251 257 1276 nomen
278 1242 332 1275 est
352 1238 440 1285 Hit,
472 1239 530 1275 ubi
550 1239 666 1275 adhuc
691 1240 774 1275 fon-

124 1298 179 1331 tes
197 1294 255 1331 isti
273 1295 401 1331 fervidi
416 1307 458 1331 ac
480 1295 659 1332 fumantes
685 1308 773 1331 con-

124 1350 212 1399 spici
252 1350 438 1397 dicuntur,
478 1351 629 1400 ipsaque
662 1352 772 1398 falna,

123 1406 152 1442 si
170 1418 283 1455 penes
304 1406 491 1443 Herbelot.
509 1407 598 1443 fides
611 1435 621 1452 ‚
650 1419 773 1443 serva-

121 1466 159 1498 ta
175 1465 250 1508 est,
271 1461 338 1498 hoc
356 1462 528 1499 bitumine
546 1462 771 1510 Babylonem

120 1517 206 1554 olim
231 1518 342 1555 fuisse
375 1522 601 1556 exstructam.
661 1519 769 1556 Conf-

119 1573 250 1612 Ritter.
279 1574 482 1612 Erdkunde
508 1574 540 1610 II
568 1587 654 1625 pag.
676 1575 768 1616 148.

119 1629 273 1668 Rennel.
300 1629 323 1666 l.
342 1630 365 1667 l.
395 1644 481 1682 pag.
501 1632 583 1672 552
612 1636 648 1669 et
668 1632 769 1669 Hee-

120 1699 197 1724 ren.
215 1686 328 1724 Ideen
356 1687 391 1733 I,
418 1691 444 1728 2
472 1700 557 1737 pag.
581 1690 677 1735 148,
708 1688 771 1737 qui

123 1743 217 1779 bene
247 1743 373 1790 addit,
411 1744 520 1781 hosce
548 1746 667 1781 sontes
696 1757 772 1780 non

122 1799 244 1834 unicos
275 1799 312 1835 in
342 1799 411 1836 illis
440 1800 650 1848 regionibus
677 1812 771 1847 esse,

122 1867 246 1891 verum
282 1859 427 1904 praeter
464 1855 553 1892 alios
592 1856 630 1892 in
659 1855 771 1903 'Tigri

120 1911 329 1959 frequentes
367 1911 528 1948 inveniri.
595 1911 655 1949 De
691 1912 772 1961 ipso

122 1967 253 2014 fluvio,
279 1968 340 2016 qui
360 1968 487 2003 dicitur
502 1965 559 2014 Is,
588 1980 694 2004 nemo
712 1980 774 2004 ve-

121 2027 238 2059 terum
250 2024 561 2072 recentiorumque
577 2025 773 2072 quidquam

123 2079 222 2116 dixit.
282 2079 387 2122 Quae
422 2080 515 2117 enim
548 2092 592 2117 ex
620 2079 773 2128 Etymo-

123 2134 209 2183 logo
254 2139 364 2184 atque
411 2134 603 2172 Eustathio
648 2135 776 2173 laudat

122 2191 405 2240 WVesselingiuQ
434 2191 484 2228 nil
511 2192 684 2228 adiuvant
705 2205 773 2229 nec

123 2246 270 2285 aliunde
297 2248 366 2284 nisi
395 2261 438 2285 ex
464 2248 544 2298 ipso
578 2248 771 2285 Herodoto

123 2304 340 2354 deprompta
386 2305 565 2342 videntur.
635 2304 773 2342 Nostra

123 2364 242 2398 aetate
254 2361 353 2397 urbis
370 2360 533 2397 nonnulli
549 2361 769 2398 mentionem

122 2416 264 2462 secere,
292 2417 392 2453 fluvii
419 2429 548 2464 nemo,
578 2421 618 2453 ut
649 2417 695 2455 de
724 2430 768 2455 eo

123 2471 289 2508 dubitare
307 2473 444 2522 possis,
474 2473 542 2509 nisi
571 2486 667 2510 nunc
695 2475 770 2510 for-

124 2539 190 2562 san
201 2527 413 2564 exsiccatum
430 2529 540 2566 fuisse
559 2530 705 2566 fluvium
722 2530 769 2566 ti-

124 2582 160 2618 bi
181 2584 400 2633 persuadere
427 2585 525 2622 velis.
581 2586 657 2622 Sed
681 2585 770 2623 haec

124 2638 272 2676 minime
291 2643 392 2676 tanta
412 2645 516 2687 sunt,
544 2644 584 2677 ut
601 2641 771 2678 Herodo-

125 2698 164 2730 to
181 2695 289 2731 fidem
311 2696 494 2744 denegare
512 2697 664 2745 possint,
679 2698 770 2735 bene

125 2754 275 2787 notante
295 2751 469 2800 Breigero
498 2753 534 2788 in
557 2753 768 2804 Geograph.

125 2805 305 2843 Herodot.
327 2807 484 2857 Specim.
503 2821 589 2858 pag.
611 2810 664 2850 54
678 2823 768 2858 seq„

127 2862 187 2900 ubi
203 2862 315 2900 multa
333 2864 380 2901 de
396 2863 465 2901 hoc
483 2866 592 2902 fluvio
611 2867 770 2916 quaerit3

842 1071 1058 1120 praesertim
1100 1070 1130 1108 si
1168 1082 1262 1120 quae
1299 1084 1409 1122 supra
1448 1084 1494 1111 ex

843 1126 1014 1165 Heerenii
1036 1131 1145 1177 atque
1159 1127 1291 1165 Ritteri
1308 1127 1406 1165 libris
1427 1129 1493 1165 ad-

841 1184 1069 1233 scripsimus,
1106 1184 1357 1221 recentissimis
1386 1197 1494 1235 pere-

842 1240 1083 1288 grinatoribus
1122 1241 1358 1289 comprobata
1395 1245 1490 1279 sunt.

840 1317 896 1322 —
933 1293 1109 1347 θρόμβοι
1157 1293 1363 1344 ἀσφάλτου
1409 1301 1493 1335 sunt

839 1354 959 1399 grumi
986 1353 1166 1389 he'tmm'm's
1193 1352 1230 1389 in
1266 1353 1348 1402 ipso
1382 1355 1492 1391 fluvio

840 1408 936 1445 iuter
970 1408 1044 1445 eius
1075 1409 1190 1444 undas
1220 1410 1328 1456 editi,
1364 1409 1489 1459 quales

839 1464 956 1500 adhuc
983 1464 1021 1499 in
1048 1464 1125 1500 istis
1155 1465 1363 1512 regionibus
1393 1465 1491 1502 haud

835 1532 918 1557 raro
948 1524 1152 1558 cernuntur.

1005 1604 1037 1642 C
1047 1617 1069 1642 a
1078 1617 1115 1655 p.
1146 1603 1335 1644 CLXXX.

893 1687 1099 1740 τετείχιστο
1120 1686 1193 1741 μέν
1215 1704 1291 1729 νυν
1311 1686 1341 1741 ἦ
1363 1689 1493 1740 Βαβυ-

838 1741 918 1784 mv
957 1741 1093 1799 τρόπῳ
1130 1744 1295 1800 τοιῷδε]
1367 1746 1489 1795 Vulgo

839 1800 1086 1851 ἐτετείχιστο,
1134 1815 1241 1851 quam
1278 1801 1492 1852 scripturam

838 1858 1052 1895 auctoritate
1078 1857 1412 1896 Schellershemiani
1448 1858 1492 1895 li-

841 1913 897 1949 bri
928 1914 1138 1961 reiecimm,
1183 1919 1224 1950 ut
1257 1913 1368 1964 paulo
1405 1917 1491 1964 post

843 1968 1027 2020 διείργει,
1057 1969 1156 2006 cuius
1177 1968 1257 2006 loco
1286 1982 1330 2006 ex
1359 1970 1490 2007 eodem

840 2024 932 2061 libro
972 2037 1068 2061 nunc
1112 2030 1297 2075 receptum
1331 2023 1486 2076 διέργει.

839 2079 899 2119 De
916 2085 1111 2129 augmento
1140 2081 1362 2131 reduplicato
1387 2081 1490 2132 plus-

840 2137 1100 2187 quamperfecti
1137 2137 1304 2186 neglecto
1330 2139 1423 2176 conf.
1455 2137 1487 2185 I,

839 2194 894 2234 94
913 2193 974 2229 fin.
988 2214 1043 2220 —-
1059 2189 1187 2246 τρόπῳ
1202 2194 1343 2248 τοιῷδε
1363 2194 1421 2232 hic
1438 2195 1487 2231 ad

838 2250 1089 2287 antecedentia
1110 2254 1272 2301 spectat,
1300 2262 1379 2288 cum
1398 2249 1486 2287 alias

838 2306 887 2342 ad
915 2318 978 2353 ea,
1020 2318 1114 2354 quae
1140 2310 1361 2355 sequuntur,
1391 2307 1487 2344 refe-

837 2366 947 2398 ratur.
1007 2362 1115 2400 Conf.
1150 2362 1281 2400 Matth.
1320 2363 1386 2400 Gr.
1419 2363 1485 2400 Gr.

833 2431 921 2470 pag
944 2419 1038 2459 871.

892 2471 934 2514 τὸ
957 2490 1031 2526 γαρ
1060 2471 1181 2524 μέσον
1218 2469 1340 2525 αὐτῆς
1366 2488 1485 2514 ποτα-

837 2527 910 2582 μὸς
928 2529 1070 2582 διέργει
1091 2545 1127 2569 κ.
1137 2546 1168 2568 τ.
1181 2530 1231 2581 λ.]
1261 2531 1376 2578 Haec,
1391 2531 1484 2568 mul-

835 2591 910 2624 tum
929 2587 1014 2624 olim
1035 2588 1237 2638 disceptata
1259 2591 1322 2625 aut
1352 2587 1388 2624 in
1415 2588 1484 2624 du-

835 2643 932 2680 bium
962 2648 1113 2691 vocata,
1152 2656 1248 2681 nunc
1280 2656 1347 2694 pro
1387 2645 1483 2681 veris

835 2699 1005 2738 habenda
1031 2712 1111 2737 esse
1130 2703 1254 2738 monet
1275 2701 1432 2738 Heeren.
1460 2700 1483 2738 l.

835 2754 859 2793 l.
891 2769 977 2806 pag
1010 2758 1089 2797 177
1116 2757 1353 2794 recentiorum
1378 2769 1486 2807 pere-

835 2812 1059 2860 grinatorum
1088 2811 1201 2849 libros
1232 2816 1394 2859 secutus,
1423 2825 1485 2862 qui

835 2868 873 2905 in
896 2872 1050 2919 utraque
1080 2868 1177 2906 fluvii
1194 2869 1274 2921 ripa
1292 2869 1417 2907 urbem
1436 2869 1486 2908 si-

1606 807 1706 836 domus

1494 739 1665 780 Euphrates
1720 748 1772 768 ur-

1494 773 1657 834 Εξὺιιείιηει·
1644 774 1735 801 rnflue
1739 783 1769 802 ει·

1492 841 1572 870 Viae.

1740 812 1772 836 et
