1909 3228
485 208 582 245 ET
641 206 1247 245 CORRIGENDA.
1538 209 1622 249 929

330 318 370 359 (3
388 317 534 360 livi-ais.)
555 329 630 362 pag.
648 319 717 352 680
737 317 854 361 seqq.)
880 316 930 350 his
957 316 1092 350 verbis:
1127 315 1228 356 „Les
1247 314 1315 350 480
1337 315 1451 349 stades
1470 316 1620 350 &Hero-

328 364 700 408 dote—proviennent
724 363 769 396 du
790 368 923 407 compte
952 363 994 396 de
1011 363 1078 397 360
1097 362 1234 402 stades,
1269 361 1351 394 mais
1378 361 1477 404 qu'on
1507 374 1525 394 a
1550 363 1620 405 pris

328 420 406 442 sans
426 410 530 443 doute
552 421 637 454 pour
653 409 713 442 des
737 409 853 446 stades
881 409 924 441 de
953 408 1036 442 trois
1057 414 1136 442 cent
1164 407 1254 440 mille
1276 407 1295 439 a
1317 407 1348 440 la
1367 407 1622 440 circonse‘rence

326 455 370 487 dn
394 455 492 498 globe
518 460 551 488 et
572 456 793 489 transsormes
817 466 857 487 en
880 457 1131 498 cons‹'=quence;
1164 464 1223 486 car
1243 454 1311 487 360
1330 452 1447 486 stades
1465 454 1508 485 de
1530 459 1621 486 cette

329 500 485 534 derniere
513 502 688 544 grandeur
714 501 787 533 font
821 499 1048 544 precisement
1075 502 1143 534 480
1163 499 1267 543 petits
1292 499 1407 532 stades
1431 499 1620 542 d'Egyth

327 548 451 590 espece
470 547 511 579 de
530 559 659 580 mesure
679 546 758 591 qu’z‘i
781 547 959 579 Herodote
987 558 1006 579 a
1025 550 1268 578 constamuuent
1286 544 1478 588 employee:
1507 545 1620 577 Hero-

326 592 406 625 dote
423 598 457 625 et
477 592 611 625 Ctesias
630 598 689 626 ont
708 593 794 625 donc
823 593 953 625 chacun
978 591 1041 624 fait
1059 603 1182 634 usage,
1208 602 1332 624 comme
1351 589 1392 622 ils
1416 589 1575 623 devoient
1590 590 1622 623 16

326 637 411 670 faire
434 638 737 678 necessairement,
763 637 841 671 d'un
861 638 984 682 espece
1005 637 1223 681 particuliere
1243 637 1286 670 de
1305 636 1440 670 stade.“
1463 655 1508 658 —

107 683 160 717 Ad
179 683 216 724 Ι,
238 684 302 719 173
327 694 405 727 pag.
425 685 491 718 381
518 684 576 717 lin.
592 686 625 719 5.
673 681 807 726 Αἰγέως
837 684 961 716 Struve
994 683 1157 728 (specim.
1181 683 1317 715 secund.
1337 681 1472 714 dialect.
1488 681 1620 714 Herod.

327 740 406 772 pag.
429 730 470 772 7)
496 734 658 763 mutatum
680 730 756 762 vult
783 729 816 762 in
838 726 1016 772 Αἰγέος,
1043 741 1131 773 quae
1158 734 1320 762 constans
1346 733 1398 761 est
1423 727 1539 760 horum
1563 739 1621 759 no-

324 774 443 807 minum
463 777 553 819 apud
580 776 789 809 Herodotum
808 776 928 808 forma.

103 819 156 854 Ad
177 819 214 861 Ι,
233 821 299 855 186
323 831 403 863 pag.
425 822 503 856 416.
560 822 699 855 Monent
731 821 940 865 interpretes
970 819 1182 865 Thucydidis
1211 820 1253 853 ad
1276 819 1310 860 Ι,
1331 820 1375 854 93
1409 831 1442 863 p.
1470 820 1534 853 198
1566 818 1618 851 ed.

324 865 490 907 Gervin...
513 864 692 920 μόῇιβδον
719 868 809 912 apud
834 873 968 900 veteres
990 867 1025 900 in
1052 878 1221 900 murorum
1247 870 1416 899 structura
1435 865 1524 898 haud
1543 875 1621 897 raro

323 922 588 947 commemorari.

102 954 154 989 Ad
178 955 206 995 Ι,
222 956 288 990 187
305 968 339 1001 p.
362 957 430 991 418
456 959 498 991 de
526 958 653 1002 duplici
683 968 722 1001 γε
752 958 841 991 conf.
865 958 920 990 W.
935 958 1078 990 Schorn.
1103 957 1298 1000 Anaxagor.
1319 956 1470 1000 fragium.
1493 955 1620 997 (Bonn.

323 1004 430 1046 1829)
481 1016 535 1036 arr.
555 1006 610 1039 58.

103 1046 156 1080 Ad
173 1046 208 1088 I,
227 1047 296 1083 215
322 1060 402 1093 pag.
424 1016 491 1084 4ξό
503 1033 550 1082 ¹in
573 1054 643 1083 not.
668 1061 688 1082 a
714 1048 770 1082 lin.
789 1049 810 1082 3
837 1059 898 1093 pro
920 1049 1006 1081 loco
1028 1047 1163 1091 legend.
1189 1050 1287 1081 loro.
1329 1065 1373 1072 —
1406 1046 1458 1079 Ad
1485 1056 1620 1088 μασχα-

321 1095 492 1137 λιστῆρας
529 1097 619 1129 cons.
651 1094 839 1128 Blomfield.
874 1094 908 1126 in
937 1094 1084 1136 glossar.
1119 1095 1161 1126 ad
1191 1092 1350 1136 Aeschyl.
1373 1092 1621 1132 Pronieth.7l‚

320 1151 419 1183 quem
438 1142 528 1174 haud
548 1142 636 1185 fugit
657 1141 810 1174 Thomae
833 1139 992 1183 Magistri
1012 1140 1104 1172 locus
1125 1151 1205 1183 pag.
1226 1141 1293 1173 595
1314 1152 1340 1172 s.
1358 1150 1391 1171 v.
1414 1135 1528 1180 Μάλη
1541 1163 1549 1178 ,
1563 1138 1619 1170 uhi

319 1185 527 1230 interpretes
550 1187 720 1221 Herodoti
742 1186 974 1219 meminerunt.
1022 1185 1177 1228 Namque
1204 1184 1490 1227 μασχαλιστῆρας
1517 1184 1620 1226 vulgo

316 1239 531 1276 exponuntur
550 1233 622 1266 lora
635 1258 644 1273 ,
667 1244 754 1276 quae
773 1243 934 1276 equorum
953 1231 1102 1275 scapulis
1120 1232 1378 1264 subtenduntur.
1427 1230 1503 1263 Nec
1521 1229 1622 1262 aliter

320 1278 396 1311 fere
419 1280 509 1323 apud
530 1279 732 1323 Aeschylum
753 1278 941 1313 Blomfield.
960 1277 984 1310 l.
1004 1277 1026 1310 l.
1046 1277 1301 1322 interpretatur
1327 1278 1436 1309 lorum
1465 1277 1541 1319 equi
1556 1287 1621 1319 pc-

323 1327 466 1358 ctorale.

102 1366 155 1400 Ad
183 1366 235 1409 ΙΙ,
257 1370 280 1403 2
304 1381 385 1414 pag.
406 1371 484 1405 476.
533 1370 634 1410 Quod
661 1369 741 1403 dedi
779 1368 1031 1411 Ψαμμίτιχον,
1065 1368 1154 1401 idem
1184 1367 1218 1400 in
1247 1366 1454 1411 Thucydide
1486 1377 1621 1409 quoque

322 1417 491 1460 praebent
518 1416 596 1449 libri
625 1416 755 1460 optimi.
803 1416 858 1449 'I'u
886 1416 976 1448 conf.
1007 1415 1200 1459 interprett.
1230 1413 1273 1446 ad
1301 1414 1339 1453 Ι,
1359 1412 1424 1447 104
1448 1424 1528 1457 pag.
1551 1413 1619 1446 211

322 1462 375 1495 6(1.
397 1462 542 1495 Gervin.

101 1503 155 1538 Ad
171 1503 222 1547 II,
239 1507 262 1541 2
286 1518 368 1552 pag.
387 1506 467 1542 478.
516 1507 636 1540 Monet
653 1506 812 1550 Kopitar.
833 1505 869 1539 in
890 1505 1013 1538 annall.
1032 1504 1231 1538 Viennenss.
1252 1507 1277 1536 t.
1299 1503 1413 1535 XLVI
1441 1514 1521 1547 pag.
1542 1503 1619 1543 105,

323 1554 416 1596 apud
435 1553 644 1585 Albanenses
671 1552 729 1596 qui
757 1564 844 1585 nunc
870 1558 1057 1592 vocantur,
1088 1562 1215 1594 panem.
1243 1549 1311 1582 dici
1340 1550 1425 1589 luds,
1453 1549 1622 1592 valdeque

318 1598 398 1631 inde
429 1598 568 1642 probari
597 1598 765 1631 Herodoti
791 1597 1043 1637 narrationem,
1086 1608 1159 1629 cum
1187 1595 1396 1628 Albanenses
1420 1593 1621 1627 recentioris

319 1644 465 1683 aetatis,
492 1644 548 1688 qui
567 1643 755 1688 Illyriorum
777 1644 846 1676 sint
867 1643 1015 1687 posteri,
1050 1642 1094 1675 ad
1113 1641 1255 1674 eandem
1277 1639 1459 1673 Thraciam
1478 1640 1620 1684 stirpem

318 1689 533 1734 pertineant,
560 1691 603 1723 ad
636 1701 734 1732 quam
753 1689 909 1732 Phryges
938 1699 1070 1732 quoque
1096 1688 1300 1720 reserantur.
1349 1687 1393 1718 At
1416 1685 1621 1729 Phrygicum

319 1735 348 1768 si
368 1736 535 1768 habeatur
554 1735 752 1768 vocabulum
766 1760 774 1776 ‚
799 1734 893 1777 ipsos
911 1734 1071 1776 Phryges
1100 1744 1141 1765 ex
1168 1733 1310 1775 antiqua
1327 1731 1509 1764 Persarum
1538 1731 1620 1764 sede

319 1781 495 1825 profectos
514 1792 626 1813 secum
649 1780 786 1813 duxisse
801 1779 997 1812 vocabulum
1015 1778 1137 1811 statuit
1156 1779 1326 1811 Hammer.
1346 1777 1428 1811 ibid.
1448 1788 1527 1820 pag.
1541 1779 1618 1817 119,

320 1838 392 1859 cum
413 1826 613 1859 Herodotea
637 1837 703 1858 vox
726 1822 853 1869 βέκκος
871 1836 951 1858 vere
977 1825 1158 1857 Persarum
1179 1822 1391 1856 orientaliinn
1415 1822 1551 1865 linguae
1574 1822 1620 1856 sit

322 1872 572 1912 adscribenda,
597 1871 654 1904 ubi
676 1871 846 1914 hodieque
863 1872 965 1914 panis
992 1869 1125 1903 dicatur
1143 1870 1292 1912 pekand.
1339 1868 1464 1901 Incidit
1486 1879 1620 1912 quoque

321 1917 409 1950 hunc
429 1918 462 1950 in
482 1918 589 1950 locum
611 1918 742 1950 Osann.
769 1916 802 1949 in
830 1917 915 1949 libro
945 1916 1099 1948 laudato:
1136 1915 1250 1947 Midas
1275 1918 1341 1948 etc.
1371 1925 1449 1957 pag.
1470 1915 1514 1947 55
1543 1914 1618 1947 coll.

322 1974 404 2007 pag.
427 1963 472 1997 43
491 1989 501 2004 ,
544 1962 601 1995 ubi
633 1962 896 2006 antiquissimam
924 1962 1096 2005 Phrygum
1131 1960 1278 2003 linguam
1317 1959 1424 1993 fuisse
1450 1960 1618 1993 Graecam

321 2008 501 2042 dialectum
522 2010 716 2048 contendit,
752 2014 871 2052 postea
895 2009 1024 2040 demum
1049 2006 1148 2039 valde
1173 2011 1334 2039 mutatam
1359 2010 1393 2037 et
1423 2009 1619 2048 corruptam

323 2054 465 2088 adscitis
491 2055 579 2087 haud
610 2055 731 2097 paucis
756 2053 946 2098 peregrinis
972 2053 1113 2086 vocibus
1138 2064 1156 2084 e
1175 2053 1355 2084 Persarum
1374 2050 1619 2094 Medorumque

321 2100 531 2134 commercio.
580 2100 688 2140 Quam
711 2112 785 2133 cum
807 2111 872 2132 non
892 2099 1100 2132 intellexerit
1117 2098 1330 2136 Herodotus,
1355 2096 1461 2129 tacite
1484 2107 1619 2139 quoque

323 2147 511 2179 concedere
531 2145 667 2179 videtur
687 2146 852 2186 Osanno,
886 2146 974 2178 hanc
1001 2144 1163 2178 seriorem
1191 2155 1252 2188 pro
1279 2141 1513 2187 antiquissima
1543 2154 1619 2175 esse

323 2192 524 2226 habendam.

104 2237 158 2271 Ad
178 2237 231 2279 ΙΙ,
251 2236 274 2272 4
298 2249 376 2284 pag.
400 2240 478 2273 483.
526 2237 578 2270 Ad
599 2237 675 2278 ζῶα
697 2237 738 2280 (i.
759 2248 788 2270 e.
811 2234 974 2281 figuras)
996 2235 1085 2268 conf.
1109 2234 1285 2267 Schaefer.
1304 2232 1348 2266 ad
1375 2232 1517 2275 Dionys.
1543 2233 1617 2265 Ha-

325 2284 500 2319 licarnass.
526 2295 606 2327 pag.
627 2286 694 2318 289
722 2295 817 2326 seqq.
853 2287 886 2314 et
914 2282 1007 2313 Hase
1036 2280 1069 2313 in
1101 2279 1283 2314 Schaeferi
1312 2279 1554 2312 animadverss.
1582 2278 1617 2311 in

322 2329 498 2363 Plutarch.
523 2330 589 2363 vol.
614 2329 662 2361 IV
686 2342 721 2374 p.
742 2330 811 2362 352
836 2327 888 2361 ed.
909 2328 1082 2359 Teubner.

103 2373 158 2408 Ad
175 2373 230 2416 II,
252 2376 296 2409 10
320 2385 398 2418 pag.
420 2374 499 2409 498.
548 2376 710 2419 Campum
732 2374 973 2408 Maeandrium
994 2372 1095 2405 maris
1112 2371 1218 2404 sinum
1244 2370 1321 2404 olim
1338 2368 1445 2402 fuisse
1465 2368 1617 2413 pluribus

324 2421 498 2454 contendit
514 2420 652 2453 Soldan.
671 2421 706 2453 in
723 2432 840 2454 comm.
863 2420 905 2452 de
922 2419 994 2451 reb.
1015 2417 1143 2451 Miless.
1163 2418 1179 2449 I
1209 2427 1288 2459 pag.
1310 2417 1352 2449 16
1368 2427 1462 2458 seqq.

104 2464 158 2498 Ad
175 2465 232 2506 Π,
254 2467 300 2501 30
325 2477 404 2510 pag.
422 2466 490 2500 544
515 2467 558 2499 ad
587 2467 693 2499 verba
721 2467 797 2498 τῶν
822 2462 863 2498 δέ
885 2476 967 2497 τινα
993 2461 1131 2506 λέγεται
1153 2462 1326 2503 δείξαντα
1345 2458 1387 2493 τὸ
1414 2460 1560 2493 αἰδοῖον
1583 2471 1615 2492 κ.

323 2523 353 2543 τ.
377 2513 406 2543 λ.
442 2511 574 2545 Similia
592 2513 757 2555 quaedam
777 2512 818 2544 de
840 2512 1001 2543 Lacaena
1016 2510 1155 2542 muliere
1179 2509 1367 2541 traduntur
1384 2505 1419 2538 in
1438 2506 1616 2539 Plutarch.

324 2557 492 2590 Lacaenn.
513 2559 755 2602 Apophthegg.
775 2569 809 2601 p.
825 2558 912 2596 241,
931 2555 958 2587 B
985 2555 1060 2596 (ubi
1087 2555 1176 2587 conf.
1197 2552 1442 2596 WVyttenbach.
1464 2551 1618 2585 animad-

326 2614 433 2635 verss.
454 2610 535 2636 tom.
552 2603 585 2635 11
611 2614 644 2646 p.
665 2603 773 2644 1219)
808 2608 911 2645 atque
933 2602 976 2634 de
1001 2601 1179 2633 Persarum
1206 2598 1339 2632 seminis
1365 2596 1458 2642 apud
1477 2597 1617 2630 eundem

324 2647 494 2681 Plutarch.
513 2661 545 2692 p.
567 2650 656 2688 246,
677 2651 704 2682 Α
728 2647 874 2689 (morall.
896 2658 977 2690 opp.
996 2646 1028 2678 ΙΙ
1040 2648 1070 2687 ).

106 2691 158 2725 Ad
178 2691 233 2732 II,
249 2692 294 2727 32
319 2705 396 2737 pag.
415 2695 492 2728 550.
541 2694 596 2726 Ex
616 2693 727 2726 Iahnii
745 2692 865 2725 annall.
884 2691 1070 2735 philologg.
1092 2694 1129 2723 et
1151 2688 1367 2733 paedagogg.
1390 2686 1436 2728 Χ,
1456 2688 1478 2722 3
1503 2687 1550 2730 (s,
1570 2686 1616 2726 ΙΙ,

324 2739 346 2773 3
372 2740 451 2772 anni
474 2741 580 2782 1829)
607 2751 684 2783 pag.
701 2740 766 2773 365
792 2736 965 2777 intellexi,
1000 2736 1141 2779 Anglum
1162 2735 1270 2767 virum
1289 2734 1501 2776 („Genera1
1524 2733 1617 2765 Don-

325 2785 450 2827 kin“)
476 2785 623 2818 edidisse
641 2783 929 2817 dissertationem:
955 2793 1031 2822 „on
1052 2783 1110 2814 the
1131 2792 1254 2814 course
1273 2780 1339 2812 and
1363 2778 1526 2822 pro‘bable
1544 2784 1616 2810 ter-

324 2830 485 2864 mination
513 2832 552 2864 of
570 2832 629 2864 the
648 2831 807 2873 Niger,“
842 2829 877 2862 in
900 2839 969 2873 qua
996 2826 1229 2867 contenderit,
1261 2825 1376 2859 Nilum
1404 2824 1471 2857 τοῦ
1501 2824 1616 2857 Bornu

164 2887 378 2925 HERoDo'r.
410 2889 437 2926 Ι.
1287 2886 1343 2924 59
