1909 3228
455 219 539 259 666

430 326 578 377 Ξὸκως
609 323 867 380 τελευτήσει,
915 325 987 368 καὶ
1019 323 1166 377 ὁκοῖός
1212 343 1277 377 τις
1312 326 1441 369 ἔσται.

862 216 1216 255 HERODO
1259 216 1339 256 TI

1502 327 1575 370 καὶ
1613 327 1716 370 τού-

456 418 569 449 τοισι
599 408 686 447 τῶν
710 403 927 460 Ἑλλήνων
957 406 1000 448 οἱ
1036 405 1082 448 ἐν
1120 403 1291 461 ποιήσει
1329 405 1557 462 γενόμενοι
1593 404 1717 461 ἐχρή-

460 496 604 528 6111]ῖο-

667 482 832 537 Τέρατά
879 500 922 526 τε
970 484 1085 527 πλέω
1135 496 1215 540 σφι
1265 482 1497 540 ἀνεύρηται
1535 484 1563 540 ἦ
1605 489 1717 527 τοῖσι

429 564 629 606 almona
660 562 791 605 ἅπασι
821 560 1106 617 ἀνθρώποισι.
1154 563 1392 619 γενομένου
1421 563 1505 619 γάρ
1526 565 1743 616 τέρατος,1

457 641 734 698 φυλάσσουσι
763 639 1040 698 γραφόμενοι
1068 641 1371 699 τώποβαῖνον·

1423 643 1494 687 καὶ
1533 640 1590 698 ἤν
1618 657 1718 685 κοτε

456 720 643 775 ὕστερον
679 720 982 776 παραπλήσιον
1011 722 1152 782 τούτῳ
1191 723 1389 779 γένηται,
1434 721 1542 765 κατὰ
1578 719 1718 765 τώυτὸ

332 806 397 851 83
456 803 684 857 νομίζουσι
724 799 1035 857 ἀποβήσεσθαι.

127 870 342 899 Divinationem
353 880 397 898 so-

127 905 164 931 lis
190 905 252 931 Diis
280 905 399 937 quibus-

127 937 194 965 dam
210 939 343 967 attribui.

459 881 684 924 διακέεται.

428 960 604 1016 Ξτέχνη,
655 965 744 1004 τῶν
774 959 820 1003 δὲ
848 964 967 1003 θεῶν
996 960 1312 1016 μετεξετέροισι.

1095 801 1302 858 [Λαντικὴ
1342 802 1387 845 δὲ
1428 800 1597 844 αὐτοῖσι
1635 795 1719 844 ὦδε

773 878 1025 934 ἀνθρώπων
1071 881 1148 936 μὲν
1196 879 1345 925 οὐδενὶ
1390 880 1648 936 προσκέεται
1683 877 1747 936 ἦὸ

1371 961 1444 1003 καὶ
1479 960 1562 1015 γάρ
1587 957 1719 1014 Ἡρα-

454 1040 576 1090 κλέος
604 1039 816 1096 μαντήϊον
847 1038 1002 1082 αὐτόθι
1033 1039 1142 1093 ἐστὶ,
1192 1040 1266 1083 καὶ
1298 1037 1593 1091 Ἀπόλλωνος,
1645 1038 1720 1082 καὶ

453 1117 704 1175 Ἀθηναίης,
744 1119 816 1162 καὶ
849 1116 1117 1174 Ἀρτέμιδος,
1169 1119 1241 1162 καὶ
1271 1118 1448 1173 ’'Ao-³309,
1487 1118 1560 1161 καὶ
1588 1116 1718 1168 Διός·

454 1198 530 1241 καὶ
559 1197 630 1254 ὅγε
660 1195 845 1253 μάλιστα
875 1198 920 1242 έν
947 1203 1051 1255 τιμῇ
1081 1197 1265 1254 ἄγονται
1293 1197 1469 1241 πάντων
1498 1200 1586 1240 τῶν
1610 1212 1720 1252 μαν-

427 1280 613 1334 3τηΐων,
654 1281 825 1334 Λητοῦς
854 1277 902 1321 έν
935 1281 1103 1321 Βουτοῖ
1128 1277 1231 1321 πόλι
1259 1278 1357 1321 ἐστι’.

1416 1275 1470 1320 οὐ
1500 1276 1647 1332 μέντοι
1678 1276 1777 1318 αἴ10

457 1373 505 1413 γε
534 1357 740 1415 μαντήϊαί
768 1370 848 1414 σφι
877 1357 988 1401 κατὰ
1020 1355 1162 1401 τώυτὸ
1200 1357 1368 1410 έστᾶσι,
1419 1354 1527 1400 ἄλλα
1559 1355 1720 1411 διάφο-

403 1576 486 1613 dial.
509 1576 649 1613 Herod.
680 1590 716 1627 p.
745 1575 811 1618 49.
871 1576 947 1613 Sed
972 1573 1055 1615 ὁτέ-

403 1644 482 1671 οισι
503 1662 512 1680 ,
558 1637 595 1669 ut
626 1633 721 1669 idem
751 1634 844 1670 bene
878 1633 1002 1678 addit,
1033 1644 1055 1669 a

401 1689 529 1726 maiori
548 1702 611 1726 sex
632 1690 737 1726 codd.
760 1703 909 1726 numero
927 1690 1055 1726 desen-

403 1746 513 1782 ditur.

458 1855 603 1896 ὁτέοισι
631 1853 861 1909 ἐγκυρήσει]
900 1858 923 1894 i.
954 1870 986 1894 e.
1016 1859 1054 1894 in

403 1927 490 1964 quae
502 1914 660 1961 incidat,
675 1928 763 1964 quae
782 1918 815 1951 ei
837 1914 1003 1951 accidant
1025 1928 1054 1950 s.

403 1984 491 2020 quae
512 1971 647 2019 futura
662 1975 735 2008 eius
756 1974 825 2008 sint
835 1971 936 2021 fata.
997 1970 1054 2008 De

403 2028 665 2076 significatione
695 2029 794 2066 verbi
824 2028 929 2078 plura
967 2026 1055 2063 Val-

401 2084 547 2121 ckenar.
580 2085 627 2121 ad
656 2084 690 2121 h.
714 2085 735 2121 l.
767 2089 803 2122 et
820 2084 985 2133 Lennep.
1007 2083 1054 2120 ad

400 2140 582 2177 Phtlarid.
612 2141 718 2192 epist.
756 2154 842 2191 pag.
870 2140 963 2182 234.
996 2161 1052 2167 —--

400 2197 490 2234 Mox
521 2212 559 2235 οι
591 2195 633 2236 ἐν
662 2193 822 2262 ποιήσει
850 2214 889 2249 ye
878 2192 1054 2246 νὸμενοι

402 2257 486 2290 sunt
506 2255 568 2302 qui
578 2256 698 2303 ρορζςῑη
715 2258 886 2300 tractant,
903 2256 941 2290 in
958 2254 1055 2302 poissi

403 2312 588 2359 occupati,
630 2312 764 2347 versati
793 2314 885 2346 sunt.
945 2309 1052 2345 Conf.

404 2366 581 2403 Matthiae
612 2367 678 2403 Gr.
706 2367 771 2403 Gr.
815 2379 901 2416 pag.
936 2365 1054 2406 1040.

404 2422 528 2471 Atq'ue
549 2423 767 2460 documento
784 2428 904 2469 esset,
918 2426 960 2457 ut
970 2434 1056 2458 cen-

405 2483 461 2515 set
479 2477 665 2516 Letronne
695 2479 717 2515 l.
743 2479 766 2515 l.
796 2492 881 2529 pag.
904 2480 957 2519 58
978 2490 1054 2526 seq.

404 2538 494 2581 not„
512 2535 567 2571 hic
584 2534 680 2572 locus
694 2565 704 2582 ,
723 2538 850 2585 poetas
867 2534 1055 2571 Herodoto

403 2592 543 2640 priores
592 2591 764 2628 similibus
812 2589 1054 2641 prognosticis

404 2659 488 2682 usos·
506 2660 608 2694 esse,
638 2648 706 2684 nisi
734 2647 844 2684 multo
872 2649 965 2683 soret
994 2659 1056 2682 ve-

406 2702 606 2750 risimilius,
624 2704 832 2740 historicum
853 2702 1055 2739 doctrinam

407 2756 691 2807 Ae“)[)111c1m
726 2760 799 2808 qu&
829 2759 947 2796 obiter
974 2762 1056 2794 tan-

409 2816 485 2848 tuin
505 2815 611 2851 suerit
637 2816 819 2863 imbutus,
848 2814 1057 2852 confudisse

411 2880 490 2904 cum
526 2871 770 2919 prognosticis
809 2883 853 2910 ex
886 2869 994 2908 lunae
1022 2869 1057 2906 vi

1122 1576 1266 1625 captis,
1295 1588 1389 1624 quae
1416 1576 1485 1611 iam
1512 1574 1609 1625 apud
1640 1572 1775 1610 Hesio-

1123 1634 1208 1669 dum
1226 1632 1463 1668 inveniantur.

1186 1684 1333 1738 Τέρατά
1350 1702 1389 1726 τε
1409 1685 1512 1725 πλέω
1535 1684 1628 1736 σφι]
1658 1686 1774 1722 Gaiss.

1125 1745 1237 1783 edidit
1270 1742 1388 1791 πλέα,
1427 1744 1524 1780 haud
1555 1743 1627 1779 scio
1668 1743 1775 1778 unde.

1125 1801 1248 1844 Quare
1274 1800 1402 1849 reliqui
1425 1797 1543 1838 πλέω.
1602 1798 1673 1835 Pro
1704 1809 1778 1847 σφι

1122 1856 1205 1893 olim
1233 1867 1341 1906 σφιν.

1281 1913 1388 1962 Cap.
1419 1910 1625 1949 LXXXIII.

1179 1964 1411 2020 ἀνθρώπων
1426 1966 1496 2018 μὲν
1511 1963 1645 2007 ου’δενὶ
1658 1977 1778 2018 προσ-

1123 2024 1251 2065 κέεται
1276 2040 1312 2064 κ.
1330 2041 1361 2063 τ.
1381 2024 1430 2075 λ.]
1465 2024 1682 2062 Sacerdotes
1697 2036 1777 2060 cum

1124 2084 1193 2120 diis
1212 2082 1428 2131 quibusdam
1451 2081 1536 2118 solis
1557 2079 1700 2117 oracula
1711 2080 1778 2115 ad-

1125 2140 1398 2186 scriberent‚eo
1424 2138 1503 2188 ipso
1528 2150 1629 2174 suain
1651 2136 1720 2172 vim
1740 2139 1777 2172 et

1123 2196 1374 2233 auctoritatem
1413 2194 1560 2242 egregie
1612 2192 1776 2229 firmasse

1123 2252 1295 2289 censendi
1315 2254 1408 2287 sunt.
1466 2250 1515 2285 Et
1543 2250 1689 2285 omnino
1710 2261 1777 2285 ue-

1123 2309 1255 2346 minem
1278 2307 1389 2355 fugit,
1408 2310 1582 2355 quantum
1600 2304 1777 2342 valuerint

1127 2364 1272 2401 oracula
1309 2364 1356 2400 ad
1394 2363 1622 2399 sacerdotum
1659 2361 1777 2410 impe-

1123 2421 1214 2457 rium
1237 2425 1272 2457 et
1300 2420 1580 2470 propagandum
1609 2422 1645 2454 et
1673 2422 1778 2454 tuen-

1123 2478 1221 2514 dum.
1280 2476 1337 2513 De
1374 2489 1445 2524 quo
1459 2504 1469 2522 ,
1515 2473 1776 2523 Aegyptiorum

1123 2534 1159 2569 in
1189 2533 1321 2579 rebus,
1351 2532 1489 2568 monuit
1518 2531 1676 2567 Heereu.
1707 2528 1730 2565 l.
1751 2528 1774 2565 l.

1123 2603 1157 2640 p.
1185 2592 1275 2630 190.
1337 2588 1403 2624 Cr.
1427 2588 1565 2624 confert
1585 2589 1776 2635 praeterea

1124 2646 1260 2682 Gesen.
1283 2646 1330 2681 ad
1351 2644 1454 2681 lesai.
1477 2642 1611 2688 X1x‚3
1631 2640 1774 2692 p.604.

1123 2724 1178 2730 -—
1198 2702 1237 2737 In
1258 2714 1334 2749 seq.
1356 2700 1404 2737 ad
1425 2699 1640 2736 locutionem
1660 2697 1702 2736 ἐν
1723 2711 1776 2734 τι-

1124 2760 1181 2821 μῇ
1201 2754 1364 2808 α’γονται
1382 2757 1476 2793 conf.
1499 2754 1534 2802 Ι,
1554 2753 1633 2796 134
1664 2757 1701 2791 et
1726 2753 1774 2790 de

1124 2815 1204 2865 ipso
1227 2812 1370 2850 oraculo
1391 2811 1555 2858 11,155.

1182 2869 1227 2909 αἵ
1243 2883 1285 2922 γε
1308 2863 1519 2920 μαντήϊαι]
1550 2866 1573 2904 ἰ.
1591 2879 1622 2904 e
1641 2862 1773 2916 (expli-
