1909 3228
577 193 1000 233 EUTERPE.
1050 194 1095 232 ΙΙ.

1370 194 1454 234 743

195 303 268 347 καὶ
297 301 396 347 τόδε
424 303 473 347 τό
503 305 662 360 χωρίον
693 303 776 347 οὐκ
804 303 979 360 ἥκιστα,
1013 301 1118 346 ἀλλὰ
1147 301 1343 358 μάλιστα,
1375 302 1451 358 δη-
1464 308 1508 343 55

194 386 268 426 λοῖ
305 381 371 426 ὅτι
413 382 495 427 οὐκ
528 382 723 439 Ὀμήρου
758 383 810 426 τοὶ
846 381 1024 437 Κύπρια
1062 380 1162 426 ἔπεά
1193 382 1301 433 ἐστι,
1356 377 1452 423 ἀλλ’

139 594 244 628 tenus
258 590 389 627 nullam
408 590 517 627 fidem
539 595 678 628 mereat
698 591 790 627 Bor-

139 647 256 684 heckii
290 646 479 696 suspicio,
530 652 647 683 totum
682 652 789 697 caput

141 703 277 740 cxwl
317 704 476 752 spurium
514 704 639 739 videri.
708 703 789 740 Nec

140 761 335 808 quidquam
366 759 495 795 eiicere
530 759 699 807 equidem
727 772 791 796 au-

141 817 269 861 deam3
299 827 516 863 quamquam
537 816 620 851 mihi
644 828 790 864 quoque

140 884 273 920 magna
292 871 332 907 fit
352 871 532 920 suspicio,
562 871 693 908 verba:
723 869 790 910 καὶ

138 923 230 967 τόδε
261 923 304 965 τό
330 927 476 979 χωρίον
514 928 560 963 ad
588 928 789 976 marginem

140 985 224 1021 olim
266 983 375 1020 fuisse
405 984 589 1033 adscripta
625 996 666 1020 ac
691 985 788 1030 dein,

140 1041 191 1077 uti
226 1040 302 1077 fieri
334 1040 453 1087 solet,
494 1040 609 1077 textui
640 1041 788 1077 inserta.

140 1097 311 1135 Locutio:
347 1092 419 1135 οὐκ
441 1093 582 1146 ἥκιστα
599 1092 697 1134 ἄλλά
715 1092 789 1147 μά-

141 1157 252 1192 λιστα
281 1153 459 1191 invenitur
484 1166 631 1202 quoque
654 1153 709 1200 II,
735 1153 788 1194 43

141 1223 208 1247 nec
238 1210 313 1246 sine
338 1210 495 1258 quadam
524 1210 558 1245 vi
586 1209 620 1246 h.
649 1210 670 1246 l.
702 1210 790 1260 poni

140 1267 293 1303 videtur.
354 1266 466 1302 Redit
491 1270 611 1302 autem
640 1280 684 1304 eo
712 1267 790 1303 sere

140 1322 322 1359 Herodoti
364 1326 630 1370 argumentum:
691 1322 792 1371 quod

141 1380 241 1429 apud
271 1378 469 1415 Homerum
508 1379 662 1426 vestigia
692 1391 792 1415 erro-

140 1448 218 1471 rum
240 1434 379 1471 Paridis
409 1434 639 1470 inveniuntur
668 1434 791 1483 (quae

140 1491 222 1541 ipsa
264 1491 353 1527 satis
392 1490 604 1537 declarant,
643 1492 790 1541 poetam

139 1546 246 1598 plura
270 1547 317 1583 de
341 1546 395 1583 his
413 1547 649 1595 cognovisse,
681 1559 790 1596 quam

140 1616 236 1653 quae
262 1604 299 1639 in
324 1603 403 1653 ipso
421 1603 576 1640 carmine
607 1604 791 1640 indicave-

139 1661 222 1709 rit),
248 1659 333 1697 inde
359 1659 476 1708 colligi
510 1660 667 1709 poterit,
712 1659 792 1696 Ho-

139 1729 278 1754 merum
296 1720 477 1753 auctorem
504 1729 578 1752 non
610 1730 690 1753 esse
711 1729 790 1753 car-

142 1773 280 1810 minum
298 1772 535 1821 Cypriorum,
566 1773 696 1820 quibus
719 1772 792 1808 Pa-

141 1829 191 1865 ris
211 1829 331 1864 fausto
352 1829 479 1864 itinere
506 1829 576 1864 iam
596 1829 701 1865 tertio
733 1828 792 1865 die

142 1886 180 1921 in
215 1885 367 1934 patriam
406 1885 594 1921 revertisse
624 1885 794 1921 tradeba-

143 1946 213 1977 tur.
272 1941 378 1983 Quae
403 1941 667 1988 argumentatio
708 1953 794 1991 spe-

143 1997 272 2034 ciosior
285 2009 393 2045 quam
405 1997 522 2033 verior
541 1997 680 2033 videtur
690 1997 794 2033 Hen-

142 2053 319 2099 richsen.,
349 2053 424 2088 viro
443 2053 572 2099 docto,
602 2054 638 2088 in
664 2066 793 2089 comm.

143 2110 190 2146 de
214 2121 358 2145 carmm.
388 2109 499 2157 Cypr.
532 2110 648 2146 Havn.
686 2111 792 2149 1828

143 2178 226 2216 pag.
246 2168 270 2205 7
293 2178 368 2213 seq.
427 2165 607 2213 Equidem
641 2165 689 2201 nil
720 2166 795 2201 dis-

142 2234 305 2265 cernam3
326 2222 395 2258 hoc
414 2222 523 2257 modo
544 2222 658 2258 teneri
676 2222 794 2268 velim,

142 2277 371 2315 Aristotelem
403 2291 548 2326 quoque
581 2291 623 2315 ex
653 2278 794 2314 diversa

144 2334 420 2370 Homericorum
438 2338 473 2371 et
485 2335 700 2384 Cypriorum
717 2347 796 2371 car-

145 2391 283 2427 minum
302 2390 421 2427 indole
442 2391 621 2427 diversum
636 2395 796 2427 statuere

145 2451 350 2493 auctorem,
383 2447 428 2483 de
448 2452 513 2482 art.
534 2450 631 2496 po'et.
654 2461 708 2496 cp.
727 2448 792 2487 23.

148 2502 214 2538 Cr.
243 2502 290 2537 ad
324 2509 574 2550 argumentum
606 2503 708 2538 huius
737 2515 795 2539 ca-

146 2559 229 2607 pitis
248 2559 401 2595 conferri
422 2559 500 2594 vult
519 2559 728 2596 Groddeck.
751 2559 797 2595 de

146 2615 309 2662 hymnor.
326 2614 493 2651 Homerr.
514 2615 673 2662 reliquiis
695 2614 794 2664 p.41

147 2675 185 2707 et
208 2671 274 2711 42.
331 2669 508 2707 Matthiae
538 2671 796 2707 animadverss.

147 2726 197 2763 ad
227 2726 348 2774 hymn.
372 2727 519 2763 Homer.
546 2740 631 2777 pag.
651 2729 703 2767 68
717 2739 795 2775 seq.

203 2778 264 2820 ὅτι
283 2778 357 2821 οὐκ
376 2778 550 2832 Ὁμήρου
572 2780 618 2821 τά
637 2779 798 2831 Κύπρια

150 2833 244 2878 ἕπεά
268 2837 371 2888 ἔστι,
410 2835 492 2879 ἀλλ’
520 2836 641 2880 ἄλλου
668 2835 798 2889 τινός]

860 589 990 640 Cypria
1011 592 1190 637 carmina,
1219 592 1259 625 ut
1278 587 1347 625 hoc
1369 590 1510 624 tantum

858 648 1052 683 ull'cramus
1066 675 1076 693 ‚
1107 651 1282 696 perpetua
1299 644 1402 693 quasi
1419 644 1510 680 serie

859 703 1023 753 exposita
1048 704 1256 739 continuere
1294 700 1376 737 belli
1412 699 1511 736 Tro-

859 758 929 794 iani
950 759 1149 808 primordia
1171 770 1287 806 usque
1307 756 1510 793 adAchillis

858 816 971 861 iram,
1002 815 1064 850 ubi
1082 815 1233 850 Homeri
1260 813 1341 850 llias
1365 813 1510 849 exordi-

857 876 925 907 tur.
983 871 1106 914 Quare
1142 871 1272 907 eodem
1304 870 1400 914 iure,
1438 882 1512 917 quo

861 927 1010 963 Homeri
1060 928 1239 972 carmina,
1279 926 1326 962 ad
1373 925 1511 973 cyclum

858 983 918 1032 qui
943 983 1072 1019 dicitur
1092 984 1229 1032 epicum
1254 982 1380 1018 referri
1403 986 1510 1032 pote-

858 1044 949 1075 runt.
1030 1039 1110 1075 Vid.
1154 1039 1390 1075 Henrichsen.
1435 1038 1456 1074 l.
1487 1037 1509 1073 l.

857 1108 940 1146 pag.
967 1099 1018 1136 27
1046 1108 1171 1144 seqq,
1210 1094 1371 1144 inprimis
1399 1107 1436 1143 p.
1455 1095 1508 1134 31

859 1165 934 1201 seq.
993 1152 1051 1189 De
1080 1165 1151 1200 quo
1191 1151 1344 1188 istorum
1382 1150 1512 1186 carmi-

858 1222 944 1245 num
968 1212 1204 1256 argumento,
1243 1207 1416 1244 historico
1444 1219 1511 1256 po-

858 1265 927 1301 tius
949 1277 1058 1313 quam
1079 1265 1204 1313 epico‚
1236 1269 1275 1300 ut
1294 1264 1362 1299 iam
1384 1263 1511 1299 obser-

857 1326 918 1357 vat
943 1320 1155 1357 Aristoteles
1185 1319 1206 1356 l.
1228 1320 1250 1356 l.
1282 1318 1385 1367 (coll.
1407 1319 1511 1356 Hen-

857 1377 1011 1414 richsen.
1041 1391 1077 1427 p.
1102 1380 1181 1417 102
1203 1377 1348 1425 seqq),
1388 1374 1512 1412 classi-

859 1446 920 1470 cus
943 1437 999 1470 est
1018 1431 1135 1469 Procli
1155 1432 1253 1469 locus
1267 1461 1278 1479 ,
1307 1444 1423 1480 nuper
1446 1432 1513 1467 de-

856 1493 973 1526 tectus
994 1492 1104 1537 atque
1122 1489 1240 1525 editus
1260 1489 1316 1524 in:
1341 1487 1510 1524 Biblioth.

858 1546 893 1582 d.
915 1545 976 1582 alt.
1006 1544 1158 1581 Literat.
1188 1545 1203 1581 I
1229 1544 1367 1581 Anecd.
1392 1557 1428 1593 p.
1445 1544 1510 1584 23.

858 1600 936 1648 24,
964 1601 1139 1651 repetitus
1168 1606 1205 1638 et
1234 1600 1405 1649 singulari
1428 1612 1512 1636 cura

856 1663 942 1708 post
969 1657 1056 1694 alios
1079 1656 1276 1694 illustratus
1307 1657 1353 1694 ab
1382 1656 1512 1693 eodem

857 1714 1097 1751 Henrichsen.
1124 1713 1147 1750 l.
1168 1713 1190 1750 l.
1213 1726 1299 1763 pag.
1320 1714 1512 1758 18—26,

859 1771 921 1818 qui
946 1771 1052 1807 etiam
1073 1774 1255 1819 quotquot
1276 1770 1403 1805 horum
1433 1780 1512 1804 car-

860 1826 995 1863 minum
1023 1830 1163 1863 exstant
1188 1827 1410 1873 fragmenta,
1438 1823 1512 1860 col-

860 1882 950 1930 legit
985 1895 1028 1918 ac
1055 1882 1236 1919 recensuit
1269 1895 1305 1931 p.
1328 1881 1383 1921 34
1409 1893 1512 1928 seqq.

865 1960 911 1966 —-
942 1938 1000 1975 De
1018 1942 1163 1975 auctore
1180 1938 1375 1974 carminum
1392 1936 1514 1973 Hero-

862 1995 939 2031 doti
990 1998 1110 2030 aetate
1158 1994 1229 2030 iam
1274 1994 1512 2042 disceptatum

861 2051 993 2096 fuisse,
1014 2062 1056 2086 ex
1072 2050 1139 2087 hoc
1158 2049 1236 2086 loco
1257 2055 1379 2099 patet,
1398 2049 1513 2085 idem-

862 2120 934 2156 que
967 2106 1044 2143 aliis
1088 2119 1235 2155 quoque
1268 2105 1444 2142 Athenaei
1476 2109 1512 2141 et

861 2162 979 2200 Procli
1001 2162 1087 2199 locis
1113 2163 1390 2212 comprobatur,
1421 2174 1512 2209 quos

862 2219 971 2256 affert
992 2219 1226 2256 Henrichsen.
1246 2218 1267 2254 l.
1288 2217 1310 2254 l.
1331 2231 1367 2267 p.
1387 2217 1412 2257 4
1430 2230 1510 2266 sqq.

861 2276 1120 2313 accuratiorem
1139 2276 1224 2312 inde
1235 2275 1427 2311 instituens
1439 2273 1514 2310 dis-

861 2332 1090 2381 quisitionem
1110 2332 1156 2369 de
1183 2344 1268 2368 vero
1290 2331 1416 2367 horum
1433 2342 1513 2366 car-

862 2391 998 2425 minum
1024 2392 1192 2434 auctore,
1223 2400 1329 2436 quem
1350 2385 1408 2423 alii
1427 2386 1513 2422 Sta-

865 2446 981 2481 sinum
1010 2445 1186 2494 Cyprium
1214 2444 1338 2491 (unde
1367 2455 1513 2491 quoque

862 2502 1058 2537 carminum
1095 2513 1248 2545 nomen,
1288 2499 1376 2545 nisi,
1412 2498 1512 2547 quod

864 2558 942 2593 aliis
963 2558 1078 2594 verius
1106 2557 1271 2602 videtur,
1302 2568 1343 2591 ex
1363 2554 1513 2604 Cypride

867 2611 1038 2663 [Venere]
1052 2613 1140 2649 illud
1156 2612 1425 2658 derivandum),
1436 2611 1512 2648 He-

866 2670 1032 2718 gesinum
1068 2669 1157 2715 alii,
1205 2668 1407 2705 Homerum
1436 2666 1511 2715 alii,

865 2726 954 2762 alios
994 2725 1053 2763 alii
1091 2725 1267 2763 ferebant.
1335 2723 1414 2761 Nos
1451 2723 1512 2760 illa

867 2783 1015 2830 quidem
1050 2781 1148 2818 haud
1186 2784 1408 2831 repetamus3
1443 2780 1512 2816 hoc

866 2851 978 2876 unum
1001 2838 1139 2877 addere
1164 2837 1305 2890 placet,
1326 2836 1431 2874 nobis
1459 2836 1512 2873 vi-
