1909 3228
418 193 502 233 376

807 186 1272 227 IIERODOTI

421 315 466 344 τε
507 296 883 355 κατεστραμμένου
918 298 1002 351 γῆν
1037 292 1224 350 πολλὴν,
1280 294 1355 338 καὶ
1395 293 1671 351 εὐτυχέοντος

419 381 481 438 τῷ
508 378 678 434 πολέμῳ
694 409 704 428 ,
733 374 782 418 τό
813 372 1011 429 Καρικὸν
1035 367 1092 429 ἦν
1121 372 1250 423 ἔθνος
1266 372 1561 429 λογιμώτατον
1580 377 1669 417 τῶν

420 455 585 500 ἐθνέων
614 453 818 497 ἁπάντων
853 451 964 496 κατὰ
999 454 1158 495 τοῦτον
1191 449 1279 506 ἅμα
1306 451 1384 497 τὸν
1410 451 1568 507 χρόνον
1597 469 1672 508 μα-

393 537 514 592 4κρς5
547 533 744 589 μάλιστα.
801 532 875 575 καί
910 541 991 585 σφι
1027 529 1148 584 τριξὰ
1187 529 1450 586 ἐξευρήματα
1479 530 1729 586 ἐγένετο,10

391 617 532 656 5τοῖσι
561 612 605 654 οἱ
619 610 821 666 ’Έλληνες
841 608 1086 666 ἐχρήσαντο.
1117 608 1190 653 καὶ
1218 608 1301 664 γαρ
1332 608 1401 651 ἐπὶ
1427 608 1480 652 τὰ
1509 608 1669 664 κράνεα

420 687 586 745 λόφους
612 688 857 733 ἐπιδέεσθαι
885 687 1030 743 Κᾶρές
1058 690 1141 732 εἰσι
1169 689 1214 732 οἵ
1241 687 1569 739 καταδέξαντες,
1598 688 1672 731 καὶ

393 769 495 812 sinz
525 766 601 819 τὰς
630 766 813 820 ἀσπίδας
851 769 903 812 τὰ
942 767 1104 825 σημήϊα
1137 766 1371 811 ποιέεσθαι.
1428 767 1502 811 καὶ
1540 764 1677 822 ὄχανα

422 845 570 890 ἀσπίσι
599 841 722 890 οὗτοί
751 849 833 892 εἰσι
870 848 914 891 οἱ
952 846 1239 903 ποιησάμενοι
1266 849 1452 901 πρῶτοι·
1493 846 1597 898 τέως
1627 847 1673 890 δὲ
1743 859 1796 900 81

422 923 528 969 ἄνευ
569 922 738 982 ὀχάνων
779 923 964 982 ἐφόρεον
1010 925 1084 977 τὰς
1134 924 1318 976 ἀσπίδας
1361 924 1518 975 πάντες
1557 926 1736 982 οἵπερ15

420 1003 615 1048 ἐώθεσαν
638 1003 788 1048 ἀσπίσι
815 1004 1018 1061 χρὲεσθαι
1033 1037 1050 1058 ‚
1079 1007 1292 1060 τελαμῶσι
1320 1004 1562 1047 σκυτίνοισι
1593 1005 1681 1061 οἰη-

422 1084 633 1137 κίζοντες,
663 1083 761 1139 περὶ
789 1088 903 1128 τοῖσι
931 1081 1080 1141 αὐχέσι
1107 1099 1153 1128 τε
1181 1083 1254 1128 καὶ
1282 1086 1396 1128 τοῖσι
1415 1080 1681 1140 ἀριστεροῖσι

368 1261 409 1296 ut
441 1256 482 1297 οἱ
500 1254 544 1298 δὲ
563 1270 637 1295 non
666 1258 715 1296 ad
736 1257 914 1296 diversam
933 1270 1018 1309 per-

369 1327 494 1351 sonam
516 1329 544 1352 s.
567 1314 764 1352 subiectum
786 1315 833 1351 sit
854 1316 1018 1352 referen-

370 1371 455 1407 dum
468 1398 478 1418 ‚
495 1384 618 1407 verum
637 1371 685 1407 ad
704 1371 801 1407 idem
821 1370 931 1418 istud,
943 1383 1016 1419 quo

370 1427 619 1463 antecedentia
632 1455 642 1472 ,
662 1426 792 1475 quibus
815 1423 885 1475 μὲν
903 1426 1018 1476 parti-

371 1481 449 1518 cula
464 1482 603 1518 adiecta
618 1485 684 1528 est,
704 1485 878 1530 spectant.
909 1481 1017 1517 Conf.

371 1536 503 1574 Matth.
533 1537 597 1573 Gr.
626 1537 690 1573 Gr.
711 1535 748 1587 ἓ.
771 1538 852 1578 289
882 1541 958 1573 not.
994 1539 1020 1577 9

372 1607 408 1643 p.
431 1593 523 1634 582.
544 1613 600 1621 -—·
626 1592 737 1629 Paulo
755 1596 841 1642 post
861 1605 881 1629 e
894 1591 1020 1629 Schel-

373 1649 478 1686 lersh.
493 1648 694 1699 scripsimus
714 1661 794 1685 cum
814 1648 930 1685 Gaisf.
952 1644 1019 1686 ἓὲτε

376 1702 430 1743 δὲ
464 1701 523 1754 δή
557 1705 680 1742 Μίνω
709 1717 784 1752 τε,
823 1705 885 1742 ubi
911 1704 1019 1752 vulgo

375 1760 544 1798 omittunt
564 1758 616 1798 δέ
634 1763 682 1797 *et
711 1773 769 1798 τε.
793 1779 850 1788 --
877 1758 937 1795 Ad
964 1759 1020 1795 lo·-

374 1816 552 1853 cntionem
579 1817 726 1880 μακρῷ
745 1810 930 1866 μάλιστα,
962 1827 1023 1852 su-

375 1871 550 1923 perlativo
579 1867 844 1922 λογιμώτατον
867 1874 1024 1921 postpo-

376 1929 480 1965 sitam
497 1928 541 1964 cf.
561 1927 690 1964 Matth.
713 1926 750 1978 ἓ.
769 1929 849 1969 461
872 1940 908 1977 p.
927 1929 1022 1968 860.

431 1981 499 2022 καὶ
518 1981 591 2034 γαρ
622 1982 686 2022 ἐπὶ
715 1980 763 2022 τοὶ
782 1996 931 2036 κρανεα
960 1978 1024 2022 λό-

379 2055 483 2089 φους
508 2037 784 2079 ἐπιδέεσθαικ.
802 2054 834 2078 τ.
854 2037 903 2090 λ.]
935 2038 1024 2076 Tria

380 2096 494 2133 haec
488 2109 545 2132 ιω
549 2100 632 2134 enta
640 2096 771 2132 Strabo
796 2108 941 2146 quoque
953 2095 1025 2132 Ca·

381 2153 476 2189 ribus
501 2152 671 2189 adscribit
699 2151 785 2189 XIV
815 2165 851 2202 p.
871 2154 972 2198 976,
994 2151 1025 2188 B

382 2221 479 2254 usus,
501 2209 600 2257 quod
622 2208 670 2244 ad
688 2208 811 2245 cristas
830 2207 943 2256 galeis
960 2208 1026 2244 im-

382 2265 520 2315 positas
540 2264 688 2312 attinet,
717 2264 839 2302 Alcaei
866 2264 1029 2302 testimo-

384 2321 455 2357 nio.
492 2320 573 2357 Nec
593 2320 759 2357 dissentit
783 2319 922 2359 Aelian.
940 2318 1029 2356 Ani-

383 2375 466 2413 mal.
494 2375 588 2413 Hist.
621 2376 712 2424 XII,
739 2378 818 2425 30,
855 2376 911 2414 cui
943 2375 1028 2413 add.

383 2432 566 2469 Plutarchi
603 2431 719 2469 locum
763 2433 800 2470 in
843 2431 1029 2469 Artaxerx.

385 2501 464 2539 cap.
486 2490 537 2529 10
561 2501 646 2538 pag.
669 2490 797 2537 1016,
818 2488 862 2525 Β.
892 2508 939 2515 —-
970 2485 1030 2524 Ad

386 2543 663 2590 καταδέξαντες
683 2546 777 2582 conf.
799 2544 839 2592 I,
864 2545 953 2585 163.
973 2562 1030 2571 —-

386 2597 506 2649 ὄχανα
534 2604 617 2636 sunt
643 2612 771 2648 ansae,
808 2600 930 2650 quibus
953 2599 1029 2650 cly-

386 2668 471 2705 peus
484 2656 688 2703 gestabatur
705 2659 737 2693 et
752 2656 944 2706 regebatur,
955 2668 1031 2692 ma·

390 2711 525 2747 muln-ia.
582 2711 748 2761 Namque
765 2717 872 2750 antea
892 2712 939 2749 ad
956 2710 1030 2760 cly-

391 2779 478 2815 peos
504 2769 702 2815 portandos
740 2768 822 2805 ioris
846 2768 925 2806 latis
953 2772 1032 2806 ute-

392 2822 542 2870 bantur,
569 2823 694 2872 quibus
716 2837 845 2863 nomen
869 2826 1033 2876 τελαμῶ-

1085 1272 1164 1305 νες.
1202 1256 1326 1296 Testis
1345 1260 1400 1295 est
1415 1255 1598 1297 Homerus
1610 1287 1621 1307 ,
1638 1258 1739 1310 apud

1084 1327 1194 1365 quem
1220 1314 1513 1363 frequentissime
1536 1314 1740 1352 istiusmodi

1083 1371 1162 1408 lora
1190 1373 1456 1418 memorantur,
1496 1371 1536 1408 Il.
1559 1371 1612 1418 ΙΙ,
1642 1372 1738 1411 388.

1084 1426 1156 1474 IV,
1183 1428 1278 1468 796.
1307 1427 1401 1467 798.
1438 1426 1512 1474 XI,
1549 1429 1615 1468 38.
1652 1426 1737 1473 xli,

1087 1482 1166 1523 401
1199 1486 1267 1520 etc.
1308 1481 1519 1519 Herodotus
1553 1483 1646 1519 insra
1675 1495 1738 1520 eos

1086 1542 1190 1576 vocat
1234 1538 1460 1588 τελαμῶνας
1506 1539 1739 1587 σκυτίνους,

1087 1593 1164 1632 lora
1192 1607 1214 1631 e
1243 1595 1341 1632 corio
1369 1595 1475 1632 facta.

1146 1676 1259 1730 οἵπερ
1282 1672 1464 1717 ἐώθεσαν
1486 1673 1624 1718 οἷσπίσι
1649 1676 1742 1731 χρέ-

1091 1732 1232 1783 εσθαι]
1262 1733 1360 1771 Male
1389 1734 1473 1772 olim
1501 1732 1741 1784 ἐώθεισαν,

1091 1790 1190 1838 quod
1222 1802 1302 1826 cum
1336 1795 1484 1828 recentt.
1516 1792 1744 1829 mutavimus.

1092 1846 1201 1882 Conf.
1222 1845 1400 1884 Matthiae
1423 1847 1488 1884 Gr.
1512 1847 1577 1884 Gr.
1601 1846 1638 1897 ᾖ.
1663 1850 1743 1890 198

1092 1905 1168 1938 not.
1191 1900 1216 1942 5
1256 1913 1342 1952 pag.
1370 1904 1452 1944 360
1484 1903 1563 1941 coll.
1596 1902 1635 1954 ᾗ.
1665 1907 1742 1946 191,

1090 1961 1166 1994 not.
1189 1958 1227 1998 3.
1249 1977 1304 1984 —-
1329 1957 1371 1994 In
1399 1972 1477 2008 seq.
1506 1959 1746 2010 οἰηκίζοντες

1092 2018 1147 2051 est
1162 2014 1409 2063 gubernantes,
1433 2021 1597 2064 regentes.
1627 2016 1746 2054 Nam-

1092 2082 1164 2119 que
1181 2069 1385 2119 οἰακίζειν,
1405 2073 1503 2120 quod
1524 2074 1671 2123 proprie
1690 2076 1746 2111 est

1093 2138 1217 2162 navem
1241 2126 1451 2175 gubernare,
1481 2130 1584 2165 navis
1608 2141 1745 2166 cursum

1094 2182 1328 2229 gubernaculo
1364 2196 1501 2231 regere,
1543 2197 1616 2221 non
1643 2185 1745 2222 aliter

1094 2242 1204 2286 atque
1236 2238 1322 2285 οἴαξ
1351 2239 1660 2289 (gubernaculum)
1695 2242 1743 2278 ad

1094 2293 1222 2331 multas
1242 2294 1329 2331 alias
1345 2308 1400 2332 res
1419 2297 1502 2333 dein
1516 2299 1743 2343 transfertur,

1097 2350 1225 2399 quibus
1246 2351 1390 2387 omnino
1404 2352 1622 2400 gubernandi
1637 2358 1673 2390 et
1691 2366 1746 2390 re-

1097 2404 1204 2454 gendi
1224 2407 1321 2443 notio
1345 2407 1518 2445 declarari
1537 2409 1655 2447 debet.
1685 2409 1744 2446 Cf.

1099 2458 1387 2513 οἰακοστρόφος
1433 2465 1533 2514 apud
1578 2464 1747 2513 Aeschyl.

1097 2518 1138 2554 S.
1160 2531 1188 2554 c.
1209 2518 1326 2556 Theb.
1346 2523 1411 2561 62.
1451 2520 1633 2559 Prometh.
1650 2521 1744 2562 524.

1098 2572 1199 2611 Pers.
1212 2577 1304 2616 773.
1323 2572 1530 2627 οἰκονόμος
1546 2578 1645 2628 apud
1657 2590 1746 2615 eun-

1099 2629 1239 2726 ssfingn
1259 2631 1441 2670 Prometh.
1461 2634 1539 2676 153
1560 2633 1640 2672 coll.
1660 2633 1699 2670 S.
1715 2646 1745 2672 c.

1155 2769 1245 2821 περὶ
1266 2773 1367 2810 τοῖσι
1395 2767 1530 2821 αὐχέσι
1557 2793 1613 2802 --
1640 2786 1744 2823 περι-

1103 2826 1298 2878 κείμενοι]
1332 2829 1354 2864 i.
1377 2843 1408 2867 e.
1438 2829 1503 2867 illa
1523 2831 1652 2867 circum
1671 2841 1743 2866 εει·-
