1909 3228
646 184 934 224 CL10.1.
1332 185 1415 227 257

164 295 423 351 Ἀριζαντοὶ,
453 293 657 347 Βούδιοι,
686 292 850 349 Μάγοι.

47 379 143 424 102
169 376 256 420 ἐστὶ
291 373 457 418 τοσάδε.

166 453 233 505 ὂς,
263 453 592 509 τελευτήσαντος
617 450 834 508 Δηϊόκεω,
867 449 1203 507 βασιλεύσαντος
1221 452 1318 504 τρία
1337 451 1410 493 καὶ

906 293 1033 350 γένεα
1060 291 1137 348 μὲν
1167 291 1219 350 δὴ
1244 291 1414 350 Μήδων

1468 380 1627 409 Pin-annes
1644 389 1695 408 rex
1705 380 1742 408 ab

1470 416 1559 442 &647
1587 416 1687 441 Persis
1713 419 1743 441 et

1466 448 1533 475 aiiis
1553 448 1639 474 Asiae
1670 456 1743 482 gen-

1466 482 1680 520 tibusimperio
1691 481 1742 507 ad-

1469 515 1594 548 iunctis,
1607 515 1745 548 Assyrios

519 373 711 430 Δηϊόκεω
752 372 797 416 δὲ
835 377 935 423 παῖς
969 373 1134 427 γίνεται
1171 370 1411 427 Φραόρτης,

141 532 439 589 ἳπεντήκοντα
471 532 587 583 ἔτεα,
627 530 888 584 παρεδέξατο
917 529 995 585 τὴν
1024 527 1172 585 ἀρχήν.

167 610 346 667 ξάμενος
375 612 445 667 δὲ,
479 609 561 656 οὐκ
592 608 804 666 ἀπεχρᾶτο
833 607 1012 666 μούνων
1043 608 1190 665 ἄρχειν
1211 611 1299 652 τῶν

112 821 183 857 que
195 806 327 856 Magos
340 836 350 855 ,
370 805 546 857 simulque
563 808 674 845 refert
689 805 759 845 hoc

112 865 160 900 ad
188 863 367 901 Buddhae
393 864 524 901 cultum
558 878 625 914 pro
657 877 758 901 more

110 932 199 966 suo,
230 933 301 968 quo
323 920 536 957 incunabula
552 933 671 957 rerum
703 921 759 956 di-

107 976 269 1012 vinarum
291 981 326 1013 et
347 976 580 1013 humanarum
600 989 643 1014 ex
659 976 758 1013 Indis

110 1032 260 1069 derivat.

168 1086 302 1136 Magos
311 1088 369 1124 vix
389 1088 537 1125 dubium
551 1087 758 1138 primariam

110 1144 224 1181 fuisse
257 1149 402 1192 gentem
440 1144 654 1191 Medorum,
704 1144 758 1180 cui

109 1212 199 1250 prae
218 1201 344 1237 ceteris
366 1200 500 1246 honor,
531 1214 615 1236 cura
635 1212 758 1236 sacro-

110 1268 190 1292 rum
217 1260 254 1293 et
290 1256 410 1304 legum
442 1256 641 1292 divinarum
674 1268 757 1305 per-

110 1312 232 1349 missa.
269 1311 352 1347 Hoc
371 1312 467 1348 enim
495 1312 640 1349 minime
669 1311 757 1348 alie-

111 1380 195 1403 num
207 1396 218 1413 ,
247 1367 346 1416 quod
366 1380 460 1416 quae
471 1372 661 1416 tantopere
671 1370 756 1416 post

109 1423 272 1460 inclaruit
292 1436 403 1471 genS,
434 1423 590 1459 tribuum
618 1423 756 1459 illarum

109 1491 183 1516 una
205 1480 368 1529 primitus
388 1479 465 1515 fuit.
523 1479 631 1515 Conf.
659 1479 759 1516 Hee-

110 1548 187 1573 ren.
208 1536 320 1573 Ideen
337 1534 359 1571 l.
377 1534 399 1571 l.
417 1534 555 1585 p.409.
579 1534 672 1576 451.
703 1535 758 1571 Ο-

111 1591 318 1628 rientalibus
346 1591 580 1641 scriptoribus
620 1591 679 1640 qui
705 1591 762 1627 di-

114 1652 239 1684 cuntur
257 1646 392 1695 Mogh,
422 1660 444 1684 a
462 1647 584 1696 Magis
601 1661 674 1683 non
690 1647 763 1683 dif-

113 1704 209 1740 ferre
227 1703 332 1740 valde
356 1707 412 1740 est
428 1704 628 1752 probabile.
651 1703 763 1746 Quod

112 1759 336 1796 orientalium
363 1759 544 1795 literarum
569 1759 674 1808 periti
702 1772 764 1795 ex-

114 1820 273 1864 ponunt:
301 1827 478 1862 magnum,
494 1817 657 1850 eximium
675 1814 762 1863 (pro

116 1870 229 1918 Mali)
254 1870 311 1907 vel
343 1871 449 1907 etiam
476 1873 594 1919 caput.
654 1870 762 1905 Conf.

118 1926 241 1963 Virum
261 1927 404 1962 doctum
415 1926 449 1961 in
460 1926 614 1963 Hermes
624 1924 763 1971 XXXI,

120 1985 142 2022 1
163 1983 311 2029 (1828)
341 1996 377 2032 p.
395 1984 448 2023 90
471 1986 545 2018 not.
590 1980 765 2017 Hamme-

116 2051 201 2084 ruS,
230 2051 336 2086 quem
363 2050 473 2087 supra
500 2038 555 2083 (I,
571 2037 645 2084 96)
671 2036 766 2072 vidi-

116 2107 196 2131 mus
224 2093 398 2130 Deiocem
437 2097 474 2130 et
504 2091 766 2131 Dschemschid

116 2163 228 2187 unum
262 2150 489 2197 eundemque
527 2149 681 2195 habere,
728 2148 767 2184 in

117 2206 216 2242 hisce
240 2206 402 2242 tribubus
430 2205 620 2241 Medorum
635 2232 646 2251 ‚
675 2215 766 2251 quas

118 2262 331 2298 Herodotus
358 2265 544 2307 recenset,
573 2273 648 2296 non
678 2259 767 2296 alias

120 2318 306 2365 agnoscit,
336 2329 444 2365 quam
465 2329 560 2365 quae
585 2316 650 2352 sub
679 2327 768 2363 rege

120 2372 381 2410 Dschemschid
422 2373 535 2410 fuisse
579 2375 773 2408 narrantur

121 2431 198 2464 tum
228 2428 265 2464 in
304 2429 403 2465 libris
434 2428 626 2466 Persarum
658 2427 770 2462 sacris

123 2483 420 2531 (Zendavesta),
449 2488 525 2521 tum
548 2484 586 2520 in
613 2482 772 2520 carmine

123 2538 206 2584 illo,
245 2539 299 2575 cui
331 2552 463 2576 nomen
510 2538 773 2575 Schahnameh.

123 2594 359 2640 Sacerdotes,
388 2596 504 2642 primo
532 2595 610 2631 loco
632 2606 774 2644 ponen-

125 2651 193 2686 dos
232 2662 313 2686 esse
353 2648 507 2698 Zisagos,
566 2650 627 2698 qui
664 2649 773 2686 iidem

126 2706 233 2743 etiam
254 2704 369 2741 Rudiz·
400 2706 442 2753 (i.
463 2719 494 2743 e.
513 2705 685 2752 cultores)
708 2717 774 2754 ap-

126 2761 248 2812 pellati
274 2761 427 2806 suerint3
456 2761 585 2810 quibus
613 2760 774 2808 utrisque

126 2817 348 2866 respondere
385 2829 469 2864 eos,
526 2817 587 2866 qui
623 2816 775 2853 Atlcorne

184 2872 392 2911 Hmzonor.
422 2872 451 2910 Ι.

1230 531 1413 584 παραδε-

1317 606 1415 665 Μή-

826 812 862 845 et
874 805 1051 843 Kczture'an
1066 804 1102 841 in
1121 803 1188 841 illis
1206 803 1304 842 libris
1317 804 1474 841 vociten-

825 868 902 907 tur3
931 863 1120 899 Arizantes
1140 862 1209 898 dici
1236 861 1350 910 Vz'spz‘c
1361 860 1476 896 Erene

827 924 863 958 et
875 919 1045 955 Ρίεανιάη
1068 918 1148 965 (Le.
1160 917 1348 964 artifices),
1365 916 1474 953 Stru-

827 975 944 1012 chates
971 987 1052 1012 esse
1086 972 1294 1019 Osterusclz,
1333 972 1475 1009 tertiam

825 1032 979 1077 tribum,
1026 1029 1167 1075 Busas,
1215 1032 1378 1078 quartam
1410 1027 1477 1063 tri-

826 1088 910 1124 bum
923 1117 933 1134 ,
950 1085 1124 1137 appellari
1137 1084 1374 1121 Olznowuschi.
1406 1083 1479 1119 Pa-

826 1148 1013 1180 retacenos
1034 1141 1149 1177 omitti
1177 1141 1323 1190 quidem
1343 1140 1379 1176 in
1398 1151 1477 1175 car*

826 1200 921 1236 mine
933 1196 1182 1235 Schahnameh
1195 1224 1206 1242 ,
1227 1196 1341 1233 sedin
1352 1195 1478 1231 Zend-

824 1260 948 1291 avcsta
978 1254 1047 1291 dici
1068 1251 1363 1289 PeriocleL-esclzan
1391 1251 1412 1286 i.
1443 1263 1476 1288 e.

822 1311 918 1346 viros
969 1310 1060 1358 legis
1106 1309 1319 1358 primitivae.
1391 1306 1475 1343 Vid.

823 1366 973 1403 Wiener
993 1365 1114 1402 Jahrb.
1136 1364 1190 1400 IX
1209 1377 1246 1413 p.
1269 1365 1333 1404 11.
1357 1365 1420 1403 12.

1043 1447 1153 1499 Cap.
1185 1446 1265 1484 CII.

880 1526 1185 1583 τελευτησαντος
1194 1525 1392 1581 Δηιοήεω,
1410 1528 1480 1580 βα-

828 1584 1079 1635 σιλεύσαντος
1107 1587 1197 1639 τρία
1228 1585 1295 1625 καὶ
1337 1581 1479 1636 πεντή-

829 1661 949 1685 κοντα
972 1645 1028 1684 εἐτ
1033 1661 1056 1683 α
1077 1660 1111 1683 κ.
1132 1659 1163 1682 τ.
1189 1646 1223 1681 λ.
1234 1642 1247 1694 ]
1284 1642 1340 1679 Ex
1368 1642 1479 1678 ratio-

829 1703 935 1739 nibus
973 1701 1146 1738 Larcheri
1186 1704 1296 1748 atque
1335 1698 1480 1734 Volneii

828 1758 897 1794 hoc
923 1757 1070 1794 Deiocis
1095 1768 1249 1803 regnum
1273 1755 1369 1791 cadit
1386 1755 1482 1789 intra

830 1826 945 1849 annos
967 1813 1207 1853 709—656
1231 1823 1262 1846 a.
1282 1810 1388 1855 Chr.,
1406 1819 1480 1856 quo

829 1869 910 1918 ipso
930 1881 1026 1904 anno
1050 1867 1246 1903 Phraortes
1275 1865 1369 1913 patri
1399 1876 1480 1899 suc-

831 1924 939 1960 cessit
957 1924 993 1958 in
1009 1935 1134 1969 regno,
1193 1921 1265 1964 Qui
1284 1924 1479 1969 postquam

830 1979 957 2027 viginti
978 1979 1069 2015 duos
1101 1990 1216 2013 annos
1246 1987 1398 2023 regnum
1422 1979 1478 2010 te·-

831 2035 928 2080 nuit,
962 2034 1042 2083 ipse
1073 2033 1111 2069 in
1139 2032 1369 2082 expeditione
1392 2043 1480 2067 con-

832 2095 888 2127 tra
909 2090 1078 2138 Assyrios
1105 2092 1274 2137 suscepta
1302 2087 1408 2133 obiit,
1437 2089 1479 2122 ut

831 2145 941 2196 paulo
969 2146 1062 2182 infra
1096 2144 1308 2181 Herodotus
1344 2146 1480 2188 narrat,

833 2215 950 2248 anno,
990 2205 1030 2237 ut
1066 2213 1108 2237 ex
1140 2200 1211 2237 illis
1239 2197 1482 2246 consequitur,

835 2257 917 2299 634
938 2270 970 2293 a.
987 2257 1071 2293 Chr.
1092 2268 1127 2292 n.
1182 2255 1269 2306 Ipsa
1299 2252 1482 2303 expeditio

835 2318 965 2363 opinor
997 2313 1102 2349 cadet
1127 2311 1164 2348 in
1185 2323 1317 2347 annum
1345 2308 1426 2350 635
1450 2320 1484 2345 a.

839 2370 926 2406 Chr.
956 2369 1153 2405 Hammero
1172 2367 1203 2402 si
1223 2365 1486 2412 credis,Hero-

840 2425 917 2462 doti
945 2424 1043 2461 hicce
1073 2424 1268 2459 Phraortes
1289 2422 1387 2458 idem
1417 2423 1486 2466 est,

840 2481 902 2530 qui
922 2480 959 2516 in
980 2480 1213 2517 Zendavesta
1242 2477 1370 2514 dicitur
1392 2475 1487 2512 Tm-

841 2541 938 2582 teno,
975 2536 1013 2572 in
1047 2535 1203 2572 carmine
1239 2530 1488 2569 Schahnameh

842 2591 1015 2638 Feridun,
1054 2591 1148 2627 filius
1177 2589 1324 2627 Deiocis
1353 2601 1382 2624 s.
1415 2587 1490 2625 τοῦ

839 2647 1112 2686 Dschemschid.
1133 2645 1215 2682 Vid.
1226 2644 1346 2681 iVien.
1362 2642 1487 2679 Jahrb.

840 2704 894 2740 IX
915 2717 951 2752 p.
974 2705 1025 2743 13
1045 2714 1148 2750 seqq.

899 2754 1177 2808 ἀπεχρᾶτο]
1221 2756 1282 2792 Sic
1310 2757 1405 2791 certe
1432 2753 1486 2789 iu-

840 2816 929 2853 bent
946 2815 1070 2866 plures
1089 2814 1188 2863 iique
1209 2811 1375 2850 meliores
1394 2809 1485 2847 libri.

1161 2870 1215 2909 17

1469 555 1629 612 agtggressus
1639 567 1649 584 2
1676 555 1745 584 per-

1470 590 1491 609 ιι
