1909 3228
466 172 548 211 842

881 169 1346 208 HERODOTI

464 296 566 334 γας,
597 279 668 321 καὶ
704 279 755 321 τὰ
785 278 1035 331 προπύλαια
1066 277 1147 332 ἔχει
1177 277 1219 328 ές
1239 277 1351 329 ὕψος
1369 278 1471 320 δέκα
1494 278 1718 333 ὀργυιέων.

464 357 512 400 τό
544 356 588 400 δέ
619 374 693 412 μοι
722 360 809 399 τῶν
847 361 1054 412 φανερῶν
1097 361 1258 411 θῶυμα
1296 356 1499 411 μέγιστον
1538 357 1777 412 παρεχό-ὃο

433 445 453 478 5
465 453 598 492 μενον
612 468 622 486 ,
656 437 823 490 φράσω.

883 436 971 478 ἔστι
1001 436 1046 478 έν
1076 439 1135 491 τῷ
1182 438 1344 490 τεμένεϊ
1381 434 1520 489 τούτῳ
1553 442 1720 492 Λητοῦς

461 514 565 570 νηὸς
595 515 636 565 ἐξ
666 513 762 565 ἑνὸς
791 516 921 556 λίθου
951 513 1262 570 πεποιημένος,
1310 514 1352 565 ἔς
1381 530 1423 557 τε
1452 513 1565 565 ὕψος
1585 548 1596 567 ,
1647 517 1721 558 καὶ

461 593 503 643 ἐς
531 597 690 649 μῆκος·
723 593 794 635 καὶ
824 598 966 648 τοῖχος
996 593 1174 644 ἕκαστος
1206 592 1400 636 τούτοισι
1431 596 1543 644 ἰ’σος·
1576 605 1716 637 τεσσε-

433 671 655 727 δράκοντα
685 672 854 727 πηχέων
882 672 1049 715 τούτων
1081 670 1263 715 ἕκαστόν
1293 672 1391 715 ἐστι.
1430 673 1479 715 τό
1513 672 1557 715 δὲ
1587 689 1718 715 κατα-

461 749 673 806 στέγασμα
703 755 776 807 τῆς
806 748 995 807 ὀροφῆς,
1034 748 1163 802 ἄλλος
1192 750 1402 795 ἐπικέεται
1430 753 1582 803 λίθος,
1613 750 1719 807 ἔχων

403 959 513 995 etiam
535 957 600 994 sub
631 958 692 994 dio
722 961 806 995 ante
828 958 962 1008 templa
991 958 1055 995 ob-

402 1015 538 1051 viarum
595 1014 745 1063 eiusque
795 1015 1054 1063 magnitudinis

403 1072 517 1107 causis
540 1070 643 1120 plura
666 1071 847 1120 disputat,
876 1071 1056 1107 Herodoti

403 1128 511 1164 etiam
533 1131 699 1176 respectu
716 1127 861 1173 habim,
884 1127 1055 1174 Iomard,

403 1184 462 1219 ubi
505 1184 551 1220 de
583 1196 717 1231 magno
746 1183 884 1232 templo
907 1212 917 1230 ‚
955 1184 1055 1232 quod

400 1239 645 1289 Apollinopoli
665 1252 798 1287 magna
811 1239 972 1285 (Edsou)
989 1244 1056 1288 est,

401 1296 477 1344 agit
496 1296 532 1331 in
553 1297 722 1345 descript.
745 1296 791 1333 de
808 1295 901 1344 l'Eg.
914 1297 1053 1345 antiqq.

400 1356 487 1388 tom.
509 1352 598 1400 lcp.
622 1352 646 1392 5
678 1365 762 1402 pag.
790 1353 852 1392 13.
910 1353 977 1388 Est
998 1352 1054 1389 hic

400 1407 497 1444 locus
523 1410 680 1444 universe
714 1409 894 1445 tenendus
924 1410 972 1445 ad
998 1409 1054 1444 in-

399 1463 634 1512 telligendam
670 1464 850 1501 rationem
899 1464 1054 1513 templo-

399 1533 477 1556 rum
507 1519 769 1570 Aegyptiorum
783 1548 794 1566 ‚
824 1520 871 1556 de
891 1533 963 1568 qua
985 1520 1053 1556 ibi-

399 1576 483 1613 dem
523 1576 668 1613 disserit
700 1575 856 1612 Iomard.
891 1588 976 1626 pag.
1000 1575 1051 1617 14

399 1645 502 1680 seqq.
507 1633 530 1651 ‘⁶
561 1631 624 1668 Cr.

454 1686 522 1726 καὶ
559 1684 607 1725 τοὶ
641 1683 941 1753 προπύλαια
977 1685 1051 1737 ἔχει

398 1742 438 1789 ἐς
458 1741 567 1792 ν’ψος
591 1742 688 1782 δέκα
706 1737 922 1793 ὀργυιέων]
955 1758 1050 1792 προ-

397 1797 546 1838 πύλαια
566 1812 660 1848 quae
688 1803 790 1845 sunt,
822 1799 973 1835 diximus
1002 1799 1050 1835 ad

397 1856 430 1893 ll
447 1886 457 1904 ,
478 1859 543 1897 91.
563 1876 619 1883 —-
639 1854 678 1900 ἐς
699 1851 808 1903 ν’ψος
832 1860 872 1891 ut
888 1855 924 1890 in
946 1868 1048 1904 seqq.

398 1911 445 1958 ἔς
479 1926 518 1950 τε
536 1907 646 1960 ὕψος
671 1910 738 1949 καὶ
766 1910 812 1957 ές
834 1913 983 1962 μῆκος,·
1013 1916 1052 1948 tu

397 1969 492 2005 conf.
513 1968 645 2005 Matth.
668 1968 732 2004 Gr.
753 1968 819 2004 Gr.
851 1981 936 2017 pag.
956 1967 1049 2009 785.

397 2047 451 2053 ——
482 2025 658 2061 Ulnarum
693 2038 720 2060 s.
751 2019 924 2075 ὀργυιῶν
950 2037 1053 2061 men-

397 2094 516 2118 suram
535 2082 614 2131 ipse
636 2081 807 2118 indicavit
835 2080 973 2118 Noster
1002 2080 1051 2128 ll,

400 2138 491 2178 149.

452 2190 496 2233 τό
544 2191 587 2231 δέ
625 2207 692 2243 μοι
729 2194 809 2230 τῶν
858 2194 1048 2241 φανερῶν

395 2251 545 2299 θῶυμα
569 2247 763 2300 μέγιστον]
786 2249 899 2285 Haud
921 2249 1048 2298 displi-

397 2320 479 2343 cere
501 2306 642 2342 videtur
662 2307 781 2342 Struv.
797 2319 891 2354 spec.
906 2310 1046 2354 quaest.

396 2363 444 2399 de
461 2362 544 2399 dial.
566 2362 705 2399 Herod.
728 2364 827 2411 p.29
838 2366 926 2407 not„
949 2362 1048 2410 quod

395 2423 540 2468 praeter
568 2422 653 2455 v.ett
674 2418 852 2455 editiones
874 2418 945 2454 duo
969 2418 1048 2454 libri

395 2475 574 2525 praebent
597 2474 740 2530 scripti:
763 2471 806 2512 τό
826 2472 868 2512 δέ
883 2489 949 2523 μοι
967 2476 1048 2512 τῶν

397 2533 582 2581 φανερῶν
603 2531 627 2579 ἢ
643 2545 665 2568 ν
688 2532 835 2579 θῶυμα
854 2529 935 2581 μέγ.
940 2560 950 2577 ,
968 2544 1048 2567 cum

396 2586 466 2622 hoc
487 2587 629 2624 dicendi
645 2599 760 2635 genus
772 2586 909 2624 Nostro
922 2587 1048 2623 admo-

398 2642 483 2679 dum
504 2643 550 2679 sit
565 2644 751 2692 frequens.
809 2643 892 2680 Vid.
917 2643 966 2680 ibi
997 2642 1050 2679 al-

398 2697 481 2734 lata.

454 2751 610 2803 πηχέων
628 2750 805 2804 τούτων]
848 2754 901 2790 Ita
923 2754 1048 2804 scripsi

400 2808 584 2846 Gaisford.
606 2815 760 2849 secutus.
795 2810 915 2859 Vulgo
934 2810 1048 2849 male:

1125 955 1283 1008 πηχέων
1305 955 1509 997 τουτέων.
1529 979 1582 986 -
1611 958 1671 996 Ne
1689 957 1773 998 ἕκα-

1126 1026 1241 1060 στον,
1273 1015 1372 1063 quod
1401 1015 1570 1051 continuo
1600 1016 1773 1063 sequitur,

1123 1071 1161 1106 in
1189 1069 1350 1116 ἕκαστος
1380 1077 1565 1117 mutetur,
1603 1072 1773 1120 quoniam

1124 1128 1172 1163 ad
1192 1131 1319 1177 τοῖχος
1337 1132 1481 1176 spectat
1493 1155 1502 1172 ‚
1520 1128 1664 1164 obstant
1686 1140 1774 1165 sane

1124 1182 1202 1219 libri
1223 1183 1369 1233 scripti,
1401 1196 1552 1232 quorum
1581 1184 1773 1220 auctoritas

1122 1240 1374 1289 praeferenda.
1432 1239 1572 1276 Mavult
1591 1240 1775 1289 Schweig-

1122 1295 1316 1333 haeuserus
1343 1296 1476 1333 referre
1505 1297 1553 1332 ad
1584 1298 1709 1345 μῆκος
1739 1300 1776 1333 et

1122 1347 1254 1400 ὕψοςς
1284 1357 1320 1389 et
1345 1353 1478 1401 poterit
1503 1353 1626 1401 utique
1651 1353 1774 1388 subin-

1123 1408 1238 1456 telligi
1258 1410 1402 1454 κῶλον,
1427 1409 1525 1456 quod
1543 1409 1773 1445 antecedenti

1121 1467 1250 1513 τοῖχος
1281 1464 1552 1512 quodammodo
1587 1464 1773 1501 continea-

1121 1524 1191 1556 tur.

1176 1573 1220 1614 τό
1241 1572 1283 1613 δὲ
1300 1571 1594 1625 καταστέγασμα
1605 1576 1674 1624 τῆς
1687 1570 1769 1625 ὀρο-

1121 1633 1224 1681 φῆς,
1266 1627 1383 1676 ἄλλος
1412 1629 1604 1669 ἐπικέεται
1632 1630 1770 1680 λίθος]

1120 1687 1177 1724 De
1196 1692 1374 1723 structura
1402 1691 1525 1723 monet
1552 1686 1681 1723 Matth.
1705 1688 1771 1724 Gr.

1120 1743 1185 1779 Gr.
1206 1755 1292 1792 pag.
1314 1745 1407 1782 791.
1466 1742 1548 1779 Dici
1580 1743 1674 1779 enim
1702 1743 1772 1780 hoc

1118 1812 1207 1848 pro:
1237 1795 1280 1837 τό
1302 1795 1344 1836 δὲ
1360 1795 1654 1849 καταστέγασμα
1667 1797 1771 1838 ἔστιν

1120 1851 1237 1900 αλλος
1256 1855 1374 1900 λίθος
1398 1853 1656 1905 ἐπικείμενος.

1177 1909 1276 1961 ε’χων
1317 1926 1392 1961 την
1422 1912 1686 1962 παρωροφίδα
1712 1925 1768 1950 τε-

1118 1963 1337 2019 τραπηχυν]
1370 1966 1606 2018 παρωροφὶς
1633 1968 1770 2005 Polluci

1119 2024 1158 2071 I,
1177 2026 1228 2064 81
1258 2029 1313 2061 est
1341 2020 1383 2062 τό
1411 2021 1554 2074 μεταξυ
1577 2026 1650 2063 τοῦ
1679 2019 1769 2072 θ’ρό-

1120 2095 1201 2128 φου
1219 2095 1285 2118 και
1306 2082 1377 2118 τοῦ
1398 2079 1568 2131 στέγους.
1619 2081 1665 2116 W
1668 2094 1767 2118 esse-

1118 2137 1249 2185 liugius
1282 2137 1366 2173 inde
1396 2137 1543 2186 exponit
1570 2139 1766 2185 prominen-

1119 2195 1206 2230 tiam
1225 2194 1299 2231 τοῦ
1314 2188 1679 2243 καταστεγάσματος
1693 2194 1767 2230 sive

1117 2250 1216 2298 quod
1245 2245 1352 2299 παρα
1378 2245 1448 2287 τόν
1478 2246 1628 2297 ὄροφον
1651 2250 1767 2299 porri-

1116 2306 1280 2354 gebatur.
1300 2307 1417 2349 Quem
1429 2310 1569 2342 secutus
1583 2305 1768 2355 Schweig-

1116 2362 1311 2398 haeuserus
1343 2362 1378 2397 in
1414 2361 1482 2399 lex.
1511 2362 1650 2399 Herod.
1682 2376 1710 2399 s.
1731 2375 1766 2398 v.

1116 2418 1238 2455 reddit
1269 2430 1361 2454 oram
1390 2420 1473 2454 tecti
1511 2432 1538 2454 s.
1571 2431 1646 2455 eam
1682 2419 1767 2454 tecti

1109 2477 1259 2524 partem,
1282 2487 1368 2523 quae
1383 2478 1520 2523 praeter
1538 2487 1670 2510 murum
1682 2487 1765 2524 pro-

1115 2532 1231 2566 minet.
1304 2530 1489 2567 Letronne
1527 2531 1762 2578 (recherches

1117 2599 1209 2636 pour
1226 2587 1335 2623 servir
1354 2588 1375 2622 ἐι
1404 2586 1574 2624 l'histoire
1601 2586 1647 2624 de
1667 2586 1761 2635 l’Eg.

1117 2655 1201 2692 pag.
1214 2645 1287 2690 80)
1308 2644 1583 2692 interpretatur:
1605 2642 1666 2689 „la
1688 2655 1763 2679 cor-

1116 2699 1215 2735 m'claee
1235 2727 1245 2744 ‚
1295 2699 1357 2747 qui
1387 2699 1477 2735 dans
1507 2699 1763 2736 l’architecture

1115 2755 1356 2804 e'gyptienne,
1392 2756 1590 2804 comprend
1620 2754 1655 2791 la
1679 2767 1761 2804 par-

1117 2811 1190 2848 tie'e
1216 2810 1339 2862 placee
1368 2811 1580 2849 au-dessus
1614 2811 1662 2847 du
1683 2815 1761 2848 tore
