1877 3223
422 229 503 270 172

810 228 1286 269 HERODOTI

501 335 580 375 ἔνθ’
605 337 907 386 Ἀγαμεμνονίδην
935 337 1075 384 κατέχει
1097 340 1273 385 φυσίζοος
1299 338 1386 375 αἶα·

497 395 565 432 τὸν
589 396 633 433 σύ
659 395 943 442 κομισσάμενος,
973 396 1104 442 Τεγέης
1128 396 1383 441 ἐπιτάρῤοθος
1411 395 1507 443 ἔσσῃ.

390 462 489 515 5Ὡς
518 464 564 508 δὲ
593 465 666 508 καὶ
695 470 831 510 ταῦτα
859 466 1055 524 ἤκουσαν
1085 467 1128 509 οἱ
1155 463 1514 520 Λακεδαιμόνιοι,
1548 464 1671 508 ἀπεῖ-

417 559 497 599 χον
531 547 606 600 τῆς
646 543 884 600 ἐξευρέσιος
921 543 1053 588 οὐδὲν
1082 545 1288 596 ἔλασσον,
1329 542 1471 586 πάντα
1502 545 1668 600 διζήμε-
1684 552 1728 586 80

416 635 508 664 νοι·
540 622 582 673 ἐς
611 617 665 665 οὗ
695 623 748 679 δή
776 625 933 680 Λίχης,
962 627 1051 667 τῶν
1081 621 1369 680 ἀγαθοεργῶν
1398 622 1672 677 καλεομένων

389 708 410 740 6
420 701 729 757 Σπαρτιητέων
738 735 751 755 ,
799 700 965 758 ἀνεῦρε.

295 901 308 922 ”
359 907 438 945 coll.
464 906 636 958 Antigon.
667 907 748 950 134
775 913 811 947 et
831 909 912 951 590
932 910 1012 958 (ubi

360 960 522 1014 πήματα
547 964 611 1004 ἐπὶ
643 960 798 1016 πήμασι
830 966 938 1016 plane
973 970 1013 1002 ut

359 1021 395 1058 h.
415 1021 458 1069 l.)
483 1026 519 1059 et
539 1021 677 1060 Aelian.
705 1022 745 1059 V.
776 1022 826 1059 H.
852 1022 917 1068 lll,
945 1021 1010 1062 43.

422 1076 563 1129 Τεγέης
597 1075 862 1129 ἐπιτάρᾇθος
894 1077 1010 1130 ἔσσῃ]

360 1131 647 1184 ἐπιταρῤοθος,
697 1140 737 1171 ut
781 1133 1012 1184 ἐπίρῤοθος,

358 1194 547 1241 poetarum
584 1191 814 1242 potissimum
853 1196 908 1228 cst
951 1190 1012 1227 ubi

359 1246 574 1296 explicatur:
611 1248 764 1284 adiutor.
814 1247 925 1291 Quod
957 1251 1013 1282 ta-

357 1315 442 1340 men
473 1302 554 1340 huic
587 1303 666 1341 loco
710 1317 784 1340 non
820 1303 1013 1340 convenire

357 1371 466 1396 nemo
492 1372 567 1396 non
594 1361 713 1407 videt,
742 1361 778 1396 in
805 1373 876 1409 quo
900 1361 1011 1395 victo-

358 1427 429 1450 rem
463 1414 571 1462 vulgo
601 1416 768 1453 reddunt.
825 1415 893 1451 Est
915 1415 1010 1452 enim

358 1470 500 1508 mediae
521 1472 792 1519 significationis
812 1471 949 1518 vocula,
973 1474 1011 1506 ut

358 1527 505 1564 verbum
519 1527 662 1576 ipsum,
691 1528 788 1564 unde
818 1528 1010 1565 deductum

359 1587 417 1620 est
452 1582 704 1635 ἒπιῤῥοθεῖν,
767 1585 866 1632 quod
901 1596 1011 1632 quum

358 1639 506 1676 omnino
533 1640 600 1677 sit:
639 1652 713 1676 cum
740 1642 885 1689 strepitu
915 1652 1012 1675 acce-

364 1695 455 1742 dere,
483 1709 558 1732 non
578 1697 695 1733 minus
713 1697 758 1733 do
777 1697 890 1732 {unico
906 1708 1012 1744 quain

359 1752 407 1789 de
439 1752 543 1789 hoste
579 1753 814 1802 adstrepente
842 1753 909 1788 dici
932 1756 1013 1801 pot-

358 1808 437 1846 erit.
481 1807 564 1845 Hoc
594 1808 671 1844 loco
710 1809 755 1845 de
783 1809 888 1845 hoste
917 1808 1010 1843 acci-

357 1864 460 1914 pias,
518 1864 564 1901 ad
601 1864 768 1912 Tegeam
816 1865 1010 1901 accedente

359 1932 512 1969 eamque
551 1920 689 1969 impetu
722 1933 787 1956 suo
835 1920 1011 1957 obruente

359 1976 382 2013 i.
409 1989 440 2013 e.
468 1980 675 2025 superante.
716 1976 785 2012 Est
811 1975 909 2012 locus
939 1975 1011 2012 Ae-

360 2032 471 2080 schyli
502 2032 539 2068 iu
570 2032 609 2070 S.
642 2045 672 2069 c.
703 2032 776 2069 Th.
819 2032 925 2079 364,
950 2032 1011 2068 ubi

360 2088 504 2124 Chorus
538 2092 662 2138 sperat
691 2093 845 2125 mortem
875 2089 1010 2124 adven-

359 2148 501 2191 turam,
551 2141 812 2196 παγκλαύτων
861 2139 1012 2195 ἀλγέων

359 2199 674 2248 ἐπίρῤοθον,
731 2214 825 2250 quae
880 2200 1012 2238 scilicet

359 2256 462 2293 malis
489 2256 633 2303 liberet3
661 2258 722 2295 ubi
746 2257 1011 2304 Blomfieldius,

359 2313 416 2349 cui
438 2313 562 2349 merito
575 2314 756 2363 displicuit
771 2313 929 2362 vulgaris
947 2313 1012 2350 ad-

359 2371 500 2405 surricis
524 2371 762 2419 significatio,
799 2383 907 2419 quam
933 2369 1014 2407 huic

360 2425 440 2462 voci
455 2425 638 2473 tribuunt,
667 2426 801 2464 mavult
816 2425 1010 2476 explicare:

366 2482 560 2529 „0brue,=2s,
588 2483 684 2519 velut
713 2484 845 2532 aqua.“
902 2483 1009 2519 Conf.

361 2538 518 2575 eundem
538 2538 585 2575 ad
601 2552 652 2575 vs.
667 2542 693 2579 7
707 2539 792 2576 ibid.
810 2538 940 2588 Neque
952 2551 1011 2575 ve·

360 2604 404 2629 ro
425 2594 494 2630 ista
504 2594 799 2644 interpretatione
817 2608 911 2646 opus
933 2594 1011 2640 erit,

362 2649 393 2684 si
423 2651 520 2687 vocis
553 2651 735 2689 notionem
762 2653 856 2690 bene
888 2664 1012 2701 peree-

362 2706 471 2754 periS.
499 2705 579 2745 Nec
610 2708 717 2745 etjam
741 2709 778 2745 in
800 2708 1012 2745 Herodoteo

364 2760 442 2797 loco
463 2763 658 2812 quidquam
683 2769 770 2801 mut
771 2765 917 2811 indum
952 2763 1013 2799 ubi

364 2816 531 2865 Schwgh.
558 2821 674 2868 magis
701 2821 820 2871 placet
847 2819 1015 2873 Τεγέης

364 2872 401 2910 in
420 2873 554 2922 dativo,
582 2877 796 2926 praesertim
816 2890 894 2914 cum
917 2875 1014 2927 apud

1025 704 1069 746 οἱ
1099 702 1144 747 δὲ
1172 701 1436 758 ἀγαθοεργοὶ
1474 701 1556 745 εἰσὶ
1583 704 1673 744 τῶν

1079 910 1303 960 Stephanum
1320 910 1409 958 Byz.
1434 909 1455 946 l.
1477 908 1500 946 l.
1524 911 1641 946 exstet
1667 910 1732 946 Τε-

1080 965 1122 1018 γέ
1135 981 1225 1012 αις.
1255 966 1441 1004 Diodorus
1463 964 1549 1001 nihil
1570 968 1694 1000 mutat.

1137 1017 1301 1072 α’πεῖχον
1331 1036 1402 1072 της
1429 1020 1557 1085 ἔξευρε
1542 1019 1644 1065 ’σιος
1667 1034 1730 1058 ου-

1082 1075 1150 1117 ὁὲν
1179 1078 1363 1125 ἐ’,λασσον
1408 1091 1540 1115 παντα
1579 1071 1731 1125 διζήμε-

1080 1137 1158 1181 νοι]
1201 1135 1223 1171 i.
1248 1148 1278 1172 c.
1314 1134 1456 1182 „mlulo
1493 1134 1608 1181 magis
1638 1144 1733 1181 repe-

1080 1194 1149 1228 rire
1181 1194 1369 1240 potuerunt
1409 1192 1523 1227 omnia
1575 1190 1735 1238 quamvis

1080 1249 1344 1297 disquirentes‘⁴
1377 1261 1405 1282 s.
1432 1246 1479 1282 ad
1497 1245 1732 1283 verbumma-

1081 1306 1158 1354 gis:
1190 1305 1261 1350 „ab
1279 1305 1473 1341 inventione
1489 1301 1597 1338 m‘lu'lo
1616 1303 1732 1349 magis

1078 1362 1244 1406 aberant,
1274 1361 1394 1397 omnia
1416 1361 1576 1409 quamvis
1597 1357 1729 1406 ‹ll-squi-

1079 1418 1227 1453 rentesf‘
1257 1417 1435 1452 ‘videntur
1457 1415 1596 1464 priores
1622 1414 1732 1450 inter-

1078 1478 1201 1523 pretes
1223 1485 1297 1508 non
1318 1472 1406 1508 satis
1427 1475 1522 1508 recte
1542 1469 1658 1507 locum
1678 1470 1731 1505 iu-

1078 1529 1268 1566 tellexisso

1136 1584 1175 1630 ἐς
1203 1586 1248 1623 οὑ
1281 1581 1331 1634 δη
1354 1584 1478 1634 Λίχης
1509 1604 1547 1609 ——
1573 1577 1623 1620 (ἷι
1628 1584 1730 1631 εὗρε]

1080 1640 1120 1688 ἒς
1143 1635 1191 1679 οὗ
1209 1641 1333 1688 donec,
1361 1641 1441 1677 (lum
1465 1644 1550 1687 (pro
1571 1638 1642 1684 ἓως
1664 1632 1731 1685 οὗ)

1079 1699 1254 1748 prob·11ur
1276 1698 1456 1734 constanti
1487 1696 1614 1731 Nostri
1646 1695 1733 1731 seri-

1080 1755 1196 1804 ptoris
1224 1767 1314 1799 usu,
1343 1754 1437 1789 conf.
1462 1752 1534 1798 lll,
1566 1753 1631 1791 31.
1662 1750 1732 1797 lV,

1081 1813 1145 1851 12.
1176 1811 1268 1849 160.
1302 1811 1392 1849 166.
1426 1807 1472 1854 V,
1503 1808 1566 1848 51-
1589 1808 1642 1848 86
1665 1811 1731 1843 etc·

1079 1865 1191 1901 Lude
1203 1864 1288 1901 nihil
1308 1863 1583 1910 sollicitandum,
1606 1875 1732 1912 quam-

1079 1934 1142 1969 qu
1133 1934 1188 1957 1111
1223 1921 1324 1958 aliter
1344 1921 1469 1958 crebro
1497 1920 1674 1975 leperitur
1694 1918 1733 1965 ἐς

1080 1993 1100 2015 ο
1123 1978 1258 2026 idque
1251 1991 1371 2027 ipsum
1396 1989 1462 2027 pro
1486 1975 1556 2022 ἓως
1577 1977 1624 2014 οὑ
1645 1976 1733 2026 poni

1080 2034 1126 2071 ab
1151 2034 1293 2070 Ionibus
1321 2037 1443 2070 monet
1463 2033 1618 2081 Gregor.
1644 2032 1730 2069 Cor.

1080 2091 1127 2127 de
1165 2090 1248 2126 dial.
1281 2089 1357 2126 Ion.
1388 2088 1424 2140 ᾗ.
1455 2092 1520 2135 63,
1555 2089 1615 2124 ubi
1655 2088 1728 2123 vid.

1079 2146 1199 2183 Koen.
1234 2160 1270 2196 p.
1304 2146 1387 2186 472
1427 2144 1568 2181 Schaef.
1598 2142 1728 2180 Matth.

1079 2200 1116 2253 ᾗ.
1150 2202 1255 2248 578,
1294 2214 1314 2238 e
1352 2213 1438 2251 pag.
1476 2199 1594 2241 1146.
1654 2200 1731 2236 Sed

1077 2258 1332 2307 quaesixcrunt
1395 2256 1579 2303 nonnulli,
1643 2268 1729 2292 num

1079 2315 1224 2350 omnino
1247 2314 1350 2368 apud
1361 2312 1588 2349 Herodotum
1609 2313 1730 2350 seren-

1079 2371 1164 2407 dum
1183 2370 1229 2405 sit
1247 2367 1286 2415 ἐς
1302 2370 1364 2415 οὑ,
1396 2373 1435 2405 ut
1453 2371 1545 2418 qui
1535 2368 1621 2405 alias
1634 2381 1729 2406 sem-

1078 2439 1144 2476 per
1164 2425 1347 2474 scri1)s‹rit
1372 2423 1410 2470 ἐς
1432 2421 1474 2473 ὁ,
1506 2425 1605 2474 quod
1632 2425 1728 2462 idem

1079 2482 1215 2530 aliquot
1249 2482 1335 2518 locis
1370 2481 1450 2517 libri
1477 2482 1600 2532 scripti
1637 2493 1730 2518 non-

1078 2538 1165 2575 nulli
1194 2539 1424 2575 substituunt.
1455 2537 1562 2574 Conf.
1598 2536 1730 2576 Struve

1079 2595 1229 2637 Quaest.
1256 2594 1394 2632 Herod.
1425 2593 1581 2644 Specim.
1603 2606 1641 2644 p.
1663 2593 1728 2635 43.

1080 2673 1134 2679 -—
1154 2650 1212 2689 De
1239 2650 1473 2700 Agathoergis
1505 2650 1583 2686 loco
1605 2649 1730 2686 classi-

1080 2721 1144 2753 co,
1174 2707 1235 2756 qui
1265 2707 1517 2756 subsequitur,
1544 2706 1642 2744 adde
1666 2719 1730 2743 ve-

1079 2767 1196 2800 terum
1237 2763 1547 2811 grammaticorum
1587 2762 1729 2811 glossas

1080 2821 1178 2870 apud
1226 2820 1416 2857 'limaeum
1473 2817 1726 2867 (Lex.P1at.

1080 2889 1118 2927 p
1134 2875 1179 2916 4:
1201 2871 1463 2928 α’γαθοεργοί·
1483 2872 1630 2925 αἱρετοὶ
1647 2868 1728 2912 κατ’

1739 487 1794 527 83
