1909 3228
557 217 1069 257 EUTERPE.II.
1345 221 1429 261 545

123 326 257 379 11γῆν
285 324 450 367 οἰκέειν.
497 324 663 369 τούτων
693 327 737 370 δὲ
773 326 1104 371 ἐσοικισθέντων
1143 327 1186 379 ές
1214 327 1316 379 τούς
1347 329 1426 371 Αἰ-

174 404 355 455 θίοπας,
404 402 663 459 ἡμερώτεροι
700 404 901 461 γεγόνασι
929 407 1159 458 Αἰθίοπες,
1205 405 1316 463 ἤθεα
1343 423 1426 463 μα-

175 481 328 532 θόντες
356 482 580 538 Αἰγύπτια.

1476 563 1578 593 Nilum
1595 564 1674 598 apud
1694 567 1752 594 Au-

1475 601 1599 626 tomoms
1611 600 1704 627 fluere
1713 600 1751 627 ab

1474 633 1643 660 occidente:
1671 633 1751 667 quod

1471 665 1566 725 plu-a,
1584 667 1749 702 incomper-

1488 706 1545 727 um.

52 558 116 602 31

260 560 399 616 Μέχρι
426 562 503 617 μέν
531 578 614 605 νυν
641 561 849 615 τεσσέρων
876 565 1026 618 μηνῶν
1050 561 1189 606 πλόου
1217 564 1290 607 καὶ
1310 563 1421 608 ὁδοῦ

172 639 426 693 γινώσκεται
457 640 479 685 ὁ
507 644 687 691 Νεῖλος,
728 640 861 693 πάρεξ
891 644 971 683 τοῦ
1009 641 1055 683 ἐν
1084 640 1286 701 Αἰγύπτῳ
1320 643 1418 696 ῥεύ-

144 724 320 773 Ξματος.
351 723 552 762 τοσοῦτοι
581 719 660 774 γὰρ
683 719 1020 774 συμβαλλομένῳ
1041 722 1172 775 μῆνες
1192 719 1418 776 εὑρίσκον-

172 814 240 839 ται
271 795 628 851 ἀναισιμούμενοι
659 798 699 848 ἐξ
730 795 1035 852 Ἐλεφαντίνης
1073 801 1348 858 πορευομένῳ
1378 801 1446 852 {gl

170 875 272 925 τούς
300 873 580 929 Αὐτομόλους
610 875 806 926 τούτους.
855 876 939 931 ῥέει
969 876 1014 919 ὁὲ
1053 875 1137 920 ἀπὸ
1169 877 1348 934 ἑσπέρης
1374 895 1419 923 τε

141 955 242 996 auat
268 954 395 1010 ἡλίου
423 955 632 1010 δυσμέων.
698 954 755 998 Τὸ
787 955 831 997 ὁὲ
858 953 941 998 α’πό
970 957 1120 1007 τοῦδε,
1160 954 1302 1007 οὐδεὶς
1339 959 1420 1013 ἔχει

168 1033 340 1088 σαφέως
370 1034 557 1090 φράσαι·
589 1034 744 1089 έρῆμος
772 1031 854 1088 γάρ
887 1033 973 1076 ἐστι
1001 1033 1028 1090 ἦ
1056 1033 1175 1091 χώρη
1205 1034 1313 1091 αὕτη
1329 1034 1416 1079 ὑπό

46 1119 109 1163 32
167 1110 399 1166 καύματος.
451 1112 577 1155 Ἀλλὰ
606 1112 706 1156 τάδε
745 1112 822 1167 μὲν
860 1110 1025 1167 ἤκουσα
1065 1111 1239 1168 ἀνδρῶν
1267 1117 1414 1171 Κυρη-
1469 1113 1747 1181 ῼιῗξέωοζὲξῇῗξξ

165 1192 325 1242 ναίων,
356 1192 560 1247 φαμένων
583 1192 727 1235 ἐλθεῖν
755 1207 797 1234 τε
821 1190 888 1233 ἐπὶ
912 1190 961 1234 τὸ
980 1190 1207 1246 ’Ἄμμωνος
1227 1192 1440 1250 χρηστή-5
1468 1181 1746 1255 ῗῗυξᾳῖἷιῗηῖἷιῗιῖῃρᾳςῖῗ

166 1285 286 1323 ριον,
313 1270 386 1312 καὶ
416 1268 643 1314 ἀπικέσθαι
674 1271 716 1321 ές
747 1268 905 1325 λόγους
932 1269 1138 1328 Ἐτεάρχῳ
1160 1275 1221 1328 τῷ
1246 1269 1414 1328 Ἀμμω-
1469 1247 1745 1344 ἓὶἒῖξέᾷίῗὲἒὲῐέἓῖ

107 1452 183 1489 sere
203 1465 333 1490 sensu:
356 1451 467 1490 Iussit
487 1466 547 1490 rea:
567 1454 757 1504 Aegyptios

106 1508 282 1556 advenas,
339 1509 414 1546 illis
463 1509 755 1561 (Aethiopibus)

106 1566 246 1611 eiectis,
275 1569 402 1602 terram
429 1565 607 1613 hahitare,
638 1567 680 1603 ab
708 1568 755 1604 il-

105 1619 150 1657 lis
188 1621 267 1657 olim
307 1626 521 1672 occupatam.
580 1622 754 1671 Ε1)ἰέξε-

105 1672 245 1723 λόντας
284 1678 428 1716 minime
477 1678 753 1728 sollicitandum,

105 1734 202 1780 quod
237 1733 437 1781 Schweigh.
469 1738 589 1771 tuetur
621 1735 675 1771 his
701 1736 756 1773 lo-

105 1788 176 1825 cis:
204 1788 240 1835 Ι,
261 1790 352 1829 103.
380 1790 458 1830 159
482 1793 548 1826 etc.

284 1871 589 1922 Cap.xxxr

159 1956 340 2010 τοσοῦτοι
365 1951 439 2007 γαρ
469 1970 503 1993 κ.
524 1970 554 1993 τ.
578 1954 628 2005 λ.]
664 1955 752 1993 Vul-

104 2023 153 2058 go
180 2012 314 2059 οὑτοι,
341 2012 439 2048 cuius
470 2012 549 2048 loco
575 2025 653 2048 cum
676 2013 750 2049 bini

102 2066 182 2103 libri
200 2067 373 2104 offerrent
395 2063 589 2120 τοσούτῳ,
611 2068 749 2116 priores

103 2123 259 2160 editores
272 2151 282 2169 ‚
314 2135 405 2171 quos
424 2128 563 2161 secutus
586 2137 675 2171 sum,
695 2125 750 2161 in-

103 2179 151 2215 de
179 2183 418 2228 reposuerunt
451 2182 642 2218 τοσοῦτοι.
673 2179 750 2216 Ad-

101 2238 206 2271 notat
215 2234 500 2284 Wesselingius,
521 2236 557 2271 in
576 2236 750 2273 mensium

102 2302 272 2338 numero,
312 2304 404 2340 quos
435 2292 479 2328 ab
510 2291 751 2341 Elephantine

101 2344 267 2383 Meroem
302 2359 425 2384 versus
465 2351 501 2385 et
537 2347 749 2385 Automolos

103 2401 369 2449 proficiscentes
388 2408 592 2450 conterant,
609 2404 751 2441 dissen-

103 2455 171 2492 tire
216 2458 262 2493 ab
308 2458 497 2495 Herodoto
555 2458 751 2497 Aristidem

104 2510 208 2547 Orat.
245 2511 401 2563 Aegypt.
434 2528 519 2564 pag.
541 2514 634 2555 346.
674 2516 750 2552 Sed

102 2565 201 2604 hicce
228 2567 305 2604 aliis
324 2582 366 2606 ex
386 2571 543 2607 fontibus
579 2583 642 2607 sua
662 2570 751 2608 hau-

102 2621 192 2660 sisse
211 2625 348 2660 censeri
365 2629 496 2674 potest.

275 2706 579 2757 oap.xxxn.

156 2788 345 2840 φαμένων
376 2789 510 2830 ἐλθεῖν
539 2806 580 2831 τε
607 2790 671 2831 ἐπὶ
703 2790 748 2833 το“

86 2841 297 2896 ’Ἄμμωνος
319 2843 569 2901 χρηστήριον]
588 2848 743 2888 DeAm-

151 2901 359 2940 HERonoT.
390 2903 417 2941 I.

825 1453 953 1491 moniis
983 1454 1077 1491 conf.
1105 1452 1162 1500 ΙΙ,
1191 1452 1256 1494 42.
1287 1452 1360 1501 IV,
1391 1457 1468 1497 181

825 1511 902 1547 coll.
927 1509 998 1556 Ill,
1024 1509 1075 1550 25
1096 1522 1171 1558 seq.
1230 1509 1385 1559 Intelligi
1409 1512 1475 1548 ‹le-

824 1567 885 1604 bet
903 1566 937 1603 h.
950 1565 972 1602 l.
994 1565 1087 1602 Iovis
1104 1565 1283 1602 Ammonii
1298 1566 1471 1617 templum

823 1627 932 1672 atque
951 1621 1129 1658 oraculum
1144 1622 1230 1658 satis
1248 1626 1373 1659 notum
1394 1627 1470 1660 tum

821 1683 972 1729 propter
1022 1678 1233 1726 religionem
1277 1682 1314 1715 et
1350 1690 1470 1726 sacra,

821 1738 897 1770 tum
918 1738 1064 1784 propter
1092 1735 1294 1771 commercii
1321 1734 1471 1771 celebri-

821 1794 942 1827 tatem.
1000 1789 1132 1837 Neque
1167 1790 1261 1825 enim
1295 1789 1469 1839 templum

821 1845 936 1880 solum
962 1844 1031 1880 illic
1058 1845 1168 1880 fuisse
1194 1844 1467 1882 existimandum

822 1904 896 1946 est,
926 1913 1048 1936 verum
1075 1912 1226 1947 regnum
1251 1898 1373 1936 incolis
1394 1901 1468 1938 fre-

820 1968 934 2004 quens
954 1984 965 2002 ,
1003 1959 1043 1991 ut
1080 1959 1227 2004 cryptae
1260 1955 1464 1993 hominibus

818 2011 1002 2048 medicatis
1031 2011 1105 2047 sive
1133 2010 1273 2047 mumiis
1304 2011 1465 2060 repletae

817 2067 998 2115 hodieque
1021 2070 1235 2103 monstrant.
1275 2066 1384 2103 Nunc
1411 2067 1466 2104 lo-

818 2136 859 2159 co
895 2135 1025 2160 nomen
1062 2122 1196 2159 Sz‘wah.
1265 2122 1376 2158 Cuius
1411 2123 1464 2160 rei

816 2179 977 2228 inprimis
1000 2178 1106 2215 fidem
1117 2177 1221 2214 nobis
1245 2178 1465 2215 fecitrecen-

816 2235 974 2271 tissimus
1002 2235 1253 2284 peregrinator
1279 2234 1325 2271 de
1342 2233 1465 2270 Minu-

817 2290 902 2337 toli,
940 2291 999 2339 qui
1020 2290 1279 2327 accuratissime
1299 2289 1393 2326 hunc
1410 2289 1463 2326 lo-

818 2360 896 2384 cum
919 2346 1106 2395 descripsit
1125 2347 1160 2382 in
1180 2345 1363 2383 itinerario
1382 2359 1460 2392 suo,

818 2403 916 2452 quod
948 2402 1106 2439 Berolini
1132 2401 1266 2451 prodiit
1293 2413 1324 2437 a.
1353 2401 1461 2442 1824

817 2472 901 2508 pag.
925 2460 975 2498 87
1003 2471 1104 2506 seqq.
1145 2458 1250 2494 Conf.
1271 2460 1460 2506 praeterea

816 2515 972 2552 Heeren.
989 2514 1100 2550 Ideen
1125 2517 1190 2549 etc.
1209 2512 1264 2558 ΙΙ,
1284 2514 1305 2553 1
1329 2526 1364 2562 p.
1378 2515 1460 2554 212

819 2583 921 2619 seqq.
942 2574 976 2606 et
1006 2569 1134 2606 Ritter.
1156 2568 1269 2605 Erdk.
1289 2568 1306 2604 I
1323 2581 1358 2618 p.
1378 2570 1459 2609 981

817 2640 920 2675 seqq.
965 2625 1052 2661 Aliis
1078 2624 1263 2661 Ammonis
1290 2623 1461 2673 ternplum

815 2683 851 2719 in
875 2682 963 2719 Oasi
976 2681 1020 2716 El
1034 2703 1049 2708 -
1060 2681 1199 2718 Kassar
1216 2680 1461 2729 quaerendum

814 2739 1009 2774 videbatur.
1067 2737 1150 2772 Vid.
1176 2735 1246 2773 Ios.
1278 2735 1324 2772 de
1345 2735 1461 2772 Ham-

814 2807 890 2831 mer
933 2794 969 2828 in
1007 2791 1203 2829 Annalibus
1246 2791 1460 2828 viennenss.

812 2849 880 2886 vol.
902 2848 1004 2886 XLV
1034 2862 1071 2899 p.
1090 2850 1156 2890 31.
1199 2847 1321 2884 Minus
1350 2851 1459 2894 recte,

1130 2903 1186 2944 35
