1877 3223
670 189 972 229 CLIO.l.
1410 194 1466 234 23

164 295 390 349 ὂᾶρξαντες
426 299 504 352 μὲν
533 298 602 341 ἐπὶ
638 298 719 341 δύο
751 315 794 341 τε
824 299 895 341 καὶ
927 300 1063 342 εἴκοσι
1091 298 1240 353 γενεάς
1270 299 1461 355 ἀνδρῶν,

185 374 279 419 ἔτεα
318 374 440 418 πέντε
480 393 523 420 τε
560 378 632 420 καὶ
672 376 957 428 πεντακόσια,
1007 382 1110 428 παῖς
1150 377 1267 432 παρὰ
1303 380 1461 434 πατρὸς

181 453 463 510 ἐκδεκόμενος
524 455 604 512 τὴν
659 454 817 511 ἀρχὴν,
881 455 1002 512 μέχρι
1058 455 1323 499 Κανδαύλεω
1382 462 1504 500 τοῦ15

102 534 134 577 S
180 532 390 588 Μύρσου.
461 530 600 587 Οὗτος
638 534 689 591 δὴ
732 530 795 577 ὧν
834 534 857 578 ὁ
897 535 1157 591 Κανδαύλης
1185 534 1355 591 ἠράσθη
1384 540 1459 592 τῆς
1505 545 1568 604 53¹¹

179 612 347 656 ἑωυτοῦ
374 613 602 669 γυναικός·
632 614 829 669 ἐρασθεὶς
867 613 932 665 δὲ,
967 613 1131 670 ἐνόμιζέ
1162 616 1205 658 οἱ
1234 613 1345 658 εἶναι
1372 633 1455 671 γυ-

135 809 171 845 id
202 809 299 856 quod
324 812 462 845 tantum
491 811 643 847 duorum
671 823 785 848 anno-

134 877 211 900 rum
242 865 360 914 spatio
398 866 520 902 differt
549 868 594 903 ab
626 880 669 904 eo
703 867 784 918 ipso

132 933 304 967 numer0,
335 934 441 970 quem
471 922 550 972 ipse
570 923 781 960 Herodotus

131 977 292 1026 prodidit
329 977 385 1024 ll,
426 978 517 1018 145.
587 979 641 1015 lta
684 984 781 1018 certe

130 1032 300 1071 Larcher.
318 1032 340 1069 l.
352 1033 374 1069 l.
392 1034 454 1069 ubi
474 1035 653 1071 Herodoti
672 1036 779 1073 fidem

131 1090 343 1126 confirmare
375 1094 411 1126 et
438 1102 460 1125 a
484 1090 605 1139 pravis
629 1091 777 1129 alioruin

130 1145 342 1182 coniecturis
360 1146 541 1184 vindicare
561 1147 706 1184 studuit.

185 1254 372 1307 ἄρξαντες
407 1255 479 1305 μὲν
516 1256 581 1296 ἐπὶ
604 1280 659 1286 —-
688 1274 776 1298 πεν-

126 1309 313 1363 τακόσια]
383 1313 488 1350 Haec
530 1314 648 1349 minus
691 1329 777 1351 con—

127 1383 258 1419 gruere
290 1370 468 1407 existimat
498 1368 668 1406 Larcher.
699 1372 719 1407 l.
753 1371 773 1408 l.

125 1440 161 1476 p.
191 1427 273 1468 213
302 1430 338 1463 et
375 1425 445 1469 14⁶,
487 1426 656 1474 quoniam
696 1427 774 1476 ipse

125 1483 263 1520 Herod.
291 1481 347 1529 Π,
380 1481 460 1523 142
488 1478 626 1534 γενεάν
645 1483 773 1531 trigin-

124 1544 161 1575 ta
198 1538 305 1575 trium
340 1550 515 1575 annorum
552 1543 589 1576 et
619 1544 773 1587 quatuor

121 1596 297 1633 mensium
346 1595 464 1644 spatio
519 1595 689 1643 definiat,
732 1601 772 1633 ut

121 1656 263 1689 centum
283 1653 358 1689 fere
381 1663 496 1688 annos
520 1655 594 1689 tres
612 1652 771 1689 efficiant

121 1708 261 1756 γενεαί.
331 1707 456 1750 Quare
502 1707 537 1745 h.
574 1707 597 1744 l.
638 1708 768 1758 legen-

121 1764 206 1800 dum
234 1764 450 1814 suspicatur:
482 1761 670 1815 ἄρξαντες
695 1763 767 1815 μὲν

121 1818 186 1858 ἐπὶ
205 1820 587 1859 πεντεκαίδεκα
606 1818 766 1872 γενεάς,-

119 1888 229 1924 quum
263 1875 406 1912 ultimus
436 1889 611 1913 annorum
640 1891 767 1915 nume-

120 1945 181 1968 rus
200 1934 325 1980 utique
344 1944 454 1967 sanus
475 1933 533 1969 sit.
572 1933 649 1970 Sed
671 1934 765 1970 bene

117 1988 189 2024 iam
229 1987 411 2036 Volneyus
449 1988 608 2034 notavit,
656 2001 764 2037 quam

117 2044 344 2093 negligenter
373 2044 410 2079 in
428 2044 632 2080 istiusmodi
654 2044 763 2081 rebus

114 2101 261 2137 omnino
299 2100 440 2148 egerint
464 2104 604 2137 veteres
635 2113 761 2149 quam-

115 2170 186 2206 que
220 2156 319 2194 varie
357 2169 426 2206 pro
473 2160 677 2206 temporum
718 2170 760 2194 ac

112 2213 270 2251 locorum
305 2213 446 2249 ratione
486 2213 760 2261 generationum

113 2282 230 2306 annos
286 2269 502 2306 definierint.
568 2268 626 2304 Cf.
683 2270 758 2307 eius

111 2326 242 2376 Suppl.
270 2327 294 2363 ἐι
321 2325 483 2362 l’Herod.
514 2325 561 2362 de
586 2323 756 2363 Larcher.

112 2395 147 2432 p.
175 2385 230 2423 76
274 2394 356 2430 sqq.
401 2383 467 2422 79.
507 2380 604 2417 Add.
642 2381 756 2418 Dahl-

112 2451 232 2475 mann.
259 2438 398 2475 Herod.
435 2450 473 2487 p.
504 2440 571 2484 99,
598 2438 659 2486 qui
691 2437 760 2475 hoc

112 2495 161 2530 ad
178 2507 301 2532 eorum
328 2506 487 2531 errorum
512 2507 628 2542 genus
655 2507 758 2532 revo—

114 2562 195 2587 care
230 2549 323 2597 vult,
362 2549 487 2599 quales
526 2551 563 2586 in
599 2551 756 2588 numeris

112 2606 257 2642 omnino
291 2608 390 2655 apud
418 2606 647 2643 Herodotum
674 2620 758 2644 sae-

110 2663 192 2712 pius
237 2663 562 2711 deprehendantur,
598 2684 654 2690 —
688 2662 754 2702 ἐπὶ

111 2720 147 2755 in
167 2719 265 2756 hisce
283 2718 415 2756 Krebs.
437 2718 459 2754 l.
477 2718 499 2755 l.
521 2733 557 2769 p.
577 2720 629 2759 23
649 2721 753 2757 reddi

110 2775 236 2812 voluit:
267 2774 328 2822 ad,
351 2776 499 2811 circiter.
529 2775 605 2812 Sed
623 2777 753 2814 rectius

108 2832 308 2882 Schweigh.
342 2845 427 2882 per,-
468 2844 547 2869 cum
587 2830 651 2870 ἐπὶ
686 2834 753 2871 hoc

1572 545 1675 572 daules
1709 554 1777 572 uxo-

1522 611 1527 616 ·
1563 588 1665 606 amore
1689 579 1775 613 depe>

1571 621 1582 636 s
1652 613 1778 647 impellit

1503 619 1620 679 Eyg.e‚m
1648 649 1680 673 ut
1711 654 1776 673 eain

1501 678 1576 738 alam
1594 683 1706 714 spectet
1724 688 1775 707 1111ἶ

1522 720 1576 739 am.

851 812 930 849 loco
950 814 996 849 de
1017 812 1190 861 temporis
1205 813 1364 861 quodam
1383 814 1502 863 spatio

851 870 897 905 sit
927 868 1185 918 accipiendum.
1223 869 1280 905 Cf.
1324 869 1376 915 ll,
1409 872 1500 910 119.

852 927 943 965 133.
980 924 1089 961 Plura
1126 924 1286 962 Fischer.
1316 927 1364 962 ad
1396 925 1500 962 Well.

851 982 919 1028 ΙΙΙ,
960 984 985 1022 6
1021 995 1057 1031 p.
1106 980 1187 1022 243
1218 985 1253 1018 et
1282 981 1347 1022 44.
1378 981 1421 1018 C.
1452 982 1498 1018 G.

846 1038 1004 1085 Rriiger.
1033 1038 1069 1073 in
1102 1037 1207 1074 indic.
1245 1038 1293 1074 ad
1330 1037 1499 1088 Xenoph.

846 1093 962 1130 Anab.
993 1107 1029 1143 p.
1052 1092 1145 1134 487.

902 1164 997 1207 παῖς
1016 1157 1123 1212 παροέ
1149 1182 1195 1186 —
1220 1155 1361 1211 ἆρχήν]
1393 1162 1496 1198 Stru-

847 1221 946 1255 ctnra
986 1217 1053 1254 loci
1091 1217 1143 1252 uti
1190 1229 1263 1252 non
1309 1218 1495 1267 impedita,

846 1275 895 1310 ita
930 1279 1051 1310 tamen
1089 1272 1250 1309 nonnihil
1298 1286 1320 1309 a
1357 1273 1494 1321 wlgari

846 1331 1018 1366 orationis
1073 1333 1251 1365 structura
1309 1331 1494 1367 recedens

841 1386 935 1421 Sunt
972 1385 1066 1422 enim
1097 1384 1305 1419 nominativi
1341 1385 1494 1422 absoluti

840 1454 963 1478 eorum
991 1453 1034 1478 ex
1062 1453 1216 1489 genere,
1256 1453 1350 1488 quos
1379 1441 1491 1491 expli-

839 1498 910 1535 cuit
962 1496 1092 1534 Matth.
1141 1496 1301 1532 Gramm.
1358 1497 1489 1535 Graec.

839 1552 876 1604 §.
910 1553 991 1595 562
1026 1557 1102 1589 not.
1152 1553 1347 1589 Caeterum
1388 1553 1490 1591 facile

838 1615 895 1648 est
948 1611 984 1646 in
1031 1609 1246 1646 Herodotea
1296 1608 1488 1657 locutione,

837 1679 944 1716 quam
970 1665 1146 1702 imitando
1175 1666 1397 1715 expressisse
1424 1679 1488 1702 vo-

837 1723 914 1759 lunt
959 1722 1231 1770 Athenagoram
1281 1721 1318 1758 in
1355 1720 1487 1770 Legat.

834 1781 883 1816 ad
921 1778 1035 1816 Marc.
1070 1777 1206 1817 Anton.
1249 1782 1285 1815 et
1331 1776 1484 1814 Lucium

834 1836 1025 1872 Commod.
1070 1848 1106 1884 p.
1152 1835 1237 1880 fin.,
1284 1846 1484 1882 agnoscere

833 1891 1087 1928 indicationem
1126 1890 1229 1938 regni
1275 1889 1482 1926 hereditarii

833 1947 992 1995 legitime
1027 1946 1199 1994 suscepti.
1249 1945 1332 1986 Quo
1368 1958 1480 1982 sensu

831 2002 997 2050 Thucyd.
1027 2001 1066 2047 I,
1098 2003 1149 2041 13
1174 2000 1259 2036 dicit
1284 2001 1331 2037 de
1361 2001 1478 2038 Grae-

829 2071 951 2095 corum
971 2057 1114 2105 regnis,
1151 2053 1342 2106 πατρικὰς
1368 2057 1477 2107 βασι-

828 2113 948 2160 λείας.
979 2113 1075 2152 Add.
1100 2112 1194 2150 Xen.
1215 2112 1350 2162 Cyrop.
1373 2113 1413 2161 I,
1441 2117 1476 2159 1,

827 2169 853 2211 4
875 2174 912 2208 et
941 2171 985 2208 cf.
1008 2169 1146 2207 Herod.
1168 2168 1214 2216 ll,
1237 2171 1315 2210 166
1340 2170 1399 2205 fin.

1033 2293 1063 2330 C
1075 2306 1096 2330 a
1107 2306 1143 2343 p.
1174 2292 1269 2330 VIII.

881 2377 996 2428 οὗτος
1033 2379 1082 2433 δὴ
1121 2376 1177 2421 οἷν
1207 2380 1227 2422 ὅ
1258 2384 1385 2421 Κανδ.
1418 2406 1471 2410 ——-=

826 2434 1039 2491 γυναικός]
1079 2438 1137 2476 De
1184 2440 1328 2477 nomine
1373 2439 1472 2475 Can-

825 2496 942 2533 daulis
983 2495 1048 2533 Cr.
1088 2495 1329 2545 adscripserat
1366 2496 1471 2532 haec-

825 2566 866 2589 ce
908 2551 1081 2599 Hesychii
1125 2553 1254 2589 verba:
1286 2546 1468 2589 Κανδαύ-

823 2611 913 2658 λης·
970 2606 1116 2659 Ἑρμῆς
1169 2603 1198 2658 ἢ
1260 2605 1468 2659 Ἡρακλῆς.

825 2665 937 2708 Quod
985 2664 1031 2701 de
1064 2662 1179 2712 Lydis
1223 2664 1471 2714 accipiendum

823 2734 905 2758 esse
930 2721 1111 2771 persuasit
1132 2720 1357 2757 Iablonskius
1383 2720 1471 2757 Dis—

822 2782 907 2815 sert.
963 2777 1009 2813 de
1066 2775 1153 2825 ling.
1202 2776 1362 2824 Lycaon.
1419 2775 1469 2812 Ill

819 2847 855 2884 p.
890 2833 942 2874 85
997 2833 1153 2883 Opuscc.
1208 2831 1304 2870 Nam
1343 2831 1468 2869 divini*
