1845 3223
452 725 1085 785 HPOAOTOY

221 876 817 923 ΙΣΤΟΡΙΩΝ
896 877 1302 925 IIPJZTH.

610 1054 656 1094 Κ
682 1056 721 1095 Λ
751 1056 792 1095 Ε
821 1057 849 1097 I
873 1057 930 1096 Ω.

119 1132 461 1186 ῙῙΡΟΔΟΤΟΤ
520 1141 892 1202 Ἅλικαρνησσῆος
955 1144 1147 1200 ἱστορίης
1213 1141 1409 1196 ἀπόδεξις

125 1354 338 1410 Ἡροδότου
371 1352 735 1411 ἉλικαρνησσῆΟς]

70 1414 130 1453 De
156 1415 334 1465 scriptura
360 1416 515 1452 nominis
544 1416 646 1467 plura
671 1430 738 1452 no-

70 1474 149 1508 tare
169 1484 243 1507 non
277 1472 406 1508 attinet
443 1476 530 1522 post
551 1486 615 1520 ea,
645 1485 739 1522 quae

71 1531 108 1564 et
145 1528 512 1576 Schweighaeuserus
544 1534 580 1566 et
627 1530 736 1565 Gais-

69 1583 207 1620 sordius
233 1589 459 1621 monuerunt.
528 1585 634 1629 Quae
668 1587 734 1622 ad-

70 1640 124 1675 dit
176 1640 405 1688 Creuzerus,
463 1643 511 1679 ad
551 1642 731 1679 Herodoti

69 1695 245 1745 imagines
286 1697 487 1747 pertinent:
540 1711 731 1747 „quarum

69 1751 191 1801 plures
232 1754 430 1803 antiquitus
462 1755 643 1792 exstitisse
675 1756 733 1791 vix

71 1807 219 1844 dubium
245 1814 321 1856 est,
352 1823 430 1846 cum
451 1811 567 1847 adhuc
587 1824 732 1849 carmen

70 1864 231 1914 supersit
278 1866 504 1903 Christodori
559 1867 732 1917 Coptitae

69 1919 107 1955 in
146 1920 326 1957 Herodoti
363 1922 581 1970 imaginem,
637 1937 733 1972 quae

71 1976 417 2027 Constantinopolin
442 1979 618 2014 translata
645 1984 733 2016 erat.

69 2031 152 2068 Vid.
182 2031 360 2070 Analeett.
391 2033 421 2069 ΙΙ
456 2048 491 2083 p.
524 2034 616 2075 470.
676 2034 729 2071 Ac

68 2088 159 2139 lapis
180 2088 360 2138 hodieque
390 2095 506 2126 exstat
533 2091 567 2126 in
600 2089 731 2127 Museo

68 2145 164 2194 regis
186 2144 432 2195 Neapolitani,
463 2159 506 2183 ex
525 2146 732 2183 collectione

67 2201 294 2238 Farnesiana
312 2201 443 2249 illatus,
466 2203 526 2251 qui
547 2203 729 2239 Herodoti

68 2262 105 2296 et
126 2257 351 2306 Thucydidis
385 2259 574 2295 simulacra
608 2259 729 2296 iuncta

68 2313 176 2351 simul
209 2315 363 2352 exhibet.
422 2315 504 2351 Vid.
540 2315 652 2364 Imag.
687 2328 730 2352 ex

68 2370 160 2407 Bibl.
184 2370 226 2407 F.
251 2371 387 2407 Ursini.
409 2372 527 2412 1570.
555 2371 661 2407 Rom.
695 2375 731 2409 et

67 2426 405 2476 Viscontilconogr.
419 2440 541 2476 grecq.
555 2428 567 2463 l
587 2427 731 2476 planch.

69 2486 123 2523 27
161 2483 216 2532 (p-
249 2483 331 2524 315
371 2497 452 2533 sqq.
487 2484 544 2521 ed.
573 2483 732 2531 Milan.).

69 2537 201 2588 [Unde
228 2539 409 2576 Herodoti
434 2541 555 2588 imago
585 2553 733 2589 quoque

69 2594 250 2632 delineata
285 2596 502 2646 conspicitur
539 2596 576 2632 in
612 2597 732 2632 fronte

67 2649 180 2688 Italae
216 2652 329 2686 nostri
371 2652 557 2701 scriptoris
594 2652 732 2689 versio-

68 2705 156 2756 nis.]
217 2705 337 2743 Aliam
366 2709 482 2745 adhuc
509 2708 730 2756 incognitam

68 2762 264 2811 imaginem
297 2776 317 2800 e
349 2777 460 2800 numo
496 2764 731 2801 Halicarnas-

0 2816 1 2836 ³
68 2819 166 2856 sensi
190 2819 365 2869 temporis
393 2818 565 2856 Antonini
584 2820 641 2856 Pii
664 2834 732 2871 pu—

67 2874 212 2911 blicavit
256 2875 353 2912 idem
399 2875 605 2914 Viscontius
651 2876 672 2914 l.
710 2877 731 2913 l.

124 2930 335 2969 Hmonorr.
367 2931 397 2968 I.

795 1360 980 1397 Monstrat
1001 1361 1060 1397 illa
1079 1360 1191 1398 altera
1208 1361 1245 1398 in
1257 1367 1361 1413 parte
1379 1362 1455 1400 An-

795 1417 911 1454 tonini
929 1417 1156 1466 imperatoris
1176 1418 1370 1467 imaginem
1389 1421 1455 1456 ad-

797 1473 874 1510 dita
906 1473 1162 1523 inscriptione,
1204 1475 1318 1512 altera
1351 1481 1456 1526 parte

794 1530 992 1578 imaginem
1021 1530 1171 1580 capitis,
1201 1532 1301 1580 quod
1335 1532 1455 1569 Hero-

793 1586 870 1623 doti
894 1599 976 1623 esse
1001 1591 1038 1623 et
1059 1588 1280 1636 comparatio
1304 1602 1383 1625 cum
1395 1588 1455 1625 illo

790 1642 911 1693 lapide
945 1646 981 1679 et
1003 1643 1107 1693 ipsae
1139 1643 1264 1681 literae
1293 1645 1457 1682 adiectae

790 1700 1015 1735 confirmant.
1074 1700 1132 1735 Cf.
1162 1700 1288 1737 Millin.
1314 1701 1458 1738 Annall.

791 1755 1024 1805 encycloped.
1046 1757 1164 1796 1817.
1187 1755 1286 1793 Aout
1317 1771 1353 1808 p.
1374 1760 1457 1799 218

789 1812 977 1853 ——220.“
1049 1811 1108 1848 De
1159 1812 1341 1850 Herodoti
1389 1827 1458 1865 pa-

790 1868 880 1914 tria,
910 1867 1193 1915 Halicarnasso,
1225 1875 1360 1907 certum
1394 1883 1456 1907 ex-

790 1928 863 1960 stat
884 1924 1076 1960 Strabonis
1103 1925 1350 1962 testimoniiun
1370 1926 1457 1962 XIV

789 1993 826 2029 p-
865 1979 946 2019 656
981 1982 1107 2027 (970,
1139 1982 1215 2028 3.).
1245 1981 1356 2018 Plura
1391 1983 1456 2018 da-

791 2035 842 2071 bit
884 2035 1010 2082 Heyse
1051 2035 1219 2078 Quaestt.
1260 2037 1454 2075 Herodott.

787 2103 872 2142 pag.
906 2093 943 2130 7.
974 2092 1010 2131 8.

846 2146 1022 2197 ἷστορίης
1043 2141 1227 2195 ἀπόδεξις
1248 2143 1341 2199 ἥδε]
1357 2143 1452 2188 οἴη-ό-

791 2203 893 2250 δεξις
920 2206 1017 2240 recte
1047 2204 1210 2240 redditur
1233 2217 1254 2240 a
1283 2205 1332 2241 W
1333 2209 1453 2253 ytten-

787 2259 934 2296 bachio:
966 2259 1222 2296 demonstratio.
1281 2261 1334 2298 Ut
1357 2262 1453 2299 enim

788 2310 996 2354 δεικνύναι
1016 2320 1073 2352 est
1093 2316 1251 2364 artificis,
1278 2318 1338 2366 qui
1360 2331 1453 2368 opus

789 2371 939 2422 exponit
960 2373 1209 2422 spectandum,
1239 2377 1279 2410 ut
1304 2374 1453 2411 aliorum

789 2434 989 2476 cognoscat
1037 2429 1190 2475 iudicia,
1249 2443 1321 2479 quo
1370 2430 1452 2479 ipso

791 2498 904 2521 sensu
950 2484 1163 2521 Herodotus
1207 2499 1299 2536 opus
1348 2499 1453 2523 suum

791 2540 972 2589 Olympiis
995 2540 1079 2576 olim
1101 2546 1326 2579 monstrasse
1355 2542 1452 2590 (δεῖ-

790 2597 873 2644 ξαι)
898 2596 1026 2633 dicitur
1056 2597 1093 2632 in
1120 2596 1254 2635 Lexico
1282 2599 1452 2636 Biblioth.

790 2652 940 2689 Coislin.
982 2666 1072 2701 pag.
1100 2656 1181 2694 619
1220 2667 1274 2690 nr.
1314 2656 1361 2702 3,
1401 2656 1453 2692 ita

789 2703 1078 2748 οἷποδεικνύναι
1126 2710 1330 2746 absolutum
1386 2712 1451 2747 de-

789 2765 901 2801 clarat
924 2778 1015 2814 opus
1044 2769 1080 2802 et
1108 2766 1210 2816 quasi
1239 2768 1450 2816 perfectum.

793 2820 866 2865 Qui
888 2821 982 2857 enim
1012 2834 1102 2871 opus
1131 2835 1234 2859 suum
1260 2823 1295 2858 in
1325 2823 1451 2871 Olym-

791 2878 894 2928 piaca
933 2877 1174 2928 praelectione
1213 2880 1451 2929 spectandum

1188 2936 1211 2973 1
