1909 3228
441 171 524 209 844

836 165 1301 204 HERODOTI

442 275 517 327 τὸς
547 276 625 332 μὲν
652 275 781 330 ἔγωγε
803 273 901 316 οὔτε
922 273 1164 324 πλέουσαν,
1196 271 1294 315 οὔτε
1314 278 1564 328 κινηθεῖσαν
1579 274 1696 316 ἰ’δον·

443 355 609 410 τέθηπα
639 354 683 397 δὲ
713 352 910 404 ἀκούων,
959 354 996 395 εἰ
1024 356 1157 408 νῆσος
1196 350 1388 406 ἀληθέως
1424 350 1510 394 ἐστὶ
1540 352 1696 408 πλωτή.

412 434 492 477 3ἐν
522 435 574 488 δὴ
606 427 667 475 ὦν
696 430 832 487 ταύτῃ
862 430 967 486 νηός
995 447 1039 473 τε
1066 428 1334 481 ’Λπόλλωνος
1364 430 1495 486 μέγας
1523 430 1600 482 ἔνι,
1627 431 1699 473 καὶ

443 512 583 568 βωμοὶ
612 510 833 565 τριφάσιοι
863 509 1120 564 ἐνιδρύαται.
1160 509 1429 565 ἐμπεφύκασι
1472 508 1511 552 δ’
1545 509 1590 552 ἐν
1622 507 1699 551 αὐ-

443 594 496 646 τῇ
526 591 717 645 φοίνικες
748 590 916 644 συχνοὶ,
953 589 1026 631 καὶ
1056 588 1163 631 ἄλλα
1194 589 1396 642 δένδρεα,
1435 589 1508 631 καὶ
1535 604 1700 641 καρπο-

415 668 563 725 4φόρα
591 670 664 712 καὶ
695 664 867 723 ἄφορα,
896 667 1047 710 πολλά.
1089 667 1221 722 λόγον
1251 669 1296 711 δὲ
1325 668 1451 711 τόνδε
1481 667 1698 722 ἐπιλέγον-
1712 673 1756 707 95

416 756 514 799 5τες
544 750 587 790 οἵ
616 747 869 802 Αἰγύπτιοι,
900 747 1007 802 φασὶ
1038 744 1151 790 εἶναι
1182 746 1317 803 αὐτὴν
1347 745 1540 802 πλωτήν·
1573 745 1631 795 ὠς
1656 745 1702 788 ἐν

444 831 498 885 τῇ
523 826 641 884 νήσῳ
672 826 805 883 ταύτῃ
838 822 919 868 οὐκ
946 825 1077 883 ἐούσῃ
1109 825 1323 880 πρότερον
1360 829 1530 880 πλωτῇ,
1560 822 1702 880 Λητώ,

445 906 577 950 ἐοῦσα
605 909 692 949 τῶν
721 904 832 949 ὀκτώ
860 908 978 948 θεῶν
1006 908 1093 948 τῶν
1122 903 1308 960 πρώτων
1337 903 1603 960 γενομένῳν,
1638 905 1700 946 οι’-

389 1127 522 1176 po'etae
540 1125 657 1161 verbis
673 1123 916 1162 adhibuerunt
935 1127 1040 1161 vete-

390 1196 448 1219 res
469 1182 763 1230 recentioresque
784 1181 919 1226 critici;
936 1180 1041 1216 nimi-

391 1251 467 1275 rum
486 1238 540 1275 his
562 1238 754 1287 Odysseae
772 1233 819 1284 κ’,
842 1239 868 1277 3
902 1237 948 1273 de
968 1235 1041 1273 Ae-

391 1294 438 1331 oli
480 1294 613 1331 insula:
655 1295 790 1347 πλωτῇ
822 1291 882 1332 ἐνὶ
914 1288 1038 1345 νήσῳ.

392 1351 473 1387 Vid.
508 1351 674 1388 Eustath.
706 1350 753 1386 ad
780 1350 814 1386 h.
846 1349 868 1386 l.
900 1363 936 1399 p.
959 1350 1042 1389 377

391 1407 502 1443 Basil.
541 1406 680 1442 Alberti
724 1406 771 1442 ad
808 1405 969 1453 Hesyeh.
1010 1404 1041 1440 II

391 1476 427 1513 p.
440 1461 521 1504 984
543 1466 580 1499 et
597 1463 785 1499 Villoison.
803 1462 851 1497 ad
872 1460 1041 1510 Apollon.

392 1519 458 1556 lex.
486 1519 595 1555 Hom.
627 1531 713 1568 pag.
729 1517 809 1557 555
838 1518 894 1554 ed.
920 1516 1042 1553 Toll.“

393 1575 564 1612 Creuzer.
590 1574 627 1610 in
647 1576 854 1610 commentt.
876 1573 1041 1609 Herodd.

392 1644 429 1681 p.
450 1632 532 1671 283
560 1634 635 1666 not.
657 1630 750 1670 258.
816 1628 1042 1665 Aristarchus

392 1686 452 1723 illo
479 1686 632 1723 Homeri
661 1685 739 1721 loco
768 1680 900 1732 πλωτὴ
932 1697 1044 1733 expo-

393 1750 530 1780 suerat:
573 1739 816 1791 κινουμένη,
854 1737 1042 1785 πλέουσα,

393 1795 686 1850 περιφερομένη
706 1813 717 1844 ,-
775 1809 869 1845 quae
907 1796 1045 1846 posteri

393 1854 618 1905 grammatici
648 1853 880 1902 repetierunt.

450 1905 564 1957 αὐτὸς
599 1907 669 1961 μὲν
690 1908 808 1960 ἔγωγε
839 1904 927 1947 οὔτε
957 1905 1045 1946 πλέ-

396 1979 519 2007 ουσαν
548 1982 582 2005 κ.
609 1982 641 2004 τ.
664 1964 711 2015 λ.]
757 1965 862 2013 „Hic
898 1977 1046 2014 quoque

395 2025 492 2061 locus
516 2023 602 2061 satis
622 2024 754 2059 docere
778 2033 960 2070 quemque
978 2034 1047 2070 po-

395 2085 496 2127 test,
537 2080 599 2128 qui
626 2091 750 2115 verum
788 2077 912 2113 videre
948 2077 1046 2123 velit,

395 2137 564 2173 historiae
587 2139 728 2185 patrem
749 2146 823 2170 non
841 2146 1048 2182 usquequa-

396 2206 468 2242 que
488 2191 707 2242 pependisse
727 2191 772 2227 ab
784 2189 1049 2239 Aegyptiorum

396 2250 486 2285 mira
519 2248 741 2285 tradentium
760 2275 770 2294 ,
820 2246 1047 2282 sacerdotum

396 2305 592 2355 praecipue
614 2332 625 2350 ‚
666 2316 729 2339 ore
745 2330 756 2348 ‚
794 2306 835 2338 ut
864 2302 926 2350 qui
950 2301 1048 2338 haud

400 2374 482 2398 raro
517 2360 734 2397 sententiam
763 2371 863 2394 suam
902 2358 948 2394 ab
985 2370 1049 2394 eo-

397 2430 475 2453 rum
493 2417 707 2454 auctoritate
730 2426 924 2463 segregare
942 2413 1050 2450 intel-

397 2474 570 2522 ligatur.“
596 2473 766 2509 Creuzer.
784 2472 951 2519 fragmm.
963 2470 1048 2506 hist.

397 2542 433 2579 p.
456 2532 508 2570 27
539 2532 613 2565 not.

456 2581 545 2623 οὔτε
563 2585 798 2633 κινηθεῖσαν
821 2579 925 2632 ἴδον]
959 2580 1048 2619 ἴδον

400 2654 421 2678 e
438 2641 600 2691 probatis
619 2640 716 2676 libris
737 2652 816 2676 cum
838 2638 1048 2675 Gaisfordio

401 2696 537 2733 restitui
563 2709 630 2746 pro
651 2695 748 2743 vulg.
773 2691 890 2733 εἶδον.
925 2716 972 2721 -
1006 2694 1048 2729 ln

403 2765 506 2800 seqq.
537 2764 603 2801 pro
632 2747 881 2801 ἐμπεφύκασι
906 2750 982 2787 bini
1006 2749 1048 2785 li-

402 2809 456 2845 bri
472 2802 716 2857 ἒμπεφύασι,
737 2808 835 2856 quod
856 2805 1048 2843 Homerica

1108 1122 1309 1160 locutione:
1339 1119 1429 1173 περὶ
1448 1116 1489 1160 δ’
1508 1119 1680 1172 αἴγειρος.
1694 1134 1761 1159 πε-

1110 1176 1261 1228 φύασιν
1288 1179 1403 1225 (conf.
1431 1179 1565 1226 Odyss.
1586 1178 1647 1224 IV,
1666 1176 1760 1217 484.

1109 1236 1149 1273 ll.
1170 1236 1236 1272 VH
1250 1265 1260 1282 ,
1284 1236 1393 1281 128),
1424 1235 1579 1284 probare
1598 1235 1761 1270 student.

1110 1293 1186 1330 Sed
1222 1291 1366 1339 vulgata
1400 1290 1505 1328 lectio
1544 1291 1705 1327 firmatur
1734 1289 1762 1335 l,

1113 1350 1204 1390 193.
1234 1348 1288 1394 ll,
1310 1350 1374 1388 91.

1167 1400 1288 1454 Λητώ
1308 1434 1318 1451 ,
1369 1401 1490 1441 ἐοῦσα
1536 1404 1614 1440 τῶν
1661 1396 1761 1440 dmm*

1110 1462 1223 1498 θεῶν
1244 1475 1277 1496 κ.
1297 1474 1327 1496 τ.
1347 1457 1392 1508 λ.]
1424 1459 1591 1494 Habetur
1618 1456 1760 1493 Latona

1110 1530 1181 1553 nox
1206 1514 1411 1570 principalis
1433 1542 1444 1559 ,
1486 1514 1583 1550 unde
1613 1514 1759 1561 quamis

1112 1573 1296 1617 oriuntur,
1326 1571 1489 1620 proxime
1521 1575 1641 1607 autem
1673 1569 1761 1606 coeli

1110 1628 1245 1665 lumina
1264 1656 1275 1674 ‚
1323 1640 1418 1675 quae
1445 1630 1527 1662 sunt
1556 1625 1620 1661 Sol
1649 1630 1761 1674 atque

1110 1684 1228 1721 Luna.
1285 1683 1375 1719 Inde
1401 1682 1567 1719 convenit
1593 1695 1670 1718 cum
1691 1683 1761 1719 dea

1112 1739 1242 1785 Atlwr,
1261 1751 1356 1787 quae
1375 1742 1410 1775 et
1431 1738 1510 1787 ipsa
1528 1737 1686 1773 omnium
1705 1751 1762 1774 re-

1112 1808 1191 1832 rum
1213 1795 1249 1830 in
1279 1808 1317 1831 se
1345 1794 1504 1830 continet
1531 1793 1668 1830 semina
1690 1793 1762 1830 ori-

1114 1853 1291 1901 ginesque
1319 1854 1354 1887 et
1379 1850 1494 1900 primo
1527 1851 1676 1887 deorum
1705 1863 1763 1886 or-

1115 1908 1189 1945 dini
1205 1907 1428 1944 adscribitur.
1456 1906 1565 1943 Plura
1590 1906 1763 1943 Creuzer.

1114 1963 1274 2012 Symbol.
1294 1963 1310 1999 I
1328 1976 1363 2013 p.
1386 1962 1466 2003 519
1486 1976 1562 2011 seq.
1595 1962 1646 2009 ll,
1672 1966 1761 2003 121.

1118 2023 1210 2062 169.
1268 2019 1400 2067 Neque
1436 2019 1506 2055 hoc
1538 2019 1763 2069 praetermit-

1115 2077 1286 2123 tendum,
1317 2088 1411 2123 quae
1430 2075 1652 2111 Graecorum
1674 2089 1693 2112 e
1710 2076 1764 2111 sa-

1117 2132 1206 2170 bulis
1229 2130 1431 2181 Apollinem
1453 2135 1489 2167 et
1510 2131 1664 2168 Dianam
1682 2131 1764 2180 ipsa

1116 2188 1258 2240 peperit
1275 2186 1419 2223 Latona
1440 2187 1531 2234 dea,
1561 2200 1640 2223 eam
1666 2187 1764 2237 apud

1116 2244 1318 2293 Aegyptios
1337 2243 1509 2280 nutricem
1536 2247 1674 2279 tantum
1701 2256 1765 2280 eo-

1115 2314 1194 2338 rum
1229 2300 1388 2337 exhiberi
1409 2328 1420 2346 ,
1463 2312 1554 2348 quos
1585 2300 1631 2336 ab
1668 2299 1764 2337 Iside

1116 2361 1232 2394 matre
1253 2356 1409 2392 tuendos
1430 2360 1629 2405 acceperat.
1662 2355 1764 2399 Qua-

1115 2426 1173 2460 re,
1210 2416 1304 2449 teste
1331 2412 1444 2447 Hirt.:
1483 2413 1574 2448 iiber
1599 2412 1657 2448 die
1687 2412 1764 2448 Ge-

1117 2473 1235 2517 genst.
1259 2468 1295 2504 d.
1317 2468 1439 2504 Kunst
1458 2468 1515 2504 bei
1543 2468 1579 2505 d.
1604 2467 1762 2517 Aegypt.

1117 2526 1153 2561 in
1187 2528 1270 2561 actt.
1305 2525 1441 2560 societt.
1469 2523 1626 2561 Berolin.
1656 2526 1763 2564 1820

1117 2582 1247 2627 (1822
1266 2579 1444 2627 Berolin.)
1476 2593 1511 2629 p.
1538 2582 1615 2620 122
1646 2592 1763 2628 seqq,

1115 2638 1152 2673 in
1185 2636 1399 2685 anaglyphis
1438 2635 1627 2685 Aegyptiis
1667 2635 1764 2671 haud

1115 2705 1196 2730 raro
1233 2692 1326 2729 illuni
1373 2692 1477 2728 deam
1525 2691 1762 2741 conspicimus

1115 2748 1291 2799 Apollinis
1325 2753 1436 2797 atque
1475 2747 1615 2785 Dianae
1652 2747 1764 2784 nutri-

1118 2818 1207 2843 cem.
