1909 3228
451 238 536 279 642

847 233 1323 274 HERODOTI

451 361 534 389 νον
570 344 743 400 θηρίων
781 342 862 398 τήν
903 341 995 386 ἄνω
1033 343 1208 399 γνάθον
1247 342 1458 400 προσάγει
1494 348 1548 401 τῇ
1580 343 1710 388 κάτω.

452 423 534 480 ἔχει
560 425 605 466 δὲ
632 422 706 465 καὶ
736 420 898 478 ὄνυχας
935 421 1196 476 καρτεροὺς,
1253 423 1327 465 καὶ
1366 422 1502 477 δέρμα
1531 425 1768 467 lenifico-40

425 500 552 552 στὸν,
584 500 805 555 ἄρῤηκτον
836 501 905 545 ἐπὶ
934 506 1014 545 τοῦ
1043 501 1197 544 νώτου.
1227 501 1398 557 τυφλὸν
1431 502 1476 545 δὲ
1506 502 1552 546 ἐν
1570 503 1710 556 ὕδατι,

453 580 499 623 ἐν
522 579 566 622 δὲ
584 582 636 635 τῇ
658 581 809 636 αἰθρίῃ
840 579 1213 635 ὀξυδερκέστατον.
1252 580 1323 624 ἅτε
1345 581 1397 637 δὴ
1423 576 1482 624 ὦν
1512 580 1558 624 ἐν
1586 581 1714 624 ὕδατι

454 659 624 701 δίαιταν
653 658 940 714 ποιεύμενον,
978 659 1027 703 τὸ
1057 658 1194 715 στόμα
1225 661 1407 703 ἔνδοθεν
1439 659 1590 715 φορέει
1619 664 1709 703 πᾶν

423 736 609 793 7μεστόν
636 738 863 794 βδελλέων.
901 737 955 781 τὰ
980 739 1058 794 μὲν
1089 739 1141 795 δή
1171 739 1277 782 ἄλλα
1312 738 1444 793 ὄρνεα
1473 739 1547 782 καὶ
1574 738 1713 796 θηρία

397 981 500 1018 seqq.
559 969 671 1012 Quod
698 981 850 1016 mone0,
879 981 927 1007 ne
956 968 1050 1006 iniu-

396 1025 449 1062 ria
466 1025 547 1074 quis
560 1025 752 1063 Herodoto
771 1025 1049 1062 obtrectandum

397 1086 563 1129 censeat,
604 1082 667 1131 qui
702 1094 746 1118 ea
778 1094 851 1119 non
881 1082 1047 1119 animad-

378 1139 554 1185 werterit,
567 1150 662 1187 quae
685 1138 880 1175 doctissimi
901 1142 1047 1175 nostrae

397 1194 529 1232 aetatis
553 1198 705 1232 naturae
735 1199 952 1232 scrutatores
989 1194 1048 1231 vix

397 1251 572 1300 detegere
593 1254 799 1301 potuerunt.

454 1302 553 1345 ἄλλα
574 1305 641 1345 καὶ
662 1309 778 1347 τοῦτο
798 1308 953 1358 μοῦνον
972 1309 1050 1356 θη-

398 1363 520 1413 ρίων]
572 1364 675 1402 Bene
723 1363 813 1401 haec
855 1364 1050 1400 vindicavit

398 1419 604 1468 Schweigh.
623 1420 674 1456 sic
697 1420 961 1470 interpretans:
991 1419 1050 1455 sed

398 1480 449 1513 est
473 1478 577 1513 etiam
604 1475 666 1512 hoc
695 1488 803 1512 unum
828 1489 870 1512 es
896 1476 1051 1512 omnibus

347 1546 351 1550 ¹
398 1532 630 1578 animalibus,
669 1532 758 1580 quod
789 1536 856 1569 etc.
914 1531 1048 1569 Volue-

399 1594 456 1626 rat
482 1588 577 1626 enim
608 1587 790 1625 Schaefer.
821 1588 869 1624 ad
890 1588 1046 1636 Gregor.

399 1645 484 1682 Cor.
522 1645 568 1681 de
607 1643 768 1681 dialectt.
803 1657 839 1694 p.
865 1646 919 1685 30
951 1639 1046 1682 ἄλλα

399 1715 422 1739 κ
444 1716 468 1738 α
486 1697 546 1739 τοὶ
583 1701 700 1739 τοῦτο
719 1729 728 1747 ,
783 1714 864 1737 cum
900 1701 1046 1737 Bastius

398 1759 515 1796 τοῦτο
543 1769 611 1807 pro
644 1752 709 1794 διὰ
729 1758 845 1795 τοῦτο
879 1756 1047 1804 (idcirco)

400 1813 607 1863 accepisset.
678 1812 843 1856 Quorum
882 1817 1049 1849 neutrum

399 1869 516 1906 habeo
541 1882 676 1906 verum.

458 1924 533 1976 ἔχει
561 1922 604 1963 δὲ
641 1922 708 1963 καὶ
738 1920 883 1974 ὄνυχας
918 1938 1051 1975 καρτε-

400 1978 523 2031 ροὺς,
565 1979 632 2019 καὶ
673 1979 795 2031 δέρμα
833 1977 1051 2019 λεπιδωτόν

400 2035 598 2089 ὅῤῥηκτον
622 2035 686 2076 ἐπὶ
715 2039 789 2076 τοῦ
819 2033 960 2087 νώτου]
993 2040 1050 2076 λε-

399 2091 574 2133 πιδωτόν
605 2094 693 2131 dicit
724 2098 945 2143 squamatum
971 2094 1052 2144 pel-

400 2151 492 2197 lem·‚
531 2149 653 2201 δέρμα
687 2147 885 2201 ἅῤῥηκτον
912 2150 1049 2187 Plinius

400 2207 498 2244 haud
517 2207 611 2244 male
631 2208 769 2245 reddit:
800 2210 908 2244 cutem
928 2210 1050 2243 contra

402 2276 528 2301 omnem
565 2266 675 2300 ictum
710 2265 902 2307 τ’)ιυίείαηι;
949 2263 1050 2312 quod

401 2320 497 2358 idem
527 2320 603 2356 aliis
637 2320 754 2357 verbis
782 2323 958 2357 testantur
991 2319 1050 2356 alii

401 2381 562 2415 veterum
594 2377 808 2426 scriptoreS,
847 2375 992 2414 excitati
1027 2388 1049 2412 a

400 2433 581 2470 Bocharto
639 2432 845 2470 Hierozoic.
892 2432 945 2478 V,
996 2433 1048 2472 17

401 2502 438 2539 p.
466 2503 516 2526 m.
544 2488 637 2530 785.
694 2487 815 2538 Atque
848 2488 975 2526 eadem
1012 2487 1049 2524 in

403 2544 584 2582 crocodilo
615 2545 852 2583 observarunt
870 2544 1051 2583 recentio-

403 2614 460 2639 res
474 2601 732 2650 verissimaque
757 2601 1050 2651 comprobarunt.

403 2657 544 2704 „Pellis
566 2658 720 2695 universi
746 2657 908 2708 corporis
926 2669 1050 2694 crassa

404 2717 461 2749 est
489 2718 525 2750 et
553 2714 688 2760 densa,
719 2714 878 2763 squamis
906 2714 1050 2751 obserta

404 2768 600 2806 durissimis
619 2771 784 2819 adeoque
803 2770 861 2807 vel
880 2782 1050 2818 magnam

405 2823 451 2859 ab
478 2825 633 2862 externis
668 2825 804 2863 iniuriis
843 2825 1049 2863 violentiam

406 2877 509 2916 facile
533 2879 683 2917 eludit.“
729 2881 941 2919 Schneider.
974 2881 997 2919 l.
1026 2882 1048 2919 1.

1116 982 1152 1018 p.
1185 968 1235 1010 15
1266 982 1344 1017 seq.
1374 968 1453 1006 coll.
1484 983 1520 1020 p.
1551 968 1614 1011 14.
1673 967 1768 1007 Add.

1118 1025 1295 1074 Geoffroy
1316 1027 1505 1075 pag-381·
1526 1027 1768 1065 Tiedemann.

1116 1094 1203 1132 pag.
1224 1082 1278 1122 33
1298 1094 1400 1130 seqq.

1172 1134 1321 1185 τυφλὸν
1347 1135 1388 1175 ὁὲ
1419 1135 1460 1176 ἒν
1492 1133 1629 1185 ὕδατι,
1659 1136 1700 1177 ἒν
1726 1135 1770 1176 δὲ

1116 1194 1317 1248 τῇαίθρίῃ
1332 1189 1673 1244 ὀξυδερκέστατον]
1689 1194 1769 1231 Hoc

1116 1251 1167 1287 ita
1187 1250 1483 1299 intelligendum,
1507 1255 1546 1288 ut
1566 1250 1768 1288 crocodilus

1117 1306 1154 1343 in
1171 1320 1266 1356 aqua
1283 1308 1402 1345 minus
1425 1307 1518 1344 bene
1539 1308 1663 1345 videre
1683 1320 1770 1345 cen-

1119 1369 1262 1409 seatur3
1293 1376 1377 1400 nam
1407 1364 1444 1400 in
1472 1365 1557 1401 a'ere
1586 1364 1772 1415 perspica-

1119 1421 1299 1456 cissimum
1348 1433 1429 1457 esse
1466 1419 1617 1466 animal,
1676 1421 1770 1456 inter

1117 1489 1243 1512 omnes
1266 1477 1444 1512 convenit.
1486 1476 1568 1512 vid.
1590 1476 1770 1524 Geoffroy

1115 1544 1198 1581 pag.
1218 1533 1312 1573 381.
1353 1531 1594 1569 Tiedemann.
1627 1531 1649 1569 l.
1669 1532 1766 1569 laud.

1115 1600 1200 1638 pag.
1221 1590 1285 1628 29.

1172 1640 1214 1682 τὸ
1251 1637 1372 1693 στόμα
1420 1642 1588 1683 ἔνδοθεν
1635 1641 1770 1694 φορέει

1116 1702 1200 1738 πᾶν
1230 1696 1371 1752 μεστόν
1397 1697 1610 1750 βδελλέων]
1644 1701 1684 1737 ln
1703 1701 1771 1738 hoc

1116 1769 1265 1805 quoque
1302 1756 1381 1792 loco
1419 1756 1567 1793 multum
1597 1757 1772 1793 sudarunt

1117 1813 1182 1848 viri
1204 1813 1322 1856 docti,
1354 1813 1391 1848 in
1411 1826 1454 1849 eo
1473 1814 1664 1849 maximam
1683 1825 1770 1862 par-

1117 1873 1190 1905 tem
1209 1868 1320 1918 lapsi,
1352 1869 1449 1917 quod
1469 1869 1607 1907 bdellas
1641 1869 1772 1906 intelli-

1119 1929 1251 1974 gerent
1290 1924 1469 1962 hirudines
1517 1928 1771 1975 sanguisugas,

1119 1994 1213 2030 quae
1239 1982 1384 2018 omnino
1411 1982 1447 2018 in
1471 1982 1545 2020 Nili
1566 1983 1670 2032 aquis
1690 1981 1772 2019 nul-

1118 2037 1174 2075 lae
1200 2039 1446 2088 reperiuntur3
1474 2044 1530 2076 est
1551 2040 1645 2077 enim
1665 2037 1772 2076 intel-

1117 2094 1138 2131 li
1144 2096 1303 2142 gendum
1321 2107 1519 2132 muscarum
1532 2109 1660 2144 genus,
1670 2094 1770 2144 quod

1118 2151 1308 2201 plurimum
1337 2164 1379 2188 ac
1406 2151 1558 2188 densum
1584 2153 1619 2188 in
1645 2163 1770 2188 croco·

1119 2207 1229 2244 diluin
1269 2207 1398 2254 irruit,
1442 2208 1611 2257 ipsasque
1646 2208 1768 2244 fauces

1117 2276 1191 2300 non
1220 2263 1369 2300 firmiter
1399 2275 1440 2299 ac
1475 2277 1600 2313 presse
1631 2263 1768 2300 clausas

1117 2324 1285 2370 penetrat
1307 2324 1342 2356 et
1362 2320 1567 2357 interiorem
1585 2319 1767 2357 maxillam

1115 2380 1229 2412 totam
1280 2377 1356 2412 sere
1401 2376 1552 2424 obtegit.
1627 2376 1769 2419 Quibus

1117 2432 1247 2469 muscis
1286 2432 1443 2481 parvulis
1489 2433 1663 2470 insidians
1692 2437 1770 2469 tro-

1118 2489 1228 2525 chilus
1264 2489 1301 2524 in
1332 2488 1500 2525 crocodili
1535 2491 1656 2527 sauces
1684 2501 1769 2538 per-

1118 2549 1233 2590 meat3
1251 2545 1312 2593 qui
1330 2546 1450 2582 fauces
1473 2545 1667 2591 clausurus,
1686 2557 1768 2582 cor-

1117 2614 1207 2652 pore
1227 2605 1310 2638 ante
1331 2606 1429 2638 moto
1456 2601 1525 2638 hoc
1542 2601 1691 2639 trochilo
1712 2602 1768 2638 iu-

1118 2659 1236 2705 dicat,
1266 2658 1327 2706 qui
1360 2658 1430 2695 iam
1464 2658 1593 2696 avolat.
1651 2657 1767 2694 Simili

1116 2715 1226 2751 modo
1258 2715 1294 2750 iu
1325 2713 1450 2751 Indiae
1475 2713 1767 2766 septentrionalis

1115 2770 1233 2807 insula
1265 2770 1486 2807 crocodilum
1515 2771 1561 2808 ab
1593 2783 1660 2808 ave
1679 2783 1767 2820 par·

1115 2827 1196 2863 vula
1242 2826 1387 2864 liberari
1433 2827 1564 2864 muscis
1606 2829 1763 2864 narrant.

1117 2883 1260 2927 Quodsi
1285 2883 1395 2932 igitur
1420 2882 1632 2920 Herodotus
1658 2882 1764 2932 quid-
