1909 3228
558 231 981 272 EUTERPE.
1031 234 1078 273 11.

149 339 336 393 3τέρους
361 339 588 396 γενέσθαι,
634 341 709 386 καὶ
740 340 794 386 οὐ
822 343 984 389 πλέοσι.

118 511 280 565 ’ἡλικίην
298 515 582 565 τετρακοσίοισι
599 514 695 556 ἔτεσι
707 516 770 555 δο-

120 569 197 609 κέω
235 586 305 619 μευ
344 571 632 624 πρεσβυτέρους
665 571 768 625 γενέ-

122 626 236 678 σθαι]
254 629 481 666 Herodotum
490 630 651 667 novimus
670 643 766 666 anno

120 684 203 724 484
224 698 254 721 a.
279 685 363 722 Chr.
385 687 495 723 fuisse
512 691 635 723 natum
658 687 764 734 (v.A.

121 740 216 777 Gell.
252 740 375 777 Noctt.
403 743 527 778 Attice,
559 742 647 789 XV,
672 745 762 789 23);

120 797 170 833 ita
191 801 230 832 nt
251 797 398 833 Homeri
431 803 468 834 et
490 798 642 835 Hesiodi
663 804 762 836 aetas

119 853 156 889 in
172 866 253 889 ann.
267 855 347 893 884
366 866 397 890 a.
419 854 504 890 Chr.
526 855 570 890 sit
587 855 765 891 collocan-

119 909 178 945 da.
237 909 347 951 Quod
385 923 471 946 vero
513 924 590 946 cum
636 924 763 960 parum

117 970 293 1013 congruat
318 965 380 1011 iis,
411 978 504 1014 quae
524 967 621 1016 apud
641 972 765 1004 aucto-

115 1033 192 1057 rem
225 1021 319 1058 vitae
349 1021 499 1059 Homer.
536 1021 571 1073 ἓ.
593 1025 647 1064 38
676 1023 767 1072 legi-

113 1090 216 1124 mus,
262 1078 359 1115 unde
386 1078 567 1116 Homerus
600 1082 708 1121 1102
733 1093 766 1117 a.

116 1133 202 1170 Chr.
234 1134 364 1170 vixisse
397 1136 580 1183 putandus
617 1137 684 1183 sit,
720 1150 764 1173 eo

114 1190 198 1225 olim
225 1189 437 1227 inclinarunt
476 1192 540 1227 viri
569 1192 686 1239 docti,
725 1197 764 1229 nt

114 1246 322 1282 alterutrum
343 1246 457 1283 locum
492 1248 577 1283 vitio
598 1248 763 1286 laborare

111 1302 271 1350 indeque
282 1304 548 1340 emendandum
561 1309 760 1342 censerent.

111 1358 153 1395 In
174 1359 364 1395 Herodoto
385 1359 433 1394 nil
458 1365 597 1397 mutare
628 1361 760 1408 licebit,

111 1415 141 1451 si
163 1427 234 1463 qua
264 1415 425 1451 codicum
447 1416 664 1463 auctoritas,
693 1429 761 1453 nec

111 1471 333 1518 argumentis
350 1472 585 1521 pugnandum
609 1472 645 1508 in
667 1473 762 1509 eius-

110 1527 209 1563 modi
239 1539 309 1573 re,
355 1539 450 1576 quae
485 1532 540 1564 tot
576 1528 762 1577 tantisque

110 1582 380 1620 difficultatibus
416 1585 593 1634 premitur
627 1585 674 1621 ob
706 1585 762 1621 ni-

109 1639 218 1676 miam
253 1643 456 1689 temporum
491 1641 760 1678 obscuritatem.

108 1694 310 1732 Larcherus
337 1696 510 1733 Velleium
534 1696 759 1734 Paterculum

109 1751 140 1798 I,
161 1754 182 1791 1
210 1756 374 1798 secutus,
405 1753 567 1789 Homero
588 1754 758 1802 adsignat

110 1820 244 1844 annum
272 1810 375 1852 9683
414 1808 473 1844 alii
507 1808 636 1854 alium3
665 1822 759 1857 quae

108 1862 167 1899 hie
178 1863 378 1913 disceptare
389 1876 462 1899 non
471 1864 610 1911 attinet,
620 1865 760 1900 eumad

109 1918 260 1955 Homeri
279 1920 398 1968 potius
421 1920 619 1966 historiam,
651 1933 758 1969 quam

110 1976 158 2011 ad
177 1975 379 2012 Herodotei
403 1975 470 2012 loci
489 1976 760 2025 interpretatio-

108 2044 192 2068 nem
223 2032 453 2081 pertineant,
481 2033 519 2068 in
555 2046 626 2081 qno
656 2045 756 2069 suain

107 2087 220 2137 ipsius
259 2088 306 2124 de
341 2088 503 2125 Homero
547 2088 756 2138 opinionem

106 2144 246 2194 profert
281 2143 453 2181 historiae
491 2148 615 2194 pater,
663 2158 757 2193 quae

107 2200 230 2250 opinio
257 2200 287 2236 si
314 2200 360 2237 de
384 2214 456 2236 nno
486 2201 650 2237 Homero
681 2214 755 2237 non

106 2255 248 2303 valeat,
287 2261 383 2294 certe
410 2257 456 2293 ad
490 2256 585 2293 illam
620 2256 755 2295 valebit

107 2317 279 2358 aetatem,
311 2326 419 2361 quam
441 2314 672 2350 Homericam
690 2326 755 2363 ap-

106 2367 243 2418 pellant
259 2369 404 2417 quidam
416 2398 426 2415 ,
445 2374 481 2406 et
498 2370 532 2406 in
556 2382 627 2418 qua
639 2371 756 2406 omni-

107 2436 156 2459 no
171 2436 300 2473 corpus
321 2425 419 2461 istud
437 2426 645 2473 carminum,
658 2426 757 2474 quod

108 2478 261 2516 Homeri
298 2493 386 2530 prae
421 2494 459 2517 se
498 2484 569 2519 fert
607 2495 754 2528 nomen,

109 2535 348 2584 compositum
396 2550 476 2573 esse
519 2539 754 2575 contendunt.

108 2590 314 2628 Hesiodum
332 2605 417 2629 vero
435 2597 544 2641 atque
556 2594 754 2631 Homerum

108 2648 295 2695 coniungit
337 2648 549 2685 Herodotus
576 2677 587 2695 ‚
636 2651 696 2698 qui
727 2651 756 2686 si

107 2703 225 2739 minus
255 2703 424 2751 aequales
458 2705 608 2751 fuerint,
647 2710 755 2753 certe,

107 2772 202 2808 quae
218 2759 451 2809 plurimorum
482 2765 536 2797 est
563 2762 754 2809 sententia,

107 2828 182 2851 non
211 2815 315 2852 valde
350 2817 483 2853 distare
517 2821 688 2866 putentur
718 2821 754 2855 et

107 2872 154 2908 ad
175 2884 283 2908 unum
300 2873 376 2909 sere
393 2885 520 2910 aevum
541 2874 751 2910 reserantur.

163 2926 371 2966 Hssnouo'r.
402 2928 431 2966 Ι.

1351 237 1434 277 609

1044 338 1168 390 οὗτοι
1206 343 1252 388 δέ
1281 344 1361 388 εἰσι
1389 345 1435 388 οἱ

836 517 913 555 Sed
928 518 999 556 iam
1018 517 1198 556 Herodoti
1225 521 1345 556 aetate
1362 518 1484 565 fuisse,

836 575 896 623 qui
915 575 1022 612 hosce
1046 579 1175 624 poetas
1208 575 1254 611 ad
1281 574 1484 623 antiquiora

834 630 1020 667 retulerint
1065 636 1230 680 tempora
1245 660 1255 678 ,
1313 630 1483 680 colligere

833 687 918 724 mihi
944 700 1053 738 posse
1074 688 1200 723 videor
1214 700 1256 724 ex
1275 687 1390 724 verbis
1399 690 1483 737 post

832 744 1000 781 adiectis:
1030 741 1097 782 καὶ
1117 738 1166 782 ου’
1185 741 1331 782 πλέοσι.

889 849 999 894 οὗτοι
1020 853 1061 894 δέ
1083 855 1157 894 εἰσι.
1183 854 1226 893 οἵ
1246 851 1481 905 ποιήσαντες

832 913 1050 962 θεογονίην
1081 908 1269 961 ΓἘ’λλησι]
1324 911 1480 948 Multum

834 968 1009 1005 sudarunt
1048 968 1114 1004 viri
1160 968 1256 1005 docti
1294 968 1330 1005 in
1370 968 1480 1005 verbo

832 1028 962 1063 ποιεῖν
987 1025 1212 1075 explicando.
1245 1024 1366 1067 Quum
1384 1023 1479 1061 enim

831 1080 1012 1118 Homerus
1030 1086 1138 1130 atque
1149 1080 1334 1118 Hesiodus
1355 1079 1391 1116 T
1392 1079 1480 1117 heo-

831 1138 961 1185 goniae
999 1137 1148 1174 Graecis
1186 1141 1293 1173 antea
1331 1137 1479 1184 ignotae

829 1194 1035 1230 inventores
1064 1193 1209 1230 minime
1238 1192 1307 1229 dici
1326 1192 1478 1242 possint,

830 1250 966 1300 quippe
987 1254 1142 1298 utroque
1159 1252 1268 1299 poeta
1290 1261 1364 1284 non
1382 1260 1478 1285 nova

830 1310 867 1342 et
896 1319 917 1342 a
946 1319 985 1343 se
1012 1306 1167 1355 primum
1188 1305 1389 1352 excogitata
1418 1316 1478 1341 ea-

827 1365 955 1408 nente,
986 1362 1052 1398 sed
1078 1361 1224 1410 cognita
1253 1366 1289 1397 et
1312 1373 1333 1396 a
1364 1361 1478 1396 maio-

826 1418 923 1454 ribus
954 1421 1123 1466 accepta,
1151 1430 1194 1453 eo
1223 1417 1476 1463 confugerunt,

826 1477 868 1509 ut
891 1476 1021 1511 ποιεῖν
1039 1475 1238 1509 statuerent
1261 1472 1319 1508 hic
1338 1472 1477 1519 signifi-

826 1542 933 1566 care:
973 1529 1129 1566 versibus
1151 1527 1337 1564 describere
1369 1531 1476 1577 atque

826 1598 956 1621 ornare.
999 1586 1120 1628 Quam
1142 1584 1476 1633 interpretationem

825 1654 848 1678 a
884 1641 1127 1690 W⁷esselingio
1154 1640 1358 1690 prolatam,
1388 1644 1425 1677 et
1453 1651 1476 1676 a

824 1697 1006 1735 Larchero
1030 1700 1213 1747 receptam
1241 1697 1291 1733 ita
1308 1695 1475 1746 probavit

823 1754 1140 1802 lVyttenbachius,
1180 1757 1243 1799 ut,
1281 1753 1342 1801 qui
1370 1752 1476 1789 aliter

824 1814 1037 1856 censerent,
1063 1821 1126 1846 eos
1144 1809 1248 1845 huius
1265 1821 1349 1844 usus
1368 1808 1474 1856 igno-

823 1866 966 1902 ratione
988 1865 1026 1902 in
1041 1877 1199 1902 errorem
1226 1865 1390 1900 inductos
1414 1876 1474 1900 es-

826 1934 865 1958 se
893 1921 1166 1970 pronuntiaret,
1206 1919 1325 1956 locum
1353 1920 1472 1969 ipsum

824 1977 876 2013 sic
905 1977 1038 2014 Latine
1075 1976 1253 2013 reddens:
1284 1975 1360 2021 „M
1392 1987 1473 2011 vero

824 2035 924 2079 sunt,
966 2034 1029 2082 qui
1064 2031 1200 2068 deorum
1235 2033 1472 2078 generationes

824 2090 972 2125 Graecis
1008 2090 1160 2126 carmine
1194 2087 1471 2136 prodideruntf‘

822 2145 855 2181 V
859 2146 907 2181 id.
932 2148 1008 2182 not.
1036 2145 1084 2181 ad
1116 2143 1256 2180 Platon.
1283 2143 1468 2180 Phaedon.

820 2214 906 2252 pag.
930 2202 1020 2242 129.
1078 2199 1187 2237 Unde
1207 2200 1387 2248 sequitur,
1405 2211 1471 2235 an-

820 2262 857 2295 te
876 2258 940 2293 hos
959 2260 1086 2306 poetas
1116 2257 1296 2293 neminem
1315 2256 1362 2292 de
1380 2255 1470 2292 deo-

820 2325 897 2350 rum
909 2312 1311 2361 generationeversibus
1325 2312 1469 2358 dixisse,

820 2370 1018 2407 Homerum
1064 2381 1149 2406 vero
1195 2368 1470 2415 Hesiodumqne

821 2428 956 2476 primos
977 2426 1108 2472 fuisse,
1127 2424 1209 2473 qui,
1222 2436 1316 2472 quae
1335 2424 1382 2460 de
1400 2423 1468 2459 diis

823 2495 1019 2530 eorumque
1065 2480 1356 2529 generationibus
1394 2483 1470 2515 tra-

823 2539 900 2575 dita
923 2537 1147 2583 invenerint,
1173 2536 1334 2572 versibus
1356 2547 1469 2584 expo-

823 2594 957 2631 suerint
975 2598 1083 2642 atque
1105 2592 1277 2628 ornarint.
1333 2591 1468 2628 Verum

821 2651 1002 2687 enimvero
1023 2648 1197 2686 eiusmodi
1213 2647 1415 2694 sententia,
1437 2647 1466 2683 si
1510 2648 1515 2651 ’

819 2719 949 2743 nexum
972 2710 1008 2743 et
1027 2704 1200 2741 orationis
1228 2707 1264 2740 et
1281 2703 1392 2753 ipsius
1409 2715 1467 2739 ar-
1506 2733 1510 2736 .

820 2762 981 2811 gumenti
1016 2761 1214 2798 accuratius
1245 2759 1465 2809 perpendas,

818 2818 877 2854 vix
921 2822 1164 2855 consentanea
1198 2815 1379 2853 videbitur
1408 2815 1465 2862 iis,

819 2886 912 2923 quae
946 2873 1108 2924 proxime
1141 2872 1384 2917 antecedunt,
1422 2876 1465 2908 ut

1136 2930 1192 2968 39
