1877 3223
596 238 891 279 CL10.1.

98 352 219 403 »πᾶν
249 350 508 407 συμπέμψω·
547 349 621 393 καὶ
649 347 978 404 διακελεύσομαι
1005 351 1118 392 τοῖσι
1147 349 1283 402 ἰοῦσι,
1324 348 1421 404 εἶ-95

1323 241 1379 282 97

95 461 120 481 „
131 445 203 472 ναι
225 426 283 481 ὣς
311 427 686 485 προθυμοτάτοισι
716 427 974 480 συνεξελέειν
1004 425 1110 482 ὑμῖν
1137 427 1185 472 τὸ
1215 432 1377 485 θηρίον

0 515 51 559 37
97 508 180 559 »ἐκ
216 512 292 564 τῆς
329 507 521 564 χώρης.“
584 510 729 551 Ταῦτα
758 507 990 563 ἀμείψατο·
1034 505 1376 564 ἀποχρεωμένων

97 586 142 629 δὲ
168 586 362 630 τούτοισι
390 591 478 630 τῶν
511 590 700 638 Mum-522,
745 586 1026 641 ἐπεισέρχεται
1066 585 1088 628 ὁ
1129 591 1207 630 τοῦ
1238 591 1374 644 Κροί-

72 677 178 710 2σού
207 671 324 717 παῖς,
356 665 554 722 ἀκηκοώς
587 670 675 709 τῶν
716 665 887 709 ἐδέοντο
930 667 973 708 οἱ
1002 668 1166 709 Μὐσοί.
1207 665 1262 709 ου’
1292 685 1375 723 φα-

93 743 230 798 μένου
267 743 312 787 δὲ
348 748 429 788 τοῦ
467 746 666 799 Κροίσου
703 743 781 787 τόν
819 760 866 798 γε
908 744 1045 787 παῖδαΙ
1080 756 1159 799 σφι
1185 747 1376 803 συμπέμ-

93 829 213 875 ψειν,
253 822 364 878 λέγει
391 824 499 879 πρὸς
529 822 662 867 αὐτὸν
692 821 714 867 ὁ
742 824 913 880 νεηνίης
942 822 1058 865 τάδε·
1100 818 1184 874 ,,Ὦ
1220 824 1392 880 πάτερ,ι

92 899 179 952 »τὰ
216 900 423 946 κάλλιστα
457 901 675 958 πρότερόν
707 918 805 946 κοτε
843 901 916 944 καὶ
954 900 1235 956 γενναιότατα
1271 904 1377 960 ἡμῖν

91 974 200 1035 ,,ἧν,
233 980 275 1031 ἔς
303 997 347 1024 τε
375 982 591 1037 πολέμους
620 982 694 1025 καὶ
731 981 774 1031 ἐς
804 979 939 1036 ἄγρας
971 979 1225 1035 φοιτέοντας
1255 980 1377 1026 εὕδο-

1430 510 1522 550 Fili-un
1557 511 1697 547 impetrat

1428 550 1544 573 veniam
1563 548 1664 577 eundi.

91 1057 314 1113 ,,κιμέειν·
357 1067 439 1103 νῦν
470 1061 515 1104 δὲ
547 1059 810 1116 ἀμφοτέρων
836 1076 887 1114 με
916 1058 1084 1102 τούτων
1112 1058 1377 1117 ἀποκληίσας
1426 1078 1478 1120 19

92 1137 253 1192 ,,ὲ’χεις,
299 1137 400 1182 οὔτε
437 1138 532 1182 τινὰ
573 1140 738 1195 δειλίην
777 1155 852 1194 μοι
879 1136 1100 1192 παριδών,
1139 1137 1238 1182 οὔτε
1267 1138 1397 1188 &stu-5

67 1217 240 1272 3,,μίην.
299 1222 382 1262 νῦν
411 1234 455 1261 τε
494 1217 624 1263 τέοισί
652 1233 704 1275 με
731 1215 813 1273 χρὴ
843 1214 1006 1272 ὄμμασι
1045 1217 1088 1269 ἔς
1123 1233 1168 1263 τε
1206 1216 1373 1276 ἀγορὴν

205 1413 313 1463 Cap.
342 1413 534 1452 xxxvii.

101 1474 416 1531 ἀποχρεωμένων
446 1478 489 1518 δὲ
522 1476 700 1520 τούτοισι

45 1537 125 1573 τῶν
145 1535 326 1586 Μυσῶν]
358 1536 413 1573 lta
438 1536 539 1584 libri,
570 1551 592 1574 a
619 1539 699 1586 qui-

44 1592 112 1628 bus
129 1593 339 1630 discedendi
366 1592 463 1629 nulla
481 1606 600 1630 causa.
638 1594 699 1632 Tu

45 1652 163 1685 verte:
193 1677 218 1695 ,,
231 1661 307 1685 cum
333 1661 408 1685 vero
418 1647 523 1698 flInga‘
542 1650 596 1687 leis
614 1663 696 1687 con-

47 1706 133 1740 tenti
161 1706 315 1752 essent,“
354 1708 390 1742 et
420 1707 514 1743 conf.
549 1707 585 1754 Ι,
616 1710 696 1749 102

49 1759 138 1807 ibiq.
156 1764 230 1796 not.

102 1817 178 1854 νῦν
200 1813 242 1854 δὲ
264 1811 498 1867 ἀμφοτέρων
529 1832 575 1868 με
598 1814 695 1857 τού-

45 1885 124 1909 των
167 1866 494 1922 ἀποκληΐσας
535 1873 692 1924 ἔχεις]

45 1927 68 1963 i.
93 1941 123 1964 e.
156 1931 246 1964 tenes
264 1940 315 1964 me
333 1928 509 1966 exclusum
525 1930 695 1967 s.minori

46 1997 125 2020 cuin
150 1985 202 2020 vi:
233 1984 416 2020 exclusisti
439 1997 500 2021 me.
558 1985 616 2022 De
642 1986 695 2021 lo-

46 2040 188 2077 cutione
224 2045 442 2077 monuerunt
469 2040 692 2089 Wesseling.

45 2108 88 2132 ac
110 2096 276 2144 Schwgh.
337 2096 398 2133 Tu
419 2098 513 2133 conf.
529 2109 639 2144 supra
667 2096 695 2143 Ι,

47 2155 99 2192 27
124 2152 186 2188 fin.
217 2154 308 2192 120.
372 2152 413 2187 In
443 2152 604 2201 proxime
630 2164 695 2188 an-

46 2208 189 2245 tecedd.
227 2209 274 2244 ad
311 2206 560 2256 φοιτέοντας,
590 2220 695 2244 accu-

46 2263 219 2310 sativum,
247 2264 309 2299 ubi
335 2268 486 2313 propter
501 2275 695 2313 praegres-

47 2332 125 2355 sum
142 2317 239 2369 ἡμῖν
267 2320 424 2356 dativum
444 2319 696 2369 exspectabas,

48 2375 139 2410 conf.
158 2380 248 2411 nott.
266 2375 315 2411 ad
342 2376 382 2422 I,
404 2377 443 2416 3.
500 2376 594 2412 Cum
609 2388 695 2424 pro-

50 2430 148 2466 ximis
173 2431 290 2469 verbis
311 2428 402 2469 οὕτε
430 2427 518 2469 τινά
546 2431 697 2481 δειλίην

51 2499 119 2534 μοι
136 2483 315 2537 παριδών
341 2491 527 2536 comparat
544 2486 698 2524 VVesse-

50 2540 137 2588 ling.
165 2542 353 2591 Sophoclis
381 2544 491 2580 verba
514 2543 552 2578 in
562 2542 695 2592 Oedip.

51 2596 144 2643 Tyr.
176 2597 273 2638 544:
311 2598 459 2636 δειλίαν
482 2594 510 2648 ἢ
542 2597 696 2648 μωρίαν

55 2648 153 2690 ἰδών
171 2647 244 2690 τιν’
259 2652 300 2691 ἐν
321 2652 429 2703 ἐμοὶ,
457 2649 565 2692 ταῦτ’
583 2653 695 2703 ἐβου-

49 2702 178 2745 λεύσω
198 2711 350 2755 ποιεῖν,
381 2709 460 2746 coll.
479 2710 560 2758 ipso
575 2708 696 2746 Hero-

0 2763 1 2798 ]
51 2764 129 2800 dot.
152 2763 189 2809 Ι,
219 2765 309 2805 108.
365 2763 510 2801 Laudat
526 2765 620 2801 hunc
643 2764 696 2802 lo-

0 2847 1 2853 ,
50 2831 130 2856 cum
161 2818 217 2855 vel
253 2821 375 2868 potius
413 2833 514 2866 eum,
549 2820 610 2868 qui
641 2825 697 2858 est

51 2875 152 2911 initio
173 2874 300 2923 capitis
334 2876 517 2925 sequentis
534 2875 569 2915 T
570 2875 696 2916 homas

101 2929 310 2968 Hnnonor.
342 2930 371 2969 1.

768 1412 870 1461 Mag.
909 1426 945 1463 p.
977 1416 1057 1454 691
1096 1426 1125 1451 s,
1155 1426 1188 1451 v.
1219 1416 1416 1466 παρεῖδεν,

768 1470 868 1518 quod
889 1469 1042 1520 explicat
1060 1482 1145 1520 per:
1175 1469 1338 1510 ε’νεῖδεν.
1359 1494 1415 1500 —

769 1521 950 1575 ἀθυμίαν
972 1526 1069 1563 idem
1088 1525 1251 1564 Thomas
1263 1527 1415 1576 Magist.

765 1595 805 1631 p.
831 1584 882 1622 16
914 1582 983 1619 hoc
1007 1582 1086 1619 loco
1124 1582 1232 1620 allato
1262 1585 1415 1634 explicat

764 1632 909 1688 λύπην.
968 1638 1010 1674 In
1045 1638 1206 1676 Bekkeii
1249 1639 1413 1678 Anecdd.

762 1693 780 1730 I
807 1707 844 1743 p.
875 1694 978 1741 352,
1005 1696 1060 1736 20
1106 1694 1274 1743 leguntur
1302 1697 1412 1734 haec:

763 1744 921 1800 ἀθυμία
934 1762 942 1770 ·
969 1745 1175 1801 Ἡρὸδοτος
1194 1751 1236 1790 ἐν
1247 1748 1413 1805 τῷπρώ-

762 1820 815 1858 τῳ
856 1802 982 1845 αὐτοῦ
1010 1802 1110 1861 λόγῳ
1143 1803 1218 1859 τὴν
1248 1804 1412 1860 ἀτυχίαν

761 1860 875 1913 λέγει.

817 1930 895 1967 νῦν
912 1943 952 1967 τε
971 1927 1094 1967 τέοισί
1116 1943 1163 1978 με
1182 1926 1256 1979 χρῆ
1269 1944 1303 1967 κ.
1316 1929 1408 1980 τ.λ.]

761 1983 859 2020 Male
885 1988 970 2020 ante
1001 1984 1156 2022 Wessel.
1186 1999 1206 2021 τ
1225 1999 1242 2022 ε
1264 1999 1284 2023 ο
1308 1989 1325 2023 ῖ
1338 1996 1361 2024 σ
1383 2002 1409 2033 ι,

762 2052 842 2076 cum
869 2037 1010 2086 τέοισι,
1039 2040 1138 2088 quod
1166 2039 1256 2078 liber
1283 2041 1408 2079 Schel-

760 2095 1018 2144 lershemianus
1053 2108 1199 2144 quoque
1243 2098 1408 2146 praebet,

761 2151 808 2187 sit
823 2150 949 2186 Ionum
965 2163 1065 2188 more
1082 2152 1214 2188 dictum
1231 2165 1298 2202 pro
1314 2154 1406 2192 τίσι.

761 2207 822 2243 Sic
851 2206 906 2253 II,
937 2209 1011 2248 81:
1050 2205 1214 2246 τέοισι
1242 2205 1405 2260 ἐγκυρή-

763 2274 832 2301 σει.
862 2262 901 2308 Ι,
922 2266 968 2302 11
990 2260 1079 2316 τέῳ
1102 2276 1167 2312 pro
1186 2263 1264 2302 τίνι
1290 2269 1326 2302 et
1345 2267 1408 2302 ali-

763 2319 799 2354 bi
855 2319 963 2356 Conf.
995 2318 1213 2367 iVesseling.
1243 2321 1290 2357 ad
1317 2321 1355 2358 h.
1381 2321 1405 2360 l.

762 2373 885 2410 Minus
907 2375 1020 2420 bene,
1049 2373 1230 2413 Maittaire
1253 2376 1291 2412 in
1316 2377 1406 2413 libro

763 2430 810 2467 de
838 2430 998 2467 dialectis
1029 2430 1156 2476 (cuius
1194 2431 1309 2469 locum
1341 2434 1407 2469 ad-

763 2486 957 2535 scripserat
978 2486 1062 2534 Cr.)
1092 2499 1159 2536 pro
1177 2488 1325 2524 articulo
1345 2501 1405 2526 ac—

762 2541 849 2592 cipit
881 2543 1058 2592 peiusque
1100 2542 1192 2581 adeo
1241 2544 1406 2581 Sturzius

760 2609 849 2647 pag.
892 2599 971 2638 137
1003 2610 1069 2646 pro
1103 2602 1198 2644 σοῖς.
1255 2599 1404 2637 Rectius

763 2653 938 2690 Matflfiae
959 2651 994 2703 §-
1011 2654 1090 2695 152
1107 2658 1182 2690 not.
1205 2657 1224 2694 1
1247 2668 1284 2704 p.
1308 2658 1404 2697 285.

762 2708 1019 2746 Valckenarius
1062 2710 1280 2748 coniecerat:
1328 2714 1406 2750 νῦν

762 2779 813 2803 το
828 2780 840 2803 ι
874 2763 997 2803 τέοισί
1016 2779 1063 2815 με
1082 2762 1155 2816 χρή
1181 2780 1216 2804 κ.
1236 2781 1267 2804 τ.
1284 2769 1317 2804 λ.
1344 2769 1405 2804 ubi

763 2835 824 2859 τοι
848 2820 893 2857 sit
912 2834 979 2870 pro
999 2833 1074 2859 σοι.
1116 2822 1173 2858 Ad
1193 2823 1406 2859 sententiam

763 2877 879 2927 ipsam
910 2877 1067 2927 denique
1099 2877 1246 2972 lau7dant
1270 2878 1408 2917 Demo·
