<?xml version="1.0" encoding="UTF-8"?>
<!DOCTYPE html PUBLIC "-//W3C//DTD XHTML 1.0 Transitional//EN"
    "http://www.w3.org/TR/xhtml1/DTD/xhtml1-transitional.dtd">
<html xmlns="http://www.w3.org/1999/xhtml" xml:lang="en" lang="en">
 <head>
  <title>
</title>
<meta http-equiv="Content-Type" content="text/html;charset=utf-8" />
  <meta name='ocr-system' content='tesseract 3.04.00' />
  <meta name='ocr-capabilities' content='ocr_page ocr_carea ocr_par ocr_line ocrx_word'/>
</head>
<body>
  <div class='ocr_page' id='page_1' title='image "./musaeherodoto01hero/musaeherodoto01hero_0579.png"; bbox 0 0 1909 3228; ppageno 0'>
   <div class='ocr_carea' id='block_1_1' title="bbox 574 209 1090 250">
    <p class='ocr_par' dir='ltr' id='par_1_1' title="bbox 574 209 1090 250">
     <span class='ocr_line' id='line_1_1' title="bbox 574 209 1090 250; baseline 0.006 -3"><span class='ocrx_word' id='word_1_1' title='bbox 574 209 1090 250; x_wconf 82' lang='lat' dir='ltr'>EU&#39;rERPE.11.</span> 
     </span>
    </p>
   </div>
   <div class='ocr_carea' id='block_1_2' title="bbox 1366 214 1451 254">
    <p class='ocr_par' dir='ltr' id='par_1_2' title="bbox 1366 214 1451 254">
     <span class='ocr_line' id='line_1_2' title="bbox 1366 214 1451 254; baseline -0.012 0"><span class='ocrx_word' id='word_1_2' title='bbox 1366 214 1451 254; x_wconf 78' lang='lat'>565</span> 
     </span>
    </p>
   </div>
   <div class='ocr_carea' id='block_1_3' title="bbox 196 318 1449 376">
    <p class='ocr_par' dir='ltr' id='par_1_3' title="bbox 196 318 1449 376">
     <span class='ocr_line' id='line_1_3' title="bbox 196 318 1449 376; baseline 0.003 -16"><span class='ocrx_word' id='word_1_3' title='bbox 196 318 392 374; x_wconf 78' lang='grc' dir='ltr'><strong><em>ριότητος</em></strong></span> <span class='ocrx_word' id='word_1_4' title='bbox 417 319 572 363; x_wconf 82' lang='grc' dir='ltr'><strong><em>εἴνεκε·</em></strong></span> <span class='ocrx_word' id='word_1_5' title='bbox 611 324 903 374; x_wconf 74' lang='grc' dir='ltr'><strong><em>προτιμῶντες</em></strong></span> <span class='ocrx_word' id='word_1_6' title='bbox 941 319 1131 373; x_wconf 77' lang='grc' dir='ltr'><strong><em>καθαροὶ</em></strong></span> <span class='ocrx_word' id='word_1_7' title='bbox 1168 318 1278 364; x_wconf 80' lang='grc' dir='ltr'><strong><em>εἶναι</em></strong></span> <span class='ocrx_word' id='word_1_8' title='bbox 1317 319 1346 376; x_wconf 76' lang='grc' dir='ltr'><strong><em>ἢ</em></strong></span> <span class='ocrx_word' id='word_1_9' title='bbox 1375 321 1449 364; x_wconf 75' lang='grc' dir='ltr'>εύ-</span> 
     </span>
    </p>
   </div>
   <div class='ocr_carea' id='block_1_4' title="bbox 166 397 483 452">
    <p class='ocr_par' dir='ltr' id='par_1_4' title="bbox 166 397 483 452">
     <span class='ocr_line' id='line_1_4' title="bbox 166 397 483 452; baseline -0.003 -13"><span class='ocrx_word' id='word_1_10' title='bbox 166 397 483 452; x_wconf 81' lang='grc' dir='ltr'><strong><em>4πρεπέστεροι.</em></strong></span> 
     </span>
    </p>
   </div>
   <div class='ocr_carea' id='block_1_5' title="bbox 546 397 1578 456">
    <p class='ocr_par' dir='ltr' id='par_1_5' title="bbox 546 397 1578 456">
     <span class='ocr_line' id='line_1_5' title="bbox 546 397 1578 456; baseline 0.001 -14"><span class='ocrx_word' id='word_1_11' title='bbox 546 400 599 443; x_wconf 80' lang='grc' dir='ltr'>Οἱ</span> <span class='ocrx_word' id='word_1_12' title='bbox 629 399 672 442; x_wconf 74' lang='grc' dir='ltr'>δὲ</span> <span class='ocrx_word' id='word_1_13' title='bbox 714 398 819 454; x_wconf 78' lang='grc' dir='ltr'><strong><em>ἱρέες</em></strong></span> <span class='ocrx_word' id='word_1_14' title='bbox 860 400 1088 451; x_wconf 79' lang='grc' dir='ltr'><strong><em>ξυρεῦνται</em></strong></span> <span class='ocrx_word' id='word_1_15' title='bbox 1125 403 1212 442; x_wconf 80' lang='grc' dir='ltr'>πᾶν</span> <span class='ocrx_word' id='word_1_16' title='bbox 1241 397 1289 443; x_wconf 82' lang='grc' dir='ltr'>τό</span> <span class='ocrx_word' id='word_1_17' title='bbox 1322 403 1444 456; x_wconf 76' lang='grc' dir='ltr'><strong><em>σῶμα</em></strong></span> <span class='ocrx_word' id='word_1_18' title='bbox 1505 415 1578 453; x_wconf 71' lang='lat'>121</span> 
     </span>
    </p>
   </div>
   <div class='ocr_carea' id='block_1_6' title="bbox 197 475 1446 534">
    <p class='ocr_par' dir='ltr' id='par_1_6' title="bbox 197 475 1446 534">
     <span class='ocr_line' id='line_1_6' title="bbox 197 475 1446 534; baseline 0.002 -15"><span class='ocrx_word' id='word_1_19' title='bbox 197 476 268 519; x_wconf 80' lang='grc' dir='ltr'>διὰ</span> <span class='ocrx_word' id='word_1_20' title='bbox 296 479 438 533; x_wconf 78' lang='grc' dir='ltr'><strong><em>τρίτης</em></strong></span> <span class='ocrx_word' id='word_1_21' title='bbox 466 476 641 533; x_wconf 71' lang='grc' dir='ltr'><strong><em>ἡμέρης,</em></strong></span> <span class='ocrx_word' id='word_1_22' title='bbox 674 479 746 520; x_wconf 74' lang='grc' dir='ltr'>ἵνα</span> <span class='ocrx_word' id='word_1_23' title='bbox 776 475 880 534; x_wconf 78' lang='grc' dir='ltr'><strong><em>μήτε</em></strong></span> <span class='ocrx_word' id='word_1_24' title='bbox 911 478 1063 532; x_wconf 72' lang='grc' dir='ltr'><strong><em>φθεὶρ,</em></strong></span> <span class='ocrx_word' id='word_1_25' title='bbox 1092 476 1198 533; x_wconf 77' lang='grc' dir='ltr'><strong><em>μήτε</em></strong></span> <span class='ocrx_word' id='word_1_26' title='bbox 1228 476 1332 521; x_wconf 79' lang='grc' dir='ltr'><strong><em>ἄλλο</em></strong></span> <span class='ocrx_word' id='word_1_27' title='bbox 1362 495 1446 534; x_wconf 87' lang='grc' dir='ltr'>μυ-</span> 
     </span>
    </p>
   </div>
   <div class='ocr_carea' id='block_1_7' title="bbox 194 555 1447 613">
    <p class='ocr_par' dir='ltr' id='par_1_7' title="bbox 194 555 1447 613">
     <span class='ocr_line' id='line_1_7' title="bbox 194 555 1447 613; baseline -0.002 -14"><span class='ocrx_word' id='word_1_28' title='bbox 194 555 332 610; x_wconf 75' lang='grc' dir='ltr'><strong><em>σαρὸν</em></strong></span> <span class='ocrx_word' id='word_1_29' title='bbox 362 558 494 612; x_wconf 79' lang='grc' dir='ltr'><strong><em>μηδὲν</em></strong></span> <span class='ocrx_word' id='word_1_30' title='bbox 521 558 737 613; x_wconf 70' lang='grc' dir='ltr'><strong><em>ἐγγίνηταί</em></strong></span> <span class='ocrx_word' id='word_1_31' title='bbox 766 568 845 612; x_wconf 80' lang='grc' dir='ltr'>σφι</span> <span class='ocrx_word' id='word_1_32' title='bbox 864 556 1163 609; x_wconf 72' lang='grc' dir='ltr'><strong><em>θεραπεύουσι</em></strong></span> <span class='ocrx_word' id='word_1_33' title='bbox 1179 556 1282 608; x_wconf 81' lang='grc' dir='ltr'>τούς</span> <span class='ocrx_word' id='word_1_34' title='bbox 1303 556 1447 608; x_wconf 71' lang='grc' dir='ltr'><strong><em>θεούς.</em></strong></span> 
     </span>
    </p>
   </div>
   <div class='ocr_carea' id='block_1_8' title="bbox 166 634 1504 692">
    <p class='ocr_par' dir='ltr' id='par_1_8' title="bbox 166 634 1504 692">
     <span class='ocr_line' id='line_1_8' title="bbox 166 634 1504 692; baseline 0 -16"><span class='ocrx_word' id='word_1_35' title='bbox 166 634 359 691; x_wconf 76' lang='grc' dir='ltr'><strong><em>ὅέσθῆτοι</em></strong></span> <span class='ocrx_word' id='word_1_36' title='bbox 399 635 445 679; x_wconf 76' lang='grc' dir='ltr'>δὲ</span> <span class='ocrx_word' id='word_1_37' title='bbox 484 636 695 691; x_wconf 78' lang='grc' dir='ltr'><em>φορέουσι</em></span> <span class='ocrx_word' id='word_1_38' title='bbox 733 637 776 679; x_wconf 81' lang='grc' dir='ltr'><strong><em>οῖ</em></strong></span> <span class='ocrx_word' id='word_1_39' title='bbox 814 634 922 689; x_wconf 79' lang='grc' dir='ltr'><strong><em>ἱρέες</em></strong></span> <span class='ocrx_word' id='word_1_40' title='bbox 960 635 1106 692; x_wconf 73' lang='grc' dir='ltr'><strong><em>λινέην</em></strong></span> <span class='ocrx_word' id='word_1_41' title='bbox 1136 634 1328 691; x_wconf 82' lang='grc' dir='ltr'><strong><em>μούνην,</em></strong></span> <span class='ocrx_word' id='word_1_42' title='bbox 1369 636 1442 679; x_wconf 84' lang='grc' dir='ltr'>καὶ</span> <span class='ocrx_word' id='word_1_43' title='bbox 1460 642 1504 677; x_wconf 76' lang='grc'>25</span> 
     </span>
    </p>
   </div>
   <div class='ocr_carea' id='block_1_9' title="bbox 133 829 788 2894">
    <p class='ocr_par' dir='ltr' id='par_1_9' title="bbox 133 829 788 2836">
     <span class='ocr_line' id='line_1_9' title="bbox 138 829 787 880; baseline 0.002 -15"><span class='ocrx_word' id='word_1_44' title='bbox 138 829 263 866; x_wconf 86' lang='lat' dir='ltr'>doctus</span> <span class='ocrx_word' id='word_1_45' title='bbox 290 829 454 865; x_wconf 84' lang='lat' dir='ltr'>insumsit</span> <span class='ocrx_word' id='word_1_46' title='bbox 481 842 631 879; x_wconf 73' lang='lat' dir='ltr'>operae,</span> <span class='ocrx_word' id='word_1_47' title='bbox 662 842 787 880; x_wconf 81' lang='lat' dir='ltr'>repro-</span> 
     </span>
     <span class='ocr_line' id='line_1_10' title="bbox 136 885 784 935; baseline -0.002 -14"><span class='ocrx_word' id='word_1_48' title='bbox 136 885 234 931; x_wconf 67' lang='lat' dir='ltr'>bata,</span> <span class='ocrx_word' id='word_1_49' title='bbox 263 885 340 934; x_wconf 80' lang='lat' dir='ltr'>ipse</span> <span class='ocrx_word' id='word_1_50' title='bbox 354 898 432 921; x_wconf 80' lang='lat' dir='ltr'>eam</span> <span class='ocrx_word' id='word_1_51' title='bbox 449 886 686 922; x_wconf 72' lang='lat' dir='ltr'>coniecturam</span> <span class='ocrx_word' id='word_1_52' title='bbox 699 899 784 935; x_wconf 83' lang='lat' dir='ltr'>pro-</span> 
     </span>
     <span class='ocr_line' id='line_1_11' title="bbox 135 941 786 991; baseline 0.002 -14"><span class='ocrx_word' id='word_1_53' title='bbox 135 942 219 986; x_wconf 81' lang='lat' dir='ltr'>fert,</span> <span class='ocrx_word' id='word_1_54' title='bbox 251 953 322 989; x_wconf 85' lang='lat' dir='ltr'>qua</span> <span class='ocrx_word' id='word_1_55' title='bbox 341 941 379 976; x_wconf 90' lang='lat' dir='ltr'>id</span> <span class='ocrx_word' id='word_1_56' title='bbox 399 942 589 991; x_wconf 72' lang='lat' dir='ltr'>praecipue</span> <span class='ocrx_word' id='word_1_57' title='bbox 611 947 737 989; x_wconf 75' lang='lat' dir='ltr'>gentes</span> <span class='ocrx_word' id='word_1_58' title='bbox 751 942 786 979; x_wconf 87' lang='lat' dir='ltr'>iu</span> 
     </span>
     <span class='ocr_line' id='line_1_12' title="bbox 136 996 785 1046; baseline 0.002 -13"><span class='ocrx_word' id='word_1_59' title='bbox 136 996 401 1033; x_wconf 69' lang='lat' dir='ltr'>circumcisione</span> <span class='ocrx_word' id='word_1_60' title='bbox 414 1002 599 1046; x_wconf 66' lang='lat' dir='ltr'>spectasse</span> <span class='ocrx_word' id='word_1_61' title='bbox 615 1001 785 1044; x_wconf 71' lang='lat' dir='ltr'>autumat,</span> 
     </span>
     <span class='ocr_line' id='line_1_13' title="bbox 134 1053 787 1102; baseline 0.003 -14"><span class='ocrx_word' id='word_1_62' title='bbox 134 1057 175 1089; x_wconf 84' lang='lat' dir='ltr'>ut</span> <span class='ocrx_word' id='word_1_63' title='bbox 203 1053 363 1102; x_wconf 78' lang='lat' dir='ltr'>corporis</span> <span class='ocrx_word' id='word_1_64' title='bbox 389 1053 611 1091; x_wconf 73' lang='lat' dir='ltr'>mutilatione</span> <span class='ocrx_word' id='word_1_65' title='bbox 635 1067 677 1091; x_wconf 84' lang='lat' dir='ltr'>ac</span> <span class='ocrx_word' id='word_1_66' title='bbox 705 1066 787 1090; x_wconf 80' lang='lat' dir='ltr'>sau-</span> 
     </span>
     <span class='ocr_line' id='line_1_14' title="bbox 135 1109 787 1158; baseline 0.003 -14"><span class='ocrx_word' id='word_1_67' title='bbox 135 1109 246 1158; x_wconf 84' lang='lat' dir='ltr'>guine</span> <span class='ocrx_word' id='word_1_68' title='bbox 264 1110 379 1146; x_wconf 65' lang='lat' dir='ltr'>effuso</span> <span class='ocrx_word' id='word_1_69' title='bbox 399 1109 489 1145; x_wconf 69' lang='lat' dir='ltr'>irata</span> <span class='ocrx_word' id='word_1_70' title='bbox 511 1115 572 1146; x_wconf 67' lang='lat' dir='ltr'>aut</span> <span class='ocrx_word' id='word_1_71' title='bbox 592 1110 787 1146; x_wconf 68' lang='lat' dir='ltr'>inridauu-</span> 
     </span>
     <span class='ocr_line' id='line_1_15' title="bbox 135 1164 788 1214; baseline 0 -13"><span class='ocrx_word' id='word_1_72' title='bbox 135 1165 231 1201; x_wconf 88' lang='lat' dir='ltr'>mina</span> <span class='ocrx_word' id='word_1_73' title='bbox 242 1164 479 1214; x_wconf 79' lang='lat' dir='ltr'>placarentur.</span> <span class='ocrx_word' id='word_1_74' title='bbox 504 1166 614 1210; x_wconf 77' lang='lat' dir='ltr'>Quod</span> <span class='ocrx_word' id='word_1_75' title='bbox 626 1170 663 1202; x_wconf 81' lang='lat' dir='ltr'>ut</span> <span class='ocrx_word' id='word_1_76' title='bbox 675 1166 788 1202; x_wconf 82' lang='lat' dir='ltr'>omui-</span> 
     </span>
     <span class='ocr_line' id='line_1_16' title="bbox 135 1221 787 1259; baseline 0.003 -3"><span class='ocrx_word' id='word_1_77' title='bbox 135 1233 183 1256; x_wconf 84' lang='lat' dir='ltr'>no</span> <span class='ocrx_word' id='word_1_78' title='bbox 212 1233 285 1256; x_wconf 90' lang='lat' dir='ltr'>nou</span> <span class='ocrx_word' id='word_1_79' title='bbox 315 1221 491 1258; x_wconf 81' lang='lat' dir='ltr'>absonum</span> <span class='ocrx_word' id='word_1_80' title='bbox 525 1226 579 1258; x_wconf 66' lang='lat' dir='ltr'>est</span> <span class='ocrx_word' id='word_1_81' title='bbox 605 1235 626 1258; x_wconf 87' lang='lat' dir='ltr'>a</span> <span class='ocrx_word' id='word_1_82' title='bbox 645 1223 787 1259; x_wconf 86' lang='lat' dir='ltr'>rudium</span> 
     </span>
     <span class='ocr_line' id='line_1_17' title="bbox 136 1278 787 1326; baseline 0.003 -13"><span class='ocrx_word' id='word_1_83' title='bbox 136 1278 296 1325; x_wconf 80' lang='lat' dir='ltr'>gentium</span> <span class='ocrx_word' id='word_1_84' title='bbox 310 1278 430 1313; x_wconf 79' lang='lat' dir='ltr'>indole</span> <span class='ocrx_word' id='word_1_85' title='bbox 443 1291 560 1326; x_wconf 88' lang='lat' dir='ltr'>neque</span> <span class='ocrx_word' id='word_1_86' title='bbox 577 1291 702 1315; x_wconf 83' lang='lat' dir='ltr'>revera</span> <span class='ocrx_word' id='word_1_87' title='bbox 714 1291 787 1315; x_wconf 88' lang='lat' dir='ltr'>non</span> 
     </span>
     <span class='ocr_line' id='line_1_18' title="bbox 136 1333 786 1382; baseline 0.005 -14"><span class='ocrx_word' id='word_1_88' title='bbox 136 1333 313 1369; x_wconf 79' lang='lat' dir='ltr'>invenitur</span> <span class='ocrx_word' id='word_1_89' title='bbox 322 1338 396 1370; x_wconf 81' lang='lat' dir='ltr'>tum</span> <span class='ocrx_word' id='word_1_90' title='bbox 408 1334 504 1382; x_wconf 80' lang='lat' dir='ltr'>apud</span> <span class='ocrx_word' id='word_1_91' title='bbox 515 1335 692 1382; x_wconf 76' lang='lat' dir='ltr'>antiquas,</span> <span class='ocrx_word' id='word_1_92' title='bbox 711 1339 786 1371; x_wconf 71' lang='lat' dir='ltr'>tum</span> 
     </span>
     <span class='ocr_line' id='line_1_19' title="bbox 134 1389 787 1438; baseline 0 -14"><span class='ocrx_word' id='word_1_93' title='bbox 134 1401 219 1425; x_wconf 82' lang='lat' dir='ltr'>vero</span> <span class='ocrx_word' id='word_1_94' title='bbox 239 1389 346 1425; x_wconf 84' lang='lat' dir='ltr'>etiam</span> <span class='ocrx_word' id='word_1_95' title='bbox 365 1390 462 1438; x_wconf 80' lang='lat' dir='ltr'>apud</span> <span class='ocrx_word' id='word_1_96' title='bbox 489 1389 585 1437; x_wconf 82' lang='lat' dir='ltr'>ipsas</span> <span class='ocrx_word' id='word_1_97' title='bbox 611 1391 787 1426; x_wconf 79' lang='lat' dir='ltr'>recentio-</span> 
     </span>
     <span class='ocr_line' id='line_1_20' title="bbox 135 1443 785 1490; baseline 0 -9"><span class='ocrx_word' id='word_1_98' title='bbox 135 1457 193 1481; x_wconf 87' lang='lat' dir='ltr'>res</span> <span class='ocrx_word' id='word_1_99' title='bbox 213 1443 417 1481; x_wconf 77' lang='lat' dir='ltr'>Australiae</span> <span class='ocrx_word' id='word_1_100' title='bbox 438 1445 622 1490; x_wconf 76' lang='lat' dir='ltr'>nationes3</span> <span class='ocrx_word' id='word_1_101' title='bbox 650 1446 700 1481; x_wconf 77' lang='lat' dir='ltr'>ita</span> <span class='ocrx_word' id='word_1_102' title='bbox 729 1448 785 1481; x_wconf 88' lang='lat' dir='ltr'>ta—</span> 
     </span>
     <span class='ocr_line' id='line_1_21' title="bbox 134 1501 786 1538; baseline 0 -1"><span class='ocrx_word' id='word_1_103' title='bbox 134 1513 217 1537; x_wconf 85' lang='lat' dir='ltr'>men</span> <span class='ocrx_word' id='word_1_104' title='bbox 247 1501 305 1537; x_wconf 85' lang='lat' dir='ltr'>vix</span> <span class='ocrx_word' id='word_1_105' title='bbox 330 1501 470 1537; x_wconf 85' lang='lat' dir='ltr'>unicam</span> <span class='ocrx_word' id='word_1_106' title='bbox 505 1501 611 1537; x_wconf 86' lang='lat' dir='ltr'>moris</span> <span class='ocrx_word' id='word_1_107' title='bbox 642 1513 786 1538; x_wconf 75' lang='lat' dir='ltr'>causam</span> 
     </span>
     <span class='ocr_line' id='line_1_22' title="bbox 133 1556 786 1605; baseline 0.002 -12"><span class='ocrx_word' id='word_1_108' title='bbox 133 1556 244 1593; x_wconf 83' lang='lat' dir='ltr'>fuisse</span> <span class='ocrx_word' id='word_1_109' title='bbox 278 1557 396 1594; x_wconf 80' lang='lat' dir='ltr'>credo.</span> <span class='ocrx_word' id='word_1_110' title='bbox 453 1556 635 1595; x_wconf 80' lang='lat' dir='ltr'>Accedere</span> <span class='ocrx_word' id='word_1_111' title='bbox 663 1557 786 1605; x_wconf 74' lang='lat' dir='ltr'>utique</span> 
     </span>
     <span class='ocr_line' id='line_1_23' title="bbox 133 1613 783 1663; baseline 0 -15"><span class='ocrx_word' id='word_1_112' title='bbox 133 1613 251 1663; x_wconf 81' lang='lat' dir='ltr'>potuit</span> <span class='ocrx_word' id='word_1_113' title='bbox 271 1613 487 1649; x_wconf 66' lang='lat' dir='ltr'><strong>salubritatis</strong></span> <span class='ocrx_word' id='word_1_114' title='bbox 514 1625 598 1649; x_wconf 85' lang='lat' dir='ltr'>cura</span> <span class='ocrx_word' id='word_1_115' title='bbox 618 1617 658 1649; x_wconf 70' lang='lat' dir='ltr'>ut</span> <span class='ocrx_word' id='word_1_116' title='bbox 682 1613 783 1650; x_wconf 82' lang='lat' dir='ltr'>Philo</span> 
     </span>
     <span class='ocr_line' id='line_1_24' title="bbox 134 1669 786 1717; baseline 0 -12"><span class='ocrx_word' id='word_1_117' title='bbox 134 1669 341 1715; x_wconf 80' lang='lat' dir='ltr'>contendit3</span> <span class='ocrx_word' id='word_1_118' title='bbox 399 1682 616 1717; x_wconf 79' lang='lat' dir='ltr'>quamquam</span> <span class='ocrx_word' id='word_1_119' title='bbox 645 1669 786 1706; x_wconf 75' lang='lat' dir='ltr'>iustitu-</span> 
     </span>
     <span class='ocr_line' id='line_1_25' title="bbox 134 1725 785 1773; baseline 0.003 -13"><span class='ocrx_word' id='word_1_120' title='bbox 134 1729 210 1760; x_wconf 82' lang='lat' dir='ltr'>tum</span> <span class='ocrx_word' id='word_1_121' title='bbox 223 1753 233 1771; x_wconf 82' lang='lat'>‚</span> <span class='ocrx_word' id='word_1_122' title='bbox 262 1725 297 1761; x_wconf 86' lang='lat' dir='ltr'>in</span> <span class='ocrx_word' id='word_1_123' title='bbox 316 1725 532 1773; x_wconf 74' lang='lat' dir='ltr'>quibusdam</span> <span class='ocrx_word' id='word_1_124' title='bbox 554 1725 638 1762; x_wconf 82' lang='lat' dir='ltr'>utile</span> <span class='ocrx_word' id='word_1_125' title='bbox 657 1730 692 1762; x_wconf 89' lang='lat' dir='ltr'>et</span> <span class='ocrx_word' id='word_1_126' title='bbox 707 1739 785 1762; x_wconf 83' lang='lat' dir='ltr'>cor-</span> 
     </span>
     <span class='ocr_line' id='line_1_26' title="bbox 133 1781 785 1830; baseline 0.003 -15"><span class='ocrx_word' id='word_1_127' title='bbox 133 1781 233 1830; x_wconf 83' lang='lat' dir='ltr'>poris</span> <span class='ocrx_word' id='word_1_128' title='bbox 251 1781 438 1817; x_wconf 81' lang='lat' dir='ltr'>munditiei</span> <span class='ocrx_word' id='word_1_129' title='bbox 468 1781 682 1826; x_wconf 78' lang='lat' dir='ltr'>inserviens,</span> <span class='ocrx_word' id='word_1_130' title='bbox 711 1794 785 1817; x_wconf 84' lang='lat' dir='ltr'>non</span> 
     </span>
     <span class='ocr_line' id='line_1_27' title="bbox 134 1836 784 1884; baseline 0 -11"><span class='ocrx_word' id='word_1_131' title='bbox 134 1848 396 1884; x_wconf 67' lang='lat' dir='ltr'>usquequaque</span> <span class='ocrx_word' id='word_1_132' title='bbox 423 1836 491 1872; x_wconf 90' lang='lat' dir='ltr'>hoc</span> <span class='ocrx_word' id='word_1_133' title='bbox 512 1841 547 1873; x_wconf 89' lang='lat' dir='ltr'>et</span> <span class='ocrx_word' id='word_1_134' title='bbox 565 1837 600 1871; x_wconf 90' lang='lat' dir='ltr'>in</span> <span class='ocrx_word' id='word_1_135' title='bbox 622 1837 784 1873; x_wconf 85' lang='lat' dir='ltr'>omnibus</span> 
     </span>
     <span class='ocr_line' id='line_1_28' title="bbox 134 1892 787 1943; baseline 0.002 -15"><span class='ocrx_word' id='word_1_136' title='bbox 134 1896 319 1943; x_wconf 85' lang='lat' dir='ltr'>praestare</span> <span class='ocrx_word' id='word_1_137' title='bbox 340 1892 490 1928; x_wconf 83' lang='lat' dir='ltr'>videtur.</span> <span class='ocrx_word' id='word_1_138' title='bbox 520 1893 642 1935; x_wconf 82' lang='lat' dir='ltr'>Quare</span> <span class='ocrx_word' id='word_1_139' title='bbox 666 1893 713 1928; x_wconf 87' lang='lat' dir='ltr'>ad</span> <span class='ocrx_word' id='word_1_140' title='bbox 728 1905 787 1929; x_wconf 89' lang='lat' dir='ltr'>sa-</span> 
     </span>
     <span class='ocr_line' id='line_1_29' title="bbox 134 1947 785 1985; baseline -0.002 -1"><span class='ocrx_word' id='word_1_141' title='bbox 134 1961 213 1985; x_wconf 83' lang='lat' dir='ltr'>cras</span> <span class='ocrx_word' id='word_1_142' title='bbox 232 1961 290 1984; x_wconf 90' lang='lat' dir='ltr'>res</span> <span class='ocrx_word' id='word_1_143' title='bbox 310 1947 462 1984; x_wconf 84' lang='lat' dir='ltr'>relatum</span> <span class='ocrx_word' id='word_1_144' title='bbox 481 1948 554 1984; x_wconf 88' lang='lat' dir='ltr'>vult</span> <span class='ocrx_word' id='word_1_145' title='bbox 572 1948 785 1984; x_wconf 77' lang='lat' dir='ltr'>Hoffmann.</span> 
     </span>
     <span class='ocr_line' id='line_1_30' title="bbox 135 2003 786 2053; baseline 0 -14"><span class='ocrx_word' id='word_1_146' title='bbox 135 2003 358 2053; x_wconf 77' lang='lat' dir='ltr'>(Eucyclop.</span> <span class='ocrx_word' id='word_1_147' title='bbox 382 2016 414 2040; x_wconf 88' lang='lat' dir='ltr'>v.</span> <span class='ocrx_word' id='word_1_148' title='bbox 438 2003 551 2041; x_wconf 85' lang='lat' dir='ltr'>Ersch</span> <span class='ocrx_word' id='word_1_149' title='bbox 580 2017 613 2040; x_wconf 81' lang='lat' dir='ltr'>u.</span> <span class='ocrx_word' id='word_1_150' title='bbox 640 2004 786 2040; x_wconf 87' lang='lat' dir='ltr'>Gruber</span> 
     </span>
     <span class='ocr_line' id='line_1_31' title="bbox 133 2059 786 2108; baseline 0 -12"><span class='ocrx_word' id='word_1_151' title='bbox 133 2059 203 2097; x_wconf 84' lang='lat' dir='ltr'>vol.</span> <span class='ocrx_word' id='word_1_152' title='bbox 224 2059 276 2095; x_wconf 81' lang='lat' dir='ltr'>IX</span> <span class='ocrx_word' id='word_1_153' title='bbox 294 2073 328 2108; x_wconf 91' lang='lat' dir='ltr'>p.</span> <span class='ocrx_word' id='word_1_154' title='bbox 351 2059 431 2100; x_wconf 75' lang='lat'>265</span> <span class='ocrx_word' id='word_1_155' title='bbox 460 2061 604 2108; x_wconf 70' lang='lat' dir='ltr'>seqq),</span> <span class='ocrx_word' id='word_1_156' title='bbox 635 2064 673 2096; x_wconf 87' lang='lat' dir='ltr'>ut</span> <span class='ocrx_word' id='word_1_157' title='bbox 702 2072 786 2096; x_wconf 86' lang='lat' dir='ltr'>san-</span> 
     </span>
     <span class='ocr_line' id='line_1_32' title="bbox 134 2116 784 2164; baseline 0 -12"><span class='ocrx_word' id='word_1_158' title='bbox 134 2116 265 2153; x_wconf 84' lang='lat' dir='ltr'>ctitatis</span> <span class='ocrx_word' id='word_1_159' title='bbox 313 2116 421 2152; x_wconf 86' lang='lat' dir='ltr'>animi</span> <span class='ocrx_word' id='word_1_160' title='bbox 470 2120 579 2164; x_wconf 85' lang='lat' dir='ltr'>atque</span> <span class='ocrx_word' id='word_1_161' title='bbox 624 2129 784 2163; x_wconf 87' lang='lat' dir='ltr'>morum,</span> 
     </span>
     <span class='ocr_line' id='line_1_33' title="bbox 135 2170 786 2221; baseline 0 -13"><span class='ocrx_word' id='word_1_162' title='bbox 135 2184 242 2221; x_wconf 77' lang='lat' dir='ltr'>quam</span> <span class='ocrx_word' id='word_1_163' title='bbox 266 2170 439 2208; x_wconf 82' lang='lat' dir='ltr'>affectant</span> <span class='ocrx_word' id='word_1_164' title='bbox 458 2173 688 2219; x_wconf 82' lang='lat' dir='ltr'>sacerdotes,</span> <span class='ocrx_word' id='word_1_165' title='bbox 716 2172 786 2208; x_wconf 88' lang='lat' dir='ltr'>hoc</span> 
     </span>
     <span class='ocr_line' id='line_1_34' title="bbox 135 2228 784 2277; baseline 0.002 -14"><span class='ocrx_word' id='word_1_166' title='bbox 135 2240 282 2277; x_wconf 89' lang='lat' dir='ltr'>quoque</span> <span class='ocrx_word' id='word_1_167' title='bbox 314 2228 458 2276; x_wconf 81' lang='lat' dir='ltr'>signum</span> <span class='ocrx_word' id='word_1_168' title='bbox 491 2232 587 2265; x_wconf 83' lang='lat' dir='ltr'>esset</span> <span class='ocrx_word' id='word_1_169' title='bbox 617 2229 784 2274; x_wconf 83' lang='lat' dir='ltr'>exterius,</span> 
     </span>
     <span class='ocr_line' id='line_1_35' title="bbox 135 2284 784 2332; baseline 0 -12"><span class='ocrx_word' id='word_1_170' title='bbox 135 2285 206 2332; x_wconf 74' lang='lat' dir='ltr'>quo</span> <span class='ocrx_word' id='word_1_171' title='bbox 239 2285 438 2321; x_wconf 87' lang='lat' dir='ltr'>membrum</span> <span class='ocrx_word' id='word_1_172' title='bbox 475 2284 598 2331; x_wconf 82' lang='lat' dir='ltr'>virile,</span> <span class='ocrx_word' id='word_1_173' title='bbox 637 2285 683 2321; x_wconf 88' lang='lat' dir='ltr'>ob</span> <span class='ocrx_word' id='word_1_174' title='bbox 713 2284 784 2320; x_wconf 84' lang='lat' dir='ltr'>vim</span> 
     </span>
     <span class='ocr_line' id='line_1_36' title="bbox 134 2340 783 2390; baseline 0.003 -15"><span class='ocrx_word' id='word_1_175' title='bbox 134 2340 407 2389; x_wconf 82' lang='lat' dir='ltr'>procreatricem</span> <span class='ocrx_word' id='word_1_176' title='bbox 426 2341 496 2376; x_wconf 88' lang='lat' dir='ltr'>iam</span> <span class='ocrx_word' id='word_1_177' title='bbox 516 2341 633 2389; x_wconf 87' lang='lat' dir='ltr'>ipsum</span> <span class='ocrx_word' id='word_1_178' title='bbox 656 2353 722 2390; x_wconf 83' lang='lat' dir='ltr'>per</span> <span class='ocrx_word' id='word_1_179' title='bbox 744 2353 783 2377; x_wconf 66' lang='lat' dir='ltr'>se</span> 
     </span>
     <span class='ocr_line' id='line_1_37' title="bbox 135 2395 784 2446; baseline 0.003 -16"><span class='ocrx_word' id='word_1_180' title='bbox 135 2395 172 2430; x_wconf 89' lang='lat' dir='ltr'>in</span> <span class='ocrx_word' id='word_1_181' title='bbox 190 2395 415 2433; x_wconf 84' lang='lat' dir='ltr'>orientalium</span> <span class='ocrx_word' id='word_1_182' title='bbox 441 2396 672 2446; x_wconf 79' lang='lat' dir='ltr'>religionibus</span> <span class='ocrx_word' id='word_1_183' title='bbox 698 2409 784 2434; x_wconf 89' lang='lat' dir='ltr'>con-</span> 
     </span>
     <span class='ocr_line' id='line_1_38' title="bbox 136 2453 783 2501; baseline 0.003 -15"><span class='ocrx_word' id='word_1_184' title='bbox 136 2455 335 2498; x_wconf 78' lang='lat' dir='ltr'>secratum,</span> <span class='ocrx_word' id='word_1_185' title='bbox 375 2465 505 2501; x_wconf 88' lang='lat' dir='ltr'>purum</span> <span class='ocrx_word' id='word_1_186' title='bbox 535 2465 576 2488; x_wconf 87' lang='lat' dir='ltr'>ac</span> <span class='ocrx_word' id='word_1_187' title='bbox 609 2453 783 2488; x_wconf 88' lang='lat' dir='ltr'>mundum</span> 
     </span>
     <span class='ocr_line' id='line_1_39' title="bbox 138 2509 784 2558; baseline 0.005 -17"><span class='ocrx_word' id='word_1_188' title='bbox 138 2510 331 2543; x_wconf 78' lang='lat' dir='ltr'>servarent.</span> <span class='ocrx_word' id='word_1_189' title='bbox 363 2509 438 2544; x_wconf 88' lang='lat' dir='ltr'>Sed</span> <span class='ocrx_word' id='word_1_190' title='bbox 457 2512 619 2557; x_wconf 78' lang='lat' dir='ltr'>praestat</span> <span class='ocrx_word' id='word_1_191' title='bbox 637 2509 684 2544; x_wconf 88' lang='lat' dir='ltr'>ad</span> <span class='ocrx_word' id='word_1_192' title='bbox 704 2509 784 2558; x_wconf 85' lang='lat' dir='ltr'>ipsa</span> 
     </span>
     <span class='ocr_line' id='line_1_40' title="bbox 136 2562 782 2612; baseline 0.006 -15"><span class='ocrx_word' id='word_1_193' title='bbox 136 2562 201 2597; x_wconf 83' lang='lat' dir='ltr'>viri</span> <span class='ocrx_word' id='word_1_194' title='bbox 221 2562 318 2598; x_wconf 81' lang='lat' dir='ltr'>docti</span> <span class='ocrx_word' id='word_1_195' title='bbox 338 2564 521 2612; x_wconf 87' lang='lat' dir='ltr'>disputata</span> <span class='ocrx_word' id='word_1_196' title='bbox 538 2563 706 2612; x_wconf 81' lang='lat' dir='ltr'>ablegare</span> <span class='ocrx_word' id='word_1_197' title='bbox 728 2564 782 2602; x_wconf 93' lang='lat' dir='ltr'>le-</span> 
     </span>
     <span class='ocr_line' id='line_1_41' title="bbox 137 2618 782 2667; baseline 0.003 -13"><span class='ocrx_word' id='word_1_198' title='bbox 137 2621 276 2664; x_wconf 73' lang='lat' dir='ltr'>ctores,</span> <span class='ocrx_word' id='word_1_199' title='bbox 305 2630 341 2667; x_wconf 88' lang='lat' dir='ltr'>p.</span> <span class='ocrx_word' id='word_1_200' title='bbox 363 2621 444 2659; x_wconf 76' lang='lat'>269</span> <span class='ocrx_word' id='word_1_201' title='bbox 463 2618 485 2655; x_wconf 92' lang='lat' dir='ltr'>l.</span> <span class='ocrx_word' id='word_1_202' title='bbox 504 2618 527 2656; x_wconf 91' lang='lat' dir='ltr'>l.</span> <span class='ocrx_word' id='word_1_203' title='bbox 556 2618 652 2656; x_wconf 85' lang='lat' dir='ltr'>Add.</span> <span class='ocrx_word' id='word_1_204' title='bbox 671 2621 782 2657; x_wconf 86' lang='lat' dir='ltr'>Beck.</span> 
     </span>
     <span class='ocr_line' id='line_1_42' title="bbox 136 2672 785 2724; baseline 0.005 -14"><span class='ocrx_word' id='word_1_205' title='bbox 136 2672 441 2721; x_wconf 66' lang='lat' dir='ltr'>W⁷eltgeschichte</span> <span class='ocrx_word' id='word_1_206' title='bbox 469 2674 487 2710; x_wconf 91' lang='lat' dir='ltr'>I</span> <span class='ocrx_word' id='word_1_207' title='bbox 511 2688 547 2724; x_wconf 91' lang='lat' dir='ltr'>p.</span> <span class='ocrx_word' id='word_1_208' title='bbox 575 2674 669 2716; x_wconf 70' lang='lat'>243.</span> <span class='ocrx_word' id='word_1_209' title='bbox 726 2675 785 2713; x_wconf 82' lang='lat' dir='ltr'>De</span> 
     </span>
     <span class='ocr_line' id='line_1_43' title="bbox 136 2728 784 2782; baseline 0.009 -17"><span class='ocrx_word' id='word_1_210' title='bbox 136 2728 271 2766; x_wconf 81' lang='lat' dir='ltr'>Wette.</span> <span class='ocrx_word' id='word_1_211' title='bbox 282 2729 375 2767; x_wconf 86' lang='lat' dir='ltr'>Bibl.</span> <span class='ocrx_word' id='word_1_212' title='bbox 393 2728 631 2781; x_wconf 83' lang='lat' dir='ltr'>Archaeolog.</span> <span class='ocrx_word' id='word_1_213' title='bbox 651 2729 687 2782; x_wconf 75' lang='lat'>§-</span> <span class='ocrx_word' id='word_1_214' title='bbox 705 2731 784 2773; x_wconf 88' lang='grc'>150</span> 
     </span>
     <span class='ocr_line' id='line_1_44' title="bbox 135 2786 419 2836; baseline 0 -15"><span class='ocrx_word' id='word_1_215' title='bbox 135 2797 220 2836; x_wconf 81' lang='lat' dir='ltr'>pag.</span> <span class='ocrx_word' id='word_1_216' title='bbox 244 2786 323 2827; x_wconf 89' lang='grc'>187</span> <span class='ocrx_word' id='word_1_217' title='bbox 343 2790 419 2823; x_wconf 90' lang='lat' dir='ltr'>not.</span> 
     </span>
    </p>

    <p class='ocr_par' dir='ltr' id='par_1_10' title="bbox 191 2841 785 2894">
     <span class='ocr_line' id='line_1_45' title="bbox 191 2841 785 2894; baseline 0.005 -14"><span class='ocrx_word' id='word_1_218' title='bbox 191 2841 469 2894; x_wconf 79' lang='grc' dir='ltr'><strong><em>προτιμῶντες]</em></strong></span> <span class='ocrx_word' id='word_1_219' title='bbox 480 2842 585 2881; x_wconf 88' lang='lat' dir='ltr'>Unus</span> <span class='ocrx_word' id='word_1_220' title='bbox 595 2842 683 2881; x_wconf 89' lang='lat' dir='ltr'>liber</span> <span class='ocrx_word' id='word_1_221' title='bbox 693 2857 785 2894; x_wconf 86' lang='grc' dir='ltr'><strong><em>προ-</em></strong></span> 
     </span>
    </p>
   </div>
   <div class='ocr_carea' id='block_1_10' title="bbox 851 827 1506 2098">
    <p class='ocr_par' dir='ltr' id='par_1_11' title="bbox 852 827 1502 937">
     <span class='ocr_line' id='line_1_46' title="bbox 852 827 1502 878; baseline 0.002 -11"><span class='ocrx_word' id='word_1_222' title='bbox 852 827 1068 878; x_wconf 72' lang='grc' dir='ltr'><strong><em>τιμέωντες.</em></strong></span> <span class='ocrx_word' id='word_1_223' title='bbox 1113 828 1172 867; x_wconf 91' lang='lat' dir='ltr'>Ad</span> <span class='ocrx_word' id='word_1_224' title='bbox 1197 834 1408 869; x_wconf 83' lang='lat' dir='ltr'>structuram</span> <span class='ocrx_word' id='word_1_225' title='bbox 1431 831 1502 869; x_wconf 86' lang='lat' dir='ltr'>vid.</span> 
     </span>
     <span class='ocr_line' id='line_1_47' title="bbox 852 885 1319 937; baseline 0.004 -15"><span class='ocrx_word' id='word_1_226' title='bbox 852 885 981 923; x_wconf 73' lang='lat' dir='ltr'>Matth.</span> <span class='ocrx_word' id='word_1_227' title='bbox 1005 887 1068 923; x_wconf 87' lang='lat' dir='ltr'>Gr.</span> <span class='ocrx_word' id='word_1_228' title='bbox 1087 886 1152 924; x_wconf 85' lang='lat' dir='ltr'>Gr.</span> <span class='ocrx_word' id='word_1_229' title='bbox 1173 885 1208 937; x_wconf 58' lang='grc' dir='ltr'>ὃ.</span> <span class='ocrx_word' id='word_1_230' title='bbox 1226 886 1319 928; x_wconf 82' lang='grc'><strong>456.</strong></span> 
     </span>
    </p>

    <p class='ocr_par' dir='ltr' id='par_1_12' title="bbox 851 941 1506 1607">
     <span class='ocr_line' id='line_1_48' title="bbox 912 941 1503 995; baseline 0 -14"><span class='ocrx_word' id='word_1_231' title='bbox 912 942 952 981; x_wconf 77' lang='grc' dir='ltr'><strong><em>οἱ</em></strong></span> <span class='ocrx_word' id='word_1_232' title='bbox 975 941 1016 982; x_wconf 73' lang='grc' dir='ltr'>δὲ</span> <span class='ocrx_word' id='word_1_233' title='bbox 1043 941 1141 993; x_wconf 76' lang='grc' dir='ltr'><strong><em>ἱρέες</em></strong></span> <span class='ocrx_word' id='word_1_234' title='bbox 1167 944 1443 995; x_wconf 74' lang='grc' dir='ltr'><strong><em>ξυρεῦνται</em></strong></span> <span class='ocrx_word' id='word_1_235' title='bbox 1469 958 1503 981; x_wconf 78' lang='grc' dir='ltr'>κ.</span> 
     </span>
     <span class='ocr_line' id='line_1_49' title="bbox 852 997 1504 1048; baseline -0.002 -12"><span class='ocrx_word' id='word_1_236' title='bbox 852 1014 883 1037; x_wconf 89' lang='grc' dir='ltr'>τ.</span> <span class='ocrx_word' id='word_1_237' title='bbox 907 997 959 1048; x_wconf 84' lang='grc' dir='ltr'>λ.]</span> <span class='ocrx_word' id='word_1_238' title='bbox 994 1000 1100 1036; x_wconf 70' lang='lat' dir='ltr'>Cous.</span> <span class='ocrx_word' id='word_1_239' title='bbox 1124 999 1170 1036; x_wconf 87' lang='lat' dir='ltr'>ad</span> <span class='ocrx_word' id='word_1_240' title='bbox 1196 999 1249 1047; x_wconf 87' lang='lat' dir='ltr'>II,</span> <span class='ocrx_word' id='word_1_241' title='bbox 1273 1001 1326 1041; x_wconf 80' lang='grc'>36</span> <span class='ocrx_word' id='word_1_242' title='bbox 1353 1003 1443 1036; x_wconf 81' lang='lat' dir='ltr'>nott.</span> <span class='ocrx_word' id='word_1_243' title='bbox 1468 1003 1504 1036; x_wconf 87' lang='lat' dir='ltr'>et</span> 
     </span>
     <span class='ocr_line' id='line_1_50' title="bbox 855 1055 1503 1104; baseline 0.003 -14"><span class='ocrx_word' id='word_1_244' title='bbox 855 1067 948 1104; x_wconf 84' lang='lat' dir='ltr'>quae</span> <span class='ocrx_word' id='word_1_245' title='bbox 994 1055 1208 1092; x_wconf 87' lang='lat' dir='ltr'>Iudaeorum</span> <span class='ocrx_word' id='word_1_246' title='bbox 1254 1055 1503 1093; x_wconf 84' lang='lat' dir='ltr'>sacerdotibus</span> 
     </span>
     <span class='ocr_line' id='line_1_51' title="bbox 853 1109 1503 1161; baseline 0 -15"><span class='ocrx_word' id='word_1_247' title='bbox 853 1111 1144 1161; x_wconf 80' lang='lat' dir='ltr'>praescribuntur</span> <span class='ocrx_word' id='word_1_248' title='bbox 1183 1109 1293 1150; x_wconf 90' lang='lat' dir='ltr'>Num.</span> <span class='ocrx_word' id='word_1_249' title='bbox 1328 1110 1437 1159; x_wconf 76' lang='lat' dir='ltr'><strong>VIII,</strong></span> <span class='ocrx_word' id='word_1_250' title='bbox 1466 1114 1503 1153; x_wconf 87' lang='grc'>7.</span> 
     </span>
     <span class='ocr_line' id='line_1_52' title="bbox 854 1165 1505 1218; baseline 0.003 -16"><span class='ocrx_word' id='word_1_251' title='bbox 854 1166 954 1213; x_wconf 63' lang='lat' dir='ltr'>XIX,</span> <span class='ocrx_word' id='word_1_252' title='bbox 974 1171 999 1207; x_wconf 90' lang='lat'>7</span> <span class='ocrx_word' id='word_1_253' title='bbox 1020 1180 1095 1216; x_wconf 89' lang='lat' dir='ltr'>seq.</span> <span class='ocrx_word' id='word_1_254' title='bbox 1135 1166 1192 1203; x_wconf 80' lang='lat' dir='ltr'>Ex</span> <span class='ocrx_word' id='word_1_255' title='bbox 1209 1165 1381 1218; x_wconf 84' lang='lat' dir='ltr'>Aegypto</span> <span class='ocrx_word' id='word_1_256' title='bbox 1409 1167 1505 1205; x_wconf 86' lang='lat' dir='ltr'>enim</span> 
     </span>
     <span class='ocr_line' id='line_1_53' title="bbox 854 1222 1506 1273; baseline 0 -13"><span class='ocrx_word' id='word_1_257' title='bbox 854 1222 942 1260; x_wconf 83' lang='lat' dir='ltr'>haec</span> <span class='ocrx_word' id='word_1_258' title='bbox 963 1227 998 1260; x_wconf 89' lang='lat' dir='ltr'>et</span> <span class='ocrx_word' id='word_1_259' title='bbox 1019 1223 1088 1260; x_wconf 78' lang='lat' dir='ltr'>alia</span> <span class='ocrx_word' id='word_1_260' title='bbox 1116 1223 1311 1270; x_wconf 85' lang='lat' dir='ltr'>eiusmodi,</span> <span class='ocrx_word' id='word_1_261' title='bbox 1345 1235 1441 1273; x_wconf 85' lang='lat' dir='ltr'>quae</span> <span class='ocrx_word' id='word_1_262' title='bbox 1469 1224 1506 1260; x_wconf 91' lang='lat' dir='ltr'>in</span> 
     </span>
     <span class='ocr_line' id='line_1_54' title="bbox 852 1278 1505 1329; baseline 0.002 -15"><span class='ocrx_word' id='word_1_263' title='bbox 852 1280 1126 1329; x_wconf 70' lang='lat' dir='ltr'>purgationibus</span> <span class='ocrx_word' id='word_1_264' title='bbox 1165 1279 1242 1317; x_wconf 85' lang='lat' dir='ltr'>fieri</span> <span class='ocrx_word' id='word_1_265' title='bbox 1275 1278 1415 1326; x_wconf 83' lang='lat' dir='ltr'>solent,</span> <span class='ocrx_word' id='word_1_266' title='bbox 1444 1279 1505 1316; x_wconf 82' lang='lat' dir='ltr'>Iu--</span> 
     </span>
     <span class='ocr_line' id='line_1_55' title="bbox 854 1335 1504 1385; baseline 0.003 -15"><span class='ocrx_word' id='word_1_267' title='bbox 854 1335 965 1371; x_wconf 85' lang='lat' dir='ltr'>daeos</span> <span class='ocrx_word' id='word_1_268' title='bbox 986 1335 1169 1384; x_wconf 73' lang='lat' dir='ltr'>accepisse</span> <span class='ocrx_word' id='word_1_269' title='bbox 1184 1338 1309 1372; x_wconf 79' lang='lat' dir='ltr'>monet</span> <span class='ocrx_word' id='word_1_270' title='bbox 1328 1335 1504 1385; x_wconf 85' lang='lat' dir='ltr'>Spencer.</span> 
     </span>
     <span class='ocr_line' id='line_1_56' title="bbox 854 1389 1503 1437; baseline 0.005 -11"><span class='ocrx_word' id='word_1_271' title='bbox 854 1390 900 1426; x_wconf 89' lang='lat' dir='ltr'>de</span> <span class='ocrx_word' id='word_1_272' title='bbox 929 1390 1001 1426; x_wconf 82' lang='lat' dir='ltr'>ritt.</span> <span class='ocrx_word' id='word_1_273' title='bbox 1033 1389 1166 1428; x_wconf 84' lang='lat' dir='ltr'>Hebrr.</span> <span class='ocrx_word' id='word_1_274' title='bbox 1194 1390 1268 1437; x_wconf 92' lang='lat' dir='ltr'>III,</span> <span class='ocrx_word' id='word_1_275' title='bbox 1296 1390 1321 1432; x_wconf 91' lang='lat'><strong><em>5</em></strong></span> <span class='ocrx_word' id='word_1_276' title='bbox 1363 1395 1448 1429; x_wconf 80' lang='lat' dir='ltr'>sect.</span> <span class='ocrx_word' id='word_1_277' title='bbox 1481 1393 1503 1431; x_wconf 87' lang='lat'>1</span> 
     </span>
     <span class='ocr_line' id='line_1_57' title="bbox 851 1442 1505 1496; baseline 0.006 -16"><span class='ocrx_word' id='word_1_278' title='bbox 851 1457 936 1495; x_wconf 78' lang='lat' dir='ltr'>pag.</span> <span class='ocrx_word' id='word_1_279' title='bbox 961 1457 1009 1482; x_wconf 88' lang='lat' dir='ltr'>m.</span> <span class='ocrx_word' id='word_1_280' title='bbox 1030 1447 1112 1486; x_wconf 84' lang='lat'>800</span> <span class='ocrx_word' id='word_1_281' title='bbox 1135 1458 1211 1494; x_wconf 86' lang='lat' dir='ltr'>seq.</span> <span class='ocrx_word' id='word_1_282' title='bbox 1240 1465 1297 1474; x_wconf 90' lang='lat'>——-</span> <span class='ocrx_word' id='word_1_283' title='bbox 1336 1442 1402 1484; x_wconf 76' lang='grc' dir='ltr'><strong><em>διοὶ</em></strong></span> <span class='ocrx_word' id='word_1_284' title='bbox 1427 1446 1505 1496; x_wconf 85' lang='grc' dir='ltr'><strong><em>τρί-</em></strong></span> 
     </span>
     <span class='ocr_line' id='line_1_58' title="bbox 852 1498 1504 1551; baseline 0 -13"><span class='ocrx_word' id='word_1_285' title='bbox 852 1515 922 1549; x_wconf 83' lang='grc' dir='ltr'>της</span> <span class='ocrx_word' id='word_1_286' title='bbox 942 1498 1092 1551; x_wconf 68' lang='grc' dir='ltr'><strong><em>ἡμέρης</em></strong></span> <span class='ocrx_word' id='word_1_287' title='bbox 1114 1506 1168 1538; x_wconf 85' lang='lat' dir='ltr'>est</span> <span class='ocrx_word' id='word_1_288' title='bbox 1181 1503 1281 1538; x_wconf 74' lang='lat' dir='ltr'>tertio</span> <span class='ocrx_word' id='word_1_289' title='bbox 1297 1514 1428 1551; x_wconf 77' lang='lat' dir='ltr'>quoque</span> <span class='ocrx_word' id='word_1_290' title='bbox 1438 1502 1504 1539; x_wconf 70' lang='lat' dir='ltr'>die.</span> 
     </span>
     <span class='ocr_line' id='line_1_59' title="bbox 854 1556 1504 1607; baseline 0.002 -13"><span class='ocrx_word' id='word_1_291' title='bbox 854 1556 962 1594; x_wconf 84' lang='lat' dir='ltr'>Conf.</span> <span class='ocrx_word' id='word_1_292' title='bbox 974 1557 1105 1594; x_wconf 71' lang='lat' dir='ltr'>Matth.</span> <span class='ocrx_word' id='word_1_293' title='bbox 1120 1557 1185 1594; x_wconf 88' lang='lat' dir='ltr'>Gr.</span> <span class='ocrx_word' id='word_1_294' title='bbox 1199 1558 1264 1594; x_wconf 87' lang='lat' dir='ltr'>Gr.</span> <span class='ocrx_word' id='word_1_295' title='bbox 1282 1570 1368 1607; x_wconf 86' lang='lat' dir='ltr'>pag.</span> <span class='ocrx_word' id='word_1_296' title='bbox 1385 1558 1504 1599; x_wconf 88' lang='grc'><strong>1150.</strong></span> 
     </span>
    </p>

    <p class='ocr_par' dir='ltr' id='par_1_13' title="bbox 852 1610 1504 2098">
     <span class='ocr_line' id='line_1_60' title="bbox 910 1610 1504 1664; baseline 0.002 -13"><span class='ocrx_word' id='word_1_297' title='bbox 910 1612 1061 1664; x_wconf 75' lang='grc' dir='ltr'><strong><em>ἐσθῆτα</em></strong></span> <span class='ocrx_word' id='word_1_298' title='bbox 1078 1610 1118 1651; x_wconf 77' lang='grc' dir='ltr'>δὲ</span> <span class='ocrx_word' id='word_1_299' title='bbox 1131 1612 1323 1664; x_wconf 81' lang='grc' dir='ltr'><strong><em>φορέουσι</em></strong></span> <span class='ocrx_word' id='word_1_300' title='bbox 1346 1613 1387 1653; x_wconf 79' lang='grc' dir='ltr'><strong><em>οἱ</em></strong></span> <span class='ocrx_word' id='word_1_301' title='bbox 1405 1613 1504 1664; x_wconf 78' lang='grc' dir='ltr'><strong><em>ἷρέες</em></strong></span> 
     </span>
     <span class='ocr_line' id='line_1_61' title="bbox 852 1665 1504 1721; baseline -0.003 -13"><span class='ocrx_word' id='word_1_302' title='bbox 852 1667 987 1719; x_wconf 71' lang='grc' dir='ltr'><strong><em>λινέην</em></strong></span> <span class='ocrx_word' id='word_1_303' title='bbox 1014 1665 1193 1721; x_wconf 79' lang='grc' dir='ltr'><strong><em>μούνην]</em></strong></span> <span class='ocrx_word' id='word_1_304' title='bbox 1227 1671 1366 1721; x_wconf 78' lang='lat' dir='ltr'>Supra,</span> <span class='ocrx_word' id='word_1_305' title='bbox 1402 1671 1504 1707; x_wconf 84' lang='lat' dir='ltr'>initio</span> 
     </span>
     <span class='ocr_line' id='line_1_62' title="bbox 853 1725 1503 1776; baseline -0.002 -13"><span class='ocrx_word' id='word_1_306' title='bbox 853 1726 980 1775; x_wconf 78' lang='lat' dir='ltr'>capitis</span> <span class='ocrx_word' id='word_1_307' title='bbox 1009 1728 1056 1763; x_wconf 86' lang='lat' dir='ltr'>de</span> <span class='ocrx_word' id='word_1_308' title='bbox 1090 1725 1280 1776; x_wconf 80' lang='lat' dir='ltr'>Aegyptiis</span> <span class='ocrx_word' id='word_1_309' title='bbox 1316 1727 1503 1764; x_wconf 85' lang='lat' dir='ltr'>omnibus:</span> 
     </span>
     <span class='ocr_line' id='line_1_63' title="bbox 855 1778 1504 1832; baseline 0.002 -13"><span class='ocrx_word' id='word_1_310' title='bbox 855 1781 992 1830; x_wconf 76' lang='grc' dir='ltr'><strong><em>εἵματα</em></strong></span> <span class='ocrx_word' id='word_1_311' title='bbox 1011 1778 1053 1819; x_wconf 78' lang='grc' dir='ltr'>δὲ</span> <span class='ocrx_word' id='word_1_312' title='bbox 1081 1782 1190 1819; x_wconf 78' lang='grc' dir='ltr'><strong><em>λίνεα</em></strong></span> <span class='ocrx_word' id='word_1_313' title='bbox 1211 1779 1403 1832; x_wconf 76' lang='grc' dir='ltr'><strong><em>φορέουσι</em></strong></span> <span class='ocrx_word' id='word_1_314' title='bbox 1425 1781 1504 1820; x_wconf 82' lang='grc' dir='ltr'><strong><em>αἰεὶ</em></strong></span> 
     </span>
     <span class='ocr_line' id='line_1_64' title="bbox 855 1833 1502 1884; baseline 0 -10"><span class='ocrx_word' id='word_1_315' title='bbox 855 1833 1148 1884; x_wconf 56' lang='grc' dir='ltr'>νεόπλυταξιὼί</span> <span class='ocrx_word' id='word_1_316' title='bbox 1159 1841 1278 1874; x_wconf 83' lang='lat' dir='ltr'>tamen</span> <span class='ocrx_word' id='word_1_317' title='bbox 1291 1838 1502 1884; x_wconf 84' lang='lat' dir='ltr'>tenendum,</span> 
     </span>
     <span class='ocr_line' id='line_1_65' title="bbox 853 1892 1503 1931; baseline 0.005 -3"><span class='ocrx_word' id='word_1_318' title='bbox 853 1892 963 1929; x_wconf 64' lang='lat' dir='ltr'>lineas</span> <span class='ocrx_word' id='word_1_319' title='bbox 988 1896 1106 1930; x_wconf 84' lang='lat' dir='ltr'>vestes</span> <span class='ocrx_word' id='word_1_320' title='bbox 1136 1893 1250 1930; x_wconf 84' lang='lat' dir='ltr'>videri</span> <span class='ocrx_word' id='word_1_321' title='bbox 1279 1893 1393 1930; x_wconf 81' lang='lat' dir='ltr'>dictas</span> <span class='ocrx_word' id='word_1_322' title='bbox 1423 1906 1503 1931; x_wconf 85' lang='lat' dir='ltr'>esse</span> 
     </span>
     <span class='ocr_line' id='line_1_66' title="bbox 852 1948 1503 1997; baseline 0.002 -12"><span class='ocrx_word' id='word_1_323' title='bbox 852 1961 928 1985; x_wconf 88' lang='lat' dir='ltr'>non</span> <span class='ocrx_word' id='word_1_324' title='bbox 954 1949 1063 1985; x_wconf 87' lang='lat' dir='ltr'>modo</span> <span class='ocrx_word' id='word_1_325' title='bbox 1088 1961 1183 1997; x_wconf 84' lang='lat' dir='ltr'>quae</span> <span class='ocrx_word' id='word_1_326' title='bbox 1220 1961 1265 1985; x_wconf 83' lang='lat' dir='ltr'>ex</span> <span class='ocrx_word' id='word_1_327' title='bbox 1303 1948 1395 1996; x_wconf 77' lang='lat' dir='ltr'><em>lino,</em></span> <span class='ocrx_word' id='word_1_328' title='bbox 1436 1949 1503 1986; x_wconf 88' lang='lat' dir='ltr'>sed</span> 
     </span>
     <span class='ocr_line' id='line_1_67' title="bbox 853 2004 1502 2055; baseline 0 -14"><span class='ocrx_word' id='word_1_329' title='bbox 853 2004 960 2041; x_wconf 85' lang='lat' dir='ltr'>etiam</span> <span class='ocrx_word' id='word_1_330' title='bbox 982 2017 1074 2053; x_wconf 79' lang='lat' dir='ltr'>quae</span> <span class='ocrx_word' id='word_1_331' title='bbox 1096 2017 1139 2041; x_wconf 81' lang='lat' dir='ltr'>ex</span> <span class='ocrx_word' id='word_1_332' title='bbox 1165 2007 1327 2054; x_wconf 70' lang='lat' dir='ltr'>gossypio</span> <span class='ocrx_word' id='word_1_333' title='bbox 1353 2018 1381 2042; x_wconf 89' lang='lat' dir='ltr'>s.</span> <span class='ocrx_word' id='word_1_334' title='bbox 1402 2005 1502 2055; x_wconf 76' lang='lat' dir='ltr'>bysso</span> 
     </span>
     <span class='ocr_line' id='line_1_68' title="bbox 853 2061 1502 2098; baseline 0 0"><span class='ocrx_word' id='word_1_335' title='bbox 853 2063 955 2098; x_wconf 84' lang='lat' dir='ltr'>erant</span> <span class='ocrx_word' id='word_1_336' title='bbox 983 2061 1177 2097; x_wconf 84' lang='lat' dir='ltr'>consectae.</span> <span class='ocrx_word' id='word_1_337' title='bbox 1235 2061 1318 2098; x_wconf 84' lang='lat' dir='ltr'>vid.</span> <span class='ocrx_word' id='word_1_338' title='bbox 1342 2061 1502 2098; x_wconf 84' lang='lat' dir='ltr'>Heeren.</span> 
     </span>
    </p>
   </div>
   <div class='ocr_carea' id='block_1_11' title="bbox 852 2115 1502 2222">
    <p class='ocr_par' dir='ltr' id='par_1_14' title="bbox 852 2115 1502 2222">
     <span class='ocr_line' id='line_1_69' title="bbox 852 2115 1502 2166; baseline 0.006 -13"><span class='ocrx_word' id='word_1_339' title='bbox 852 2116 964 2153; x_wconf 90' lang='lat' dir='ltr'>Ideen</span> <span class='ocrx_word' id='word_1_340' title='bbox 983 2115 1013 2162; x_wconf 90' lang='grc' dir='ltr'>Ι,</span> <span class='ocrx_word' id='word_1_341' title='bbox 1035 2118 1055 2156; x_wconf 85' lang='grc'>1</span> <span class='ocrx_word' id='word_1_342' title='bbox 1080 2129 1116 2166; x_wconf 87' lang='lat' dir='ltr'>p.</span> <span class='ocrx_word' id='word_1_343' title='bbox 1145 2118 1233 2157; x_wconf 85' lang='lat'>107.</span> <span class='ocrx_word' id='word_1_344' title='bbox 1249 2115 1296 2164; x_wconf 86' lang='grc' dir='ltr'>ΙΙ,</span> <span class='ocrx_word' id='word_1_345' title='bbox 1318 2120 1344 2157; x_wconf 81' lang='lat'>2</span> <span class='ocrx_word' id='word_1_346' title='bbox 1362 2130 1398 2166; x_wconf 87' lang='lat' dir='ltr'>p.</span> <span class='ocrx_word' id='word_1_347' title='bbox 1421 2118 1502 2157; x_wconf 83' lang='grc'>133</span> 
     </span>
     <span class='ocr_line' id='line_1_70' title="bbox 853 2171 1502 2222; baseline 0.002 -14"><span class='ocrx_word' id='word_1_348' title='bbox 853 2184 956 2220; x_wconf 89' lang='lat' dir='ltr'>seqq.</span> <span class='ocrx_word' id='word_1_349' title='bbox 986 2171 1043 2209; x_wconf 93' lang='lat' dir='ltr'>De</span> <span class='ocrx_word' id='word_1_350' title='bbox 1055 2172 1299 2209; x_wconf 85' lang='lat' dir='ltr'>sacerdotibus</span> <span class='ocrx_word' id='word_1_351' title='bbox 1313 2172 1502 2222; x_wconf 84' lang='lat' dir='ltr'>Aegyptiis</span> 
     </span>
    </p>
   </div>
   <div class='ocr_carea' id='block_1_12' title="bbox 850 2227 1503 2894">
    <p class='ocr_par' dir='ltr' id='par_1_15' title="bbox 850 2227 1503 2894">
     <span class='ocr_line' id='line_1_71' title="bbox 852 2227 1500 2275; baseline -0.002 -10"><span class='ocrx_word' id='word_1_352' title='bbox 852 2231 1004 2265; x_wconf 81' lang='lat' dir='ltr'>testatur</span> <span class='ocrx_word' id='word_1_353' title='bbox 1025 2227 1160 2265; x_wconf 77' lang='lat' dir='ltr'>Plinius</span> <span class='ocrx_word' id='word_1_354' title='bbox 1184 2228 1232 2265; x_wconf 89' lang='lat' dir='ltr'>H.</span> <span class='ocrx_word' id='word_1_355' title='bbox 1261 2228 1309 2265; x_wconf 90' lang='lat' dir='ltr'>N.</span> <span class='ocrx_word' id='word_1_356' title='bbox 1340 2228 1449 2275; x_wconf 83' lang='lat' dir='ltr'><strong>XIX,</strong></span> <span class='ocrx_word' id='word_1_357' title='bbox 1477 2231 1500 2269; x_wconf 84' lang='lat'>1</span> 
     </span>
     <span class='ocr_line' id='line_1_72' title="bbox 853 2283 1500 2331; baseline 0.002 -11"><span class='ocrx_word' id='word_1_358' title='bbox 853 2288 938 2321; x_wconf 90' lang='lat' dir='ltr'>sect.</span> <span class='ocrx_word' id='word_1_359' title='bbox 951 2287 988 2325; x_wconf 79' lang='lat'>2.</span> <span class='ocrx_word' id='word_1_360' title='bbox 1008 2284 1034 2323; x_wconf 89' lang='lat'><strong>3</strong></span> <span class='ocrx_word' id='word_1_361' title='bbox 1053 2283 1141 2321; x_wconf 85' lang='lat' dir='ltr'>haec</span> <span class='ocrx_word' id='word_1_362' title='bbox 1151 2285 1328 2321; x_wconf 87' lang='lat' dir='ltr'>scribens:</span> <span class='ocrx_word' id='word_1_363' title='bbox 1352 2287 1500 2331; x_wconf 79' lang='lat' dir='ltr'>„vestes</span> 
     </span>
     <span class='ocr_line' id='line_1_73' title="bbox 853 2339 1501 2389; baseline 0.002 -14"><span class='ocrx_word' id='word_1_364' title='bbox 853 2353 895 2378; x_wconf 81' lang='lat' dir='ltr'>ex</span> <span class='ocrx_word' id='word_1_365' title='bbox 918 2339 1090 2388; x_wconf 80' lang='lat' dir='ltr'>gossypio</span> <span class='ocrx_word' id='word_1_366' title='bbox 1113 2340 1359 2377; x_wconf 86' lang='lat' dir='ltr'>sacerdotibus</span> <span class='ocrx_word' id='word_1_367' title='bbox 1380 2339 1501 2389; x_wconf 81' lang='lat' dir='ltr'>Aegy-</span> 
     </span>
     <span class='ocr_line' id='line_1_74' title="bbox 850 2395 1503 2447; baseline 0.002 -16"><span class='ocrx_word' id='word_1_368' title='bbox 850 2397 903 2447; x_wconf 86' lang='lat' dir='ltr'>pti</span> <span class='ocrx_word' id='word_1_369' title='bbox 924 2396 1186 2444; x_wconf 83' lang='lat' dir='ltr'>gratissimae.“</span> <span class='ocrx_word' id='word_1_370' title='bbox 1214 2396 1316 2433; x_wconf 90' lang='lat' dir='ltr'>Idem</span> <span class='ocrx_word' id='word_1_371' title='bbox 1336 2395 1393 2432; x_wconf 83' lang='lat' dir='ltr'>alii</span> <span class='ocrx_word' id='word_1_372' title='bbox 1404 2397 1503 2432; x_wconf 75' lang='lat' dir='ltr'>assir-</span> 
     </span>
     <span class='ocr_line' id='line_1_75' title="bbox 851 2451 1502 2500; baseline -0.002 -11"><span class='ocrx_word' id='word_1_373' title='bbox 851 2456 962 2498; x_wconf 82' lang='lat' dir='ltr'>mant,</span> <span class='ocrx_word' id='word_1_374' title='bbox 994 2464 1097 2500; x_wconf 88' lang='lat' dir='ltr'>quos,</span> <span class='ocrx_word' id='word_1_375' title='bbox 1127 2455 1295 2490; x_wconf 86' lang='lat' dir='ltr'>monente</span> <span class='ocrx_word' id='word_1_376' title='bbox 1316 2451 1402 2499; x_wconf 86' lang='lat' dir='ltr'>Cr.,</span> <span class='ocrx_word' id='word_1_377' title='bbox 1426 2451 1502 2488; x_wconf 84' lang='lat' dir='ltr'>lau-</span> 
     </span>
     <span class='ocr_line' id='line_1_76' title="bbox 852 2507 1499 2556; baseline -0.002 -12"><span class='ocrx_word' id='word_1_378' title='bbox 852 2509 916 2545; x_wconf 82' lang='lat' dir='ltr'>dat</span> <span class='ocrx_word' id='word_1_379' title='bbox 944 2507 1199 2556; x_wconf 81' lang='lat' dir='ltr'>Wytteubach.</span> <span class='ocrx_word' id='word_1_380' title='bbox 1240 2509 1288 2544; x_wconf 86' lang='lat' dir='ltr'>ad</span> <span class='ocrx_word' id='word_1_381' title='bbox 1320 2507 1499 2545; x_wconf 89' lang='lat' dir='ltr'>Plutarch.</span> 
     </span>
     <span class='ocr_line' id='line_1_77' title="bbox 850 2562 1501 2613; baseline -0.002 -12"><span class='ocrx_word' id='word_1_382' title='bbox 850 2563 980 2601; x_wconf 84' lang='lat' dir='ltr'>Moral.</span> <span class='ocrx_word' id='word_1_383' title='bbox 1001 2563 1046 2609; x_wconf 84' lang='lat' dir='ltr'>H,</span> <span class='ocrx_word' id='word_1_384' title='bbox 1069 2565 1091 2604; x_wconf 83' lang='lat'>1</span> <span class='ocrx_word' id='word_1_385' title='bbox 1113 2563 1178 2611; x_wconf 86' lang='lat'>(3)</span> <span class='ocrx_word' id='word_1_386' title='bbox 1196 2575 1282 2613; x_wconf 85' lang='lat' dir='ltr'>pag.</span> <span class='ocrx_word' id='word_1_387' title='bbox 1303 2566 1393 2604; x_wconf 85' lang='lat'>171.</span> <span class='ocrx_word' id='word_1_388' title='bbox 1433 2562 1501 2600; x_wconf 83' lang='lat' dir='ltr'>Est</span> 
     </span>
     <span class='ocr_line' id='line_1_78' title="bbox 853 2619 1501 2669; baseline -0.002 -12"><span class='ocrx_word' id='word_1_389' title='bbox 853 2620 947 2657; x_wconf 85' lang='lat' dir='ltr'>enim</span> <span class='ocrx_word' id='word_1_390' title='bbox 968 2619 1155 2669; x_wconf 84' lang='lat' dir='ltr'>primarius</span> <span class='ocrx_word' id='word_1_391' title='bbox 1169 2619 1262 2656; x_wconf 83' lang='lat' dir='ltr'>hanc</span> <span class='ocrx_word' id='word_1_392' title='bbox 1278 2620 1314 2655; x_wconf 89' lang='lat' dir='ltr'>in</span> <span class='ocrx_word' id='word_1_393' title='bbox 1326 2632 1400 2657; x_wconf 86' lang='lat' dir='ltr'>rem</span> <span class='ocrx_word' id='word_1_394' title='bbox 1415 2619 1501 2656; x_wconf 91' lang='lat' dir='ltr'>Plu-</span> 
     </span>
     <span class='ocr_line' id='line_1_79' title="bbox 851 2674 1499 2724; baseline -0.003 -11"><span class='ocrx_word' id='word_1_395' title='bbox 851 2675 964 2713; x_wconf 84' lang='lat' dir='ltr'>tarchi</span> <span class='ocrx_word' id='word_1_396' title='bbox 989 2674 1086 2711; x_wconf 84' lang='lat' dir='ltr'>loeus</span> <span class='ocrx_word' id='word_1_397' title='bbox 1109 2676 1156 2712; x_wconf 90' lang='lat' dir='ltr'>de</span> <span class='ocrx_word' id='word_1_398' title='bbox 1182 2674 1267 2712; x_wconf 85' lang='lat' dir='ltr'>Isid.</span> <span class='ocrx_word' id='word_1_399' title='bbox 1289 2679 1398 2724; x_wconf 81' lang='lat' dir='ltr'>atque</span> <span class='ocrx_word' id='word_1_400' title='bbox 1415 2675 1499 2712; x_wconf 81' lang='lat' dir='ltr'>Osi-</span> 
     </span>
     <span class='ocr_line' id='line_1_80' title="bbox 852 2730 1499 2780; baseline 0.002 -13"><span class='ocrx_word' id='word_1_401' title='bbox 852 2731 917 2768; x_wconf 83' lang='lat' dir='ltr'>rid.</span> <span class='ocrx_word' id='word_1_402' title='bbox 929 2743 1016 2780; x_wconf 78' lang='lat' dir='ltr'>pag.</span> <span class='ocrx_word' id='word_1_403' title='bbox 1030 2730 1124 2777; x_wconf 78' lang='lat'><strong>352,</strong></span> <span class='ocrx_word' id='word_1_404' title='bbox 1142 2742 1293 2779; x_wconf 88' lang='lat' dir='ltr'>quocum</span> <span class='ocrx_word' id='word_1_405' title='bbox 1310 2732 1404 2768; x_wconf 88' lang='lat' dir='ltr'>conf.</span> <span class='ocrx_word' id='word_1_406' title='bbox 1422 2731 1499 2769; x_wconf 85' lang='lat' dir='ltr'>Hc-</span> 
     </span>
     <span class='ocr_line' id='line_1_81' title="bbox 854 2786 1499 2835; baseline 0 -11"><span class='ocrx_word' id='word_1_407' title='bbox 854 2787 971 2824; x_wconf 86' lang='lat' dir='ltr'>rodot.</span> <span class='ocrx_word' id='word_1_408' title='bbox 1002 2786 1060 2834; x_wconf 84' lang='grc' dir='ltr'>Π,</span> <span class='ocrx_word' id='word_1_409' title='bbox 1086 2789 1138 2828; x_wconf 84' lang='lat'>81</span> <span class='ocrx_word' id='word_1_410' title='bbox 1169 2787 1289 2835; x_wconf 89' lang='lat' dir='ltr'>ibique</span> <span class='ocrx_word' id='word_1_411' title='bbox 1314 2790 1405 2824; x_wconf 87' lang='lat' dir='ltr'>nott.</span> <span class='ocrx_word' id='word_1_412' title='bbox 1441 2786 1499 2824; x_wconf 88' lang='lat' dir='ltr'>Ab</span> 
     </span>
     <span class='ocr_line' id='line_1_82' title="bbox 854 2842 1499 2894; baseline -0.005 -13"><span class='ocrx_word' id='word_1_413' title='bbox 854 2842 1042 2894; x_wconf 79' lang='lat' dir='ltr'>Aegyptiis</span> <span class='ocrx_word' id='word_1_414' title='bbox 1061 2843 1200 2880; x_wconf 76' lang='lat' dir='ltr'>transiit</span> <span class='ocrx_word' id='word_1_415' title='bbox 1225 2843 1294 2881; x_wconf 79' lang='lat' dir='ltr'>iste</span> <span class='ocrx_word' id='word_1_416' title='bbox 1323 2856 1399 2880; x_wconf 86' lang='lat' dir='ltr'>mos</span> <span class='ocrx_word' id='word_1_417' title='bbox 1424 2846 1499 2879; x_wconf 75' lang='lat' dir='ltr'>tum</span> 
     </span>
    </p>
   </div>
  </div>
 </body>
</html>
