1909 3228
29 346 95 391 93

537 231 1061 271 EUTERPE.11.
1337 231 1418 271 691

153 427 275 477 μοῖσι
318 420 370 465 οὐ
409 420 525 477 μάλα
563 423 776 477 γίνονται·

273 342 326 385 Οἱ
359 340 404 385 δὲ
435 340 582 397 ἰχθύες
611 343 655 385 οἵ
681 340 898 397 ἀγελαῖοι,
949 341 996 385 ἐν
1021 340 1099 396 μὲν
1136 343 1248 384 τοῖσι
1279 343 1572 384 ποτα-45Ρίεοεε
1597 348 1628 375 fn
1663 348 1748 384 palu-

1472 382 1557 409 dibus
1575 386 1749 416 natos,gre-

1473 416 1565 449 (satim
1602 416 1631 442 in
1668 424 1750 442 mare

1471 449 1616 476 abeuntes
1643 450 1748 483 gigne-

1473 491 1517 516 re,
1536 490 1571 508 ac
1589 482 1749 510 redeuntes

835 421 1098 477 τρεφόμενοι
1147 420 1192 463 δὲ
1234 420 1279 464 ἐν
1319 424 1416 477 τῇσι

124 503 351 558 Ωλίμνῃσι,
385 501 530 544 τοιάδε
560 505 744 544 ποιεῦσι.
797 499 927 544 ἐπεάν
958 513 1092 556 σφεας
1123 499 1213 557 ἐσίῃ
1245 498 1417 553 οἶστρος
1474 517 1749 549 ‹waparerezmul-

1471 550 1608 577 titudinis
1644 582 1651 588 .
1666 550 1749 589 palu-

151 583 430 635 κυΐσκεσθαι,
480 580 690 637 ἀγεληδὸν
720 579 962 624 ἐκπλώουσι
1000 579 1042 630 ἐς
1070 578 1149 634 τήν
1177 577 1417 622 θάλασσαν.
1473 584 1578 610 sumn·
1623 591 1748 616 ΝΟΜ·

1472 625 1550 652 quae
1568 624 1670 645 causa.

152 659 353 716 ἡγέονται
384 661 429 704 δὲ
461 662 503 704 οἵ
531 660 721 715 ἔρσενες,
773 657 1116 714 ἀπορραίνοντες
1146 661 1226 701 τοῦ
1255 660 1417 713 θοροῦ·

153 741 198 783 αἱ
228 740 296 787 δὲ,
346 738 554 796 ἑπόμεναι
584 737 905 790 ἀνακάπτουσι,
956 738 1029 781 καὶ
1071 737 1112 789 ἐξ
1151 735 1291 781 αὐτοῦ
1321 738 1474 780 xvi-50

384 820 394 833 ‚
465 819 473 831 =
554 820 564 833 x
663 818 672 831 ι
832 817 840 831 1
1040 817 1050 831 ‚
1150 820 1167 828 -
1307 815 1316 828 1

124 826 345 862 Βσκονται.
378 835 506 862 επεαν
525 821 570 862 δε
590 824 767 875 πληρεες
795 834 1005 873 γενωνται
1035 833 1083 859 εν
1115 834 1165 873 τῃ
1200 821 1416 873 θαλάσσῃ,

153 896 437 942 ἀναπλώουσι
486 897 623 942 ὀπίσω
669 898 710 949 ἐς
754 898 866 953 ἤθεα
917 897 970 940 τά
1015 895 1191 939 ἑωυτῶν
1231 895 1415 939 ἕκαστοι-

123 976 360 1031 4ἡγέονται
389 977 535 1034 μέντοι
564 994 611 1034 γε
643 976 792 1020 ου’κέτι
821 977 864 1021 οἱ
894 973 1044 1029 αὐτοὶ,
1084 973 1191 1019 ἀλλὰ
1219 981 1305 1018 τῶν
1333 979 1418 1031 θη-

150 1056 261 1098 λέων
296 1058 461 1111 γίνεται
501 1056 527 1114 ἡ
555 1057 776 1114 ἡγεμονίη.

834 1054 1069 1112 ἡγεύμεναι
1107 1055 1153 1098 δὲ
1193 1052 1418 1110 ἀγεληδὸν,

151 1139 321 1179 ποιεῦσι
352 1134 450 1180 οἷόν
479 1153 557 1192 περ
589 1138 763 1181 ἐποίευν
795 1137 838 1180 οἱ
869 1136 1056 1190 ἔρσενες·
1085 1137 1175 1178 τῶν
1205 1133 1288 1190 γὰρ
1319 1131 1419 1176 ὠῶν

155 1213 478 1271 ἀπορραίνουσι
508 1214 602 1260 κατ’
638 1216 812 1273 ὀλίγους
841 1219 929 1259 τῶν
957 1213 1176 1271 κέγχρων,
1210 1214 1253 1257 οἱ
1282 1212 1327 1257 δὲ
1348 1212 1416 1268 ἔρ-
1429 1220 1475 1254 55

294 1450 402 1503 Cap.
427 1450 559 1488 xcm.

152 1532 195 1573 ἐν
227 1531 299 1584 μὲν
326 1537 429 1573 τοῖσι
457 1537 668 1585 ποταμοῖσι
701 1529 751 1574 ου’

95 1586 199 1642 μάλα
223 1590 425 1642 γίνονται]
455 1588 658 1641 ποταμούς
679 1592 712 1629 h.
727 1591 750 1629 l.

93 1652 217 1685 monet
240 1648 414 1686 Reiskius
445 1662 527 1686 esse
556 1648 698 1685 canales
729 1662 750 1687 e

93 1704 180 1743 Nilo
215 1705 355 1741 ductos.
400 1726 447 1732 —
502 1705 562 1743 De
591 1706 749 1756 piscibus

94 1761 269 1797 nonnulla
288 1761 442 1798 diximus
460 1762 508 1799 ad
530 1762 584 1809 ΙΙ,
607 1765 673 1802 77.

153 1812 465 1867 ἀπορραίνοντες
496 1821 569 1856 τοῦ
593 1815 747 1868 θοροῦ]

95 1875 117 1910 i.
143 1886 173 1911 e.
192 1878 393 1922 spargentes
412 1874 550 1924 aliquid
568 1874 748 1925 (partem)

94 1932 233 1966 seminis
253 1930 430 1978 genitalis.

153 1981 546 2036 ἀνακάπτουσι]
592 1980 747 2024 ἀνακά-

97 2056 209 2081 πτειν
239 2047 275 2080 et
294 2039 457 2082 κάπτειν
485 2042 614 2091 (quod
634 2058 749 2080 κατα-

95 2099 228 2137 πίνειν
258 2100 412 2150 explicat
433 2099 662 2147 Hesychius)
692 2102 749 2135 est

95 2155 288 2203 deglutire,
318 2156 503 2202 devorare,
535 2169 563 2191 s.
587 2157 750 2192 utHem-

95 2212 291 2249 sterbusius
323 2213 370 2250 ad
398 2212 629 2262 Aristophan.
654 2212 747 2248 Plut.

93 2281 179 2318 pag.
202 2269 285 2309 314
313 2271 593 2319 interpretatur:
622 2270 747 2318 repeti-

95 2327 142 2360 tis
154 2324 338 2362 identidem
353 2325 647 2375 interpellatisque
659 2338 750 2361 mor-

95 2381 191 2417 sibus
209 2380 366 2430 adpetere
377 2386 409 2418 et
422 2382 612 2418 vellicatim
624 2385 749 2431 carpta

96 2437 282 2473 demittere.
358 2439 493 2475 Glossa
533 2438 749 2475 Herodotea

96 2488 310 2539 κάπτοντες
319 2495 438 2531 reddit
450 2490 747 2544 ἀποδεχόμενοι.

97 2548 159 2585 Tu
178 2550 248 2586 vid.
261 2555 406 2599 praeter
417 2550 588 2588 Valcken.
607 2552 654 2586 ad
676 2550 709 2587 h.
724 2550 747 2587 l.

97 2605 302 2655 interprett.
340 2607 388 2643 ad
405 2607 562 2655 Gregor.
583 2607 746 2643 Corinth.

97 2661 145 2699 de
180 2661 262 2699 dial.
298 2675 382 2712 pag.
413 2665 506 2704 520.
574 2661 634 2698 Ad
672 2676 748 2700 rem

97 2730 268 2768 compara
305 2717 506 2755 Aristotelis
549 2717 666 2754 locum
711 2720 750 2755 in

96 2773 179 2810 hist.
206 2774 347 2811 animal.
382 2775 437 2822 V,
458 2776 482 2816 5
523 2787 559 2823 p.
584 2775 686 2821 836,
704 2773 748 2811 A.

96 2828 128 2865 Β
152 2830 216 2877 (V,
236 2830 261 2871 4
285 2844 321 2879 p.
344 2831 423 2872 185
446 2831 718 2878 ed.Schneid.).

152 2888 232 2925 τῶν
253 2883 328 2939 γὰρ
348 2882 437 2926 ω’ῶν
458 2882 751 2939 ἀπορραίνουσι

819 1416 899 1462 κατ’
949 1418 1109 1474 ὀλίγους
1145 1423 1226 1459 τῶν
1272 1417 1468 1471 κέγχρων]

820 1479 987 1517 Correxit
1025 1479 1163 1515 Comes
1208 1477 1271 1525 (in
1301 1476 1475 1513 Larcheri

819 1536 916 1583 not.)
943 1531 1041 1573 κατά
1066 1531 1181 1585 λόγον
1208 1547 1228 1571 e
1248 1533 1366 1570 verbis
1390 1527 1473 1570 κατ’

819 1588 973 1643 ὀλίγους
994 1592 1152 1640 indeque
1169 1591 1219 1627 sic
1239 1589 1361 1626 vertit:
1381 1590 1474 1639 „qui

818 1653 895 1685 sont
915 1649 956 1685 de
974 1648 1009 1685 la
1028 1661 1191 1696 grosseur
1212 1647 1270 1683 des
1287 1647 1413 1694 grains
1430 1645 1472 1682 de

818 1705 928 1742 millet
937 1707 974 1751 3⁴⁶
994 1704 1299 1754 quemadmodum
1315 1702 1378 1749 ΙΙΙ,
1394 1705 1472 1743 100

819 1758 916 1801 ὅσον
936 1760 1095 1812 κέγχρος
1115 1758 1157 1800 τὸ
1175 1758 1359 1811 μέγαθος.
1382 1758 1474 1795 Pro-

818 1819 917 1855 bavit
936 1820 1139 1855 Creuzerus
1169 1818 1204 1854 in
1229 1817 1395 1864 fragmm.
1418 1815 1474 1851 hi—

819 1879 925 1911 storr.
983 1887 1068 1923 pag.
1111 1875 1164 1914 63
1187 1902 1198 1920 ,
1255 1871 1473 1922 improbavit

818 1930 1203 1979 Schweighaeuserus,
1232 1929 1287 1966 cui
1316 1927 1357 1966 οἱ
1383 1925 1469 1978 κέγ-

815 2002 903 2038 χροι
933 1986 1091 2035 generali
1120 1987 1278 2035 quadam
1303 1983 1469 2021 vocabuli

816 2045 964 2080 notione
988 2056 1106 2091 grana
1138 2042 1206 2079 dici
1234 2041 1402 2077 videntur
1430 2044 1467 2077 et

815 2102 897 2138 τῶν
923 2095 1010 2137 ω’ὠν
1038 2098 1079 2138 οἰ
1105 2097 1259 2150 κέγχροι
1300 2098 1466 2144 (ovorum

815 2157 971 2205 grana),
1011 2156 1091 2205 ipsa
1132 2154 1275 2202 singula
1310 2167 1375 2190 ουιι
1408 2152 1467 2189 vel

817 2213 942 2257 ουιιία,·
982 2211 1183 2249 naturalem
1212 2211 1307 2248 enim
1338 2210 1468 2247 verbo·

815 2282 894 2306 rum
917 2273 1132 2306 structuram
1153 2268 1247 2304 hunc
1263 2267 1300 2303 in
1318 2267 1468 2302 modum

817 2339 897 2364 esse
935 2325 1229 2375 concipiendam:
1273 2318 1468 2373 ἀπορραί-

815 2394 930 2421 νουσι
959 2384 1038 2419 τῶν
1071 2377 1162 2419 ω’ὦν
1188 2375 1270 2418 κατ’
1298 2374 1465 2430 ὀλίγους.

816 2440 921 2483 Quae
940 2438 968 2475 si
985 2441 1083 2475 recte
1101 2436 1266 2487 percepi,
1285 2435 1466 2484 genitivus

817 2497 897 2533 τῶν
917 2490 1006 2533 ὤῶν
1029 2494 1190 2544 pertinet
1213 2493 1261 2528 ad
1284 2494 1362 2530 τῶν
1382 2489 1468 2542 κέγ-

816 2566 940 2602 χρων,
972 2550 1034 2599 qui
1064 2550 1244 2598 genitivus
1269 2548 1348 2599 ipse
1374 2560 1467 2598 pen-

817 2609 880 2645 det
897 2621 919 2645 a
944 2607 1124 2643 locutione
1152 2618 1278 2643 sensus
1296 2605 1468 2641 distribu-

815 2664 897 2700 tivi:
938 2657 1020 2701 κατ’
1059 2657 1230 2713 ὀλίγους.
1305 2661 1364 2699 De
1395 2672 1469 2709 qua

818 2720 900 2770 ipsa
920 2731 1071 2756 monens
1104 2718 1165 2766 (ut
1183 2718 1230 2755 ad
1241 2717 1275 2754 h.
1290 2716 1312 2754 l.
1330 2717 1467 2754 adscri-

818 2776 893 2825 psit
912 2775 942 2813 C
948 2776 997 2824 r.)
1017 2775 1232 2812 Schaeferus
1255 2774 1302 2811 ad
1314 2774 1468 2821 Dionys.

818 2831 1002 2869 Halicarn.
1041 2832 1088 2868 de
1128 2844 1289 2880 compos,
1326 2830 1468 2867 verbor.

817 2900 904 2939 pag.
925 2887 1000 2937 44,
1019 2892 1184 2924 nostrum
1204 2887 1321 2924 iocum
1341 2886 1393 2923 sic
1412 2886 1469 2922 in-

1104 2945 1199 2984 44*
