1909 3228
540 171 962 211 EUTERPE.
1021 173 1066 211 ΙΙ.

1351 178 1436 217 803

178 278 456 334 Σεσώστριος
484 281 704 337 βασιλέος·
750 280 927 336 δεύτερα
960 282 1030 335 δὲ,
1068 282 1139 326 ἐπὶ
1167 286 1249 327 τοῦ
1279 285 1435 329 Αἰθίο-

146 367 262 411 5πος
291 361 362 403 καὶ
392 359 531 415 κάρτα
570 359 730 416 ὑψηλαὶ
769 361 980 416 ἐγένοντο.
1035 361 1256 418 Ὺψηλέων
1287 364 1333 407 δὲ
1361 365 1435 408 καὶ

175 437 336 493 ἑτέρων
377 439 658 495 τασσομένων
701 440 747 482 ἐν
786 444 838 496 τῇ
878 439 1083 498 Αἰγύπτῳ
1123 443 1323 494 πολίων,
1372 441 1434 495 ὥς

174 518 271 574 ἐμοὶ
300 518 463 570 δοκέει,
503 518 687 574 μάλιστα
716 518 794 574 μὲν
823 517 1042 575 Βουβάστι
1071 519 1172 563 πόλι
1201 521 1432 579 ἐξεχώσθη,

174 598 220 641 ἐν
250 605 303 655 τῇ
340 599 413 641 καὶ
444 596 543 651 ἱρόν
581 597 669 641 ἐστι
709 596 982 652 Βουβάστιος
1019 596 1431 656 ἀξιαπηγητότατον.

145 676 288 733 δμέζω
318 678 395 733 μὲν
424 675 506 732 γάρ
538 675 670 728 ἄλλα,
700 677 773 720 καὶ
803 678 1200 733 πολυδαπανώτερα
1231 679 1318 722 ἐστι
1339 678 1486 734 ἱρά-35

170 754 314 813 ἡδονῇ
344 757 390 800 δὲ
419 755 590 799 ἰδέσθαι
619 753 749 798 οὐδὲν
777 755 938 798 τούτου
965 760 1143 811 μᾶλλον.
1173 758 1200 814 ἡ
1232 759 1276 801 δὲ
1308 759 1424 803 Bov'-
1485 767 1562 807 171

169 839 341 893 βαστις,
397 834 508 879 κατὰ
554 832 741 878 Ἑλλάδα
789 838 1020 890 γλῶσσαν,
1083 835 1171 879 ἐστὶ
1216 834 1426 891 Ἄρτεμις.

110 1017 249 1068 πόλιος
261 1019 333 1072 μὲν
346 1018 634 1071 ἐκκεχωσμένης
648 1017 764 1069 ὑψοῦ

111 1093 146 1117 κ.
178 1093 208 1117 τ.
235 1081 266 1117 λ.
305 1091 400 1127 quae
437 1078 485 1116 de
517 1090 648 1126 aggere
678 1076 764 1124 solo,

111 1147 184 1184 quo
203 1135 289 1172 urbs
308 1135 531 1172 circumdata
554 1134 676 1180 fuerit,
698 1134 766 1170 mi-

109 1192 206 1229 nime
226 1191 375 1240 intelligi
397 1194 578 1241 poterunt.
591 1212 645 1217 -—
659 1190 765 1236 „He-

108 1248 261 1285 rodotea
281 1247 432 1284 laudant
447 1259 594 1296 quoque
606 1247 763 1283 editores

108 1304 228 1354 operis
250 1304 421 1353 descript.
449 1304 495 1341 de
514 1303 608 1351 l‘Eg.
641 1302 710 1339 vol.
730 1302 764 1338 II

108 1360 296 1408 (Thebes)
322 1373 408 1409 pag.
435 1361 540 1405 871,
574 1359 635 1395 ubi
665 1372 764 1395 com-

105 1416 265 1467 probant
294 1417 403 1453 certis
432 1414 656 1463 argumentis
682 1414 763 1463 pla-

106 1472 232 1510 nitiem
255 1471 348 1508 circa
369 1470 519 1508 Thebas
549 1483 629 1508 esse
654 1470 762 1506 altio-

106 1541 182 1566 rem
222 1529 355 1565 factam
409 1527 495 1564 limo
549 1526 758 1563 inundantis

106 1585 279 1634 deinceps
301 1583 395 1629 Nili3
433 1583 646 1620 architectos
673 1595 760 1620 vero

103 1640 306 1691 Aegyptios
316 1641 354 1677 id
365 1640 528 1677 studiose
545 1639 760 1676 observasse

106 1710 261 1747 eamque
292 1697 339 1734 ob
366 1709 529 1743 causam,
559 1708 633 1744 quo
653 1695 759 1732 deiu-

106 1767 194 1804 ceps
222 1753 332 1790 etiam
358 1755 527 1789 caverent
546 1751 717 1789 aedificiis
737 1763 760 1788 a

106 1823 145 1847 se
157 1809 359 1855 exstructis,
377 1821 501 1845 eorum
519 1807 760 1844 fundamenta

103 1866 272 1916 posuisse
293 1865 330 1901 in
350 1864 532 1913 suggestis
551 1863 758 1901 elatioribus

103 1926 189 1959 ante
226 1921 428 1958 institutum
462 1933 554 1971 opus
595 1918 759 1957 consulto

104 1977 319 2015 confectis.“
351 1976 414 2014 Cr.

159 2031 228 2073 καὶ
245 2031 387 2085 ἑτέρων
405 2029 753 2083 τασσομένων]

102 2089 191 2128 Non
221 2102 314 2139 opus
352 2090 607 2127 emendatione
633 2099 754 2128 πασ-

104 2159 159 2186 σο
172 2143 359 2197 μένωνς
397 2159 482 2183 nam
510 2141 677 2184 πάσσειν
707 2145 754 2182 de

101 2203 272 2253 inspersis
307 2202 433 2251 utique
471 2202 686 2247 adhibetur3
715 2201 753 2237 in

101 2259 251 2296 urbibus
273 2257 382 2295 altius
406 2258 540 2295 eductis
556 2257 672 2294 nullus
689 2270 752 2294 ve-

102 2328 143 2352 ro
173 2315 248 2352 eius
278 2328 378 2351 usus.
437 2315 550 2358 Quod
573 2314 631 2351 alii
661 2314 752 2351 affe-

102 2375 187 2408 runt
203 2369 438 2422 γενομένων,
450 2372 752 2421 interpretamen-

101 2431 177 2464 tum
201 2427 344 2464 videtur
371 2427 532 2465 lectionis
558 2426 750 2476 genuinae.

101 2482 143 2520 In
165 2482 310 2532 reliquis
337 2483 540 2532 Schweigh.
566 2487 603 2520 et
633 2481 751 2519 Gaisf.

101 2544 242 2577 secutus
262 2552 354 2575 sum.
412 2538 470 2576 De
490 2539 580 2576 urbe
598 2537 753 2575 Bubastz·

101 2595 172 2632 vid.
195 2595 242 2632 ad
261 2594 314 2641 II,
335 2597 388 2634 60
406 2599 500 2633 nott.

155 2648 288 2704 ἡδονῇ
299 2648 340 2689 δὲ
358 2649 516 2689 ἰδέσθαι
528 2645 647 2689 ου’δὲν
660 2644 750 2688 τού-

99 2721 170 2746 του
183 2707 344 2757 μᾶλλον]
358 2704 490 2760 ἡδονῇ
511 2711 548 2744 et
564 2706 643 2743 libri
663 2707 750 2743 scri-

98 2763 153 2814 pti
179 2767 218 2801 et
249 2767 413 2801 vetustae
445 2763 533 2800 edd.
569 2762 748 2808 offerunt3

98 2820 199 2870 quod
226 2819 312 2857 olim
341 2819 477 2870 placuit
506 2818 748 2867 Wesselingio

830 1016 961 1071 ’ἡδονὴ
989 1021 1055 1067 (in
1077 1021 1319 1069 nominatim,
1349 1026 1389 1059 ut
1418 1023 1484 1071 Ill,

835 1079 958 1125 160),
990 1077 1087 1113 haud
1112 1078 1354 1116 necessarium
1381 1080 1484 1117 vide-

832 1137 910 1180 tur,
929 1134 957 1170 si
978 1147 1058 1170 cum
1083 1134 1286 1183 Schweigh.
1307 1136 1483 1174 subintel-

833 1189 947 1238 ligere
964 1190 1064 1226 malis
1085 1188 1217 1244 ἡδονῇ
1234 1189 1392 1231 ἰδέσθαι
1413 1187 1481 1231 ov’-

834 1244 901 1284 δὲν
923 1248 1072 1296 μᾶλλον
1093 1241 1388 1300 οἷξιαπήγητον,
1418 1252 1482 1286 aut

832 1315 912 1339 cum
935 1302 1090 1352 Stegero
1110 1301 1242 1356 ἡδονῇ
1258 1325 1313 1332 -
1332 1307 1481 1354 μᾶλλον

830 1359 993 1408 accipere
1035 1372 1103 1408 pro
1140 1360 1290 1409 μείζονι
1324 1359 1480 1415 ’ἡδονῆς

830 1426 851 1451 a
870 1427 943 1463 quo
963 1419 1086 1451 tamen
1100 1445 1110 1462 ‚
1142 1416 1243 1464 quod
1266 1416 1323 1454 ille
1340 1419 1482 1467 profert

829 1469 886 1517 Il,
911 1472 1009 1511 120:
1053 1465 1156 1522 α’νῆρ
1190 1471 1344 1511 ἐκείνου
1368 1475 1482 1524 μᾶλ-

827 1528 919 1564 λον
957 1523 1061 1573 ε’ὠν,
1104 1528 1143 1563 id
1179 1528 1327 1566 differre
1357 1529 1479 1567 credo.

827 1582 1088 1620 Valckenarius
1101 1588 1227 1620 nostro
1246 1584 1282 1620 in
1298 1584 1377 1622 loco
1393 1598 1481 1623 con-

827 1638 980 1676 iecerat:
1011 1635 1156 1689 ἥδιον
1177 1635 1209 1678 δ’
1229 1639 1388 1680 ἰδέσθαι
1411 1637 1479 1681 ον’-

829 1692 896 1733 δὲν
916 1690 1060 1734 τούτου
1081 1698 1243 1746 μᾶλλον.

883 1748 913 1800 ἦ
931 1748 974 1789 δὲ
991 1748 1237 1803 Βούβαστις,
1270 1749 1369 1790 κατοὶ
1396 1751 1480 1792 Ἑλ-

827 1801 929 1845 λάδα
948 1809 1148 1858 γλῶσσαν,
1177 1806 1257 1847 ἐστὶ
1275 1805 1476 1859 ’Ἀρτεμις]

825 1862 909 1900 Vid.
928 1863 1110 1902 Herodot.
1139 1864 1193 1912 ΙΙ,
1214 1864 1268 1906 56
1297 1869 1334 1902 et
1353 1867 1480 1904 confer

825 1919 1006 1956 Iablonsk.
1035 1920 1166 1958 Panth.
1187 1920 1306 1970 Aegg.
1334 1920 1408 1968 III,
1438 1923 1478 1963 3.

824 1988 922 2013 vocc-
946 1975 1063 2026 Aegg.
1097 1991 1133 2028 p.
1152 1977 1206 2018 53
1229 1990 1304 2026 seq.
1345 1977 1477 2015 Creuz.

824 2032 985 2080 Symbol.
1005 2033 1038 2069 II
1058 2047 1095 2083 p.
1118 2035 1196 2073 168
1214 2046 1316 2083 seqq.
1345 2033 1409 2080 IV,
1425 2036 1476 2075 11

824 2101 900 2137 seq.
953 2088 1045 2126 Erat
1075 2093 1196 2126 autem
1215 2088 1387 2125 Bubastis
1406 2103 1475 2126 nu-

822 2157 905 2182 men
934 2144 1060 2182 Lunae
1078 2158 1188 2183 novae
1213 2145 1267 2182 vel
1292 2158 1473 2182 renascen-

820 2202 889 2246 tis,
920 2200 998 2238 Dea
1022 2200 1140 2239 Luna.
1206 2202 1292 2246 Quo
1318 2201 1375 2239 vel
1406 2214 1474 2238 no-

820 2270 904 2294 men
935 2258 1034 2295 ducit
1054 2287 1065 2305 ‚
1104 2258 1236 2307 quod,
1278 2258 1475 2308 interprete
1532 2257 1538 2260 ’

821 2313 1028 2351 Iablonskio
1049 2343 1060 2361 ‚
1094 2314 1118 2351 l.
1156 2313 1179 2350 l.
1217 2313 1337 2351 valet:
1386 2327 1474 2363 quae

819 2370 954 2408 vultum
985 2370 1099 2407 nudat
1128 2369 1184 2407 vel
1212 2372 1357 2418 retegit,
1387 2374 1471 2407 aut:

811 2425 946 2476 faciem
957 2426 1194 2476 multiplicans
1200 2440 1213 2471 ;
1225 2427 1324 2475 quod
1334 2430 1469 2463 utrum-

818 2495 889 2531 que
921 2484 967 2520 de
994 2482 1100 2519 Luna
1136 2483 1229 2519 bene
1258 2483 1329 2518 dici
1359 2495 1470 2531 posse

818 2551 923 2575 nemo
959 2551 1031 2575 non
1073 2539 1182 2575 videt.
1239 2538 1468 2575 Herodotum

817 2598 936 2631 autem
956 2595 1043 2631 satis
1062 2598 1162 2644 patet
1179 2607 1272 2642 quae
1285 2594 1376 2630 ratio
1390 2607 1470 2630 mo-

815 2650 931 2696 verit,
979 2656 1018 2686 ut
1060 2650 1236 2686 Bubastia
1273 2649 1468 2700 explicaret

815 2704 981 2743 Dianam.
1038 2706 1171 2755 Neque
1207 2705 1275 2742 hoc
1305 2710 1468 2755 praeter-

815 2762 1050 2809 mittendum,
1072 2762 1268 2808 Bubastia,
1287 2775 1382 2810 quae
1402 2761 1466 2799 Isi-

815 2818 870 2855 dis
902 2818 974 2856 filia
1007 2818 1116 2867 vulgo
1145 2818 1356 2868 perhibetur
1378 2846 1390 2864 ‚
1430 2823 1468 2856 et

1153 2875 1249 2913 51*
