1909 3228
417 228 502 268 616
809 221 1279 262 HERODOTI

391 335 598 380 Ξέδόκεον
623 331 669 376 δέ
689 341 770 388 σφι
799 329 959 387 ὁμοίως
989 329 1131 384 ὄρνισι
1160 331 1440 388 φθέγγεσθαι.
1490 330 1594 386 μετα
1627 330 1674 374 δὲ

419 412 577 470 χρόνον
603 411 682 467 τήν
719 408 925 454 πελειάδα
954 407 1213 466 οἷνθρωπηΐῃ
1245 414 1374 465 φωνῇ
1404 406 1729 462 αὐδάξασθαιΊό

419 490 611 546 λέγουσι,
643 488 732 532 ἐπεί
761 505 804 532 τε
835 487 991 532 συνετά
1022 499 1101 543 σφι
1129 488 1244 544 ηὔδα
1273 487 1300 544 ἡ
1329 484 1466 543 γυνή·

1521 488 1600 539 ἕως
1630 487 1676 532 δὲ

419 567 695 626 ἐβαρβάριζε,
727 565 910 622 ὄρνιθος
938 565 1104 621 τρόπον
1128 565 1267 610 ἐδόκεέ
1291 579 1370 622 σφι
1392 565 1674 621 φθέγγεσθαι.

391 648 514 691 Sinai.
553 645 632 704 τέῳ
674 646 821 704 τρόπῳ
863 645 919 690 ἄν
959 645 1129 696 πελειάς
1163 661 1211 701 γε
1258 643 1516 700 ἀνθρωπηΐῃ
1551 648 1679 700 φωνῇ

421 726 680 782 φθέγξαιτο;
722 725 930 781 μέλαιναν
960 725 1005 768 δὲ
1034 724 1228 780 λέγοντες
1261 721 1372 767 εἶναι
1401 723 1479 778 τὴν
1509 721 1679 766 πελειά-
1736 751 1738 754 >

393 807 500 857 4δα,
548 807 808 862 σημαίνουσι
855 805 922 849 ὅτι
962 805 1174 860 Αἰγυπτίη
1215 802 1241 859 ἡ
1279 801 1389 859 γυνή
1428 797 1493 857 ἦν,

1547 799 1606 843 Ἡ
1637 800 1682 844 δὲ
1693 809 1737 843 80

422 886 606 940 μαντηΐη
643 883 670 940 ἤ
709 901 753 928 τε
798 884 844 928 ἐν
885 883 1054 941 Θήβῃσι
1095 888 1192 940 τῇσι
1232 882 1492 938 Αἰγυπτίῃσι
1531 881 1604 924 καὶ
1633 881 1681 923 ἐν

422 961 645 1021 Δωδώνῃ,
674 961 970 1019 παραπλήσιαι
996 963 1203 1019 ἀλλήλῃσι
1223 960 1485 1017 τυγχάνουσι
1515 958 1680 1002 ἐοῦσαι.

409 1040 529 1085 ’Ἐστι
567 1042 613 1085 δὲ
650 1042 724 1086 καὶ
762 1046 851 1086 τῶν
898 1044 1006 1099 ἱρῶν
1043 1040 1070 1099 ἡ
1110 1039 1295 1098 μαντικὴ
1333 1036 1409 1083 ἀπ’
1452 1037 1680 1094 Αἰγύπτου

425 1119 648 1177 ἀπιγμένη.

370 1350 466 1389 Iovis
482 1351 614 1388 arbore
651 1351 782 1388 sedens
809 1351 932 1389 futura
960 1363 1020 1388 ca-

370 1411 495 1455 neret,
524 1407 668 1456 qualem
686 1408 724 1443 in
747 1408 865 1445 numis
891 1407 1023 1444 hodie-

371 1477 445 1512 que
468 1465 616 1501 servatis
636 1476 763 1500 revera
773 1464 1021 1514 conspicimus.

372 1518 589 1556 Habebam·
606 1519 666 1555 illa
683 1520 778 1556 vitae
796 1519 913 1557 vitalis
934 1532 1023 1567 qua-

375 1575 405 1612 si
432 1575 631 1622 symbolum
664 1578 700 1612 et
727 1575 888 1612 alimenti
916 1575 1021 1624 primi

371 1631 549 1667 indicium.
606 1629 718 1680 Apud
737 1630 935 1681 Aegyptios
960 1644 1024 1667 au-

372 1690 469 1732 tem,
501 1690 597 1724 teste
621 1687 858 1736 Horapolline
882 1687 936 1734 II,
954 1687 1022 1733 32,

373 1742 539 1779 columba
567 1746 646 1778 atra
673 1739 869 1791 (πελειάς)
898 1743 1024 1779 vidua-

374 1811 452 1835 rum
473 1799 541 1834 suit
562 1799 703 1846 signum
726 1800 801 1836 sive
827 1812 949 1836 earum
970 1800 1025 1835 fe-

374 1854 549 1890 minarum
562 1882 573 1900 ‚
589 1866 701 1902 quae,
721 1855 849 1891 marito
867 1858 1026 1900 mortuo,

374 1909 473 1947 haud
509 1910 661 1947 alterum
691 1910 804 1948 iniere
839 1911 1027 1947 matrimo-

375 1966 472 2002 nium
493 1978 595 2002 m01e
615 1965 878 2016 Aegyptiorum
908 1979 1028 2004 sacer-

376 2021 509 2069 dotali,
538 2022 604 2059 sed
626 2024 736 2059 sactis
759 2036 802 2059 ac
831 2024 938 2060 rebus
972 2024 1029 2059 di-

376 2077 469 2114 vinis
495 2090 533 2115 se
552 2078 660 2127 plane
681 2079 855 2116 dicarunt.
887 2079 1026 2122 Quibus

378 2134 467 2171 haec
486 2134 589 2170 addit
612 2133 700 2171 Cr.:
732 2134 904 2184 „Anglus
919 2136 1027 2172 homo

379 2190 507 2226 doctus
521 2190 603 2238 (the
611 2190 749 2240 history
759 2193 801 2228 of
805 2193 865 2229 the
874 2191 1028 2240 English

377 2250 509 2298 poetry
530 2275 540 2293 ‚
585 2245 707 2284 Lond.
740 2248 871 2295 1824,
911 2249 1028 2298 praef.

378 2315 464 2353 pag.
487 2302 586 2351 101)
617 2304 821 2341 universam
848 2304 1030 2342 Herodoti

379 2359 623 2396 narrationem
669 2361 755 2398 inde
793 2365 911 2398 ortam
949 2374 1030 2398 esse

381 2418 525 2462 censet,
567 2416 668 2464 quod
705 2429 814 2454 aurea
853 2417 1029 2464 columba,

380 2470 518 2508 Diones
564 2472 764 2519 symbolum
787 2502 797 2521 ,
838 2487 858 2511 e
900 2485 1032 2522 quercu

381 2525 587 2563 Dodonaea
608 2541 787 2578 suspensa
814 2530 934 2567 suerit.
974 2528 1033 2565 Ad

384 2581 592 2619 Philostrati
623 2584 761 2632 locum,
809 2599 918 2635 quem
946 2586 1035 2621 citat

384 2637 524 2686 Imagg.
559 2638 611 2686 ll,
641 2641 716 2688 33,
745 2646 786 2677 tu
815 2642 950 2679 adhibe
976 2641 1034 2677 Ia·-

386 2693 483 2729 cobs.
502 2695 761 2734 animadverss.
783 2712 820 2749 p.
833 2698 912 2739 567
926 2697 1034 2746 sqq.“

387 2747 605 2798 Disputasse
635 2753 682 2789 de
719 2753 774 2790 his
811 2767 956 2803 quoque
983 2753 1036 2790 vi-

388 2803 459 2839 deo
482 2803 593 2842 Fred
620 2807 773 2846 Cordes.
804 2812 841 2847 in
871 2811 926 2847 dis
913 2814 1037 2860 puta-

389 2858 489 2895 tione
535 2861 581 2898 de
632 2865 775 2901 oraculo
831 2865 1036 2904 Dodonaeo

1088 1351 1296 1400 (Groning.
1322 1349 1458 1396 1826)
1488 1360 1568 1397 cap.
1594 1346 1611 1384 I
1652 1344 1689 1398 §.
1715 1346 1743 1388 4

1091 1420 1196 1455 seqq.
1253 1407 1335 1444 Alia
1356 1404 1508 1455 protulit
1532 1404 1633 1441 huius
1662 1404 1742 1440 libri

1088 1477 1218 1500 censor
1248 1464 1283 1499 in
1314 1461 1476 1497 biblioth.
1505 1461 1624 1496 critica
1651 1459 1743 1497 See-

1089 1519 1190 1556 bodii
1214 1520 1319 1560 1829
1342 1530 1393 1553 nr.
1417 1518 1470 1557 50
1500 1529 1583 1565 pag.
1607 1517 1698 1556 198.

1148 1573 1296 1625 ὁμοίως
1319 1570 1445 1623 όρνισι
1474 1569 1740 1623 φθέγγεσθαι]

1092 1646 1241 1681 ομοιως
1268 1643 1348 1667 cum
1379 1630 1496 1665 Guisf.
1526 1628 1645 1678 recepi
1676 1640 1743 1678 pro

1091 1688 1186 1736 vulg.
1216 1685 1334 1736 ομοῑα
1367 1686 1441 1722 sixe
1468 1680 1606 1734 (Suom,
1644 1689 1681 1721 et
1708 1683 1745 1719 in

1094 1757 1197 1792 seqq.
1224 1755 1315 1781 συνε
1319 1757 1364 1779 τα
1397 1753 1467 1788 σφι
1513 1713 1606 1788 (ubi
1635 1739 1746 1788 vulgo

1093 1798 1276 1836 articulum
1294 1801 1526 1847 praeponunt
1547 1792 1614 1845 τά)
1637 1801 1747 1845 atque

1092 1852 1257 1907 ὄρνιθος
1277 1848 1427 1904 τρόπον
1447 1848 1580 1891 ἐδόκεέ
1598 1865 1670 1900 σφι
1691 1853 1748 1888 in-

1094 1925 1199 1949 verso
1209 1911 1401 1948 verborum
1411 1910 1546 1946 ordine.
1556 1908 1748 1956 —„Con-

1095 1968 1169 2005 iicit
1200 1968 1282 2004 hinc
1306 1966 1442 2003 Mahne
1474 1965 1664 2013 (Darstell.
1683 1965 1748 2003 der

1095 2023 1358 2073 Lexicogruph.
1384 2022 1395 2058 l
1422 2020 1554 2072 §.204
1583 2036 1619 2072 p.
1644 2021 1747 2070 404)

1096 2080 1182 2117 nihil
1223 2079 1460 2116 similitudinis
1501 2078 1748 2115 intercessisse

1094 2137 1188 2174 inter
1207 2136 1324 2172 Theb
1318 2135 1430 2171 iicam
1447 2134 1605 2181 linguam
1622 2133 1746 2182 Aegy-

1095 2194 1152 2244 pti
1174 2196 1210 2229 et
1232 2192 1360 2228 Graec·
1361 2204 1422 2227 lm.
1426 2192 1449 2210 “
1482 2190 1544 2227 Cr.

1154 2247 1232 2286 ἐστι
1250 2245 1292 2286 δὲ
1311 2261 1378 2284 και
1398 2261 1478 2284 των
1499 2245 1596 2297 ἱρῶν
1607 2261 1658 2296 η
1654 2260 1749 2284 ωαν-

1096 2319 1184 2353 τικη
1207 2298 1282 2342 ἄπ’
1305 2299 1509 2353 Αἰγύπτου
1515 2279 1745 2352 α’πιγμιὲνη]

1098 2361 1209 2404 Quod
1237 2358 1481 2407 lVesseliugio
1511 2359 1652 2396 videtur
1667 2372 1750 2396 των

1100 2416 1200 2468 ἱρῶν
1221 2415 1248 2466 ἦ
1273 2412 1441 2466 μαντική
1467 2428 1549 2453 esse
1576 2414 1750 2452 ‹Iz'vt'natio

1098 2476 1135 2511 in
1157 2472 1312 2522 templis,
1343 2485 1435 2520 quae
1457 2477 1493 2509 et
1509 2472 1691 2521 responsis
1714 2474 1751 2509 et

1100 2530 1213 2578 signis
1242 2528 1517 2575 absolvebatur,
1546 2527 1751 2577 obloquitur

1099 2585 1483 2634 Schweighaeuserus‚
1511 2597 1592 2621 cum
1615 2582 1661 2622 τοὶ
1683 2579 1750 2633 ἱροὶ

1101 2642 1408 2691 quemadmodum
1435 2640 1524 2678 alias
1562 2636 1609 2678 τὰ
1638 2636 1751 2690 ἴρήϊα

1102 2699 1149 2735 de
1177 2699 1351 2744 victimis,
1392 2709 1486 2746 quae
1511 2696 1752 2743 immolantur,

1102 2755 1216 2804 accipi
1248 2755 1415 2791 debcant.
1472 2753 1601 2802 Itaque
1621 2752 1751 2790 intelli-

1104 2811 1226 2858 genda
1244 2811 1310 2848 erit
1328 2810 1501 2847 divinatio
1514 2822 1531 2846 e
1548 2811 1701 2846 victimis
1722 2821 1750 2845 ε.

1105 2866 1330 2917 haruspicina
1340 2895 1352 2915 ‚
1371 2878 1479 2915 quam
1490 2866 1627 2917 pariter
1641 2869 1750 2913 atque
