<?xml version="1.0" encoding="UTF-8"?>
<!DOCTYPE html PUBLIC "-//W3C//DTD XHTML 1.0 Transitional//EN"
    "http://www.w3.org/TR/xhtml1/DTD/xhtml1-transitional.dtd">
<html xmlns="http://www.w3.org/1999/xhtml" xml:lang="en" lang="en">
 <head>
  <title>
</title>
<meta http-equiv="Content-Type" content="text/html;charset=utf-8" />
  <meta name='ocr-system' content='tesseract 3.04.00' />
  <meta name='ocr-capabilities' content='ocr_page ocr_carea ocr_par ocr_line ocrx_word'/>
</head>
<body>
  <div class='ocr_page' id='page_1' title='image "./musaeherodoto01hero/musaeherodoto01hero_0471.png"; bbox 0 0 1909 3228; ppageno 0'>
   <div class='ocr_carea' id='block_1_1' title="bbox 685 232 1465 276">
    <p class='ocr_par' dir='ltr' id='par_1_1' title="bbox 685 232 1465 276">
     <span class='ocr_line' id='line_1_1' title="bbox 685 232 1465 276; baseline 0.004 -3"><span class='ocrx_word' id='word_1_1' title='bbox 685 232 985 273; x_wconf 86' lang='lat' dir='ltr'>cL10.1.</span> <span class='ocrx_word' id='word_1_2' title='bbox 1379 233 1465 276; x_wconf 71' lang='lat'>457</span> 
     </span>
    </p>
   </div>
   <div class='ocr_carea' id='block_1_2' title="bbox 173 340 1575 1034">
    <p class='ocr_par' dir='ltr' id='par_1_2' title="bbox 174 340 1519 638">
     <span class='ocr_line' id='line_1_2' title="bbox 203 340 1519 401; baseline -0.002 -12"><span class='ocrx_word' id='word_1_3' title='bbox 203 342 494 401; x_wconf 81' lang='grc' dir='ltr'><strong><em>ὑψηλότατον.</em></strong></span> <span class='ocrx_word' id='word_1_4' title='bbox 552 342 682 387; x_wconf 75' lang='grc' dir='ltr'><strong><em>ἔθνεα</em></strong></span> <span class='ocrx_word' id='word_1_5' title='bbox 711 343 758 388; x_wconf 80' lang='grc' dir='ltr'>δὲ</span> <span class='ocrx_word' id='word_1_6' title='bbox 789 340 1037 400; x_wconf 76' lang='grc' dir='ltr'><strong><em>ἀνθρώπων</em></strong></span> <span class='ocrx_word' id='word_1_7' title='bbox 1065 342 1203 387; x_wconf 84' lang='grc' dir='ltr'><strong><em>πολλοὶ</em></strong></span> <span class='ocrx_word' id='word_1_8' title='bbox 1240 341 1314 386; x_wconf 76' lang='grc' dir='ltr'><strong><em>καὶ</em></strong></span> <span class='ocrx_word' id='word_1_9' title='bbox 1350 357 1461 386; x_wconf 85' lang='grc' dir='ltr'><strong><em>παν-</em></strong></span> <span class='ocrx_word' id='word_1_10' title='bbox 1473 350 1519 386; x_wconf 85' lang='grc'>95</span> 
     </span>
     <span class='ocr_line' id='line_1_3' title="bbox 202 420 1463 482; baseline -0.001 -16"><span class='ocrx_word' id='word_1_11' title='bbox 202 428 301 467; x_wconf 86' lang='grc' dir='ltr'><strong><em>τοῖα</em></strong></span> <span class='ocrx_word' id='word_1_12' title='bbox 330 422 378 467; x_wconf 89' lang='grc' dir='ltr'>ἐν</span> <span class='ocrx_word' id='word_1_13' title='bbox 407 423 556 482; x_wconf 79' lang='grc' dir='ltr'><strong><em>ἑωυτῷ</em></strong></span> <span class='ocrx_word' id='word_1_14' title='bbox 595 424 678 479; x_wconf 77' lang='grc' dir='ltr'><strong><em>ἔχει</em></strong></span> <span class='ocrx_word' id='word_1_15' title='bbox 708 420 731 466; x_wconf 89' lang='grc' dir='ltr'>ὁ</span> <span class='ocrx_word' id='word_1_16' title='bbox 764 421 1022 474; x_wconf 79' lang='grc' dir='ltr'><strong><em>Καύκασος·</em></strong></span> <span class='ocrx_word' id='word_1_17' title='bbox 1074 421 1127 466; x_wconf 77' lang='grc' dir='ltr'><strong><em>τὰ</em></strong></span> <span class='ocrx_word' id='word_1_18' title='bbox 1152 421 1291 465; x_wconf 76' lang='grc' dir='ltr'><strong><em>πολλοὶ</em></strong></span> <span class='ocrx_word' id='word_1_19' title='bbox 1319 420 1463 465; x_wconf 78' lang='grc' dir='ltr'><strong><em>πάντα</em></strong></span> 
     </span>
     <span class='ocr_line' id='line_1_4' title="bbox 174 499 1463 559; baseline 0.002 -16"><span class='ocrx_word' id='word_1_20' title='bbox 174 499 290 544; x_wconf 79' lang='grc' dir='ltr'><strong><em>3οἷπ’</em></strong></span> <span class='ocrx_word' id='word_1_21' title='bbox 321 500 427 558; x_wconf 77' lang='grc' dir='ltr'><strong><em>ὕλης</em></strong></span> <span class='ocrx_word' id='word_1_22' title='bbox 453 500 603 559; x_wconf 80' lang='grc' dir='ltr'><strong><em>οἷγριής</em></strong></span> <span class='ocrx_word' id='word_1_23' title='bbox 633 501 808 556; x_wconf 71' lang='grc' dir='ltr'><strong><em>ζώοντα.</em></strong></span> <span class='ocrx_word' id='word_1_24' title='bbox 837 502 884 546; x_wconf 87' lang='grc' dir='ltr'>ἐν</span> <span class='ocrx_word' id='word_1_25' title='bbox 900 506 1013 545; x_wconf 85' lang='grc' dir='ltr'><strong><em>τοῖσι</em></strong></span> <span class='ocrx_word' id='word_1_26' title='bbox 1029 502 1100 546; x_wconf 81' lang='grc' dir='ltr'><strong><em>καὶ</em></strong></span> <span class='ocrx_word' id='word_1_27' title='bbox 1121 499 1301 558; x_wconf 82' lang='grc' dir='ltr'><strong><em>δένδρεα</em></strong></span> <span class='ocrx_word' id='word_1_28' title='bbox 1316 500 1463 558; x_wconf 84' lang='grc' dir='ltr'><strong><em>φύλλα</em></strong></span> 
     </span>
     <span class='ocr_line' id='line_1_5' title="bbox 201 579 1464 638; baseline 0 -14"><span class='ocrx_word' id='word_1_29' title='bbox 201 582 374 637; x_wconf 82' lang='grc' dir='ltr'><em>τοιῆσδε</em></span> <span class='ocrx_word' id='word_1_30' title='bbox 403 580 517 638; x_wconf 79' lang='grc' dir='ltr'><strong><em>ἰδέης</em></strong></span> <span class='ocrx_word' id='word_1_31' title='bbox 546 580 817 638; x_wconf 82' lang='grc' dir='ltr'><strong><em>παρεχόμενα</em></strong></span> <span class='ocrx_word' id='word_1_32' title='bbox 847 579 958 624; x_wconf 79' lang='grc' dir='ltr'><strong><em>εἶναι</em></strong></span> <span class='ocrx_word' id='word_1_33' title='bbox 985 581 1166 637; x_wconf 79' lang='grc' dir='ltr'><strong><em>λέγεται,</em></strong></span> <span class='ocrx_word' id='word_1_34' title='bbox 1204 579 1258 624; x_wconf 73' lang='grc' dir='ltr'><strong><em>τοὶ</em></strong></span> <span class='ocrx_word' id='word_1_35' title='bbox 1286 582 1464 637; x_wconf 88' lang='grc' dir='ltr'><strong><em>τρίβον-</em></strong></span> 
     </span>
    </p>

    <p class='ocr_par' dir='ltr' id='par_1_3' title="bbox 173 658 1575 1034">
     <span class='ocr_line' id='line_1_6' title="bbox 201 658 1466 716; baseline 0.002 -14"><span class='ocrx_word' id='word_1_36' title='bbox 201 658 278 712; x_wconf 82' lang='grc' dir='ltr'><strong><em>τάς</em></strong></span> <span class='ocrx_word' id='word_1_37' title='bbox 303 675 348 704; x_wconf 89' lang='grc' dir='ltr'><strong><em>τε</em></strong></span> <span class='ocrx_word' id='word_1_38' title='bbox 383 660 458 704; x_wconf 82' lang='grc' dir='ltr'><strong><em>καὶ</em></strong></span> <span class='ocrx_word' id='word_1_39' title='bbox 492 662 845 716; x_wconf 79' lang='grc' dir='ltr'><strong><em>παραμίσγοντας</em></strong></span> <span class='ocrx_word' id='word_1_40' title='bbox 881 659 1028 714; x_wconf 83' lang='grc' dir='ltr'><strong><em>ὕδωρ,</em></strong></span> <span class='ocrx_word' id='word_1_41' title='bbox 1076 663 1162 713; x_wconf 78' lang='grc' dir='ltr'><strong><em>ζῶα</em></strong></span> <span class='ocrx_word' id='word_1_42' title='bbox 1192 659 1391 704; x_wconf 77' lang='grc' dir='ltr'><strong><em>ἑωυτοῖσι</em></strong></span> <span class='ocrx_word' id='word_1_43' title='bbox 1421 661 1466 712; x_wconf 79' lang='grc' dir='ltr'>ἐς</span> 
     </span>
     <span class='ocr_line' id='line_1_7' title="bbox 202 738 1490 796; baseline -0.001 -14"><span class='ocrx_word' id='word_1_44' title='bbox 202 738 286 794; x_wconf 80' lang='grc' dir='ltr'><strong><em>τὴν</em></strong></span> <span class='ocrx_word' id='word_1_45' title='bbox 326 738 488 795; x_wconf 78' lang='grc' dir='ltr'><strong><em>ἐσθῆτα</em></strong></span> <span class='ocrx_word' id='word_1_46' title='bbox 522 738 775 796; x_wconf 81' lang='grc' dir='ltr'><strong><em>ἐγγράφειν·</em></strong></span> <span class='ocrx_word' id='word_1_47' title='bbox 833 738 888 782; x_wconf 76' lang='grc' dir='ltr'><strong><em>τὰ</em></strong></span> <span class='ocrx_word' id='word_1_48' title='bbox 929 740 974 782; x_wconf 78' lang='grc' dir='ltr'>δὲ</span> <span class='ocrx_word' id='word_1_49' title='bbox 1013 742 1101 792; x_wconf 76' lang='grc' dir='ltr'><strong><em>ζῶα</em></strong></span> <span class='ocrx_word' id='word_1_50' title='bbox 1138 738 1221 783; x_wconf 73' lang='grc' dir='ltr'>οὐκ</span> <span class='ocrx_word' id='word_1_51' title='bbox 1255 739 1490 784; x_wconf 83' lang='grc' dir='ltr'><strong><em>ἐκπλύνε-1</em></strong></span> 
     </span>
     <span class='ocr_line' id='line_1_8' title="bbox 202 817 1464 877; baseline 0.001 -15"><span class='ocrx_word' id='word_1_52' title='bbox 202 823 333 870; x_wconf 82' lang='grc' dir='ltr'><strong><em>σθαι,</em></strong></span> <span class='ocrx_word' id='word_1_53' title='bbox 373 817 483 862; x_wconf 72' lang='grc' dir='ltr'>ἀλλὰ</span> <span class='ocrx_word' id='word_1_54' title='bbox 514 817 937 875; x_wconf 77' lang='grc' dir='ltr'><strong><em>συγκαταγηράσκειν</em></strong></span> <span class='ocrx_word' id='word_1_55' title='bbox 965 822 1025 874; x_wconf 81' lang='grc' dir='ltr'><strong><em>τῷ</em></strong></span> <span class='ocrx_word' id='word_1_56' title='bbox 1054 817 1168 876; x_wconf 73' lang='grc' dir='ltr'><em>ἄλλῳ</em></span> <span class='ocrx_word' id='word_1_57' title='bbox 1199 819 1340 877; x_wconf 82' lang='grc' dir='ltr'><strong><em>εἰρίῳ,</em></strong></span> <span class='ocrx_word' id='word_1_58' title='bbox 1384 836 1464 863; x_wconf 81' lang='grc' dir='ltr'><strong><em>κα-</em></strong></span> 
     </span>
     <span class='ocr_line' id='line_1_9' title="bbox 173 895 1465 954; baseline 0.003 -16"><span class='ocrx_word' id='word_1_59' title='bbox 173 895 340 949; x_wconf 80' lang='grc' dir='ltr'><strong><em>4τάπερ</em></strong></span> <span class='ocrx_word' id='word_1_60' title='bbox 382 897 687 954; x_wconf 76' lang='grc' dir='ltr'><strong><em>ἐνυφανθέντα</em></strong></span> <span class='ocrx_word' id='word_1_61' title='bbox 728 896 877 954; x_wconf 74' lang='grc' dir='ltr'><strong><em>ἀρχήν.</em></strong></span> <span class='ocrx_word' id='word_1_62' title='bbox 934 899 1050 954; x_wconf 79' lang='grc' dir='ltr'><strong><em>μίξιν</em></strong></span> <span class='ocrx_word' id='word_1_63' title='bbox 1086 898 1131 941; x_wconf 80' lang='grc' dir='ltr'>δὲ</span> <span class='ocrx_word' id='word_1_64' title='bbox 1175 897 1347 941; x_wconf 86' lang='grc' dir='ltr'><strong><em>τούτων</em></strong></span> <span class='ocrx_word' id='word_1_65' title='bbox 1374 902 1465 942; x_wconf 78' lang='grc' dir='ltr'><strong><em>τῶν</em></strong></span> 
     </span>
     <span class='ocr_line' id='line_1_10' title="bbox 201 973 1575 1034; baseline 0.001 -16"><span class='ocrx_word' id='word_1_66' title='bbox 201 973 453 1032; x_wconf 75' lang='grc' dir='ltr'><strong><em>ἀνθρώπων</em></strong></span> <span class='ocrx_word' id='word_1_67' title='bbox 493 975 604 1021; x_wconf 84' lang='grc' dir='ltr'><strong><em>εἶναι</em></strong></span> <span class='ocrx_word' id='word_1_68' title='bbox 641 977 861 1033; x_wconf 83' lang='grc' dir='ltr'><strong><em>ἐμφανέα,</em></strong></span> <span class='ocrx_word' id='word_1_69' title='bbox 919 976 1111 1034; x_wconf 74' lang='grc' dir='ltr'><strong><em>κατάπερ</em></strong></span> <span class='ocrx_word' id='word_1_70' title='bbox 1151 982 1263 1021; x_wconf 86' lang='grc' dir='ltr'><strong><em>τοῖσι</em></strong></span> <span class='ocrx_word' id='word_1_71' title='bbox 1297 976 1464 1034; x_wconf 75' lang='grc' dir='ltr'><strong><em>προβά-</em></strong></span> <span class='ocrx_word' id='word_1_72' title='bbox 1520 987 1575 1028; x_wconf 88' lang='lat'>97</span> 
     </span>
    </p>
   </div>
   <div class='ocr_carea' id='block_1_3' title="bbox 78 1055 331 1102">
    <p class='ocr_par' dir='ltr' id='par_1_4' title="bbox 78 1055 331 1102">
     <span class='ocr_line' id='line_1_11' title="bbox 78 1055 331 1102; baseline -0.008 -2"><span class='ocrx_word' id='word_1_73' title='bbox 78 1055 178 1102; x_wconf 67' lang='lat'>204</span> <span class='ocrx_word' id='word_1_74' title='bbox 201 1066 331 1099; x_wconf 89' lang='grc' dir='ltr'><strong><em>τοισι.</em></strong></span> 
     </span>
    </p>
   </div>
   <div class='ocr_carea' id='block_1_4' title="bbox 1516 1060 1795 1190">
    <p class='ocr_par' dir='ltr' id='par_1_5' title="bbox 1516 1060 1795 1190">
     <span class='ocr_line' id='line_1_12' title="bbox 1516 1060 1760 1096; baseline 0.004 -9"><span class='ocrx_word' id='word_1_75' title='bbox 1516 1060 1760 1096; x_wconf 73' lang='lat' dir='ltr'>Massagetarum</span> 
     </span>
     <span class='ocr_line' id='line_1_13' title="bbox 1516 1093 1794 1129; baseline 0.007 -10"><span class='ocrx_word' id='word_1_76' title='bbox 1516 1093 1609 1121; x_wconf 75' lang='lat' dir='ltr'>situs:</span> <span class='ocrx_word' id='word_1_77' title='bbox 1628 1102 1681 1121; x_wconf 83' lang='lat' dir='ltr'>cur</span> <span class='ocrx_word' id='word_1_78' title='bbox 1697 1094 1794 1129; x_wconf 73' lang='lat' dir='ltr'>cyrus</span> 
     </span>
     <span class='ocr_line' id='line_1_14' title="bbox 1517 1128 1795 1190; baseline 0.004 -36"><span class='ocrx_word' id='word_1_79' title='bbox 1517 1136 1570 1190; x_wconf 52' lang='grc' dir='ltr'>εἰοῑε</span> <span class='ocrx_word' id='word_1_80' title='bbox 1597 1128 1675 1156; x_wconf 71' lang='lat' dir='ltr'>bellu</span> <span class='ocrx_word' id='word_1_81' title='bbox 1701 1129 1795 1164; x_wconf 76' lang='lat' dir='ltr'>petie-</span> 
     </span>
    </p>
   </div>
   <div class='ocr_carea' id='block_1_5' title="bbox 395 1055 1462 1114">
    <p class='ocr_par' dir='ltr' id='par_1_6' title="bbox 395 1055 1462 1114">
     <span class='ocr_line' id='line_1_15' title="bbox 395 1055 1462 1114; baseline 0.002 -15"><span class='ocrx_word' id='word_1_82' title='bbox 395 1055 459 1100; x_wconf 76' lang='grc' dir='ltr'>Τὰ</span> <span class='ocrx_word' id='word_1_83' title='bbox 501 1057 580 1114; x_wconf 75' lang='grc' dir='ltr'>μὲν</span> <span class='ocrx_word' id='word_1_84' title='bbox 627 1057 681 1114; x_wconf 80' lang='grc' dir='ltr'>δὴ</span> <span class='ocrx_word' id='word_1_85' title='bbox 731 1056 844 1113; x_wconf 81' lang='grc' dir='ltr'><strong><em>πρός</em></strong></span> <span class='ocrx_word' id='word_1_86' title='bbox 888 1055 1072 1113; x_wconf 79' lang='grc' dir='ltr'><strong><em>ἑσπέρην</em></strong></span> <span class='ocrx_word' id='word_1_87' title='bbox 1119 1060 1196 1113; x_wconf 82' lang='grc' dir='ltr'><strong><em>τῆς</em></strong></span> <span class='ocrx_word' id='word_1_88' title='bbox 1240 1057 1462 1114; x_wconf 78' lang='grc' dir='ltr'><strong><em>θαλάσσης</em></strong></span> 
     </span>
    </p>
   </div>
   <div class='ocr_carea' id='block_1_6' title="bbox 145 1189 419 1195">
    <p class='ocr_par' dir='ltr' id='par_1_7' title="bbox 145 1189 419 1195">
     <span class='ocr_line' id='line_1_16' title="bbox 145 1189 419 1195; baseline 0 0"><span class='ocrx_word' id='word_1_89' title='bbox 145 1189 419 1195; x_wconf 95' lang='lat' dir='ltr'> </span> 
     </span>
    </p>
   </div>
   <div class='ocr_carea' id='block_1_7' title="bbox 143 1250 800 1631">
    <p class='ocr_par' dir='ltr' id='par_1_8' title="bbox 143 1250 800 1631">
     <span class='ocr_line' id='line_1_17' title="bbox 144 1250 797 1296; baseline -0.003 -2"><span class='ocrx_word' id='word_1_90' title='bbox 144 1258 322 1295; x_wconf 77' lang='grc' dir='ltr'><strong><em>κατοικεῖ</em></strong></span> <span class='ocrx_word' id='word_1_91' title='bbox 344 1250 483 1296; x_wconf 70' lang='grc' dir='ltr'><strong><em>πολλά.</em></strong></span> <span class='ocrx_word' id='word_1_92' title='bbox 540 1253 623 1292; x_wconf 88' lang='lat' dir='ltr'>Hoc</span> <span class='ocrx_word' id='word_1_93' title='bbox 648 1254 687 1292; x_wconf 89' lang='lat' dir='ltr'>in</span> <span class='ocrx_word' id='word_1_94' title='bbox 716 1255 797 1293; x_wconf 90' lang='lat' dir='ltr'>loco</span> 
     </span>
     <span class='ocr_line' id='line_1_18' title="bbox 143 1311 798 1361; baseline 0 -13"><span class='ocrx_word' id='word_1_95' title='bbox 143 1311 357 1350; x_wconf 85' lang='lat' dir='ltr'>Aristoteles</span> <span class='ocrx_word' id='word_1_96' title='bbox 393 1324 519 1349; x_wconf 88' lang='lat' dir='ltr'>vocem</span> <span class='ocrx_word' id='word_1_97' title='bbox 553 1313 712 1361; x_wconf 75' lang='grc' dir='ltr'><strong><em>πλῆθος</em></strong></span> <span class='ocrx_word' id='word_1_98' title='bbox 749 1312 798 1348; x_wconf 82' lang='lat' dir='ltr'>ad</span> 
     </span>
     <span class='ocr_line' id='line_1_19' title="bbox 143 1367 796 1405; baseline 0.003 -2"><span class='ocrx_word' id='word_1_99' title='bbox 143 1367 340 1405; x_wconf 84' lang='lat' dir='ltr'>incolarum</span> <span class='ocrx_word' id='word_1_100' title='bbox 352 1368 614 1405; x_wconf 83' lang='lat' dir='ltr'>multitudinem</span> <span class='ocrx_word' id='word_1_101' title='bbox 631 1372 668 1404; x_wconf 86' lang='lat' dir='ltr'>et</span> <span class='ocrx_word' id='word_1_102' title='bbox 690 1369 796 1405; x_wconf 87' lang='lat' dir='ltr'>sedes</span> 
     </span>
     <span class='ocr_line' id='line_1_20' title="bbox 144 1424 798 1473; baseline 0 -13"><span class='ocrx_word' id='word_1_103' title='bbox 144 1428 271 1473; x_wconf 85' lang='lat' dir='ltr'>aperte</span> <span class='ocrx_word' id='word_1_104' title='bbox 308 1424 448 1469; x_wconf 70' lang='lat' dir='ltr'>retulit,</span> <span class='ocrx_word' id='word_1_105' title='bbox 481 1424 580 1472; x_wconf 90' lang='lat' dir='ltr'>quod</span> <span class='ocrx_word' id='word_1_106' title='bbox 612 1437 714 1461; x_wconf 85' lang='lat' dir='ltr'>secus</span> <span class='ocrx_word' id='word_1_107' title='bbox 742 1428 798 1460; x_wconf 79' lang='lat' dir='ltr'>est</span> 
     </span>
     <span class='ocr_line' id='line_1_21' title="bbox 143 1480 798 1529; baseline 0.002 -13"><span class='ocrx_word' id='word_1_108' title='bbox 143 1480 245 1529; x_wconf 83' lang='lat' dir='ltr'>apud</span> <span class='ocrx_word' id='word_1_109' title='bbox 264 1480 515 1526; x_wconf 87' lang='lat' dir='ltr'>Herodotum,</span> <span class='ocrx_word' id='word_1_110' title='bbox 547 1480 610 1528; x_wconf 88' lang='lat' dir='ltr'>qui</span> <span class='ocrx_word' id='word_1_111' title='bbox 637 1481 680 1517; x_wconf 54' lang='lat' dir='ltr'>eft</span> <span class='ocrx_word' id='word_1_112' title='bbox 708 1493 798 1517; x_wconf 75' lang='lat' dir='ltr'>voce</span> 
     </span>
     <span class='ocr_line' id='line_1_22' title="bbox 143 1535 800 1586; baseline 0.002 -14"><span class='ocrx_word' id='word_1_113' title='bbox 143 1535 420 1586; x_wconf 86' lang='lat' dir='ltr'>amplitudinem</span> <span class='ocrx_word' id='word_1_114' title='bbox 460 1535 565 1573; x_wconf 83' lang='lat' dir='ltr'>huius</span> <span class='ocrx_word' id='word_1_115' title='bbox 603 1536 737 1574; x_wconf 86' lang='lat' dir='ltr'>montis</span> <span class='ocrx_word' id='word_1_116' title='bbox 763 1539 800 1574; x_wconf 89' lang='lat' dir='ltr'>et</span> 
     </span>
     <span class='ocr_line' id='line_1_23' title="bbox 143 1592 574 1631; baseline 0.002 -2"><span class='ocrx_word' id='word_1_117' title='bbox 143 1593 349 1631; x_wconf 83' lang='lat' dir='ltr'>vastitatem</span> <span class='ocrx_word' id='word_1_118' title='bbox 369 1592 574 1631; x_wconf 71' lang='lat' dir='ltr'><strong>declaravit.</strong></span> 
     </span>
    </p>
   </div>
   <div class='ocr_carea' id='block_1_8' title="bbox 144 1672 800 2289">
    <p class='ocr_par' dir='ltr' id='par_1_9' title="bbox 144 1672 800 2289">
     <span class='ocr_line' id='line_1_24' title="bbox 201 1672 799 1726; baseline -0.002 -10"><span class='ocrx_word' id='word_1_119' title='bbox 201 1675 324 1716; x_wconf 73' lang='grc' dir='ltr'><strong><em>ἔθνεα</em></strong></span> <span class='ocrx_word' id='word_1_120' title='bbox 342 1674 385 1716; x_wconf 83' lang='grc' dir='ltr'>δὲ</span> <span class='ocrx_word' id='word_1_121' title='bbox 413 1672 650 1726; x_wconf 69' lang='grc' dir='ltr'><strong><em>α’νθραίπων</em></strong></span> <span class='ocrx_word' id='word_1_122' title='bbox 671 1672 799 1716; x_wconf 74' lang='grc' dir='ltr'><strong><em>πολλοὶ</em></strong></span> 
     </span>
     <span class='ocr_line' id='line_1_25' title="bbox 144 1731 797 1787; baseline 0.002 -16"><span class='ocrx_word' id='word_1_123' title='bbox 144 1731 213 1772; x_wconf 79' lang='grc' dir='ltr'><strong><em>καὶ</em></strong></span> <span class='ocrx_word' id='word_1_124' title='bbox 234 1737 406 1772; x_wconf 85' lang='grc' dir='ltr'><strong><em>παντοῖοι</em></strong></span> <span class='ocrx_word' id='word_1_125' title='bbox 434 1733 476 1774; x_wconf 85' lang='grc' dir='ltr'>ἐν</span> <span class='ocrx_word' id='word_1_126' title='bbox 502 1732 637 1787; x_wconf 76' lang='grc' dir='ltr'><strong><em>ἑωυτῷ</em></strong></span> <span class='ocrx_word' id='word_1_127' title='bbox 668 1732 745 1784; x_wconf 74' lang='grc' dir='ltr'><strong><em>ἔχει</em></strong></span> <span class='ocrx_word' id='word_1_128' title='bbox 772 1731 797 1772; x_wconf 78' lang='grc' dir='ltr'><em>ὅ</em></span> 
     </span>
     <span class='ocr_line' id='line_1_26' title="bbox 147 1785 797 1840; baseline -0.002 -12"><span class='ocrx_word' id='word_1_129' title='bbox 147 1785 383 1840; x_wconf 70' lang='grc' dir='ltr'><strong><em>Καύκασος]</em></strong></span> <span class='ocrx_word' id='word_1_130' title='bbox 414 1790 473 1828; x_wconf 87' lang='lat' dir='ltr'>De</span> <span class='ocrx_word' id='word_1_131' title='bbox 492 1790 661 1838; x_wconf 81' lang='lat' dir='ltr'>gentibus</span> <span class='ocrx_word' id='word_1_132' title='bbox 673 1819 683 1836; x_wconf 91' lang='lat'>,</span> <span class='ocrx_word' id='word_1_133' title='bbox 702 1802 797 1838; x_wconf 85' lang='lat' dir='ltr'>quae</span> 
     </span>
     <span class='ocr_line' id='line_1_27' title="bbox 147 1845 799 1892; baseline -0.002 -10"><span class='ocrx_word' id='word_1_134' title='bbox 147 1845 352 1882; x_wconf 80' lang='lat' dir='ltr'>Caucasum</span> <span class='ocrx_word' id='word_1_135' title='bbox 382 1845 564 1892; x_wconf 84' lang='lat' dir='ltr'>incolunt,</span> <span class='ocrx_word' id='word_1_136' title='bbox 595 1847 690 1882; x_wconf 84' lang='lat' dir='ltr'>conf.</span> <span class='ocrx_word' id='word_1_137' title='bbox 716 1845 799 1881; x_wconf 87' lang='lat' dir='ltr'>Rit-</span> 
     </span>
     <span class='ocr_line' id='line_1_28' title="bbox 146 1900 799 1951; baseline -0.005 -13"><span class='ocrx_word' id='word_1_138' title='bbox 146 1905 212 1938; x_wconf 88' lang='lat' dir='ltr'>ter.</span> <span class='ocrx_word' id='word_1_139' title='bbox 235 1901 439 1939; x_wconf 85' lang='lat' dir='ltr'>Erdkunde</span> <span class='ocrx_word' id='word_1_140' title='bbox 457 1901 491 1938; x_wconf 89' lang='lat' dir='ltr'>II</span> <span class='ocrx_word' id='word_1_141' title='bbox 517 1913 603 1951; x_wconf 85' lang='lat' dir='ltr'>pag.</span> <span class='ocrx_word' id='word_1_142' title='bbox 625 1901 720 1942; x_wconf 81' lang='lat'><strong>849.</strong></span> <span class='ocrx_word' id='word_1_143' title='bbox 750 1900 799 1936; x_wconf 85' lang='lat' dir='ltr'>Il-</span> 
     </span>
     <span class='ocr_line' id='line_1_29' title="bbox 145 1956 798 1996; baseline -0.003 -2"><span class='ocrx_word' id='word_1_144' title='bbox 145 1957 199 1994; x_wconf 87' lang='lat' dir='ltr'>las</span> <span class='ocrx_word' id='word_1_145' title='bbox 217 1970 303 1994; x_wconf 74' lang='lat' dir='ltr'>vero</span> <span class='ocrx_word' id='word_1_146' title='bbox 325 1970 393 1996; x_wconf 92' lang='lat' dir='ltr'>nec</span> <span class='ocrx_word' id='word_1_147' title='bbox 412 1957 563 1994; x_wconf 86' lang='lat' dir='ltr'>Graecis</span> <span class='ocrx_word' id='word_1_148' title='bbox 591 1970 658 1994; x_wconf 90' lang='lat' dir='ltr'>nec</span> <span class='ocrx_word' id='word_1_149' title='bbox 676 1956 798 1993; x_wconf 88' lang='lat' dir='ltr'>Persis</span> 
     </span>
     <span class='ocr_line' id='line_1_30' title="bbox 144 2014 799 2062; baseline -0.005 -11"><span class='ocrx_word' id='word_1_150' title='bbox 144 2014 345 2051; x_wconf 82' lang='lat' dir='ltr'><strong>accuratius</strong></span> <span class='ocrx_word' id='word_1_151' title='bbox 393 2014 593 2050; x_wconf 82' lang='lat' dir='ltr'>innotuisse</span> <span class='ocrx_word' id='word_1_152' title='bbox 611 2042 623 2060; x_wconf 87' lang='lat'>,</span> <span class='ocrx_word' id='word_1_153' title='bbox 687 2025 799 2062; x_wconf 91' lang='lat' dir='ltr'>quum</span> 
     </span>
     <span class='ocr_line' id='line_1_31' title="bbox 145 2069 800 2119; baseline -0.005 -12"><span class='ocrx_word' id='word_1_154' title='bbox 145 2082 332 2119; x_wconf 87' lang='lat' dir='ltr'>nunquam</span> <span class='ocrx_word' id='word_1_155' title='bbox 368 2069 562 2107; x_wconf 85' lang='lat' dir='ltr'>Persarum</span> <span class='ocrx_word' id='word_1_156' title='bbox 609 2069 800 2119; x_wconf 89' lang='lat' dir='ltr'>imperium</span> 
     </span>
     <span class='ocr_line' id='line_1_32' title="bbox 148 2126 800 2176; baseline -0.005 -12"><span class='ocrx_word' id='word_1_157' title='bbox 148 2138 192 2164; x_wconf 89' lang='lat' dir='ltr'>eo</span> <span class='ocrx_word' id='word_1_158' title='bbox 213 2138 327 2175; x_wconf 87' lang='lat' dir='ltr'>usque</span> <span class='ocrx_word' id='word_1_159' title='bbox 341 2126 448 2163; x_wconf 87' lang='lat' dir='ltr'>fuerit</span> <span class='ocrx_word' id='word_1_160' title='bbox 467 2130 713 2176; x_wconf 85' lang='lat' dir='ltr'>propagatum</span> <span class='ocrx_word' id='word_1_161' title='bbox 733 2138 800 2162; x_wconf 87' lang='lat' dir='ltr'>nec</span> 
     </span>
     <span class='ocr_line' id='line_1_33' title="bbox 146 2181 800 2232; baseline 0.002 -15"><span class='ocrx_word' id='word_1_162' title='bbox 146 2181 251 2232; x_wconf 88' lang='lat' dir='ltr'>ipsae</span> <span class='ocrx_word' id='word_1_163' title='bbox 267 2182 358 2220; x_wconf 86' lang='lat' dir='ltr'>istae</span> <span class='ocrx_word' id='word_1_164' title='bbox 377 2187 506 2231; x_wconf 84' lang='lat' dir='ltr'>gentes</span> <span class='ocrx_word' id='word_1_165' title='bbox 529 2194 688 2230; x_wconf 87' lang='lat' dir='ltr'>unquam</span> <span class='ocrx_word' id='word_1_166' title='bbox 709 2181 800 2219; x_wconf 90' lang='lat' dir='ltr'>Per-</span> 
     </span>
     <span class='ocr_line' id='line_1_34' title="bbox 147 2238 715 2289; baseline -0.005 -13"><span class='ocrx_word' id='word_1_167' title='bbox 147 2251 269 2276; x_wconf 84' lang='lat' dir='ltr'>sarum</span> <span class='ocrx_word' id='word_1_168' title='bbox 292 2239 483 2289; x_wconf 89' lang='lat' dir='ltr'>imperium</span> <span class='ocrx_word' id='word_1_169' title='bbox 502 2238 715 2276; x_wconf 84' lang='lat' dir='ltr'>curaverint.</span> 
     </span>
    </p>
   </div>
   <div class='ocr_carea' id='block_1_9' title="bbox 148 2315 806 2936">
    <p class='ocr_par' dir='ltr' id='par_1_10' title="bbox 148 2315 806 2936">
     <span class='ocr_line' id='line_1_35' title="bbox 203 2315 801 2371; baseline -0.003 -10"><span class='ocrx_word' id='word_1_170' title='bbox 203 2319 252 2361; x_wconf 78' lang='grc' dir='ltr'><strong><em>τοέ</em></strong></span> <span class='ocrx_word' id='word_1_171' title='bbox 277 2318 404 2361; x_wconf 71' lang='grc' dir='ltr'><strong><em>πολλοὶ</em></strong></span> <span class='ocrx_word' id='word_1_172' title='bbox 437 2318 569 2361; x_wconf 79' lang='grc' dir='ltr'><strong><em>πάντα</em></strong></span> <span class='ocrx_word' id='word_1_173' title='bbox 600 2315 677 2360; x_wconf 75' lang='grc' dir='ltr'>ἄπ’</span> <span class='ocrx_word' id='word_1_174' title='bbox 701 2316 801 2371; x_wconf 72' lang='grc' dir='ltr'><strong><em>ὕλης</em></strong></span> 
     </span>
     <span class='ocr_line' id='line_1_36' title="bbox 150 2372 801 2429; baseline -0.003 -13"><span class='ocrx_word' id='word_1_175' title='bbox 150 2372 290 2429; x_wconf 78' lang='grc' dir='ltr'><strong><em>οῗγρίης</em></strong></span> <span class='ocrx_word' id='word_1_176' title='bbox 311 2375 482 2429; x_wconf 75' lang='grc' dir='ltr'><strong><em>ζώοντα]</em></strong></span> <span class='ocrx_word' id='word_1_177' title='bbox 513 2375 561 2417; x_wconf 77' lang='grc' dir='ltr'><strong><em>τοὶ</em></strong></span> <span class='ocrx_word' id='word_1_178' title='bbox 579 2374 705 2417; x_wconf 75' lang='grc' dir='ltr'><strong><em>πολλοὶ</em></strong></span> <span class='ocrx_word' id='word_1_179' title='bbox 733 2378 801 2414; x_wconf 89' lang='lat' dir='ltr'>ad-</span> 
     </span>
     <span class='ocr_line' id='line_1_37' title="bbox 150 2434 802 2484; baseline 0.002 -14"><span class='ocrx_word' id='word_1_180' title='bbox 150 2434 263 2471; x_wconf 89' lang='lat' dir='ltr'>verbii</span> <span class='ocrx_word' id='word_1_181' title='bbox 281 2448 389 2472; x_wconf 88' lang='lat' dir='ltr'>sensu</span> <span class='ocrx_word' id='word_1_182' title='bbox 413 2435 470 2472; x_wconf 93' lang='lat' dir='ltr'>hic</span> <span class='ocrx_word' id='word_1_183' title='bbox 492 2435 580 2473; x_wconf 83' lang='lat' dir='ltr'>dici:</span> <span class='ocrx_word' id='word_1_184' title='bbox 597 2435 802 2484; x_wconf 77' lang='lat' dir='ltr'>plerumque</span> 
     </span>
     <span class='ocr_line' id='line_1_38' title="bbox 151 2490 803 2529; baseline 0.002 -4"><span class='ocrx_word' id='word_1_185' title='bbox 151 2494 276 2527; x_wconf 88' lang='lat' dir='ltr'>monet</span> <span class='ocrx_word' id='word_1_186' title='bbox 303 2491 486 2529; x_wconf 85' lang='lat' dir='ltr'>Schaefer.</span> <span class='ocrx_word' id='word_1_187' title='bbox 529 2492 578 2528; x_wconf 90' lang='lat' dir='ltr'>ad</span> <span class='ocrx_word' id='word_1_188' title='bbox 615 2490 803 2528; x_wconf 86' lang='lat' dir='ltr'>Lambert.</span> 
     </span>
     <span class='ocr_line' id='line_1_39' title="bbox 151 2541 803 2595; baseline 0.008 -15"><span class='ocrx_word' id='word_1_189' title='bbox 151 2544 241 2581; x_wconf 92' lang='lat' dir='ltr'>Bos.</span> <span class='ocrx_word' id='word_1_190' title='bbox 278 2558 365 2595; x_wconf 83' lang='lat' dir='ltr'>pag.</span> <span class='ocrx_word' id='word_1_191' title='bbox 399 2550 482 2588; x_wconf 81' lang='lat'>427</span> <span class='ocrx_word' id='word_1_192' title='bbox 521 2560 624 2595; x_wconf 88' lang='lat' dir='ltr'>seq.;</span> <span class='ocrx_word' id='word_1_193' title='bbox 671 2541 803 2584; x_wconf 70' lang='grc' dir='ltr'><strong><em>πάντα</em></strong></span> 
     </span>
     <span class='ocr_line' id='line_1_40' title="bbox 153 2602 802 2651; baseline 0.005 -15"><span class='ocrx_word' id='word_1_194' title='bbox 153 2614 240 2637; x_wconf 76' lang='lat' dir='ltr'>vero</span> <span class='ocrx_word' id='word_1_195' title='bbox 263 2602 311 2637; x_wconf 86' lang='lat' dir='ltr'>ad</span> <span class='ocrx_word' id='word_1_196' title='bbox 326 2602 397 2638; x_wconf 88' lang='lat' dir='ltr'>vim</span> <span class='ocrx_word' id='word_1_197' title='bbox 413 2603 619 2651; x_wconf 84' lang='lat' dir='ltr'>augendam</span> <span class='ocrx_word' id='word_1_198' title='bbox 639 2603 802 2639; x_wconf 87' lang='lat' dir='ltr'>additum</span> 
     </span>
     <span class='ocr_line' id='line_1_41' title="bbox 153 2658 803 2708; baseline 0.003 -15"><span class='ocrx_word' id='word_1_199' title='bbox 153 2669 257 2701; x_wconf 78' lang='lat' dir='ltr'>esse3</span> <span class='ocrx_word' id='word_1_200' title='bbox 286 2658 383 2695; x_wconf 86' lang='lat' dir='ltr'>unde</span> <span class='ocrx_word' id='word_1_201' title='bbox 403 2659 672 2708; x_wconf 84' lang='lat' dir='ltr'>accipiendum:</span> <span class='ocrx_word' id='word_1_202' title='bbox 703 2658 803 2707; x_wconf 83' lang='lat' dir='ltr'>longe</span> 
     </span>
     <span class='ocr_line' id='line_1_42' title="bbox 148 2712 804 2763; baseline 0.005 -15"><span class='ocrx_word' id='word_1_203' title='bbox 148 2712 340 2763; x_wconf 82' lang='lat' dir='ltr'>plurimum</span> <span class='ocrx_word' id='word_1_204' title='bbox 357 2742 369 2760; x_wconf 90' lang='lat'>‚</span> <span class='ocrx_word' id='word_1_205' title='bbox 424 2714 523 2763; x_wconf 78' lang='lat' dir='ltr'>longe</span> <span class='ocrx_word' id='word_1_206' title='bbox 563 2714 719 2763; x_wconf 73' lang='lat' dir='ltr'>plurima</span> <span class='ocrx_word' id='word_1_207' title='bbox 761 2727 804 2751; x_wconf 74' lang='lat' dir='ltr'>ex</span> 
     </span>
     <span class='ocr_line' id='line_1_43' title="bbox 149 2770 806 2819; baseline 0.005 -15"><span class='ocrx_word' id='word_1_208' title='bbox 149 2772 273 2819; x_wconf 82' lang='lat' dir='ltr'>parte,</span> <span class='ocrx_word' id='word_1_209' title='bbox 302 2770 353 2806; x_wconf 88' lang='lat' dir='ltr'>ita</span> <span class='ocrx_word' id='word_1_210' title='bbox 381 2773 421 2807; x_wconf 87' lang='lat' dir='ltr'>ut</span> <span class='ocrx_word' id='word_1_211' title='bbox 447 2770 517 2808; x_wconf 86' lang='lat' dir='ltr'>hae</span> <span class='ocrx_word' id='word_1_212' title='bbox 544 2774 671 2819; x_wconf 79' lang='lat' dir='ltr'>gentes</span> <span class='ocrx_word' id='word_1_213' title='bbox 703 2770 806 2808; x_wconf 59' lang='lat' dir='ltr'>nullst</span> 
     </span>
     <span class='ocr_line' id='line_1_44' title="bbox 150 2824 806 2875; baseline 0.005 -14"><span class='ocrx_word' id='word_1_214' title='bbox 150 2824 230 2875; x_wconf 82' lang='lat' dir='ltr'>fere</span> <span class='ocrx_word' id='word_1_215' title='bbox 245 2825 321 2863; x_wconf 79' lang='lat' dir='ltr'>alia</span> <span class='ocrx_word' id='word_1_216' title='bbox 339 2837 376 2862; x_wconf 80' lang='lat' dir='ltr'>re</span> <span class='ocrx_word' id='word_1_217' title='bbox 395 2828 507 2864; x_wconf 81' lang='lat' dir='ltr'>vitam</span> <span class='ocrx_word' id='word_1_218' title='bbox 532 2831 725 2864; x_wconf 71' lang='lat' dir='ltr'>sustentare</span> <span class='ocrx_word' id='word_1_219' title='bbox 749 2827 806 2864; x_wconf 91' lang='lat' dir='ltr'>di-</span> 
     </span>
     <span class='ocr_line' id='line_1_45' title="bbox 157 2882 805 2936; baseline 0.006 -17"><span class='ocrx_word' id='word_1_220' title='bbox 157 2884 285 2920; x_wconf 78' lang='lat' dir='ltr'>cantur</span> <span class='ocrx_word' id='word_1_221' title='bbox 316 2883 388 2922; x_wconf 75' lang='lat' dir='ltr'>nisi</span> <span class='ocrx_word' id='word_1_222' title='bbox 419 2882 599 2936; x_wconf 77' lang='lat' dir='ltr'>fructibus</span> <span class='ocrx_word' id='word_1_223' title='bbox 635 2883 805 2924; x_wconf 68' lang='lat' dir='ltr'>silvestre·-</span> 
     </span>
    </p>
   </div>
   <div class='ocr_carea' id='block_1_10' title="bbox 865 1253 1523 2542">
    <p class='ocr_par' dir='ltr' id='par_1_11' title="bbox 866 1253 1520 1361">
     <span class='ocr_line' id='line_1_46' title="bbox 867 1253 1520 1304; baseline 0.002 -12"><span class='ocrx_word' id='word_1_224' title='bbox 867 1255 941 1292; x_wconf 79' lang='lat' dir='ltr'>bus.</span> <span class='ocrx_word' id='word_1_225' title='bbox 1002 1255 1064 1292; x_wconf 88' lang='lat' dir='ltr'>Sic</span> <span class='ocrx_word' id='word_1_226' title='bbox 1093 1255 1188 1292; x_wconf 88' lang='lat' dir='ltr'>bene</span> <span class='ocrx_word' id='word_1_227' title='bbox 1215 1253 1520 1304; x_wconf 66' lang='lat' dir='ltr'>Schweighaeus„</span> 
     </span>
     <span class='ocr_line' id='line_1_47' title="bbox 866 1311 1244 1361; baseline -0.003 -12"><span class='ocrx_word' id='word_1_228' title='bbox 866 1323 1079 1361; x_wconf 86' lang='lat' dir='ltr'>comparans</span> <span class='ocrx_word' id='word_1_229' title='bbox 1104 1311 1158 1358; x_wconf 91' lang='lat' dir='ltr'>V,</span> <span class='ocrx_word' id='word_1_230' title='bbox 1179 1313 1244 1352; x_wconf 81' lang='grc'>67.</span> 
     </span>
    </p>

    <p class='ocr_par' dir='ltr' id='par_1_12' title="bbox 865 1365 1523 1759">
     <span class='ocr_line' id='line_1_48' title="bbox 923 1365 1523 1420; baseline 0.002 -15"><span class='ocrx_word' id='word_1_231' title='bbox 923 1366 967 1406; x_wconf 83' lang='grc' dir='ltr'>ἐν</span> <span class='ocrx_word' id='word_1_232' title='bbox 986 1370 1090 1406; x_wconf 90' lang='grc' dir='ltr'><strong><em>τοῖσι</em></strong></span> <span class='ocrx_word' id='word_1_233' title='bbox 1120 1366 1188 1405; x_wconf 80' lang='grc' dir='ltr'>καὶ</span> <span class='ocrx_word' id='word_1_234' title='bbox 1211 1365 1374 1420; x_wconf 81' lang='grc' dir='ltr'><strong><em>δένδρεα</em></strong></span> <span class='ocrx_word' id='word_1_235' title='bbox 1392 1389 1448 1395; x_wconf 93' lang='lat'><em>-</em></span> <span class='ocrx_word' id='word_1_236' title='bbox 1462 1365 1523 1406; x_wconf 83' lang='grc' dir='ltr'><em>λε’-</em></span> 
     </span>
     <span class='ocr_line' id='line_1_49' title="bbox 865 1419 1520 1475; baseline -0.002 -14"><span class='ocrx_word' id='word_1_237' title='bbox 865 1422 995 1475; x_wconf 79' lang='grc' dir='ltr'><strong><em>γεται]</em></strong></span> <span class='ocrx_word' id='word_1_238' title='bbox 1055 1419 1305 1474; x_wconf 77' lang='grc' dir='ltr'><strong><em>παρεχόμενα</em></strong></span> <span class='ocrx_word' id='word_1_239' title='bbox 1341 1425 1437 1461; x_wconf 86' lang='lat' dir='ltr'>refer</span> <span class='ocrx_word' id='word_1_240' title='bbox 1471 1425 1520 1461; x_wconf 82' lang='lat' dir='ltr'>ad</span> 
     </span>
     <span class='ocr_line' id='line_1_50' title="bbox 867 1479 1521 1530; baseline -0.003 -12"><span class='ocrx_word' id='word_1_241' title='bbox 867 1479 1053 1529; x_wconf 73' lang='grc' dir='ltr'><strong><em>δένδρεαι</em></strong></span> <span class='ocrx_word' id='word_1_242' title='bbox 1093 1480 1251 1527; x_wconf 74' lang='lat' dir='ltr'>arbores,</span> <span class='ocrx_word' id='word_1_243' title='bbox 1291 1492 1380 1530; x_wconf 79' lang='lat' dir='ltr'>quae</span> <span class='ocrx_word' id='word_1_244' title='bbox 1413 1492 1521 1530; x_wconf 82' lang='lat' dir='ltr'>prae-</span> 
     </span>
     <span class='ocr_line' id='line_1_51' title="bbox 866 1535 1521 1586; baseline -0.002 -13"><span class='ocrx_word' id='word_1_245' title='bbox 866 1536 943 1573; x_wconf 72' lang='lat' dir='ltr'>benc</span> <span class='ocrx_word' id='word_1_246' title='bbox 962 1535 1146 1572; x_wconf 69' lang='lat' dir='ltr'>huiusmocl</span> <span class='ocrx_word' id='word_1_247' title='bbox 1155 1535 1265 1586; x_wconf 75' lang='lat' dir='ltr'>folia.</span> <span class='ocrx_word' id='word_1_248' title='bbox 1286 1556 1342 1563; x_wconf 92' lang='grc'>-</span> <span class='ocrx_word' id='word_1_249' title='bbox 1359 1535 1418 1572; x_wconf 88' lang='lat' dir='ltr'>Ad</span> <span class='ocrx_word' id='word_1_250' title='bbox 1438 1548 1521 1574; x_wconf 81' lang='lat' dir='ltr'>ver-</span> 
     </span>
     <span class='ocr_line' id='line_1_52' title="bbox 865 1589 1522 1644; baseline 0 -14"><span class='ocrx_word' id='word_1_251' title='bbox 865 1592 913 1630; x_wconf 86' lang='lat' dir='ltr'>ba</span> <span class='ocrx_word' id='word_1_252' title='bbox 933 1592 1120 1641; x_wconf 84' lang='lat' dir='ltr'>sequentia</span> <span class='ocrx_word' id='word_1_253' title='bbox 1136 1606 1144 1630; x_wconf 92' lang='lat'>:</span> <span class='ocrx_word' id='word_1_254' title='bbox 1175 1589 1223 1631; x_wconf 69' lang='grc' dir='ltr'>τοὶ</span> <span class='ocrx_word' id='word_1_255' title='bbox 1240 1591 1449 1644; x_wconf 84' lang='grc' dir='ltr'><strong><em>τρίβοντας</em></strong></span> <span class='ocrx_word' id='word_1_256' title='bbox 1464 1612 1522 1620; x_wconf 91' lang='lat'>-</span> 
     </span>
     <span class='ocr_line' id='line_1_53' title="bbox 865 1644 1522 1701; baseline -0.002 -13"><span class='ocrx_word' id='word_1_257' title='bbox 865 1644 1079 1701; x_wconf 75' lang='grc' dir='ltr'><strong><em>ἐγγράφειν</em></strong></span> <span class='ocrx_word' id='word_1_258' title='bbox 1115 1653 1238 1687; x_wconf 83' lang='lat' dir='ltr'>mente</span> <span class='ocrx_word' id='word_1_259' title='bbox 1279 1649 1522 1700; x_wconf 88' lang='lat' dir='ltr'>repetendum</span> 
     </span>
     <span class='ocr_line' id='line_1_54' title="bbox 865 1704 1025 1759; baseline -0.013 -14"><span class='ocrx_word' id='word_1_260' title='bbox 865 1704 1025 1759; x_wconf 82' lang='grc' dir='ltr'><strong><em>λέγεται.</em></strong></span> 
     </span>
    </p>

    <p class='ocr_par' dir='ltr' id='par_1_13' title="bbox 865 1757 1523 2542">
     <span class='ocr_line' id='line_1_55' title="bbox 922 1757 1522 1812; baseline -0.002 -12"><span class='ocrx_word' id='word_1_261' title='bbox 922 1763 999 1808; x_wconf 83' lang='grc' dir='ltr'><strong><em>ζῶα</em></strong></span> <span class='ocrx_word' id='word_1_262' title='bbox 1020 1759 1201 1800; x_wconf 75' lang='grc' dir='ltr'><strong><em>ἑωυτοῖσι</em></strong></span> <span class='ocrx_word' id='word_1_263' title='bbox 1221 1759 1260 1807; x_wconf 81' lang='grc' dir='ltr'>ἐς</span> <span class='ocrx_word' id='word_1_264' title='bbox 1280 1757 1355 1812; x_wconf 75' lang='grc' dir='ltr'>τήν</span> <span class='ocrx_word' id='word_1_265' title='bbox 1367 1758 1522 1812; x_wconf 83' lang='grc' dir='ltr'><strong><em>ἐσθῆτα</em></strong></span> 
     </span>
     <span class='ocr_line' id='line_1_56' title="bbox 865 1812 1522 1870; baseline -0.005 -13"><span class='ocrx_word' id='word_1_266' title='bbox 865 1813 1098 1870; x_wconf 73' lang='grc' dir='ltr'><strong><em>ἐγγράφειν]</em></strong></span> <span class='ocrx_word' id='word_1_267' title='bbox 1133 1818 1213 1863; x_wconf 76' lang='grc' dir='ltr'><strong><em>ζῶα</em></strong></span> <span class='ocrx_word' id='word_1_268' title='bbox 1232 1812 1446 1869; x_wconf 76' lang='grc' dir='ltr'><strong><em>ἐγγράφειν</em></strong></span> <span class='ocrx_word' id='word_1_269' title='bbox 1465 1817 1522 1854; x_wconf 90' lang='lat' dir='ltr'>hic</span> 
     </span>
     <span class='ocr_line' id='line_1_57' title="bbox 866 1873 1522 1923; baseline -0.003 -12"><span class='ocrx_word' id='word_1_270' title='bbox 866 1874 1013 1911; x_wconf 85' lang='lat' dir='ltr'>omnino</span> <span class='ocrx_word' id='word_1_271' title='bbox 1038 1877 1093 1910; x_wconf 89' lang='lat' dir='ltr'>est</span> <span class='ocrx_word' id='word_1_272' title='bbox 1109 1874 1254 1923; x_wconf 79' lang='lat' dir='ltr'>figuras</span> <span class='ocrx_word' id='word_1_273' title='bbox 1273 1875 1429 1922; x_wconf 77' lang='lat' dir='ltr'>pingere.</span> <span class='ocrx_word' id='word_1_274' title='bbox 1461 1873 1522 1909; x_wconf 87' lang='lat' dir='ltr'>Cf.</span> 
     </span>
     <span class='ocr_line' id='line_1_58' title="bbox 865 1928 1521 1977; baseline -0.003 -11"><span class='ocrx_word' id='word_1_275' title='bbox 865 1929 905 1977; x_wconf 88' lang='lat' dir='ltr'>I,</span> <span class='ocrx_word' id='word_1_276' title='bbox 933 1931 1001 1970; x_wconf 86' lang='lat'>70.</span> <span class='ocrx_word' id='word_1_277' title='bbox 1030 1929 1104 1976; x_wconf 85' lang='lat' dir='ltr'>IV,</span> <span class='ocrx_word' id='word_1_278' title='bbox 1132 1931 1186 1969; x_wconf 82' lang='lat'>88</span> <span class='ocrx_word' id='word_1_279' title='bbox 1219 1933 1330 1977; x_wconf 81' lang='lat' dir='ltr'>atque</span> <span class='ocrx_word' id='word_1_280' title='bbox 1353 1928 1521 1965; x_wconf 87' lang='lat' dir='ltr'>Eustath.</span> 
     </span>
     <span class='ocr_line' id='line_1_59' title="bbox 866 1982 1521 2034; baseline -0.003 -12"><span class='ocrx_word' id='word_1_281' title='bbox 866 1986 915 2022; x_wconf 87' lang='lat' dir='ltr'>ad</span> <span class='ocrx_word' id='word_1_282' title='bbox 935 1985 1037 2022; x_wconf 88' lang='lat' dir='ltr'>Iliad.</span> <span class='ocrx_word' id='word_1_283' title='bbox 1063 1998 1100 2034; x_wconf 91' lang='lat' dir='ltr'>p.</span> <span class='ocrx_word' id='word_1_284' title='bbox 1131 1982 1237 2031; x_wconf 82' lang='lat'>481,</span> <span class='ocrx_word' id='word_1_285' title='bbox 1268 1987 1293 2024; x_wconf 88' lang='lat'><strong>6</strong></span> <span class='ocrx_word' id='word_1_286' title='bbox 1321 1985 1379 2022; x_wconf 88' lang='lat' dir='ltr'>ed.</span> <span class='ocrx_word' id='word_1_287' title='bbox 1409 1983 1521 2021; x_wconf 86' lang='lat' dir='ltr'>Basil.</span> 
     </span>
     <span class='ocr_line' id='line_1_60' title="bbox 866 2039 1520 2089; baseline -0.002 -11"><span class='ocrx_word' id='word_1_288' title='bbox 866 2041 976 2078; x_wconf 90' lang='lat' dir='ltr'>Plura</span> <span class='ocrx_word' id='word_1_289' title='bbox 992 2041 1063 2078; x_wconf 86' lang='lat' dir='ltr'>vid.</span> <span class='ocrx_word' id='word_1_290' title='bbox 1082 2040 1129 2076; x_wconf 85' lang='lat' dir='ltr'>ad</span> <span class='ocrx_word' id='word_1_291' title='bbox 1148 2040 1181 2076; x_wconf 91' lang='lat' dir='ltr'>ll</span> <span class='ocrx_word' id='word_1_292' title='bbox 1193 2069 1203 2087; x_wconf 91' lang='lat'>,</span> <span class='ocrx_word' id='word_1_293' title='bbox 1221 2039 1259 2081; x_wconf 83' lang='lat'>4.</span> <span class='ocrx_word' id='word_1_294' title='bbox 1289 2040 1436 2087; x_wconf 90' lang='lat' dir='ltr'>Strabo,</span> <span class='ocrx_word' id='word_1_295' title='bbox 1458 2040 1520 2089; x_wconf 82' lang='lat' dir='ltr'>qui</span> 
     </span>
     <span class='ocr_line' id='line_1_61' title="bbox 868 2096 1522 2145; baseline -0.002 -11"><span class='ocrx_word' id='word_1_296' title='bbox 868 2098 1020 2144; x_wconf 89' lang='lat' dir='ltr'>eadem,</span> <span class='ocrx_word' id='word_1_297' title='bbox 1050 2108 1145 2145; x_wconf 87' lang='lat' dir='ltr'>quae</span> <span class='ocrx_word' id='word_1_298' title='bbox 1176 2096 1233 2133; x_wconf 90' lang='lat' dir='ltr'>hic</span> <span class='ocrx_word' id='word_1_299' title='bbox 1260 2096 1307 2133; x_wconf 90' lang='lat' dir='ltr'>de</span> <span class='ocrx_word' id='word_1_300' title='bbox 1334 2096 1522 2133; x_wconf 85' lang='lat' dir='ltr'>Caucasiis</span> 
     </span>
     <span class='ocr_line' id='line_1_62' title="bbox 867 2151 1523 2201; baseline 0 -11"><span class='ocrx_word' id='word_1_301' title='bbox 867 2158 1124 2199; x_wconf 85' lang='lat' dir='ltr'>memorantur,</span> <span class='ocrx_word' id='word_1_302' title='bbox 1141 2152 1189 2188; x_wconf 87' lang='lat' dir='ltr'>ad</span> <span class='ocrx_word' id='word_1_303' title='bbox 1210 2151 1442 2201; x_wconf 82' lang='lat' dir='ltr'>Massagetas</span> <span class='ocrx_word' id='word_1_304' title='bbox 1462 2165 1523 2190; x_wconf 85' lang='lat' dir='ltr'>re-</span> 
     </span>
     <span class='ocr_line' id='line_1_63' title="bbox 867 2208 1523 2258; baseline 0.002 -12"><span class='ocrx_word' id='word_1_305' title='bbox 867 2209 967 2257; x_wconf 87' lang='lat' dir='ltr'>tulit,</span> <span class='ocrx_word' id='word_1_306' title='bbox 990 2209 1086 2246; x_wconf 84' lang='lat' dir='ltr'>idem</span> <span class='ocrx_word' id='word_1_307' title='bbox 1106 2208 1283 2258; x_wconf 84' lang='lat' dir='ltr'>expressit</span> <span class='ocrx_word' id='word_1_308' title='bbox 1302 2209 1412 2246; x_wconf 85' lang='lat' dir='ltr'>verbo</span> <span class='ocrx_word' id='word_1_309' title='bbox 1432 2223 1523 2248; x_wconf 87' lang='grc' dir='ltr'><strong><em>ποι-</em></strong></span> 
     </span>
     <span class='ocr_line' id='line_1_64' title="bbox 867 2261 1522 2315; baseline -0.003 -11"><span class='ocrx_word' id='word_1_310' title='bbox 867 2265 1014 2304; x_wconf 81' lang='grc' dir='ltr'><strong><em>κίλλειν</em></strong></span> <span class='ocrx_word' id='word_1_311' title='bbox 1043 2261 1135 2314; x_wconf 72' lang='grc' dir='ltr'><strong><em>(τήν</em></strong></span> <span class='ocrx_word' id='word_1_312' title='bbox 1156 2262 1348 2315; x_wconf 80' lang='grc' dir='ltr'><strong><em>ἐσθῆτα),</em></strong></span> <span class='ocrx_word' id='word_1_313' title='bbox 1376 2264 1437 2301; x_wconf 85' lang='lat' dir='ltr'>lib.</span> <span class='ocrx_word' id='word_1_314' title='bbox 1467 2263 1522 2302; x_wconf 85' lang='lat' dir='ltr'>XI</span> 
     </span>
     <span class='ocr_line' id='line_1_65' title="bbox 867 2320 1523 2373; baseline -0.003 -14"><span class='ocrx_word' id='word_1_315' title='bbox 867 2335 904 2373; x_wconf 88' lang='lat' dir='ltr'>p.</span> <span class='ocrx_word' id='word_1_316' title='bbox 924 2324 1005 2362; x_wconf 89' lang='grc'>781</span> <span class='ocrx_word' id='word_1_317' title='bbox 1037 2335 1065 2358; x_wconf 79' lang='lat' dir='ltr'>s,</span> <span class='ocrx_word' id='word_1_318' title='bbox 1087 2321 1168 2361; x_wconf 85' lang='lat'>513</span> <span class='ocrx_word' id='word_1_319' title='bbox 1194 2321 1251 2358; x_wconf 91' lang='lat' dir='ltr'>ed.</span> <span class='ocrx_word' id='word_1_320' title='bbox 1277 2320 1435 2358; x_wconf 85' lang='lat' dir='ltr'>Casaub.</span> <span class='ocrx_word' id='word_1_321' title='bbox 1465 2339 1523 2348; x_wconf 92' lang='lat'>--</span> 
     </span>
     <span class='ocr_line' id='line_1_66' title="bbox 867 2376 1522 2427; baseline -0.002 -12"><span class='ocrx_word' id='word_1_322' title='bbox 867 2378 910 2415; x_wconf 90' lang='lat' dir='ltr'>In</span> <span class='ocrx_word' id='word_1_323' title='bbox 936 2390 1038 2426; x_wconf 83' lang='lat' dir='ltr'>seqq.</span> <span class='ocrx_word' id='word_1_324' title='bbox 1068 2376 1314 2427; x_wconf 89' lang='lat' dir='ltr'>rescripsimus</span> <span class='ocrx_word' id='word_1_325' title='bbox 1351 2376 1522 2414; x_wconf 84' lang='lat' dir='ltr'>librorum</span> 
     </span>
     <span class='ocr_line' id='line_1_67' title="bbox 870 2429 1522 2485; baseline -0.002 -14"><span class='ocrx_word' id='word_1_326' title='bbox 870 2447 914 2472; x_wconf 82' lang='lat' dir='ltr'>ex</span> <span class='ocrx_word' id='word_1_327' title='bbox 957 2433 1171 2471; x_wconf 81' lang='lat' dir='ltr'>auctoritate</span> <span class='ocrx_word' id='word_1_328' title='bbox 1212 2433 1321 2485; x_wconf 78' lang='grc' dir='ltr'><strong><em>μίξιν</em></strong></span> <span class='ocrx_word' id='word_1_329' title='bbox 1365 2429 1417 2472; x_wconf 77' lang='grc' dir='ltr'>δὲ</span> <span class='ocrx_word' id='word_1_330' title='bbox 1453 2445 1522 2485; x_wconf 89' lang='lat' dir='ltr'>pro</span> 
     </span>
     <span class='ocr_line' id='line_1_68' title="bbox 871 2490 1193 2542; baseline 0 -15"><span class='ocrx_word' id='word_1_331' title='bbox 871 2490 967 2540; x_wconf 87' lang='lat' dir='ltr'>vulg.</span> <span class='ocrx_word' id='word_1_332' title='bbox 995 2490 1103 2542; x_wconf 74' lang='grc' dir='ltr'><strong><em>μίξιν</em></strong></span> <span class='ocrx_word' id='word_1_333' title='bbox 1131 2502 1193 2528; x_wconf 88' lang='grc' dir='ltr'><strong><em>τε.</em></strong></span> 
     </span>
    </p>
   </div>
   <div class='ocr_carea' id='block_1_11' title="bbox 1058 2571 1342 2624">
    <p class='ocr_par' dir='ltr' id='par_1_14' title="bbox 1058 2571 1342 2624">
     <span class='ocr_line' id='line_1_69' title="bbox 1058 2571 1342 2624; baseline 0 -14"><span class='ocrx_word' id='word_1_334' title='bbox 1058 2573 1090 2610; x_wconf 93' lang='lat' dir='ltr'>C</span> <span class='ocrx_word' id='word_1_335' title='bbox 1101 2586 1168 2624; x_wconf 87' lang='lat' dir='ltr'>ap.</span> <span class='ocrx_word' id='word_1_336' title='bbox 1209 2571 1342 2611; x_wconf 84' lang='lat' dir='ltr'><strong>CCIV.</strong></span> 
     </span>
    </p>
   </div>
   <div class='ocr_carea' id='block_1_12' title="bbox 872 2653 1524 2937">
    <p class='ocr_par' dir='ltr' id='par_1_15' title="bbox 872 2653 1524 2937">
     <span class='ocr_line' id='line_1_70' title="bbox 926 2653 1523 2708; baseline -0.003 -11"><span class='ocrx_word' id='word_1_337' title='bbox 926 2655 974 2697; x_wconf 73' lang='grc' dir='ltr'><strong><em>τοὶ</em></strong></span> <span class='ocrx_word' id='word_1_338' title='bbox 1017 2653 1089 2708; x_wconf 76' lang='grc' dir='ltr'>μὲν</span> <span class='ocrx_word' id='word_1_339' title='bbox 1123 2653 1173 2708; x_wconf 77' lang='grc' dir='ltr'>δή</span> <span class='ocrx_word' id='word_1_340' title='bbox 1212 2653 1316 2707; x_wconf 76' lang='grc' dir='ltr'><strong><em>πρός</em></strong></span> <span class='ocrx_word' id='word_1_341' title='bbox 1352 2653 1523 2708; x_wconf 77' lang='grc' dir='ltr'><strong><em>ἑσπέρην</em></strong></span> 
     </span>
     <span class='ocr_line' id='line_1_71' title="bbox 872 2709 1523 2765; baseline -0.006 -12"><span class='ocrx_word' id='word_1_342' title='bbox 872 2716 945 2765; x_wconf 79' lang='grc' dir='ltr'><strong><em>τῆς</em></strong></span> <span class='ocrx_word' id='word_1_343' title='bbox 961 2709 1168 2764; x_wconf 74' lang='grc' dir='ltr'><strong><em>θαλάσσης</em></strong></span> <span class='ocrx_word' id='word_1_344' title='bbox 1184 2710 1355 2764; x_wconf 81' lang='grc' dir='ltr'><strong><em>ταύτης]</em></strong></span> <span class='ocrx_word' id='word_1_345' title='bbox 1386 2713 1523 2750; x_wconf 87' lang='lat' dir='ltr'>Intelli-</span> 
     </span>
     <span class='ocr_line' id='line_1_72' title="bbox 873 2769 1524 2820; baseline -0.002 -13"><span class='ocrx_word' id='word_1_346' title='bbox 873 2772 926 2820; x_wconf 77' lang='lat' dir='ltr'>git</span> <span class='ocrx_word' id='word_1_347' title='bbox 953 2770 1143 2819; x_wconf 80' lang='lat' dir='ltr'>regiones,</span> <span class='ocrx_word' id='word_1_348' title='bbox 1197 2782 1292 2819; x_wconf 82' lang='lat' dir='ltr'>quae</span> <span class='ocrx_word' id='word_1_349' title='bbox 1328 2781 1350 2806; x_wconf 87' lang='lat' dir='ltr'>a</span> <span class='ocrx_word' id='word_1_350' title='bbox 1386 2769 1524 2819; x_wconf 89' lang='lat' dir='ltr'>Caspio</span> 
     </span>
     <span class='ocr_line' id='line_1_73' title="bbox 872 2826 1524 2865; baseline -0.005 0"><span class='ocrx_word' id='word_1_351' title='bbox 872 2827 964 2865; x_wconf 82' lang='lat' dir='ltr'>mari</span> <span class='ocrx_word' id='word_1_352' title='bbox 1005 2827 1228 2864; x_wconf 87' lang='lat' dir='ltr'>occidentem</span> <span class='ocrx_word' id='word_1_353' title='bbox 1269 2838 1394 2865; x_wconf 80' lang='lat' dir='ltr'>versus</span> <span class='ocrx_word' id='word_1_354' title='bbox 1432 2826 1524 2863; x_wconf 81' lang='lat' dir='ltr'>sitae</span> 
     </span>
     <span class='ocr_line' id='line_1_74' title="bbox 875 2875 1523 2937; baseline -0.006 -12"><span class='ocrx_word' id='word_1_355' title='bbox 875 2886 984 2934; x_wconf 82' lang='lat' dir='ltr'>sunt,</span> <span class='ocrx_word' id='word_1_356' title='bbox 1022 2886 1062 2922; x_wconf 86' lang='lat' dir='ltr'>ut</span> <span class='ocrx_word' id='word_1_357' title='bbox 1088 2894 1171 2923; x_wconf 85' lang='lat' dir='ltr'>mox</span> <span class='ocrx_word' id='word_1_358' title='bbox 1199 2877 1248 2924; x_wconf 77' lang='grc' dir='ltr'><strong><em>τὰ</em></strong></span> <span class='ocrx_word' id='word_1_359' title='bbox 1274 2878 1369 2937; x_wconf 79' lang='grc' dir='ltr'><strong><em>πρὸς</em></strong></span> <span class='ocrx_word' id='word_1_360' title='bbox 1393 2875 1460 2935; x_wconf 73' lang='grc' dir='ltr'>ἠοῖ</span> <span class='ocrx_word' id='word_1_361' title='bbox 1482 2894 1523 2922; x_wconf 80' lang='grc' dir='ltr'><strong><em>τε</em></strong></span> 
     </span>
    </p>
   </div>
  </div>
 </body>
</html>
