1877 3223
431 222 488 260 66
845 209 1311 252 HERODOTl

433 329 527 379 τίας
555 325 790 382 ἐπιφέρων·
829 327 916 368 τῶν
954 322 1031 378 μὲν
1066 321 1247 365 ἐδύνατο
1287 318 1467 374 μέζονας
1504 312 1711 367 παρευρί-

435 419 563 459 σκειν,
584 406 739 462 μέζονα
765 400 1084 456 ἐπαιτιώμενος,
1109 404 1223 443 τοῖσι
1245 398 1290 442 δὲ
1304 395 1450 440 αὐτῶν
1469 394 1540 437 καὶ
1562 395 1712 448 φαῦλα

325 491 389 536 27
436 487 667 542 ἐπιφέρων.
721 482 796 533 Ὡς
839 483 884 525 δὲ
918 479 1001 535 ἄρα
1040 482 1082 524 οἱ
1118 479 1165 522 ἐν
1190 481 1243 534 τῇ
1269 474 1611 530 ἈσίῃἽΞλληνες
1640 478 1760 513 κει-85

151 555 307 582 Insulanos
339 563 393 590 ag-

119 595 294 623 gressurus,
340 589 391 616 dn-

119 625 250 649 terretur
283 622 347 650 sive.
373 631 393 649 a
480 644 489 657 r

121 655 228 682 Biante
262 656 326 684 sivo
373 664 393 683 n
437 661 488 687 vo

120 689 245 716 ffittaco.

435 563 707 619 τεστράφατο
745 562 786 612 ἐς
822 560 969 616 φόρου
1009 556 1272 614 ἀπαγωγήν,
1320 553 1369 597 τό
1402 553 1600 596 ἐνθεῦτεν
1629 550 1718 593 ἐπε-

494 659 552 694 εε,
583 642 682 691 νέας
711 639 1020 695 ποιησάμενος,
1048 634 1296 692 ἐπιχειρέειν
1325 637 1439 676 τοῖσι
1468 628 1716 686 νησιώτῃσι.

415 723 597 766 Ξέόντων
627 718 672 762 δέ
699 720 740 762 οῖ
769 718 943 761 πάντων
973 717 1155 772 ἑτοίμων
1194 715 1237 765 ἐς
1266 714 1345 770 τὴν
1374 710 1638 767 ναυπηγίην,
1677 706 1722 749 οἱ

438 802 517 857 μὲν
542 800 705 842 Βίαντα
733 795 905 852 λέγουσι
933 795 1011 840 τὸν
1038 794 1230 851 Πριηνέα
1260 791 1525 848 ἀπικόμενον
1542 789 1585 840 ἐς
1606 785 1769 841 Σάρ-9ο

441 882 527 930 δις,
575 878 618 921 οἱ
662 876 707 921 δὲ
744 874 961 919 Πιττακὸν
999 874 1076 918 τὸν
1112 876 1435 928 Μυτιληναῖον,
1495 864 1724 922 εἰρομένου

455 1067 556 1102 τοῖσι
580 1059 623 1101 δὲ
649 1055 808 1100 αὐτῶν
830 1057 897 1098 καὶ
921 1058 1059 1108 φαῦλα

400 1119 624 1171 ἐπιφέρων]
658 1112 820 1156 αὐτῶν
845 1116 903 1152 hic
930 1128 950 1152 e
976 1114 1058 1151 Me-

400 1178 504 1213 diceo
526 1174 709 1224 rescripsit
728 1172 948 1218 Gronovius,
960 1171 1059 1219 quod

400 1245 480 1270 cum
498 1230 678 1267 Sanerofti
705 1229 794 1266 liber
819 1228 950 1276 aliique
972 1240 1059 1263 con-

401 1289 602 1333 firmarent,
631 1286 716 1323 item
736 1285 874 1334 recepit
892 1283 1059 1320 Gaisfor-

402 1346 494 1381 dius.
525 1342 701 1390 Reliquae
721 1341 804 1379 edd.
818 1344 966 1378 recentt.
983 1338 1058 1375 vnl-

404 1396 529 1449 gareffi
555 1400 709 1435 sormam
735 1392 886 1435 αὐτέων
901 1395 1061 1431 ionicam

406 1457 580 1499 retinent,
623 1466 690 1489 uec
734 1453 853 1502 ipsam
897 1451 1062 1487 codicum

406 1511 631 1560 quorundam
665 1508 875 1545 auctoritate
910 1508 1063 1543 destitu-

405 1572 492 1604 tam.
522 1566 628 1602 Cons.
658 1565 686 1611 l,
718 1567 782 1605 66.
818 1563 872 1604 64
903 1563 965 1600 fin.
995 1564 1062 1604 29.

407 1623 538 1660 Matth.
563 1623 724 1658 Granuu.
744 1621 809 1656 Gr.
834 1633 870 1670 p.
886 1619 979 1660 513.

585 1705 695 1755 Cap.
732 1703 883 1740 xxvu.

468 1788 510 1828 οἷ
539 1785 610 1839 μὲν
641 1787 790 1827 Βίαντα
823 1784 978 1838 λέγουσι
1001 1781 1067 1825 τὸν

414 1843 596 1895 Πριηνέα
611 1859 648 1882 κ.
669 1858 703 1882 τ.
723 1846 770 1889 λ.]
801 1842 967 1879 Eandem
986 1854 1069 1878 nar-

411 1901 588 1937 rationem
611 1899 757 1937 exhibet
780 1899 932 1936 Diodor.
949 1898 1070 1934 inEx-

413 1960 527 2005 cerpt.
555 1954 593 2006 ἓ.
617 1955 670 1996 25
700 1955 748 1991 T.
771 1955 806 1990 ΙΙ
840 1968 876 2004 p.
899 1958 954 1995 22
987 1966 1070 1990 nov.

415 2013 599 2061 scriptorr.
623 2011 759 2048 collect.
779 2010 836 2047 ed.
855 2009 897 2045 A.
917 2008 1072 2046 Mat—-

415 2068 616 2116 Iunguntur
632 2072 773 2114 autem,
803 2070 975 2103 monente
995 2065 1072 2112 Cra,

418 2127 570 2171 uterque
613 2127 650 2160 et
698 2124 785 2159 Bias
820 2126 857 2159 et
900 2122 1073 2167 Pittacus,

418 2180 548 2217 eodem
575 2179 685 2215 modo
711 2191 734 2214 a
760 2178 912 2215 Platone
938 2177 985 2214 de
1017 2177 1074 2213 Re

417 2234 515 2285 publ.
548 2234 577 2281 I,
599 2237 624 2276 9
650 2248 686 2285 p.
707 2234 788 2275 335
819 2234 882 2270 inf.
916 2232 1014 2270 Nam
1036 2232 1073 2268 in

419 2295 562 2340 septem
596 2291 801 2339 sapientum
840 2301 990 2325 nurnero
1023 2287 1072 2323 illi

420 2346 665 2391 habebantur,
695 2349 735 2381 ut
752 2348 848 2381 recte
865 2345 935 2381 illic
959 2356 1074 2380 anno-

422 2405 477 2438 tat
499 2401 624 2438 Astius
656 2413 691 2450 p.
720 2400 815 2447 347,
844 2401 891 2437 ad
914 2401 1072 2448 Diogen.

419 2456 542 2494 Laert.
557 2457 595 2504 l,
614 2459 679 2497 76.
700 2458 753 2497 87
773 2470 802 2492 c.
819 2456 1021 2506 interprett.
1039 2460 1075 2491 et

419 2514 469 2549 ad
485 2512 650 2550 Perizon.
669 2513 717 2549 ad
734 2512 870 2550 Aelian.
888 2512 932 2549 V.
945 2512 994 2548 H.
1012 2511 1074 2557 111,

422 2570 475 2609 17
507 2569 717 2606 amandans.
746 2568 922 2605 Vixerunt
944 2568 1072 2604 Croesi

422 2628 563 2672 aetate,
593 2625 693 2674 quod
717 2625 805 2661 satis
834 2625 1006 2674 probatur
1031 2623 1075 2659 iis

424 2681 660 2728 testimoniis,
689 2694 783 2730 quae
800 2680 917 2717 attulit
939 2681 986 2718 ad
1004 2680 1037 2716 h.
1053 2678 1075 2716 l.

425 2734 701 2774 Larcherns.—
716 2735 774 2773 Ad
788 2738 937 2774 formam
953 2738 1076 2787 Πριη-

425 2790 516 2830 νέα
537 2795 628 2830 conf.
652 2794 687 2841 1,
709 2796 798 2834 170.
821 2794 884 2834 15.
910 2795 998 2834 161-
1014 2792 1077 2838 Vl,

428 2849 476 2895 8,
504 2849 564 2887 ubi
590 2853 796 2889 constanter
819 2863 837 2890 ε
866 2851 1077 2900 reperimus,

1125 1069 1205 1094 cum
1228 1055 1327 1104 prior
1344 1053 1473 1090 Ionum
1492 1051 1664 1089 dialectus
1682 1048 1772 1086 haec

1124 1125 1190 1163 per
1201 1116 1227 1160 ῆ
1249 1111 1438 1160 proferret.
1481 1108 1602 1151 Quam
1619 1107 1773 1143 formam

1125 1169 1162 1204 in
1195 1167 1387 1204 Herodoto
1434 1165 1549 1202 ubivis
1586 1163 1775 1200 restituere

1125 1237 1204 1262 cum
1232 1235 1388 1273 pronum
1417 1221 1482 1268 sit,
1521 1219 1639 1257 invitis
1669 1229 1777 1268 prae-

1125 1281 1250 1319 sertim
1272 1279 1372 1315 libris
1389 1277 1554 1327 scriptis,
1583 1276 1677 1312 hunc
1691 1273 1778 1309 scri-

1126 1342 1267 1387 ptorem
1295 1335 1364 1370 iam
1401 1333 1520 1382 magis
1549 1332 1596 1369 ad
1626 1329 1778 1368 mitioris

1128 1393 1258 1428 atticae
1279 1390 1420 1426 dialecti
1436 1390 1570 1426 formas
1587 1387 1780 1424 inclinasse

1129 1448 1320 1485 dicendum
1352 1446 1428 1482 erit.
1472 1445 1533 1481 Tu
1551 1444 1633 1480 vide
1662 1443 1781 1479 Bron-

1129 1505 1247 1541 stedts
1270 1503 1406 1539 Reisen
1422 1505 1487 1538 etc.
1504 1515 1539 1551 p.
1561 1501 1654 1547 128,
1673 1509 1782 1548 quem

1129 1560 1248 1597 locum
1270 1558 1334 1596 Cr.
1357 1557 1612 1608 adscripscrat.

1189 1615 1230 1655 οἱ
1252 1612 1295 1654 δὲ
1318 1610 1518 1653 Πιττακόν
1538 1609 1604 1651 τὸν
1626 1613 1708 1650 Μυ
1720 1608 1780 1649 τί-

1133 1675 1153 1712 λ
1164 1687 1189 1722 η
1203 1686 1225 1710 ν
1238 1687 1261 1709 α
1274 1674 1318 1710 ῖο
1333 1668 1385 1722 ν]
1404 1670 1524 1718 Vulgo
1548 1669 1694 1706 Μιτυλ.
1716 1667 1784 1703 im-

1133 1729 1304 1780 primunt,
1327 1726 1424 1763 libris
1437 1726 1600 1762 omnibus
1623 1723 1784 1761 adsenti-

1134 1786 1213 1822 buS.
1284 1783 1448 1826 Quorum
1482 1786 1603 1819 tamen
1630 1779 1786 1817 auctori-

1134 1845 1247 1878 tatem
1274 1844 1309 1877 et
1342 1839 1398 1876 hic
1441 1842 1477 1875 et
1516 1838 1555 1885 Ι,
1585 1838 1665 1878 160
1705 1848 1785 1874 cum

1137 1896 1323 1933 Gaisford.
1355 1899 1392 1931 et
1420 1894 1550 1931 Matth.
1579 1893 1786 1943 relinquen-

1138 1954 1222 1989 dam
1244 1952 1433 1999 dnximus,
1461 1951 1660 1988 scribentes
1685 1951 1738 1988 M
1743 1964 1786 1987 v-

1138 2023 1158 2046 τ
1171 2023 1185 2046 ι
1199 2010 1377 2058 ληναῖον.
1434 2006 1604 2056 Namque
1630 2006 1680 2043 ita
1700 2018 1787 2043 con-

1139 2069 1278 2102 stanter
1299 2064 1468 2102 exhibent
1487 2063 1604 2107 numi;
1633 2074 1787 2110 eamque

1139 2121 1353 2170 scripturam
1366 2149 1376 2166 ,
1409 2123 1448 2155 ut
1469 2119 1558 2155 alios
1578 2123 1730 2164 taceam,
1750 2118 1788 2155 in

1140 2177 1305 2212 omnibus
1324 2188 1345 2211 a
1367 2188 1407 2212 se
1422 2175 1528 2211 editis
1553 2174 1787 2223 scriptoribus

1139 2232 1253 2268 tenuit
1271 2230 1478 2267 lmmannel.
1509 2229 1669 2267 Bekker.
1688 2230 1787 2266 haud

1139 2300 1267 2324 curans
1289 2299 1351 2322 eos
1364 2315 1375 2332 ‚
1421 2287 1451 2322 si
1468 2287 1529 2335 qui
1550 2291 1675 2323 contra
1689 2286 1789 2324 codi-

1141 2355 1219 2380 cum
1238 2342 1346 2379 fidem
1374 2343 1586 2392 scripturam
1614 2343 1707 2379 hanc
1732 2343 1788 2379 in·-

1141 2399 1327 2436 serendam
1353 2403 1542 2447 negarent.
1580 2398 1628 2435 Et
1647 2398 1786 2435 variant

1141 2456 1263 2503 utique
1286 2454 1433 2491 multum
1456 2455 1556 2502 libri,
1574 2454 1788 2505 plerumque

1141 2516 1260 2548 tamen
1282 2511 1450 2549 exhibent
1467 2524 1545 2548 eam
1560 2511 1786 2561 scripturam,

1142 2580 1235 2616 quae
1255 2568 1371 2603 numis
1398 2567 1575 2604 contraria
1597 2571 1664 2614 est,
1674 2580 1786 2616 quae-

1142 2636 1214 2672 que
1233 2625 1340 2661 etiam
1359 2625 1396 2661 in
1417 2624 1522 2661 editis
1550 2623 1660 2672 vulgo
1688 2623 1787 2661 exhi-

1144 2679 1257 2719 betur.
1314 2678 1394 2717 Nec
1424 2679 1528 2718 aliter
1556 2681 1655 2731 apud
1683 2678 1786 2717 Lati-

1142 2747 1230 2782 nos,
1270 2736 1331 2772 nbi
1357 2736 1570 2786 plerumque
1599 2734 1786 2786 Mitylene,

1143 2792 1210 2829 sed
1246 2791 1383 2842 passim
1421 2805 1566 2842 quoque
1604 2791 1786 2842 Mytilene.

1143 2848 1225 2892 Qua
1245 2849 1291 2888 de
1302 2861 1341 2886 re
1351 2848 1530 2900 copi⁰sius
1552 2849 1627 2898 egit
1640 2861 1784 2886 omnes-
