1877 3223
414 258 443 295 6
816 239 1278 285 HERODOTI

414 362 622 417 Ἐρυθρῆς
643 355 903 412 καλεομένης
922 351 1147 407 θαλάσσης
1168 348 1459 403 οἷπικομένους
1478 345 1546 389 ἐπὶ
1564 343 1692 402 τήνδε

418 438 498 496 τὴν
514 436 760 486 θάλασσαν,
789 435 860 479 καὶ
884 431 1140 488 οἰκήσαντας
1153 430 1312 471 τοῦτον
1339 425 1416 468 τὸν
1444 428 1589 481 χῶρον
1617 424 1693 487 τὸν

420 518 494 563 καὶ
521 520 602 559 νῦν
629 513 842 565 οἰκέουσι,
872 510 1025 556 αὐτίκα
1052 507 1296 562 ναυτιλίῃσι
1325 507 1516 559 μακρῇσι
1555 502 1694 546 ἐπιθέ-

423 601 553 641 σθαι·
590 591 898 650 ἀπαγινέοντας
933 590 977 634 δὲ
1008 588 1167 645 φορτία
1196 581 1410 639 Αἰγύπτιά
1440 597 1483 625 τε
1511 582 1583 625 καὶ
1606 580 1696 624 Ἀσ-

401 674 576 728 3σύρια,
615 675 668 729 τῇ
695 687 740 715 τε
769 670 876 728 ἄλλῃ
904 669 1018 725 χώρῃ
1049 664 1400 712 ἐσαπικνέεσθαι,
1431 660 1505 704 καὶ
1534 659 1587 715 δὴ
1623 659 1742 704 καὶ15

423 754 465 804 ἐς
481 752 646 808 Ἄργος.

713 750 771 794 Τὸ
801 749 846 793 δὲ
865 748 1018 803 ’Ἁργος
1046 749 1205 788 τοῦτον
1233 743 1310 786 τὸν
1340 739 1501 797 χρόνον
1530 743 1700 795 προεῖχε

423 833 556 876 ἅπασι
589 832 678 873 τῶν
705 828 753 873 ἐν
780 831 833 885 τῇ
860 831 943 871 νῦν
965 824 1136 869 Ἑλλάδι
1164 820 1400 878 καλεομένῃ
1427 817 1560 876 χώρῃ.
1589 816 1699 861 'Am-

380 982 501 1019 juillet
529 995 564 1030 p.
599 980 677 1020 405
707 992 782 1027 seq.
811 978 896 1026 ibiq.
931 976 1028 1013 land.

381 1038 472 1076 Plin.
495 1038 541 1074 H.
562 1036 608 1073 N.
628 1036 689 1081 vi,
720 1037 772 1077 23
796 1048 830 1083 p.
852 1033 1029 1080 327ibiq.

383 1094 558 1131 Harduin.
597 1091 771 1128 Yidelicet
802 1091 836 1127 in
868 1090 925 1125 illo
948 1088 1031 1124 Ale-

385 1149 512 1187 xandri
555 1148 738 1184 itinerario
780 1146 865 1182 illud
901 1157 1034 1181 nomen

384 1205 540 1255 primum
580 1204 714 1240 diserte
760 1202 910 1239 inditum
945 1201 1035 1238 mari

384 1260 626 1308 Erythraeof‘

442 1311 707 1364 ἀπικομένους
732 1310 797 1352 ε’πὶ
821 1307 940 1361 τήνδε
966 1307 1040 1360 τήν

385 1368 618 1415 θάλασσαν]
666 1369 785 1406 Hocce
829 1380 923 1403 mare
961 1367 1040 1403 No-

387 1432 465 1464 stro
485 1427 612 1462 dieitur
628 1437 726 1462 mare
746 1422 1039 1460 mediterraneum.

388 1483 643 1533 Exposnerunt
710 1479 1039 1527 Schweighaeuser.

389 1540 437 1576 ad
461 1538 615 1587 Appian.
636 1536 801 1573 prooem.
834 1534 861 1571 l.
889 1534 968 1570 Yol.
994 1533 1044 1570 ΠΙ

390 1609 425 1645 p.
459 1597 558 1639 110,
597 1599 633 1630 et
669 1591 751 1637 alii,
794 1603 885 1639 quos
921 1590 1044 1626 laudat

389 1648 643 1699 Vl'yttenbach.
701 1646 845 1685 Selectt.
903 1646 1042 1684 Histor.

390 1719 426 1758 p.
447 1706 540 1747 343.

447 1756 589 1800 αὐτίκα
628 1757 849 1812 ναυτιλίῃσι
884 1759 1042 1811 μακρῇ-

395 1830 459 1857 σιν
480 1813 798 1860 ἐπιθέσθαι]
830 1815 851 1851 i.
874 1828 903 1851 e.
929 1827 1044 1861 „con-

394 1877 493 1911 tiano
520 1872 807 1920 navigationibus
846 1870 1045 1919 longinquis

396 1942 529 1980 operam
557 1928 735 1972 de‹11·sse,“
759 1932 798 1963 ut
818 1931 915 1963 recte
936 1927 1046 1962 inter-

395 1988 556 2036 pretatur
596 1982 795 2030 Schweigh.
846 1983 951 2024 Quae
987 1995 1045 2018 se-

398 2044 553 2090 qnuntur
570 2039 680 2074 verba
709 2033 992 2089 ἀπαγινέοντας
1009 2034 1051 2075 δὲ

400 2095 544 2146 φορτία
565 2089 768 2144 Αἰγύπτιά
793 2107 834 2132 τε
867 2092 934 2132 καὶ
965 2089 1050 2131 Ἀσ-

401 2148 544 2203 σύρια,
583 2151 670 2187 satis
703 2150 906 2196 declarant,
945 2161 1052 2198 quam

401 2212 540 2246 mature
558 2207 626 2242 iam
657 2206 854 2243 Phoenices
884 2209 920 2242 et
940 2205 1054 2252 Assy-

403 2264 491 2300 riam
519 2267 555 2299 ct
583 2261 788 2311 Aegyptum
818 2261 1052 2309 cognoverint

403 2324 512 2368 atque
532 2319 778 2356 commercium
800 2331 879 2354 cum
901 2318 955 2354 his
979 2321 1052 2352 ter-

405 2376 453 2412 ris
480 2374 705 2411 instituerint.
775 2374 915 2417 Quibus
946 2373 1054 2410 etiam

405 2430 626 2479 Babylonem
664 2430 968 2467 adnumerandam
998 2442 1055 2465 es-

408 2500 472 2533 se,
511 2489 663 2523 testatur
695 2490 769 2522 tum
809 2486 924 2535 ipsius
958 2484 1057 2521 vocis

408 2556 495 2579 usus
538 2541 591 2578 vel
633 2542 752 2590 potius
779 2542 941 2578 confusio
984 2540 1057 2588 (de

412 2610 484 2646 qua
501 2599 543 2634 cs.
562 2600 635 2632 not.
655 2597 700 2633 ad
719 2597 755 2644 1,
784 2600 882 2646 192)
901 2603 975 2634 tum
1002 2608 1058 2632 sa-

415 2665 476 2690 cra
518 2653 710 2701 scriptura,
757 2654 807 2690 ita
841 2658 878 2690 ut
919 2653 1060 2703 praeci-

416 2721 527 2759 puum
561 2707 775 2746 Phoenicum
809 2709 1061 2746 commercium

418 2776 497 2802 cum
530 2763 714 2812 Babylone
740 2765 852 2803 fuisse
886 2765 961 2802 inre
995 2777 1061 2814 po-

420 2824 482 2856 nat
500 2820 654 2857 Hem-cn.
683 2820 791 2858 ldeen
814 2821 841 2869 l,
867 2824 894 2863 2
919 2834 953 2872 p.
985 2820 1063 2862 125

420 2888 500 2926 sqq.
518 2875 591 2913 coll.
622 2878 709 2918 118.

1141 970 1185 1012 τό
1229 970 1271 1011 δὲ
1302 968 1449 1022 ’Ἄργος
1493 990 1550 998 -
1586 971 1744 1019 προεῖχε

1088 1026 1214 1068 ἅπασι
1239 1030 1318 1066 τῶν
1347 1026 1390 1066 ἐν
1421 1028 1471 1080 τῇ
1491 1027 1568 1064 νῦν
1587 1022 1744 1064 Ἑλλάδι

1088 1083 1304 1137 καλεομένῃ
1332 1079 1456 1134 χώρῃ]
1489 1082 1511 1117 i.
1532 1095 1563 1119 e.
1593 1082 1744 1129 „Argos

1089 1156 1170 1179 vero
1203 1162 1258 1169 -—
1287 1140 1440 1176 omnibus
1475 1137 1575 1174 rebus
1601 1139 1746 1174 eminuit

1090 1202 1181 1236 iuter
1220 1197 1320 1234 urbes
1364 1198 1439 1232 eius
1482 1197 1612 1240 terrae,
1659 1205 1748 1243 quae

1094 1267 1186 1292 nunc
1214 1253 1365 1290 Graecia
1392 1250 1599 1300 appellatur.
1610 1251 1634 1269 “
1673 1250 1746 1287 Ubi

1096 1312 1144 1348 ad
1162 1312 1242 1348 τῶν
1263 1321 1306 1346 ε(
1324 1307 1526 1344 sententiae
1542 1318 1637 1343 nexu
1659 1319 1748 1356 sup-

1095 1367 1266 1417 plendum
1292 1359 1468 1409 πόλεων,
1505 1363 1604 1411 quod
1628 1362 1748 1412 ipsum

1096 1422 1237 1459 addidit
1255 1420 1419 1457 Eustath.
1445 1419 1492 1455 ad
1508 1419 1661 1466 Dionys,
1677 1418 1749 1455 Pe-

1096 1479 1186 1526 rieg.
1223 1491 1258 1528 p.
1286 1478 1361 1522 76,
1401 1477 1421 1515 1
1460 1480 1496 1512 et
1531 1471 1656 1512 ἅπασι
1681 1485 1749 1524 pro

1101 1535 1222 1571 dativo
1263 1532 1314 1569 rei
1359 1531 1630 1580 accipiendum,
1677 1528 1752 1580 qud

1100 1590 1235 1627 scilicet
1259 1589 1389 1625 haecce
1417 1587 1502 1623 urbs
1537 1585 1752 1624 excelluerit.

1098 1646 1181 1683 Yid.
1200 1644 1329 1681 Matth.
1348 1644 1412 1680 Gr.
1440 1643 1504 1679 Gr.
1523 1641 1560 1694 ξ.
1582 1642 1685 1689 400,
1711 1643 1751 1682 7.

1099 1716 1134 1753 p.
1179 1703 1261 1742 732
1311 1703 1367 1746 et,
1412 1711 1519 1747 quem
1567 1698 1632 1735 Cr.
1676 1698 1754 1735 lau-

1101 1760 1185 1804 dat,
1248 1755 1490 1792 Wunderlich.
1545 1755 1756 1792 observatt.

1100 1812 1277 1860 Aeschyli.
1305 1826 1341 1862 p.
1370 1811 1434 1852 75.
1466 1811 1539 1854 Qui
1563 1812 1660 1848 idem
1689 1809 1754 1847 Cr.

1101 1871 1149 1907 ad
1170 1869 1280 1906 xerba
1297 1867 1339 1907 έν
1352 1870 1401 1920 τῇ
1422 1869 1494 1906 νῦν
1514 1862 1672 1905 Ἑλλάδι
1687 1880 1754 1904 κα-

1102 1923 1268 1978 λεομένῃ
1306 1919 1412 1977 χώρῃ
1447 1927 1633 1973 comparat
1652 1921 1756 1959 Thu-

1105 1982 1183 2020 cvd.
1210 1981 1247 2026 1,
1278 1984 1304 2020 2
1334 1979 1515 2028 φαίνεται
1535 1975 1610 2032 γαρ
1628 1975 1658 2030 ἦ
1680 1979 1758 2017 νῦν

1102 2033 1240 2083 Ἑλλὰς
1259 2034 1489 2087 καλεομένη.

1161 2150 1210 2201 τῇ
1258 2161 1298 2186 τε
1336 2144 1432 2200 ὄέλλῃ
1476 2141 1587 2200 χώρῃ
1628 2143 1760 2184 ἐσαπι-

1107 2202 1317 2249 κνέεσθαι]
1357 2204 1439 2240 Hoc
1465 2203 1501 2239 in
1529 2203 1608 2239 loco
1637 2202 1762 2239 vocula

1108 2256 1216 2312 χώρῃ
1244 2259 1457 2296 auctoritate
1481 2260 1560 2296 cod.
1587 2258 1670 2295 Par.
1696 2258 1761 2296 de-

1109 2317 1218 2354 lenda
1235 2317 1376 2352 videtur
1402 2315 1597 2353 Schaesero
1624 2314 1674 2351 ad
1686 2314 1762 2352 De-

1110 2372 1241 2410 mosth.
1269 2371 1316 2408 T.
1342 2371 1374 2407 11
1411 2384 1447 2420 p.
1470 2371 1547 2412 165
1575 2371 1622 2407 ob
1646 2370 1762 2407 locum

1111 2427 1266 2465 similem
1293 2427 1364 2474 Ill,
1391 2428 1455 2468 61.
1494 2427 1608 2464 Addit
1633 2426 1762 2462 Matth.

1112 2483 1166 2531 11,
1195 2486 1294 2531 116,
1331 2483 1391 2532 qui
1427 2483 1522 2520 idem
1559 2483 1596 2519 in
1631 2482 1764 2519 Gram-

1114 2544 1199 2577 mat.
1227 2538 1262 2590 ᾖ.
1291 2539 1393 2586 402,
1430 2551 1459 2575 c.
1485 2552 1520 2589 p.
1555 2539 1636 2579 736
1672 2538 1766 2575 hunc

1114 2596 1230 2633 locum
1270 2595 1394 2632 laudat
1433 2595 1480 2631 ob
1516 2595 1627 2632 dativi
1662 2607 1765 2631 usum

1116 2656 1203 2703 post
1225 2652 1335 2689 verba
1360 2664 1438 2688 cum
1468 2650 1525 2699 εἰς
1553 2651 1766 2702 composita.

1118 2707 1198 2746 Nos
1235 2707 1335 2745 libris
1369 2707 1490 2758 invitis
1526 2707 1615 2745 nihil
1649 2710 1766 2745 muta-

1119 2776 1245 2802 vimus.

1178 2871 1441 2927 ἀπικομένους
1478 2872 1522 2915 δὲ
1551 2870 1643 2921 τούς
1676 2871 1768 2913 Φοί-
