1909 3228
471 218 556 257 678

862 214 1337 255 HERODOTI

474 326 582 381 πρὸς
601 327 758 380 τοῖχον.
782 322 897 367 οὕτω
917 323 996 378 μὲν
1013 323 1121 375 τούς
1140 323 1192 367 τὰ
1213 324 1553 370 πολυτελέστατα
1574 323 1731 371 σκευά-
1742 334 1787 369 55

417 666 511 705 enim
531 679 671 704 summa
689 669 726 704 in
746 667 833 717 ipsis
852 669 1064 706 condiendis

416 723 566 761 mortuis
593 736 698 771 cura,
744 724 794 760 ita
820 724 917 761 haud
948 726 1067 762 minor

416 780 455 816 in
487 779 572 816 locis
620 780 827 830 sepulturae
875 781 1065 830 eligendis.

416 835 626 873 Thebaicae
656 840 775 874 autem
796 838 956 886 regionis
986 851 1067 875 cum

414 905 554 929 summa
571 896 671 930 esset
685 894 858 931 sanctitas
871 924 881 942 ,
912 907 1065 932 consen-

412 952 559 986 taneum
586 950 752 999 profecto
772 979 783 997 ,
821 951 1064 1001 opulentiores

413 1017 562 1054 quoque
585 1005 666 1043 illuc
686 1020 839 1057 corpora
867 1021 931 1044 sua
950 1008 1066 1045 medi-

412 1065 493 1098 cata
503 1062 635 1099 deferri
646 1066 755 1112 atque
766 1065 893 1113 reponi
903 1065 1065 1102 iussisse.

412 1116 490 1154 Iam
510 1131 637 1155 seusus
655 1119 818 1156 lectionis
841 1133 861 1156 a
881 1121 1067 1158 Creuzero

411 1173 574 1224 pluribus
593 1175 791 1214 illustratae
809 1176 871 1224 (cf.
893 1190 977 1227 pag.
998 1179 1065 1218 73.

415 1230 470 1272 95
492 1243 595 1280 seqq.
631 1233 711 1273 103
730 1234 855 1283 seqq.)
887 1233 944 1270 hic
977 1234 1066 1271 erit:

417 1299 561 1337 corpora
577 1288 751 1326 medicata
769 1294 800 1326 et
819 1293 913 1327 arcis
931 1290 1068 1327 inclusa

414 1342 578 1393 (leserunt
607 1347 644 1382 z'n
675 1345 884 1383 Thebaidem
913 1347 1068 1397 (utpote

413 1401 654 1438 conditorium
687 1402 862 1451 religione
913 1404 1068 1441 maxime

415 1458 685 1506 consecratum)
704 1459 820 1508 ibique
845 1461 882 1496 in
910 1459 1067 1510 sepulcro

414 1511 576 1549 condunt.
634 1514 758 1551 Unum
778 1519 923 1563 tamen,
963 1519 1066 1553 ante-

414 1580 523 1616 quam
562 1570 608 1607 de
641 1569 795 1608 lectione
824 1573 954 1609 certius
979 1584 1067 1622 pro-

412 1625 657 1673 nuntiaveris,
686 1631 831 1677 reputes
850 1628 975 1671 velim,
1010 1626 1067 1666 οἷ’-

414 1694 522 1731 κημα
544 1695 623 1719 cum
652 1682 758 1720 latius
778 1688 903 1733 pateat
927 1684 1066 1733 signifi-

415 1738 557 1775 catione
576 1767 587 1785 ,
626 1742 663 1775 et
689 1752 941 1789 quamcunque
965 1740 1066 1778 aedi-

413 1793 529 1830 culam
550 1806 774 1833 cameramve
794 1797 969 1833 denotare
978 1809 1066 1846 pos-

416 1849 483 1896 sit,
513 1863 662 1888 necesse
681 1852 795 1889 videri
823 1853 980 1890 addatur
998 1852 1064 1889 ali-

415 1907 515 1955 quod
538 1907 774 1955 vocabulum,
804 1921 876 1958 quo
905 1909 980 1946 eius
1012 1908 1064 1945 vis

415 1963 615 1999 accuratius
636 1963 829 2002 definiatur
849 1969 885 2003 et
908 1964 1065 2002 illustre-

414 2021 484 2055 tur.
544 2019 656 2063 Quod
678 2021 840 2058 additum
863 2022 1064 2059 invenimus

412 2077 610 2125 θηκαῖον,
660 2076 698 2113 id
726 2078 774 2114 ad
811 2082 1064 2127 argumentum

412 2144 485 2168 non
505 2132 667 2182 ineptum
688 2133 803 2171 videri
820 2135 978 2185 poterit,
1012 2135 1065 2171 ita

412 2191 455 2224 ut
474 2188 602 2225 domus
623 2189 843 2238 intelligatur
863 2205 891 2228 5.
909 2203 1065 2238 camera,

412 2245 647 2282 adservandis
665 2245 790 2284 loculis
802 2242 990 2298 (θήκαις)
1001 2248 1067 2284 de-

414 2300 557 2338 stinata.
598 2301 860 2341 Valckenarius
875 2333 887 2352 ,
917 2305 979 2353 qui
998 2303 1066 2341 loci

413 2356 667 2395 difficultatem
693 2361 904 2410 perspexit,
944 2360 1065 2397 conie-

415 2416 513 2449 cerat
558 2412 600 2452 ἐν
645 2411 831 2467 οἰκήματι
880 2418 1062 2469 καινῷ,

414 2471 721 2517 quemadmodum
742 2474 850 2510 etiam
865 2473 964 2524 apud
976 2457 1067 2510 Dio-

416 2526 544 2562 dorum
580 2526 618 2574 I,
659 2530 713 2568 92
755 2533 883 2568 exstat.
941 2529 1065 2567 Nolim

415 2582 584 2629 equidem
601 2586 835 2633 pronuntiare
856 2586 892 2622 in
910 2599 949 2623 re
970 2586 1067 2622 diffi-

415 2636 718 2683 cillima3videant
733 2643 934 2692 peritiores.
948 2642 1066 2689 Miot.,

415 2692 505 2729 alter
535 2695 661 2732 Gallus
681 2696 882 2748 interpres,
916 2699 966 2735 sic
984 2711 1067 2735 ver-

417 2748 480 2784 tit:
512 2750 631 2796 „dans
653 2751 688 2788 la
706 2754 864 2792 chambre
874 2754 1068 2806 se'pulcrale

418 2803 459 2839 ‹le
478 2803 514 2839 la
529 2806 681 2854 samclle.
685 2810 710 2829 ‘⁶

477 2855 578 2899 οὕτω
613 2861 685 2914 μὲν
715 2863 808 2913 τοῦς
835 2864 882 2906 τά
909 2870 1066 2908 πολυτε-

348 404 415 449 8ἴ
472 408 593 457 ζουσι
620 402 816 458 νεκρούς.
863 401 977 453 Τούς
1007 404 1051 447 δὲ
1081 403 1132 446 τά
1162 402 1270 461 μέσα
1300 405 1620 461 βουλομένους,
1650 405 1730 462 τὴν

144 466 422 529 Ῐιῖεᾟᾳῖῗηῖιιῖἷᾞῐῖἓ.
448 483 527 526 2δὲ
554 485 840 540 πολυτεληΐην
870 479 1131 539 φεύγοντας,
1173 483 1430 538 σκευάζουσι
1459 479 1554 529 ὦδε.
1603 485 1731 529 ἐπεὰν

1135 668 1296 709 λε’στατα
1337 662 1571 715 σκευάζουσι
1600 663 1785 720 νεκρούς]

1134 726 1314 777 Supplere
1348 726 1466 775 possis
1497 739 1575 762 cum
1600 725 1787 774 Schweig-

1134 783 1311 821 haeusero
1329 783 1528 819 orationem
1547 782 1641 818 hunc
1658 782 1694 818 in
1709 794 1788 818 mo-

1135 840 1242 877 dum:
1289 835 1385 885 τοΰς
1415 834 1513 877 κατά
1545 834 1592 876 τά
1623 840 1787 877 πολυτε-

1133 892 1640 946 λέσταταταριχευομένους.
1672 895 1789 939 Quid-

1132 953 1170 990 ni
1201 952 1337 990 facilius
1370 952 1557 1002 supplere:
1598 949 1787 1002 βουλομέ-

1133 1023 1250 1055 νους,
1282 1013 1321 1045 ut
1345 1009 1381 1045 in
1402 1022 1504 1057 seqq.
1535 1022 1630 1054 τους
1649 1004 1697 1046 τὰ
1718 1005 1788 1058 με’-

1135 1077 1184 1104 6oe
1213 1063 1407 1116 βουλομέι
1412 1080 1502 1113 ovs-,-
1533 1077 1660 1102 sensus
1689 1064 1788 1101 haud

1135 1123 1328 1159 obscurus:
1358 1122 1475 1169 „haec
1501 1125 1551 1158 est
1566 1122 1660 1157 ratio
1675 1133 1788 1170 appa-

1135 1178 1241 1216 ταηάί
1265 1191 1306 1215 ea
1322 1178 1518 1225 cadavera,
1548 1190 1637 1227 quae
1653 1179 1788 1226 pretio-

1134 1238 1276 1273 sissima
1296 1235 1438 1272 condita
1455 1234 1615 1271 volunt.“
1635 1233 1694 1270 Ad
1707 1246 1790 1271 ver-

1136 1293 1202 1330 ba:
1238 1288 1413 1338 ἱστάντες
1436 1286 1566 1342 ὅρθόν
1585 1286 1683 1341 πρὸς
1711 1292 1789 1329 τοῖ-

1136 1363 1206 1400 χον
1235 1353 1360 1387 monet
1394 1348 1546 1386 Belzoni
1573 1347 1744 1396 (voyage
1771 1345 1788 1382 I

1135 1419 1172 1456 p.
1195 1407 1296 1453 266)
1319 1406 1356 1442 in
1379 1404 1513 1454 cryptis
1533 1416 1555 1440 a
1580 1416 1619 1440 se
1637 1402 1787 1440 detectis

1135 1475 1176 1499 se
1198 1461 1417 1498 contrarium
1435 1460 1633 1506 invenisse,
1648 1459 1787 1509 quippe

1132 1518 1284 1555 mumias
1311 1517 1517 1564 „couchees
1544 1528 1612 1565 par
1629 1515 1785 1563 rangees

1132 1573 1376 1610 horizontales
1400 1585 1411 1618 ·,
1462 1571 1637 1621 quelques
1657 1593 1674 1598 -
1695 1584 1784 1608 unes

1132 1630 1269 1667 etaient
1297 1629 1491 1666 enfoncees
1533 1629 1626 1665 dans
1661 1641 1710 1664 un
1736 1627 1787 1664 ei-

1133 1690 1235 1723 ment
1264 1686 1325 1735 qui
1352 1698 1373 1722 a
1393 1686 1442 1722 du
1463 1686 1538 1721 etre
1558 1697 1643 1721 mou
1662 1684 1786 1733 quand

1132 1741 1185 1780 les
1209 1743 1344 1780 caisses
1360 1755 1383 1791 y
1411 1745 1475 1777 ont
1494 1741 1552 1778 e‘te‘
1569 1740 1786 1790 deposeesf·

1287 1825 1319 1863 C
1330 1838 1351 1862 a
1362 1838 1399 1876 p.
1429 1823 1652 1862 LXXXVII.

1188 1906 1282 1957 τοὺς
1310 1906 1354 1948 δὲ
1390 1905 1437 1948 τά
1468 1906 1568 1960 μέσα
1595 1906 1788 1960 βουλομέ-

1132 1965 1251 2017 νους]
1293 1966 1399 2010 Quae
1447 1966 1497 2003 sic
1533 1966 1788 2003 circumscribit

1131 2024 1317 2074 Ηε)ῃὶυ5;
1378 2037 1474 2068 τους
1521 2020 1788 2093 βουλομένους

1131 2077 1231 2119 κατά
1261 2093 1353 2146 την
1394 2077 1518 2130 μέσην
1564 2078 1788 2130 ταρίχευσίν

1133 2149 1207 2186 σφι
1234 2131 1301 2175 τὸν
1331 2150 1473 2186 νεκρον
1500 2137 1786 2185 σκευασθηναι.

1132 2192 1182 2229 Et
1203 2194 1297 2230 conf.
1312 2192 1357 2240 ll,
1375 2194 1427 2233 88
1446 2192 1521 2228 init.
1551 2192 1786 2241 Quamquam

1134 2250 1285 2287 verbum
1312 2245 1514 2294 σκευάζειν
1540 2261 1615 2285 non
1644 2252 1718 2286 tam
1738 2248 1786 2285 ad

1133 2306 1235 2356 ipsos
1274 2305 1497 2342 necessarios
1535 2305 1695 2342 defuncti
1724 2317 1787 2341 cu-

1133 2375 1210 2399 ram
1229 2366 1422 2410 gerentes,
1452 2374 1561 2410 quam
1588 2362 1636 2398 ad
1663 2373 1784 2398 curam

1132 2422 1274 2455 mortuo
1312 2418 1592 2468 impendendam
1632 2420 1786 2467 spectat.

1132 2475 1205 2512 Pro
1230 2472 1497 2525 βουλομένους
1518 2474 1601 2511 olim
1623 2474 1786 2524 βουλευ-

1134 2529 1299 2582 μὲνους,
1341 2531 1441 2579 quod
1471 2531 1516 2567 ab
1544 2531 1693 2579 antiqua
1711 2531 1787 2567 sor-

1132 2600 1192 2625 ma
1221 2585 1434 2638 βουλὲομαι
1452 2588 1688 2637 repetendum
1712 2598 1787 2624 non

1133 2644 1299 2693 displicet
1317 2643 1671 2692 Schweighaeusero.
1688 2643 1786 2681 Nam

1132 2701 1234 2738 verbi
1272 2694 1539 2752 βουλεύεσθαι
1574 2699 1691 2736 nullus
1729 2699 1787 2737 hic

1135 2757 1246 2793 locus.
1306 2756 1413 2792 Conf.
1436 2756 1488 2803 ll,
1508 2758 1573 2797 86.
1595 2755 1670 2803 VI,
1689 2758 1755 2797 66.

1192 2810 1267 2863 τὴν
1289 2809 1331 2851 δὲ
1342 2813 1602 2862 πολυτεληΐην
1614 2808 1785 2863 φεύγον-

1136 2867 1218 2919 τας]
1250 2868 1399 2919 Aliquot
1415 2869 1495 2906 libri
1517 2867 1783 2919 πολυτελείην,
