1909 3228
555 235 1071 278 EUTERPE.II.
1343 243 1427 284 499

671 346 792 391 Ἔστι
837 348 882 392 δὲ
918 351 993 404 τῆς
1032 346 1233 405 Αραβῖης
1255 346 1419 405 χώρης’
1476 357 1563 434 1988
1590 407 1748 436 Arabicus:

174 425 400 482 Αἰγύπτου
431 426 476 468 δὲ
506 423 560 469 οὐ
590 425 759 482 πρόσω,
806 425 968 477 κόλπος
1004 427 1226 484 θαλάσσης
1265 426 1419 483 ἐσέχων
1431 407 1749 514 61ἓὲἒιπιὲιέιὲἆαρυῐ
1702 484 1750 504 um

171 505 218 548 ἐκ
246 509 321 560 τῆς
344 502 562 562 Ερυθρῆς
593 506 853 562 καλεομένης
879 505 1126 563 θαλάσσης,
1158 506 1322 562 μακρὸς
1339 506 1418 550 οὕ-
1472 507 1567 535 fuisse

55 356 116 401 11
176 345 356 402 ἤπειρον
393 346 608 403 πεποίηκε.

141 591 235 627 Ξτω
269 582 323 640 δή
353 600 391 626 τι
422 586 494 628 καὶ
524 584 712 636 στεινος,
744 582 802 635 ὥς
825 585 1002 640 ἔρχομαι
1035 585 1231 641 φράσων.
1287 589 1423 641 μῆκος

169 664 248 719 μὲν
276 664 439 715 πλόου,
488 663 713 722 ἀρξαμένῳ
744 664 790 707 ἐκ
818 667 958 718 μυχοῦ
989 666 1248 708 διεκπλῶσαι
1277 664 1318 715 ἐς
1345 665 1423 720 τὴν

167 740 322 798 εὐρὲην
360 740 611 794 θάλασσαν,
658 740 814 798 ἡμέραι
850 741 1183 797 ἀναισιμοῦνται
1219 741 1419 798 τεσσερά-

167 837 324 873 κοντα,
367 822 525 877 εἰρεσίῃ
555 821 798 877 χρεωμένῳ·
837 815 962 877 εὖρος
991 821 1059 873 δὲ,
1091 824 1145 878 τῇ
1174 820 1411 877 εὐρύτατός
1429 827 1473 863 65

325 1027 357 1064 C
375 1040 448 1078 ap.
477 1026 542 1065 XI.

160 1106 307 1158 κόλπος
327 1106 535 1161 θαλάσσης
559 1109 702 1163 ἐσέχων
719 1128 754 1154 κ.

105 1182 136 1206 τ.
155 1166 209 1218 λ.]
230 1167 374 1218 ἐσέχειν
391 1168 448 1205 hic
464 1168 557 1206 valet
574 1171 756 1218 pertinere,

96 1227 257 1273 porrigi,
286 1237 435 1272 vergere.
470 1225 576 1260 Conf.
604 1225 641 1272 l,
663 1228 753 1266 193.

102 1280 159 1327 ΙΙ,
192 1281 282 1321 158.
320 1281 393 1328 Ill,
420 1282 486 1321 78.
524 1280 631 1327 VIII,
662 1283 753 1322 137.

104 1336 227 1378 Quare
242 1337 338 1373 haud
349 1337 502 1373 cunctati
514 1338 549 1372 in
560 1350 662 1385 seqq.
674 1350 753 1374 cum

100 1391 302 1440 Schweigh.
332 1393 556 1441 scripsimus:
606 1390 752 1431 κόλπον

100 1445 207 1498 ἕσέχ
217 1463 237 1486 ο
247 1462 270 1486 ν
280 1462 300 1485 τ
312 1463 335 1486 α
354 1447 417 1486 ἐπὶ
429 1446 670 1497 Αἰθιοπίης,
690 1449 751 1485 ubi

97 1503 208 1553 vulgo
231 1502 248 1542 ἐ
260 1502 370 1554 σχέο
381 1519 432 1542 ντ
443 1519 477 1542 α.
507 1524 563 1531 --
587 1504 658 1541 Pro
672 1516 750 1543 στε-

97 1556 168 1606 νός
216 1560 253 1597 in
299 1573 401 1609 seqq.
449 1561 546 1598 edidi
586 1557 750 1608 στεινός,

98 1616 265 1664 Schwgh.
276 1620 310 1654 et
327 1617 442 1654 Gaisf.
455 1621 608 1654 secutus.
640 1618 748 1654 Conf.

97 1677 171 1709 not.
184 1673 231 1709 ad
244 1673 289 1719 ll,
300 1675 336 1714 8.
365 1673 422 1710 Ad
434 1669 640 1726 ἀρξαμένῳ
653 1675 748 1711 conf.

96 1727 225 1764 Matth.
243 1729 308 1765 Gr.
328 1729 392 1766 Gr.
415 1743 499 1779 pag.
513 1732 604 1770 711.
630 1727 748 1780 μυχὸς

96 1783 304 1831 intelligitur
332 1790 490 1822 extrema
517 1785 614 1821 sinus
648 1799 746 1835 pars,

97 1839 374 1888 quaelsthmum
386 1841 519 1889 tangit3
538 1835 654 1890 ευρέη
672 1837 748 1879 θά-

97 1897 221 1933 λασσα
239 1896 367 1933 eadem
386 1902 440 1933 est
460 1909 553 1945 quae
571 1892 748 1948 Ἑρυθρη

95 1947 293 1990 θάλασσα.

151 2032 297 2100 ἡμέραι
334 2029 638 2084 ἀναισιμοῦνται
665 2043 746 2073 τεσ-

96 2087 326 2142 σεράκοντα,
356 2091 501 2144 εἰρεσίῃ
519 2089 743 2143 χρεωμένῳ]

94 2147 257 2185 Adnotat
285 2146 506 2193 Larcherus,
547 2147 747 2184 Niebuhrio

94 2203 179 2241 inde
212 2216 234 2240 a
259 2203 354 2240 Suez
391 2216 506 2251 usque
532 2204 579 2239 ad
606 2202 744 2252 LoheJa

93 2259 334 2309 proficiscenti
351 2259 500 2307 triginta
517 2262 672 2307 quatuor
686 2272 745 2296 es-

95 2328 134 2352 se
152 2315 229 2352 dies
257 2320 484 2359 consumtos3
514 2316 610 2352 unde
629 2327 744 2364 usque

94 2371 142 2406 ad
163 2370 279 2408 Ghela
310 2383 372 2408 sex
398 2372 536 2407 dierum
561 2372 630 2409 iter
650 2384 744 2408 esse.

92 2425 319 2463 Herodotum
350 2432 468 2463 autem
504 2439 584 2462 cum
618 2427 664 2464 de
700 2440 745 2464 ea

93 2481 192 2516 sinus
225 2486 350 2530 parte,
381 2494 473 2530 quae
494 2481 664 2532 Aegypto
687 2495 746 2519 re-

93 2537 294 2585 spondeat,
340 2536 439 2585 loqui
472 2537 659 2586 probabile
684 2537 742 2584 sit,

92 2591 180 2628 nihil
205 2591 386 2628 Larchero
416 2594 556 2629 videtur
585 2593 622 2629 in
646 2593 745 2630 hisce

92 2660 174 2684 esse
195 2647 380 2684 absonum.
415 2647 582 2684 Pluribus
608 2649 655 2686 de
677 2661 746 2685 no-

93 2707 168 2740 stro
187 2702 266 2739 loco
292 2704 488 2752 disputavit
513 2704 675 2752 Breiger.
704 2704 742 2740 in

91 2759 332 2796 Commentat.
349 2771 457 2808 supra
469 2759 564 2795 laud.
582 2772 668 2809 pag.
691 2761 742 2800 16

92 2827 168 2863 seq.
196 2814 265 2852 hoc
288 2828 447 2865 ponens:
492 2814 742 2852 Herodoteum

90 2883 276 2908 numerum
322 2871 563 2921 quadraginta
604 2871 742 2909 dierum

825 1026 943 1065 valere
972 1025 1069 1064 haud
1104 1040 1234 1077 posse,
1273 1027 1343 1064 nisi
1372 1040 1472 1066 oram

824 1082 980 1132 legendo
998 1083 1095 1119 illum
1112 1084 1293 1121 inventum
1306 1097 1386 1121 esse
1398 1089 1472 1120 sta-

824 1144 903 1176 tuas
923 1139 1099 1188 simulque
1115 1144 1342 1189 perpetuum,
1362 1141 1422 1188 qui
1435 1140 1472 1176 in

821 1195 880 1231 illo
900 1196 978 1231 sinu
998 1196 1057 1242 sit,
1086 1196 1263 1232 undarum
1279 1197 1413 1232 fluxum
1429 1208 1471 1233 ac

822 1253 996 1288 refluxum
1044 1251 1264 1299 navigationi
1311 1251 1471 1289 celeriori

820 1320 954 1355 magno
982 1307 1240 1356 impedimento
1260 1321 1340 1344 esse
1360 1320 1470 1357 repu-

819 1367 886 1400 tes.
916 1364 1009 1399 Cum
1022 1364 1202 1400 Strabone
1218 1363 1323 1410 (XVI
1336 1376 1371 1411 p.
1385 1364 1468 1403 768

821 1432 849 1454 s.
874 1420 980 1459 1113
996 1418 1075 1454 coll.
1097 1418 1185 1454 Plin.
1198 1419 1245 1454 H.
1258 1417 1380 1465 N.V1‚
1393 1420 1467 1465 33)

816 1474 1047 1511 Herodotum
1072 1475 1123 1510 ita
1151 1474 1331 1511 conciliari
1359 1487 1469 1523 posse

818 1530 1010 1576 existimat,
1040 1535 1079 1566 ut
1099 1529 1188 1567 illius
1208 1542 1376 1567 mensura
1394 1542 1468 1566 non

816 1586 910 1623 ultra
926 1599 1006 1623 eum
1030 1586 1145 1623 locum
1157 1614 1167 1632 ,
1199 1587 1260 1636 qui
1281 1598 1376 1622 nunc
1391 1586 1467 1622 Ba-

816 1642 1059 1680 bel-Mandel
1079 1646 1237 1690 vocetur,
1266 1643 1466 1693 protenda-

815 1703 884 1745 tur,
914 1699 970 1735 hic
990 1712 1075 1736 vero
1095 1712 1237 1736 omnem
1260 1699 1358 1735 sinus
1374 1698 1467 1734 Ara-

815 1755 884 1791 bici
901 1755 1163 1803 longitudinem
1183 1768 1299 1803 usque
1309 1755 1356 1791 ad
1367 1767 1466 1791 mare

814 1811 975 1847 indicare
1001 1811 1165 1847 voluerit.
1224 1811 1335 1846 Cuius
1365 1810 1464 1845 sinus

814 1866 1075 1913 longitudinem
1106 1865 1187 1906 325
1221 1866 1466 1901 milliariorum

817 1921 1114 1958 Germanicorum
1132 1934 1213 1958 esse
1233 1922 1355 1957 statuit
1365 1921 1466 1957 Ren-

815 1976 884 2013 nel.
901 1976 1039 2025 Geogr.
1064 1977 1203 2014 Herod.
1224 1990 1260 2025 p.
1274 1978 1354 2016 687
1375 1980 1463 2021 not.,

813 2033 863 2068 ita
880 2036 920 2068 ut
948 2037 1028 2069 octo
1051 2034 1127 2069 fere
1151 2032 1310 2069 milliaria
1331 2032 1367 2067 in
1388 2032 1463 2068 siu-

813 2087 917 2136 gulos
938 2089 1176 2136 navigationis
1195 2089 1271 2125 dies
1291 2088 1461 2124 incidant.

812 2144 943 2192 Neque
967 2144 1147 2180 insolitum
1166 2144 1233 2180 hoc
1253 2155 1345 2189 esse,
1372 2143 1462 2179 mul-

812 2204 850 2236 ta
876 2200 945 2237 illic
970 2204 1145 2248 congesta
1173 2198 1334 2249 exempla
1362 2199 1463 2235 evin-

811 2260 904 2292 cunt.
952 2256 1028 2293 Sed
1054 2255 1272 2292 Niebuhrius
1301 2254 1393 2291 filius
1424 2255 1462 2292 in

812 2311 1003 2348 Dissertat.
1049 2311 1144 2347 laud.
1194 2312 1241 2348 de
1279 2310 1462 2347 Herodoti

813 2368 950 2416 Geogr.
976 2379 1060 2417 pag.
1084 2369 1165 2407 219
1186 2378 1270 2403 vera
1296 2378 1376 2403 esse
1395 2378 1462 2403 ne-

811 2428 886 2472 gat,
917 2435 1009 2471 quae
1022 2423 1232 2460 Herodotus
1250 2422 1306 2459 hie
1324 2434 1462 2459 memo-

810 2480 884 2516 riae
901 2479 1112 2527 prodiderit.

868 2537 983 2586 εὖρος
1001 2531 1063 2581 δὲ,
1083 2535 1132 2588 τῇ
1150 2527 1361 2585 εὖρύτατός
1381 2531 1460 2572 ἔστι

811 2607 830 2630 ο
851 2587 1004 2638 κόλπος,
1028 2586 1307 2642 ἠμισυημέρης
1320 2584 1458 2639 πλόου]

809 2647 912 2684 Haec
949 2647 1059 2683 verba
1102 2647 1228 2683 merito
1268 2646 1460 2683 advertunt

809 2703 996 2751 Breiger.
989 2715 1025 2739 in
1047 2703 1181 2752 disput.
1198 2701 1330 2739 laudat.
1344 2714 1381 2750 p.
1394 2703 1461 2748 18,

809 2772 887 2795 cum
904 2759 960 2794 vix
981 2758 1070 2794 ullus
1091 2759 1127 2795 in
1150 2759 1229 2794 sinu
1241 2757 1392 2794 Arabico
1404 2757 1461 2793 in-

808 2814 970 2851 veniatur
1005 2815 1083 2851 eius
1119 2813 1315 2850 latitudinis
1348 2812 1459 2859 locus,

808 2883 916 2919 quem
956 2870 1104 2908 dimidio
1142 2870 1213 2907 diei
1251 2868 1460 2918 transgredi

1096 2927 1152 2966 32
1164 2926 1186 2948 *
