1877 3223
418 211 498 254 170
818 212 1287 251 HERODOTI

300 322 367 368 67

92 387 124 415 ld
141 389 235 415 totum
253 387 367 416 infelix.

91 421 218 456 Pythiae
245 429 366 456 respou-

536 321 662 366 Κατοὶ
688 322 767 378 μὲν
795 321 849 379 δή
886 322 964 366 τὸν
1001 320 1213 378 πρότερον
1247 321 1437 378 πόλεμον
1466 322 1674 380 συνεχέως

425 401 508 445 αἰεὶ
537 404 681 452 κακῶς
719 399 906 445 ἀέθλεον
939 401 1052 456 πρὸς
1075 401 1178 451 τούς
1211 400 1430 457 Τεγεήτας.
1488 403 1596 447 κατὰ
1627 404 1672 447 δὲ

91 455 342 558 ἓῑῗεῦτῐιὲἕῖυοῗὲιί
421 480 499 523 τὸν
527 478 635 524 κατὰ
663 483 859 534 Κροῖσον
887 479 1072 537 χρόνον,
1119 481 1191 524 καὶ
1231 479 1310 537 τήν
1333 478 1671 537 Ἀναξανδρίδεώ

419 576 464 603 τε
491 560 564 603 καὶ
598 558 852 614 Ἀρίστωνος
890 563 1120 616 βασιληΐην
1148 559 1194 603 ἐν
1224 560 1541 614 Λακεδαίμονι,
1591 559 1674 617 ἤδη
1686 568 1730 603 65

423 641 466 681 οἱ
485 641 755 694 Σπαρτιῆται
785 639 1093 695 κατυπέρτεροι
1122 643 1181 697 τῷ
1207 640 1379 695 πολέμῳ
1406 638 1674 695 ἐγεγόνεσαν,

393 716 570 775 Ξτρόπῳ
611 719 765 775 τοιῷδε
794 718 1032 774 γενόμενοι.
1091 717 1235 773 ἐπειδὴ
1278 718 1359 760 αἰεὶ
1402 721 1463 777 τῷ
1501 717 1675 774 πολέμῳ

421 795 629 839 ἑσσοῦντο
661 793 747 838 ὑπὸ
779 797 1040 853 Τεγεητέων,
1067 798 1309 854 πέμψαντες
1336 795 1617 852 θεοπρόπους
1635 796 1678 848 ἐς

419 874 642 931 Δελφοὺς,
701 875 976 931 ἐπειρώτεον,
1035 878 1131 920 τίνα
1170 875 1226 920 ἂν
1263 880 1380 920 θεῶν
1424 875 1677 932 ἱλασάμενοι

364 1060 717 1109 cognominationem
738 1059 854 1108 magis
877 1060 1012 1108 magis-

365 1130 436 1166 que
454 1116 665 1161 invaluisse3
703 1116 803 1153 cuius
838 1117 874 1152 in
896 1117 1012 1153 hono-

364 1186 441 1210 rem
477 1172 583 1210 ludos
623 1173 774 1221 Tegeae
817 1173 1010 1220 institutos,

363 1224 495 1268 Ἀλαῖα
516 1234 552 1267 et
562 1224 745 1276 Ἁλώτια,
775 1229 863 1266 haec
885 1229 1010 1267 inme-

365 1287 517 1323 moriam
537 1286 798 1335 Spartanorum
825 1298 847 1322 a
865 1285 1012 1334 Tegea-

366 1343 414 1378 tis
436 1342 521 1378 olim
549 1347 745 1392 captorum.
803 1341 926 1391 Ipsum
947 1355 1013 1378 no-

366 1411 449 1437 men
470 1397 576 1434 Aleae
595 1411 656 1434 cur
669 1398 761 1435 deae
777 1398 940 1444 inditum,
952 1411 1014 1434 va-

366 1455 418 1491 rie
438 1455 634 1503 disputant.
693 1453 746 1490 Ut
764 1454 858 1490 enim
876 1458 1014 1490 taceam

365 1510 444 1548 Alei
466 1510 563 1558 regis
592 1522 744 1556 nomen,
774 1510 835 1558 qui
864 1509 899 1546 T
902 1523 1015 1557 egeae

365 1568 463 1604 istud
476 1565 649 1616 templum
668 1566 874 1603 condidisse
890 1567 1015 1614 fertur,

366 1627 451 1660 suut
470 1623 531 1672 qui
551 1622 596 1658 ab
628 1617 722 1672 οἷλὲη
750 1622 799 1670 (i.
831 1635 861 1659 e.
893 1621 1013 1660 ἔκκλι-

366 1691 448 1726 σις,
496 1673 688 1725 ’ὑπάλυξις
724 1679 768 1715 ct'.
810 1678 848 1715 ll.
895 1679 1013 1726 xxll,

364 1735 467 1782 301)
500 1735 698 1781 deducant,
729 1739 767 1770 ut
786 1735 856 1771 dea
883 1735 1011 1772 intelli-

367 1796 476 1840 gatur
503 1803 597 1839 quae
626 1791 844 1839 fugientibus
864 1791 1015 1828 salutem

364 1846 558 1898 praebeat,
589 1859 682 1895 quae
708 1851 914 1896 pugnantes
940 1860 1017 1883 ser-

364 1906 424 1940 vet
452 1901 659 1940 incolumes.
711 1903 789 1940 Sed
818 1902 914 1939 haud
941 1903 1016 1940 scio

362 1972 411 1996 an
430 1958 536 1995 altius
557 1959 644 2007 quid
673 1959 863 2008 magisque
891 1971 1017 1996 recon-

364 2016 478 2053 ditum
505 2015 543 2050 in
576 2015 645 2051 hoc
679 2015 772 2052 deae
801 2016 1017 2063 cognomine

368 2071 565 2122 spectarint
618 2075 771 2109 veteres.
854 2071 1017 2109 Pertinet

366 2129 461 2166 enim
495 2127 660 2164 Minerva
696 2129 744 2165 ad
785 2140 829 2165 ea
857 2130 1015 2176 numina⁷

365 2185 496 2233 quibus
513 2188 662 2221 naturae
679 2184 773 2221 vires
795 2197 934 2234 eaeque
961 2185 1016 2220 in-

364 2242 514 2278 teriores
563 2241 832 2289 significentur,
879 2240 1015 2278 solares

367 2297 528 2346 inprimis
556 2298 736 2345 rationes,
766 2311 846 2334 cum
868 2298 1014 2335 omnino

366 2352 435 2389 luci
482 2354 602 2391 favere
641 2354 780 2391 dicatur
813 2354 902 2392 haec
946 2354 1015 2391 dea

365 2421 554 2457 rerumque
595 2410 730 2457 ordini,
778 2411 840 2459 qui
871 2424 891 2448 e
935 2409 1014 2447 luce

365 2465 448 2514 ipsa
476 2467 579 2514 quasi
606 2467 739 2503 oriatur
759 2471 821 2503 aut
840 2470 936 2504 certe
960 2467 1013 2503 ef-

366 2521 481 2557 ficitur
510 2521 548 2557 in
583 2523 688 2559 rebus
713 2524 943 2560 terrestribus
970 2535 1012 2559 ac

365 2577 566 2614 mundanis.
597 2578 670 2621 Qui
687 2580 777 2616 ordo
789 2592 835 2617 ne
847 2581 1010 2625 intereat,

368 2645 459 2670 neve
483 2633 554 2670 ullo
577 2636 686 2671 niodo
712 2636 884 2683 turbetur,
906 2635 1010 2672 huius

369 2689 460 2726 «leae
483 2694 539 2727 est
566 2704 707 2728 munus,
757 2692 852 2729 Sunt
873 2691 1010 2729 classici

367 2744 568 2784 Pausaniae
587 2747 654 2784 loci
674 2748 771 2795 vul,
783 2750 848 2790 46.
863 2747 915 2789 47
930 2747 1009 2785 coll.

366 2803 421 2841 45
450 2806 486 2839 et
513 2803 689 2840 Herodot.
719 2805 792 2852 lx,
823 2808 894 2850 703
934 2804 1012 2854 qui-

368 2857 516 2896 buscum
535 2861 626 2897 conf.
656 2873 749 2910 quac
767 2861 928 2912 pluribus
950 2872 1012 2899 ex-

1077 1061 1199 1111 posuit
1224 1060 1396 1098 Creuzer.
1432 1061 1469 1098 in
1499 1059 1660 1110 Symbol.
1699 1059 1733 1097 11

1077 1130 1162 1168 pag.
1183 1118 1265 1158 778
1289 1130 1366 1167 seq.

1260 1207 1292 1244 C
1302 1219 1324 1244 a
1334 1220 1371 1258 p.
1401 1205 1552 1245 LXVII.

1137 1284 1205 1325 καὶ
1246 1282 1319 1335 τὴν
1349 1280 1664 1336 Ἀναξανδρίδεώ
1692 1297 1732 1322 τε

1081 1341 1148 1381 καὶ
1178 1339 1410 1392 Ἀρίστωνος
1447 1342 1657 1393 βασιληΐην
1691 1339 1734 1378 ἐν

1082 1400 1370 1448 Λακεδαίμονι]
1400 1399 1459 1436 De
1481 1396 1735 1435 Artaxandrz'ele

1083 1456 1175 1491 conf.
1198 1455 1252 1502 Y,
1283 1457 1335 1496 39
1357 1468 1459 1503 seqq.
1491 1454 1646 1502 Regium
1668 1454 1734 1489 im-

1081 1511 1222 1561 perium
1257 1512 1441 1560 accepisse
1477 1511 1616 1547 videtur
1653 1509 1735 1550 570

1083 1580 1114 1604 a.
1151 1567 1259 1613 Chr„
1311 1572 1350 1603 ut
1389 1566 1570 1604 Larehero
1616 1565 1735 1616 placet

1081 1628 1192 1672 atque
1227 1623 1411 1660 Schultzio
1452 1624 1514 1671 (iu
1557 1621 1734 1672 Apparat-

1081 1684 1147 1717 etc.
1172 1692 1257 1729 pag.
1276 1682 1372 1727 22„
1403 1680 1452 1716 ita
1471 1684 1510 1715 ut
1529 1679 1658 1715 Croesi
1687 1678 1735 1714 ad

1082 1735 1392 1772 Lacedaemonios
1429 1735 1561 1783 legatio
1601 1734 1736 1771 incidat

1082 1792 1119 1827 in
1142 1804 1224 1828 anu.
1256 1792 1335 1832 561
1366 1804 1388 1828 a
1411 1791 1497 1827 Chr.
1521 1791 1659 1839 Aristo,
1688 1790 1736 1828 de

1084 1860 1156 1896 quo
1176 1847 1281 1897 plura
1300 1846 1438 1884 Noster
1455 1847 1518 1895 vl,
1547 1849 1597 1888 61
1615 1860 1734 1897 seqq.,

1084 1916 1237 1951 regnum
1275 1916 1371 1940 anno
1404 1903 1485 1944 574
1514 1904 1652 1954 accepit
1679 1908 1734 1941 te-

1084 1960 1234 2008 nuitque
1261 1973 1327 2010 per
1350 1959 1613 2009 quinquaginta
1645 1973 1733 2010 qua-

1083 2020 1165 2053 tuor
1193 2030 1320 2053 annos.
1346 2017 1454 2053 Conf.
1483 2017 1638 2054 Schultz.
1666 2016 1688 2053 Ι.
1710 2016 1732 2053 l.

1082 2085 1170 2123 pag.
1187 2073 1250 2114 15.
1271 2094 1326 2100 -—-
1350 2072 1392 2109 ln
1411 2085 1514 2122 seqq.
1537 2074 1585 2110 ad
1603 2073 1731 2110 verba:

1083 2125 1207 2167 κατοέ
1239 2126 1281 2167 δὲ
1308 2125 1377 2167 τόν
1408 2126 1530 2167 κατά
1557 2131 1733 2178 Κροῖσον

1082 2181 1227 2236 χρόνον
1255 2184 1389 2221 consul.
1419 2183 1547 2221 Matth.
1577 2183 1615 2235 ἓ.
1648 2185 1731 2225 581

1082 2254 1167 2291 pag.
1203 2241 1320 2282 1154.
1377 2239 1437 2276 Ad
1464 2240 1601 2290 reliqua
1637 2241 1732 2277 cons.

1083 2298 1253 2334 Creuzer.
1295 2298 1511 2334 Commentt.
1564 2297 1730 2334 Herodd.

1081 2366 1168 2403 pag.
1199 2355 1280 2394 293
1297 2366 1414 2402 seqq.,
1444 2354 1541 2391 unde
1559 2353 1733 2390 nonnulla

1081 2409 1151 2446 huc
1169 2409 1343 2446 transtuli.

1137 2464 1364 2515 πέμψαντες
1403 2463 1659 2518 θεοπρόπους
1691 2465 1732 2513 ἐς

1081 2519 1281 2572 Δελφούς]
1312 2518 1565 2574 θεοπρόπους
1593 2523 1731 2562 Noster

1078 2592 1142 2616 eos
1160 2583 1286 2625 vocat,
1317 2580 1378 2628 qui
1409 2581 1589 2618 oraculum
1608 2581 1730 2618 scisci—

1078 2640 1191 2672 tatum
1216 2636 1420 2682 mittuntur,
1450 2640 1491 2673 ut
1517 2637 1556 2686 I,
1585 2637 1650 2679 48.
1683 2636 1731 2684 V,

1079 2694 1144 2732 79.
1174 2692 1237 2739 vl,
1269 2693 1322 2733 57
1351 2696 1417 2730 etc.
1445 2690 1535 2730 Aliis
1567 2694 1730 2731 dicuntur

1079 2749 1238 2799 θεωροὶ.

1133 2805 1222 2843 τίνα
1254 2801 1306 2844 ἂν
1346 2808 1458 2845 θεῶν
1500 2801 1728 2856 ἱλασάμενοι

1080 2882 1133 2887 -
1145 2861 1345 2915 γενοίατο]
1375 2863 1561 2902 Werferus
1578 2861 1614 2898 in
1633 2859 1725 2898 Aett.
