1909 3228
485 231 568 272 692

459 345 607 387 5σενες
653 335 941 379 καταπίνουσι
991 333 1202 390 ἑπόμενοι.

879 225 1347 266 HERODOTI

1263 335 1344 378 εἰσὶ
1393 336 1437 378 δὲ
1484 337 1527 378 οἱ
1574 337 1744 392 κέγχροι

486 410 610 460 οὗτοι
640 413 797 469 ἰχθύες.
839 413 885 456 ἐκ
916 416 960 457 δὲ
991 417 1079 456 τῶν
1108 414 1448 468 περιγινομένων
1476 416 1549 457 καὶ
1579 416 1636 470 μή
1666 434 1744 459 κα-

486 493 786 550 ταπινομένων
846 493 1039 548 κέγχρων
1090 493 1132 535 οἱ
1181 491 1442 547 τρεφόμενοι
1488 494 1633 548 ἰχθύες
1679 496 1746 548 γί-

460 585 481 617 6
491 592 655 619 νονται.

736 575 756 590 u
816 569 824 583 ⁹
866 572 885 585 -u
989 569 998 584 a
1045 575 1062 582 ψ
1140 570 1150 581 ‹-
1200 575 1216 582 -ι
1298 571 1308 585 9
1423 570 1432 583 1
1601 571 1612 586 9
1716 573 1725 585 r

715 589 756 616 οι
787 573 810 615 δ
858 588 912 614 αν
944 587 1090 614 αυτων
1126 575 1263 614 αλωσι
1293 577 1557 620 εκπλωοντες
1597 588 1638 622 ες
1663 577 1746 615 θα-

489 659 674 705 λασσαν,
720 652 954 707 φαίνονται
986 650 1255 706 τετριμμένοι
1293 650 1345 693 τὰ
1377 650 1634 705 ἐπαριστερά
1659 654 1747 694 τῶν
1760 660 1804 692 60

488 733 733 789 κεφαλέων·

461 820 482 854 7
493 811 608 864 δεξιοὶ
655 810 916 865 τετρίφαται.

815 733 835 748 u
897 728 907 745 θ
950 730 968 742 ’n
1040 728 1049 742 5
1094 731 1102 744 ι
1217 726 1226 741 ⁹
1374 729 1382 739 l
1614 728 1623 742 ,

793 747 836 774 οι
866 732 890 774 δ
941 746 997 773 αν
1027 740 1166 772 οπισω
1204 734 1527 780 αναπλωοντες,
1575 746 1628 772 τα
1656 729 1748 773 ἐπι-

973 807 1189 864 πάσχουσι
1234 809 1279 852 δὲ
1329 812 1465 851 ταῦτα
1518 808 1589 851 διὰ
1635 807 1748 852 τόδε.

489 890 690 947 ἐχόμενοι
718 892 794 944 τῆς
829 891 907 944 γῆς
937 885 996 930 ἐπ’
1028 886 1232 942 ἀριστερὰ
1263 886 1564 930 καταπλώουσι
1594 887 1636 938 ἒς
1665 887 1749 931 θά-

492 975 679 1014 λασσαν·
720 967 792 1011 καὶ
824 963 1127 1017 ἀναπλώοντες
1156 965 1291 1010 ὀπίσω
1313 999 1324 1017 ,
1363 970 1438 1021 τῆς
1467 965 1600 1022 αὐτῆς
1627 966 1750 1010 ἀντέ-

492 1064 663 1106 χονται,
719 1044 1043 1102 ἐγχριπτόμενοι
1081 1045 1155 1089 καὶ
1192 1043 1407 1097 ψαύοντες
1447 1043 1505 1096 ὥς
1545 1044 1809 1101 μάλιστα,65

465 1130 567 1171 δῖνα
598 1125 650 1182 δὴ
685 1124 743 1182 μὴ
775 1123 1012 1181 ἁμάρτοιεν
1040 1128 1115 1180 τῆς
1140 1121 1250 1167 ὁδοῦ
1272 1123 1342 1166 διὰ
1359 1123 1435 1166 τὸν
1454 1123 1572 1178 ῥόον.
1599 1122 1755 1168 Ἐπεεέν

492 1207 538 1251 δὲ
567 1204 842 1261 πληθύεσθαι
872 1204 1054 1260 ἄρχηται
1087 1200 1111 1246 ὁ
1142 1205 1323 1255 Νεῖλος,
1371 1201 1423 1244 τά
1453 1219 1495 1245 τε
1528 1207 1653 1246 κοῖλα
1681 1207 1757 1260 τῆς

491 1290 570 1342 γῆς
608 1284 681 1328 καὶ
718 1283 770 1327 τά
811 1284 996 1340 τέλματα
1031 1281 1082 1326 τὰ
1113 1280 1233 1337 παρὰ
1274 1280 1351 1324 τὸν
1379 1281 1575 1336 ποταμόν
1604 1287 1754 1337 πρῶτα

496 1363 670 1419 ἄρχεται
698 1365 965 1417 πίπλασθαι,
1012 1360 1265 1419 διηθέοντος
1294 1364 1375 1404 τοῦ
1405 1359 1566 1412 ὕδατος
1596 1361 1642 1406 ἐκ
1674 1365 1756 1406 τοῦ

439 1579 678 1626 terpretatur:
711 1587 825 1621 „nam
855 1587 898 1611 ex
927 1577 1001 1612 ovis
1028 1587 1090 1611 ex-

441 1636 583 1670 cernunt
604 1630 761 1668 cenchros
773 1633 790 1673 s
794 1644 885 1679 quos
907 1632 1091 1678 dicimus),

440 1702 546 1739 neque
568 1688 627 1725 hos
656 1686 826 1737 confertos
845 1683 939 1733 (οὔκ
969 1682 1092 1738 α’θρό-

443 1745 555 1793 ους),
584 1743 642 1781 sed
668 1756 801 1792 paucos
828 1744 979 1792 singulis
1006 1745 1093 1780 vici-

442 1803 515 1838 bus.
574 1799 694 1848 Atque
719 1797 872 1850 κέγχροι
901 1800 957 1836 hic
976 1799 1094 1836 latiori

444 1856 707 1907 significatione
721 1862 824 1892 erunt
836 1868 951 1903 grana
975 1870 1000 1892 s.
1014 1868 1094 1902 ουα,

442 1925 631 1964 granorum
640 1912 797 1962 formam
818 1915 849 1948 et
873 1912 1094 1961 magnitudi-

444 1984 518 2008 nem
541 1982 628 2035 quae
649 1968 848 2017 Inuebeaut.
853 1969 877 1987 “

502 2041 540 2065 οι
562 2019 603 2064 δ’
625 2039 675 2062 αν
696 2019 831 2063 αὐτῶν
855 2021 994 2075 οἷλωσι]
1026 2018 1095 2062 αὕ-

445 2084 523 2122 τῶν
541 2095 608 2132 pro
634 2081 731 2130 vulg.
754 2076 904 2120 αὐτέων
926 2081 1095 2130 rescripsi

445 2152 526 2176 cum
548 2138 864 2175 Gaissord.—-De
885 2137 962 2174 aliis
986 2138 1096 2187 pisci-

445 2196 513 2232 bus
536 2195 571 2231 in
586 2207 684 2231 mare
702 2195 869 2231 euntibus
889 2199 924 2231 et
941 2195 1097 2230 redeun-

446 2252 543 2288 tibus
565 2251 704 2287 confert
722 2250 941 2299 WVesseling.
963 2249 1096 2286 Athen.

446 2308 514 2344 Vll
543 2320 628 2357 pag.
657 2308 758 2353 301,
784 2307 816 2342 E
848 2311 884 2344 et
912 2306 1095 2344 Aristotel.

446 2364 529 2402 hist.
546 2376 604 2399 an.
622 2363 704 2399 Vlii
719 2392 729 2409 ,
753 2364 817 2403 13.

503 2416 550 2457 τοὶ
575 2415 823 2470 ε’παριστερᾶ]
836 2418 897 2454 Sic
916 2419 1001 2454 dedi
1017 2431 1097 2455 cum

450 2476 589 2522 Gaisf.,
610 2476 775 2524 quamvis
797 2475 997 2523 Schweigh.
1022 2475 1098 2511 edi-

450 2533 560 2570 derit:
591 2529 638 2569 va*
669 2527 726 2570 ἐπ’
749 2526 954 2582 domnoc),-
984 2532 1098 2568 refra-

450 2593 577 2637 gante,
607 2592 647 2624 ut
669 2587 836 2637 equidem
859 2588 1012 2637 opinor,
1045 2587 1098 2623 lo-

451 2645 594 2682 cutione
619 2640 665 2682 τοέ
697 2641 871 2691 ἐπιδεξιοὶ
888 2671 898 2690 ,
929 2656 1022 2692 quae
1051 2644 1099 2680 illi

450 2701 657 2749 respondet.
715 2700 848 2749 Neque
873 2713 958 2736 curo
981 2699 1097 2750 Phry-

452 2756 617 2803 nichum,
648 2754 902 2807 ἒπαρίστερυν
922 2757 1098 2793 damnan-

455 2815 546 2856 te1n3
576 2813 637 2848 ubi
651 2813 759 2849 miror
779 2813 975 2849 doctissimi
988 2813 1098 2850 inter-

453 2868 565 2917 pretis
603 2868 818 2906 industriam
848 2869 943 2906 hune
981 2868 1098 2907 locum

1160 1573 1346 1621 effugisse.

1156 1629 1321 1667 Lobeck.

1216 1681 1391 1735 ἐχόμενοι
1408 1687 1478 1734 τῆς
1498 1684 1585 1737 γῆς]
1609 1686 1632 1723 ἰ.
1653 1700 1682 1723 e.
1698 1699 1812 1737 presse

1160 1741 1310 1789 legentes
1352 1745 1502 1788 terram,
1542 1742 1700 1780 radentes
1742 1749 1810 1780 ter-

1161 1811 1249 1834 ram.
1307 1797 1364 1834 De
1387 1798 1498 1835 verbo
1531 1797 1712 1848 ἔχεσθαι,
1747 1801 1814 1836 ad-

1162 1855 1282 1890 iuncto
1303 1855 1476 1902 genium,
1490 1855 1598 1921 ,.‚,cfl
1625 1855 1703 1896 134
1725 1856 1813 1905 ibiq.

1161 1916 1237 1947 not.
1268 1910 1323 1958 ll,
1346 1913 1412 1950 77.
1443 1904 1500 1948 ἐπ’
1526 1906 1708 1963 α’ριστεριὶ
1727 1912 1768 1960 (i.
1781 1925 1813 1950 e

1162 1980 1186 2004 a
1205 1971 1307 2017 parte
1313 1940 1492 2033 ’sz'nz'strto
1514 1969 1608 2005 conf.
1634 1968 1670 2015 Ι,
1691 1971 1755 2009 51.

1221 2038 1292 2073 της
1313 2019 1436 2072 αὐτῆς
1458 2018 1708 2074 ἀντέχονται]
1739 2024 1811 2061 scil.

1162 2082 1236 2132 γῆς
1265 2081 1286 2116 i.
1310 2094 1342 2117 e.
1374 2080 1422 2116 acl
1450 2080 1590 2117 eandem
1621 2084 1747 2117 terram
1784 2094 1812 2117 s.

1161 2139 1272 2186 ripam
1291 2149 1361 2173 sese
1378 2136 1568 2185 applicant.
1622 2137 1733 2180 Quod
1755 2151 1812 2174 se-

1163 2195 1284 2241 quitur
1313 2189 1627 2243 ἕγχριπτόμενοι,
1658 2194 1695 2229 id
1729 2193 1814 2230 olim

1162 2249 1366 2296 legebatur:
1396 2247 1498 2299 ἕγχρι
1511 2265 1536 2298 μ
1548 2245 1755 2300 πτόμενοι,
1775 2255 1814 2286 tu

1164 2306 1235 2342 vid.
1260 2305 1307 2341 ad
1327 2305 1372 2351 ΙΙ,
1391 2308 1443 2346 60
1464 2310 1539 2342 not.

1222 2361 1290 2399 ἵνα
1325 2358 1374 2410 612*
1397 2358 1451 2411 μκή
1480 2357 1722 2413 ἁμάρτοιεν]
1753 2358 1812 2412 δή

1165 2431 1246 2455 cum
1270 2418 1385 2454 Gaisf.
1402 2419 1603 2468 recepimus
1617 2448 1626 2465 ,
1657 2419 1740 2455 huic
1761 2419 1816 2455 lo-

1165 2487 1208 2512 co
1238 2474 1342 2511 valde
1369 2480 1512 2523 aptum,
1558 2475 1640 2513 licet
1665 2475 1814 2525 quibus-

1166 2531 1250 2568 dam
1271 2543 1292 2567 a
1315 2531 1412 2567 libris
1435 2532 1540 2568 absit.

1222 2585 1457 2636 διηθέοντος
1468 2590 1539 2626 τοῦ
1550 2583 1708 2638 ὕδατος]
1733 2587 1816 2637 διη-

1166 2647 1259 2682 θεῖν
1278 2645 1311 2681 h.
1330 2643 1351 2681 l.
1373 2645 1419 2681 de
1437 2657 1532 2692 aqua
1547 2644 1701 2691 fluviali,
1721 2656 1816 2692 quae

1167 2700 1271 2749 quasi
1291 2714 1357 2751 per
1379 2700 1497 2737 colum
1516 2704 1684 2750 penetrat
1708 2704 1744 2737 et
1764 2699 1816 2736 la-

1167 2769 1276 2794 cunas
1299 2758 1544 2806 cavitatesque
1560 2756 1695 2807 implet.
1725 2755 1817 2792 Pro-

1165 2814 1245 2863 pria
1251 2813 1456 2863 pez-colandi
1470 2814 1620 2851 notione
1637 2812 1816 2850 invenitur

1166 2882 1277 2921 supra
1296 2869 1342 2918 ΙΙ,
1364 2871 1430 2911 86.

1404 1571 1487 1609 Vid.
1521 1585 1607 1624 pag.
1639 1573 1720 1616 259
1751 1575 1809 1612 ed.
