<?xml version="1.0" encoding="UTF-8"?>
<!DOCTYPE html PUBLIC "-//W3C//DTD XHTML 1.0 Transitional//EN"
    "http://www.w3.org/TR/xhtml1/DTD/xhtml1-transitional.dtd">
<html xmlns="http://www.w3.org/1999/xhtml" xml:lang="en" lang="en">
 <head>
  <title>
</title>
<meta http-equiv="Content-Type" content="text/html;charset=utf-8" />
  <meta name='ocr-system' content='tesseract 3.04.00' />
  <meta name='ocr-capabilities' content='ocr_page ocr_carea ocr_par ocr_line ocrx_word'/>
</head>
<body>
  <div class='ocr_page' id='page_1' title='image "./musaeherodoto01hero/musaeherodoto01hero_0347.png"; bbox 0 0 1909 3228; ppageno 0'>
   <div class='ocr_carea' id='block_1_1' title="bbox 698 225 1001 266">
    <p class='ocr_par' dir='ltr' id='par_1_1' title="bbox 698 225 1001 266">
     <span class='ocr_line' id='line_1_1' title="bbox 698 225 1001 266; baseline 0.003 -2"><span class='ocrx_word' id='word_1_1' title='bbox 698 225 1001 266; x_wconf 87' lang='lat' dir='ltr'>cL10.1.</span> 
     </span>
    </p>
   </div>
   <div class='ocr_carea' id='block_1_2' title="bbox 1394 230 1478 270">
    <p class='ocr_par' dir='ltr' id='par_1_2' title="bbox 1394 230 1478 270">
     <span class='ocr_line' id='line_1_2' title="bbox 1394 230 1478 270; baseline -0.012 0"><span class='ocrx_word' id='word_1_2' title='bbox 1394 230 1478 270; x_wconf 75' lang='grc'>333</span> 
     </span>
    </p>
   </div>
   <div class='ocr_carea' id='block_1_3' title="bbox 193 334 1477 392">
    <p class='ocr_par' dir='ltr' id='par_1_3' title="bbox 193 334 1477 392">
     <span class='ocr_line' id='line_1_3' title="bbox 193 334 1477 392; baseline 0.002 -13"><span class='ocrx_word' id='word_1_3' title='bbox 193 335 270 380; x_wconf 68' lang='lat'>362.-</span> <span class='ocrx_word' id='word_1_4' title='bbox 297 335 448 388; x_wconf 81' lang='grc' dir='ltr'><strong><em>ἐόντος</em></strong></span> <span class='ocrx_word' id='word_1_5' title='bbox 475 339 555 380; x_wconf 89' lang='grc' dir='ltr'>τοῦ</span> <span class='ocrx_word' id='word_1_6' title='bbox 584 335 748 388; x_wconf 82' lang='grc' dir='ltr'><em>παντός</em></span> <span class='ocrx_word' id='word_1_7' title='bbox 777 334 874 380; x_wconf 81' lang='grc' dir='ltr'><em>τότε</em></span> <span class='ocrx_word' id='word_1_8' title='bbox 899 334 1154 392; x_wconf 80' lang='grc' dir='ltr'><em>Ἑλληνικοῦ</em></span> <span class='ocrx_word' id='word_1_9' title='bbox 1182 335 1347 392; x_wconf 78' lang='grc' dir='ltr'><em>γένεος,</em></span> <span class='ocrx_word' id='word_1_10' title='bbox 1377 342 1477 382; x_wconf 85' lang='grc' dir='ltr'><em>πολ-</em></span> 
     </span>
    </p>
   </div>
   <div class='ocr_carea' id='block_1_4' title="bbox 220 410 1478 474">
    <p class='ocr_par' dir='ltr' id='par_1_4' title="bbox 220 410 1478 474">
     <span class='ocr_line' id='line_1_4' title="bbox 220 410 1478 474; baseline 0.002 -16"><span class='ocrx_word' id='word_1_11' title='bbox 220 418 284 474; x_wconf 75' lang='grc' dir='ltr'>λῷ</span> <span class='ocrx_word' id='word_1_12' title='bbox 320 415 367 459; x_wconf 76' lang='grc' dir='ltr'>δὲ</span> <span class='ocrx_word' id='word_1_13' title='bbox 405 410 461 472; x_wconf 82' lang='grc' dir='ltr'><em>ἧν</em></span> <span class='ocrx_word' id='word_1_14' title='bbox 499 413 815 459; x_wconf 71' lang='grc' dir='ltr'><em>ἀσθενέστατον</em></span> <span class='ocrx_word' id='word_1_15' title='bbox 852 418 940 458; x_wconf 77' lang='grc' dir='ltr'><em>τῶν</em></span> <span class='ocrx_word' id='word_1_16' title='bbox 981 414 1149 458; x_wconf 78' lang='grc' dir='ltr'>ἐθνέων</span> <span class='ocrx_word' id='word_1_17' title='bbox 1185 414 1234 459; x_wconf 79' lang='grc' dir='ltr'>τό</span> <span class='ocrx_word' id='word_1_18' title='bbox 1274 414 1478 470; x_wconf 81' lang='grc' dir='ltr'><em>Ἰωνικὸν,</em></span> 
     </span>
    </p>
   </div>
   <div class='ocr_carea' id='block_1_5' title="bbox 220 491 1476 552">
    <p class='ocr_par' dir='ltr' id='par_1_5' title="bbox 220 491 1476 552">
     <span class='ocr_line' id='line_1_5' title="bbox 220 491 1476 552; baseline 0.002 -15"><span class='ocrx_word' id='word_1_19' title='bbox 220 494 295 537; x_wconf 78' lang='grc' dir='ltr'>καὶ</span> <span class='ocrx_word' id='word_1_20' title='bbox 322 494 455 550; x_wconf 95' lang='grc' dir='ltr'><em>λόγου</em></span> <span class='ocrx_word' id='word_1_21' title='bbox 484 494 729 551; x_wconf 80' lang='grc' dir='ltr'><em>ἐλαχίστου·</em></span> <span class='ocrx_word' id='word_1_22' title='bbox 781 494 848 538; x_wconf 81' lang='grc' dir='ltr'>ὅτι</span> <span class='ocrx_word' id='word_1_23' title='bbox 875 493 960 551; x_wconf 70' lang='grc' dir='ltr'>γὰρ</span> <span class='ocrx_word' id='word_1_24' title='bbox 989 493 1046 550; x_wconf 83' lang='grc' dir='ltr'>μὴ</span> <span class='ocrx_word' id='word_1_25' title='bbox 1073 492 1276 551; x_wconf 79' lang='grc' dir='ltr'><em>Ἀθῆναι,</em></span> <span class='ocrx_word' id='word_1_26' title='bbox 1315 491 1372 552; x_wconf 78' lang='grc' dir='ltr'><em>ἦν</em></span> <span class='ocrx_word' id='word_1_27' title='bbox 1401 495 1476 540; x_wconf 83' lang='grc' dir='ltr'>οὐ-</span> 
     </span>
    </p>
   </div>
   <div class='ocr_carea' id='block_1_6' title="bbox 223 572 1479 630">
    <p class='ocr_par' dir='ltr' id='par_1_6' title="bbox 223 572 1479 630">
     <span class='ocr_line' id='line_1_6' title="bbox 223 572 1479 630; baseline 0.002 -15"><span class='ocrx_word' id='word_1_28' title='bbox 223 573 298 616; x_wconf 80' lang='grc' dir='ltr'><em>δὲν</em></span> <span class='ocrx_word' id='word_1_29' title='bbox 326 572 428 616; x_wconf 76' lang='grc' dir='ltr'><em>ἄλλο</em></span> <span class='ocrx_word' id='word_1_30' title='bbox 458 572 646 629; x_wconf 86' lang='grc' dir='ltr'><em>πόλισμα</em></span> <span class='ocrx_word' id='word_1_31' title='bbox 675 573 866 630; x_wconf 77' lang='grc' dir='ltr'><em>λόγιμον.</em></span> <span class='ocrx_word' id='word_1_32' title='bbox 903 575 946 617; x_wconf 80' lang='grc' dir='ltr'>οἱ</span> <span class='ocrx_word' id='word_1_33' title='bbox 973 574 1052 630; x_wconf 81' lang='grc' dir='ltr'><em>μέν</em></span> <span class='ocrx_word' id='word_1_34' title='bbox 1080 591 1162 618; x_wconf 88' lang='grc' dir='ltr'>νυν</span> <span class='ocrx_word' id='word_1_35' title='bbox 1192 573 1314 619; x_wconf 77' lang='grc' dir='ltr'><em>ἄλλοι</em></span> <span class='ocrx_word' id='word_1_36' title='bbox 1330 574 1479 626; x_wconf 80' lang='grc' dir='ltr'><em>Ἴωνες</em></span> 
     </span>
    </p>
   </div>
   <div class='ocr_carea' id='block_1_7' title="bbox 222 650 1535 710">
    <p class='ocr_par' dir='ltr' id='par_1_7' title="bbox 222 650 1535 710">
     <span class='ocr_line' id='line_1_7' title="bbox 222 650 1535 710; baseline 0 -15"><span class='ocrx_word' id='word_1_37' title='bbox 222 651 296 695; x_wconf 80' lang='grc' dir='ltr'>καὶ</span> <span class='ocrx_word' id='word_1_38' title='bbox 326 653 370 695; x_wconf 81' lang='grc' dir='ltr'>οἱ</span> <span class='ocrx_word' id='word_1_39' title='bbox 400 650 622 708; x_wconf 73' lang='grc' dir='ltr'><em>Ἀθηναῖοι</em></span> <span class='ocrx_word' id='word_1_40' title='bbox 652 653 819 708; x_wconf 72' lang='grc' dir='ltr'><em>ἔφυγον</em></span> <span class='ocrx_word' id='word_1_41' title='bbox 847 650 896 695; x_wconf 80' lang='grc' dir='ltr'>τὸ</span> <span class='ocrx_word' id='word_1_42' title='bbox 922 652 1112 709; x_wconf 84' lang='grc' dir='ltr'><em>οὕνομα,</em></span> <span class='ocrx_word' id='word_1_43' title='bbox 1145 651 1199 697; x_wconf 81' lang='grc' dir='ltr'>οὐ</span> <span class='ocrx_word' id='word_1_44' title='bbox 1219 653 1478 710; x_wconf 85' lang='grc' dir='ltr'><em>βουλόμενοι</em></span> <span class='ocrx_word' id='word_1_45' title='bbox 1492 662 1535 695; x_wconf 86' lang='grc'>10</span> 
     </span>
    </p>
   </div>
   <div class='ocr_carea' id='block_1_8' title="bbox 194 729 1479 790">
    <p class='ocr_par' dir='ltr' id='par_1_8' title="bbox 194 729 1479 790">
     <span class='ocr_line' id='line_1_8' title="bbox 194 729 1479 790; baseline 0.004 -19"><span class='ocrx_word' id='word_1_46' title='bbox 194 730 361 781; x_wconf 81' lang='grc' dir='ltr'><em>4Ἴωνες</em></span> <span class='ocrx_word' id='word_1_47' title='bbox 389 736 643 787; x_wconf 76' lang='grc' dir='ltr'><em>κεκλῆσθαι·</em></span> <span class='ocrx_word' id='word_1_48' title='bbox 693 729 801 774; x_wconf 67' lang='grc' dir='ltr'><em>ἄλλα</em></span> <span class='ocrx_word' id='word_1_49' title='bbox 840 732 912 775; x_wconf 79' lang='grc' dir='ltr'>καὶ</span> <span class='ocrx_word' id='word_1_50' title='bbox 951 736 1034 774; x_wconf 86' lang='grc' dir='ltr'>νῦν</span> <span class='ocrx_word' id='word_1_51' title='bbox 1071 734 1304 788; x_wconf 82' lang='grc' dir='ltr'><em>φαίνονταί</em></span> <span class='ocrx_word' id='word_1_52' title='bbox 1331 749 1406 790; x_wconf 86' lang='grc' dir='ltr'>μοι</span> <span class='ocrx_word' id='word_1_53' title='bbox 1435 735 1479 776; x_wconf 75' lang='grc' dir='ltr'>οἱ</span> 
     </span>
    </p>
   </div>
   <div class='ocr_carea' id='block_1_9' title="bbox 223 808 1478 869">
    <p class='ocr_par' dir='ltr' id='par_1_9' title="bbox 223 808 1478 869">
     <span class='ocr_line' id='line_1_9' title="bbox 363 808 1471 834; baseline 0.003 -10"><span class='ocrx_word' id='word_1_54' title='bbox 363 809 371 824; x_wconf 66' lang='grc' dir='ltr'>ἱ</span> <span class='ocrx_word' id='word_1_55' title='bbox 463 808 496 834; x_wconf 58' lang='lat' dir='ltr'>&#39;ae</span> <span class='ocrx_word' id='word_1_56' title='bbox 518 813 533 820; x_wconf 61' lang='lat' dir='ltr'>*w</span> <span class='ocrx_word' id='word_1_57' title='bbox 608 809 620 824; x_wconf 69' lang='lat'>5</span> <span class='ocrx_word' id='word_1_58' title='bbox 773 809 782 821; x_wconf 74' lang='lat'><em>7</em></span> <span class='ocrx_word' id='word_1_59' title='bbox 1020 814 1037 822; x_wconf 60' lang='grc' dir='ltr'><em>Ν</em></span> <span class='ocrx_word' id='word_1_60' title='bbox 1120 810 1130 823; x_wconf 72' lang='grc'>7</span> <span class='ocrx_word' id='word_1_61' title='bbox 1178 810 1187 823; x_wconf 68' lang='grc' dir='ltr'><em>Ι</em></span> <span class='ocrx_word' id='word_1_62' title='bbox 1394 813 1407 827; x_wconf 70' lang='lat'>0·</span> <span class='ocrx_word' id='word_1_63' title='bbox 1454 812 1471 825; x_wconf 56' lang='grc' dir='ltr'><strong>Α</strong></span> 
     </span>
     <span class='ocr_line' id='line_1_10' title="bbox 223 813 1478 869; baseline 0.002 -17"><span class='ocrx_word' id='word_1_64' title='bbox 223 813 376 853; x_wconf 86' lang='grc' dir='ltr'><em>πολλοι</em></span> <span class='ocrx_word' id='word_1_65' title='bbox 415 826 562 852; x_wconf 77' lang='grc' dir='ltr'><em>αυιων</em></span> <span class='ocrx_word' id='word_1_66' title='bbox 604 815 938 865; x_wconf 78' lang='grc' dir='ltr'><em>επαισχυνεσθαι</em></span> <span class='ocrx_word' id='word_1_67' title='bbox 977 826 1036 869; x_wconf 83' lang='grc' dir='ltr'>τῳ</span> <span class='ocrx_word' id='word_1_68' title='bbox 1080 828 1301 868; x_wconf 85' lang='grc' dir='ltr'><em>ουνοματι.</em></span> <span class='ocrx_word' id='word_1_69' title='bbox 1361 829 1406 855; x_wconf 87' lang='grc' dir='ltr'>αι</span> <span class='ocrx_word' id='word_1_70' title='bbox 1432 814 1478 855; x_wconf 68' lang='lat' dir='ltr'>oe</span> 
     </span>
    </p>
   </div>
   <div class='ocr_carea' id='block_1_10' title="bbox 223 883 1476 946">
    <p class='ocr_par' dir='ltr' id='par_1_10' title="bbox 223 883 1476 946">
     <span class='ocr_line' id='line_1_11' title="bbox 223 883 1476 946; baseline 0.002 -14"><span class='ocrx_word' id='word_1_71' title='bbox 223 887 420 932; x_wconf 75' lang='grc' dir='ltr'><em>δυώδεκα</em></span> <span class='ocrx_word' id='word_1_72' title='bbox 448 887 595 940; x_wconf 74' lang='grc' dir='ltr'><em>πόλιες</em></span> <span class='ocrx_word' id='word_1_73' title='bbox 626 883 753 932; x_wconf 76' lang='grc' dir='ltr'><em>αὗται</em></span> <span class='ocrx_word' id='word_1_74' title='bbox 791 892 852 946; x_wconf 77' lang='grc' dir='ltr'>τῷ</span> <span class='ocrx_word' id='word_1_75' title='bbox 890 905 934 932; x_wconf 84' lang='grc' dir='ltr'>τε</span> <span class='ocrx_word' id='word_1_76' title='bbox 976 887 1187 946; x_wconf 75' lang='grc' dir='ltr'><em>οὐνόματι</em></span> <span class='ocrx_word' id='word_1_77' title='bbox 1222 888 1476 946; x_wconf 74' lang='grc' dir='ltr'><em>ἠγάλλοντο,</em></span> 
     </span>
    </p>
   </div>
   <div class='ocr_carea' id='block_1_11' title="bbox 220 966 1479 1029">
    <p class='ocr_par' dir='ltr' id='par_1_11' title="bbox 220 966 1479 1029">
     <span class='ocr_line' id='line_1_12' title="bbox 220 966 1479 1029; baseline 0.003 -19"><span class='ocrx_word' id='word_1_78' title='bbox 220 967 295 1010; x_wconf 86' lang='grc' dir='ltr'>καὶ</span> <span class='ocrx_word' id='word_1_79' title='bbox 323 966 421 1022; x_wconf 77' lang='grc' dir='ltr'><em>ἷρόν</em></span> <span class='ocrx_word' id='word_1_80' title='bbox 450 967 686 1021; x_wconf 77' lang='grc' dir='ltr'><em>ἱδρύσαντο</em></span> <span class='ocrx_word' id='word_1_81' title='bbox 718 969 787 1013; x_wconf 78' lang='grc' dir='ltr'>ἐπὶ</span> <span class='ocrx_word' id='word_1_82' title='bbox 818 969 965 1024; x_wconf 83' lang='grc' dir='ltr'><em>σφέων</em></span> <span class='ocrx_word' id='word_1_83' title='bbox 1006 968 1173 1024; x_wconf 80' lang='grc' dir='ltr'><em>αὐτῶν,</em></span> <span class='ocrx_word' id='word_1_84' title='bbox 1220 973 1280 1029; x_wconf 75' lang='grc' dir='ltr'>τῷ</span> <span class='ocrx_word' id='word_1_85' title='bbox 1310 968 1479 1026; x_wconf 77' lang='grc' dir='ltr'><em>οὕνομα</em></span> 
     </span>
    </p>
   </div>
   <div class='ocr_carea' id='block_1_12' title="bbox 223 1045 678 1091">
    <p class='ocr_par' dir='ltr' id='par_1_12' title="bbox 223 1045 678 1091">
     <span class='ocr_line' id='line_1_13' title="bbox 223 1045 678 1091; baseline 0 -1"><span class='ocrx_word' id='word_1_86' title='bbox 223 1046 374 1090; x_wconf 73' lang='grc' dir='ltr'><em>ἔθεντο</em></span> <span class='ocrx_word' id='word_1_87' title='bbox 404 1045 655 1091; x_wconf 78' lang='grc' dir='ltr'><em>Πανιώνιον</em></span> <span class='ocrx_word' id='word_1_88' title='bbox 669 1062 678 1072; x_wconf 91' lang='grc'><em>·</em></span> 
     </span>
    </p>
   </div>
   <div class='ocr_carea' id='block_1_13' title="bbox 164 1243 822 2694">
    <p class='ocr_par' dir='ltr' id='par_1_13' title="bbox 164 1243 822 2694">
     <span class='ocr_line' id='line_1_14' title="bbox 167 1243 818 1294; baseline 0.002 -14"><span class='ocrx_word' id='word_1_89' title='bbox 167 1256 272 1281; x_wconf 89' lang='lat' dir='ltr'>usum</span> <span class='ocrx_word' id='word_1_90' title='bbox 297 1247 461 1294; x_wconf 85' lang='lat' dir='ltr'>spectes,</span> <span class='ocrx_word' id='word_1_91' title='bbox 499 1243 728 1280; x_wconf 84' lang='lat' dir='ltr'>referendum</span> <span class='ocrx_word' id='word_1_92' title='bbox 750 1243 818 1281; x_wconf 85' lang='lat' dir='ltr'>erit</span> 
     </span>
     <span class='ocr_line' id='line_1_15' title="bbox 167 1300 817 1350; baseline 0.002 -14"><span class='ocrx_word' id='word_1_93' title='bbox 167 1300 217 1337; x_wconf 89' lang='lat' dir='ltr'>ad</span> <span class='ocrx_word' id='word_1_94' title='bbox 241 1301 404 1350; x_wconf 78' lang='lat' dir='ltr'>proxime</span> <span class='ocrx_word' id='word_1_95' title='bbox 435 1300 686 1336; x_wconf 78' lang='lat' dir='ltr'>antecedentia</span> <span class='ocrx_word' id='word_1_96' title='bbox 713 1300 817 1337; x_wconf 81' lang='lat' dir='ltr'>inde-</span> 
     </span>
     <span class='ocr_line' id='line_1_16' title="bbox 167 1355 815 1405; baseline 0 -13"><span class='ocrx_word' id='word_1_97' title='bbox 167 1368 239 1405; x_wconf 87' lang='lat' dir='ltr'>que</span> <span class='ocrx_word' id='word_1_98' title='bbox 270 1357 316 1393; x_wconf 87' lang='lat' dir='ltr'>de</span> <span class='ocrx_word' id='word_1_99' title='bbox 348 1355 520 1392; x_wconf 81' lang='lat' dir='ltr'>insulanis</span> <span class='ocrx_word' id='word_1_100' title='bbox 555 1356 815 1405; x_wconf 87' lang='lat' dir='ltr'>accipiendum.</span> 
     </span>
     <span class='ocr_line' id='line_1_17' title="bbox 165 1410 816 1450; baseline -0.003 0"><span class='ocrx_word' id='word_1_101' title='bbox 165 1410 366 1450; x_wconf 86' lang='lat' dir='ltr'>Larcherus</span> <span class='ocrx_word' id='word_1_102' title='bbox 407 1411 443 1447; x_wconf 91' lang='lat' dir='ltr'>in</span> <span class='ocrx_word' id='word_1_103' title='bbox 475 1411 641 1448; x_wconf 82' lang='lat' dir='ltr'>versione</span> <span class='ocrx_word' id='word_1_104' title='bbox 675 1411 816 1448; x_wconf 83' lang='lat' dir='ltr'>Gallica</span> 
     </span>
     <span class='ocr_line' id='line_1_18' title="bbox 165 1467 814 1515; baseline -0.005 -10"><span class='ocrx_word' id='word_1_105' title='bbox 165 1468 214 1505; x_wconf 85' lang='lat' dir='ltr'>ad</span> <span class='ocrx_word' id='word_1_106' title='bbox 231 1467 393 1505; x_wconf 88' lang='lat' dir='ltr'>Milesios</span> <span class='ocrx_word' id='word_1_107' title='bbox 413 1467 556 1514; x_wconf 85' lang='lat' dir='ltr'>retulit,</span> <span class='ocrx_word' id='word_1_108' title='bbox 587 1467 648 1515; x_wconf 86' lang='lat' dir='ltr'>qui</span> <span class='ocrx_word' id='word_1_109' title='bbox 663 1467 814 1503; x_wconf 84' lang='lat' dir='ltr'>induciis</span> 
     </span>
     <span class='ocr_line' id='line_1_19' title="bbox 166 1522 819 1573; baseline -0.006 -11"><span class='ocrx_word' id='word_1_110' title='bbox 166 1537 247 1562; x_wconf 89' lang='lat' dir='ltr'>cum</span> <span class='ocrx_word' id='word_1_111' title='bbox 267 1524 365 1573; x_wconf 85' lang='lat' dir='ltr'>Cyro</span> <span class='ocrx_word' id='word_1_112' title='bbox 385 1524 508 1571; x_wconf 82' lang='lat' dir='ltr'>sactis,</span> <span class='ocrx_word' id='word_1_113' title='bbox 548 1536 587 1560; x_wconf 88' lang='lat' dir='ltr'>se</span> <span class='ocrx_word' id='word_1_114' title='bbox 613 1535 635 1559; x_wconf 89' lang='lat' dir='ltr'>a</span> <span class='ocrx_word' id='word_1_115' title='bbox 660 1522 819 1571; x_wconf 87' lang='lat' dir='ltr'>reliquo-</span> 
     </span>
     <span class='ocr_line' id='line_1_20' title="bbox 164 1579 816 1618; baseline -0.002 -1"><span class='ocrx_word' id='word_1_116' title='bbox 164 1593 243 1618; x_wconf 88' lang='lat' dir='ltr'>rum</span> <span class='ocrx_word' id='word_1_117' title='bbox 253 1580 383 1617; x_wconf 85' lang='lat' dir='ltr'>Ionum</span> <span class='ocrx_word' id='word_1_118' title='bbox 396 1580 567 1617; x_wconf 88' lang='lat' dir='ltr'>societate</span> <span class='ocrx_word' id='word_1_119' title='bbox 576 1579 816 1616; x_wconf 81' lang='lat' dir='ltr'>seiunxerant.</span> 
     </span>
     <span class='ocr_line' id='line_1_21' title="bbox 165 1635 818 1686; baseline -0.005 -12"><span class='ocrx_word' id='word_1_120' title='bbox 165 1635 268 1674; x_wconf 89' lang='lat' dir='ltr'>Alter</span> <span class='ocrx_word' id='word_1_121' title='bbox 288 1636 414 1673; x_wconf 83' lang='lat' dir='ltr'>Gallus</span> <span class='ocrx_word' id='word_1_122' title='bbox 433 1636 613 1686; x_wconf 85' lang='lat' dir='ltr'>interpres</span> <span class='ocrx_word' id='word_1_123' title='bbox 645 1637 691 1673; x_wconf 90' lang='lat' dir='ltr'>de</span> <span class='ocrx_word' id='word_1_124' title='bbox 710 1636 818 1672; x_wconf 82' lang='lat' dir='ltr'>utris-</span> 
     </span>
     <span class='ocr_line' id='line_1_22' title="bbox 166 1692 816 1742; baseline 0 -13"><span class='ocrx_word' id='word_1_125' title='bbox 166 1705 238 1742; x_wconf 87' lang='lat' dir='ltr'>que</span> <span class='ocrx_word' id='word_1_126' title='bbox 254 1692 446 1739; x_wconf 84' lang='lat' dir='ltr'>intellexit,</span> <span class='ocrx_word' id='word_1_127' title='bbox 478 1693 523 1730; x_wconf 90' lang='lat' dir='ltr'>de</span> <span class='ocrx_word' id='word_1_128' title='bbox 543 1692 694 1729; x_wconf 86' lang='lat' dir='ltr'>Milesiis</span> <span class='ocrx_word' id='word_1_129' title='bbox 713 1696 749 1729; x_wconf 82' lang='lat' dir='ltr'>et</span> <span class='ocrx_word' id='word_1_130' title='bbox 769 1693 816 1729; x_wconf 83' lang='lat' dir='ltr'>de</span> 
     </span>
     <span class='ocr_line' id='line_1_23' title="bbox 166 1748 815 1795; baseline 0 -10"><span class='ocrx_word' id='word_1_131' title='bbox 166 1748 350 1785; x_wconf 83' lang='lat' dir='ltr'>insulanis.</span> <span class='ocrx_word' id='word_1_132' title='bbox 410 1749 503 1785; x_wconf 86' lang='lat' dir='ltr'>Utut</span> <span class='ocrx_word' id='word_1_133' title='bbox 522 1753 597 1795; x_wconf 77' lang='lat' dir='ltr'>est,</span> <span class='ocrx_word' id='word_1_134' title='bbox 626 1748 691 1784; x_wconf 93' lang='lat' dir='ltr'>hos</span> <span class='ocrx_word' id='word_1_135' title='bbox 710 1748 815 1785; x_wconf 88' lang='lat' dir='ltr'>Iones</span> 
     </span>
     <span class='ocr_line' id='line_1_24' title="bbox 166 1803 818 1851; baseline -0.006 -9"><span class='ocrx_word' id='word_1_136' title='bbox 166 1805 242 1842; x_wconf 86' lang='lat' dir='ltr'>vult</span> <span class='ocrx_word' id='word_1_137' title='bbox 260 1805 472 1842; x_wconf 88' lang='lat' dir='ltr'>Herodotus</span> <span class='ocrx_word' id='word_1_138' title='bbox 493 1817 532 1841; x_wconf 88' lang='lat' dir='ltr'>se</span> <span class='ocrx_word' id='word_1_139' title='bbox 548 1816 569 1840; x_wconf 85' lang='lat' dir='ltr'>a</span> <span class='ocrx_word' id='word_1_140' title='bbox 585 1803 729 1851; x_wconf 82' lang='lat' dir='ltr'>reliquis</span> <span class='ocrx_word' id='word_1_141' title='bbox 757 1804 818 1839; x_wconf 85' lang='lat' dir='ltr'>Io-</span> 
     </span>
     <span class='ocr_line' id='line_1_25' title="bbox 167 1859 816 1898; baseline -0.003 -1"><span class='ocrx_word' id='word_1_142' title='bbox 167 1861 272 1898; x_wconf 87' lang='lat' dir='ltr'>nibus</span> <span class='ocrx_word' id='word_1_143' title='bbox 303 1860 499 1898; x_wconf 87' lang='lat' dir='ltr'>seiunxisse</span> <span class='ocrx_word' id='word_1_144' title='bbox 527 1871 600 1896; x_wconf 92' lang='lat' dir='ltr'>non</span> <span class='ocrx_word' id='word_1_145' title='bbox 637 1859 742 1895; x_wconf 85' lang='lat' dir='ltr'>aliam</span> <span class='ocrx_word' id='word_1_146' title='bbox 769 1859 816 1895; x_wconf 87' lang='lat' dir='ltr'>ob</span> 
     </span>
     <span class='ocr_line' id='line_1_26' title="bbox 169 1915 816 1965; baseline -0.006 -11"><span class='ocrx_word' id='word_1_147' title='bbox 169 1929 314 1954; x_wconf 88' lang='lat' dir='ltr'>causam</span> <span class='ocrx_word' id='word_1_148' title='bbox 340 1917 541 1965; x_wconf 81' lang='lat' dir='ltr'>quandam,</span> <span class='ocrx_word' id='word_1_149' title='bbox 577 1928 698 1952; x_wconf 83' lang='lat' dir='ltr'>verum</span> <span class='ocrx_word' id='word_1_150' title='bbox 733 1915 816 1951; x_wconf 88' lang='lat' dir='ltr'>ideo</span> 
     </span>
     <span class='ocr_line' id='line_1_27' title="bbox 169 1970 818 2022; baseline -0.003 -13"><span class='ocrx_word' id='word_1_151' title='bbox 169 1973 289 2022; x_wconf 82' lang='lat' dir='ltr'>quod,</span> <span class='ocrx_word' id='word_1_152' title='bbox 319 1986 399 2009; x_wconf 85' lang='lat' dir='ltr'>cum</span> <span class='ocrx_word' id='word_1_153' title='bbox 418 1972 533 2008; x_wconf 87' lang='lat' dir='ltr'>omnis</span> <span class='ocrx_word' id='word_1_154' title='bbox 560 1972 667 2020; x_wconf 88' lang='lat' dir='ltr'>stirps</span> <span class='ocrx_word' id='word_1_155' title='bbox 700 1970 818 2007; x_wconf 85' lang='lat' dir='ltr'>Grae-</span> 
     </span>
     <span class='ocr_line' id='line_1_28' title="bbox 170 2026 818 2078; baseline -0.006 -13"><span class='ocrx_word' id='word_1_156' title='bbox 170 2041 212 2066; x_wconf 86' lang='lat' dir='ltr'>ca</span> <span class='ocrx_word' id='word_1_157' title='bbox 229 2033 314 2065; x_wconf 88' lang='lat' dir='ltr'>tunc</span> <span class='ocrx_word' id='word_1_158' title='bbox 332 2028 506 2078; x_wconf 89' lang='lat' dir='ltr'>temporis</span> <span class='ocrx_word' id='word_1_159' title='bbox 533 2027 673 2063; x_wconf 81' lang='lat' dir='ltr'>infirma</span> <span class='ocrx_word' id='word_1_160' title='bbox 698 2026 818 2072; x_wconf 80' lang='lat' dir='ltr'>suerit,</span> 
     </span>
     <span class='ocr_line' id='line_1_29' title="bbox 168 2083 819 2122; baseline -0.008 0"><span class='ocrx_word' id='word_1_161' title='bbox 168 2084 282 2122; x_wconf 89' lang='lat' dir='ltr'>multo</span> <span class='ocrx_word' id='word_1_162' title='bbox 307 2088 428 2121; x_wconf 87' lang='lat' dir='ltr'>tamen</span> <span class='ocrx_word' id='word_1_163' title='bbox 453 2083 692 2119; x_wconf 80' lang='lat' dir='ltr'>infirmissima</span> <span class='ocrx_word' id='word_1_164' title='bbox 711 2083 819 2119; x_wconf 84' lang='lat' dir='ltr'>exsti-</span> 
     </span>
     <span class='ocr_line' id='line_1_30' title="bbox 168 2137 818 2189; baseline -0.008 -11"><span class='ocrx_word' id='word_1_165' title='bbox 168 2141 252 2178; x_wconf 85' lang='lat' dir='ltr'>terit</span> <span class='ocrx_word' id='word_1_166' title='bbox 285 2153 375 2189; x_wconf 83' lang='lat' dir='ltr'>gens</span> <span class='ocrx_word' id='word_1_167' title='bbox 409 2140 552 2186; x_wconf 81' lang='lat' dir='ltr'>Ionica,</span> <span class='ocrx_word' id='word_1_168' title='bbox 590 2151 658 2176; x_wconf 88' lang='lat' dir='ltr'>nec</span> <span class='ocrx_word' id='word_1_169' title='bbox 693 2137 818 2185; x_wconf 80' lang='lat' dir='ltr'>magni</span> 
     </span>
     <span class='ocr_line' id='line_1_31' title="bbox 167 2195 817 2243; baseline -0.008 -9"><span class='ocrx_word' id='word_1_170' title='bbox 167 2197 350 2234; x_wconf 88' lang='lat' dir='ltr'>momenti.</span> <span class='ocrx_word' id='word_1_171' title='bbox 385 2196 461 2233; x_wconf 82' lang='lat' dir='ltr'>Iam</span> <span class='ocrx_word' id='word_1_172' title='bbox 478 2195 601 2241; x_wconf 74' lang='lat' dir='ltr'>vides,</span> <span class='ocrx_word' id='word_1_173' title='bbox 632 2195 817 2243; x_wconf 89' lang='lat' dir='ltr'>quomodo</span> 
     </span>
     <span class='ocr_line' id='line_1_32' title="bbox 168 2246 818 2299; baseline -0.005 -9"><span class='ocrx_word' id='word_1_174' title='bbox 168 2253 237 2290; x_wconf 86' lang='lat' dir='ltr'>sibi</span> <span class='ocrx_word' id='word_1_175' title='bbox 265 2253 482 2291; x_wconf 79' lang='lat' dir='ltr'>cohaereant</span> <span class='ocrx_word' id='word_1_176' title='bbox 508 2246 590 2289; x_wconf 78' lang='grc' dir='ltr'><em>κατ’</em></span> <span class='ocrx_word' id='word_1_177' title='bbox 613 2248 707 2288; x_wconf 69' lang='grc' dir='ltr'><em>ἄλλο</em></span> <span class='ocrx_word' id='word_1_178' title='bbox 735 2246 818 2299; x_wconf 80' lang='grc' dir='ltr'><em>μὲν</em></span> 
     </span>
     <span class='ocr_line' id='line_1_33' title="bbox 170 2300 820 2353; baseline -0.008 -5"><span class='ocrx_word' id='word_1_179' title='bbox 170 2304 289 2349; x_wconf 72' lang='grc' dir='ltr'><em>οὐδὲν</em></span> <span class='ocrx_word' id='word_1_180' title='bbox 309 2313 346 2347; x_wconf 87' lang='lat' dir='ltr'>et</span> <span class='ocrx_word' id='word_1_181' title='bbox 377 2304 570 2353; x_wconf 67' lang='grc' dir='ltr'><em>ἀσθενέος</em></span> <span class='ocrx_word' id='word_1_182' title='bbox 605 2303 656 2344; x_wconf 81' lang='grc' dir='ltr'>δὲ</span> <span class='ocrx_word' id='word_1_183' title='bbox 683 2300 820 2352; x_wconf 80' lang='grc' dir='ltr'><em>ἐόντος</em></span> 
     </span>
     <span class='ocr_line' id='line_1_34' title="bbox 169 2357 819 2404; baseline -0.006 0"><span class='ocrx_word' id='word_1_184' title='bbox 169 2379 205 2404; x_wconf 84' lang='grc' dir='ltr'>κ.</span> <span class='ocrx_word' id='word_1_185' title='bbox 225 2380 258 2404; x_wconf 89' lang='grc' dir='ltr'>τ.</span> <span class='ocrx_word' id='word_1_186' title='bbox 291 2368 323 2404; x_wconf 89' lang='grc' dir='ltr'><em>λ.</em></span> <span class='ocrx_word' id='word_1_187' title='bbox 348 2384 406 2392; x_wconf 91' lang='lat'>-·</span> <span class='ocrx_word' id='word_1_188' title='bbox 433 2363 493 2401; x_wconf 91' lang='lat' dir='ltr'>Ad</span> <span class='ocrx_word' id='word_1_189' title='bbox 520 2363 714 2400; x_wconf 88' lang='lat' dir='ltr'>dictionem</span> <span class='ocrx_word' id='word_1_190' title='bbox 742 2357 819 2401; x_wconf 76' lang='grc' dir='ltr'>ὅτι</span> 
     </span>
     <span class='ocr_line' id='line_1_35' title="bbox 170 2414 820 2472; baseline -0.005 -13"><span class='ocrx_word' id='word_1_191' title='bbox 170 2443 227 2451; x_wconf 84' lang='lat'>-—</span> <span class='ocrx_word' id='word_1_192' title='bbox 247 2418 308 2472; x_wconf 74' lang='grc' dir='ltr'>μή</span> <span class='ocrx_word' id='word_1_193' title='bbox 338 2420 484 2466; x_wconf 72' lang='grc' dir='ltr'>εῡῐιίῖΙ,</span> <span class='ocrx_word' id='word_1_194' title='bbox 507 2421 570 2460; x_wconf 86' lang='grc'>18.</span> <span class='ocrx_word' id='word_1_195' title='bbox 592 2414 820 2469; x_wconf 86' lang='grc' dir='ltr'><em>λόγιμον</em></span> 
     </span>
     <span class='ocr_line' id='line_1_36' title="bbox 173 2474 819 2521; baseline -0.005 -7"><span class='ocrx_word' id='word_1_196' title='bbox 173 2489 218 2514; x_wconf 85' lang='lat' dir='ltr'>ex</span> <span class='ocrx_word' id='word_1_197' title='bbox 243 2477 278 2514; x_wconf 91' lang='lat' dir='ltr'>h.</span> <span class='ocrx_word' id='word_1_198' title='bbox 309 2478 330 2514; x_wconf 93' lang='lat' dir='ltr'>l.</span> <span class='ocrx_word' id='word_1_199' title='bbox 370 2477 492 2513; x_wconf 87' lang='lat' dir='ltr'>laudat</span> <span class='ocrx_word' id='word_1_200' title='bbox 525 2475 686 2512; x_wconf 82' lang='lat' dir='ltr'>Thomas</span> <span class='ocrx_word' id='word_1_201' title='bbox 717 2474 819 2521; x_wconf 78' lang='lat' dir='ltr'>Mag.</span> 
     </span>
     <span class='ocr_line' id='line_1_37' title="bbox 171 2527 822 2583; baseline 0 -14"><span class='ocrx_word' id='word_1_202' title='bbox 171 2545 209 2583; x_wconf 89' lang='lat' dir='ltr'>p.</span> <span class='ocrx_word' id='word_1_203' title='bbox 221 2533 302 2573; x_wconf 88' lang='grc'>580</span> <span class='ocrx_word' id='word_1_204' title='bbox 323 2532 501 2582; x_wconf 84' lang='lat' dir='ltr'>explicans</span> <span class='ocrx_word' id='word_1_205' title='bbox 517 2527 739 2582; x_wconf 78' lang='grc' dir='ltr'><em>ἐλλόγιμον,</em></span> <span class='ocrx_word' id='word_1_206' title='bbox 758 2527 822 2569; x_wconf 87' lang='grc' dir='ltr'>λό-</span> 
     </span>
     <span class='ocr_line' id='line_1_38' title="bbox 172 2586 820 2639; baseline -0.008 -12"><span class='ocrx_word' id='word_1_207' title='bbox 172 2602 247 2639; x_wconf 83' lang='grc' dir='ltr'>γου</span> <span class='ocrx_word' id='word_1_208' title='bbox 269 2586 391 2634; x_wconf 70' lang='grc' dir='ltr'><em>ἄξιον.</em></span> <span class='ocrx_word' id='word_1_209' title='bbox 430 2587 556 2624; x_wconf 88' lang='lat' dir='ltr'>Pollux</span> <span class='ocrx_word' id='word_1_210' title='bbox 576 2588 612 2623; x_wconf 91' lang='lat' dir='ltr'>in</span> <span class='ocrx_word' id='word_1_211' title='bbox 629 2587 820 2623; x_wconf 83' lang='lat' dir='ltr'>onomast.</span> 
     </span>
     <span class='ocr_line' id='line_1_39' title="bbox 173 2638 740 2694; baseline -0.004 -13"><span class='ocrx_word' id='word_1_212' title='bbox 173 2643 230 2692; x_wconf 86' lang='lat' dir='ltr'>II,</span> <span class='ocrx_word' id='word_1_213' title='bbox 253 2647 334 2685; x_wconf 81' lang='lat'>122</span> <span class='ocrx_word' id='word_1_214' title='bbox 352 2644 436 2681; x_wconf 85' lang='lat' dir='ltr'>citat</span> <span class='ocrx_word' id='word_1_215' title='bbox 457 2638 569 2689; x_wconf 81' lang='grc' dir='ltr'><em>πόλις</em></span> <span class='ocrx_word' id='word_1_216' title='bbox 588 2642 740 2694; x_wconf 82' lang='grc' dir='ltr'><em>λογίμη.</em></span> 
     </span>
    </p>
   </div>
   <div class='ocr_carea' id='block_1_14' title="bbox 175 2749 824 2919">
    <p class='ocr_par' dir='ltr' id='par_1_14' title="bbox 175 2749 824 2919">
     <span class='ocr_line' id='line_1_40' title="bbox 224 2749 824 2806; baseline -0.005 -12"><span class='ocrx_word' id='word_1_217' title='bbox 224 2753 266 2794; x_wconf 84' lang='grc' dir='ltr'>οἷ</span> <span class='ocrx_word' id='word_1_218' title='bbox 285 2751 357 2806; x_wconf 78' lang='grc' dir='ltr'><em>μέν</em></span> <span class='ocrx_word' id='word_1_219' title='bbox 377 2768 453 2793; x_wconf 87' lang='grc' dir='ltr'>νυν</span> <span class='ocrx_word' id='word_1_220' title='bbox 475 2750 586 2793; x_wconf 64' lang='grc' dir='ltr'><em>ἄλλοι</em></span> <span class='ocrx_word' id='word_1_221' title='bbox 601 2749 736 2800; x_wconf 80' lang='grc' dir='ltr'><em>Ἴωνες</em></span> <span class='ocrx_word' id='word_1_222' title='bbox 757 2751 824 2792; x_wconf 81' lang='grc' dir='ltr'>καὶ</span> 
     </span>
     <span class='ocr_line' id='line_1_41' title="bbox 176 2806 822 2862; baseline -0.005 -11"><span class='ocrx_word' id='word_1_223' title='bbox 176 2811 218 2852; x_wconf 85' lang='grc' dir='ltr'>οἷ</span> <span class='ocrx_word' id='word_1_224' title='bbox 230 2807 439 2861; x_wconf 82' lang='grc' dir='ltr'><em>Ἀθηναῖοι</em></span> <span class='ocrx_word' id='word_1_225' title='bbox 459 2809 608 2862; x_wconf 75' lang='grc' dir='ltr'><em>ἔφυγον</em></span> <span class='ocrx_word' id='word_1_226' title='bbox 637 2806 682 2849; x_wconf 73' lang='grc' dir='ltr'>τό</span> <span class='ocrx_word' id='word_1_227' title='bbox 706 2806 822 2848; x_wconf 76' lang='grc' dir='ltr'><em>οὕνο-</em></span> 
     </span>
     <span class='ocr_line' id='line_1_42' title="bbox 175 2866 820 2919; baseline -0.006 -12"><span class='ocrx_word' id='word_1_228' title='bbox 175 2884 230 2919; x_wconf 86' lang='grc' dir='ltr'>μα</span> <span class='ocrx_word' id='word_1_229' title='bbox 249 2882 283 2907; x_wconf 81' lang='grc' dir='ltr'>κ.</span> <span class='ocrx_word' id='word_1_230' title='bbox 310 2882 341 2907; x_wconf 84' lang='grc' dir='ltr'>τ.</span> <span class='ocrx_word' id='word_1_231' title='bbox 361 2869 417 2913; x_wconf 90' lang='grc' dir='ltr'><em>λ.]</em></span> <span class='ocrx_word' id='word_1_232' title='bbox 455 2866 554 2906; x_wconf 86' lang='lat' dir='ltr'>Male</span> <span class='ocrx_word' id='word_1_233' title='bbox 593 2867 630 2905; x_wconf 91' lang='lat' dir='ltr'>in</span> <span class='ocrx_word' id='word_1_234' title='bbox 665 2866 820 2916; x_wconf 84' lang='lat' dir='ltr'>vulgatis</span> 
     </span>
    </p>
   </div>
   <div class='ocr_carea' id='block_1_15' title="bbox 739 1046 1533 1106">
    <p class='ocr_par' dir='ltr' id='par_1_15' title="bbox 739 1046 1533 1106">
     <span class='ocr_line' id='line_1_43' title="bbox 739 1046 1533 1106; baseline -0.001 -15"><span class='ocrx_word' id='word_1_235' title='bbox 739 1046 1056 1105; x_wconf 77' lang='grc' dir='ltr'><em>ἐβουλεύσαντο</em></span> <span class='ocrx_word' id='word_1_236' title='bbox 1095 1048 1142 1092; x_wconf 77' lang='grc' dir='ltr'>δὲ</span> <span class='ocrx_word' id='word_1_237' title='bbox 1178 1047 1316 1093; x_wconf 79' lang='grc' dir='ltr'><em>αὐτοῦ</em></span> <span class='ocrx_word' id='word_1_238' title='bbox 1352 1057 1533 1106; x_wconf 86' lang='grc' dir='ltr'><em>μετα-15</em></span> 
     </span>
    </p>
   </div>
   <div class='ocr_carea' id='block_1_16' title="bbox 882 1238 1536 1630">
    <p class='ocr_par' dir='ltr' id='par_1_16' title="bbox 882 1238 1536 1630">
     <span class='ocr_line' id='line_1_44' title="bbox 885 1238 1532 1294; baseline 0.002 -14"><span class='ocrx_word' id='word_1_239' title='bbox 885 1243 968 1281; x_wconf 88' lang='lat' dir='ltr'>olim</span> <span class='ocrx_word' id='word_1_240' title='bbox 981 1245 1150 1281; x_wconf 83' lang='lat' dir='ltr'>omissum</span> <span class='ocrx_word' id='word_1_241' title='bbox 1170 1238 1532 1294; x_wconf 68' lang='grc' dir='ltr'><em>οἵοηῒεἉθηναΐοι.</em></span> 
     </span>
     <span class='ocr_line' id='line_1_45' title="bbox 883 1300 1533 1338; baseline -0.003 0"><span class='ocrx_word' id='word_1_242' title='bbox 883 1300 964 1338; x_wconf 87' lang='lat' dir='ltr'>Nos</span> <span class='ocrx_word' id='word_1_243' title='bbox 993 1314 1073 1338; x_wconf 91' lang='lat' dir='ltr'>cum</span> <span class='ocrx_word' id='word_1_244' title='bbox 1106 1304 1254 1338; x_wconf 85' lang='lat' dir='ltr'>recentt.</span> <span class='ocrx_word' id='word_1_245' title='bbox 1291 1300 1390 1337; x_wconf 88' lang='lat' dir='ltr'>editt.</span> <span class='ocrx_word' id='word_1_246' title='bbox 1420 1301 1533 1338; x_wconf 89' lang='lat' dir='ltr'>secuti</span> 
     </span>
     <span class='ocr_line' id='line_1_46' title="bbox 884 1357 1535 1406; baseline 0 -14"><span class='ocrx_word' id='word_1_247' title='bbox 884 1370 1005 1393; x_wconf 82' lang='lat' dir='ltr'>sumus</span> <span class='ocrx_word' id='word_1_248' title='bbox 1025 1357 1192 1393; x_wconf 87' lang='lat' dir='ltr'>librorum</span> <span class='ocrx_word' id='word_1_249' title='bbox 1211 1357 1447 1406; x_wconf 88' lang='lat' dir='ltr'>probatorum</span> <span class='ocrx_word' id='word_1_250' title='bbox 1470 1369 1535 1392; x_wconf 83' lang='lat' dir='ltr'>au—</span> 
     </span>
     <span class='ocr_line' id='line_1_47' title="bbox 882 1410 1535 1460; baseline 0.002 -11"><span class='ocrx_word' id='word_1_251' title='bbox 882 1413 1095 1449; x_wconf 89' lang='lat' dir='ltr'>ctoritatem.</span> <span class='ocrx_word' id='word_1_252' title='bbox 1172 1412 1244 1448; x_wconf 91' lang='lat' dir='ltr'>Pro</span> <span class='ocrx_word' id='word_1_253' title='bbox 1291 1410 1468 1460; x_wconf 81' lang='grc' dir='ltr'><em>τοῦνομα</em></span> <span class='ocrx_word' id='word_1_254' title='bbox 1514 1425 1535 1449; x_wconf 83' lang='lat' dir='ltr'>e</span> 
     </span>
     <span class='ocr_line' id='line_1_48' title="bbox 884 1466 1535 1516; baseline 0 -13"><span class='ocrx_word' id='word_1_255' title='bbox 884 1467 1156 1505; x_wconf 89' lang='lat' dir='ltr'>Schellershem.</span> <span class='ocrx_word' id='word_1_256' title='bbox 1176 1466 1267 1504; x_wconf 89' lang='lat' dir='ltr'>libro</span> <span class='ocrx_word' id='word_1_257' title='bbox 1296 1467 1442 1516; x_wconf 81' lang='lat' dir='ltr'>alioque,</span> <span class='ocrx_word' id='word_1_258' title='bbox 1462 1467 1535 1503; x_wconf 85' lang='lat' dir='ltr'>Pa-</span> 
     </span>
     <span class='ocr_line' id='line_1_49' title="bbox 883 1519 1533 1562; baseline 0.003 -2"><span class='ocrx_word' id='word_1_259' title='bbox 883 1524 994 1560; x_wconf 89' lang='lat' dir='ltr'>risino</span> <span class='ocrx_word' id='word_1_260' title='bbox 1024 1537 1105 1561; x_wconf 89' lang='lat' dir='ltr'>cum</span> <span class='ocrx_word' id='word_1_261' title='bbox 1124 1527 1272 1561; x_wconf 83' lang='lat' dir='ltr'>recentt.</span> <span class='ocrx_word' id='word_1_262' title='bbox 1298 1524 1462 1561; x_wconf 88' lang='lat' dir='ltr'>dedimus</span> <span class='ocrx_word' id='word_1_263' title='bbox 1487 1519 1533 1562; x_wconf 71' lang='grc' dir='ltr'>τό</span> 
     </span>
     <span class='ocr_line' id='line_1_50' title="bbox 886 1576 1536 1630; baseline 0 -11"><span class='ocrx_word' id='word_1_264' title='bbox 886 1576 1051 1630; x_wconf 80' lang='grc' dir='ltr'><em>οὔνομα.</em></span> <span class='ocrx_word' id='word_1_265' title='bbox 1118 1580 1313 1618; x_wconf 83' lang='lat' dir='ltr'>Caeterum</span> <span class='ocrx_word' id='word_1_266' title='bbox 1350 1579 1391 1619; x_wconf 86' lang='grc' dir='ltr'>οἵ</span> <span class='ocrx_word' id='word_1_267' title='bbox 1423 1576 1536 1619; x_wconf 72' lang='grc' dir='ltr'><em>ἄλλοι</em></span> 
     </span>
    </p>
   </div>
   <div class='ocr_carea' id='block_1_17' title="bbox 872 1633 1536 1683">
    <p class='ocr_par' dir='ltr' id='par_1_17' title="bbox 872 1633 1536 1683">
     <span class='ocr_line' id='line_1_51' title="bbox 872 1633 1536 1683; baseline -0.005 -8"><span class='ocrx_word' id='word_1_268' title='bbox 872 1633 1008 1682; x_wconf 78' lang='grc' dir='ltr'><em>Ἴωνες</em></span> <span class='ocrx_word' id='word_1_269' title='bbox 1037 1640 1142 1673; x_wconf 82' lang='lat' dir='ltr'>erunt</span> <span class='ocrx_word' id='word_1_270' title='bbox 1169 1649 1295 1673; x_wconf 89' lang='lat' dir='ltr'>omnes</span> <span class='ocrx_word' id='word_1_271' title='bbox 1313 1635 1442 1683; x_wconf 84' lang='lat' dir='ltr'>lones,</span> <span class='ocrx_word' id='word_1_272' title='bbox 1473 1649 1536 1672; x_wconf 86' lang='lat' dir='ltr'>ex-</span> 
     </span>
    </p>
   </div>
   <div class='ocr_carea' id='block_1_18' title="bbox 883 1692 1536 2916">
    <p class='ocr_par' dir='ltr' id='par_1_18' title="bbox 883 1692 1536 2916">
     <span class='ocr_line' id='line_1_52' title="bbox 884 1692 1534 1743; baseline -0.003 -13"><span class='ocrx_word' id='word_1_273' title='bbox 884 1693 996 1743; x_wconf 84' lang='lat' dir='ltr'>ceptis</span> <span class='ocrx_word' id='word_1_274' title='bbox 1034 1693 1097 1739; x_wconf 83' lang='lat' dir='ltr'>iis,</span> <span class='ocrx_word' id='word_1_275' title='bbox 1140 1693 1201 1741; x_wconf 88' lang='lat' dir='ltr'>qui</span> <span class='ocrx_word' id='word_1_276' title='bbox 1231 1693 1422 1730; x_wconf 90' lang='lat' dir='ltr'>duodecim</span> <span class='ocrx_word' id='word_1_277' title='bbox 1455 1692 1534 1729; x_wconf 81' lang='lat' dir='ltr'>illas</span> 
     </span>
     <span class='ocr_line' id='line_1_53' title="bbox 883 1748 1536 1794; baseline 0 -10"><span class='ocrx_word' id='word_1_278' title='bbox 883 1750 989 1786; x_wconf 81' lang='lat' dir='ltr'>urbes</span> <span class='ocrx_word' id='word_1_279' title='bbox 1022 1749 1249 1794; x_wconf 78' lang='lat' dir='ltr'>incolebant,</span> <span class='ocrx_word' id='word_1_280' title='bbox 1292 1762 1371 1785; x_wconf 90' lang='lat' dir='ltr'>cum</span> <span class='ocrx_word' id='word_1_281' title='bbox 1398 1748 1536 1786; x_wconf 85' lang='lat' dir='ltr'>Noster</span> 
     </span>
     <span class='ocr_line' id='line_1_54' title="bbox 883 1799 1535 1843; baseline 0 -1"><span class='ocrx_word' id='word_1_282' title='bbox 883 1818 968 1842; x_wconf 88' lang='lat' dir='ltr'>mox</span> <span class='ocrx_word' id='word_1_283' title='bbox 985 1805 1115 1841; x_wconf 81' lang='lat' dir='ltr'>scribat</span> <span class='ocrx_word' id='word_1_284' title='bbox 1139 1804 1182 1842; x_wconf 81' lang='grc' dir='ltr'>αἱ</span> <span class='ocrx_word' id='word_1_285' title='bbox 1209 1801 1252 1843; x_wconf 78' lang='grc' dir='ltr'>δὲ</span> <span class='ocrx_word' id='word_1_286' title='bbox 1270 1801 1449 1843; x_wconf 76' lang='grc' dir='ltr'><em>δυώδεκα</em></span> <span class='ocrx_word' id='word_1_287' title='bbox 1465 1799 1535 1842; x_wconf 84' lang='grc' dir='ltr'>πό-</span> 
     </span>
     <span class='ocr_line' id='line_1_55' title="bbox 885 1855 1535 1909; baseline 0 -12"><span class='ocrx_word' id='word_1_288' title='bbox 885 1861 963 1905; x_wconf 76' lang='grc' dir='ltr'><em>λιες</em></span> <span class='ocrx_word' id='word_1_289' title='bbox 992 1855 1106 1898; x_wconf 75' lang='grc' dir='ltr'><em>αὗται</em></span> <span class='ocrx_word' id='word_1_290' title='bbox 1137 1875 1170 1898; x_wconf 82' lang='grc' dir='ltr'>κ.</span> <span class='ocrx_word' id='word_1_291' title='bbox 1199 1875 1232 1898; x_wconf 89' lang='grc' dir='ltr'>τ.</span> <span class='ocrx_word' id='word_1_292' title='bbox 1260 1862 1293 1897; x_wconf 93' lang='grc' dir='ltr'>λ.</span> <span class='ocrx_word' id='word_1_293' title='bbox 1360 1861 1535 1909; x_wconf 87' lang='lat' dir='ltr'>Spectarc</span> 
     </span>
     <span class='ocr_line' id='line_1_56' title="bbox 883 1915 1534 1964; baseline 0 -13"><span class='ocrx_word' id='word_1_294' title='bbox 883 1915 1026 1952; x_wconf 83' lang='lat' dir='ltr'>videtur</span> <span class='ocrx_word' id='word_1_295' title='bbox 1044 1915 1271 1964; x_wconf 83' lang='lat' dir='ltr'>potissimum</span> <span class='ocrx_word' id='word_1_296' title='bbox 1288 1916 1414 1952; x_wconf 90' lang='lat' dir='ltr'>Ionum</span> <span class='ocrx_word' id='word_1_297' title='bbox 1436 1915 1534 1952; x_wconf 89' lang='lat' dir='ltr'>colo-</span> 
     </span>
     <span class='ocr_line' id='line_1_57' title="bbox 885 1971 1535 2020; baseline 0.003 -14"><span class='ocrx_word' id='word_1_298' title='bbox 885 1984 951 2007; x_wconf 90' lang='lat' dir='ltr'>nos</span> <span class='ocrx_word' id='word_1_299' title='bbox 972 1971 1027 2008; x_wconf 87' lang='lat' dir='ltr'>vel</span> <span class='ocrx_word' id='word_1_300' title='bbox 1045 1972 1190 2007; x_wconf 87' lang='lat' dir='ltr'>omnino</span> <span class='ocrx_word' id='word_1_301' title='bbox 1219 1984 1300 2017; x_wconf 91' lang='lat' dir='ltr'>eos,</span> <span class='ocrx_word' id='word_1_302' title='bbox 1331 1972 1392 2020; x_wconf 88' lang='lat' dir='ltr'>qui</span> <span class='ocrx_word' id='word_1_303' title='bbox 1413 1972 1535 2008; x_wconf 80' lang='lat' dir='ltr'>Ionica</span> 
     </span>
     <span class='ocr_line' id='line_1_58' title="bbox 886 2027 1535 2078; baseline 0.003 -16"><span class='ocrx_word' id='word_1_304' title='bbox 886 2027 1047 2075; x_wconf 79' lang='lat' dir='ltr'>quamvis</span> <span class='ocrx_word' id='word_1_305' title='bbox 1076 2030 1113 2063; x_wconf 87' lang='lat' dir='ltr'>et</span> <span class='ocrx_word' id='word_1_306' title='bbox 1150 2027 1220 2077; x_wconf 91' lang='lat' dir='ltr'>ipsi</span> <span class='ocrx_word' id='word_1_307' title='bbox 1243 2027 1386 2064; x_wconf 88' lang='lat' dir='ltr'>oriundi</span> <span class='ocrx_word' id='word_1_308' title='bbox 1422 2028 1535 2078; x_wconf 88' lang='lat' dir='ltr'>stirpe</span> 
     </span>
     <span class='ocr_line' id='line_1_59' title="bbox 885 2080 1533 2120; baseline 0.005 -3"><span class='ocrx_word' id='word_1_309' title='bbox 885 2095 959 2118; x_wconf 89' lang='lat' dir='ltr'>non</span> <span class='ocrx_word' id='word_1_310' title='bbox 981 2082 1017 2117; x_wconf 89' lang='lat' dir='ltr'>in</span> <span class='ocrx_word' id='word_1_311' title='bbox 1045 2080 1155 2119; x_wconf 80' lang='lat' dir='ltr'>Asiae</span> <span class='ocrx_word' id='word_1_312' title='bbox 1183 2082 1288 2120; x_wconf 86' lang='lat' dir='ltr'>Ionia</span> <span class='ocrx_word' id='word_1_313' title='bbox 1315 2096 1437 2120; x_wconf 87' lang='lat' dir='ltr'>verum</span> <span class='ocrx_word' id='word_1_314' title='bbox 1456 2084 1533 2120; x_wconf 88' lang='lat' dir='ltr'>aliis</span> 
     </span>
     <span class='ocr_line' id='line_1_60' title="bbox 886 2138 1535 2190; baseline 0.005 -16"><span class='ocrx_word' id='word_1_315' title='bbox 886 2138 1034 2174; x_wconf 84' lang='lat' dir='ltr'>aliarum</span> <span class='ocrx_word' id='word_1_316' title='bbox 1053 2139 1241 2187; x_wconf 80' lang='lat' dir='ltr'>regionum</span> <span class='ocrx_word' id='word_1_317' title='bbox 1252 2139 1338 2176; x_wconf 87' lang='lat' dir='ltr'>locis</span> <span class='ocrx_word' id='word_1_318' title='bbox 1351 2141 1455 2177; x_wconf 87' lang='lat' dir='ltr'>sedes</span> <span class='ocrx_word' id='word_1_319' title='bbox 1466 2153 1535 2190; x_wconf 87' lang='lat' dir='ltr'>po-</span> 
     </span>
     <span class='ocr_line' id='line_1_61' title="bbox 886 2194 1534 2245; baseline 0.005 -15"><span class='ocrx_word' id='word_1_320' title='bbox 886 2198 1041 2231; x_wconf 83' lang='lat' dir='ltr'>suerant.</span> <span class='ocrx_word' id='word_1_321' title='bbox 1072 2215 1128 2221; x_wconf 88' lang='lat'>—-</span> <span class='ocrx_word' id='word_1_322' title='bbox 1154 2194 1213 2231; x_wconf 86' lang='lat' dir='ltr'>Ad</span> <span class='ocrx_word' id='word_1_323' title='bbox 1240 2195 1308 2232; x_wconf 90' lang='lat' dir='ltr'>loci</span> <span class='ocrx_word' id='word_1_324' title='bbox 1342 2208 1534 2245; x_wconf 81' lang='lat' dir='ltr'>argumen-</span> 
     </span>
     <span class='ocr_line' id='line_1_62' title="bbox 886 2249 1533 2290; baseline 0.006 -5"><span class='ocrx_word' id='word_1_325' title='bbox 886 2254 962 2286; x_wconf 86' lang='lat' dir='ltr'>tum</span> <span class='ocrx_word' id='word_1_326' title='bbox 976 2251 1069 2287; x_wconf 86' lang='lat' dir='ltr'>conf.</span> <span class='ocrx_word' id='word_1_327' title='bbox 1079 2249 1308 2287; x_wconf 83' lang='lat' dir='ltr'>Plutarchum</span> <span class='ocrx_word' id='word_1_328' title='bbox 1331 2252 1377 2289; x_wconf 87' lang='lat' dir='ltr'>de</span> <span class='ocrx_word' id='word_1_329' title='bbox 1392 2252 1533 2290; x_wconf 86' lang='lat' dir='ltr'>Herod.</span> 
     </span>
     <span class='ocr_line' id='line_1_63' title="bbox 888 2305 1535 2358; baseline 0.006 -17"><span class='ocrx_word' id='word_1_330' title='bbox 888 2305 1038 2353; x_wconf 80' lang='lat' dir='ltr'>Malign.</span> <span class='ocrx_word' id='word_1_331' title='bbox 1076 2319 1113 2356; x_wconf 90' lang='lat' dir='ltr'>p.</span> <span class='ocrx_word' id='word_1_332' title='bbox 1143 2307 1248 2353; x_wconf 82' lang='lat'>858,</span> <span class='ocrx_word' id='word_1_333' title='bbox 1272 2308 1303 2344; x_wconf 87' lang='lat' dir='ltr'><strong>F</strong></span> <span class='ocrx_word' id='word_1_334' title='bbox 1332 2308 1411 2344; x_wconf 91' lang='lat' dir='ltr'>coll.</span> <span class='ocrx_word' id='word_1_335' title='bbox 1433 2307 1535 2358; x_wconf 86' lang='lat' dir='ltr'>Apo-</span> 
     </span>
     <span class='ocr_line' id='line_1_64' title="bbox 887 2362 1534 2411; baseline 0.006 -14"><span class='ocrx_word' id='word_1_336' title='bbox 887 2362 1070 2411; x_wconf 83' lang='lat' dir='ltr'>phthegm.</span> <span class='ocrx_word' id='word_1_337' title='bbox 1091 2375 1128 2411; x_wconf 88' lang='lat' dir='ltr'>p.</span> <span class='ocrx_word' id='word_1_338' title='bbox 1150 2362 1250 2410; x_wconf 78' lang='lat'><strong>174,</strong></span> <span class='ocrx_word' id='word_1_339' title='bbox 1267 2363 1311 2400; x_wconf 93' lang='grc' dir='ltr'>Ε.</span> <span class='ocrx_word' id='word_1_340' title='bbox 1328 2364 1436 2401; x_wconf 79' lang='lat' dir='ltr'>--In</span> <span class='ocrx_word' id='word_1_341' title='bbox 1454 2377 1534 2401; x_wconf 86' lang='lat' dir='ltr'>ver-</span> 
     </span>
     <span class='ocr_line' id='line_1_65' title="bbox 887 2414 1534 2470; baseline 0.008 -16"><span class='ocrx_word' id='word_1_342' title='bbox 887 2418 957 2454; x_wconf 88' lang='lat' dir='ltr'>bis:</span> <span class='ocrx_word' id='word_1_343' title='bbox 985 2415 1068 2468; x_wconf 78' lang='grc' dir='ltr'><em>ῖρὸν</em></span> <span class='ocrx_word' id='word_1_344' title='bbox 1089 2414 1298 2467; x_wconf 76' lang='grc' dir='ltr'><em>ἱδρύσαντο</em></span> <span class='ocrx_word' id='word_1_345' title='bbox 1315 2418 1379 2458; x_wconf 79' lang='grc' dir='ltr'>ἐπὶ</span> <span class='ocrx_word' id='word_1_346' title='bbox 1398 2418 1534 2470; x_wconf 84' lang='grc' dir='ltr'><em>σφέων</em></span> 
     </span>
     <span class='ocr_line' id='line_1_66' title="bbox 889 2469 1534 2525; baseline 0.002 -14"><span class='ocrx_word' id='word_1_347' title='bbox 889 2469 1021 2512; x_wconf 77' lang='grc' dir='ltr'><em>αὐτῶν</em></span> <span class='ocrx_word' id='word_1_348' title='bbox 1051 2475 1163 2511; x_wconf 82' lang='lat' dir='ltr'>secuti</span> <span class='ocrx_word' id='word_1_349' title='bbox 1202 2488 1321 2512; x_wconf 91' lang='lat' dir='ltr'>sumus</span> <span class='ocrx_word' id='word_1_350' title='bbox 1349 2476 1534 2525; x_wconf 81' lang='lat' dir='ltr'>Schweig-</span> 
     </span>
     <span class='ocr_line' id='line_1_67' title="bbox 888 2529 1533 2582; baseline 0.006 -16"><span class='ocrx_word' id='word_1_351' title='bbox 888 2529 1011 2567; x_wconf 87' lang='lat' dir='ltr'>haeus.</span> <span class='ocrx_word' id='word_1_352' title='bbox 1037 2534 1146 2578; x_wconf 85' lang='lat' dir='ltr'>atque</span> <span class='ocrx_word' id='word_1_353' title='bbox 1175 2531 1441 2579; x_wconf 87' lang='lat' dir='ltr'>Gaisfordium‚</span> <span class='ocrx_word' id='word_1_354' title='bbox 1471 2534 1533 2582; x_wconf 91' lang='lat' dir='ltr'>qui</span> 
     </span>
     <span class='ocr_line' id='line_1_68' title="bbox 888 2585 1533 2637; baseline 0.008 -15"><span class='ocrx_word' id='word_1_355' title='bbox 888 2585 985 2624; x_wconf 91' lang='lat' dir='ltr'>libris</span> <span class='ocrx_word' id='word_1_356' title='bbox 1005 2598 1113 2623; x_wconf 89' lang='lat' dir='ltr'>manu</span> <span class='ocrx_word' id='word_1_357' title='bbox 1138 2587 1276 2637; x_wconf 90' lang='lat' dir='ltr'>scriptis</span> <span class='ocrx_word' id='word_1_358' title='bbox 1301 2589 1468 2626; x_wconf 89' lang='lat' dir='ltr'>commoti</span> <span class='ocrx_word' id='word_1_359' title='bbox 1483 2590 1533 2627; x_wconf 90' lang='lat' dir='ltr'>sic</span> 
     </span>
     <span class='ocr_line' id='line_1_69' title="bbox 892 2641 1532 2693; baseline 0.003 -13"><span class='ocrx_word' id='word_1_360' title='bbox 892 2642 1092 2680; x_wconf 85' lang='lat' dir='ltr'>ediderunt.</span> <span class='ocrx_word' id='word_1_361' title='bbox 1148 2642 1208 2680; x_wconf 85' lang='lat' dir='ltr'>De</span> <span class='ocrx_word' id='word_1_362' title='bbox 1237 2641 1301 2682; x_wconf 78' lang='grc' dir='ltr'>ἐπὶ</span> <span class='ocrx_word' id='word_1_363' title='bbox 1328 2645 1401 2681; x_wconf 90' lang='lat' dir='ltr'>dixi</span> <span class='ocrx_word' id='word_1_364' title='bbox 1432 2645 1532 2693; x_wconf 85' lang='lat' dir='ltr'>adl,</span> 
     </span>
     <span class='ocr_line' id='line_1_70' title="bbox 892 2697 1533 2751; baseline 0.011 -19"><span class='ocrx_word' id='word_1_365' title='bbox 892 2697 973 2739; x_wconf 76' lang='lat'>142</span> <span class='ocrx_word' id='word_1_366' title='bbox 992 2698 1056 2734; x_wconf 86' lang='lat' dir='ltr'>fin.</span> <span class='ocrx_word' id='word_1_367' title='bbox 1071 2717 1126 2725; x_wconf 91' lang='lat'>—-·</span> <span class='ocrx_word' id='word_1_368' title='bbox 1142 2699 1329 2736; x_wconf 81' lang='lat' dir='ltr'>structura</span> <span class='ocrx_word' id='word_1_369' title='bbox 1344 2701 1442 2738; x_wconf 86' lang='lat' dir='ltr'>verbi</span> <span class='ocrx_word' id='word_1_370' title='bbox 1459 2715 1533 2751; x_wconf 84' lang='grc' dir='ltr'>με-</span> 
     </span>
     <span class='ocr_line' id='line_1_71' title="bbox 888 2754 1532 2806; baseline 0.005 -15"><span class='ocrx_word' id='word_1_371' title='bbox 888 2754 1079 2792; x_wconf 80' lang='grc' dir='ltr'><em>ταδοῦναι</em></span> <span class='ocrx_word' id='word_1_372' title='bbox 1096 2754 1150 2802; x_wconf 91' lang='lat' dir='ltr'>(in</span> <span class='ocrx_word' id='word_1_373' title='bbox 1160 2755 1330 2806; x_wconf 88' lang='lat' dir='ltr'>fin.cap.)</span> <span class='ocrx_word' id='word_1_374' title='bbox 1349 2757 1434 2793; x_wconf 84' lang='lat' dir='ltr'>satis</span> <span class='ocrx_word' id='word_1_375' title='bbox 1444 2762 1532 2794; x_wconf 88' lang='lat' dir='ltr'>nota</span> 
     </span>
     <span class='ocr_line' id='line_1_72' title="bbox 888 2809 1531 2863; baseline 0.006 -17"><span class='ocrx_word' id='word_1_376' title='bbox 888 2822 931 2846; x_wconf 58' lang='lat' dir='ltr'>exr</span> <span class='ocrx_word' id='word_1_377' title='bbox 955 2809 1084 2846; x_wconf 79' lang='lat' dir='ltr'>Matth.</span> <span class='ocrx_word' id='word_1_378' title='bbox 1113 2811 1178 2848; x_wconf 84' lang='lat' dir='ltr'>Gr.</span> <span class='ocrx_word' id='word_1_379' title='bbox 1206 2811 1271 2849; x_wconf 84' lang='lat' dir='ltr'>Gr.</span> <span class='ocrx_word' id='word_1_380' title='bbox 1307 2810 1344 2863; x_wconf 79' lang='lat'><strong>§</strong></span> <span class='ocrx_word' id='word_1_381' title='bbox 1373 2813 1474 2861; x_wconf 78' lang='lat'><strong>326,</strong></span> <span class='ocrx_word' id='word_1_382' title='bbox 1503 2814 1531 2854; x_wconf 83' lang='lat'><strong>3</strong></span> 
     </span>
     <span class='ocr_line' id='line_1_73' title="bbox 886 2865 1086 2916; baseline 0 -14"><span class='ocrx_word' id='word_1_383' title='bbox 886 2878 970 2916; x_wconf 85' lang='lat' dir='ltr'>pag.</span> <span class='ocrx_word' id='word_1_384' title='bbox 994 2865 1086 2907; x_wconf 80' lang='lat'>634.</span> 
     </span>
    </p>
   </div>
  </div>
 </body>
</html>
