1909 3228
407 208 678 248 EXCURSUS
710 207 742 245 11
771 206 838 245 AD
869 203 1136 245 HERODOT.
1171 205 1206 252 1,
1237 204 1300 246 94.
1523 206 1605 245 893

567 669 1050 718 EXCURSUS
1106 669 1154 716 ΙΙ

331 782 452 822 AD
546 784 1148 823 HERODOT.
1226 780 1375 830 1‚94.

212 998 392 1036 Herodoti
431 998 547 1036 locum
582 1000 627 1036 de
658 999 772 1049 Lydis
803 1001 839 1036 in
873 996 1052 1036 Etruriam
1079 996 1248 1047 profectis
1275 993 1419 1040 retulit,
1458 990 1607 1028 laudato

100 1070 268 1113 auctore,
301 1065 496 1114 Dionysius
528 1066 879 1115 Halicarnassensis,
909 1068 1047 1116 antiqq.
1078 1065 1222 1102 Romm.
1254 1063 1290 1109 I,
1312 1065 1388 1109 27,
1427 1060 1514 1096 illud
1541 1059 1608 1094 ad-

101 1136 190 1173 dens
223 1135 321 1183 (cap.
342 1136 393 1174 28
414 1133 510 1181 init.)
541 1133 671 1170 multos
703 1148 848 1184 quoque
878 1134 966 1171 alios
994 1135 1188 1184 scriptores
1216 1132 1308 1168 hanc
1335 1130 1381 1166 de
1399 1127 1611 1177 Tyrrheno-

99 1217 178 1240 rum
202 1202 344 1250 origine
379 1203 591 1238 sententiam
618 1215 698 1240 esse
738 1207 877 1240 secutos
911 1215 1049 1251 eosque
1077 1202 1324 1250 discrepantes
1353 1198 1388 1232 in
1415 1194 1608 1231 indicando

100 1270 261 1308 coloniae
284 1270 374 1305 duce
394 1281 435 1305 ac
453 1274 628 1319 tempore.
687 1268 782 1307 Nam
811 1271 899 1307 alios
923 1270 1042 1307 scribit
1063 1268 1293 1317 Tyrrhenum
1313 1263 1476 1302 Herculis
1498 1262 1610 1299 filium

102 1338 260 1384 dixisse,
290 1350 333 1373 ex
357 1337 537 1386 Omphale
559 1336 678 1386 Lydia
697 1344 914 1388 prognatum
932 1339 988 1384 *),
1020 1336 1080 1386 qui
1109 1336 1147 1371 in
1174 1334 1313 1370 Italiam
1332 1331 1514 1381 profectus
1538 1329 1610 1366 Pe-

100 1407 221 1455 lasgos
241 1405 283 1441 iis
308 1417 350 1442 ex
367 1404 536 1450 urbibus,
567 1417 656 1453 quas
691 1419 798 1455 supra
824 1406 988 1443 Tiberim
1012 1402 1298 1454 septentrionem
1331 1411 1456 1436 versus
1483 1401 1612 1434 tenue-

100 1474 172 1510 rint
186 1502 197 1520 ,
228 1471 393 1514 eiecerit;
424 1470 512 1506 alios
531 1471 684 1520 Telephi
705 1472 818 1508 filium
838 1486 987 1509 vocasse
1008 1471 1258 1519 Tyrrhenum,
1283 1467 1344 1516 qui
1363 1469 1445 1516 post
1459 1463 1612 1502 Troiam

101 1543 244 1589 captam
281 1537 318 1573 in
346 1536 486 1573 Italiam
514 1539 713 1577 advenerit.
774 1540 914 1583 Quibus
944 1540 1041 1576 idem
1075 1537 1273 1585 Dionysius
1296 1534 1438 1583 gravius
1462 1531 1615 1582 opponit

101 1606 239 1644 Xanthi
266 1604 528 1652 testimonium,
569 1606 632 1654 qui
664 1607 838 1656 scriptor,
882 1606 1009 1655 Lydus
1038 1617 1173 1653 genere
1205 1605 1364 1651 indeque
1394 1600 1549 1638 maxima
1574 1602 1614 1635 ut

100 1675 241 1711 xidetur
261 1672 334 1709 fide
356 1672 510 1720 dignus,
541 1672 628 1708 nihil
655 1687 800 1722 prorsus
820 1674 1016 1722 quidquam
1037 1674 1082 1710 de
1104 1672 1171 1708 hac
1193 1670 1383 1720 Lydorum
1411 1668 1552 1705 colonia
1576 1667 1614 1703 in

101 1743 285 1780 Etruriam
323 1740 480 1777 deducta
510 1740 695 1787 retulerit,
734 1742 797 1778 sed
828 1740 930 1788 Atyis
964 1740 1080 1785 filios,
1116 1738 1262 1787 Lydum
1304 1742 1339 1774 et
1370 1736 1613 1781 Torrhebum,

101 1811 218 1861 patrio
247 1820 361 1856 regno
387 1806 500 1842 diviso
536 1811 730 1855 utrumque
770 1808 806 1843 in
834 1806 920 1843 Asia
954 1807 1171 1843 remansisse
1206 1805 1437 1843 enarraverit.
1500 1802 1614 1840 Addit

103 1890 202 1915 suam
223 1877 334 1926 ipsius
356 1876 570 1912 sententiam
591 1874 786 1923 Dionysius
812 1875 909 1924 (cap.
932 1876 984 1914 29
1010 1875 1128 1922 seq),
1160 1886 1232 1922 qua
1256 1872 1493 1921 Tyrrhenos,
1523 1884 1613 1919 quos

102 1959 123 1982 a
144 1943 309 1992 Pelasgis
333 1943 493 1979 diversos
527 1957 607 1980 esse
638 1943 737 1989 vult,
767 1942 954 1991 Lydorum
983 1942 1130 1978 colonos
1160 1942 1271 1978 fuisse
1301 1943 1490 1991 pernegat.
1554 1932 1613 1976 Ου’

103 2010 174 2063 μὲν
195 2008 266 2061 δή,
294 2011 331 2047 in
352 2009 509 2048 clausula
538 2012 659 2048 scribit
684 2023 761 2060 cap.
783 2012 836 2050 30
857 2010 946 2055 init„
978 2004 1072 2047 οὐδὲ
1092 2009 1242 2047 Λυδῶν
1260 2004 1354 2053 τούς
1381 2002 1616 2057 Τυρῤηνοΰς

103 2076 294 2124 α’ποίκους
326 2074 435 2127 οἶμαι
464 2077 663 2129 γενέσθαι.
724 2079 829 2121 Quae
857 2077 952 2113 enim
980 2076 1122 2126 singula
1149 2077 1241 2113 hanc
1261 2076 1297 2112 in
1318 2088 1393 2112 rem
1418 2074 1536 2110 attulit
1556 2086 1615 2109 ar-

103 2151 276 2197 gumenta
297 2146 343 2182 de
363 2146 504 2182 diversa
533 2146 678 2195 lingua,
710 2145 861 2183 diversis
888 2144 1082 2190 institutis,
1112 2144 1294 2190 moribus,
1325 2143 1477 2180 deorum
1503 2141 1613 2187 cultu,

104 2215 204 2261 aliis,
233 2217 373 2258 sumta,
402 2213 567 2262 longiora
586 2218 690 2262 sunt,
720 2224 828 2263 quam
858 2225 952 2261 quae
979 2212 1049 2248 huc
1069 2216 1310 2262 apponantur.
1369 2210 1446 2246 Sed
1467 2210 1514 2245 ad
1536 2209 1615 2245 He-

103 2281 223 2319 rodoti
256 2280 526 2327 anctoritatem,
565 2280 690 2329 Lydos
719 2283 811 2318 (luce
840 2279 1033 2329 Tyrrheno
1066 2280 1104 2316 in
1139 2280 1323 2316 Etruriam
1353 2277 1497 2313 venisse
1527 2277 1612 2312 scri-

105 2349 221 2387 bentis
247 2348 386 2385 accedit
407 2348 602 2396 Timaeus,
633 2350 732 2386 cuius
762 2349 1005 2396 fragmentum
1032 2348 1188 2384 servavit
1209 2345 1422 2384 Tertullian.
1451 2344 1496 2381 de
1527 2357 1612 2394 spe-

106 2422 213 2455 ctace·
245 2428 322 2465 cap-
346 2416 371 2455 5
390 2417 468 2465 **);
517 2417 655 2455 accedit
686 2416 875 2453 Strabonis
906 2415 1175 2462 testimonium,
1218 2414 1281 2464 qui
1314 2413 1404 2449 haec
1432 2414 1474 2448 ut
1505 2410 1612 2459 vulgo

150 2620 188 2666 *)
219 2622 330 2663 „Huc
358 2630 491 2662 quoque
519 2619 670 2653 referunt
699 2622 827 2654 clavam
855 2620 888 2652 in
915 2618 1024 2652 numis
1043 2618 1252 2661 Populoniae
1275 2616 1513 2660 antiquissimis
1530 2627 1611 2649 cou-

217 2679 388 2720 spicuam,
420 2687 486 2718 qua
512 2677 693 2710 Herculem
714 2677 856 2710 iudIcari
881 2677 1007 2708 volunt.
1067 2675 1164 2709 Cous.
1188 2675 1298 2707 Lanzi
1318 2674 1448 2716 Saggio
1469 2673 1502 2706 di
1531 2674 1610 2715 ling.

218 2735 351 2766 Etrusc.
378 2737 402 2764 t.
422 2733 453 2763 II
484 2743 516 2773 p.
537 2733 638 2765 101.“
671 2733 734 2764 Cr.

138 2793 182 2835 ⁸¹)
218 2790 319 2829 „via
335 2788 467 2822 Theod.
483 2788 593 2829 Ryck.
613 2788 645 2821 in
674 2789 806 2822 dissert.
826 2788 868 2821 de
897 2788 1010 2830 primis
1034 2787 1154 2819 Italiae
1179 2786 1307 2819 colonis
1332 2785 1376 2818 ad
1409 2786 1492 2818 calc.
1522 2788 1608 2817 nott.

218 2847 386 2879 Holstenii
407 2844 449 2877 ad
469 2843 633 2887 stephan.
658 2845 740 2887 Byz.
771 2856 803 2888 p.
823 2843 923 2877 {25⁶⁶
953 2844 1017 2877 Cr.
