1909 3228
565 141 1086 182 EUTERPE.II.
1360 143 1445 184 757

177 267 260 294 νον
288 251 666 307 παραλαμβάνειν,
706 252 778 295 καὶ
808 249 1001 295 κελεύειν
1029 249 1116 306 μετ’
1145 249 1320 293 ἑωυτῶν
1348 251 1442 306 μεί-

178 347 317 374 ναντα
348 333 599 386 συμπίνειν·
630 331 708 376 τόν
738 331 783 374 δὲ
813 332 1048 386 πεισθῆναί
1077 346 1120 373 τε
1150 329 1225 387 δή,
1256 329 1332 373 καὶ
1359 346 1440 373 κα-

121 414 386 465 25ταμεῖναι.
443 410 499 462 ὡς
530 410 574 454 δέ
604 427 680 466 μιν
716 408 836 463 παρὰ
873 409 952 465 τὴν
989 409 1120 455 πόσιν
1156 407 1443 465 φιλοφρόνως

177 486 444 544 ἠσπάζοντο,
474 489 702 532 ἐπιδοῦναι
733 486 903 531 αὐτοῖσι
925 488 999 531 καὶ
1019 488 1151 531 ἄλλον
1174 493 1262 532 τῶν
1281 487 1441 531 ἀσκῶν.
1458 496 1499 528 10

179 569 352 618 δαψιλέι·
387 568 432 611 δὲ
464 572 524 626 τῷ
558 572 677 624 ποτῷ
718 567 1016 622 χρησαμένους
1056 567 1158 617 τούς
1199 565 1441 623 φυλάκους,

177 645 589 703 ὑπερμεθυσθῆναι·
630 648 703 690 καὶ
732 646 1025 701 κρατηθέντας
1053 645 1141 689 ὑπὸ
1170 651 1251 689 τοῦ
1280 645 1442 697 ὕπνου,

121 722 316 767 ἳὸαύτοῦ
348 725 536 780 ἔνθαπερ
568 726 720 769 ἔπινον
749 729 1138 781 κατακοιμηθῆναι.
1175 724 1255 768 τόν
1285 725 1352 777 δὲ,
1385 722 1444 775 ὥς

178 804 327 858 πρόσω
363 797 419 859 ἦν
457 808 533 860 τῆς
569 804 744 856 νυκτός,
801 803 851 848 τό
880 820 925 847 τε
956 807 1080 859 σῶμα
1115 808 1197 848 τοῦ
1226 803 1444 859 ἀδελφεοῦ

175 885 434 935 καταλῦσαι,
465 883 538 925 καὶ
566 887 656 926 τῶν
685 882 895 938 φυλάκων
924 883 993 926 ἐπὶ
1022 880 1136 940 λύμῃ
1166 881 1342 926 πάντων
1365 884 1438 934 ξυ-
1456 889 1497 923 15

177 963 308 1016 ρῆσαι
336 960 412 1012 τας
442 961 581 1013 δεξιάς
619 964 849 1018 παρηίδας·
902 962 1104 1006 ἐπιθέντα
1131 963 1176 1006 δὲ
1205 961 1282 1005 τὸν
1311 961 1444 1004 νέκυν

177 1039 246 1082 ἐπὶ
274 1039 376 1090 τούς
405 1039 560 1094 ὄνους,
592 1038 852 1084 ἀπελαύνειν
873 1039 935 1084 ἐπ’
961 1043 1114 1094 οἴκου,
1140 1040 1440 1085 ἐπιτελέσαντα

926 1121 1014 1164 Τὸν
1055 1121 1099 1165 δὲ
1145 1120 1341 1177 βασιλέα,
1383 1118 1440 1170 ὠς

177 1195 295 1254 αὐτῷ
325 1196 576 1254 ἀπηγγέλθη
607 1202 686 1242 τοῦ
718 1199 869 1254 φωρὸς
899 1198 921 1243 ὁ
942 1201 1071 1250 νέκυς
1093 1198 1436 1255 ἐκκεκλεμμένος,

1497 1122 1591 1157 Regis
1625 1122 1689 1150 mia
1717 1129 1775 1156 quo

1496 1157 1618 1183 consilio
1647 1165 1665 1183 a
1691 1161 1777 1191 patre

1496 1190 1674 1224 prostituta,
1704 1197 1776 1224 quo-

1496 1223 1581 1284 {nodo
1600 1231 1618 1250 a
1636 1223 1703 1251 fure
1725 1222 1776 1250 de-

1512 1265 1564 1284 usa

66 1125 93 1165 5
122 1121 231 1174 27τῇ
270 1118 395 1174 μητρὶ
435 1119 488 1162 τὰ
525 1121 862 1175 προσταχθέντα.

177 1276 297 1321 δεινοὶ
340 1276 522 1320 ποιέειν·
580 1276 751 1329 πάντως
792 1277 838 1321 δὲ
883 1277 1156 1334 βουλόμενον
1207 1276 1497 1334 εὑρεθῆναιΞΟ

177 1355 295 1406 ὅστις
327 1354 426 1398 κοτὲ
456 1357 519 1411 εἰἠ
552 1354 575 1398 ὁ
605 1360 742 1399 ταῦτα
779 1356 1113 1412 μηχανώμενος,
1156 1357 1337 1413 ποιῆσαί
1365 1372 1441 1411 μιν

118 1442 162 1476 28
176 1433 300 1485 τάδε,
331 1432 426 1490 ἐμοὶ
454 1433 532 1489 μὲν
552 1433 608 1478 ου’
626 1434 776 1478 πιστά·
807 1435 889 1491 τήν
908 1435 953 1478 δὲ
980 1433 1203 1489 θυγατέρα
1228 1435 1308 1490 τήν
1332 1434 1441 1477 ἑωυ-

174 1516 256 1557 τοῦ
285 1514 457 1557 κατίσαι
486 1512 554 1557 έπ’
587 1511 844 1572 οἰκήματος,
875 1512 1173 1571 ἐντειλάμενον
1203 1513 1368 1564 πάντας
1397 1528 1441 1555 τε

120 1721 261 1758 confert
279 1721 604 1770 WVyttenbachium
621 1723 669 1759 ad
690 1722 778 1759 Plu-

122 1777 233 1814 tarch.
261 1776 392 1814 Moral.
431 1777 467 1825 I,
508 1782 534 1819 2
571 1791 657 1829 pag.
681 1780 775 1819 936.

122 1834 228 1870 Conf.
258 1834 364 1871 etiam
396 1846 506 1884 supra
535 1834 571 1883 I,
600 1835 655 1876 24
688 1835 774 1884 ibiq.

121 1894 197 1925 not.

176 1940 284 1994 παρά
304 1940 378 1994 τήν
401 1940 546 1994 πόσιν]
578 1945 600 1981 i.
626 1958 657 1982 e.
686 1947 777 1981 inter

117 2001 319 2051 potandum.
350 2001 639 2051 Xid.}Iatth.1›.
656 2001 774 2042 1174.

179 2055 248 2096 καὶ
266 2059 346 2095 τῶν
368 2052 595 2105 φυλακων’
579 2055 644 2096 επὶ
671 2052 775 2110 λύμῃ

122 2108 338 2151 πάντωνκ.
360 2127 391 2150 τ.
408 2112 456 2163 λ.]
488 2115 510 2150 i
535 2127 565 2151 e.
597 2114 776 2150 custodum

123 2172 271 2206 omnium
300 2169 444 2206 dea-tras
475 2183 584 2219 genas
604 2173 777 2206 contume-

123 2226 193 2262 liae
213 2239 322 2262 causa
349 2228 484 2262 rasisse.
542 2225 636 2262 Ad'
621 2224 684 2264 επὶ
713 2222 778 2264 λύ-

123 2298 175 2334 μῃ
205 2282 326 2328 (conf.
355 2282 428 2329 ΙΙΙ,
456 2281 507 2322 14
536 2283 625 2329 etc.)
653 2283 776 2319 videas

123 2338 255 2374 Matth.
288 2350 372 2387 pag.
398 2338 516 2379 1165.
567 2339 663 2376 Satis
693 2351 778 2375 vero

123 2398 265 2431 constat
288 2395 386 2443 apud
407 2394 598 2431 orientales
611 2395 776 2431 homines

123 2463 230 2498 quam
249 2450 544 2486 contumeliosum
557 2455 620 2487 aut
636 2463 779 2500 poenae

124 2511 185 2542 aut
202 2506 350 2542 iniuriae
375 2519 488 2554 genus
517 2507 582 2553 sit,
617 2520 690 2554 quo
717 2510 779 2543 aut

124 2562 239 2598 barba
257 2561 407 2599 vellatur
434 2567 496 2598 aut
525 2575 567 2599 ex
588 2566 692 2611 parte
719 2575 778 2598 ra-

125 2618 243 2654 datur.
300 2617 459 2654 Praebet
481 2617 536 2654 vel
564 2630 665 2654 sacra
692 2619 779 2655 scri-

124 2678 232 2723 ptura
253 2674 453 2723 exemplum
478 2674 511 2709 II
532 2674 689 2711 Samuel.
713 2676 778 2721 10,

125 2730 151 2769 4
171 2730 391 2778 ignominiae
413 2730 535 2766 similis
565 2730 610 2766 ab
629 2729 779 2766 Amino-

125 2786 280 2823 nitarum
306 2786 436 2836 regulo
472 2785 600 2835 legatis
627 2786 777 2824 Davidis

845 1721 1059 1772 impositae3
1094 1722 1192 1760 unde
1211 1723 1340 1771 postea
1367 1717 1500 1756 bellum

845 1783 975 1815 ortum.
1023 1778 1080 1815 De
1098 1778 1278 1814 Arabibus
1308 1788 1349 1812 ac
1372 1775 1499 1811 'furcis

845 1839 994 1871 nostrae
1006 1834 1134 1872 aetatis
1154 1834 1354 1871 ideminter
1374 1843 1499 1868 omnes

844 1894 998 1927 constat.

1121 1970 1158 2023 ἓ.
1186 1972 1222 2013 5.

902 2053 956 2102 ὥς
979 2051 1089 2110 αὐτῷ
1117 2050 1420 2108 ἀπηγγέλθη-
1442 2053 1501 2093 ἒκ-

844 2111 1118 2163 κεκλεμμένος]
1150 2114 1233 2149 vid.
1265 2112 1395 2149 Matth.
1433 2113 1498 2147 Gr.

847 2170 911 2206 Gr.
930 2183 965 2219 p.
987 2173 1091 2210 1091
1118 2170 1164 2206 ob
1189 2169 1365 2219 participii
1386 2181 1498 2203 usum.

845 2247 902 2253 —
920 2222 1028 2264 δεινὰ
1050 2224 1199 2263 ποιέειν
1226 2230 1282 2261 est
1305 2225 1499 2260 infinitivus

847 2282 1071 2331 (praeteriti)
1087 2282 1286 2332 imperfecti
1308 2281 1386 2316 loeo
1418 2281 1500 2317 infi-

846 2339 947 2374 nitivi
983 2339 1136 2385 aoristi,
1186 2342 1337 2373 notante
1370 2336 1500 2373 eodem

846 2393 976 2430 Matth.
998 2406 1083 2443 pag.
1105 2393 1186 2433 945
1216 2392 1251 2443 ἓ
1269 2394 1350 2434 499
1373 2393 1433 2429 fin.

904 2464 977 2499 την
998 2447 1040 2488 δὲ
1062 2449 1263 2516 θυγατέρα
1297 2463 1370 2498 την
1405 2447 1499 2486 {mv-

847 2508 919 2544 τοῦ
946 2506 1100 2544 κατίσαι
1123 2501 1179 2544 ἐπ’
1201 2500 1442 2555 οἰκήματος]
1473 2505 1496 2540 i.

848 2575 878 2600 e.
904 2562 1026 2610 filiam
1043 2574 1143 2599 suam
1171 2564 1313 2598 tussis-se
1336 2575 1372 2598 m
1395 2561 1498 2610 lupa-

845 2620 927 2655 nari
952 2618 1076 2655 sedere,
1106 2639 1162 2646 —
1192 2616 1235 2656 δέ
1254 2631 1332 2654 cum
1350 2621 1497 2655 recentt.

846 2675 1070 2724 recepimus,
1112 2687 1193 2711 cum
1217 2674 1316 2723 prius
1346 2686 1367 2710 a
1400 2677 1501 2710 textu

847 2731 1004 2768 abesset.
1048 2751 1095 2757 —-
1144 2729 1299 2767 Locutio
1343 2729 1500 2768 κατίσαι

846 2782 905 2827 ἐπ’
918 2783 1132 2838 οἰκήματος
1145 2785 1331 2835 (collocare
1342 2785 1500 2838 puellam
