1877 3223
54 479 118 526 57

646 204 861 244 CLIO.
919 206 947 242 I.

1346 206 1428 246 137

177 330 240 364 τις
271 313 313 364 ἐς
342 313 419 369 τὴν
449 314 678 367 Δρυοπίδα
706 314 881 370 μετέβη,
912 315 983 358 καὶ
1009 314 1055 358 ἐκ
1079 314 1157 370 τῆς
1177 315 1430 368 Δρυοπίδος

177 391 316 443 οὕτως
345 392 388 443 ἐς
423 391 759 448 Πελοπόννησον
787 392 939 445 ἐλθὸν,
969 392 1178 446 Δωρικόν
1207 391 1383 449 ἐκλήθη.

175 550 254 605 ἔχω
285 549 499 605 α’τρεκέως
529 549 654 594 εἶπαι.

173 646 256 674 νον
282 629 420 685 λέγειν
450 636 562 674 τοῖσι
591 635 673 673 νῦν
702 630 762 673 ἔτι
783 630 906 674 ἐοῦσι
927 634 1187 686 Πελασγῶν,
1215 633 1303 673 τῶν
1320 627 1429 685 ὑπὲρ

715 552 750 594 εἰ
789 550 833 594 δὲ
862 550 1000 606 χρεῶν
1029 551 1116 594 ἐστι
1149 550 1421 606 τεκμαιρόμε·
1437 557 1481 592 55

275 471 363 514 ‘'Hv
391 488 487 515 τινα
517 472 562 515 δὲ
590 475 789 527 γλῶσσαν
826 473 946 515 ἵεσαν
989 473 1032 516 οἷ
1065 471 1303 527 Πελασγοὶ,
1344 471 1426 515 οὐκ
1483 478 1604 513 Pelasgi
1630 477 1759 505 barbara

1484 512 1587 546 lingua
1605 512 1659 538 usi.
1678 512 1759 539 Gens

179 712 419 764 Τυρσηνῶν
448 712 691 765 Κρηστῶνα
720 708 848 753 πόλιν
880 709 1130 764 οἰκεόντων,
1173 713 1215 753 οἳ
1244 709 1431 767 ὅμουροί

118 882 217 918 disse
235 880 310 918 wilt
321 911 331 929 ,
351 881 418 918 sed
431 880 673 918 Macedonum
684 894 767 919 nar-

117 938 291 974 rationem
305 966 315 983 ,
345 950 498 986 quorum
514 950 602 975 sane
619 939 768 975 multum

118 995 317 1031 interfuerit
338 994 489 1030 Graecis
511 995 679 1041 gentibus
702 995 767 1031 ad-

118 1051 308 1087 numerari.
353 1050 458 1092 Quae
477 1056 654 1098 quatenus
684 1065 765 1088 eum

119 1107 299 1143 Herodoti
316 1107 435 1143 verbis
470 1106 648 1143 conciliari
676 1120 766 1156 que-

120 1167 200 1209 ant,
231 1162 400 1211 equidem
418 1175 490 1198 non
507 1168 685 1212 exputem.

175 1217 364 1257 ἐνθεῦτεν
397 1215 439 1256 δὲ
473 1212 584 1265 αὖτις
620 1218 660 1265 ἐς
690 1216 764 1269 τήν

120 1274 326 1325 Δρυοπίδα
345 1272 507 1324 μετέβη]
540 1275 677 1321 DoreS,
704 1276 764 1312 ubi

117 1332 289 1368 frustrata
323 1331 553 1380 expeditione
587 1344 697 1379 quam
726 1332 764 1367 in

117 1387 412 1437 Peloponnesum
424 1415 434 1433 ‚
454 1386 565 1434 Hyllo
581 1388 672 1423 duce
689 1401 769 1423 sus-

119 1447 313 1493 ceperant,
350 1443 509 1491 regressi
538 1447 660 1489 erant,
695 1448 770 1480 ter—

119 1513 196 1536 ram
216 1512 319 1535 suam
346 1499 495 1535 tradunt
522 1499 566 1535 ab
584 1499 769 1536 Hestiaeis

117 1556 397 1593 Euboeensibus
418 1555 494 1592 sive
511 1567 533 1591 a
553 1554 769 1593 Perrhaebis

120 1616 330 1662 occupatam
377 1611 584 1656 invenisse3
655 1624 769 1660 quare

122 1669 203 1706 hinc
226 1670 409 1718 profectos
449 1668 496 1704 ad
527 1667 767 1718 Dryopidem,

122 1737 216 1773 quae
232 1725 278 1760 ab
313 1724 409 1761 Oeta
434 1724 620 1761 meridiem
644 1737 768 1761 versus

122 1781 193 1816 sita
214 1784 310 1827 erat,
340 1793 380 1816 se
406 1780 625 1817 convertisse
643 1781 771 1817 sedes-

124 1849 195 1885 que
224 1848 336 1871 novas
365 1836 571 1873 condidisse
603 1837 770 1884 adeoque

123 1893 193 1942 ipsi
216 1891 355 1939 regioni
381 1890 528 1927 Doridis
551 1904 685 1929 nomen
706 1892 772 1928 im-

124 1948 303 1999 posuisse.
360 1946 468 1982 Plura
500 1948 546 1983 de
575 1947 631 1983 his
660 1947 772 1983 Beck.

124 2003 254 2041 Anleit.
281 2017 313 2040 z,
338 2002 558 2050 weltgesch.
579 2002 595 2038 Ι
623 2016 658 2052 p.
681 2004 772 2043 826.

124 2060 183 2098 De
201 2061 283 2109 ipsa
313 2059 380 2095 hac
407 2060 523 2106 terra,
553 2071 647 2107 quae
674 2059 774 2108 prius

126 2116 280 2166 Dryopis
291 2143 302 2161 ,
333 2119 463 2164 postea
474 2114 582 2151 Doris
596 2119 651 2151 est
668 2127 775 2151 voca-

127 2177 184 2219 ta,
213 2171 404 2221 primarius
424 2169 551 2207 Nostri
569 2170 700 2219 legitur
722 2170 775 2206 lo-

129 2242 190 2265 cus
211 2228 318 2274 VIII,
343 2230 395 2268 31
426 2226 503 2263 coll.
531 2226 596 2267 43.
654 2226 775 2274 Atque

130 2284 238 2321 etiam
274 2284 318 2320 C.
348 2284 395 2320 O.
426 2282 568 2319 Miiller.
599 2282 732 2329 (Dorr.
759 2282 775 2318 I

130 2354 165 2390 p.
186 2339 239 2380 35
260 2361 316 2366 —-
333 2338 414 2387 41)
453 2339 566 2376 multa
602 2339 776 2388 disputat,

132 2396 260 2444 quibus
299 2400 580 2433 commonstrare
621 2396 778 2439 studeat,

133 2451 251 2489 Dores
274 2452 408 2488 sensim
429 2452 633 2500 sensimque
651 2465 695 2488 ex
709 2452 778 2488 Hi-

137 2507 323 2544 stiaeotide
334 2508 465 2545 Oetam
483 2521 609 2545 versus
625 2508 778 2556 migras-

137 2574 198 2607 se,
226 2563 262 2598 in
292 2563 389 2598 cuius
415 2566 582 2601 extremis
613 2564 779 2600 convalli-

142 2617 210 2653 bus
230 2618 383 2667 primiun
397 2621 503 2657 sedes
514 2619 685 2670 ceperint,
696 2620 779 2658 dein

138 2674 253 2721 magis
280 2675 491 2712 maritimam
530 2689 628 2712 oram
655 2689 779 2714 versus

137 2730 322 2778 progressi
339 2730 394 2767 vel
413 2744 521 2781 supra
539 2731 778 2782 Dryopidem3

139 2786 189 2821 ita
210 2790 250 2821 ut
265 2786 380 2823 omnis
400 2799 490 2835 gens
507 2789 640 2825 sensim
658 2789 705 2825 ad
716 2801 777 2826 eas

139 2842 308 2891 regiones
347 2845 573 2895 pervenerit,
630 2858 778 2895 quarum

835 886 959 933 partes
978 881 1141 930 singulas
1163 881 1219 919 vel
1248 885 1355 919 antea
1382 885 1487 919 tenu-

837 939 938 976 erint.
999 939 1093 975 Utut
1121 939 1270 985 statuis,
1314 938 1384 974 hoc
1411 951 1487 975 cer-

834 999 909 1031 tum
933 995 1093 1041 videtur,
1110 994 1336 1044 Dryopidem
1354 998 1488 1031 terram

834 1051 955 1088 Dores
987 1051 1207 1099 aliquamdiu
1239 1051 1420 1096 tenuisse,
1451 1054 1487 1087 et

835 1120 878 1144 ex
898 1120 941 1144 ea
964 1107 1001 1142 in
1015 1106 1307 1156 Peloponnesum
1327 1107 1488 1144 irruisse.

834 1163 854 1200 Χ
869 1164 916 1200 id.
939 1163 1051 1201 Beck.
1073 1163 1094 1199 l.
1117 1164 1139 1200 l.
1156 1176 1243 1214 pag.
1264 1165 1356 1204 828.

1029 1247 1140 1298 Cap.
1174 1246 1287 1285 LVII.

893 1326 968 1369 οὐκ
994 1329 1129 1380 ἔχω-
1160 1345 1177 1369 ε
1189 1326 1243 1369 ἶπ
1255 1347 1278 1369 α
1290 1330 1332 1381 ι]
1372 1330 1488 1367 Pluri-

837 1386 886 1424 mi
908 1387 987 1423 libri
1009 1387 1131 1436 scripti
1154 1386 1291 1425 εἰπεῖν.
1322 1387 1399 1423 Sed
1416 1387 1488 1423 vid.

836 1443 874 1489 I,
899 1442 952 1483 49
981 1446 1017 1479 et
1042 1442 1095 1489 Il,
1124 1443 1177 1483 89
1208 1443 1285 1480 coll.
1318 1443 1491 1479 Creuzeri

838 1499 1060 1535 Commentt.
1098 1498 1263 1536 Herodd.
1302 1512 1388 1549 pag.
1424 1501 1488 1539 81.

837 1555 961 1592 ——De
981 1555 1116 1600 dativo,
1127 1555 1189 1603 qui
1208 1556 1317 1593 verbo
1337 1555 1492 1604 τεκμαί-

838 1615 981 1661 ρεσθαι
998 1611 1183 1658 adiicitur,
1201 1611 1340 1649 monuit
1359 1611 1489 1648 Matth.

837 1669 902 1705 Gr.
921 1668 986 1704 Gr.
1007 1665 1043 1717 ἓ.
1062 1668 1165 1714 396,
1188 1672 1215 1709 2
1239 1681 1323 1718 pag.
1350 1667 1444 1709 724.

891 1727 994 1763 τοῖσι
1022 1725 1101 1762 νῦν
1130 1722 1185 1762 ἔτι
1219 1723 1329 1764 ἐοῦσι
1365 1726 1491 1762 Πελα-

839 1783 966 1832 σγῶν,
1006 1781 1087 1818 τῶν
1125 1777 1227 1832 ’ὑπὲρ
1273 1782 1490 1831 Τυρσηνῶν

839 1838 1062 1887 Κρηστῶνα
1082 1832 1199 1874 πόλιν
1225 1833 1435 1875 οἰκεόντων
1450 1851 1487 1874 κ.

839 1907 871 1930 τ.
892 1895 949 1937 λ.]
1001 1891 1117 1928 Valde
1147 1893 1369 1942 disceptatur
1398 1893 1491 1929 inter

840 1949 937 1983 viros
955 1948 1081 1983 doctos
1103 1948 1149 1984 de
1161 1948 1360 1995 Tyrrhenis
1380 1953 1491 1996 atque

843 2003 1011 2040 Crestoue.
1069 2001 1166 2038 Nam
1190 2003 1357 2052 Dionysii
1385 2004 1492 2040 Hali-

842 2072 1000 2096 carnass.
1032 2056 1200 2107 (Antiqq.
1220 2059 1361 2096 Romm.
1379 2059 1416 2107 I,
1435 2062 1490 2102 26

841 2129 878 2166 p.
909 2118 962 2156 69
990 2115 1138 2163 Reisk.)
1174 2116 1381 2152 testimonio
1407 2129 1492 2166 per-

843 2172 954 2218 moti,
984 2169 1180 2221 Tyrrhenos
1209 2171 1246 2207 in
1264 2172 1409 2209 Etruria
1431 2186 1491 2208 ur-

843 2229 999 2276 bemque
1030 2227 1213 2264 Cortonam
1240 2228 1298 2264 hic
1338 2228 1491 2276 intelligi

844 2284 990 2333 quidam
1010 2288 1181 2320 statuunt.
1225 2284 1306 2320 Vid.
1327 2285 1491 2334 inprimis

844 2340 1019 2378 Niebuhr.
1044 2339 1087 2376 V.
1108 2338 1163 2376 Cl.
1181 2340 1218 2376 in
1233 2340 1329 2377 Hist.
1351 2341 1456 2378 Rom.
1474 2341 1491 2378 Ι

845 2410 930 2447 pag.
953 2399 1006 2436 70
1024 2396 1080 2433 ed.
1099 2408 1154 2445 pr.
1185 2398 1300 2446 (p.37
1317 2398 1373 2434 ed.
1386 2398 1491 2445 sec).

847 2453 944 2499 Qui,
972 2453 1004 2487 si
1022 2453 1057 2488 in
1075 2452 1264 2489 Herodoto
1283 2453 1333 2489 ita
1349 2452 1490 2502 legere—

846 2512 923 2556 tur,
973 2509 1275 2557 quemadmodum
1302 2511 1401 2559 apud
1423 2510 1492 2547 Di-

847 2565 1010 2613 onysium
1039 2568 1174 2612 exstat,
1211 2578 1233 2601 a
1253 2566 1396 2604 nemine
1424 2567 1491 2602 du-

847 2622 953 2658 bitari
996 2634 1107 2670 posse
1151 2622 1349 2669 existimat,
1403 2623 1492 2671 quin

848 2682 1000 2726 uterque
1017 2689 1133 2713 rerum
1146 2677 1321 2727 scriptor,
1353 2682 1390 2715 et
1413 2678 1492 2715 He-

849 2734 998 2770 rodotus
1018 2738 1054 2770 et
1072 2732 1281 2770 Hellanicus
1294 2733 1385 2783 (quo
1396 2738 1491 2771 teste

849 2790 955 2826 utitur
981 2789 1222 2837 Dionysius),
1262 2790 1309 2827 de
1331 2803 1404 2827 una
1429 2802 1491 2827 ea-

849 2847 1004 2897 demque
1032 2846 1121 2884 urbe
1153 2846 1316 2884 dixerint.
1385 2847 1490 2891 Quae

1487 547 1582 572 ,mica
1593 566 1601 579 ,
1625 545 1759 579 Pelasgi-

1483 583 1759 612 cal·11¹11nna,tra1¹s-

1485 613 1521 640 iit
1538 612 1576 640 ad
1589 612 1743 640 Hellenas.
