1909 3228
484 210 568 249 748

881 208 1351 248 HERODOTI

481 317 649 374 Ἑλένης
678 315 871 373 λεχθέντι
910 318 982 361 καὶ
1014 317 1144 369 αὐτὸς
1173 319 1481 373 προστίθεμαι,
1520 319 1620 363 τάδε
1651 318 1744 362 ἐπι-

483 396 712 451 λεγόμενος
726 411 735 420 ·

794 398 830 439 εἰ
860 390 914 452 ἦν
949 394 1096 453 Ἑλένη
1138 396 1184 440 ἐν
1212 395 1341 456 Ἰλίῳ,
1385 395 1661 452 ἀποδοθῆναι
1691 396 1745 441 ἂν

485 473 623 530 αὐτὴν
660 478 773 517 τοῖσι
799 474 1002 530 Ἕλλησι,
1059 475 1157 531 ἤτοι
1199 474 1376 526 ἑκόντος
1414 492 1461 531 γε
1495 475 1524 531 ἢ
1561 475 1745 527 ἄκοντος

455 552 782 607 ΞἉλεξάνδρου.

839 552 894 597 οὐ
923 555 1006 610 γὰρ
1046 553 1098 610 δὴ
1138 553 1252 597 οὕτω
1281 570 1328 609 γε
1358 555 1661 610 φρενοβλαβὴς
1688 551 1745 611 ἦν

484 631 509 675 ὁ
539 633 761 688 Πρίαμος,
792 630 896 676 οὐδὲ
927 635 970 676 οἱ
997 632 1120 677 ἄλλοι
1149 632 1441 688 προσήκοντες
1461 631 1602 690 αὐτῷ,
1634 631 1771 676 ὥστεΙ

482 715 596 755 τοῖσι
625 711 868 767 σφετέροισι
904 712 1074 768 σώμασι
1110 712 1184 756 καὶ
1220 716 1335 755 τοῖσι
1373 711 1563 755 τέκνοισι
1591 712 1664 755 καὶ
1692 714 1746 769 τῇ

483 788 584 833 πόλι
610 790 883 834 κινδυνεύειν
905 790 1155 847 ἐβούλοντο,
1175 790 1286 843 ὅκως
1304 789 1583 846 Ἀλέξανδρος
1597 788 1746 848 Ἑλένῃ

458 869 712 926 ὃσυνοικέῃ.
744 871 780 913 εἰ
811 870 855 914 δέ
886 887 955 914 τοι
985 871 1057 913 καὶ
1088 871 1135 914 ἐν
1164 876 1278 914 τοῖσι
1306 870 1519 924 πρώτοισι
1547 869 1748 925 χρόνοισι

483 952 621 991 ταῦτα
651 948 906 1004 ἐγίνωσκον·
936 949 1024 993 ἐπεὶ
1053 951 1205 994 πολλοὶ
1235 949 1313 1006 μὲν
1342 953 1429 993 τῶν
1454 947 1593 992 ἄλλων
1618 948 1773 1005 Tota—5

429 1178 582 1215 rumque
604 1165 799 1215 habuisse,
830 1167 869 1204 id
894 1169 991 1206 unde
1019 1181 1080 1205 co-

429 1222 595 1270 gnoverit
642 1222 702 1260 ille
740 1224 860 1260 nescio
899 1224 1079 1273 equidem.

429 1278 588 1316 Dubiam
608 1279 726 1328 potius
738 1279 877 1317 illorum
891 1283 1081 1331 poetarum

429 1335 538 1371 fidem
560 1335 753 1372 Herodoto
777 1337 889 1372 visam
908 1338 1031 1383 fuisse,
1052 1338 1080 1373 si

429 1392 477 1427 ad
514 1391 700 1429 historiam
741 1405 803 1429 eos
843 1394 1083 1440 revocaveris,

429 1446 602 1494 colligere
631 1448 717 1485 mihi
746 1462 856 1498 posse
884 1450 1010 1486 zideor
1039 1461 1083 1486 ex

429 1504 568 1541 xerbis:
595 1502 630 1565 εξ
647 1500 720 1554 χρή
743 1519 779 1542 τι
796 1508 898 1543 τοῖσι
923 1504 1083 1543 ἐποποι-

431 1562 510 1598 οῖσι
530 1556 750 1610 χρεώμενον
764 1559 911 1611 λεγειν,·
931 1562 991 1598 ubi
1004 1562 1083 1597 Ho-

428 1628 565 1652 merum
587 1621 622 1652 et
640 1617 856 1666 Cypriorum
877 1622 988 1666 atque
1009 1619 1082 1666 Ο)-

430 1672 597 1708 clicorum
617 1673 812 1709 carminum
825 1678 987 1710 auctores
1001 1687 1082 1711 eum

429 1727 650 1765 intellexisse
671 1729 827 1765 credam.
859 1750 913 1756 —
943 1728 1002 1765 Ad
1025 1743 1082 1766 re-

429 1783 528 1832 liqua
550 1783 613 1820 Cr.
636 1786 790 1822 conferri
812 1785 886 1821 vult
898 1784 1027 1822 TzetZ.
1045 1786 1081 1821 in

428 1838 659 1889 Lycophron.
678 1854 729 1877 vs.
750 1842 830 1882 820
844 1854 919 1891 seq.
950 1854 985 1892 p.
1000 1843 1081 1882 810

429 1897 487 1933 ed.
514 1896 655 1933 Miiller.

485 1947 579 1990 τάδε
609 1948 908 2006 ἐπιλεγόμενος]
941 1952 984 1989 Id
1007 1955 1080 1989 est:

429 2009 512 2045 haec
538 2014 703 2058 reputans
726 2023 875 2057 mecum,
906 2011 1080 2057 cogitans·

430 2066 537 2102 Conf.
559 2065 597 2112 l,
618 2068 683 2106 78.
711 2088 767 2093 ——
790 2065 849 2103 Ad
879 2068 1080 2104 συνοικεῖν

429 2121 466 2158 in
497 2134 602 2170 seqq.
628 2123 723 2160 conf.
751 2122 791 2171 I,
821 2125 885 2164 91.
919 2123 984 2163 93.
1013 2123 1081 2163 37·

432 2179 511 2219 173
530 2183 600 2215 etc.

486 2233 522 2272 εἰ
543 2232 585 2272 δέ
607 2249 665 2273 τοι
689 2232 758 2273 καὶ
781 2233 824 2273 ἒν
843 2237 944 2272 τοῖσι
971 2227 1079 2283 πριό-

428 2302 531 2329 τοισι
561 2287 738 2340 χρόνοισι
778 2293 902 2329 ταῦτα
945 2288 1080 2340 ἐγίνω-

431 2348 552 2393 σκον]
582 2348 819 2385 Herodoteae
849 2351 1080 2394 argumenta-

429 2404 563 2450 tionis,
592 2416 686 2452 quae
714 2404 749 2440 h.
785 2403 808 2440 l.
839 2404 985 2452 incipit,
1025 2402 1082 2438 hic

430 2461 507 2496 fere
533 2472 682 2496 sensus:
736 2460 812 2506 „Si
845 2473 931 2497 vero
960 2458 1081 2508 primis

430 2528 627 2564 sanequam
658 2517 881 2566 temporibus
911 2515 1081 2551 Troianis

431 2572 594 2619 (Priamo
618 2572 766 2621 eiusque
797 2572 979 2620 cognatis)
1004 2570 1081 2620 pla-

431 2628 586 2675 cuisset,
618 2628 798 2665 Helenam
828 2628 985 2665 retinere
1015 2640 1082 2664 nec

432 2684 583 2721 Graecis
617 2684 897 2734 deposcentibus
916 2683 1083 2728 reddere,

431 2744 552 2777 tamen
573 2745 723 2790 postea,
752 2754 832 2777 cum
855 2739 976 2777 multis
1000 2739 1082 2776 belli

432 2794 691 2833 calamitatibus
714 2810 753 2834 se
768 2809 911 2847 pressos
930 2807 1082 2844 magna—

433 2863 503 2900 que
527 2864 672 2889 suorum
699 2857 826 2902 strage
851 2851 1005 2890 afflictos
1030 2852 1083 2888 vi-

1149 1168 1309 1215 dissent,
1339 1166 1396 1203 vix
1419 1166 1591 1212 dubium,
1621 1167 1708 1215 quin
1724 1165 1802 1204 He-

1149 1224 1267 1261 lenam
1321 1223 1472 1260 Graecis
1530 1223 1801 1268 reddidissent,

1150 1282 1301 1330 ipseque
1336 1280 1522 1326 Priamus,
1564 1280 1594 1316 si
1621 1279 1802 1316 Helenam

1150 1337 1187 1373 in
1216 1336 1482 1374 matrimonium
1511 1336 1692 1383 duxisset,
1723 1347 1801 1373 eam

1150 1394 1360 1430 redditurus
1382 1393 1526 1438 fuisset,
1546 1393 1617 1441 qua
1640 1404 1678 1428 se
1699 1405 1802 1428 suos-

1150 1462 1222 1497 que
1233 1449 1313 1486 belli
1323 1448 1582 1484 calamitatibus
1593 1448 1801 1484 liberaret.“

1151 1505 1310 1548 Quando
1332 1504 1428 1541 enim
1451 1504 1518 1540 hoc
1545 1504 1625 1553 ipse
1653 1517 1713 1540 rex
1734 1504 1802 1540 do-

1149 1573 1302 1609 musque
1323 1561 1445 1608 regiae
1456 1559 1623 1610 princeps
1645 1560 1800 1605 fecisset,

1149 1616 1262 1653 multo
1298 1618 1414 1665 magis
1440 1621 1734 1663 consentaneum,
1765 1617 1801 1652 in

1149 1673 1245 1721 regis
1275 1673 1371 1719 filio,
1402 1676 1438 1709 et
1475 1672 1622 1720 quidem
1651 1685 1715 1719 e0,
1754 1673 1802 1708 ad

1150 1741 1256 1777 quem
1275 1728 1331 1765 vel
1349 1732 1491 1764 mortuo
1512 1733 1636 1777 patre,
1656 1729 1801 1765 minime

1150 1785 1390 1821 deventurum
1415 1788 1511 1821 esset
1534 1796 1706 1833 regnum,
1734 1784 1803 1821 hoc

1149 1840 1247 1877 idem
1265 1840 1352 1877 fieri.

1207 1896 1242 1934 εἰ
1269 1894 1311 1934 δέ
1339 1910 1399 1934 τοι
1421 1893 1800 1947 καὶ-ἐγίνωσκον]

1151 1952 1225 1989 scil.
1246 1950 1266 1991 ὁ
1289 1952 1471 2002 Πρίαμος
1491 1950 1558 1990 καὶ
1588 1951 1629 1990 οἷ
1652 1948 1801 2003 προσή-

1149 2023 1285 2054 κοντες
1310 2004 1432 2061 αὐτῷ.
1451 2029 1506 2036 -
1537 2007 1578 2047 ἔν
1600 2020 1800 2072 onpwvomz

1148 2061 1323 2117 χρόνοισι
1353 2066 1450 2102 refer
1481 2064 1529 2101 ad
1554 2065 1688 2114 primos
1720 2065 1802 2101 belli

1148 2135 1284 2168 annos,
1325 2122 1425 2170 quod
1456 2121 1587 2158 Graeci
1614 2121 1660 2157 ob
1688 2121 1802 2158 Hele-

1147 2191 1230 2215 nam
1270 2183 1410 2228 raptam
1453 2182 1578 2214 contra
1617 2176 1798 2214 Troianos

1147 2238 1393 2283 susceperunt.

1204 2288 1289 2328 ἐπεὶ
1328 2286 1467 2327 πολλοὶ
1513 2285 1584 2338 μὲν
1614 2303 1651 2326 κ.
1685 2303 1716 2326 τ.
1749 2287 1798 2338 λ.]

1147 2346 1252 2384 Haec
1299 2346 1412 2382 verba
1459 2357 1524 2394 per
1567 2344 1801 2394 parenthesin

1148 2402 1250 2452 quasi
1294 2401 1504 2451 accipienda
1535 2405 1619 2437 sunt
1654 2400 1801 2437 dilatam

1148 2471 1264 2507 usque
1292 2458 1339 2494 ad
1360 2458 1467 2495 xerba
1497 2452 1720 2509 χρεώμενον
1743 2455 1801 2495 λε’-

1148 2529 1233 2567 γειν
1266 2513 1404 2560 inclus.‚
1444 2514 1503 2549 ubi
1534 2514 1650 2550 oratio
1680 2513 1801 2550 denuo

1149 2571 1342 2608 assumitur
1371 2570 1517 2606 wrbis:
1565 2565 1718 2608 τούτων
1748 2566 1801 2608 δὲ

1150 2622 1342 2666 τοιούτων
1372 2622 1690 2676 συμβαινόντων,
1721 2625 1802 2674 qui-

1152 2684 1217 2720 bus
1237 2695 1280 2719 ea
1298 2683 1418 2719 omnia
1437 2682 1800 2732 comprehenduntur,

1151 2752 1246 2788 quae
1263 2739 1298 2774 in
1319 2738 1527 2788 parenthesi
1549 2737 1693 2788 prolata
1703 2741 1799 2774 sunt.

1152 2796 1278 2839 Quare
1307 2794 1405 2832 haud
1436 2794 1530 2832 male
1559 2794 1700 2832 addidit
1717 2805 1801 2842 par-

1150 2851 1297 2889 ticulam
1327 2848 1370 2890 ὁέ
1389 2879 1401 2901 ,
1450 2854 1536 2902 post
1567 2848 1798 2901 parenthesin
