1877 3223
469 236 551 276 134

856 235 1319 275 HERODOTI

441 342 832 400 4πουλυπλάνητον
876 343 1028 400 κάρτα.
1073 344 1139 389 ἐπὶ
1175 345 1253 400 μὲν
1291 343 1374 400 γὰρ
1411 347 1713 398 Δευκαλίωνος

414 517 459 561 τό
478 521 558 560 ταῖν
579 516 715 566 ἁπλῶς
736 520 952 571 Πελασγῶν
973 520 1056 570 φῦ-

414 580 484 618 λον
531 573 597 615 καὶ
633 573 874 626 πολυσπερὲς
911 572 977 614 διὰ
1015 573 1058 616 τὸ

413 626 679 682 πλανητικόνς
708 631 964 680 coll.s1·agmm.
987 632 1056 668 Hi-

414 694 520 727 storr.
533 701 568 738 p.
590 686 655 727 41.
712 686 817 730 Quae
839 689 949 737 igitur
983 688 1056 726 Pe-

414 744 526 793 lasgis
548 743 710 779 tribuunt
731 744 865 781 Strabo
879 774 889 793 ,
915 744 989 792 alii,
1011 758 1055 782 ea

413 802 460 838 ab
477 799 668 837 Herodoto
690 798 902 837 Hellenibus
925 801 1058 838 tributa

413 857 598 901 videmus3
634 867 719 891 nam
737 854 918 893 Herodoti
936 858 1058 904 verba,

414 917 456 950 ut
484 911 698 961 quibusdam
734 910 819 949 olim
842 912 957 949 visum
989 917 1058 959 est,

413 970 463 1007 ad
479 968 657 1016 Pelasgos
666 968 802 1006 referre
813 996 824 1015 ‚
841 980 913 1017 quo
925 968 1058 1004 Strabo

414 1030 524 1074 atque
541 1023 752 1061 Herodotus
785 1037 910 1061 secum
939 1023 1059 1061 conci-

415 1081 566 1127 lientur,
594 1092 668 1117 non
690 1080 813 1117 sinunt
837 1080 983 1129 linguae
1006 1079 1058 1117 le-

415 1150 502 1186 ges,
532 1149 651 1186 neque
670 1136 749 1186 ipse
769 1136 1059 1187 StephanusBy-

415 1193 549 1230 zantin.
582 1206 611 1230 s,
645 1205 678 1229 v.
703 1187 863 1243 Δώριον
892 1206 928 1243 p.
961 1192 1059 1239 746,

414 1252 512 1287 recte
556 1248 650 1286 hunc
696 1248 811 1286 locum
868 1249 1059 1299 accipiens,

415 1306 542 1350 Quare
555 1304 820 1354 lVesselingius
829 1304 1060 1343 Herodotum

415 1374 491 1399 non
507 1361 555 1398 de
571 1361 738 1398 universa
748 1361 983 1410 Pelasgorum
994 1373 1061 1397 na-

416 1418 516 1454 tione
534 1416 590 1453 hic
615 1415 712 1465 loqui
740 1422 883 1464 censet,
918 1417 985 1454 sed
1013 1417 1061 1455 dc

415 1472 697 1510 Atheniensibus
742 1476 906 1520 tantum,
949 1472 1011 1521 qui
1038 1485 1062 1510 a

416 1528 582 1577 Pelasgis
604 1540 720 1577 genus
738 1528 914 1566 duxerint.
966 1529 1061 1566 Cum

418 1585 513 1622 enim
540 1585 713 1623 latissime
739 1588 864 1635 pateat
888 1584 1062 1633 Pelasgo-

418 1654 494 1679 rum
514 1653 628 1690 genS,
666 1654 729 1678 eos
752 1640 849 1678 solos
877 1641 921 1678 ab
943 1641 1062 1679 Hero-

418 1698 505 1734 doto
527 1697 795 1734 commemorari
814 1697 982 1734 credibile
994 1701 1063 1745 est,

419 1753 481 1803 qui
501 1754 549 1790 ad
565 1752 720 1790 Atticam
739 1754 945 1803 pertineant
963 1766 1062 1791 eam-

419 1822 491 1858 que
502 1813 634 1847 terram
652 1810 697 1846 ab
727 1809 976 1858 antiquissimo
1001 1822 1063 1846 ae-

418 1877 465 1902 vo
498 1865 699 1912 tenuerint,
738 1865 835 1902 unde
867 1865 1064 1913 indigenae

419 1921 496 1959 sive
512 1921 771 1958 autochthones
788 1921 861 1957 sint
871 1920 1064 1971 appellati3

420 1989 493 2026 qua
509 1977 656 2026 quidem
682 1976 924 2027 appellatione
952 1975 1066 2014 Athe-

420 2033 565 2070 nienses
601 2045 691 2084 prae
729 2032 876 2082 reliquis
913 2032 1065 2070 Graecis

420 2089 583 2138 insignes
615 2089 772 2126 voluisse
801 2088 982 2126 neminem
1009 2090 1067 2127 su-

422 2146 487 2194 git.
544 2144 655 2183 Unde
670 2158 743 2182 non
764 2144 912 2182 multum
932 2145 1066 2192 differt,

422 2202 455 2238 si
474 2200 649 2249 Pelasgos
667 2200 807 2239 Atticae
834 2205 952 2239 terrae
972 2201 1064 2238 fines

423 2258 612 2306 ingressos
641 2257 760 2308 prisco
788 2270 878 2296 aevo
917 2263 954 2295 et
983 2269 1063 2294 cum

424 2313 605 2361 indigenis
628 2314 665 2350 in
685 2326 795 2351 unam
815 2315 891 2353 sere
917 2317 1064 2363 gentem

425 2368 601 2407 coaluisse
641 2370 793 2416 dixeris3
848 2383 920 2421 quo
968 2369 1066 2406 ducit

425 2425 565 2463 Herod.
584 2424 616 2461 II
630 2455 640 2473 ,
658 2426 708 2466 51
725 2426 806 2463 coll.
835 2426 895 2475 (ut
913 2426 1067 2463 Cr.1n0-

425 2482 507 2530 net)
537 2481 580 2518 C.
608 2482 654 2519 O.
683 2481 825 2521 Miiller.
861 2483 898 2519 in
928 2481 1067 2520 Orcho-

426 2549 520 2574 men.
556 2548 641 2586 pag.
670 2540 752 2580 439
780 2552 857 2589 seq.
891 2541 970 2580 129
989 2550 1066 2586 seq.

427 2592 525 2631 Nam
545 2597 641 2630 terra
666 2592 785 2632 Attica
804 2593 1068 2643 commigratio-

428 2661 494 2686 nes
511 2649 705 2687 incolarum
722 2653 840 2688 minus
851 2656 907 2689 est
915 2662 1066 2701 perpes-

428 2716 491 2751 sa,
518 2708 610 2742 teste
628 2705 843 2755 Thucydide
868 2708 907 2755 l,
930 2710 956 2748 2
984 2706 1068 2751 sm.;

429 2772 472 2797 ex
493 2773 564 2809 quo
584 2761 679 2798 haud
701 2764 773 2800 scio
790 2776 836 2802 an
853 2764 991 2802 Nostro
1003 2774 1069 2812 pa-

430 2817 595 2854 troeinari
634 2820 752 2867 possis
766 2849 776 2865 ‚
826 2820 923 2870 apud
962 2831 1069 2868 quein

431 2873 583 2911 eundem
610 2873 698 2923 vll,
725 2878 801 2917 161
831 2875 1069 2914 Athenienses

1122 514 1324 557 dicuntur'
1298 513 1555 571 αρχαιότατον
1566 518 1637 571 μὲν
1649 520 1769 568 ἔθνος

1122 571 1402 643 παρεχόμενοι,
1423 577 1566 627 μοῦνοι
1582 575 1660 616 δὲ’
1644 574 1770 624 εόντες

1124 627 1174 671 ου’
1198 628 1433 682 μετανάσται
1443 628 1646 682 Έλληνες.
1669 633 1771 672 Haec

1123 689 1301 726 sufficiant
1328 690 1376 725 ad
1400 688 1582 726 Herodoti
1607 689 1772 726 testimo-

1122 745 1221 782 nium
1239 745 1478 795 probandum.
1520 744 1616 782 Add.
1635 744 1772 782 Raoul-

1124 801 1302 839 Rochette
1321 800 1342 838 l.
1372 800 1394 837 1.
1426 801 1442 838 Ι
1471 813 1556 852 pag.
1591 799 1671 842 140
1693 813 1771 850 seq.

1125 857 1322 895 Undenam
1363 870 1447 894 vero
1482 857 1518 894 hi
1555 856 1703 906 Pelasgi
1734 858 1771 894 in

1127 914 1317 951 Graeciam
1331 914 1447 963 ipsam
1459 913 1681 960 devenerint,
1691 913 1771 962 qui-

1127 969 1194 1005 bus
1215 970 1410 1006 maioribus
1428 969 1517 1016 orti,
1545 982 1640 1018 quae
1658 970 1772 1020 ipsius

1126 1026 1280 1062 nominis
1299 1025 1412 1072 ratio,
1442 1024 1557 1061 nolim
1583 1037 1678 1062 nunc
1698 1026 1773 1062 dis-

1126 1082 1289 1130 quirere3
1319 1093 1401 1117 nam
1429 1080 1478 1117 ad
1493 1080 1668 1129 liquidum
1685 1081 1774 1119 haec

1125 1150 1284 1187 unquam
1302 1136 1450 1188 perduci
1469 1149 1580 1185 posse
1606 1136 1774 1187 despero.

1128 1194 1249 1238 Quam
1281 1194 1317 1230 in
1342 1206 1418 1231 rem
1445 1192 1507 1230 Cr.
1536 1192 1660 1230 laudat
1684 1191 1775 1230 Nie-

1127 1250 1229 1287 buhr.
1258 1250 1295 1287 in
1316 1249 1456 1287 Histor.
1478 1248 1586 1286 Rom.
1614 1248 1630 1286 Ι
1650 1262 1687 1299 p.
1707 1248 1775 1290 35.

1127 1309 1182 1348 67
1205 1319 1283 1355 seq.
1297 1306 1414 1342 Sturz.
1447 1304 1494 1343 de
1522 1304 1663 1342 dialect.
1689 1303 1777 1342 Ale-

1128 1363 1252 1401 xandr.
1276 1374 1361 1413 pag.
1390 1364 1416 1403 9
1443 1364 1518 1398 not.
1549 1360 1626 1408 (de
1648 1360 1775 1398 Pelas-

1128 1431 1255 1467 gorum
1280 1417 1520 1467 originibus),
1550 1421 1586 1454 et
1617 1416 1776 1454 Platner.

1127 1475 1299 1522 Beytriig.
1330 1487 1361 1513 z.
1385 1473 1588 1510 Kenntniss
1620 1473 1686 1510 des
1709 1471 1776 1510 At-

1128 1531 1230 1568 tisch.
1250 1529 1387 1567 Rechts
1414 1542 1500 1579 pag.
1520 1532 1572 1570 12
1593 1533 1688 1576 not.,
1713 1529 1777 1578 qui

1128 1586 1305 1637 duplicem
1343 1585 1583 1633 Pelasgorum
1612 1587 1648 1622 iu
1683 1584 1778 1622 Atti-

1129 1656 1207 1681 cam
1219 1643 1393 1691 distingui
1413 1642 1489 1678 vult
1504 1642 1777 1690 migrationem3

1129 1699 1307 1749 priorem,
1332 1710 1426 1748 quae
1455 1697 1490 1734 h.
1509 1696 1531 1733 1.
1565 1702 1602 1734 et
1627 1697 1680 1745 II,
1710 1699 1776 1738 51.

1128 1755 1233 1802 vlu,
1271 1753 1326 1795 44
1361 1757 1681 1801 commemoretur,
1710 1766 1779 1803 po-

1130 1811 1340 1857 steriorem,
1377 1810 1425 1846 de
1459 1821 1531 1858 qua
1563 1809 1636 1858 VI,
1676 1810 1778 1858 137,

1130 1871 1296 1917 tempore
1333 1865 1587 1914 migrationmn
1621 1864 1778 1903 Aeolen-

1130 1923 1243 1970 sium,
1287 1926 1327 1959 ut
1366 1921 1499 1958 Strabo
1537 1925 1689 1959 testetur
1723 1921 1778 1959 lx

1130 1991 1168 2029 p.
1189 1981 1268 2020 391
1292 1978 1350 2016 ed.
1370 1977 1484 2015 Tzch.
1541 1977 1599 2015 Ab
1625 1978 1680 2015 his
1707 1977 1779 2016 Pe-

1133 2035 1246 2085 lasgis
1264 2035 1378 2072 serius
1392 2035 1602 2083 immigratis
1622 2035 1779 2082 moenia,

1133 2104 1229 2141 quae
1252 2091 1360 2140 vulgo
1389 2090 1579 2139 Pelasgica
1598 2091 1777 2137 dicuntur,

1133 2160 1214 2185 esse
1249 2150 1453 2184 constructa
1502 2145 1609 2194 (coll.
1638 2145 1775 2183 Meurs.

1132 2203 1286 2252 Cecrop.
1308 2202 1345 2243 5.
1374 2200 1501 2238 Attice.
1528 2200 1646 2239 Lectt.
1665 2205 1711 2249 6,
1732 2204 1776 2250 1)

1130 2259 1226 2296 idem
1245 2258 1370 2294 statuit
1382 2257 1538 2295 Platner.

1188 2312 1231 2354 τό
1251 2311 1292 2353 ὁὲ
1314 2309 1673 2364 πουλυπλάνητον
1684 2309 1777 2365 κᾶρ-

1132 2373 1199 2417 τοι]
1239 2386 1268 2409 π
1281 2384 1300 2409 ο
1312 2385 1334 2408 υ
1346 2366 1599 2420 λυπλοῖνητον
1627 2372 1776 2407 recurrit

1133 2427 1182 2465 Ill
1196 2456 1206 2474 ,
1226 2429 1301 2473 38,
1338 2431 1377 2463 ut
1395 2439 1438 2464 ex
1460 2427 1580 2464 Roen.
1615 2427 1663 2463 ad
1682 2426 1776 2464 Gre-

1133 2496 1211 2532 gor.
1227 2483 1389 2520 Corinth.
1408 2484 1454 2520 de
1473 2483 1555 2520 dial.
1576 2482 1652 2519 Ion.
1671 2480 1707 2533 §.
1724 2485 1776 2524 12

1133 2539 1258 2577 laudat
1277 2539 1342 2577 Cr.
1401 2539 1483 2577 Hoc
1510 2538 1588 2576 loco
1616 2539 1776 2576 lonicam

1132 2611 1284 2647 sormam
1302 2610 1338 2647 in
1361 2625 1408 2650 ov
1436 2623 1508 2647 una
1543 2609 1684 2648 exhibet
1714 2608 1776 2646 Al-

1135 2667 1221 2703 dina
1257 2667 1388 2714 editio,
1430 2679 1522 2704 unus
1549 2667 1657 2704 offert
1687 2665 1776 2704 liber

1135 2738 1164 2761 π
1177 2737 1196 2762 ο
1208 2720 1455 2773 λυπλάνητον
1471 2724 1627 2772 itemque
1647 2722 1711 2770 III,
1721 2723 1774 2763 38

1135 2775 1257 2818 πολύ
1269 2797 1281 2828 3
1318 2793 1409 2817 unus
1437 2774 1771 2829 πολλυπλάνητον.

1135 2835 1256 2874 Dores
1277 2849 1362 2874 vcro
1381 2837 1482 2886 quod
1499 2829 1773 2884 πουλυπλάνη-

1138 2907 1197 2933 τοι
1213 2893 1399 2942 dicuntur,
1427 2893 1530 2931 testis
1550 2896 1605 2931 est
1614 2892 1773 2930 totafere
