1909 3228
655 163 873 202 CLIO.
932 163 959 202 1.

1354 164 1438 204 315

176 277 448 328 ,,πεινῶντας
475 272 722 324 παύεσθαι,
766 273 832 316 ὅτι
861 284 941 329 σφι
971 271 1057 316 ἀπό
1089 272 1271 316 δείπνου
1301 287 1437 327 παρα-

178 353 414 409 ,,φορεέται
445 350 576 397 οὐδὲν
604 352 739 408 λόγου
773 353 916 404 ἄξιον*
962 353 998 396 εἰ
1028 350 1074 396 δέ
1104 368 1145 395 τι
1169 350 1438 407 παραφέροι-

148 437 290 485 4,,το,
330 432 560 483 ἐσθίοντας
596 431 651 475 ἂν
689 430 743 476 οὐ
773 431 1030 476 παύεσθαι.“
1088 432 1195 489 οἴνῳ
1226 429 1271 474 δὲ
1300 428 1439 485 κάρτα

175 511 462 567 προσκέαται·
493 513 567 555 καί
597 523 676 568 σφι
707 510 790 555 οὐκ
824 512 972 567 ἐμέσαι
1001 510 1153 563 ἔξεστι,
1183 506 1283 553 οὐκὶ
1304 506 1435 565 οὐρῆ-
1449 515 1495 550 65

179 603 250 635 σαι
281 590 435 634 α’ντίον
465 590 610 635 ἄλλου.
644 595 781 634 ταῦτα
809 589 890 645 μέν
917 607 1002 633 νυν
1020 589 1134 633 οὕτω
1159 587 1436 644 φυλάσσεται.

153 669 500 728 5μεθυσκόμενοι
540 671 585 714 δὲ
613 668 776 713 ἐώθασι
815 668 1103 725 βουλεύεσθαι
1132 667 1185 712 τὰ
1214 667 1440 712 σπουδαιέ·

176 762 308 793 στατα
336 753 424 792 τῶν
454 748 738 804 πρηγμάτων·
768 747 816 791 τὸ
848 745 892 791 δ’
923 746 978 791 ἂν
1008 746 1094 803 ἅδῃ
1126 758 1205 803 σφι
1227 750 1438 803 βουλευο-

174 828 366 884 μένοισι,
427 831 559 871 τοῦτο
594 833 648 884 τῇ
688 826 894 884 ὑστεραίῃ
937 825 1134 882 νήφουσι
1187 831 1389 882 προτιθεῖ
1415 825 1439 870 ὁ

148 906 434 963 6στέγαρχος,
475 908 523 952 ἐν
550 911 631 951 τοῦ
660 905 715 951 ἂν
745 906 886 958 ἐόντες
914 903 1226 963 βουλεύωνται.
1281 905 1356 949 καὶ
1384 904 1441 962 ἢν

178 1127 275 1183 οἴνῳ
302 1125 346 1168 δὲ
370 1124 494 1179 κάρτα
524 1125 775 1179 προσκέα-

120 1183 225 1235 ται]
257 1183 494 1237 προσκέαται
520 1185 671 1234 perfecti
701 1186 775 1221 for-

121 1255 180 1279 ma
207 1242 353 1289 Ionica,
394 1243 441 1280 de
487 1253 560 1290 qua
596 1240 774 1279 Matthiae

122 1297 158 1349 ἓ.
179 1298 262 1339 240
280 1311 365 1348 pag.
386 1300 480 1339 468.
511 1300 775 1348 προσκεῖσθαι

122 1355 251 1391 eodem
267 1367 374 1392 sensu
393 1353 594 1402 (addictum
613 1367 682 1390 esse
702 1354 774 1390 alc·-

121 1412 181 1448 cui
208 1412 280 1458 rei,
318 1414 416 1460 sequi
443 1423 538 1457 eam,
569 1410 666 1458 etc.)
709 1410 774 1457 III,

120 1466 176 1508 34
196 1470 233 1504 et
252 1468 352 1518 apud
371 1467 528 1504 Pausan.
547 1466 587 1515 I,
604 1468 659 1508 34
684 1464 720 1517 ξ.
733 1467 774 1514 3,

121 1523 181 1560 ubi
202 1524 342 1561 notavit
361 1523 526 1562 Siebelis.
584 1523 644 1561 De
663 1536 773 1572 argu-

121 1584 245 1617 mento
273 1582 368 1618 conf.
389 1594 500 1631 supra
527 1579 565 1628 I,
594 1583 669 1626 71,
713 1579 774 1617 ubi

121 1636 333 1674 Sandanem
355 1637 441 1674 facit
460 1636 669 1686 loquentem
685 1636 775 1674 Per-

124 1704 183 1729 sas
200 1704 332 1741 aquam
355 1692 469 1730 solam
496 1694 619 1731 bibere
637 1706 704 1732 nec
722 1693 775 1729 vi-

123 1761 172 1785 no
193 1748 255 1784 uti.
311 1749 387 1786 Sed
408 1749 524 1798 probe
547 1749 775 1798 distinguen-

124 1805 210 1841 dum
230 1804 324 1842 inter
345 1804 476 1842 Persas
498 1805 649 1855 priscos,
668 1804 774 1841 valde

124 1860 302 1911 simplices
325 1861 362 1897 in
383 1861 480 1898 omni
507 1861 619 1898 victus
641 1873 777 1909 genere

125 1922 162 1955 et
182 1918 276 1955 inter
295 1917 425 1954 Persas
458 1918 603 1954 serioris
636 1917 778 1963 aetatis,

125 1975 184 2010 ubi
215 1986 392 2010 summum
430 1974 539 2010 totius
566 1974 644 2011 fere
668 1972 778 2009 Asiae

124 2031 314 2080 imperium
362 2030 510 2080 adepti,
561 2030 600 2066 in
634 2041 778 2066 omnem

123 2088 202 2124 sere
248 2086 423 2123 luxuriam
463 2085 623 2136 prolapsi
662 2089 777 2123 erant.

124 2142 206 2179 Hos
241 2142 326 2179 vino
365 2142 471 2180 valde
499 2143 643 2180 deditos
673 2141 778 2178 Plato

125 2211 272 2248 quoque
301 2202 560 2236 commemorat
587 2199 634 2236 de
658 2197 777 2245 Legg.

126 2255 142 2292 l
170 2268 207 2305 P·
231 2256 335 2303 637,
363 2254 394 2293 F
435 2255 577 2304 aliaque
614 2254 782 2292 evincunt

125 2312 332 2348 testimonia
359 2315 521 2349 veterum
547 2312 646 2361 apud
682 2310 783 2346 Bris-

127 2381 206 2405 son.
238 2369 286 2405 de
313 2381 391 2417 reg.
424 2367 525 2405 Pers.
549 2367 701 2418 princip.
732 2365 778 2413 II,

130 2426 222 2465 126.
280 2423 362 2462 Nec
395 2424 611 2461 recentiores
648 2423 778 2460 Persas

128 2479 322 2517 maximam
352 2484 492 2529 partem
524 2480 569 2516 ab
599 2480 668 2516 hoc
693 2479 779 2515 vitio

130 2536 307 2572 immunes
344 2548 425 2573 esse
464 2539 643 2573 testantur
675 2548 781 2585 pere—

130 2591 346 2640 grinatores.
385 2591 493 2628 conf.
528 2591 714 2628 Hammer.
745 2592 781 2628 in

131 2648 283 2685 Wiener
303 2646 493 2684 Jahrbiich.
516 2647 602 2684 VIII
629 2661 666 2698 p.
687 2648 780 2688 384.

186 2703 255 2742 καί
278 2714 350 2752 σφι
381 2697 454 2742 min
486 2701 620 2754 ἐμέσαι
649 2703 784 2751 ἔξεστι,

133 2755 225 2800 οὐκὶ
255 2755 424 2811 οὐρῆσαι
452 2754 590 2799 οἷντίον
636 2756 782 2811 ἄλλον]

133 2817 241 2854 Conf.
265 2828 360 2867 quae
388 2815 516 2854 similia
535 2818 634 2868 apud
652 2815 784 2855 Medos

843 1126 998 1165 Deioces
1017 1126 1240 1173 instituerat,
1258 1137 1371 1177 supra
1388 1124 1416 1170 Ι,
1431 1127 1497 1167 99.

843 1183 941 1221 Nam
971 1197 992 1220 e
1018 1182 1138 1220 Medis
1176 1183 1302 1231 utique
1331 1181 1422 1219 haec
1450 1181 1500 1218 ad

842 1240 973 1277 Persas
1001 1240 1155 1276 transire
1193 1241 1409 1288 potuerunt,
1449 1238 1498 1274 de

843 1296 972 1345 quibus
995 1296 1090 1332 idem
1102 1299 1282 1332 testantur
1292 1294 1501 1344 Xenophon

843 1359 952 1401 atque
998 1351 1207 1388 Ammianus
1253 1350 1499 1387 Marcellinus.

842 1409 904 1446 Tu
933 1408 1004 1445 vid.
1031 1407 1194 1444 Brisson.
1217 1406 1240 1443 l.
1262 1406 1285 1444 l.
1306 1406 1360 1453 II,
1392 1407 1445 1447 89
1464 1409 1502 1443 et

899 1514 1192 1572 μεθυσκόμενοι
1241 1515 1286 1558 δὲ
1342 1512 1501 1557 ἐώθασι

842 1573 1109 1630 βουλεύεσθαι
1137 1573 1185 1615 τοὶ
1219 1572 1501 1615 σπουδαιέστα-

841 1650 889 1674 τα
914 1637 995 1673 τῶν
1019 1628 1266 1687 πρηγμάτων
1291 1646 1326 1670 κ.
1346 1646 1378 1670 τ.
1395 1634 1444 1677 λ.]
1467 1629 1503 1670 ἐ-

844 1688 977 1730 ώθασι
1016 1691 1143 1727 Ionum
1181 1702 1225 1727 ex
1260 1701 1362 1726 more
1389 1692 1501 1736 atque

841 1748 982 1785 Dorum
1013 1747 1083 1783 dici
1111 1749 1236 1783 monet
1264 1743 1396 1782 Matth.
1436 1744 1502 1780 Gr.

844 1804 911 1840 Gr.
947 1802 984 1853 ἓ.
1020 1801 1099 1843 194
1127 1806 1202 1839 not.
1233 1802 1260 1841 3
1289 1813 1375 1851 pag·
1406 1798 1500 1839 345.

843 1859 917 1896 Pro
976 1856 1288 1896 σπουδαιέστατα
1347 1855 1503 1904 quidam

847 1910 1161 1960 σπουδαιότατα,
1203 1912 1303 1961 quod
1328 1911 1437 1948 etiam
1466 1910 1504 1947 in

846 1970 1026 2008 Athenaei
1055 1969 1077 2006 l.
1112 1969 1134 2006 l.
1164 1968 1353 2005 invenitur.
1425 1966 1505 2004 Sed

846 2027 930 2063 vide
950 2025 1127 2063 Nostrum
1151 2037 1258 2074 supra
1281 2023 1320 2070 I,
1344 2026 1370 2065 8
1401 2026 1438 2060 et
1455 2024 1500 2059 cf.

847 2083 977 2119 Matth.
1004 2082 1026 2118 l.
1054 2081 1078 2119 l.
1112 2080 1262 2132 §.128
1300 2092 1386 2130 pag.
1407 2078 1501 2120 251.

846 2140 906 2177 De
926 2151 964 2175 re
983 2139 1065 2188 ipsa
1087 2136 1240 2174 conferri
1272 2139 1444 2187 poterunt
1465 2147 1504 2170 a-

848 2196 894 2232 lia
912 2195 1062 2231 aliorum
1083 2192 1302 2238 testimonia,
1323 2191 1504 2229 Herodoti

850 2251 1091 2288 narrationem
1107 2248 1394 2300 comprobantia,
1406 2246 1505 2297 apud

849 2308 1011 2346 Brisson.
1042 2307 1064 2343 l.
1095 2306 1117 2343 l.
1149 2305 1183 2342 ll
1217 2303 1254 2355 ἓ.
1288 2306 1366 2345 131
1400 2315 1503 2352 seqq.

848 2394 872 2412 „
883 2364 1045 2401 Pertinet
1056 2364 1123 2400 huc
1140 2361 1313 2411 imprimis
1327 2359 1505 2396 Ammiani

847 2419 1048 2457 Marcellini
1085 2416 1332 2456 testimonium
1371 2414 1505 2462 XVIII,

850 2478 874 2519 5
904 2475 941 2527 ἓ.
956 2478 981 2516 8
1001 2476 1085 2524 ibiq.
1102 2473 1354 2522 Lindenbrog.
1373 2473 1506 2523 p.312

849 2534 909 2570 ed.
929 2532 1092 2580 IVagnf‘
1124 2530 1190 2568 Cr.

905 2590 1022 2628 τοῦτο
1045 2590 1095 2641 τῇ
1117 2583 1304 2639 ὑστεραίῃ
1325 2578 1506 2635 νήφουσι

851 2648 1038 2696 προτιθεῖ
1062 2643 1082 2684 ὁ
1112 2641 1317 2694 στέγαρχος
1349 2655 1384 2680 κ.
1401 2654 1432 2678 τ.
1453 2638 1503 2689 λ.]

852 2704 1041 2754 προτιθεῖ
1068 2701 1196 2738 Ionum
1215 2710 1317 2736 more
1344 2708 1368 2735 a
1393 2696 1504 2734 verbo

856 2756 1057 2809 προτιθέω
1100 2758 1304 2794 formatum.
1388 2752 1506 2789 Multa

855 2815 957 2853 huius
984 2813 1129 2865 generis
1161 2810 1307 2861 collegit
1329 2808 1506 2848 Matthiae
