1909 3228
482 247 566 288 4⁰4

876 242 1349 283 HERODOTI

329 358 427 404 182
483 371 564 399 του
590 356 670 399 τοῦ
696 354 818 396 θεοῦ.
878 352 992 396 Φασὶ
1021 352 1067 396 δὲ
1107 353 1151 396 οἱ
1190 350 1318 396 αὐτοὶ
1346 347 1492 405 οὗτοι,
1536 352 1632 410 ἐμοὶ
1659 354 1738 411 μὲν

158 421 270 457 iupiter
284 421 432 462 Beinsaet

271 459 431 491 Aegyption

157 456 235 491 apud

158 489 272 524 Iupiter
312 490 434 517 Theba·
527 512 535 525 ,
664 509 673 523 ,
833 508 843 525 q
892 508 904 524 9
1018 510 1028 524 ι
1191 511 1202 526 s
1238 511 1248 525 ι
1315 513 1334 522 a-
1710 511 1721 525 r

158 524 433 583 ‚cixgqtlestffifnyluffie
488 527 565 556 τον
593 526 727 566 νηον,
775 525 847 553 και
878 515 1156 566 αμπαυεσθαι
1185 527 1253 554 επι
1280 527 1356 566 της
1385 512 1562 567 κλίνης,
1611 529 1738 556 κατα-

157 589 194 616 be
212 590 326 616 Pataris
346 590 430 623 Lyci-

157 632 204 657 ae,
213 623 428 659 Dent-[Apollo]

158 665 223 685 cum
240 659 385 685 antistita.

487 433 542 478 οὐ
570 430 698 477 πιστὰ
726 431 946 486 λέγοντες,
992 429 1070 474 τὸν
1105 429 1215 474 θεὸν
1252 430 1389 475 αὐτόν
1426 437 1583 488 φοιτᾶν
1620 450 1664 477 τε
1694 434 1737 485 ἐς

487 606 567 644 περ
605 590 651 632 ἐν
687 588 858 646 Θήβῃσι
892 593 992 647 τῇσι
1031 591 1291 646 Αἰγυπτίῃσι
1329 589 1438 634 κατὰ
1485 589 1563 634 τὸν
1600 589 1793 635 αὖτὸν95

482 667 669 724 τρόπον,
700 667 756 719 ὡς
783 668 957 723 λέγουσι
986 670 1030 712 οἱ
1057 668 1309 725 Αἰγύπτιοι·
1341 669 1415 712 καὶ
1442 668 1526 724 γὰρ
1558 669 1611 725 δὴ
1635 669 1736 713 ἐκεῖ.

479 753 531 791 θι
558 750 761 804 κοιμᾶται
800 747 846 791 ἐν
884 750 946 804 τῷ
981 752 1061 792 τοῦ
1097 748 1206 800 Διὸς
1244 751 1325 793 τοῦ
1366 747 1576 805 Θηβαιέος
1604 749 1736 806 γυνή·

426 921 478 959 tio
510 920 681 968 seiuncti,
712 920 855 972 ipsique
880 921 983 959 divisi
1011 933 1076 972 per

426 978 548 1030 plures
566 977 718 1014 familias
745 978 821 1015 sive
844 978 970 1015 tribus.
1000 978 1075 1015 lam

428 1046 563 1072 nornen
578 1033 843 1071 Chaldaeorum
866 1047 941 1071 non
952 1036 998 1072 de
1009 1047 1077 1085 po-

429 1090 514 1142 pulo
535 1090 690 1139 quodam
705 1103 828 1127 verum
843 1090 889 1128 de
908 1092 1078 1128 sacerdo-

429 1152 504 1184 tum
525 1149 634 1194 gente
663 1146 767 1183 unice
791 1146 1078 1195 intelligendum,

430 1216 538 1253 quae,
562 1215 642 1239 cum
660 1202 836 1240 idolorum
848 1203 955 1241 cultui
970 1216 1078 1254 prae-

429 1260 534 1310 cipue
559 1263 785 1309 operaretur,
815 1260 967 1297 maxime
987 1260 1078 1296 iuvi-

432 1328 474 1352 sa
504 1315 571 1352 suit
604 1315 746 1353 Iudaeis
781 1315 967 1363 Persisve‚
1015 1316 1077 1365 qui

428 1372 499 1422 ipsi
511 1371 719 1419 religionem
737 1372 853 1420 magis
867 1385 994 1423 puram
1014 1384 1078 1409 eo-

430 1440 502 1476 que
519 1427 686 1464 Iudaicae
714 1427 864 1464 similem
887 1428 1077 1466 sectaban-

429 1487 510 1529 tur,
548 1484 697 1519 semotis
727 1484 894 1519 omnibus
926 1484 1077 1520 deorum

429 1537 624 1575 simulacris
643 1551 686 1575 ac
704 1539 832 1587 signis.
890 1539 1001 1576 Unde
1021 1539 1077 1575 in-

428 1594 619 1642 telligitur,
649 1607 711 1631 cur
727 1594 919 1632 Persarum
936 1608 1043 1644 reges
1056 1608 1076 1632 e

428 1650 694 1687 Chaldaeorum
721 1651 864 1701 templis
887 1651 993 1700 signa
1013 1664 1077 1688 au-

426 1707 522 1743 ferre
543 1707 763 1753 studuerint,
794 1711 831 1743 ut
861 1708 954 1744 infra
984 1707 1074 1756 legi-

428 1775 506 1799 mus
537 1762 573 1808 1,
595 1764 686 1803 183.
733 1762 830 1799 Nam
856 1763 903 1799 de
920 1762 1075 1800 Iudaeo-

427 1831 505 1854 rum
547 1818 780 1868 scriptoribus
812 1818 961 1863 taceb03
1011 1819 1072 1867 qui

429 1874 570 1922 quoties
592 1873 629 1909 in
650 1873 785 1910 huncce
799 1873 975 1910 idolorum
998 1874 1075 1911 cul-

426 1933 503 1966 tum
529 1929 762 1977 invehantur,
799 1930 887 1966 satis
919 1934 1073 1968 constat.

427 1984 637 2034 Astrologia
669 1989 790 2023 autem
825 1986 901 2023 sive
929 1999 1074 2024 accura-

428 2041 511 2078 tiori
535 2042 692 2078 siderum
722 2041 950 2090 cognitione,
979 2055 1073 2092 quae

429 2098 522 2135 adeo
542 2111 621 2134 cum
635 2097 718 2148 ipsa
739 2098 912 2147 religione
937 2102 974 2136 et
999 2099 1074 2136 cul-

427 2157 468 2190 tu
497 2155 648 2192 deorum
673 2154 860 2192 coniuncta
879 2155 1074 2202 serebatur,

428 2210 622 2260 praecipue
640 2209 846 2248 Chaldaeos
864 2211 1072 2249 sacerdotes

428 2266 635 2304 inclaruisse
654 2267 816 2314 quamvis
834 2279 940 2304 nemo
967 2267 1073 2316 igno-

427 2326 503 2370 ret,
522 2322 618 2359 haud
637 2326 758 2360 tamen
777 2323 976 2374 poenitebit
986 2336 1071 2360 con-

425 2377 553 2415 tulisse
570 2390 663 2427 quae
680 2380 829 2428 egregie
845 2392 924 2417 eam
945 2379 980 2414 in
996 2392 1071 2417 rem

427 2435 590 2485 disputat
609 2434 792 2472 Geseuius
809 2434 831 2472 l.
853 2435 875 2472 l.
894 2436 1069 2485 pag.351

429 2503 554 2539 seqq.,
583 2490 639 2527 eui
666 2492 762 2529 adde
780 2490 986 2528 Miinterum
1007 2491 1030 2529 l.
1047 2491 1071 2528 l.

427 2559 514 2596 pag.
533 2549 586 2587 79
602 2559 704 2597 seqq.
727 2549 780 2589 83
799 2559 902 2597 seqq.

568 2630 678 2681 Cap.
709 2630 931 2668 CLXXXII.

485 2711 583 2759 φασὶ
603 2711 645 2752 δὲ
664 2712 705 2754 οῖ
725 2709 836 2754 αὐτοὶ
859 2708 982 2761 οὗτοι]
1001 2712 1070 2751 Ar-

428 2765 570 2804 ticulum
590 2769 650 2817 οἷ,
680 2771 772 2808 male
799 2771 835 2807 in
853 2771 1067 2820 quibusdam

427 2822 642 2861 editionibus
659 2827 843 2874 omissum,
862 2827 988 2863 merito
1010 2839 1067 2864 re-

428 2884 599 2917 vocarunt
619 2881 857 2931 Schaeserus,
883 2882 1064 2932 Schwgh.,

1144 922 1262 959 Gaiss.
1277 951 1288 969 ,
1329 936 1408 960 cum
1447 935 1573 960 omnes
1598 922 1676 960 sere
1713 921 1795 960 libri

1144 979 1266 1027 scripti
1287 992 1366 1016 eum
1386 980 1575 1017 retineant.

1201 1033 1288 1083 ἐμοὶ
1303 1033 1373 1086 μὲν
1394 1032 1441 1074 ου’
1458 1031 1577 1074 πιστοὶ
1599 1032 1790 1085 λέγοντες]

1144 1091 1227 1127 Istis
1243 1092 1465 1138 hominibus,
1488 1092 1549 1140 qui
1570 1103 1712 1140 semper
1727 1103 1795 1127 no-

1144 1148 1200 1184 bis
1222 1148 1268 1185 de
1293 1148 1388 1185 mala
1412 1147 1592 1185 Herodoti
1619 1147 1692 1184 side
1722 1146 1794 1183 cla-

1144 1208 1245 1240 mant
1264 1216 1443 1253 auresque
1467 1204 1689 1250 obtundunt,
1712 1216 1793 1240 cum

1143 1260 1373 1298 Herodotum
1411 1261 1641 1297 sacerdotum
1688 1260 1794 1295 mini-

1145 1321 1258 1353 strum
1289 1318 1472 1364 dictitent,
1503 1316 1728 1367 turpiterque
1746 1316 1792 1353 ab

1142 1373 1198 1409 his
1230 1373 1318 1422 ipsis
1355 1373 1485 1411 salsum
1514 1377 1550 1410 et
1580 1372 1618 1408 in
1644 1373 1792 1410 fraudes

1143 1429 1326 1465 inductum
1340 1458 1350 1475 ,
1393 1441 1461 1466 nec
1497 1428 1563 1465 hac
1602 1428 1792 1465 occasione

1144 1484 1277 1532 oblata,
1289 1498 1356 1522 nec
1373 1484 1461 1521 alias
1480 1483 1626 1520 omnino
1639 1496 1792 1533 respon-

1144 1541 1231 1576 dere
1261 1541 1458 1589 quidquam
1485 1539 1622 1590 placet3
1652 1540 1791 1577 adscri-

1143 1596 1229 1633 bere
1258 1600 1378 1633 tamen
1406 1597 1504 1632 iuvat
1531 1595 1701 1633 Larcheri
1723 1609 1792 1633 no-

1142 1655 1214 1688 tam
1236 1653 1283 1689 ad
1309 1653 1343 1689 h.
1356 1652 1376 1689 l.
1392 1652 1529 1689 Gallico
1547 1664 1713 1690 sermone
1732 1652 1788 1689 his

1143 1708 1262 1745 verbis
1293 1713 1524 1758 conceptam:
1549 1707 1725 1756 „Malgre
1754 1708 1790 1746 la

1142 1763 1316 1800 credulite
1351 1765 1399 1800 du
1430 1763 1555 1811 siecle,
1596 1765 1643 1800 οὺ
1681 1764 1789 1801 vivait

1140 1818 1349 1866 Herodote‚
1379 1833 1426 1855 on
1454 1824 1578 1857 trouve
1607 1820 1698 1857 dans
1729 1833 1789 1858 ses

1140 1875 1245 1911 ecrits
1263 1876 1328 1913 des
1342 1888 1493 1925 preuves
1503 1876 1588 1913 d'un
1601 1877 1791 1925 jugement

1141 1932 1220 1967 sain
1240 1935 1275 1968 et
1305 1931 1473 1969 eclaire.“
1528 1932 1627 1969 Infra
1648 1933 1685 1980 1,
1707 1934 1787 1974 183

1138 1988 1379 2025 narrationem
1436 1987 1615 2025 concludit
1669 1989 1788 2027 verbis

1138 2042 1276 2081 Noster
1302 2043 1419 2081 hisce:
1450 2041 1525 2095 ἐγώ
1551 2042 1593 2083 δέ
1624 2059 1692 2094 μιν
1711 2040 1787 2084 ov’x

1141 2095 1267 2138 εἶδον·
1295 2097 1342 2138 τὰ
1360 2097 1402 2139 δὲ
1420 2098 1568 2151 λέγεται
1588 2097 1667 2140 ’ὑπὸ
1681 2103 1786 2139 Χαλ-

1139 2155 1280 2203 δαίων,
1310 2158 1432 2194 ταῦτα
1449 2154 1556 2207 λέγω.

1194 2211 1261 2249 καὶ
1280 2208 1355 2263 γάρ
1380 2208 1430 2261 δή
1451 2210 1579 2251 ἐκεῖθι
1596 2215 1783 2263 κοιμᾶται

1139 2265 1181 2305 ἕν
1200 2270 1256 2320 τῷ
1273 2270 1347 2306 τοῦ
1372 2263 1470 2315 Διός
1497 2270 1570 2307 τοῦ
1587 2268 1783 2320 Θηβαιέος

1138 2320 1262 2374 γυνή]
1282 2324 1338 2361 De
1359 2324 1473 2360 forma
1493 2325 1688 2375 Θηβαιέος
1707 2327 1780 2364 vid.

1138 2379 1313 2429 Stephan.
1340 2379 1493 2428 Byzant.
1528 2394 1557 2418 S.
1588 2395 1620 2419 v.
1650 2383 1783 2432 Θῆβαι

1139 2439 1176 2472 et
1191 2436 1283 2472 infra
1302 2436 1356 2482 11,
1378 2439 1442 2477 42.
1465 2436 1530 2477 54.
1586 2437 1684 2475 Alias
1703 2439 1782 2476 No-

1139 2495 1214 2529 ster
1232 2504 1310 2529 cum
1330 2491 1407 2529 aliis
1432 2493 1666 2543 scriptoribus
1677 2507 1782 2532 usur-

1139 2552 1203 2597 pat
1227 2549 1391 2585 adiectivi
1416 2550 1568 2586 sormam
1605 2551 1781 2601 Θηβαῖος

1139 2603 1191 2651 (ΙΙ
1204 2633 1215 2651 ,
1234 2605 1332 2652 166)
1347 2605 1548 2654 eodemque
1567 2619 1677 2644 sensu
1701 2608 1778 2657 Θη-

1139 2656 1279 2709 βαϊκός
1300 2660 1352 2707 ll,
1371 2661 1396 2701 4
1417 2661 1496 2698 coll.
1516 2660 1635 2712 Apoll.
1654 2662 1777 2700 Rhod.

1135 2715 1245 2753 schol.
1273 2730 1310 2767 p.
1340 2716 1393 2757 43
1422 2721 1459 2754 et
1485 2730 1523 2767 p.
1547 2717 1628 2759 641
1660 2717 1775 2755 Paris.

1133 2792 1178 2799 —
1199 2771 1256 2809 Ad
1276 2785 1350 2810 rein
1368 2773 1481 2822 ipsam
1500 2774 1699 2824 comparari
1711 2787 1776 2810 vo-

1133 2827 1248 2864 lumus
1262 2829 1431 2865 Strabon.
1452 2829 1554 2866 XVII
1571 2842 1608 2880 p.
1626 2831 1728 2870 1171
1743 2842 1774 2867 s,

1128 2886 1270 2934 p.601.
1291 2884 1326 2922 T
1327 2884 1423 2922 zsch.
1442 2888 1479 2922 et
1493 2884 1775 2922 Minutolifflei-

1806 743 1860 784 86
