1877 3223
417 218 498 259 142
813 218 1279 260 HERODOTI

293 323 359 371 59
533 327 713 373 Τούτων
754 328 807 386 δὴ
850 323 913 373 ὦν
953 334 1042 374 τῶν
1081 331 1245 375 ἐθνέων
1282 330 1331 375 τὸ
1362 331 1442 387 μὲν
1479 329 1670 376 Ἀττικόν

90 389 263 418 Pisistratus
274 390 366 417 Croc-
560 407 570 422 r
669 408 679 423 r
905 409 914 422 2
1186 411 1194 424 1
1345 409 1356 422 s
1499 410 1508 424 ι
1659 409 1671 424 ‹-

91 425 262 464 sitengpore
277 423 365 450 mine-
421 424 708 465 κατεχομενον
752 425 796 452 τε
846 426 919 452 και
967 412 1278 466 διεσπασμενον
1340 415 1606 455 επυνθανετο
1647 419 1727 455 080

90 461 364 523 ἷῖἶιῖξεὲἶὲἑῗῦἮὶἰ

89 524 140 551 528
149 544 157 557 ‚
168 524 262 550 tribus
271 525 364 551 inter-

90 557 178 584 vallis
190 565 283 583 anuos
292 557 363 586 duo-

90 590 234 624 devissinti
267 599 315 617 rc-

113 631 195 650 nans.
225 624 346 660 [5‚(i.'1.]
495 644 505 657 ,
554 653 570 660 ,,
637 644 646 657 x
740 644 778 659 ,ι
962 645 972 658 ι
1138 647 1147 661 n
1303 647 1310 660 r
1474 646 1483 659 x
1518 645 1528 661 2
1611 645 1621 659 r

89 657 251 717 ''iffi-133
255 658 364 719 31:33
422 662 567 702 κρατει
596 661 704 700 γαρ,
735 662 848 689 εοντι
878 649 1050 704 ἰδιωτῃ,
1080 664 1152 690 και
1175 652 1409 702 θεωρεοντι
1437 665 1488 690 τα
1533 650 1674 703 Ολυμ-

89 723 167 758 quod
196 699 363 758 pone-litum

89 757 365 819 235.³5?÷2¹‘’555¹32³÷·{

89 823 206 863 Chilon.
234 824 362 865 'Atheni-

89 865 204 883 enarum
216 862 323 885 clVltssS
336 867 366 885 ln

87 893 150 917 tres
187 890 333 918 sactiones

88 924 199 957 scissa,
218 924 368 959 Megacle,

88 956 244 992 Lycurgo,
288 958 362 985 visi-

88 993 195 1024 tati-ato,
214 991 274 1018 alin
287 992 362 1018 alias

88 1028 192 1057 partes
235 1025 360 1052 foventi-
543 1038 553 1053 e
773 1039 783 1054 x
877 1038 887 1054 r
1233 1040 1242 1053 ι
1384 1039 1395 1056 (-
1579 1042 1588 1056 r
1637 1049 1654 1056 .-

87 1058 153 1097 unq.
195 1057 263 1098 Quo·
292 1062 361 1097 aqui
416 1045 684 1097 θεησαμενος
738 1057 786 1085 το
842 1057 992 1097 τερας,
1053 1044 1339 1097 συνεβουλευε
1392 1045 1675 1096 Ιπποκρατει,

87 1091 155 1151 ζ’ἒὲι
186 1091 363 1164 22:232222'33

88 1163 277 1193 compararit.

421 491 615 541 Κροῖσος
641 486 727 530 ὑπὸ
759 488 1076 546 Πεισιστράτου
1105 494 1184 532 τοῦ
1214 487 1537 544 Ἱπποκράτεος,
1571 495 1671 534 τοῦ-

392 573 502 610 2τον
543 567 619 609 τὸν
655 565 816 622 χρόνον
853 569 1194 623 τυραννεύοντος
1230 567 1480 624 Ἀθηναίων.
1532 568 1673 612 Ἵππο-

421 739 521 777 πια,
562 723 687 779 τέρας
726 724 891 780 ἐγένετο
933 725 1054 781 μέγα.
1094 726 1316 777 θύσαντος
1343 726 1426 782 γάρ
1459 726 1594 770 αὐτοῦ
1622 726 1676 769 τὰ

419 802 514 857 ἱροὶ,
564 804 609 846 οἱ
646 801 818 860 λέβητες
858 804 1129 856 ἐπεστεῶτες,
1175 807 1248 849 καὶ
1284 810 1425 861 κρεῶν
1461 822 1504 849 τε
1535 805 1676 856 ἐόντες

423 881 598 937 ἔμπλεοι
625 882 698 925 καὶ
726 881 906 934 ὕδατος,
938 882 1044 928 ἄνευ
1068 886 1207 939 πυρὸς
1227 886 1396 939 ἔζεσαν,
1427 885 1500 928 καὶ
1516 884 1672 940 ὑπερὲ-
1688 889 1731 925 85

391 964 568 1018 3βαλον.
617 962 762 1005 Χίλων
792 962 837 1005 δὲ
864 959 888 1004 ὁ
919 961 1261 1019 Λακεδαιμόνιος
1289 964 1572 1019 παρατυχών,
1603 963 1678 1007 καὶ

417 1123 569 1175 πρῶτα
607 1121 686 1177 μὲν
720 1125 909 1178 γυναῖκα
949 1121 1206 1166 τεκνοποιὸν
1241 1120 1300 1178 μὴ
1340 1119 1523 1177 ἄγεσθαι
1551 1121 1594 1173 ἐς
1622 1119 1676 1164 τοὶ

361 1337 466 1376 facile
489 1338 684 1386 cogitando
708 1339 795 1377 addi
813 1340 931 1390 possit
947 1337 1015 1379 καὶ

363 1392 491 1441 ἄλλος.
521 1415 577 1422 --
617 1391 776 1446 ου’δαμοέ
825 1397 955 1447 scripsi
994 1408 1015 1433 e

362 1451 478 1487 tribus
497 1450 618 1498 libris,
649 1455 687 1488 ut
713 1452 746 1499 l,
764 1451 829 1493 56.

558 1534 672 1585 Cap.
701 1533 801 1573 LIX.

417 1614 463 1656 ‘ro'
481 1614 554 1668 μὲν
570 1612 743 1659 Ἀττικὸν
755 1613 1015 1670 κατεχόμενόν

361 1687 402 1712 τε
422 1673 489 1712 καὶ
517 1674 830 1727 διεσπασμένον]
864 1677 1015 1726 Optime

361 1729 411 1766 W
414 1730 650 1780 esselingius:
681 1732 887 1780 „Namque
908 1737 943 1769 et
953 1732 1015 1768 Pi-

359 1786 496 1822 sistrati
516 1788 764 1825 dominatione
785 1789 1015 1826 contineban-

361 1844 419 1877 tur
446 1844 778 1893 premebanturque
814 1843 1015 1881 Athenien-

360 1909 442 1944 seS‚
472 1902 508 1935 et
534 1899 668 1936 divulsi
689 1900 726 1937 in
748 1903 871 1949 partes
899 1904 1015 1947 erant,

360 1952 626 1991 Alcmaeonidis
654 1959 691 1992 et
709 1959 891 2005 quotquot
911 1960 1015 1993 erant

360 2010 522 2048 eiusdem
554 2011 743 2059 factionis,
789 2012 899 2048 domo
929 2025 1018 2062 pro-

360 2067 478 2113 fugis3
507 2067 631 2115 vi‹l.1‚
660 2066 725 2109 64.
756 2067 802 2115 V,
814 2068 909 2109 62.“
935 2068 1017 2106 Un-

361 2122 409 2159 de
428 2122 512 2158 nihil
532 2125 746 2162 mutandum
771 2137 853 2161 esse
871 2127 985 2175 patet.

415 2180 557 2218 τοῦτον
590 2176 657 2219 τὸν
697 2175 844 2232 χρόνον
873 2193 1015 2231 τυραν-

359 2230 546 2281 νεύοντος
564 2231 808 2287 Ἀθηναίων]
821 2236 1013 2274 Volneium

359 2302 402 2327 ac
421 2290 642 2329 Schultzium
671 2291 840 2344 (Appar.
871 2293 920 2330 ad
950 2305 1014 2329 an·-

360 2345 443 2383 nall.
464 2360 500 2397 p.
526 2351 590 2389 20.
606 2350 660 2389 39
680 2350 779 2399 seq.)
819 2349 852 2386 si
880 2361 1014 2398 sequa-

360 2414 460 2449 mur,
490 2403 561 2440 hoc
582 2404 854 2454 intelligendum
879 2405 948 2443 erit
964 2405 1012 2442 de

359 2458 477 2509 prima
523 2459 705 2498 Pisistrati
752 2461 1011 2508 dominatione,

360 2526 469 2563 quam
489 2515 607 2553 minus
625 2522 722 2555 recte
737 2517 846 2567 vulgo
868 2521 1011 2568 ponunt

359 2581 445 2606 ann.
476 2571 556 2612 561
588 2585 619 2608 a.
645 2573 753 2622 Chr.‚
791 2587 894 2621 cum,
931 2586 1011 2610 mo-

361 2629 472 2663 nente
503 2627 685 2665 Schultzio
728 2643 765 2680 p.
798 2629 876 2676 40,
912 2641 1009 2666 anno

362 2681 444 2722 560
464 2694 496 2718 a.
514 2682 599 2720 Chr.
622 2685 778 2734 primum
792 2685 1009 2723 Pisistratus

361 2738 588 2784 tyrannidem
634 2742 849 2790 acquisierit.
935 2741 1008 2784 Qui

362 2792 456 2829 idem
473 2792 623 2832 Athenis
639 2801 770 2846 postea
788 2798 922 2835 eiectus
951 2794 1008 2849 (ut

362 2848 391 2895 l,
409 2850 464 2890 60
484 2849 656 2900 legimus)
683 2854 790 2891 rediit
808 2866 904 2891 anno
925 2853 1007 2896 558

1083 1344 1166 1388 aut,
1203 1344 1243 1377 ut
1273 1339 1402 1378 rectius
1429 1341 1554 1378 statuit
1576 1339 1733 1377 Schultz.

1083 1409 1170 1447 pag.
1189 1400 1215 1437 7
1235 1409 1331 1433 anno
1361 1396 1441 1437 555
1465 1397 1561 1443 sive,
1591 1395 1732 1433 ntLar·

1084 1453 1191 1489 chero
1212 1453 1331 1502 placet
1359 1452 1475 1499 (sab.
1501 1452 1658 1489 chronol.
1677 1466 1733 1502 cp.

1086 1511 1140 1549 20
1171 1522 1206 1559 p.
1236 1509 1318 1549 542
1356 1509 1461 1557 seq.)
1509 1521 1605 1546 anno
1640 1509 1734 1550 554.

1084 1564 1269 1601 Mortuum
1292 1564 1521 1601 Pisistratum
1538 1578 1620 1602 esse
1637 1566 1734 1603 idem

1084 1622 1208 1657 statuit
1230 1623 1311 1662 528
1331 1634 1364 1657 a.
1388 1621 1472 1658 Chr.
1493 1643 1549 1648 ——-
1568 1622 1734 1668 „Quam-

1083 1678 1145 1713 diu
1155 1679 1383 1724 tyrannidem
1396 1678 1550 1715 tenuerit
1561 1677 1735 1714 Pisistra-

1082 1737 1162 1778 tus,
1219 1745 1263 1770 ρ’(
1292 1733 1486 1770 Aristotele
1525 1733 1735 1782 intelligitur

1083 1789 1190 1825 I'olit.
1222 1789 1268 1836 V,
1293 1792 1319 1830 9
1368 1787 1404 1839 ἓ.
1439 1791 1493 1830 23
1539 1789 1736 1827 5ἀυιείά.“

1085 1845 1115 1882 C
1124 1858 1151 1881 r.

1141 1900 1275 1939 Χίλων
1295 1897 1339 1940 δὲ
1356 1898 1381 1941 ὁ
1397 1895 1734 1951 Λακεδαιμόνιος]

1084 1955 1301 2004 „Teneatur
1327 1957 1386 1994 hic
1413 1957 1512 1995 locus
1543 1958 1591 1994 ad
1621 1958 1738 2007 expli-

1084 2014 1238 2051 eandam
1271 2014 1472 2051 doctrinam
1500 2018 1641 2064 septem
1675 2026 1737 2050 sa-

1083 2069 1261 2119 pientum.
1332 2069 1485 2107 Exercet
1522 2070 1618 2107 enim
1647 2070 1737 2106 Chi-

1081 2125 1143 2161 lon
1174 2125 1209 2162 h.
1244 2126 1266 2163 l.
1297 2124 1618 2176 ἷερομαντείαν.“
1665 2125 1733 2162 Cr.

1082 2180 1302 2231 Scripsimus
1314 2183 1355 2218 X
1363 2181 1378 2219 ί
1387 2184 1467 2219 λων
1486 2194 1564 2217 cum
1584 2186 1734 2219 recentt.

1081 2249 1150 2287 pro
1174 2237 1377 2284 Χείλων,
1409 2241 1445 2274 et
1465 2237 1500 2273 in
1522 2249 1626 2286 seqq.
1647 2238 1735 2275 reti-

1082 2293 1226 2329 nuimus
1285 2288 1602 2343 συνεβούλευε,
1673 2294 1734 2331 ubi

1081 2348 1267 2386 Gronov-io
1297 2349 1432 2387 arridet
1460 2348 1619 2388 Medieei
1654 2349 1735 2388 libri

1079 2403 1185 2442 lectio
1214 2401 1478 2456 συνεβούλεε.

1134 2462 1271 2512 πρῶτα
1284 2458 1357 2512 μὲν
1373 2465 1546 2513 γυναῖκα
1565 2476 1586 2501 τ
1599 2476 1734 2502 εκνο-

1076 2514 1228 2556 ποιόν
1261 2514 1316 2569 μὴ
1348 2515 1570 2570 ἄγεσθαι
1607 2517 1649 2566 ἐς
1683 2516 1733 2558 τοὶ

1078 2573 1207 2619 οἰκία]
1241 2571 1470 2621 τεκνοποιός
1499 2574 1557 2613 hic
1584 2576 1632 2614 de
1654 2589 1734 2613 mu-

1077 2628 1164 2667 liere
1191 2629 1348 2668 infantes
1379 2632 1547 2682 pariente
1585 2632 1731 2680 dictum,

1077 2690 1116 2722 ut
1136 2686 1213 2722 aliis
1234 2686 1320 2724 locis
1355 2689 1486 2725 eodem
1517 2701 1627 2725 sensu
1645 2703 1732 2727 παι-

1079 2737 1267 2791 δοποιός,·
1305 2744 1376 2780 vid.
1398 2744 1443 2791 V,
1478 2742 1534 2785 40
1567 2744 1731 2793 aliosque

1077 2803 1268 2847 poetarum
1303 2799 1402 2837 locos
1437 2812 1459 2836 a
1484 2799 1729 2848 Wesselingio

1076 2853 1253 2893 laudatos.
1313 2855 1424 2895 Unde
1455 2868 1563 2895 nemo
1585 2856 1729 2894 mirabi-

1860 207 1877 325 'sn‘
