1909 3228
534 182 959 223 EUTERPE.
1008 184 1053 222 ΙΙ.

1330 189 1412 228 851

151 289 200 332 τὸ
229 289 341 333 κατὰ
371 289 554 347 Μέμφιν
582 298 726 336 τεῖνον
757 291 885 347 ὅρος,
924 294 970 337 ἐν
998 298 1060 352 τῷ
1091 297 1137 338 αἱ
1164 298 1415 350 λιθοτομίαι

122 370 299 412 4ἔνεισι.
358 375 438 413 τοῦ
469 366 531 413 οἷν
564 371 616 427 δή
649 371 805 426 οὔρεος
833 371 997 416 τούτου
1037 374 1154 430 παρὰ
1183 372 1262 430 τὴν
1291 373 1414 417 ὑπω-

151 449 255 505 ρέην
284 444 411 505 ἦκται
440 448 466 505 ἡ
499 449 661 503 διώρυξ
692 449 770 493 ἀπ’
800 450 980 507 ἑσπέρης
1009 454 1153 510 μακρή
1193 453 1303 508 πρός
1335 452 1469 508 τήν30

148 527 237 584 ήῶ’
280 529 353 572 καὶ
384 529 526 571 ἔπειτα
557 531 685 572 τείνει
716 529 757 579 ἐς
789 529 1057 585 διασφάγας,
1093 532 1291 587 φέρουσα
1326 531 1411 576 ἀπὸ

148 612 230 651 τοῦ
261 607 417 662 οὔρεος
446 606 558 661 πρὸς
601 609 871 663 μεσαμβρίην
899 625 943 651 τε
972 610 1045 652 καὶ
1073 608 1205 653 νότον
1237 610 1411 666 ἄνεμον,

119 688 194 738 5ἐς
223 686 301 729 τόν
330 686 495 730 κόλπον
523 685 602 729 τόν
635 684 851 742 Ἀράβιον.
909 692 964 744 τῇ
994 689 1039 732 δὲ
1067 688 1290 744 ἐλάχιστόν
1319 690 1408 733 ἐστι
1470 701 1545 740 182

145 766 219 808 καὶ
249 765 604 821 συντομώτατον,
635 766 681 808 ἐκ
710 769 785 821 τῆς
816 768 998 823 βορηίης
1023 767 1247 824 θαλάσσης
1276 767 1408 824 ὑπερ-

145 847 277 900 βῆναι
307 845 349 895 ἐς
377 844 458 901 τήν
486 846 637 901 νοτίην
667 845 739 888 καὶ
767 844 987 902 Ἐρυθρὴν
1024 846 1104 902 τήν
1135 845 1274 903 αὐτὴν
1303 847 1407 891 ταύ-
1419 855 1463 888 35

142 934 222 979 την
250 922 538 980 καλεομένην,
580 922 664 967 ἀπὸ
695 928 775 966 τοῦ
806 926 980 968 Κασίου
1010 925 1187 981 οὔρεος,
1217 930 1298 970 τοῦ
1329 925 1406 970 οὐ·

142 1006 342 1059 ρίζοντος
372 1003 596 1059 Αἴγυπτόν
625 1020 668 1047 τε
695 1003 769 1047 καὶ
796 1005 988 1060 Συρίην,
1020 1002 1106 1049 ἀπὸ
1131 1003 1294 1048 τούτου
1324 1006 1406 1049 εἰσὶ

84 1211 161 1247 seq.
193 1198 324 1236 Ritter.
348 1198 537 1235 Erdkund.
557 1198 570 1234 Ι
597 1212 633 1248 p.
655 1198 737 1240 824

84 1268 159 1303 seq.
189 1255 345 1292 Romam
364 1255 385 1291 l.
408 1255 430 1292 l.
453 1269 537 1304 pag.
563 1257 636 1295 141
660 1269 736 1304 seq.

83 1317 117 1347 et
141 1313 337 1362 praecipue
359 1312 413 1349 Le
430 1312 524 1349 Pete
544 1311 566 1348 l.
586 1311 608 1348 l.
630 1326 667 1362 p.
683 1314 737 1352 68

83 1380 186 1416 seqq.

136 1443 177 1483 τὸ
190 1442 288 1483 κατά
301 1443 474 1495 ΙΙῙὲμφιν
486 1449 616 1484 τεῖνον
629 1443 735 1497 ὄρος]

79 1498 179 1540 κατά
202 1502 259 1538 hic
279 1503 478 1550 significat:
506 1516 548 1538 ea*
570 1505 735 1551 opposito,

78 1572 95 1595 e
122 1560 280 1607 regione,
321 1563 359 1594 ut
388 1558 424 1604 Ι,
452 1561 527 1605 76,
573 1560 632 1595 ubi
662 1560 732 1595 vid.

78 1615 136 1652 De
155 1616 235 1664 ipso
258 1620 382 1651 monte
402 1616 495 1651 conf.
517 1620 594 1652 not.
616 1616 664 1652 ad
688 1615 733 1663 ΙΙ,

79 1673 104 1712 8
124 1671 200 1708 0011.
223 1671 277 1718 u,
301 1671 392 1711 124.
422 1671 512 1711 175.

134 1762 252 1798 τείνει
284 1758 321 1805 ἐς
359 1755 608 1811 διασφάγας]
648 1760 729 1798 δια-

79 1813 229 1868 σφάγες
249 1817 351 1864 quasi
369 1817 523 1853 divortia
553 1820 636 1853 sunt
656 1818 732 1854 sive

70 1874 201 1923 fauces
232 1872 326 1908 illius
363 1874 523 1920 montis,
564 1874 610 1909 ad
639 1886 730 1921 quas

76 1943 190 1978 usque
217 1929 352 1965 canalis
373 1929 498 1966 ductus
533 1934 630 1976 erat,
661 1930 731 1966 iam

75 1987 263 2022 meridiem
281 1998 401 2021 versus
429 1986 477 2022 ad
505 1986 621 2022 sinum
639 1985 731 2022 Ara-

74 2043 192 2079 bicum
219 2043 430 2079 deflectens.

129 2133 180 2185 τῇ
199 2128 241 2169 δὲ
261 2126 460 2181 ἐλάχιστόν
483 2129 575 2180 ἔστι]
606 2131 726 2180 Vulgo

75 2183 126 2238 δή
137 2217 146 2234 ,
178 2188 274 2224 cuius
299 2187 377 2224 loco
398 2201 476 2224 cum
499 2192 649 2225 recentt.
670 2201 726 2224 re-

73 2245 180 2294 posui
210 2242 263 2282 δέ.
295 2266 341 2271 ——-
376 2243 524 2281 Boreale
547 2257 645 2281 mare
667 2249 725 2281 est

73 2301 398 2346 mediterraneum,
416 2301 470 2338 cui
489 2301 590 2349 quod
607 2313 725 2350 oppo-

73 2357 170 2392 nitur
194 2357 331 2392 rubrum
349 2369 460 2404 mare,
490 2358 585 2394 idem
617 2358 725 2394 etiam

72 2413 204 2448 dicitur
233 2413 397 2449 australe.
453 2414 560 2450 Conf.
584 2413 723 2449 Herod.

71 2467 124 2514 ΙΙ,
158 2469 247 2509 159.
291 2469 359 2514 IV,
392 2470 446 2509 52
492 2474 529 2506 et
557 2469 723 2516 Breiger.

71 2529 303 2561 commentat.
331 2526 377 2562 de
404 2525 550 2561 difficill.
573 2526 722 2572 quibus-

72 2580 155 2615 dam
177 2580 284 2617 Asiae
310 2586 377 2617 etc.
406 2594 441 2629 p.
466 2581 515 2620 14
537 2580 615 2617 coll.
635 2584 721 2629 μς).

71 2636 129 2673 De
152 2636 255 2672 Casio
278 2642 400 2673 monte
422 2637 492 2672 vid.
513 2640 588 2672 not.
610 2637 657 2672 ad
678 2636 723 2683 ΙΙ,

71 2694 117 2739 6,
149 2698 185 2729 et
215 2694 262 2729 de
289 2692 419 2741 Syriae
446 2693 590 2728 nomine
618 2692 723 2728 latius

69 2754 217 2798 patente
239 2754 313 2784 not.
338 2749 384 2784 ad
404 2748 455 2794 ΙΙ,
483 2750 557 2787 116
579 2748 639 2783 fin.

125 2822 205 2866 dno*
225 2823 366 2866 τούτου
394 2826 468 2866 εἰσὶ
493 2822 644 2865 στάδιοι
666 2826 722 2877 χί-

807 1198 906 1249 λιοι]
937 1200 1066 1238 Monet
1081 1199 1460 1249 Schweighaeuserus,

807 1256 953 1293 Gallum
970 1258 1117 1294 doctum
1141 1257 1201 1294 Du
1220 1258 1459 1306 Bois-Ayme'

807 1314 862 1359 (in
884 1326 1014 1362 opere:
1050 1313 1219 1363 descript.
1239 1315 1285 1351 de
1299 1314 1458 1364 l’Egypt.

806 1370 854 1405 et.
875 1370 973 1405 mod.
1000 1369 1061 1405 t.I
1089 1383 1125 1419 p.
1151 1372 1230 1410 188
1247 1371 1370 1419 seqq.)
1401 1372 1458 1407 di-

807 1426 977 1461 stantiam
997 1425 1131 1462 hancce
1142 1431 1308 1463 accurate
1319 1427 1460 1464 dimen-

805 1494 906 1526 sum,
947 1481 1126 1518 indicasse
1154 1486 1270 1518 metra
1301 1483 1457 1519 francica

807 1540 1004 1583 ῙΟΟ,ΟΟΟ,
1041 1537 1079 1573 id
1104 1541 1161 1574 est
1192 1541 1356 1574 trecenta
1380 1539 1457 1576 fere

801 1594 937 1643 pedum
976 1593 1085 1629 millia
1108 1606 1118 1638 3
1174 1606 1269 1642 quae
1309 1594 1455 1642 quidem

801 1653 926 1686 exacte
945 1649 1136 1687 convenire
1161 1663 1241 1686 cum
1266 1650 1359 1688 mille
1380 1655 1455 1688 sta-

801 1706 869 1741 diis
886 1705 1127 1752 Herodoteis‚
1156 1707 1266 1742 modo
1287 1719 1360 1743 non
1377 1720 1455 1743 ma-

800 1761 866 1796 iori
892 1762 1010 1797 stadio
1039 1765 1288 1798 sexcentorum
1306 1763 1453 1811 pedum,

801 1818 866 1853 sed
896 1817 1052 1862 minori,
1094 1818 1239 1854 nonnisi
1265 1819 1347 1858 306
1378 1820 1454 1856 fere

799 1874 912 1923 pedes
958 1874 1169 1911 continente
1219 1874 1452 1911 Herodotum

800 1943 904 1966 usum
925 1943 1006 1967 esse
1032 1930 1176 1967 dixeris.
1218 1930 1289 1973 Qui
1304 1931 1450 1979 quidem

798 1986 876 2036 ipse
916 1999 996 2022 cum
1024 1986 1134 2036 paulo
1168 1990 1252 2023 ante
1287 1986 1339 2032 ΙΙ,
1373 1988 1451 2028 149

799 2042 877 2078 coll.
899 2042 1025 2088 lv,41
1049 2046 1300 2079 sexcentorum
1315 2043 1452 2092 pedum

799 2099 919 2135 stadia
951 2098 1184 2145 indicaverit,
1214 2098 1291 2145 hic,
1325 2098 1451 2135 Gallo-

794 2168 873 2191 rum
894 2156 1080 2191 doctorum
1101 2155 1254 2201 iudicio,
1284 2154 1340 2192 vel
1363 2168 1450 2193 suae

794 2211 906 2261 ipsius
938 2211 1087 2248 rationis
1116 2211 1249 2248 oblitus
1283 2224 1363 2248 esse
1392 2212 1449 2248 di-

792 2268 927 2304 cendus
967 2268 1066 2313 erit,
1109 2267 1166 2304 vel
1203 2279 1271 2317 pro
1305 2267 1446 2304 ratione

791 2324 936 2360 maioris
967 2324 1160 2361 minorisve
1195 2324 1305 2360 stadii
1335 2323 1444 2361 etiam

791 2381 937 2428 orgyias
957 2381 1110 2417 maiores
1132 2379 1187 2416 vel
1206 2380 1363 2416 minores
1384 2392 1448 2416 ae-

791 2437 969 2473 stimasse.
1019 2437 1124 2479 Quae
1149 2448 1234 2472 num
1256 2436 1303 2472 ad
1323 2435 1445 2472 Hero-

791 2493 918 2528 dotum
953 2492 1202 2541 explicandum
1248 2491 1443 2537 sufficiant,

789 2549 944 2585 viderint
981 2548 1068 2591 alii3
1126 2548 1326 2596 equidem,
1367 2548 1442 2595 qui,

790 2616 899 2652 quain
918 2605 1055 2640 incerta
1082 2603 1166 2640 talia
1191 2604 1337 2639 omnino
1357 2603 1441 2650 sint,

793 2661 935 2709 saepius
972 2664 1139 2708 expertus
1179 2672 1280 2705 sum,
1329 2659 1442 2695 nolim

792 2717 880 2762 quid
899 2719 1070 2752 statuere.
1114 2714 1175 2751 Tu
1193 2716 1266 2751 vid.
1285 2714 1442 2752 Roziere

793 2772 964 2820 descript.
988 2772 1034 2808 de
1051 2771 1214 2821 l’Egypt.
1233 2770 1442 2821 I(antiqq.)

790 2841 827 2878 p.
853 2827 931 2868 146
951 2840 1026 2877 seq.
1203 2882 1221 2904 ι*
