1909 3228
404 225 680 264 EXCURSUS
710 225 759 262 111
789 224 856 262 AD
887 223 1154 262 HERODOT.
1189 224 1222 271 Ι,
1245 226 1331 265 130.
1555 227 1640 266 899

567 413 1068 460 EXCURSUS
1123 414 1194 460 III

323 506 444 544 AD
530 505 1417 552 HERODOT.1‚130.

208 660 359 715 Μῆδοι
389 660 435 703 δὲ
464 659 697 711 ὑπέκυψαν
729 660 924 716 Πέρσῃσι
955 660 1024 703 διὰ
1065 659 1144 716 τὴν
1180 659 1340 702 τούτου
1378 657 1633 714 πικρότητα,

287 727 493 782 ἄρξαντες
539 731 612 783 τῆς
659 726 749 770 ἄνω
796 727 952 777 ΓἈλυος
1000 731 1200 782 ποταμοῦ
1245 726 1384 782 Ἀσίης
1429 724 1497 769 ἐπ’
1542 727 1635 770 ἔτεα

287 793 520 849 τριήκοντα
549 796 621 839 καὶ
662 795 813 840 ἑκατὸν
852 798 973 839 δυῶν
1013 795 1191 845 δέοντα,
1237 795 1369 850 παρὲξ
1398 793 1425 851 ἢ
1456 793 1562 839 ὅσον
1593 796 1635 837 οἱ

288 862 468 907 Σκύθαι
498 859 644 920 ἦρχον.

234 945 339 989 Quae
363 947 408 983 de
429 945 497 982 hoc
517 946 594 983 loco
618 947 664 983 ad
686 946 833 984 Ctesiae
854 947 1020 994 sragmm.
1039 959 1074 995 p.
1089 945 1170 986 439
1195 946 1476 994 disputavimus,
1509 957 1634 983 eorum

122 1026 298 1050 summam
322 1014 378 1050 hic
401 1013 666 1061 adscribamus,
696 1014 772 1051 aliis
792 1014 1007 1063 quibusdam
1027 1014 1171 1049 additis.
1202 1012 1300 1050 Nam
1326 1013 1508 1050 Herodoti
1524 1014 1635 1051 verba

120 1094 140 1117 a
161 1081 311 1119 Ctesiae
333 1082 542 1119 narratione
565 1083 610 1119 de
627 1081 822 1119 Medorum
843 1082 989 1130 regibus
1012 1093 1053 1117 ac
1078 1082 1124 1118 de
1148 1085 1337 1131 tempore,
1366 1094 1431 1130 per
1459 1082 1558 1130 quod
1585 1080 1633 1117 illi

119 1162 270 1197 reguum
290 1149 495 1196 tenuerint,
527 1150 654 1187 mirum
686 1155 859 1199 quantum
889 1150 1108 1199 discrepant.
1167 1148 1249 1186 vid.
1271 1148 1426 1185 Diodor.
1451 1149 1559 1185 Sicul.
1589 1148 1634 1193 H,

118 1219 185 1257 32.
219 1218 312 1255 Octo
338 1219 479 1255 Ctesias
498 1219 661 1255 nominat
680 1218 874 1256 Medorum
896 1231 1026 1266 reges,
1056 1216 1118 1266 qui
1144 1229 1211 1267 per
1240 1217 1415 1254 ducentos
1447 1217 1633 1264 octoginta

119 1286 191 1321 duo
211 1295 326 1322 anuos
358 1299 510 1334 reguum
531 1292 773 1336 occuparunt,
807 1287 938 1334 quibus
964 1298 1082 1322 nonus
1111 1284 1250 1321 accedit
1271 1282 1464 1332 Astyages.
1522 1283 1635 1320 Unde

116 1354 216 1403 apud
235 1353 389 1401 Syncell.
418 1353 572 1390 chronic.
601 1355 760 1403 paschal.
791 1368 876 1405 pag.
903 1355 1005 1401 115,
1029 1352 1059 1387 B
1090 1351 1283 1389 Medorum
1310 1364 1426 1400 regno
1455 1351 1540 1388 anni
1569 1351 1634 1387 tri-

116 1421 276 1457 buuntur
300 1420 437 1458 CCLX
469 1424 505 1458 et
526 1422 624 1471 apud
649 1422 927 1472 Chronograph.
951 1435 988 1471 p.
1011 1420 1091 1461 235
1122 1419 1237 1455 Paris.
1255 1420 1312 1457 ed.
1345 1432 1382 1469 p.
1405 1419 1485 1458 188
1504 1417 1632 1455 Venet.

116 1489 202 1525 anni
224 1488 471 1533 CCLXXYI3
505 1489 679 1536 Agathias
707 1503 793 1527 vero
820 1490 886 1536 (dc
910 1489 1009 1525 rebb.
1033 1488 1157 1523 lustin.
1182 1487 1212 1522 ll
1236 1500 1271 1536 p.
1295 1487 1368 1533 46,
1392 1486 1442 1535 A)
1466 1499 1487 1523 a
1508 1485 1634 1522 Ctesia

116 1557 246 1606 opinor
272 1557 438 1606 pendens
470 1568 588 1592 annos
619 1557 722 1605 ponit
752 1569 825 1592 non
853 1557 970 1592 miuus
1001 1559 1194 1592 trecentos.
1254 1553 1334 1592 Nec
1370 1554 1527 1603 denique
1554 1553 1633 1604 ipse

116 1624 325 1661 Herodotus
356 1624 422 1661 sibi
446 1629 617 1660 constans
649 1623 828 1675 reperitur
853 1623 889 1660 in
917 1624 1043 1668 annis,
1073 1636 1139 1672 per
1168 1635 1258 1671 quos
1287 1622 1419 1671 singuli
1447 1622 1634 1670 regnarint

116 1704 220 1739 reges
236 1720 246 1738 ,
277 1695 374 1728 recte
392 1692 655 1741 computandis.
718 1692 859 1735 Quodsi
879 1693 973 1728 enim
995 1704 1132 1737 annos,
1163 1703 1254 1739 quos
1275 1694 1432 1738 quatuor
1449 1690 1525 1726 istis
1551 1689 1634 1727 Me-

116 1760 244 1796 dorum
263 1759 434 1807 regibus,
465 1758 602 1795 incluso
624 1758 809 1807 Astyage,
839 1759 897 1796 ille
923 1758 1117 1803 adscribit,
1147 1758 1184 1793 in
1212 1770 1320 1794 unum
1349 1756 1540 1794 contuleris
1575 1756 1632 1803 (I,

121 1829 210 1867 102.
229 1829 320 1867 106.
348 1827 446 1874 130)
476 1828 606 1864 existet
630 1839 768 1862 summa
800 1838 975 1863 annorum
1015 1830 1160 1863 centum
1201 1825 1486 1873 quinquaginta,
1536 1824 1633 1861 unde

117 1894 273 1932 XXVIII
302 1896 425 1941 annis,
463 1895 523 1942 qui
556 1895 603 1930 ad
634 1894 847 1942 Scytharum
878 1894 1154 1944 occupationem
1188 1893 1404 1942 pertinent,
1443 1891 1630 1937 detractis,

118 1966 312 2012 supersunt
334 1963 419 1998 anni
441 1962 603 2009 CXXH,
632 1975 751 2011 neque
772 1961 986 2007 CXXYIH,
1016 1965 1056 1997 ut
1084 1960 1152 1997 hoc
1168 1960 1350 1996 Herodoti
1376 1958 1455 1995 loco
1486 1958 1630 2007 legitur.

118 2030 223 2073 Quae
250 2042 322 2078 quo
351 2031 484 2076 modo,
516 2031 583 2066 nisi
611 2030 844 2079 negligenter
868 2031 1080 2079 scriptorem
1108 2030 1275 2065 nostrum
1298 2027 1416 2075 egisse
1435 2030 1497 2062 aut
1521 2025 1633 2063 libra-

116 2099 187 2135 rios
216 2098 292 2135 eius
320 2098 431 2134 verba
462 2097 655 2146 literasque
688 2097 922 2147 perturbasse
951 2096 1105 2143 dixeris,
1142 2094 1334 2132 convenire
1356 2093 1520 2143 possint,
1556 2104 1630 2128 non

116 2167 232 2215 magis
249 2166 413 2215 intelligo
435 2177 542 2214 quam
561 2179 640 2202 curn
670 2166 828 2202 numeris
863 2164 1042 2202 Ctesianis
1074 2162 1103 2199 si
1132 2162 1214 2211 quis
1246 2160 1307 2198 illa
1337 2161 1373 2197 in
1403 2159 1631 2196 concordiam

116 2235 282 2283 redigere
309 2233 405 2271 velit.
466 2233 666 2271 Periculum
686 2235 802 2271 secere
824 2234 922 2269 haud
941 2231 1045 2282 pauci
1063 2230 1129 2267 viri
1151 2229 1266 2276 docti,
1296 2241 1375 2266 cum
1394 2227 1502 2263 modo
1530 2238 1631 2263 sacra

118 2315 162 2338 ex
191 2301 388 2351 scriptura,
424 2301 534 2337 modo
563 2300 788 2338 orientalium
821 2301 1036 2350 scriptorum
1071 2312 1090 2336 e
1119 2297 1301 2343 sontibus,
1349 2295 1458 2332 modo
1488 2307 1532 2332 ex
1563 2306 1631 2330 suo

115 2369 275 2418 ipsorum
296 2369 442 2417 ingenio
462 2368 551 2405 haec
573 2382 692 2405 secum
713 2368 903 2405 conciliare
929 2368 1134 2416 iustamque
1157 2369 1361 2414 temporum
1388 2362 1518 2400 seriem
1545 2361 1631 2398 inde

116 2436 336 2473 constituere
355 2439 578 2472 conarentur.
627 2434 687 2471 Tu
716 2436 788 2472 vid.
808 2435 921 2472 Beck.
943 2434 1085 2483 allgem.
1108 2431 1333 2481 W'eltgesch.
1357 2430 1372 2466 l
1394 2443 1428 2480 p.
1447 2432 1530 2470 612
1550 2441 1629 2477 sqq·

117 2502 196 2543 635
218 2515 320 2551 seqq·
352 2501 593 2543 641—644
622 2506 659 2538 et
679 2502 817 2540 dudum
845 2508 929 2539 ante
957 2502 1003 2537 de
1034 2501 1089 2538 his
1117 2500 1355 2537 disserentem
1375 2497 1522 2534 Reiner.
1541 2495 1630 2533 Rei-

116 2582 214 2606 necc.
233 2569 272 2605 in
300 2568 440 2605 familiis
467 2582 571 2617 regg.
594 2568 693 2605 Med.
724 2574 760 2606 et
782 2571 921 2606 Bactrr.
952 2568 1072 2617 (Lips.
1097 2567 1225 2615 1572)
1257 2578 1342 2616 pag.
1364 2564 1417 2606 24
1438 2577 1538 2613 seqq.
1563 2565 1629 2604 29.

117 2639 183 2677 31.
220 2635 300 2673 Nec
326 2637 562 2685 praetermitti
594 2636 705 2672 debet
735 2635 907 2673 Larcheri
937 2633 1134 2684 disputatio
1163 2633 1200 2669 in
1225 2632 1301 2668 tab.
1330 2630 1489 2668 chronol.
1516 2634 1543 2667 t.
1563 2629 1629 2666 VH

119 2718 174 2753 cp.
194 2704 245 2739 lv
276 2717 312 2753 p.
336 2704 414 2743 158
435 2716 562 2751 seqq„
601 2703 661 2738 ubi
685 2702 806 2738 variae
836 2707 872 2738 et
901 2705 1062 2738 veterum
1093 2705 1130 2738 et
1157 2700 1395 2737 recentiorum
1428 2698 1630 2735 sententiae

120 2771 290 2808 collectae
311 2771 550 2807 inveniuntur.
596 2770 789 2818 lngeniosc
813 2781 959 2817 quoque
978 2768 1014 2804 in
1035 2767 1123 2805 haec
1147 2766 1330 2816 inquisivit
1351 2764 1476 2803 Gallus
1500 2765 1628 2801 doctus

121 2840 158 2876 in
176 2837 287 2883 libro,
313 2839 373 2886 qui
393 2838 616 2875 inscribitur:
647 2836 854 2875 recherches
887 2834 1070 2874 nouvelles
1099 2847 1159 2872 sur
1187 2834 1294 2871 l'hist.
1323 2832 1459 2871 ancien.
1485 2830 1628 2879 (Paris.

1202 2896 1299 2941 57*
