1909 3228
95 561 255 590 oraculum
288 562 335 589 bia

92 596 274 629 consultum,
324 594 369 622 bis

95 629 176 656 lubet
229 629 368 662 Paetyam

417 235 501 276 35ss

816 228 1282 270 HERODOTI

421 341 677 398 ἱδρυμένον,
720 343 780 398 τῷ
808 337 953 388 Ἴωνές
980 350 1025 380 τε
1053 335 1209 387 πάντες
1236 336 1310 380 καὶ
1338 337 1512 388 Αἰολέες
1540 333 1672 380 ἐώθε-

423 431 507 465 σαν
536 419 748 477 χρέεσθαι.
780 415 804 460 ὁ
836 415 882 460 δὲ
908 418 1047 471 χῶρος
1075 409 1203 466 οὗτος
1231 414 1320 458 ἐστὶ
1349 419 1423 471 τῆς
1460 417 1672 472 Μιλησίης

267 495 366 543 158
422 499 531 553 ὑπὲρ
552 495 794 551 Πανόρμου
822 493 1007 550 λιμένος.
1037 493 1289 549 Πέμψαντες
1318 487 1381 537 ὦν
1411 495 1455 537 οἱ
1483 497 1675 550 Κυμαῖοι

430 579 443 593 7

425 594 468 629 ες
506 575 609 627 τούς
646 575 892 630 Βραγχίδας
936 572 1238 628 θεοπρόπους,
1295 571 1500 626 εἰρώτευν
1544 573 1733 628 ,,περὶ10

95 662 183 695 dmin
209 665 239 688 ct
258 663 370 688 Armo-
428 652 636 708 Πακτύην
664 651 815 697 ὁκοῖόν
850 669 891 696 τι
927 650 1144 702 ποιέοντες
1176 655 1317 695 θεοῖσι
1345 651 1539 706 μέλλοιεν
1566 667 1678 706 „xoe-

95 695 192 724 dicum
208 695 352 731 increpat.

425 736 664 788 ριεῖσθαι.“
721 732 981 785 ἐπειρωτῶσι
1018 731 1062 774 δέ
1103 742 1183 786 σφι
1232 734 1369 774 ταῦτα
1419 729 1680 786 χρηστήριον

394 811 592 868 Ξέγένετο
630 810 889 862 »ἐκδιδόναι
920 807 1131 866 Πακτύην
1163 808 1392 866 Πέρσῃσι.“
1456 813 1602 853 Ταῦτα
1633 807 1679 852 δὲ

426 890 486 942 ὥς
531 888 837 946 ἀπενειχθέντα
883 889 1080 945 ἤκουσαν
1126 889 1169 931 οἷ
1207 891 1430 944 Κυμαῖοι,

1490 886 1678 944 ὁρμέατο

397 967 661 1014 3έκδιδόναι.
692 967 967 1024 ὁρμεωμένου
998 967 1043 1011 δὲ
1072 967 1207 1023 ταύτῃ
1233 970 1312 1010 τοῦ
1334 964 1544 1022 πλήθεος,
1571 964 1680 1020 Ἀρι·
1694 972 1736 1006 15

428 1049 629 1100 στόδικος
659 1046 682 1092 ὁ
707 1048 1020 1102 “Ηρακλείδεω,
1061 1044 1171 1101 ἀνὴρ
1202 1049 1290 1087 τῶν
1321 1043 1464 1088 α’στῶν
1494 1044 1579 1088 ἐών
1611 1043 1681 1087 δό-

427 1145 576 1185 κιμος,
608 1128 700 1183 ἔσχε
729 1126 786 1183 μὴ
823 1129 1003 1181 ποιῆσαι
1032 1128 1167 1168 ταῦτα
1189 1124 1442 1179 Κυμαίους,
1472 1121 1685 1166 ἀπιστέων

427 1224 472 1251 τε
501 1211 561 1263 τῷ
597 1208 793 1262 χρησμῷ,
850 1204 923 1249 καὶ
963 1202 1128 1247 δοκέων
1165 1203 1267 1253 τούς
1302 1201 1587 1256 θεοπρόπους
1628 1198 1684 1244 ου’

428 1286 567 1343 λέγειν
597 1283 811 1341 ἀληθέως·
867 1283 909 1333 ές
935 1282 983 1334 ὃ,
1028 1281 1077 1326 τὸ
1109 1281 1315 1337 δεύτερον
1343 1282 1441 1336 περὶ
1473 1278 1685 1324 Πακτύεω

429 1363 782 1421 ἐπειρησόμενοι,
842 1361 975 1420 ᾔεσαν
1013 1361 1133 1404 ἄλλοι
1170 1359 1435 1414 θεοπρόποι,
1486 1363 1575 1402 τῶν
1613 1358 1686 1402 καὶ

274 1455 373 1502 159
429 1441 719 1498 Ἀριστόδικος
754 1437 820 1496 ἧν.
884 1437 1179 1494 Ἀπικομένων
1224 1439 1270 1481 δὲ
1318 1438 1360 1489 ές
1416 1438 1742 1493 Βραγχίδας,20

435 1519 781 1578 ἐχρηστηριάζετο
805 1517 851 1561 ἐκ
875 1517 1050 1560 πάντων
1081 1515 1392 1571 Ἀριστόδικος,
1423 1515 1688 1570 ἐπειρωτέων

404 1600 556 1644 evome·
615 1596 835 1650 ,,Ὡ”ναξ,
877 1591 985 1653 ἦλθε
1014 1594 1119 1650 παρ’
1151 1594 1283 1652 ἡμέας
1313 1595 1451 1651 ἱκέτης
1481 1592 1688 1649 Πακτύης

433 1676 678 1731 ,,ὁΛυδὸς,
711 1675 888 1733 φεύγων
915 1673 1113 1718 θάνατον
1144 1675 1290 1729 βίαιον
1319 1673 1428 1727 πρὸς
1458 1672 1685 1726 Περσέων·

434 1757 516 1809 „oi
542 1757 588 1800 δέ
616 1771 693 1812 μιν
721 1754 1003 1806 ἐξαιτέονται,
1053 1757 1255 1807 προεῖναι
1293 1753 1520 1807 Κυμαίους
1549 1749 1690 1795 κελεύ·

432 1850 609 1887 ,,οντες·
653 1832 776 1890 ἡμεῖς
806 1832 852 1876 δὲ
881 1831 1175 1887 δειμαίνοντες
1210 1829 1289 1888 τὴν
1319 1830 1526 1886 Περσέων
1556 1830 1745 1874 duva-25

381 2027 447 2070 46.
477 2030 543 2070 92.
600 2026 660 2065 Ad
683 2023 894 2079 χρέεσθαι,
930 2026 1030 2075 quod

383 2097 466 2122 mox
490 2083 672 2133 sequitur,
702 2085 795 2120 conf.
815 2084 861 2120 ob
872 2083 1029 2119 lonicam

383 2142 534 2178 sormam
552 2139 682 2177 Matth.
706 2138 743 2190 ἓ.
759 2142 810 2180 10
831 2152 917 2190 pag.
936 2137 1002 2179 44.

553 2223 585 2261 C
598 2236 618 2261 a
629 2237 667 2274 p.
697 2221 861 2261 CLVIII.

438 2304 461 2346 ἕ
478 2318 501 2346 σ
517 2321 539 2358 χ
559 2320 576 2346 ε
606 2321 633 2357 μ
653 2302 680 2356 η“
711 2308 879 2356 ποιῆσαι
907 2307 1031 2344 ταῦτα

382 2364 612 2414 Κυμαίους]
650 2361 671 2398 i.
702 2376 732 2400 e.
772 2364 935 2409 retinuit,
974 2374 1031 2397 co-

381 2419 516 2466 hibuit,
549 2431 590 2456 ne
626 2418 709 2455 haec
733 2417 906 2468 facerent.
972 2417 1031 2454 De

381 2479 558 2513 structura
577 2476 669 2512 conf.
705 2475 753 2511 ad
782 2474 820 2522 Ι,
851 2473 949 2515 155:
981 2469 1029 2511 ὀί-

380 2544 498 2571 πειπε
512 2552 568 2560 -
586 2527 640 2582 μή
659 2529 852 2581 ἐκτῆσθαι
870 2529 1029 2567 laudata.

567 2615 599 2652 c
612 2627 634 2652 a
644 2628 681 2666 p.
709 2613 840 2651 CLIX.

436 2699 619 2748 προεῖναι
651 2697 858 2747 Κυμαίους
901 2689 1031 2734 κελεύ-

383 2756 507 2798 οντες]
539 2753 571 2789 Ε
597 2754 690 2790 binis
717 2753 815 2790 libris
833 2765 911 2790 cum
923 2753 1030 2789 Gais-

381 2807 476 2843 sord.
506 2809 716 2845 mutavimus
750 2809 936 2857 vulgarem
971 2821 1029 2845 or-

380 2861 522 2901 dinem:
560 2860 784 2912 κελεύοντες
811 2864 1027 2916 Κυμαίους.

1095 2025 1217 2064 Verba
1235 2026 1441 2075 sequentia:
1469 2022 1584 2077 ἡμεῖς
1602 2022 1645 2064 δὲ
1665 2024 1745 2064 δει-

1097 2083 1302 2132 μαίνοντες
1319 2097 1355 2121 κ.
1376 2097 1406 2120 τ.
1433 2084 1465 2120 λ.
1497 2082 1666 2131 equidem
1692 2082 1744 2118 sic

1096 2139 1331 2188 interpretor:
1370 2151 1470 2185 „nos
1501 2150 1587 2175 vero
1615 2149 1743 2186 quam-

1096 2195 1150 2230 vis
1181 2195 1346 2231 timentes
1386 2194 1577 2231 Persarum
1613 2197 1744 2243 poten-

1097 2250 1204 2297 tiam,
1240 2250 1338 2286 haud
1362 2253 1483 2287 tamen
1513 2249 1743 2286 sustinuimus

1098 2306 1215 2342 adhuc
1250 2305 1448 2354 supplicem
1490 2306 1634 2342 tradere
1662 2305 1744 2353 illis,

1098 2366 1293 2410 antequam
1321 2366 1381 2397 tua
1407 2362 1511 2398 nobis
1551 2366 1647 2398 certo
1679 2362 1745 2400 de-

1098 2417 1231 2453 clarata
1252 2418 1296 2453 sit
1316 2418 1514 2464 sententia,
1537 2421 1656 2455 utrum
1678 2430 1746 2455 no-

1098 2472 1151 2510 bis
1192 2474 1393 2511 faciendum
1428 2474 1521 2510 sit.“
1588 2470 1633 2512 τὸ
1669 2469 1746 2513 cinci

1099 2531 1168 2566 σεῦ
1199 2530 1273 2567 sive
1307 2527 1350 2568 τό
1379 2526 1450 2568 σόν
1477 2528 1515 2566 id
1542 2529 1633 2580 quod
1658 2543 1682 2566 a
1711 2533 1745 2567 te

1094 2588 1270 2633 provenit,
1287 2588 1453 2622 sententia
1472 2590 1536 2622 tua
1548 2613 1558 2631 ,
1588 2586 1745 2624 illustra-

1098 2645 1173 2677 tum
1194 2655 1216 2678 a
1235 2642 1411 2679 Matthiae
1433 2642 1497 2679 Gr.
1520 2641 1585 2678 Gr.
1611 2640 1647 2692 ἓ
1660 2643 1743 2684 573

1097 2709 1182 2746 pag.
1217 2699 1334 2738 1130.
1393 2698 1499 2735 Cous.
1529 2697 1617 2744 vn,
1651 2700 1742 2739 101.

1096 2752 1166 2798 lX,
1196 2757 1233 2793 7.
1271 2752 1466 2804 ποιέωμεν
1501 2753 1743 2791 coniunctivus

1097 2809 1350 2847 deliberativus
1373 2815 1448 2857 est,
1479 2822 1586 2859 quem
1602 2813 1740 2847 vocant.

1095 2864 1202 2902 Cons.
1225 2865 1263 2913 Ι,
1282 2866 1347 2907 53.
1375 2868 1429 2907 76
1448 2866 1532 2915 ibiq.
1553 2868 1629 2902 not.
