1909 3228
534 202 1060 242 EUTERPE.11.
1343 204 1427 244 879

174 313 342 366 πόλιος·
374 312 446 356 καὶ
475 315 602 356 τοῦτο
632 311 831 367 ἐκόμιζον
860 311 938 367 μὲν
967 309 1038 354 ἐπ’
1069 311 1162 354 ἔτεα
1180 310 1301 365 τρία,
1331 312 1425 354 δισ-

172 395 300 449 χίλιοι
330 393 374 436 δέ
405 394 448 436 οἱ
476 389 812 446 προσετετάχατο
844 389 998 444 ἄνδρες
1018 387 1223 445 ἀγωγέες,
1249 389 1323 433 καὶ
1346 384 1423 432 οὗ-

146 477 245 515 4τοι
270 471 454 522 ἅπαντες
482 466 593 526 ἦσαν
621 472 894 524 κυβερνῆται.
951 472 1027 524 τῆς
1056 468 1101 512 δὲ
1131 469 1279 524 στέγης
1315 467 1419 511 ταύ-
1436 475 1482 508 95

173 567 246 605 της
275 549 324 593 τὸ
355 550 431 606 μὲν
469 553 604 605 μῆκος
644 548 829 599 ἔξωθεν,

889 547 976 590 ἔστι
1014 545 1072 598 εἷς
1110 563 1154 590 τε
1190 549 1262 590 καὶ
1293 549 1428 590 εἴκοσι

174 628 347 684 πήχεες·
380 624 506 683 εὖρος
537 628 600 679 δὲ,
630 627 1028 680 τεσσερεσκαίδεκα·
1059 626 1171 677 ὕψος
1197 627 1264 679 δὲ,
1297 624 1423 670 ὀκτώ.

173 711 310 751 ταῦτα
340 708 417 763 μὲν
445 707 498 750 τοὶ
528 706 661 762 μέτρα
691 706 849 757 ἔξωθεν
877 709 953 760 τῆς
983 706 1130 761 στέγης
1158 710 1231 762 τῆς
1262 722 1425 761 μουνο-

145 794 166 828 5
179 788 309 830 λίθου
340 786 438 830 ἐστί.

499 783 604 839 ἀτὰρ
644 785 806 828 ἔσωθεν
842 784 890 826 τὸ
929 788 1086 840 μῆκος,
1134 783 1426 828 ὀκτωκαίδεκα

172 866 342 921 πηχέων
371 864 443 908 καὶ
462 863 674 918 πυγόνος·
706 863 753 906 τό
776 863 820 906 δὲ
843 857 989 915 εὖρος,
1021 862 1217 906 δυώδεκα·
1237 864 1426 919 πηχέων·

171 944 219 987 τὸ
252 944 297 987 δὲ
327 944 466 996 ὕψος,
497 942 622 986 πέντε
653 942 821 998 πηχέων
849 941 945 985 ἐστί.
977 941 1086 998 αὕτη
1109 946 1189 985 τοῦ
1214 944 1313 995 ἱροῦ
1333 943 1451 985 nee-1

145 1032 245 1067 6ται
274 1023 392 1078 παρὰ
421 1021 500 1078 τήν
530 1022 696 1065 ἔσοδον.
729 1022 811 1065 ἔσω
841 1019 925 1077 γάρ
956 1038 1030 1077 μιν
1059 1020 1101 1071 ἐς
1128 1020 1176 1064 τό
1197 1019 1296 1075 ἱρόν
1317 1032 1426 1076 φασι

175 1101 309 1146 τῶνδ’
350 1103 492 1145 εἵνεκα
524 1098 607 1144 οὐκ
646 1100 887 1145 ἐσελκύσαι·
933 1101 1009 1143 τὸν
1040 1099 1316 1156 ἀρχιτέκτονα
1347 1098 1426 1142 αὐ-

173 1186 274 1238 τῆς,
317 1181 545 1236 ἑλκομένης
583 1184 658 1236 τῆς
699 1180 872 1235 στέγης,
923 1178 1224 1233 ἀναστενάξαι,
1273 1176 1345 1222 οἷά
1383 1194 1426 1220 τε

171 1260 334 1317 χρόνου
363 1259 641 1315 ἐκγεγονότος
670 1262 861 1310 πολλοῦ,
902 1257 1228 1313 καταχθόμενον
1265 1261 1324 1316 τῷ
1355 1256 1457 1310 έ’ρ-5

172 1354 256 1396 γῳ·
297 1340 374 1382 τὸν
403 1340 449 1382 δὲ
476 1337 663 1395 ’Ἄμασιν
698 1336 961 1394 ένθυμιστὸν
999 1337 1318 1393 ποιησάμενον,
1349 1335 1432 1380 οὐκ
1493 1343 1571 1383 190

115 1558 186 1594 mie
216 1555 404 1604 (10047,
435 1559 459 1597 6
486 1556 589 1606 pieds
624 1555 764 1602 cubes),

114 1618 248 1664 pesant
283 1612 464 1659 914‚832
498 1612 764 1660 Kilogrammes

117 1668 491 1717 (1‚868,85311vres
519 1670 540 1705 ἐι
571 1669 690 1705 raison
719 1670 765 1705 de

120 1727 198 1766 186
238 1725 343 1762 livres
389 1737 456 1774 par
497 1725 635 1773 chaque
681 1725 767 1774 pied

118 1782 248 1828 cube);
279 1785 316 1818 et
347 1781 376 1816 si
405 1780 478 1816 l'on
507 1793 552 1816 en
579 1781 704 1817 de'duit
732 1781 765 1817 le

118 1838 220 1884 vide,
253 1837 313 1885 qui
334 1840 389 1873 est
408 1836 453 1872 de
476 1837 554 1877 165
576 1837 708 1873 metres
729 1840 766 1873 et

119 1896 174 1934 20
202 1893 396 1930 centiemes
426 1892 569 1939 (4818,
591 1892 642 1932 85
661 1893 764 1942 pieds

119 1950 261 1996 cubes),
284 1948 309 1984 il
328 1953 464 1985 restera
480 1961 574 1998 pour
593 1948 624 1984 la
648 1961 766 1985 masse

118 2006 383 2044 effectivement
398 2005 624 2054 transportee
643 2005 662 2041 ἐι
686 2005 766 2041 Sais

121 2065 199 2102 179
216 2062 360 2106 menes,
383 2062 435 2100 30
448 2061 640 2097 centiemes
659 2061 764 2098 cubes

118 2118 261 2165 (5228,
291 2117 344 2157 75
371 2117 475 2166 pieds
503 2117 653 2164 cubes),
700 2130 767 2166 pe-

117 2178 199 2211 sant
256 2172 442 2218 476‚O76
497 2172 765 2221 Kilogrammes

119 2228 341 2277 (972547,
371 2228 395 2269 5
424 2228 578 2276 livres),
626 2241 685 2265 car
718 2242 766 2265 on

118 2299 165 2322 ne
198 2289 288 2335 peut
326 2286 479 2331 douter,
520 2298 590 2333 que
621 2285 766 2322 l'e'vide-

119 2346 217 2379 ment
261 2341 308 2377 du
345 2340 542 2378 monolithe
583 2341 670 2377 n’ait
710 2342 767 2378 e'te

118 2399 184 2435 fait
206 2409 267 2433 sur
294 2397 327 2433 la
352 2398 502 2433 carriere
530 2399 684 2433 memef‘
721 2397 768 2433 Ii-

119 2454 203 2491 dem
218 2453 281 2488 viri
304 2453 399 2489 docti
418 2454 663 2502 suspicantur,
689 2466 767 2489 mo-

119 2509 293 2546 nolithum
308 2514 421 2545 totum
442 2510 552 2545 ruinis
572 2510 766 2555 obtectum,

120 2577 215 2614 quae
263 2577 404 2601 omnem
442 2566 627 2613 regionem
664 2577 768 2601 oceu-

119 2625 229 2670 pant‚
267 2621 331 2656 sub
363 2625 459 2657 terra
496 2621 613 2657 adhuc
642 2620 763 2657 latere.

120 2699 175 2703 -
203 2677 261 2712 Ad
299 2676 427 2713 verba:
466 2671 523 2714 ἐπ’
559 2675 644 2714 ἔτεα
680 2676 767 2725 τρία

119 2734 214 2769 conf.
239 2732 290 2777 ΙΙ,
313 2734 391 2772 119
418 2735 453 2769 et
481 2733 528 2768 ad
557 2730 691 2783 στέγης
723 2732 768 2778 11,

123 2788 214 2829 148.

176 2842 244 2883 καὶ
261 2838 460 2897 πυγόνος]
491 2839 628 2895 πυγῶν
652 2842 769 2880 conti-

833 1568 920 1593 nere
942 1555 1071 1592 dicitur
1097 1555 1226 1603 viginti
1253 1554 1389 1603 digitos
1411 1555 1486 1592 sive

835 1614 984 1662 quinque
1022 1611 1170 1661 palmas.
1244 1611 1370 1660 Itaque
1410 1623 1484 1647 non

833 1668 937 1705 valde
955 1669 1067 1704 distat
1087 1681 1106 1704 a
1128 1667 1263 1713 cubito,
1283 1668 1343 1716 qui
1355 1669 1486 1715 viginti

836 1727 985 1773 quatuor
1005 1724 1125 1772 digitis
1140 1737 1166 1759 s.
1180 1736 1240 1759 sex
1256 1723 1383 1772 palmis
1398 1735 1485 1760 con-

834 1784 918 1817 stat.
976 1779 1057 1815 vid.
1092 1779 1229 1816 Wurm.
1262 1779 1309 1817 de
1345 1779 1483 1830 pondd.

833 1840 916 1872 ratt.
944 1848 1028 1884 pag.
1058 1838 1122 1876 92.

891 1887 956 1930 οἶά
988 1905 1028 1930 τε
1058 1887 1202 1941 χρόνου
1232 1885 1484 1941 ἕκγεγονότος

834 1946 999 1997 πολλοῦ]
1030 1948 1137 1985 Haec
1165 1947 1294 1983 locutio
1326 1946 1483 1983 insolens

833 2004 977 2040 videtur
1003 2003 1266 2052 W'esselingi0,
1294 2016 1376 2040 cum
1405 2003 1485 2040 He-

833 2061 985 2096 rodotus
1027 2060 1078 2107 (V.
1109 2074 1137 2096 c.
1169 2060 1206 2106 Ι,
1226 2062 1288 2100 27.
1316 2062 1406 2100 190.
1438 2059 1484 2106 Π,

838 2116 944 2163 124)
974 2115 1106 2164 aliique
1141 2116 1331 2164 scriptores
1361 2115 1484 2165 potius

834 2172 871 2208 in
898 2172 993 2208 hisce
1020 2172 1227 2221 usurparint
1251 2172 1399 2208 verbum
1427 2170 1484 2223 ε’γ-

834 2228 1018 2279 γίνεσθαι
1038 2241 1064 2264 s.
1087 2228 1281 2279 γίνεσθαι.
1299 2228 1484 2275 Schweig-

833 2285 1048 2331 haeuserus,
1079 2285 1139 2333 qui
1158 2285 1237 2334 ipse
1253 2284 1404 2332 requirit
1426 2283 1484 2335 ἐγ-

833 2335 1058 2392 γεγονότος,
1089 2342 1173 2377 ferri
1209 2349 1331 2377 tamen
1375 2352 1483 2389 posse

833 2397 1013 2445 vulgatam
1053 2397 1211 2441 iudicat,
1259 2397 1288 2432 si
1339 2396 1486 2432 abesset

833 2455 993 2491 πολλοῦ.
1046 2452 1226 2501 Equidem
1246 2452 1342 2488 libris
1365 2452 1483 2487 invitis

833 2509 918 2544 nihil
940 2509 1115 2545 mutarim.
1141 2529 1197 2534 —
1228 2507 1269 2543 In
1297 2520 1399 2556 seqq.
1425 2520 1484 2544 re-

832 2564 921 2600 tinui
942 2559 1260 2613 καταχθόμενον,
1291 2576 1370 2600 cum
1390 2563 1483 2600 alte-

833 2633 873 2656 ra
894 2620 998 2656 lectio
1019 2619 1086 2657 καὶ
1106 2614 1333 2669 ἀχθόμενον
1351 2619 1483 2668 proba-

834 2679 952 2711 torum
983 2676 1154 2712 librorum
1187 2676 1397 2712 auctoritate
1425 2687 1483 2712 ca-

833 2736 922 2768 reat.

891 2783 1133 2836 ἐνθυμιστόν
1151 2782 1436 2838 ποιησάμενον]
1458 2787 1481 2824 ἰ.

836 2856 866 2881 e.
895 2843 1221 2881 animadvertentem
1256 2847 1289 2881 et
1320 2843 1486 2892 religioni
