1877 3223
478 237 533 277 92
889 235 1352 275 HERODOTI

480 343 586 398 ἐών,
637 343 756 400 Φρύξ
794 345 872 401 μὲν
907 348 1052 401 γενεῇ,
1097 343 1242 400 γένεος
1288 345 1333 389 δὲ
1381 347 1460 392 τοῦ
1505 348 1747 402 βασιληΐου.

457 422 710 479 Ξπαρελθών
740 424 784 468 δὲ
814 419 939 475 οὗτος
979 424 1021 475 ἐς
1057 425 1110 467 τὰ
1138 426 1332 480 Κροίσου
1362 425 1496 476 οἰκία,
1541 425 1650 468 κατὰ
1679 423 1749 468 νό-

478 519 589 558 μους
630 502 730 554 τούς
777 502 1032 559 ἐπιχωρίους
1077 506 1322 560 καθαρσίου
1367 501 1502 546 ἐδέετο
1539 508 1746 561 κυρῆσαι’

431 637 715 672 communionem
743 641 804 674 aut
828 639 1074 675 commercium

432 692 688 728 aversabantur
698 705 810 741 usque
832 694 916 731 dum
928 695 1075 732 crimine

431 747 477 782 illi
496 747 626 795 expiati
647 753 768 785 essent
788 762 829 786 eo
850 751 937 797 ritu,
967 751 1027 799 qui
1053 750 1074 787 l.

430 803 452 838 l.
474 803 652 852 copiosius
678 804 900 843 describitur.
957 806 1075 855 Atque

430 858 533 895 huius
562 859 695 906 moris,
723 860 760 896 in
786 873 858 909 quo
888 864 1074 911 sanguinis

430 915 627 962 vindictae,
665 928 773 964 quam
801 917 946 965 dicunt,
979 918 1076 954 haud

431 971 583 1008 obscura
602 972 755 1021 vestigia
774 977 984 1021 cernuntur,
1015 973 1077 1020 (il-

429 1026 498 1063 lam
519 1028 610 1064 enim
631 1041 704 1064 non
724 1028 841 1065 minus
860 1029 959 1078 apud
984 1030 1076 1066 anti-

430 1084 625 1132 quissimos
647 1084 830 1132 Graecos,
861 1098 968 1134 quam
979 1086 1076 1136 apud

429 1140 621 1177 orientales
651 1146 780 1189 gentes
815 1142 992 1189 valuisse,
1020 1142 1077 1178 vix

430 1197 514 1243 erit,
545 1197 606 1245 qui
624 1201 752 1246 neget)
770 1198 872 1233 huius
886 1227 895 1244 ,
927 1198 1076 1247 inquam

428 1252 538 1288 moris
574 1252 642 1289 alia
676 1266 820 1302 quoque
851 1254 962 1290 multo
991 1258 1077 1304 post

428 1312 616 1345 occurrunt
634 1310 785 1358 vestigia
805 1310 859 1347 vel
878 1312 996 1360 potius
1018 1324 1075 1348 re-

427 1364 558 1413 liquiae
585 1365 620 1401 in
639 1364 910 1403 Atheniensium
931 1366 1076 1415 legisla-

426 1420 525 1458 tione
561 1421 784 1470 iudiciisque.
858 1423 943 1459 Fuit
979 1423 1074 1459 enim

427 1478 656 1513 constitutum
681 1478 930 1528 religioneque
955 1491 1075 1515 sacra-

426 1536 501 1569 tum
559 1534 846 1582 antiquissimum
908 1535 1074 1571 iudicium

426 1588 650 1638 Ephetarum
662 1589 725 1629 ἐπὶ
741 1591 965 1644 Παλλαδίῳ,
975 1591 1075 1639 quod

425 1648 572 1695 praeter
589 1645 657 1681 alia
676 1647 870 1695 inquireret
888 1647 925 1685 in
943 1648 1073 1684 caedes

425 1701 626 1737 inconsulto
659 1704 888 1749 commissas,
929 1707 1074 1740 auctore

426 1756 607 1794 Pausania
623 1757 657 1805 Ι,
678 1760 744 1805 28,
765 1762 801 1800 9.
861 1759 944 1802 Quo
964 1760 1000 1794 in
1021 1759 1073 1795 iu-

426 1813 520 1850 dicio
542 1827 580 1850 re
601 1814 822 1864 disceptata,
853 1828 951 1851 reum
965 1827 1072 1865 opor-

424 1869 492 1905 tuit
511 1882 577 1918 per
609 1882 741 1906 annum
764 1871 915 1908 Athenis
943 1872 1072 1908 abesse

425 1928 463 1961 et
491 1924 583 1961 intra
608 1925 677 1962 hoc
708 1930 851 1976 tempus
884 1927 930 1964 de
954 1927 1072 1964 reditu

423 1980 557 2031 pacisci
577 1993 657 2018 cum
677 1983 840 2030 cognatis
857 1983 947 2029 eius,
965 1995 1072 2031 quem

424 2036 626 2073 inconsulto
675 2038 914 2075 interfecerat.
990 2037 1071 2075 Nec

426 2093 502 2130 eius
533 2093 627 2129 bona
654 2094 837 2142 publicata
864 2087 967 2141 sunt,
1003 2107 1070 2131 nec

426 2150 463 2186 in
483 2149 563 2198 ipso
586 2149 708 2186 exsilio
731 2151 943 2200 propinquis
960 2151 1069 2187 inter-

425 2206 509 2242 secti
532 2205 627 2242 licuit
643 2206 802 2244 exsulem
818 2206 1069 2256 persequi‚qui

425 2261 486 2298 ubi
504 2274 598 2297 anno
618 2262 864 2312 praeterlapso
895 2276 971 2300 cum
1002 2261 1068 2297 illis

425 2322 553 2367 pactus
572 2323 688 2366 esset,
717 2320 867 2369 patebat
887 2320 918 2357 ei
934 2319 1069 2357 reditus

426 2373 463 2409 in
482 2374 631 2422 patriam
645 2404 655 2421 ,
694 2376 754 2412 ubi
775 2380 896 2413 tamen
915 2375 984 2426 ipsi
1004 2387 1069 2411 ne-

425 2442 528 2466 cesse
551 2435 627 2466 erat
643 2431 788 2481 expiari.
818 2433 925 2470 Conf.
946 2430 1064 2468 Schol.

425 2486 473 2522 ad
499 2485 626 2535 Eurip.
653 2487 843 2537 Hippolyt.
879 2488 945 2530 35.
990 2485 1067 2523 De—

425 2541 556 2577 mosth.
577 2555 644 2591 pro
668 2543 800 2581 Neaer.
829 2559 865 2594 p.
880 2543 1008 2588 1348,
1030 2542 1065 2578 5¹¹

426 2596 594 2634 Aristocr.
619 2612 657 2648 p.
681 2600 772 2640 643.
798 2603 876 2642 631
905 2600 1066 2646 aliosque

426 2657 463 2690 ct
482 2654 715 2692 recentiorum
732 2656 830 2693 locos
843 2686 854 2704 ‚
873 2656 1008 2705 quihac
1019 2656 1066 2693 de

425 2721 463 2745 re
498 2715 670 2758 egerunt,
708 2714 806 2762 apud
846 2713 1065 2750 Creuzerum

425 2765 461 2800 in
481 2766 643 2812 Symbol.
667 2767 698 2803 ll
718 2781 754 2817 p.
775 2768 857 2809 694
890 2773 964 2805 not.
984 2767 1064 2808 424

425 2825 461 2858 ct.
486 2834 523 2870 p.
548 2824 628 2863 692
652 2828 727 2860 not.
757 2824 849 2866 423.
906 2823 1065 2861 Voemcl.

423 2877 469 2914 de
502 2877 654 2916 Heliaea
696 2879 890 2927 (Francos.
930 2884 1037 2923 1822

1142 652 1180 689 p.
1203 637 1228 679 4
1249 642 1321 676 not.
1344 639 1379 678 1.
1418 636 1484 673 Est
1501 636 1611 685 digna
1628 637 1789 686 profecto

1143 708 1223 741 res,
1253 707 1347 744 quae
1382 694 1449 730 hoc
1473 693 1697 742 potissimum
1734 704 1790 729 re-

1142 756 1268 802 spectu
1298 751 1404 787 altius
1429 750 1620 798 indagetur
1649 761 1672 784 a
1706 747 1789 784 viris

1143 808 1269 844 doctis.
1327 807 1385 844 De
1414 805 1493 842 aliis
1526 804 1694 853 gentibus
1727 803 1788 839 iis-

1143 876 1213 913 que
1258 862 1472 900 nomadibus
1510 874 1577 912 per
1615 861 1789 898 orientem

1143 921 1299 968 δραι-εἰς,
1329 919 1427 968 apud
1445 930 1536 966 quos
1556 917 1642 953 inde
1659 917 1704 953 ab
1723 928 1787 952 an-

1142 975 1343 1023 tiquissimo
1371 986 1460 1011 aevo
1492 975 1694 1010 etiamnunc
1711 972 1788 1007 vin-

1144 1031 1239 1067 dicta
1255 1030 1442 1078 sanguinis
1469 1029 1563 1066 valet
1584 1029 1788 1076 caedesque

1143 1087 1335 1124 commissa
1359 1085 1413 1122 vel
1433 1085 1500 1121 hoc
1519 1083 1575 1122 vel
1593 1084 1652 1121 illo
1677 1085 1786 1120 modo

1142 1142 1273 1179 luenda
1293 1146 1372 1189 est,
1401 1154 1495 1178 nunc
1514 1153 1587 1177 non
1599 1151 1788 1188 quaera1n;

1143 1200 1280 1249 quippe
1299 1199 1445 1246 longum
1467 1201 1521 1235 est
1542 1201 1577 1234 et
1593 1195 1746 1233 alienum
1765 1207 1787 1232 a

1141 1260 1266 1292 nostro
1288 1255 1471 1299 institut03
1517 1253 1691 1290 maiorum
1719 1264 1787 1288 no-

1141 1316 1295 1348 strorum
1317 1310 1476 1348 meminit
1498 1310 1528 1347 C
1532 1322 1574 1356 r.‚
1591 1309 1637 1345 de
1656 1308 1786 1357 quibus

1140 1368 1190 1405 ita
1213 1367 1362 1404 Tacitus
1391 1367 1426 1402 in
1454 1366 1625 1403 German.
1659 1378 1689 1402 c.
1712 1365 1783 1404 21:

1141 1423 1350 1475 „suscipere
1386 1427 1460 1459 tam
1494 1420 1695 1458 inimicitias
1721 1431 1787 1456 seu

1141 1481 1254 1530 patris
1281 1493 1346 1517 seu
1371 1477 1589 1528 propinqui,
1622 1488 1731 1526 quam
1747 1487 1787 1512 a-

1140 1536 1291 1572 micitias
1330 1547 1480 1572 necesse
1520 1538 1591 1571 est.
1631 1545 1698 1570 nec
1721 1531 1786 1567 im-

1139 1591 1332 1642 placabiles
1362 1591 1510 1627 durant.
1540 1589 1646 1626 luitur
1671 1588 1787 1624 homi-

1140 1649 1270 1685 cidium
1288 1651 1384 1685 certo
1401 1650 1642 1684 armentorum
1659 1657 1702 1681 ac
1720 1656 1785 1693 pe—

1140 1704 1270 1740 cudum
1291 1716 1438 1741 numero
1465 1703 1662 1752 recipitque
1680 1700 1786 1736 satis-

1139 1760 1332 1797 factionem
1398 1759 1564 1796 universa
1619 1757 1784 1794 domus.“

1138 1815 1241 1853 Haec
1261 1816 1457 1852 satisfactio
1486 1814 1603 1851 medio
1625 1825 1713 1850 aevo
1730 1812 1785 1849 di-

1138 1872 1228 1909 citur
1250 1871 1436 1919 Werz'gelcl‚
1459 1867 1782 1919 l¹Veregeld,Wel1r-

1137 1928 1239 1976 gelth·
1275 1941 1316 1964 ac
1343 1927 1598 1976 comprobatur
1627 1924 1783 1962 Romani

1137 1984 1322 2034 scriptoris
1340 1984 1432 2021 fides
1458 1983 1610 2033 plurium
1632 1981 1784 2028 Germa-

1137 2041 1218 2077 niae
1235 2041 1395 2088 gentium
1427 2039 1597 2076 institutis
1615 2050 1658 2075 ac
1675 2037 1783 2074 mori-

1136 2097 1224 2144 bus,
1253 2109 1319 2133 nec
1338 2097 1385 2133 ad
1403 2096 1564 2132 homines
1584 2107 1709 2131 caesos
1723 2106 1783 2128 so-

1138 2152 1211 2189 lum
1228 2165 1350 2189 verum
1373 2152 1419 2187 ad
1445 2150 1610 2187 animalia
1637 2162 1783 2198 quoque

1136 2221 1262 2254 caesa,
1291 2207 1361 2244 alia
1378 2207 1559 2256 pertinuit.
1608 2205 1690 2242 Vid.
1717 2206 1782 2241 do-

1135 2264 1329 2300 ctissimum
1374 2262 1545 2300 Hessium
1585 2274 1702 2298 meum
1733 2261 1783 2297 ad

1135 2319 1171 2356 T
1174 2320 1253 2356 aciti
1290 2319 1311 2355 l.
1349 2318 1372 2354 l.
1440 2318 1621 2367 Singulari
1659 2317 1783 2365 modo,

1134 2381 1303 2413 monente
1327 2375 1390 2412 Cr.
1420 2374 1513 2412 hunc
1538 2386 1675 2411 morem
1703 2373 1781 2410 illu-

1133 2433 1277 2468 stravit:
1318 2431 1345 2467 l.
1371 2430 1530 2468 Giimm:
1570 2422 1671 2467 Uber
1699 2429 1780 2467 eine

1133 2488 1163 2524 ei
1169 2501 1260 2536 gene
1273 2486 1569 2536 altgermanische
1580 2486 1625 2523 W
1631 2486 1704 2523 eise
1714 2486 1780 2523 der

1131 2543 1355 2581 Mordsiihne
1385 2544 1422 2580 in
1450 2543 1640 2591 Saviguy’s
1679 2542 1780 2579 Zeit-

1133 2601 1256 2637 schrist
1293 2602 1352 2637 fiir
1389 2599 1594 2648 geschichtl.
1625 2598 1779 2636 Rechts-

1132 2656 1337 2694 wissensch.
1347 2656 1360 2692 Ι
1372 2669 1451 2693 nro.
1466 2655 1551 2692 xlv
1563 2656 1684 2705 p.323
1695 2667 1778 2703 sqq.

1133 2718 1169 2750 et
1190 2713 1235 2748 lll
1260 2726 1313 2750 nr.
1333 2713 1381 2749 Ill
1400 2712 1608 2759 „Literatnr
1626 2712 1691 2748 der
1709 2711 1776 2747 alt-

1130 2770 1346 2807 nordischen
1366 2769 1550 2806 Gesetze“
1562 2781 1598 2817 p.
1614 2769 1692 2808 119
1702 2779 1778 2815 seq·

1188 2824 1355 2863 ἐδέετο
1395 2821 1645 2874 κυρῆσαι]
1695 2822 1779 2859 Hoc

1133 2881 1260 2919 retinui
1277 2881 1559 2931 suffragantibus
1571 2879 1776 2917 melioribus
