1909 3228
646 231 861 271 CLIO.
918 232 945 270 Ι.

1339 235 1421 276 341

169 340 279 387 εἶναι
321 341 494 394 Ἰώνων,
553 337 676 386 οὗτοι
716 343 761 386 δὲ
801 341 854 385 οὐ
891 345 1100 398 γυναῖκας
1135 339 1350 399 ἠγάγοντο
1379 342 1422 394 ἐς

167 422 244 478 τὴν
273 420 496 478 ἀποικίην,
528 420 637 465 ἀλλὰ
669 424 856 476 Καείρας
885 422 1031 477 ἔσχον,
1060 424 1148 464 τῶν
1175 421 1422 478 ἐφόνευσαν

137 500 276 552 5τούς
304 502 468 557 γονέας.
515 500 586 545 διὰ
613 505 773 545 τοῦτον
801 501 846 545 δὲ
875 501 952 545 τόν
981 499 1122 556 φόνον
1151 502 1197 544 αἱ
1222 505 1424 557 γυναῖκες

166 576 314 633 αὗται,
343 580 483 637 νόμον
511 581 713 636 θέμεναι,
744 582 867 636 σφίσι
898 579 1055 636 αὐτῇσι
1084 579 1244 635 ὅρκους
1269 579 1417 636 ἐπήλα-
1433 585 1477 620 60

165 671 266 710 σαν,
296 661 370 704 καὶ
398 660 645 715 παρέδοσαν
671 663 770 716 τῇσι
797 658 1063 714 θυγατράσι,
1104 658 1162 716 μή
1191 675 1290 703 κοτε
1320 657 1423 715 ὁμο-

165 744 336 796 σιτῆσαι
363 743 476 782 τοῖσι
513 737 717 792 ἀνδράσι,
768 738 874 793 μηδὲ
915 737 1126 793 οὐνόματι
1166 741 1308 794 βῶσαι
1343 735 1423 781 τόν

163 819 327 876 ἑωυτῆς
356 817 519 872 ἄνδρα·
550 819 680 860 τοῦδε
711 819 878 868 εἵνεκα,
911 815 981 860 ὅτι
1010 817 1255 873 ἐφόνευσαν
1278 814 1424 872 σφέων

160 897 264 948 τούς
291 897 477 952 πατέρας
505 899 580 942 καὶ
623 896 790 951 ἄνδρας
818 897 892 939 καὶ
921 897 1102 950 παῖδας,
1138 897 1212 940 καὶ
1244 896 1424 948 ἔπειτεν,

132 980 301 1020 δ’ταῦτα
329 976 609 1034 ποιήσαντες,
641 974 797 1034 αὐτῇσι
826 976 1068 1019 συνοίκεον.
1122 978 1260 1018 ταῦτα
1289 975 1335 1018 δὲ
1368 969 1475 1030 ἧν65

40 1058 139 1104 147
161 1055 369 1113 γινόμενα
406 1057 452 1100 ἐν
488 1054 684 1114 -Μιλήτῳ,
742 1055 953 1106 Βασιλὲας
991 1055 1036 1098 δὲ
1076 1052 1335 1110 ἐστήσαντο,
1374 1054 1419 1097 οἱ

160 1135 241 1191 μὲν
271 1134 436 1188 αὐτῶν,
465 1137 679 1187 Λυκίους,
710 1132 793 1178 ἀπό
822 1133 1026 1178 Γλαύκου
1054 1136 1132 1178 τοῦ
1155 1132 1414 1190 Ἱππολόχου

158 1213 413 1272 γεγονότας’
446 1216 489 1259 οἱ
518 1215 586 1268 δὲ,
616 1212 860 1266 Καύκωνας
888 1214 1108 1268 Πυλίους,
1139 1210 1223 1258 ἀπὸ
1243 1213 1421 1269 Κόδρου

103 1422 240 1460 addere
276 1423 468 1473 putidum)
498 1421 613 1460 Henr.
644 1421 753 1460 Vale-

102 1478 194 1515 sium
213 1479 261 1516 ad
281 1479 450 1528 Excerpt.
474 1478 600 1527 Polyb.
623 1478 671 1516 T.
686 1478 753 1516 VII

101 1547 189 1585 pag.
211 1536 265 1575 90
285 1548 362 1585 seq.
384 1536 441 1573 ed.
460 1534 752 1584 Schweighaeus.

159 1585 271 1631 οὗτοι
292 1589 335 1630 δὲ
355 1587 404 1631 ου’
436 1595 626 1643 γυναῖκας
655 1587 751 1643 η’γά-

101 1661 218 1699 γοντο
238 1646 276 1694 ἐς
294 1644 369 1698 τὴν
388 1643 577 1698 ἀποικίην
594 1663 629 1687 κ.
649 1662 680 1686 τ.
701 1646 750 1698 λ.]

102 1704 143 1740 In
161 1703 280 1741 verbis
302 1699 412 1743 οὗτοι
437 1702 500 1752 δὲ,
530 1705 660 1754 quibus
690 1718 748 1742 re—

102 1764 274 1809 petuntur
306 1761 557 1798 antecedentia
588 1775 608 1800 o
632 1760 649 1798 ἲ
690 1758 750 1799 δὲ

104 1811 259 1863 αὐτῶν,
305 1829 412 1854 nemo
452 1816 562 1865 paulo
601 1816 751 1866 peritior

103 1872 236 1909 Graeci
255 1884 297 1909 ac
313 1872 537 1922 potissimum
549 1871 750 1909 Herodotei

102 1928 279 1966 sermonis
295 1928 470 1966 haerebit.
518 1927 625 1964 Cous.
644 1928 750 1964 Butt-

104 1997 227 2021 mann.
255 1984 292 2021 in
323 1984 475 2021 Excurs.
497 1983 568 2020 XII
592 1984 639 2020 ad
676 1983 752 2021 De·-

102 2041 280 2078 mosthen.
297 2039 447 2077 Midian.
465 2054 501 2090 p.
527 2040 619 2081 152.
645 2039 753 2076 Wer-

101 2098 168 2134 fer.
187 2097 225 2133 in
254 2096 349 2133 Actt.
374 2096 508 2146 philoll.
534 2096 699 2133 Monacc.
722 2095 752 2143 I,

105 2156 126 2194 1
150 2165 235 2203 pag.
255 2155 323 2193 97.
379 2152 422 2189 In
447 2152 653 2189 narratione
671 2152 752 2201 ipsa

103 2222 183 2246 cum
195 2209 386 2247 Herodoto
403 2221 552 2259 prorsus
572 2208 752 2245 consentit

103 2265 300 2302 Pausanias
329 2265 419 2312 Vll,
456 2269 482 2306 2
510 2263 546 2314 ἓ.
568 2266 606 2305 3.
643 2264 750 2301 Iones

103 2324 248 2369 narrat,
277 2322 425 2358 Caricas
442 2320 608 2358 mulieres
622 2350 633 2368 ‚
662 2332 752 2368 qua-

103 2390 182 2414 rum
210 2382 334 2427 patres
368 2378 587 2426 maritosque
617 2377 750 2414 intere*

104 2438 256 2480 merant,
266 2434 335 2470 sibi
342 2434 569 2471 matrimonio
580 2433 750 2470 iunxisse.

106 2488 205 2526 Nam
231 2489 364 2526 Carum
384 2491 452 2527 fuit
479 2494 595 2537 terra,
624 2490 661 2526 in
680 2501 752 2538 qua

105 2544 300 2583 considere
335 2546 594 2583 constituerant
631 2545 752 2593 lones,

105 2601 167 2638 ubi
191 2604 266 2637 tres
291 2606 420 2651 postea
445 2603 552 2638 urbes
579 2601 753 2638 condide-

105 2659 210 2704 runt,
227 2655 390 2694 Miletum
402 2688 411 2703 ,
432 2656 634 2705 muntem,
651 2657 754 2694 Prie-

103 2726 197 2760 nen,
226 2716 267 2749 ut
292 2713 372 2764 ipse
387 2712 525 2751 Noster
547 2718 671 2751 auctor
698 2716 755 2751 est

102 2769 142 2818 Ι,
166 2768 257 2810 142.

162 2821 306 2877 ὅρκους
331 2821 560 2876 ἐπήλασαν]
589 2826 612 2863 i.
630 2839 662 2864 e.
681 2827 755 2863 ius-

104 2881 292 2920 iurandum
319 2883 386 2920 sibi
404 2882 627 2921 adduxerunt
648 2896 678 2919 s.
698 2885 756 2921 iu-

819 1419 1008 1459 rez'urando
1027 1433 1062 1458 se
1082 1420 1349 1458 obstrinxerunt.
1390 1419 1473 1457 Vid.

819 1478 869 1515 VI
884 1508 894 1526 ,
916 1480 982 1519 62.
1012 1497 1067 1505 —
1092 1477 1133 1514 In
1156 1490 1261 1525 seqq·
1290 1477 1338 1513 de
1358 1477 1474 1512 forma

820 1535 948 1585 βῶσαι
970 1535 1064 1571 conf.
1085 1534 1133 1570 ad
1152 1533 1189 1581 I,
1220 1535 1274 1573 10
1295 1533 1401 1569 dicta.
1415 1552 1472 1560 —-

818 1591 861 1628 In
880 1591 953 1628 fine
978 1603 1057 1640 cap.
1082 1589 1291 1639 scripsimus
1321 1586 1470 1627 ἔπειτεν

817 1660 898 1685 cum
914 1646 1042 1684 Reizio
1073 1645 1258 1694 (Praefat.
1279 1645 1327 1682 ad
1350 1644 1471 1682 Hero·-

819 1705 894 1741 dot.
915 1717 951 1754 p.
971 1702 1078 1750 XVI)
1113 1701 1265 1751 aliisque
1281 1714 1349 1751 pro
1370 1701 1469 1749 vulg.

818 1759 903 1799 ἐπεί
925 1767 989 1809 τε,
1028 1759 1126 1797 cuius
1164 1758 1222 1796 hic
1257 1757 1375 1795 nullus
1415 1761 1471 1795 est

817 1816 928 1854 locus.

985 1898 1049 1936 Ca
1057 1911 1095 1949 p.
1125 1895 1309 1934 chvu.

874 1981 1066 2030 Λυκίους,
1094 1976 1172 2020 ἀπὸ
1187 1976 1375 2018 Γλαύκου
1395 1979 1469 2018 τοπῖνι

815 2033 1044 2088 Ἱππολόχου
1076 2031 1311 2089 γεγονότας]
1351 2035 1467 2072 Glau-

819 2108 880 2131 cus
898 2093 1117 2145 Hippolochi
1138 2092 1251 2139 filius,
1271 2091 1465 2140 Lyciorum

819 2152 891 2187 dux
917 2151 953 2187 in
980 2149 1076 2187 bello
1104 2148 1267 2186 Troiano
1290 2148 1465 2197 originem

820 2207 921 2243 duxit
951 2206 997 2243 ab
1031 2204 1146 2243 Aeolo
1183 2204 1345 2242 Hellenis
1373 2204 1466 2248 fili03

818 2275 841 2300 a
869 2276 941 2312 quo
966 2263 1095 2299 eodem
1121 2260 1366 2298 descendebat
1392 2259 1467 2296 Co-

819 2320 928 2365 drus,
962 2318 1137 2356 Melanthi
1163 2316 1267 2353 filius.
1330 2316 1466 2352 Videas

818 2374 988 2413 Larcher.
1007 2375 1055 2411 ad
1073 2373 1140 2411 h.l.
1159 2373 1217 2410 De
1230 2372 1369 2409 Glauco
1385 2371 1465 2408 Ho-

819 2445 938 2469 merus
957 2431 998 2468 11.
1020 2430 1089 2477 VI,
1111 2430 1190 2470 150
1209 2442 1312 2477 seqq.

877 2487 918 2527 οἷ
936 2485 991 2535 δὲ,
1017 2481 1238 2531 Καύκωνας
1260 2482 1462 2533 Πυλίους]

819 2544 1008 2581 Caucones
1023 2544 1078 2580 hic
1090 2542 1336 2590 intelliguntur
1350 2541 1386 2586 ii,
1404 2540 1466 2588 qui

818 2599 1101 2651 Lepraeatarum
1118 2602 1155 2635 et
1175 2596 1466 2648 Cyparissiorum

820 2660 954 2694 terram
1003 2658 1221 2705 occuparant
1269 2653 1466 2701 urbemque

820 2712 999 2750 Macisten
1025 2713 1064 2748 in
1096 2710 1131 2747 T
1134 2709 1322 2761 riphyiide.
1362 2708 1466 2751 Quos

820 2768 942 2817 Pylios
965 2769 1050 2805 dicit
1066 2766 1224 2813 Noster,
1245 2779 1317 2814 quo
1337 2764 1467 2801 distin-

822 2829 979 2874 guantur
994 2826 1039 2861 ab
1059 2824 1101 2860 iis
1123 2823 1372 2867 Caueonibus,
1403 2822 1464 2869 qui

823 2883 862 2918 in
897 2881 1004 2919 Elide
1027 2893 1143 2932 prope
1173 2879 1317 2928 Dymen
1343 2878 1465 2914 urbem

1475 1061 1556 1094 Quos
1587 1069 1674 1096 reges
1698 1060 1750 1087 ha-

1474 1095 1608 1129 buerint,
1645 1099 1675 1122 et
1701 1094 1750 1128 qui

1471 1128 1645 1155 numerandi
1693 1130 1752 1155 siut

1471 1161 1567 1189 lones.
