1909 3228
569 204 987 243 EUTERPE.
1034 204 1078 242 Il.

175 311 376 367 ’Ἀμασις,
424 314 653 368 μίσγεσθαι
683 312 765 357 οὐκ
807 310 898 365 οἷός
937 329 981 356 τε
1009 312 1194 368 ἐγένετο·

1354 205 1437 247 88Ἰ

1253 315 1349 368 τῇσι
1390 315 1436 357 δὲ

186 390 339 447 ἄλλῃσι
378 393 546 447 γυναιξὶ
587 394 752 448 ἐχρᾶτο.
810 393 900 436 ἐπεί
938 409 981 435 τε
1019 392 1065 435 δὲ
1103 389 1264 435 πολλὸν
1303 395 1434 435 τοῦτο

184 470 372 525 ἐγίνετο,
419 469 508 514 εἷπε
537 470 560 515 ὁ
590 470 767 527 ’Ἁμασις
795 471 906 527 πρὸς
944 472 1022 527 τὴν
1051 471 1244 526 Λαδίκην
1272 469 1489 527 ταύτην75

154 548 473 605 4καλεομένην·
532 545 615 602 ,,Ὧι
643 549 797 606 γύναι,
836 549 946 594 κατά
975 566 1026 604 με
1056 548 1327 605 ἐφάρμαξας,
1360 550 1433 593 καὶ

182 627 304 679 »ἔστι
333 644 402 671 τοι
431 626 611 683 οὐδεμία
637 628 803 684 μηχανή
832 629 889 686 μὴ
932 627 1015 672 οὐκ
1054 627 1324 672 ἀπολωλέναι
1352 627 1431 672 κά·
1491 640 1571 680 192

154 713 340 757 5,,κιστα
378 707 620 762 γυναικέων
658 707 871 750 πασέων.“

931 705 990 750 ‘H
1023 708 1068 751 δὲ
1107 709 1295 763 Λαδίκη,
1343 706 1434 750 ἐπεί

181 783 225 828 τέ
254 786 296 829 οἱ
326 783 565 842 ἀρνευμένῃ
595 783 725 828 ου’δὲν
755 786 915 841 ἐγίνετο
935 786 1176 842 πρηΰτερος
1197 785 1219 829 ὁ
1241 786 1432 842 Ἄμασις,

181 863 348 918 εὔχεται
382 864 428 907 ἐν
456 868 515 921 τῷ
544 863 633 921 νόῳ
670 869 721 921 τῇ
748 864 1002 922 Ἀφροδίτῃ,
1034 865 1089 921 ἤν
1110 867 1153 909 οἱ
1172 864 1232 909 ἐπ’
1263 865 1430 921 ἐκείνην
1444 873 1488 905 80

179 940 258 996 τήν
286 941 422 986 νύκτα
460 947 594 999 μιχθῇ
625 941 647 987 ὁ
675 943 876 999 Ἄμασις,
924 948 1055 988 τοῦτο
1091 943 1173 1000 γάρ
1213 945 1255 987 οἱ
1292 947 1432 987 κακοῦ

178 1018 290 1064 εἶναι
329 1025 482 1078 μῆχος,
530 1020 701 1077 ἄγαλμά
737 1024 781 1066 οἱ
819 1020 1091 1079 ἀποπέμψειν
1127 1022 1169 1073 ἐς
1208 1022 1432 1078 Κυρήνην.

151 1100 284 1155 6μετά
317 1101 363 1144 δὲ
402 1100 480 1158 τὴν
519 1100 647 1156 εὐχὴν
694 1099 849 1145 αὐτίκα
889 1104 932 1145 οἵ
981 1102 1132 1158 ἐμίχθη
1175 1099 1198 1145 ὁ
1230 1100 1432 1158 Ἄμασις·

177 1180 251 1222 καὶ
280 1178 329 1223 τὸ
359 1179 565 1223 ἐνθεῦτεν
596 1179 677 1236 ἤδη
708 1179 831 1224 ὁκότε
862 1181 985 1225 ἔλθοι
1013 1181 1121 1235 πρὸς
1151 1179 1309 1233 αὐτὴν,
1342 1180 1431 1236 ἐμί-

147 1265 325 1312 Ίσγετο·
354 1260 428 1301 καὶ
457 1257 596 1312 κάρτα
627 1276 702 1315 μιν
732 1261 895 1314 ἔστερξε
923 1259 1026 1315 μετὰ
1056 1262 1199 1302 τοῦτο.
1229 1257 1322 1314 ἡδὲ
1343 1263 1433 1302 Λα-

178 1338 274 1392 δίκη
305 1335 495 1380 ἀπέδωκε
524 1337 601 1393 τήν
630 1336 760 1393 εὐχήν
794 1343 847 1393 τῇ
886 1342 988 1395 θεῷ.
1048 1337 1318 1394 ποιησαμένη
1346 1336 1430 1393 γάρ
1444 1344 1487 1378 85

179 1415 349 1471 ἄγαλμα
387 1413 601 1470 ἀπέπεμψε
640 1416 682 1467 ἐς
711 1416 941 1472 Κυρήνην,
996 1416 1044 1459 τὸ
1076 1417 1138 1459 ἔτι
1174 1417 1247 1459 καὶ
1288 1417 1330 1467 ἐς
1361 1417 1432 1471 ἐμὲ

176 1489 231 1550 ἦν
261 1494 390 1545 σόον,
431 1493 508 1546 ἔξω
541 1494 833 1550 τετραμμένον
862 1499 940 1538 τοῦ
971 1495 1236 1551 Κυρηναίων
1265 1492 1429 1545 ἄστεος.

175 1664 331 1717 γυναιξὶ
363 1664 557 1717 ε’χροῖτο]
592 1667 675 1711 Qua
705 1678 767 1703 ea-

120 1723 203 1759 dem
227 1722 407 1759 locutione
433 1721 568 1759 Noster
589 1735 672 1759 usus
704 1722 768 1769 IV,

122 1779 222 1824 113,
262 1778 396 1815 indicat
424 1790 661 1825 congressum,
687 1791 767 1814 con-

119 1834 273 1871 cubitum
296 1834 362 1869 viri
386 1847 465 1870 cum
485 1835 628 1871 semina.
679 1833 767 1881 „Tu

118 1891 212 1928 conf.
234 1889 396 1926 Eustath.
419 1891 466 1927 ad
492 1891 625 1939 Odyss.
652 1889 685 1936 I,
717 1890 767 1930 13

118 1959 203 1997 pag.
225 1948 287 1989 10,
309 1946 362 1986 52
391 1947 449 1983 ed.
472 1946 608 1983 Basil.“
639 1945 702 1982 Cr.
722 1967 768 1972 —

117 2003 159 2039 In
178 2015 279 2051 seqq.
309 2001 490 2051 plerisque
515 2002 612 2039 libris
642 2005 768 2038 aucto-

117 2059 215 2096 ribus
236 2058 416 2095 omisimus
440 2059 461 2096 δ
473 2055 519 2108 ἠ,
551 2059 650 2108 quod
669 2058 765 2106 vulg.

116 2118 202 2166 post
222 2110 304 2152 εἶπε
324 2113 522 2162 legebatur.

175 2165 343 2221 ου’δεμία
360 2168 536 2222 μηχανή]
567 2171 704 2209 Confer
720 2170 766 2218 ΙΙ,

121 2229 212 2268 160.
243 2248 299 2254 —-
328 2227 368 2264 In
393 2241 496 2277 seqq.
517 2227 765 2264 Gaisfordium

120 2283 252 2330 secuti,
272 2282 439 2320 librorum
458 2288 678 2321 vetustorum
701 2296 767 2320 au-

116 2339 283 2376 ctoritate
301 2339 507 2377 refinximus
532 2339 676 2391 ἐγίνετο
699 2353 766 2390 pro

118 2395 216 2443 vulg.
233 2392 380 2445 ἐγένετο
401 2400 436 2432 et
467 2395 507 2435 ἐν
529 2398 584 2449 τῷ
603 2392 681 2449 νόῳ
700 2409 766 2446 pro

118 2450 212 2500 vulg.
236 2449 278 2489 ἐν
299 2453 349 2504 τῇ
367 2454 466 2505 νηῷ,
487 2453 586 2502 quod
608 2452 766 2501 glossam

121 2519 248 2557 sapere
272 2507 427 2544 videtur.

175 2557 240 2601 ἐπ’
283 2561 438 2613 ἐκείνην
494 2560 566 2614 τήν
615 2559 763 2613 νύκτα]

120 2618 333 2656 Schaeferus
361 2631 405 2655 ex
437 2621 639 2657 coniectura
659 2633 767 2669 repo-

121 2675 191 2710 suit
223 2670 306 2712 v‘n'
334 2673 488 2725 ἐκείνην
525 2673 597 2725 τὴν
627 2672 764 2723 νύκτα,

121 2742 276 2778 eumque
307 2733 419 2768 secuti
452 2736 537 2768 sunt
564 2732 765 2780 Schweigh.

120 2784 157 2823 et
175 2786 291 2822 Gaisf.
339 2786 429 2823 Mihi
453 2800 538 2825 vero
557 2787 654 2824 nulla
672 2789 767 2825 iusta

121 2842 284 2879 mutandi
302 2855 407 2881 causa
428 2849 590 2895 apparet.
648 2844 768 2894 Supra

835 1666 872 1712 Ι,
892 1667 947 1707 32
975 1667 1153 1704 invenitur
1182 1662 1249 1706 ἐπ’
1273 1662 1487 1717 ἡμέρην,

835 1722 905 1759 alia
930 1723 976 1759 de
1010 1723 1279 1773 praepositione
1306 1719 1370 1760 ἐπὶ
1397 1725 1488 1758 tem-

835 1791 903 1828 pus
927 1778 1110 1815 indicante
1123 1807 1133 1825 ,
1163 1779 1223 1815 ubi
1242 1782 1408 1827 quartum
1424 1790 1487 1814 ca-

836 1847 913 1871 sum
943 1835 1151 1870 adiunctum
1185 1834 1316 1880 habet,
1346 1833 1488 1869 notavi-

834 1903 914 1927 mus
934 1891 982 1927 ad
998 1889 1052 1938 ΙΙ,
1073 1893 1163 1932 119.
1195 1891 1302 1927 Conf.
1325 1889 1371 1937 ΙΙ,
1393 1889 1485 1930 133.

838 1946 929 1986 175.

891 2004 1005 2041 τοῦτο
1040 1997 1113 2054 γάρ
1150 2000 1191 2040 οἵ
1216 2002 1345 2040 κακοῦ
1383 1996 1486 2039 εἶναι

835 2074 861 2108 μ
874 2060 901 2108 ῆ
913 2073 932 2108 χ
946 2073 964 2097 0
978 2057 1020 2108 ς]
1052 2061 1176 2109 μῆχος
1195 2057 1378 2094 remedium
1389 2085 1400 2104 ,
1429 2056 1484 2106 ef-

828 2114 977 2165 fugium
999 2115 1223 2151 illustrarunt
1245 2113 1410 2160 Aeschyli
1430 2113 1484 2148 iu-

834 2175 997 2221 terprett.
1018 2172 1066 2208 ad
1088 2170 1302 2219 Agamemn.
1326 2173 1362 2210 2.
1393 2168 1486 2204 Pro-

832 2227 941 2264 meth.
967 2227 1070 2275 605,
1122 2227 1183 2264 ubi
1216 2227 1292 2263 vid.
1322 2224 1483 2261 Elmsleii

832 2285 962 2320 review
986 2285 1028 2320 of
1054 2282 1267 2321 Bloinfields
1298 2280 1483 2319 Prometh.

833 2353 868 2390 p.
892 2342 970 2380 187
999 2341 1056 2377 ed.
1076 2339 1179 2389 Lips.

888 2394 956 2434 καὶ
977 2394 1016 2441 ἐς
1040 2393 1122 2446 ἐμὲ
1150 2389 1220 2445 ἦν’
1238 2388 1368 2438 σόον]
1398 2391 1481 2428 Vid.

834 2464 942 2501 supra
961 2452 995 2498 l,
1018 2455 1093 2498 66,
1125 2452 1187 2488 ubi
1209 2452 1346 2488 σῶαι.
1381 2448 1482 2484 Con-

832 2510 904 2545 fert
922 2508 1139 2556 Wesseling.
1169 2506 1216 2553 V,
1237 2508 1301 2547 96.
1331 2504 1395 2550 VI,
1416 2505 1481 2544 86.

832 2563 937 2610 Vlll,
979 2566 1044 2605 39.
1113 2564 1237 2607 Quare
1282 2561 1481 2605 reiecimus,

833 2620 932 2668 quod
979 2620 1036 2656 hic
1072 2620 1108 2655 in
1147 2617 1326 2656 nonnullis
1367 2619 1484 2653 exstet

835 2677 970 2714 σῶον.
999 2696 1055 2702 -
1084 2674 1141 2711 Ad
1169 2669 1417 2723 ποιησαμένη
1443 2672 1481 2707 in

832 2732 994 2781 proxime
1014 2730 1308 2779 antecedd.cons.
1327 2729 1373 2775 ΙΙ,
1389 2730 1478 2768 127.

892 2787 964 2834 ἔξω
981 2785 1243 2838 τετραμμένον
1262 2787 1335 2824 τοῦ
1347 2787 1480 2835 Κυρη-

835 2843 960 2883 ναίων
987 2840 1136 2894 amos]
1157 2843 1360 2892 „Statuam
1376 2845 1481 2878 nota-
