1909 3228
97 525 197 570 124

608 170 1126 210 EUTERPE.11.

1401 171 1485 211 767

221 286 281 338 τῷ
312 281 427 340 λόγῳ
458 283 537 326 εἶσὶ
568 284 610 326 οἳ
632 280 850 338 Ἑλλήνων
880 279 1137 336 ἐχρήσαντο,
1168 279 1211 322 οἷ
1239 277 1341 333 μὲν,
1371 277 1481 333 πρό-

220 379 370 416 τερον,
402 364 446 406 οἱ
476 364 543 413 δὲ,
572 363 781 417 ὕστερον,
817 359 874 411 ὦς
905 361 1000 417 ἰδίῳ
1033 358 1205 402 ἑωυτῶν
1228 356 1362 402 ἐόντι·
1392 360 1483 400 τῶν

221 441 303 498 ἐγώ
335 443 458 493 εἰδώς
487 443 538 486 τὰ
570 442 815 497 οὐνόματα,
857 439 910 484 οὐ
940 437 1109 495 γράφω.

161 797 321 847 pluribus
340 796 599 833 declaravimus
618 796 666 832 ad
683 795 738 841 II,
761 797 814 836 67

161 852 239 889 coll.
264 852 329 893 65.

216 905 342 959 τούτῳ
362 909 417 961 τῷ
436 901 538 960 λόγῳ
563 905 638 945 εἰσὶ
669 906 708 944 οἳ
733 904 814 944 Ἑλ-

159 959 291 1013 λήνων
311 980 343 1002 κ.
368 979 397 1002 τ.
419 962 467 1012 λ.]
503 964 610 1001 Cons.
633 976 728 1011 quae
753 976 813 1000 su-

158 1033 225 1072 pra
249 1021 297 1057 ad
332 1021 474 1057 initium
495 1034 570 1070 cap.
602 1019 709 1057 allata
729 1023 813 1056 sunt

159 1078 206 1114 de
227 1078 378 1114 Graecis
408 1077 499 1114 hanc
526 1076 725 1114 doctrinam
744 1076 811 1112 sibi

158 1134 439 1171 assumentibus.
511 1133 586 1170 Iam
634 1133 812 1169 addamus

160 1203 225 1236 ea,
255 1203 349 1239 quae
369 1191 497 1227 Creuz.
517 1189 639 1226 attulit
657 1190 693 1225 in
715 1202 812 1225 com-

158 1251 270 1284 ment.
291 1247 380 1284 Her.
409 1259 445 1296 p.
466 1249 543 1287 168
568 1258 666 1294 seq.:
698 1245 812 1291 „Iam

157 1307 198 1339 ut
240 1316 301 1340 eos
349 1303 513 1339 omittam
554 1303 617 1351 qui
648 1304 750 1350 prius
791 1315 812 1339 e

157 1359 309 1395 Graecis
336 1359 403 1395 hoc
430 1360 614 1395 decretum
642 1371 709 1407 pro
744 1371 810 1394 suo

154 1415 365 1451 venditasse
392 1415 560 1451 dicuntur
593 1416 709 1462 (quos
739 1427 809 1462 ego

157 1471 328 1520 Orphz'cos
348 1484 425 1507 esse
442 1471 636 1518 arbitrer):
667 1470 729 1518 qui
742 1483 809 1520 po-

154 1530 280 1564 sterius
296 1528 393 1564 idem
418 1529 603 1564 factitasse
628 1527 809 1573 dicuntur,

154 1597 238 1631 eos,
278 1597 358 1621 cum
393 1584 508 1633 probe
539 1584 659 1629 sciat,
698 1588 807 1620 notos

153 1642 273 1679 facere
300 1641 371 1676 suis
403 1640 595 1677 lectoribus
626 1652 700 1676 non
729 1639 808 1676 vult

153 1697 376 1734 Herodotus.
436 1696 548 1732 Cuius
568 1696 700 1732 silentii
725 1696 808 1732 ido-

154 1765 223 1790 nea
240 1756 395 1803 apparet
415 1753 521 1788 ratio.
569 1752 680 1788 Haud
697 1752 806 1789 dubie

155 1810 251 1846 enim
277 1822 400 1845 verum
423 1809 515 1844 vidit
542 1807 806 1856 lVesselingius

154 1866 201 1901 ad
226 1865 259 1901 h.
277 1865 322 1909 l.,
366 1877 445 1900 cum
474 1863 702 1914 Pherecydem
733 1864 806 1914 Sy-

152 1924 243 1958 rium
270 1926 308 1958 et
337 1919 579 1970 Pythagoram
611 1920 806 1969 significari

153 1978 248 2014 dicit.
307 1978 411 2014 Conf.
446 1978 567 2013 Sturz.
596 1978 644 2013 ad
670 1976 806 2014 Phere-

152 2035 233 2083 cyd.
262 2035 392 2081 fragm.
413 2046 499 2083 pag.
518 2034 708 2074 11—-15,
752 2032 806 2070 Ac

150 2090 372 2138 Pherecydis
421 2103 528 2138 quam
583 2089 804 2126 celebratum

151 2159 285 2183 nomen
320 2147 429 2183 fuerit
459 2146 557 2195 apud
583 2146 676 2183 cives
703 2151 804 2183 exte-

150 2215 307 2252 rosque,
333 2215 441 2240 nemo
458 2203 625 2250 ignorat,
654 2202 723 2238 nisi
741 2203 802 2251 qui

148 2258 398 2308 philosophiae
430 2258 616 2295 historiam
645 2259 802 2307 ignoret.

150 2315 384 2363 Pythagorae
411 2320 530 2352 autem
553 2328 687 2352 nomen
708 2314 802 2351 mul-

150 2375 189 2407 to
211 2372 322 2408 etiam
341 2370 564 2408 celebratius.
623 2371 699 2407 Iam
722 2371 800 2408 He-

150 2428 318 2473 rodotus,
350 2431 391 2464 ut
416 2427 477 2475 qui
496 2427 682 2464 historiam
699 2440 801 2464 suam

150 2483 342 2520 conficeret
367 2484 404 2520 in
429 2483 569 2532 Magna
596 2483 654 2519 illa
685 2483 802 2522 Grae-

149 2540 227 2586 cia,
265 2551 373 2588 quam
411 2543 528 2576 totam
557 2540 705 2576 tenebat
725 2539 801 2589 Py-

148 2595 324 2643 thagorae
358 2594 702 2644 Pythagoreumque
736 2608 802 2632 au-

147 2652 318 2697 ctoritas,
349 2652 491 2688 nonnisi
511 2656 606 2689 tecte
630 2664 672 2688 ac
700 2651 798 2688 clan-

147 2707 264 2744 culum
277 2708 469 2756 designare
480 2711 628 2757 poterat
646 2720 706 2744 eos
716 2707 798 2757 phi-

146 2763 330 2814 losophos,
359 2777 451 2813 quos
469 2764 606 2801 sciebat
621 2776 798 2812 arrogan-

147 2821 219 2857 tius
243 2821 399 2859 iactasse
426 2833 466 2858 se
494 2824 659 2858 auctores
689 2821 798 2857 disci-

336 522 481 577 ΛΙέχρι
511 522 590 577 μέν
629 538 712 565 νυν
744 518 1026 575 Ῥαμψινίτου
1057 517 1256 575 βασιλέος
1294 515 1406 561 εἶναι
1435 517 1481 560 ἓν

220 602 427 659 Αἰγύπτῳ
468 606 612 645 πᾶσαν
661 600 868 656 εὐνομίην
914 599 1088 654 ἔλεγον,
1146 598 1218 640 καὶ
1258 594 1483 654 εὐθηνέειν

882 792 1086 842 plimrum,
1130 805 1220 841 quas
1260 793 1305 829 ab
1346 791 1538 843 Aegyptiis

884 850 1086 886 hauserant.
1134 849 1266 898 Neque
1284 850 1363 898 ipse
1384 852 1537 887 sortasse

883 905 1056 942 historiae
1072 909 1178 955 pater
1199 907 1378 953 derogare
1391 905 1536 942 volebat

881 961 1020 1010 gloriae
1048 963 1123 999 eius
1152 962 1238 1007 viri,
1278 963 1340 1010 qui
1372 963 1437 998 sua
1465 963 1536 998 vir—

880 1023 961 1055 tute
980 1019 1201 1067 ingenioque
1222 1031 1264 1055 ac
1290 1019 1428 1055 meritis
1451 1022 1535 1054 tan-

879 1079 1008 1124 topere
1026 1074 1242 1112 inclaruerat
1258 1075 1357 1125 apud
1373 1075 1534 1111 Graecos

879 1131 1136 1180 barbarosque.
1204 1132 1314 1175 Quod
1349 1144 1435 1168 vero
1465 1131 1534 1167 do·-

880 1188 1030 1224 ctrinam
1059 1187 1155 1224 illam
1175 1188 1532 1237 metempsychoseos

880 1248 1056 1292 tanquam
1089 1257 1191 1281 suam
1230 1245 1420 1281 tradidisse
1451 1257 1535 1281 eos-

881 1300 964 1337 dem
983 1301 1069 1337 dicit
1089 1300 1244 1337 Noster:
1275 1313 1408 1349 magno
1421 1313 1532 1348 argu-

878 1361 1001 1393 mento
1037 1361 1118 1402 est,
1147 1370 1209 1394 eos
1236 1370 1309 1393 non
1336 1358 1463 1393 rudem
1489 1356 1532 1392 il-

876 1411 947 1448 lam
965 1413 1142 1449 duntaxat
1160 1425 1201 1450 ac
1222 1413 1407 1461 vulgarem
1425 1413 1533 1449 disci-

876 1468 1012 1518 plinam
1042 1470 1213 1506 sumsisse
1245 1469 1291 1505 ab
1322 1468 1530 1518 Aegyptiis,

875 1536 1000 1561 verum
1023 1525 1209 1563 cultiorem
1231 1525 1390 1574 aliquam
1409 1525 1532 1562 erudi-

874 1581 1090 1630 tioremque.
1156 1581 1385 1631 Pythagoras
1432 1585 1532 1619 certe

874 1637 962 1674 nihil
975 1639 1043 1675 nisi
1058 1638 1166 1676 valde
1186 1639 1333 1675 doctum
1345 1638 1530 1675 limatum-

874 1706 946 1742 que
961 1708 1028 1743 pro
1050 1708 1114 1731 suo
1134 1699 1279 1744 poterat
1306 1696 1343 1731 in
1369 1695 1528 1731 medium

873 1751 1047 1800 proferre.
1122 1750 1255 1799 Arguit
1296 1755 1417 1797 aetas,
1457 1763 1529 1799 qua

872 1806 1031 1843 scholam
1048 1808 1212 1855 aperuit3
1249 1807 1369 1855 arguit
1386 1807 1530 1855 ingeni-

873 1876 934 1899 um
963 1862 1116 1899 hominis
1146 1863 1291 1900 aliunde
1319 1864 1527 1911 cognitum3

873 1919 995 1967 arguit
1013 1919 1091 1968 ipse
1108 1919 1320 1956 Herodotus
1338 1933 1446 1968 quem
1467 1933 1527 1956 su-

871 1988 938 2025 pra
975 1976 1162 2023 attigimus
1202 1976 1394 2024 (II,49).
1452 1976 1527 2013 Ubi

873 2044 982 2080 quum
1014 2032 1164 2080 Orphici
1203 2033 1310 2069 etiam
1352 2032 1526 2081 grandius

872 2100 914 2124 ac
936 2087 1119 2124 sublimius
1141 2088 1338 2138 explicasse
1357 2090 1526 2125 dicuntur

870 2156 927 2181 res
955 2144 1157 2191 Osifflacas,
1191 2146 1253 2194 qui
1282 2146 1431 2182 tandem
1456 2145 1525 2181 hu-

870 2199 967 2237 milia
996 2213 1037 2237 ac
1063 2201 1226 2249 vulgaria
1253 2201 1361 2238 tribui
1380 2202 1524 2251 possint

869 2258 917 2294 ab
948 2258 1077 2294 eodem
1109 2258 1286 2307 scriptore
1321 2257 1522 2305 Pherecydi

869 2315 1035 2361 adeoque
1045 2314 1277 2362 Pythagorae
1288 2312 1393 2349 ?“—
1401 2313 1524 2360 „Plze-

867 2369 1005 2418 recycles
1018 2369 1050 2406 S
1049 2372 1149 2418 yrias
1158 2370 1281 2406 floruit
1297 2370 1363 2407 sub
1373 2370 1521 2420 Olymp.

868 2425 978 2471 le3
1010 2425 1237 2476 Pythagoras
1257 2431 1400 2473 autem,
1428 2426 1522 2463 Lar—

868 2483 976 2520 chero
1005 2483 1150 2531 quidem
1177 2482 1416 2533 probabiliter
1434 2496 1520 2519 con-

868 2539 1058 2584 firmante,
1090 2543 1196 2576 natus
1217 2539 1364 2588 Olymp.
1383 2538 1519 2586 XLIII,

872 2597 918 2643 13
944 2599 1105 2632 mortuus
1126 2595 1273 2646 Olymp.
1292 2594 1444 2644 LXVII,
1456 2597 1523 2636 3.“

1041 2679 1149 2730 Cap.
1181 2678 1352 2717 CXXIV.

922 2761 988 2801 καὶ
1019 2777 1035 2802 ε
1046 2758 1072 2802 ὕ
1083 2766 1113 2801 θ
1125 2779 1148 2813 η
1162 2778 1185 2802 ν
1196 2761 1213 2801 ἑ
1225 2777 1240 2801 ε
1251 2778 1298 2802 ιν
1313 2762 1519 2815 Αἴγυπτον

865 2816 1055 2872 μεγάλως]
1086 2820 1146 2858 Ad
1172 2820 1321 2858 verbum
1350 2816 1517 2872 εὐθηνέ-

1540 519 1668 555 Chcops,
1688 521 1724 547 ab
1743 530 1812 549 ann.

1537 554 1602 580 1182
1620 555 1658 581 ad
1678 556 1815 585 lmzim-

1539 587 1604 619 pius
1640 592 1669 614 vt
1704 588 1813 615 durus:

1536 621 1727 649 itinerarium
1762 631 1814 657 ag-
