1909 3228
716 193 932 234 CLlO.
990 194 1017 232 Ι.

1403 198 1484 237 471

229 295 350 355 εὗρε,
397 300 583 357 ἐναπῆκε
621 299 759 346 αὐτοῦ
795 302 873 358 τήν
913 302 1107 359 κεφαλὴν
1144 301 1189 354 ἐς
1216 300 1295 347 τόν
1323 301 1482 348 ἀσκόν·

226 380 524 436 λυμαινομένη
556 380 601 424 δὲ
631 385 693 437 τῷ
721 385 880 437 νεκρῷ,
912 381 1078 437 ἐπέλεγε
1107 378 1227 425 τάδε’
1267 381 1376 433 »Σὺ
1402 383 1483 438 μὲν

224 490 248 510 ,,
263 458 334 514 ἐμὲ
365 458 562 510 ζώουσάν
592 477 635 503 τε
665 461 737 503 καὶ
776 461 969 504 νικῶσάν
1009 474 1055 505 σε
1092 459 1207 517 μάχῃ
1244 458 1479 513 ἀπώλεσας,

225 540 397 588 ,,παῖδα
426 537 503 581 τὸν
534 538 639 593 ἐμόν
677 538 788 582 ἑλών
817 538 951 597 δόλῳ·
993 540 1038 584 σὲ
1068 539 1110 583 δ’
1143 537 1250 595 ἐγώ,
1288 538 1476 596 κατάπερ
1489 548 1534 584 75

223 614 486 673 ,,ήπείλησα,
548 620 729 674 αἵματος
769 617 977 672 κορέσω.“
1039 618 1102 661 To}
1140 618 1218 675 μὲν
1266 618 1319 674 δὴ
1367 619 1477 663 κατὰ

220 694 300 750 τὴν
329 695 483 750 Κύρου
522 697 722 752 τελευτὴν
755 701 834 740 τοῦ
873 698 996 752 βίου,
1035 701 1209 741 πολλῶν
1238 695 1381 753 λόγων
1411 703 1475 742 λε-

219 773 436 829 γομένων,
463 774 536 818 ὅδε
564 792 639 830 μοι
669 775 693 818 ὁ
723 775 1026 827 πιθανώτατος
1054 777 1228 832 εἴρηται.

215 925 372 963 πολλῶν
410 918 537 975 λόγων
575 922 808 976 λεγομένων,

159 972 224 1017 όδε
253 994 320 1029 μοι
346 978 367 1020 ὅ
397 975 676 1027 πιθανωτατος
706 981 809 1032 εἴρη-

158 1033 243 1084 ται]
273 1036 428 1074 Exstant
445 1037 568 1086 utique
586 1037 706 1087 plures
727 1051 809 1075 nar-

156 1091 315 1129 rationes
344 1094 390 1130 de
416 1093 504 1141 Cyri
532 1099 664 1139 morte3
700 1108 807 1143 quem

157 1147 278 1195 quiete
297 1149 334 1185 in
355 1149 448 1186 lectu
465 1150 665 1187 decessisse
684 1150 809 1188 Xeno-

155 1203 254 1252 phon
273 1205 412 1252 scribit,
445 1206 587 1243 Ctesias
618 1207 655 1242 in
680 1207 806 1243 castris

155 1272 176 1296 e
194 1260 340 1298 vulnere
367 1262 525 1298 saucium
561 1266 684 1299 narrat
708 1276 806 1299 mor-

152 1319 274 1364 tuum,
305 1316 488 1354 Diodorus
508 1318 544 1354 in
565 1318 640 1355 acie
660 1323 803 1368 captum

151 1372 319 1421 crucique
335 1374 505 1420 affixum,
533 1378 569 1411 et
591 1374 640 1410 sic
660 1374 717 1410 alii
739 1374 804 1410 ali-

151 1430 225 1475 ter,
255 1441 347 1476 quos
364 1434 529 1466 recenset
546 1430 632 1466 Bos.
655 1431 802 1466 adCor—

150 1483 219 1521 nel.
250 1483 387 1535 Nepot.
424 1486 471 1522 de
507 1499 610 1534 regg.
642 1486 654 1522 Ι
693 1484 728 1535 §.
751 1490 799 1533 2,

149 1540 234 1577 add.
256 1553 326 1578 van
346 1542 523 1579 Staveren
541 1544 588 1579 ad
610 1543 716 1580 eund.
729 1541 795 1579 loc.

106 1631 109 1634 .
149 1595 198 1633 Et
219 1597 340 1647 plures
368 1598 502 1646 fuisse,
543 1600 604 1648 qui
635 1599 682 1636 de
711 1599 798 1647 Cyri

151 1653 244 1689 bello
264 1654 438 1691 adversus
449 1654 679 1704 Massagetas
699 1659 797 1692 retu-

146 1708 273 1757 lerint,
314 1711 446 1747 Strabo
483 1725 630 1760 quoque
662 1715 796 1758 narrat,

146 1777 300 1812 quorum
325 1779 542 1815 quemquam
560 1780 645 1804 vera
664 1780 797 1815 usque-

148 1833 291 1869 quaque
319 1823 527 1870 prodidisse
557 1824 653 1860 idem
675 1826 797 1871 negat.

146 1875 268 1925 Atque
308 1882 460 1925 augetur
507 1878 699 1915 difficultas
739 1891 796 1925 eo,

147 1933 247 1981 quod
276 1932 448 1970 Arrianus
492 1934 658 1983 (Exped.
693 1933 796 1971 Alex.

146 1988 217 2035 Vl,
237 1991 310 2037 29)
342 1994 378 2027 et
394 1990 526 2026 Strabo
550 1990 639 2037 (XV
658 2003 694 2039 p.
713 1991 796 2030 730

147 2058 174 2081 S·
195 2058 231 2095 p-
255 2048 382 2092 1062)
413 2046 499 2094 Cyri
522 2050 795 2083 monumentum

144 2100 368 2149 Pasargadis
382 2106 584 2139 memorant
608 2102 795 2152 ipsiusque

145 2157 232 2206 Cyri
264 2158 417 2195 cadaver
443 2158 542 2195 laute
572 2162 682 2206 atque
711 2158 794 2208 opi-

143 2226 233 2263 pare
257 2214 462 2261 conditum,
490 2214 686 2252 Alexandri
712 2214 796 2250 Ma-

145 2270 207 2318 gni
227 2274 347 2307 aetate
366 2271 403 2307 in
431 2283 475 2308 eo
501 2271 685 2308 inventum
711 2282 794 2306 nar-

144 2330 235 2363 rant.
293 2326 393 2370 Quid
423 2327 590 2376 equidem
628 2327 793 2372 sentiam,

145 2382 193 2417 ad
211 2381 368 2420 *Ctesiae
399 2384 567 2431 fragmm.
597 2395 683 2432 pag.
712 2384 789 2422 111

146 2436 334 2476 declaravi.
398 2439 520 2487 Magis
551 2439 646 2477 enim
673 2438 792 2489 placet

145 2491 318 2530 Ctesiana
346 2496 525 2541 narratio,
554 2499 682 2544 utpote
708 2495 794 2531 sim-

142 2547 290 2597 plicior,
334 2563 400 2587 nec
428 2550 557 2587 fabulis
584 2549 656 2587 ullo
682 2551 793 2587 modo

146 2608 274 2640 ornata
301 2610 363 2642 aut
386 2611 616 2654 exaggerata.
672 2606 793 2644 Hero-

146 2660 273 2696 dotum
301 2662 513 2699 crediderim
536 2674 615 2699 eam
637 2662 792 2711 elegisse

145 2717 387 2754 narrationem
404 2746 415 2764 ,
451 2729 545 2766 quae
569 2718 684 2766 magis
715 2723 792 2756 erat

145 2773 369 2810 conformata
390 2774 439 2809 ad
468 2773 689 2811 Graecorum
713 2775 791 2811 ani-

145 2841 248 2878 mos,
283 2831 412 2879 quibus
444 2830 480 2867 in
506 2834 582 2868 tam
610 2830 718 2868 foedo
749 2842 792 2868 ac

877 926 973 975 turpi
1001 925 1097 975 regis
1135 926 1263 963 summi
1310 927 1406 964 exitu
1442 931 1527 966 ante

877 982 999 1019 oculos
1027 986 1250 1032 ponerentur
1278 982 1373 1020 vitae
1399 982 1527 1021 huma-

876 1051 946 1075 nae
961 1038 1223 1076 vicissitudines
1240 1037 1414 1087 simulque
1427 1039 1528 1090 ipsa-

875 1107 954 1130 rum
984 1108 1102 1132 rerum
1128 1094 1362 1131 humanarum
1385 1095 1525 1144 fragili-

875 1154 932 1187 tas
953 1155 1062 1200 atque
1082 1150 1269 1188 infirmitas
1283 1179 1294 1198 ,
1314 1151 1349 1187 in
1367 1151 1409 1187 iis
1429 1152 1522 1189 adeo

874 1207 1088 1256 conspicua,
1148 1219 1240 1255 quos
1278 1220 1435 1243 summos
1480 1220 1523 1246 ac

872 1263 1025 1300 maxime
1038 1267 1266 1313 praestantes
1286 1263 1432 1312 reliquis
1444 1263 1521 1299 vul-

872 1331 920 1366 go
955 1331 1153 1356 censemus
1227 1318 1330 1357 Haec
1361 1319 1519 1356 narratio

869 1386 985 1422 aeque
1011 1375 1179 1423 congruit
1206 1387 1285 1412 cum
1311 1375 1382 1412 fine
1409 1379 1519 1424 atque

869 1431 1016 1466 consilio
1048 1430 1252 1480 scriptoris,
1303 1431 1362 1478 qui
1404 1431 1517 1468 simile

867 1485 1045 1524 humanae
1077 1486 1278 1534 fragilitatis
1317 1486 1516 1536 exemplum

866 1543 903 1579 in
925 1542 1054 1580 Croesi
1082 1543 1165 1579 fatis
1198 1544 1269 1579 iam
1299 1554 1409 1592 supra
1430 1555 1516 1593 pro-

863 1603 1056 1649 posuerat,
1085 1598 1235 1637 alterum
1261 1599 1423 1636 eiusdem
1449 1612 1516 1647 ge-

864 1656 961 1692 neris
984 1656 1151 1704 adeoque
1171 1655 1324 1692 atrocius
1336 1667 1430 1691 nunc
1447 1655 1513 1693 ad-

863 1712 1022 1759 diturus,
1038 1725 1110 1761 quo
1128 1712 1176 1748 ad
1194 1711 1385 1748 vindictam
1404 1723 1512 1759 quam

864 1767 1029 1817 perhibet
1082 1768 1239 1805 divinam
1285 1766 1513 1804 attenderent

864 1823 1026 1860 homines
1050 1824 1196 1872 suisque
1215 1822 1346 1859 finibus
1382 1835 1421 1858 se
1456 1826 1512 1858 te·-

864 1883 991 1915 nerent
1012 1879 1192 1925 modesti,
1214 1877 1264 1914 nil
1284 1877 1429 1914 ulterius
1445 1877 1511 1913 ad-

863 1938 1042 1984 petentes.
1100 1934 1132 1971 A
1172 1947 1244 1982 quo
1287 1945 1363 1969 non
1405 1932 1510 1970 valde

864 1990 1018 2026 discedit
1043 1990 1217 2027 Osiandri
1242 2001 1275 2025 v.
1304 1989 1341 2025 d.
1364 1993 1510 2026 senten-

862 2046 931 2092 tia,
960 2045 1028 2082 illic
1055 2057 1077 2082 a
1103 2058 1162 2082 me
1189 2045 1348 2081 laudata.
1404 2043 1510 2081 Malit

861 2101 919 2138 ille
935 2101 1092 2138 fabulam
1103 2102 1149 2138 de
1161 2101 1249 2149 Cyri
1270 2100 1364 2138 exitu
1375 2101 1509 2137 referre

862 2158 910 2194 ad
928 2158 1049 2194 odium
1067 2157 1183 2205 istud,
1212 2157 1249 2193 in
1270 2156 1368 2206 quod
1385 2160 1508 2204 tyran-

861 2214 898 2251 ni
929 2226 970 2250 ac
996 2226 1191 2262 regnorum
1217 2213 1420 2250 conditores
1450 2213 1506 2248 fa-

862 2269 928 2307 cile
948 2270 1152 2317 incurrant,
1174 2272 1214 2306 ut
1228 2268 1284 2306 vel
1305 2272 1389 2319 post
1411 2280 1507 2304 mor-

859 2331 933 2364 tem
958 2325 1054 2364 mala
1090 2326 1188 2363 fama
1210 2325 1506 2362 contaminentur.

860 2382 941 2420 Nec
967 2381 1219 2426 Dahlmanno,
1259 2392 1354 2429 quae
1388 2379 1507 2417 Hero-

861 2439 967 2475 dotus
991 2438 1037 2475 de
1054 2438 1141 2485 Cyri
1158 2438 1230 2474 fine
1250 2436 1392 2481 scribit,
1421 2447 1506 2473 vera

859 2508 1008 2546 prorsus
1027 2498 1089 2531 aut
1108 2492 1236 2531 fabulis
1254 2492 1418 2529 admixtis
1443 2503 1506 2527 va-

860 2564 926 2588 cua
958 2551 1135 2587 videntur.
1193 2549 1300 2586 Conf.
1326 2548 1402 2585 eius
1427 2546 1505 2584 He-

859 2608 977 2643 rodot.
1008 2619 1095 2655 pag.
1128 2604 1218 2647 142.
1280 2603 1503 2648 Schlossem,

859 2663 958 2711 quod
995 2661 1133 2708 laetor,
1161 2662 1334 2698 Ctesiana
1356 2670 1504 2707 quoque

858 2718 1016 2754 narratio
1073 2716 1313 2767 praeferenda
1363 2713 1503 2750 videtur

859 2772 1192 2877 (Un3versalgesch.
1207 2772 1246 2820 I,
1273 2775 1296 2813 1
1313 2783 1399 2822 pag.
1420 2769 1504 2812 252

860 2843 936 2879 seq.
961 2858 969 2867 .
