<?xml version="1.0" encoding="UTF-8"?>
<!DOCTYPE html PUBLIC "-//W3C//DTD XHTML 1.0 Transitional//EN"
    "http://www.w3.org/TR/xhtml1/DTD/xhtml1-transitional.dtd">
<html xmlns="http://www.w3.org/1999/xhtml" xml:lang="en" lang="en">
 <head>
  <title>
</title>
<meta http-equiv="Content-Type" content="text/html;charset=utf-8" />
  <meta name='ocr-system' content='tesseract 3.04.00' />
  <meta name='ocr-capabilities' content='ocr_page ocr_carea ocr_par ocr_line ocrx_word'/>
</head>
<body>
  <div class='ocr_page' id='page_1' title='image "./musaeherodoto01hero/musaeherodoto01hero_0882.png"; bbox 0 0 1909 3228; ppageno 0'>
   <div class='ocr_carea' id='block_1_1' title="bbox 460 206 545 245">
    <p class='ocr_par' dir='ltr' id='par_1_1' title="bbox 460 206 545 245">
     <span class='ocr_line' id='line_1_1' title="bbox 460 206 545 245; baseline 0 0"><span class='ocrx_word' id='word_1_1' title='bbox 460 206 545 245; x_wconf 76' lang='lat'>868</span> 
     </span>
    </p>
   </div>
   <div class='ocr_carea' id='block_1_2' title="bbox 858 199 1325 238">
    <p class='ocr_par' dir='ltr' id='par_1_2' title="bbox 858 199 1325 238">
     <span class='ocr_line' id='line_1_2' title="bbox 858 199 1325 238; baseline 0 -1"><span class='ocrx_word' id='word_1_2' title='bbox 858 199 1325 238; x_wconf 85' lang='lat' dir='ltr'><strong>HERODOTI</strong></span> 
     </span>
    </p>
   </div>
   <div class='ocr_carea' id='block_1_3' title="bbox 462 305 1711 366">
    <p class='ocr_par' dir='ltr' id='par_1_3' title="bbox 462 305 1711 366">
     <span class='ocr_line' id='line_1_3' title="bbox 462 305 1711 366; baseline -0.005 -10"><span class='ocrx_word' id='word_1_3' title='bbox 462 311 684 366; x_wconf 85' lang='grc' dir='ltr'><em>πατόρων·</em></span> <span class='ocrx_word' id='word_1_4' title='bbox 736 309 825 351; x_wconf 77' lang='grc' dir='ltr'><em>ἔστι</em></span> <span class='ocrx_word' id='word_1_5' title='bbox 863 307 1012 363; x_wconf 82' lang='grc' dir='ltr'><em>μέντοι</em></span> <span class='ocrx_word' id='word_1_6' title='bbox 1050 307 1123 350; x_wconf 83' lang='grc' dir='ltr'>καὶ</span> <span class='ocrx_word' id='word_1_7' title='bbox 1159 310 1290 350; x_wconf 82' lang='grc' dir='ltr'><em>τοῦτο</em></span> <span class='ocrx_word' id='word_1_8' title='bbox 1330 306 1376 349; x_wconf 78' lang='grc' dir='ltr'>ἐν</span> <span class='ocrx_word' id='word_1_9' title='bbox 1411 310 1463 362; x_wconf 84' lang='grc' dir='ltr'>τῇ</span> <span class='ocrx_word' id='word_1_10' title='bbox 1494 305 1604 364; x_wconf 81' lang='grc' dir='ltr'><em>αὐλῇ</em></span> <span class='ocrx_word' id='word_1_11' title='bbox 1633 310 1711 351; x_wconf 89' lang='grc' dir='ltr'>τοῦ</span> 
     </span>
    </p>
   </div>
   <div class='ocr_carea' id='block_1_4' title="bbox 465 383 1735 445">
    <p class='ocr_par' dir='ltr' id='par_1_4' title="bbox 465 383 1735 445">
     <span class='ocr_line' id='line_1_4' title="bbox 465 383 1735 445; baseline -0.008 -10"><span class='ocrx_word' id='word_1_12' title='bbox 465 394 587 445; x_wconf 82' lang='grc' dir='ltr'><em>ἱροῦ,</em></span> <span class='ocrx_word' id='word_1_13' title='bbox 637 386 800 436; x_wconf 75' lang='grc' dir='ltr'><em>παστὰς</em></span> <span class='ocrx_word' id='word_1_14' title='bbox 832 389 978 442; x_wconf 79' lang='grc' dir='ltr'><em>λιθίνη</em></span> <span class='ocrx_word' id='word_1_15' title='bbox 1009 384 1171 441; x_wconf 79' lang='grc' dir='ltr'><em>μεγάλη</em></span> <span class='ocrx_word' id='word_1_16' title='bbox 1191 418 1202 437; x_wconf 84' lang='grc'><em>,</em></span> <span class='ocrx_word' id='word_1_17' title='bbox 1254 386 1327 429; x_wconf 83' lang='grc' dir='ltr'>καὶ</span> <span class='ocrx_word' id='word_1_18' title='bbox 1358 383 1575 441; x_wconf 77' lang='grc' dir='ltr'><strong><em>ἠσκημένη</em></strong></span> <span class='ocrx_word' id='word_1_19' title='bbox 1606 385 1735 429; x_wconf 86' lang='grc' dir='ltr'><em>στύ-1</em></span> 
     </span>
    </p>
   </div>
   <div class='ocr_carea' id='block_1_5' title="bbox 466 462 1714 521">
    <p class='ocr_par' dir='ltr' id='par_1_5' title="bbox 466 462 1714 521">
     <span class='ocr_line' id='line_1_5' title="bbox 466 462 1714 521; baseline -0.004 -9"><span class='ocrx_word' id='word_1_20' title='bbox 466 470 578 512; x_wconf 82' lang='grc' dir='ltr'><em>λοισί</em></span> <span class='ocrx_word' id='word_1_21' title='bbox 607 483 650 509; x_wconf 84' lang='grc' dir='ltr'>τε</span> <span class='ocrx_word' id='word_1_22' title='bbox 680 466 883 521; x_wconf 81' lang='grc' dir='ltr'><em>φοίνικας</em></span> <span class='ocrx_word' id='word_1_23' title='bbox 922 463 972 506; x_wconf 82' lang='grc' dir='ltr'>τοὶ</span> <span class='ocrx_word' id='word_1_24' title='bbox 1015 464 1196 518; x_wconf 81' lang='grc' dir='ltr'><em>δένδρεα</em></span> <span class='ocrx_word' id='word_1_25' title='bbox 1240 462 1591 518; x_wconf 82' lang='grc' dir='ltr'><em>μεμιμημένοισι,</em></span> <span class='ocrx_word' id='word_1_26' title='bbox 1642 465 1714 507; x_wconf 83' lang='grc' dir='ltr'>καὶ</span> 
     </span>
    </p>
   </div>
   <div class='ocr_carea' id='block_1_6' title="bbox 411 541 1715 603">
    <p class='ocr_par' dir='ltr' id='par_1_6' title="bbox 411 541 1715 603">
     <span class='ocr_line' id='line_1_6' title="bbox 411 541 1715 603; baseline -0.003 -13"><span class='ocrx_word' id='word_1_27' title='bbox 411 550 517 603; x_wconf 83' lang='grc' dir='ltr'>1οτῇ</span> <span class='ocrx_word' id='word_1_28' title='bbox 547 544 655 602; x_wconf 75' lang='grc' dir='ltr'><em>ἄλλῃ</em></span> <span class='ocrx_word' id='word_1_29' title='bbox 685 542 870 600; x_wconf 77' lang='grc' dir='ltr'><em>δαπάνῃ.</em></span> <span class='ocrx_word' id='word_1_30' title='bbox 916 543 997 587; x_wconf 77' lang='grc' dir='ltr'><em>ἔσω</em></span> <span class='ocrx_word' id='word_1_31' title='bbox 1031 542 1077 587; x_wconf 81' lang='grc' dir='ltr'>δὲ</span> <span class='ocrx_word' id='word_1_32' title='bbox 1106 542 1153 586; x_wconf 81' lang='grc' dir='ltr'>ἐν</span> <span class='ocrx_word' id='word_1_33' title='bbox 1182 546 1233 599; x_wconf 83' lang='grc' dir='ltr'>τῇ</span> <span class='ocrx_word' id='word_1_34' title='bbox 1272 542 1457 585; x_wconf 81' lang='grc' dir='ltr'><em>παστάδι</em></span> <span class='ocrx_word' id='word_1_35' title='bbox 1497 541 1591 594; x_wconf 82' lang='grc' dir='ltr'><em>διξὰ</em></span> <span class='ocrx_word' id='word_1_36' title='bbox 1630 547 1715 586; x_wconf 80' lang='grc' dir='ltr'>θυ-</span> 
     </span>
    </p>
   </div>
   <div class='ocr_carea' id='block_1_7' title="bbox 410 756 1065 2774">
    <p class='ocr_par' dir='ltr' id='par_1_7' title="bbox 410 756 1059 865">
     <span class='ocr_line' id='line_1_7' title="bbox 466 756 1059 816; baseline -0.007 -14"><span class='ocrx_word' id='word_1_37' title='bbox 466 761 509 802; x_wconf 79' lang='grc' dir='ltr'>ἒν</span> <span class='ocrx_word' id='word_1_38' title='bbox 534 765 586 816; x_wconf 77' lang='grc' dir='ltr'>τῇ</span> <span class='ocrx_word' id='word_1_39' title='bbox 617 757 743 816; x_wconf 71' lang='grc' dir='ltr'><em>αὐλῇ]</em></span> <span class='ocrx_word' id='word_1_40' title='bbox 784 761 842 798; x_wconf 89' lang='lat' dir='ltr'>De</span> <span class='ocrx_word' id='word_1_41' title='bbox 868 756 990 810; x_wconf 70' lang='grc' dir='ltr'><em>αὐλή</em></span> <span class='ocrx_word' id='word_1_42' title='bbox 1022 765 1059 799; x_wconf 85' lang='lat' dir='ltr'>et</span> 
     </span>
     <span class='ocr_line' id='line_1_8' title="bbox 410 815 1059 865; baseline -0.009 -6"><span class='ocrx_word' id='word_1_43' title='bbox 410 815 602 865; x_wconf 76' lang='grc' dir='ltr'><em>παστάς</em></span> <span class='ocrx_word' id='word_1_44' title='bbox 626 821 720 856; x_wconf 83' lang='lat' dir='ltr'>conf.</span> <span class='ocrx_word' id='word_1_45' title='bbox 739 821 830 854; x_wconf 90' lang='lat' dir='ltr'>nott.</span> <span class='ocrx_word' id='word_1_46' title='bbox 845 819 891 854; x_wconf 86' lang='lat' dir='ltr'>ad</span> <span class='ocrx_word' id='word_1_47' title='bbox 907 818 953 865; x_wconf 83' lang='grc' dir='ltr'>ΙΙ,</span> <span class='ocrx_word' id='word_1_48' title='bbox 969 817 1059 858; x_wconf 83' lang='grc'><strong>148.</strong></span> 
     </span>
    </p>

    <p class='ocr_par' dir='ltr' id='par_1_8' title="bbox 410 870 1062 2157">
     <span class='ocr_line' id='line_1_9' title="bbox 466 870 1058 927; baseline -0.003 -13"><span class='ocrx_word' id='word_1_49' title='bbox 466 871 671 927; x_wconf 73' lang='grc' dir='ltr'><em>ἠσκημένη</em></span> <span class='ocrx_word' id='word_1_50' title='bbox 694 870 872 913; x_wconf 77' lang='grc' dir='ltr'><em>στύλοισί</em></span> <span class='ocrx_word' id='word_1_51' title='bbox 896 888 936 912; x_wconf 86' lang='grc' dir='ltr'>τε</span> <span class='ocrx_word' id='word_1_52' title='bbox 970 873 1058 922; x_wconf 75' lang='grc' dir='ltr'><em>φοί·</em></span> 
     </span>
     <span class='ocr_line' id='line_1_10' title="bbox 410 928 1059 981; baseline -0.006 -10"><span class='ocrx_word' id='word_1_53' title='bbox 410 948 526 978; x_wconf 84' lang='grc' dir='ltr'><em>νικας</em></span> <span class='ocrx_word' id='word_1_54' title='bbox 557 929 604 970; x_wconf 75' lang='grc' dir='ltr'>τοὶ</span> <span class='ocrx_word' id='word_1_55' title='bbox 641 929 801 981; x_wconf 71' lang='grc' dir='ltr'><em>δένδρεα</em></span> <span class='ocrx_word' id='word_1_56' title='bbox 839 928 1059 981; x_wconf 82' lang='grc' dir='ltr'><em>μεμιμημέ-</em></span> 
     </span>
     <span class='ocr_line' id='line_1_11' title="bbox 410 987 1061 1039; baseline -0.011 -10"><span class='ocrx_word' id='word_1_57' title='bbox 410 987 531 1039; x_wconf 89' lang='grc' dir='ltr'><em>νοισι]</em></span> <span class='ocrx_word' id='word_1_58' title='bbox 562 989 583 1025; x_wconf 90' lang='lat' dir='ltr'>i.</span> <span class='ocrx_word' id='word_1_59' title='bbox 606 1001 637 1025; x_wconf 87' lang='lat' dir='ltr'>e.</span> <span class='ocrx_word' id='word_1_60' title='bbox 663 987 829 1023; x_wconf 77' lang='lat' dir='ltr'>columnis</span> <span class='ocrx_word' id='word_1_61' title='bbox 845 987 983 1036; x_wconf 80' lang='lat' dir='ltr'>palmas</span> <span class='ocrx_word' id='word_1_62' title='bbox 1003 999 1061 1022; x_wconf 83' lang='lat' dir='ltr'>ar-</span> 
     </span>
     <span class='ocr_line' id='line_1_12' title="bbox 411 1043 1060 1082; baseline -0.003 0"><span class='ocrx_word' id='word_1_63' title='bbox 411 1046 506 1082; x_wconf 79' lang='lat' dir='ltr'>bores</span> <span class='ocrx_word' id='word_1_64' title='bbox 542 1045 762 1081; x_wconf 69' lang='lat' dir='ltr'><em>imitantibus</em></span> <span class='ocrx_word' id='word_1_65' title='bbox 793 1047 943 1080; x_wconf 82' lang='lat' dir='ltr'>ornatus.</span> <span class='ocrx_word' id='word_1_66' title='bbox 1002 1043 1060 1080; x_wconf 87' lang='lat' dir='ltr'>De</span> 
     </span>
     <span class='ocr_line' id='line_1_13' title="bbox 411 1098 1061 1153; baseline -0.009 -12"><span class='ocrx_word' id='word_1_67' title='bbox 411 1098 615 1153; x_wconf 82' lang='grc' dir='ltr'><em>η’σκημένη</em></span> <span class='ocrx_word' id='word_1_68' title='bbox 642 1101 704 1137; x_wconf 92' lang='lat' dir='ltr'>vid</span> <span class='ocrx_word' id='word_1_69' title='bbox 741 1099 793 1146; x_wconf 87' lang='lat' dir='ltr'>ll,</span> <span class='ocrx_word' id='word_1_70' title='bbox 823 1101 902 1140; x_wconf 84' lang='lat'>130</span> <span class='ocrx_word' id='word_1_71' title='bbox 939 1100 1061 1147; x_wconf 86' lang='lat' dir='ltr'>ibique</span> 
     </span>
     <span class='ocr_line' id='line_1_14' title="bbox 412 1155 1061 1205; baseline -0.006 -10"><span class='ocrx_word' id='word_1_72' title='bbox 412 1163 486 1195; x_wconf 89' lang='lat' dir='ltr'>not.</span> <span class='ocrx_word' id='word_1_73' title='bbox 536 1161 657 1205; x_wconf 83' lang='lat' dir='ltr'><strong>Atque</strong></span> <span class='ocrx_word' id='word_1_74' title='bbox 688 1157 860 1193; x_wconf 79' lang='lat' dir='ltr'>admonet</span> <span class='ocrx_word' id='word_1_75' title='bbox 888 1155 1061 1192; x_wconf 87' lang='lat' dir='ltr'>Creuzer.</span> 
     </span>
     <span class='ocr_line' id='line_1_15' title="bbox 412 1211 1062 1262; baseline -0.008 -11"><span class='ocrx_word' id='word_1_76' title='bbox 412 1213 705 1262; x_wconf 90' lang='lat' dir='ltr'>(comm.Herod.</span> <span class='ocrx_word' id='word_1_77' title='bbox 727 1226 762 1262; x_wconf 90' lang='lat' dir='ltr'>p.</span> <span class='ocrx_word' id='word_1_78' title='bbox 776 1213 856 1252; x_wconf 82' lang='lat'>393</span> <span class='ocrx_word' id='word_1_79' title='bbox 872 1215 946 1248; x_wconf 89' lang='lat' dir='ltr'>not.</span> <span class='ocrx_word' id='word_1_80' title='bbox 960 1211 1062 1259; x_wconf 80' lang='lat'>432)</span> 
     </span>
     <span class='ocr_line' id='line_1_16' title="bbox 413 1266 1061 1316; baseline -0.006 -8"><span class='ocrx_word' id='word_1_81' title='bbox 413 1273 600 1308; x_wconf 89' lang='lat' dir='ltr'>doctorum</span> <span class='ocrx_word' id='word_1_82' title='bbox 619 1268 827 1315; x_wconf 80' lang='lat' dir='ltr'>Gallorum,</span> <span class='ocrx_word' id='word_1_83' title='bbox 857 1268 918 1316; x_wconf 90' lang='lat' dir='ltr'>qui</span> <span class='ocrx_word' id='word_1_84' title='bbox 937 1266 1061 1316; x_wconf 82' lang='lat' dir='ltr'>Aegy-</span> 
     </span>
     <span class='ocr_line' id='line_1_17' title="bbox 413 1324 1062 1378; baseline -0.006 -15"><span class='ocrx_word' id='word_1_85' title='bbox 413 1327 554 1378; x_wconf 84' lang='lat' dir='ltr'>ptiacae</span> <span class='ocrx_word' id='word_1_86' title='bbox 583 1325 840 1362; x_wconf 78' lang='lat' dir='ltr'>architecturae</span> <span class='ocrx_word' id='word_1_87' title='bbox 864 1324 1062 1373; x_wconf 90' lang='lat' dir='ltr'>primordia</span> 
     </span>
     <span class='ocr_line' id='line_1_18' title="bbox 413 1379 1062 1433; baseline -0.009 -13"><span class='ocrx_word' id='word_1_88' title='bbox 413 1383 631 1433; x_wconf 79' lang='lat' dir='ltr'>explicantes</span> <span class='ocrx_word' id='word_1_89' title='bbox 644 1411 654 1427; x_wconf 84' lang='lat'>,</span> <span class='ocrx_word' id='word_1_90' title='bbox 679 1381 788 1417; x_wconf 90' lang='lat' dir='ltr'>hocce</span> <span class='ocrx_word' id='word_1_91' title='bbox 808 1380 987 1416; x_wconf 82' lang='lat' dir='ltr'>Herodoti</span> <span class='ocrx_word' id='word_1_92' title='bbox 1008 1379 1062 1415; x_wconf 95' lang='lat' dir='ltr'>lo-</span> 
     </span>
     <span class='ocr_line' id='line_1_19' title="bbox 414 1435 1060 1476; baseline -0.009 0"><span class='ocrx_word' id='word_1_93' title='bbox 414 1453 456 1476; x_wconf 91' lang='lat' dir='ltr'>co</span> <span class='ocrx_word' id='word_1_94' title='bbox 490 1442 573 1475; x_wconf 86' lang='lat' dir='ltr'>sunt</span> <span class='ocrx_word' id='word_1_95' title='bbox 604 1438 668 1473; x_wconf 83' lang='lat' dir='ltr'>usi.</span> <span class='ocrx_word' id='word_1_96' title='bbox 740 1436 832 1472; x_wconf 92' lang='lat' dir='ltr'>lllud</span> <span class='ocrx_word' id='word_1_97' title='bbox 867 1436 961 1471; x_wconf 82' lang='lat' dir='ltr'>enim</span> <span class='ocrx_word' id='word_1_98' title='bbox 993 1435 1060 1471; x_wconf 86' lang='lat' dir='ltr'>sibi</span> 
     </span>
     <span class='ocr_line' id='line_1_20' title="bbox 412 1491 1062 1538; baseline -0.006 -7"><span class='ocrx_word' id='word_1_99' title='bbox 412 1495 579 1531; x_wconf 85' lang='lat' dir='ltr'>videntur</span> <span class='ocrx_word' id='word_1_100' title='bbox 597 1493 748 1538; x_wconf 86' lang='lat' dir='ltr'>vidisse,</span> <span class='ocrx_word' id='word_1_101' title='bbox 779 1504 852 1527; x_wconf 92' lang='lat' dir='ltr'>non</span> <span class='ocrx_word' id='word_1_102' title='bbox 871 1491 983 1528; x_wconf 82' lang='lat' dir='ltr'>solum</span> <span class='ocrx_word' id='word_1_103' title='bbox 1001 1504 1062 1527; x_wconf 92' lang='lat' dir='ltr'>co-</span> 
     </span>
     <span class='ocr_line' id='line_1_21' title="bbox 414 1547 1061 1595; baseline -0.005 -9"><span class='ocrx_word' id='word_1_104' title='bbox 414 1551 576 1595; x_wconf 81' lang='lat' dir='ltr'>lumnas,</span> <span class='ocrx_word' id='word_1_105' title='bbox 598 1549 662 1585; x_wconf 87' lang='lat' dir='ltr'>sed</span> <span class='ocrx_word' id='word_1_106' title='bbox 685 1547 771 1584; x_wconf 82' lang='lat' dir='ltr'>alias</span> <span class='ocrx_word' id='word_1_107' title='bbox 798 1560 942 1595; x_wconf 89' lang='lat' dir='ltr'>quoque</span> <span class='ocrx_word' id='word_1_108' title='bbox 961 1547 1061 1583; x_wconf 83' lang='lat' dir='ltr'>aedi—</span> 
     </span>
     <span class='ocr_line' id='line_1_22' title="bbox 413 1604 1061 1654; baseline -0.006 -11"><span class='ocrx_word' id='word_1_109' title='bbox 413 1607 574 1643; x_wconf 90' lang='lat' dir='ltr'>ficiorum</span> <span class='ocrx_word' id='word_1_110' title='bbox 609 1608 729 1654; x_wconf 82' lang='lat' dir='ltr'>partes</span> <span class='ocrx_word' id='word_1_111' title='bbox 776 1604 875 1652; x_wconf 88' lang='lat' dir='ltr'>apud</span> <span class='ocrx_word' id='word_1_112' title='bbox 920 1608 1061 1640; x_wconf 77' lang='lat' dir='ltr'>veteres</span> 
     </span>
     <span class='ocr_line' id='line_1_23' title="bbox 415 1658 1062 1710; baseline -0.008 -12"><span class='ocrx_word' id='word_1_113' title='bbox 415 1661 615 1710; x_wconf 82' lang='lat' dir='ltr'>Aegyptios</span> <span class='ocrx_word' id='word_1_114' title='bbox 647 1660 694 1695; x_wconf 88' lang='lat' dir='ltr'>ad</span> <span class='ocrx_word' id='word_1_115' title='bbox 729 1658 931 1708; x_wconf 70' lang='lat' dir='ltr'>plantarum</span> <span class='ocrx_word' id='word_1_116' title='bbox 961 1659 1062 1694; x_wconf 80' lang='lat' dir='ltr'>arbo-</span> 
     </span>
     <span class='ocr_line' id='line_1_24' title="bbox 414 1714 1060 1766; baseline -0.006 -12"><span class='ocrx_word' id='word_1_117' title='bbox 414 1729 557 1766; x_wconf 81' lang='lat' dir='ltr'>rumque</span> <span class='ocrx_word' id='word_1_118' title='bbox 582 1716 818 1752; x_wconf 73' lang='lat' dir='ltr'>imitationem</span> <span class='ocrx_word' id='word_1_119' title='bbox 845 1714 983 1751; x_wconf 82' lang='lat' dir='ltr'>effictas</span> <span class='ocrx_word' id='word_1_120' title='bbox 1003 1727 1060 1751; x_wconf 88' lang='lat' dir='ltr'>es-</span> 
     </span>
     <span class='ocr_line' id='line_1_25' title="bbox 415 1770 1062 1819; baseline -0.009 -9"><span class='ocrx_word' id='word_1_121' title='bbox 415 1787 465 1811; x_wconf 89' lang='lat' dir='ltr'>se.</span> <span class='ocrx_word' id='word_1_122' title='bbox 524 1772 614 1808; x_wconf 87' lang='lat' dir='ltr'>Eam</span> <span class='ocrx_word' id='word_1_123' title='bbox 645 1784 720 1807; x_wconf 89' lang='lat' dir='ltr'>rem</span> <span class='ocrx_word' id='word_1_124' title='bbox 759 1770 964 1806; x_wconf 81' lang='lat' dir='ltr'>confirmari</span> <span class='ocrx_word' id='word_1_125' title='bbox 992 1783 1062 1819; x_wconf 87' lang='lat' dir='ltr'>pu-</span> 
     </span>
     <span class='ocr_line' id='line_1_26' title="bbox 415 1825 1060 1875; baseline -0.008 -9"><span class='ocrx_word' id='word_1_126' title='bbox 415 1832 493 1866; x_wconf 87' lang='lat' dir='ltr'>tant</span> <span class='ocrx_word' id='word_1_127' title='bbox 518 1841 590 1863; x_wconf 90' lang='lat' dir='ltr'>non</span> <span class='ocrx_word' id='word_1_128' title='bbox 616 1827 726 1863; x_wconf 91' lang='lat' dir='ltr'>modo</span> <span class='ocrx_word' id='word_1_129' title='bbox 755 1826 910 1874; x_wconf 86' lang='lat' dir='ltr'>reliquiis</span> <span class='ocrx_word' id='word_1_130' title='bbox 939 1825 1060 1875; x_wconf 88' lang='lat' dir='ltr'>sepul-</span> 
     </span>
     <span class='ocr_line' id='line_1_27' title="bbox 415 1883 1060 1932; baseline -0.008 -10"><span class='ocrx_word' id='word_1_131' title='bbox 415 1886 489 1922; x_wconf 84' lang='lat' dir='ltr'>chri</span> <span class='ocrx_word' id='word_1_132' title='bbox 513 1884 769 1932; x_wconf 71' lang='lat' dir='ltr'>Osymandyae</span> <span class='ocrx_word' id='word_1_133' title='bbox 782 1912 792 1929; x_wconf 85' lang='lat'>,</span> <span class='ocrx_word' id='word_1_134' title='bbox 808 1895 932 1918; x_wconf 87' lang='lat' dir='ltr'>verum</span> <span class='ocrx_word' id='word_1_135' title='bbox 952 1883 1060 1918; x_wconf 86' lang='lat' dir='ltr'>etiam</span> 
     </span>
     <span class='ocr_line' id='line_1_28' title="bbox 417 1938 1061 1988; baseline -0.008 -10"><span class='ocrx_word' id='word_1_136' title='bbox 417 1939 583 1988; x_wconf 83' lang='lat' dir='ltr'>singulis,</span> <span class='ocrx_word' id='word_1_137' title='bbox 603 1943 783 1988; x_wconf 84' lang='lat' dir='ltr'>quotquot</span> <span class='ocrx_word' id='word_1_138' title='bbox 800 1938 982 1986; x_wconf 86' lang='lat' dir='ltr'>hodieque</span> <span class='ocrx_word' id='word_1_139' title='bbox 1000 1950 1061 1974; x_wconf 84' lang='lat' dir='ltr'>ex-</span> 
     </span>
     <span class='ocr_line' id='line_1_29' title="bbox 417 1994 1062 2044; baseline -0.008 -10"><span class='ocrx_word' id='word_1_140' title='bbox 417 2001 536 2043; x_wconf 87' lang='lat' dir='ltr'>stent,</span> <span class='ocrx_word' id='word_1_141' title='bbox 565 1995 757 2044; x_wconf 83' lang='lat' dir='ltr'>superioris</span> <span class='ocrx_word' id='word_1_142' title='bbox 779 1994 937 2044; x_wconf 76' lang='lat' dir='ltr'>Aegypti</span> <span class='ocrx_word' id='word_1_143' title='bbox 961 1994 1062 2031; x_wconf 86' lang='lat' dir='ltr'>aedi-</span> 
     </span>
     <span class='ocr_line' id='line_1_30' title="bbox 417 2050 1061 2100; baseline -0.005 -10"><span class='ocrx_word' id='word_1_144' title='bbox 417 2054 517 2090; x_wconf 79' lang='lat' dir='ltr'>ficiis.</span> <span class='ocrx_word' id='word_1_145' title='bbox 574 2052 656 2088; x_wconf 80' lang='lat' dir='ltr'>Vid.</span> <span class='ocrx_word' id='word_1_146' title='bbox 684 2051 854 2100; x_wconf 81' lang='lat' dir='ltr'>descript.</span> <span class='ocrx_word' id='word_1_147' title='bbox 894 2051 940 2087; x_wconf 91' lang='lat' dir='ltr'>de</span> <span class='ocrx_word' id='word_1_148' title='bbox 967 2050 1061 2099; x_wconf 84' lang='lat' dir='ltr'>l&#39;Eg.</span> 
     </span>
     <span class='ocr_line' id='line_1_31' title="bbox 417 2107 990 2157; baseline -0.009 -10"><span class='ocrx_word' id='word_1_149' title='bbox 417 2110 555 2157; x_wconf 78' lang='lat' dir='ltr'>antiqq.</span> <span class='ocrx_word' id='word_1_150' title='bbox 575 2108 644 2143; x_wconf 77' lang='lat' dir='ltr'>vol.</span> <span class='ocrx_word' id='word_1_151' title='bbox 667 2107 700 2143; x_wconf 88' lang='lat' dir='ltr'>ll</span> <span class='ocrx_word' id='word_1_152' title='bbox 730 2107 848 2143; x_wconf 62' lang='lat' dir='ltr'>Theb.</span> <span class='ocrx_word' id='word_1_153' title='bbox 870 2120 905 2156; x_wconf 91' lang='lat' dir='ltr'>p.</span> <span class='ocrx_word' id='word_1_154' title='bbox 925 2107 990 2146; x_wconf 80' lang='lat'>33.</span> 
     </span>
    </p>

    <p class='ocr_par' dir='ltr' id='par_1_9' title="bbox 416 2158 1065 2774">
     <span class='ocr_line' id='line_1_32' title="bbox 476 2158 1061 2216; baseline -0.003 -14"><span class='ocrx_word' id='word_1_155' title='bbox 476 2164 549 2203; x_wconf 76' lang='grc' dir='ltr'><em>ἔσω</em></span> <span class='ocrx_word' id='word_1_156' title='bbox 577 2161 619 2201; x_wconf 76' lang='grc' dir='ltr'>δὲ</span> <span class='ocrx_word' id='word_1_157' title='bbox 648 2162 690 2202; x_wconf 83' lang='grc' dir='ltr'>ἒν</span> <span class='ocrx_word' id='word_1_158' title='bbox 711 2165 760 2216; x_wconf 78' lang='grc' dir='ltr'>τῇ</span> <span class='ocrx_word' id='word_1_159' title='bbox 775 2158 946 2200; x_wconf 73' lang='grc' dir='ltr'><em>παστάδι</em></span> <span class='ocrx_word' id='word_1_160' title='bbox 974 2159 1061 2209; x_wconf 70' lang='grc' dir='ltr'><em>ὃιξςὶ</em></span> 
     </span>
     <span class='ocr_line' id='line_1_33' title="bbox 417 2217 1063 2272; baseline -0.009 -12"><span class='ocrx_word' id='word_1_161' title='bbox 417 2217 636 2272; x_wconf 76' lang='grc' dir='ltr'><em>θυρώματα</em></span> <span class='ocrx_word' id='word_1_162' title='bbox 653 2218 802 2269; x_wconf 69' lang='grc' dir='ltr'><em>ἕστηκε]</em></span> <span class='ocrx_word' id='word_1_163' title='bbox 816 2219 970 2256; x_wconf 88' lang='lat' dir='ltr'>Vertunt</span> <span class='ocrx_word' id='word_1_164' title='bbox 985 2219 1063 2255; x_wconf 80' lang='lat' dir='ltr'>vul-</span> 
     </span>
     <span class='ocr_line' id='line_1_34' title="bbox 419 2276 1063 2327; baseline -0.005 -13"><span class='ocrx_word' id='word_1_165' title='bbox 419 2291 486 2327; x_wconf 86' lang='lat' dir='ltr'>go:</span> <span class='ocrx_word' id='word_1_166' title='bbox 524 2279 654 2324; x_wconf 78' lang='lat' dir='ltr'>„intra</span> <span class='ocrx_word' id='word_1_167' title='bbox 683 2276 897 2322; x_wconf 75' lang='lat' dir='ltr'>thalamum,</span> <span class='ocrx_word' id='word_1_168' title='bbox 934 2277 1063 2324; x_wconf 78' lang='lat' dir='ltr'>reposi-</span> 
     </span>
     <span class='ocr_line' id='line_1_35' title="bbox 420 2331 1062 2382; baseline -0.005 -12"><span class='ocrx_word' id='word_1_169' title='bbox 420 2336 543 2371; x_wconf 72' lang='lat' dir='ltr'>torium</span> <span class='ocrx_word' id='word_1_170' title='bbox 561 2336 610 2368; x_wconf 76' lang='lat' dir='ltr'>est</span> <span class='ocrx_word' id='word_1_171' title='bbox 633 2333 722 2368; x_wconf 74' lang='lat' dir='ltr'>binis</span> <span class='ocrx_word' id='word_1_172' title='bbox 746 2332 887 2382; x_wconf 72' lang='lat' dir='ltr'>foribus</span> <span class='ocrx_word' id='word_1_173' title='bbox 905 2331 1062 2367; x_wconf 76' lang='lat' dir='ltr'>clausum</span> 
     </span>
     <span class='ocr_line' id='line_1_36' title="bbox 419 2387 1062 2439; baseline -0.008 -12"><span class='ocrx_word' id='word_1_174' title='bbox 419 2394 524 2439; x_wconf 79' lang='lat' dir='ltr'>atque</span> <span class='ocrx_word' id='word_1_175' title='bbox 547 2389 637 2425; x_wconf 70' lang='lat' dir='ltr'>inibi</span> <span class='ocrx_word' id='word_1_176' title='bbox 655 2392 705 2424; x_wconf 82' lang='lat' dir='ltr'>est</span> <span class='ocrx_word' id='word_1_177' title='bbox 721 2390 815 2436; x_wconf 78' lang='lat' dir='ltr'>regis</span> <span class='ocrx_word' id='word_1_178' title='bbox 832 2387 1062 2437; x_wconf 77' lang='lat' dir='ltr'>sepulcrmn.“</span> 
     </span>
     <span class='ocr_line' id='line_1_37' title="bbox 419 2442 1064 2497; baseline -0.006 -12"><span class='ocrx_word' id='word_1_179' title='bbox 419 2442 639 2497; x_wconf 79' lang='grc' dir='ltr'><em>θυρώματα</em></span> <span class='ocrx_word' id='word_1_180' title='bbox 661 2444 763 2481; x_wconf 80' lang='lat' dir='ltr'>Valla</span> <span class='ocrx_word' id='word_1_181' title='bbox 781 2449 859 2481; x_wconf 84' lang='lat' dir='ltr'>erat</span> <span class='ocrx_word' id='word_1_182' title='bbox 887 2445 1064 2493; x_wconf 87' lang='lat' dir='ltr'>interpre-</span> 
     </span>
     <span class='ocr_line' id='line_1_38' title="bbox 420 2500 1063 2550; baseline -0.006 -11"><span class='ocrx_word' id='word_1_183' title='bbox 420 2507 516 2539; x_wconf 88' lang='lat' dir='ltr'>tatus</span> <span class='ocrx_word' id='word_1_184' title='bbox 542 2505 677 2550; x_wconf 76' lang='lat' dir='ltr'>postes,</span> <span class='ocrx_word' id='word_1_185' title='bbox 706 2502 743 2536; x_wconf 78' lang='lat' dir='ltr'>in</span> <span class='ocrx_word' id='word_1_186' title='bbox 769 2500 894 2549; x_wconf 75' lang='lat' dir='ltr'>quibus</span> <span class='ocrx_word' id='word_1_187' title='bbox 922 2513 1013 2536; x_wconf 74' lang='lat' dir='ltr'>urna</span> <span class='ocrx_word' id='word_1_188' title='bbox 1036 2513 1063 2535; x_wconf 88' lang='lat' dir='ltr'>s.</span> 
     </span>
     <span class='ocr_line' id='line_1_39' title="bbox 422 2556 1064 2595; baseline -0.005 -1"><span class='ocrx_word' id='word_1_189' title='bbox 422 2558 553 2595; x_wconf 72' lang='lat' dir='ltr'>loculus</span> <span class='ocrx_word' id='word_1_190' title='bbox 572 2561 631 2593; x_wconf 82' lang='lat' dir='ltr'>est.</span> <span class='ocrx_word' id='word_1_191' title='bbox 669 2556 739 2593; x_wconf 88' lang='lat' dir='ltr'>Cui</span> <span class='ocrx_word' id='word_1_192' title='bbox 756 2556 941 2593; x_wconf 77' lang='lat' dir='ltr'>oblocutus</span> <span class='ocrx_word' id='word_1_193' title='bbox 960 2556 1064 2593; x_wconf 61' lang='lat' dir='ltr'>lVes—</span> 
     </span>
     <span class='ocr_line' id='line_1_40' title="bbox 423 2611 1065 2662; baseline -0.003 -12"><span class='ocrx_word' id='word_1_194' title='bbox 423 2614 593 2662; x_wconf 85' lang='lat' dir='ltr'>selingius</span> <span class='ocrx_word' id='word_1_195' title='bbox 633 2614 781 2662; x_wconf 82' lang='lat' dir='ltr'>exponit</span> <span class='ocrx_word' id='word_1_196' title='bbox 814 2612 975 2649; x_wconf 67' lang='lat' dir='ltr'>tabulata</span> <span class='ocrx_word' id='word_1_197' title='bbox 1017 2611 1065 2648; x_wconf 77' lang='lat' dir='ltr'>ad</span> 
     </span>
     <span class='ocr_line' id='line_1_41' title="bbox 416 2669 1062 2719; baseline -0.003 -14"><span class='ocrx_word' id='word_1_198' title='bbox 416 2670 513 2719; x_wconf 74' lang='lat' dir='ltr'>sores</span> <span class='ocrx_word' id='word_1_199' title='bbox 535 2669 688 2718; x_wconf 75' lang='lat' dir='ltr'>deposita</span> <span class='ocrx_word' id='word_1_200' title='bbox 707 2672 738 2704; x_wconf 75' lang='lat' dir='ltr'>et</span> <span class='ocrx_word' id='word_1_201' title='bbox 757 2669 944 2704; x_wconf 75' lang='lat' dir='ltr'>conditorio</span> <span class='ocrx_word' id='word_1_202' title='bbox 964 2671 1062 2717; x_wconf 78' lang='lat' dir='ltr'>apta,</span> 
     </span>
     <span class='ocr_line' id='line_1_42' title="bbox 423 2724 1063 2774; baseline 0 -13"><span class='ocrx_word' id='word_1_203' title='bbox 423 2725 723 2774; x_wconf 85' lang='lat' dir='ltr'>quemadmodum</span> <span class='ocrx_word' id='word_1_204' title='bbox 740 2724 775 2761; x_wconf 88' lang='lat' dir='ltr'>in</span> <span class='ocrx_word' id='word_1_205' title='bbox 795 2725 957 2761; x_wconf 84' lang='lat' dir='ltr'>Stobaeo</span> <span class='ocrx_word' id='word_1_206' title='bbox 977 2725 1063 2761; x_wconf 74' lang='lat' dir='ltr'>XLI</span> 
     </span>
    </p>
   </div>
   <div class='ocr_carea' id='block_1_8' title="bbox 424 2776 1063 2883">
    <p class='ocr_par' dir='ltr' id='par_1_10' title="bbox 424 2776 1063 2883">
     <span class='ocr_line' id='line_1_43' title="bbox 424 2776 1063 2830; baseline 0.002 -14"><span class='ocrx_word' id='word_1_207' title='bbox 424 2794 459 2830; x_wconf 88' lang='lat' dir='ltr'>p.</span> <span class='ocrx_word' id='word_1_208' title='bbox 478 2782 553 2820; x_wconf 75' lang='lat'>251</span> <span class='ocrx_word' id='word_1_209' title='bbox 586 2784 621 2817; x_wconf 82' lang='lat' dir='ltr'>et</span> <span class='ocrx_word' id='word_1_210' title='bbox 641 2776 751 2830; x_wconf 74' lang='grc' dir='ltr'><em>θύρη</em></span> <span class='ocrx_word' id='word_1_211' title='bbox 781 2794 847 2829; x_wconf 83' lang='lat' dir='ltr'>pro</span> <span class='ocrx_word' id='word_1_212' title='bbox 870 2781 995 2817; x_wconf 71' lang='lat' dir='ltr'>tabula</span> <span class='ocrx_word' id='word_1_213' title='bbox 1027 2781 1063 2817; x_wconf 89' lang='lat' dir='ltr'>in</span> 
     </span>
     <span class='ocr_line' id='line_1_44' title="bbox 425 2835 1062 2883; baseline 0 -9"><span class='ocrx_word' id='word_1_214' title='bbox 425 2836 550 2874; x_wconf 83' lang='lat' dir='ltr'>Nostr.</span> <span class='ocrx_word' id='word_1_215' title='bbox 579 2835 632 2883; x_wconf 89' lang='lat' dir='ltr'>Il,</span> <span class='ocrx_word' id='word_1_216' title='bbox 653 2838 718 2877; x_wconf 89' lang='lat'>96.</span> <span class='ocrx_word' id='word_1_217' title='bbox 751 2836 853 2882; x_wconf 80' lang='lat' dir='ltr'>VIII,</span> <span class='ocrx_word' id='word_1_218' title='bbox 875 2839 940 2878; x_wconf 78' lang='lat'>51.</span> <span class='ocrx_word' id='word_1_219' title='bbox 998 2836 1062 2874; x_wconf 87' lang='lat' dir='ltr'>At-</span> 
     </span>
    </p>
   </div>
   <div class='ocr_carea' id='block_1_9' title="bbox 1125 757 1778 2885">
    <p class='ocr_par' dir='ltr' id='par_1_11' title="bbox 1125 757 1778 2885">
     <span class='ocr_line' id='line_1_45' title="bbox 1125 757 1770 812; baseline -0.003 -14"><span class='ocrx_word' id='word_1_220' title='bbox 1125 774 1197 811; x_wconf 88' lang='lat' dir='ltr'>que</span> <span class='ocrx_word' id='word_1_221' title='bbox 1234 757 1455 812; x_wconf 72' lang='grc' dir='ltr'><em>θυραίματα</em></span> <span class='ocrx_word' id='word_1_222' title='bbox 1494 760 1638 810; x_wconf 87' lang='lat' dir='ltr'>saepius</span> <span class='ocrx_word' id='word_1_223' title='bbox 1676 760 1770 798; x_wconf 85' lang='lat' dir='ltr'>idem</span> 
     </span>
     <span class='ocr_line' id='line_1_46' title="bbox 1126 813 1772 867; baseline -0.005 -12"><span class='ocrx_word' id='word_1_224' title='bbox 1126 831 1207 856; x_wconf 80' lang='lat' dir='ltr'>esse</span> <span class='ocrx_word' id='word_1_225' title='bbox 1226 823 1334 867; x_wconf 85' lang='lat' dir='ltr'>atque</span> <span class='ocrx_word' id='word_1_226' title='bbox 1347 813 1457 867; x_wconf 76' lang='grc' dir='ltr'><em>θύρα</em></span> <span class='ocrx_word' id='word_1_227' title='bbox 1476 822 1573 854; x_wconf 90' lang='lat' dir='ltr'>recte</span> <span class='ocrx_word' id='word_1_228' title='bbox 1589 817 1772 853; x_wconf 74' lang='lat' dir='ltr'>monuisse</span> 
     </span>
     <span class='ocr_line' id='line_1_47' title="bbox 1125 872 1774 922; baseline -0.002 -12"><span class='ocrx_word' id='word_1_229' title='bbox 1125 875 1267 911; x_wconf 88' lang='lat' dir='ltr'>videtur</span> <span class='ocrx_word' id='word_1_230' title='bbox 1286 873 1659 922; x_wconf 80' lang='lat' dir='ltr'>Schweighaeuserus.</span> <span class='ocrx_word' id='word_1_231' title='bbox 1680 872 1774 910; x_wconf 59' lang='lat' dir='ltr'>Lar-</span> 
     </span>
     <span class='ocr_line' id='line_1_48' title="bbox 1127 929 1773 968; baseline -0.005 -1"><span class='ocrx_word' id='word_1_232' title='bbox 1127 931 1251 968; x_wconf 82' lang='lat' dir='ltr'>cherus</span> <span class='ocrx_word' id='word_1_233' title='bbox 1290 931 1532 967; x_wconf 77' lang='lat' dir='ltr'>reddiderat:</span> <span class='ocrx_word' id='word_1_234' title='bbox 1578 942 1643 966; x_wconf 79' lang='lat' dir='ltr'>une</span> <span class='ocrx_word' id='word_1_235' title='bbox 1674 929 1773 965; x_wconf 74' lang='lat' dir='ltr'>m&#39;che</span> 
     </span>
     <span class='ocr_line' id='line_1_49' title="bbox 1126 984 1774 1035; baseline -0.003 -12"><span class='ocrx_word' id='word_1_236' title='bbox 1126 999 1210 1023; x_wconf 81' lang='lat' dir='ltr'>avec</span> <span class='ocrx_word' id='word_1_237' title='bbox 1241 1000 1287 1023; x_wconf 81' lang='lat' dir='ltr'>un</span> <span class='ocrx_word' id='word_1_238' title='bbox 1313 989 1409 1035; x_wconf 83' lang='lat' dir='ltr'>porte</span> <span class='ocrx_word' id='word_1_239' title='bbox 1435 1000 1458 1022; x_wconf 85' lang='grc' dir='ltr'><em>α</em></span> <span class='ocrx_word' id='word_1_240' title='bbox 1493 984 1585 1022; x_wconf 67' lang='lat' dir='ltr'>deuse</span> <span class='ocrx_word' id='word_1_241' title='bbox 1621 986 1774 1031; x_wconf 73' lang='lat' dir='ltr'>haltans,</span> 
     </span>
     <span class='ocr_line' id='line_1_50' title="bbox 1127 1041 1771 1093; baseline -0.003 -14"><span class='ocrx_word' id='word_1_242' title='bbox 1127 1043 1305 1093; x_wconf 84' lang='lat' dir='ltr'>probante</span> <span class='ocrx_word' id='word_1_243' title='bbox 1336 1042 1575 1079; x_wconf 71' lang='lat' dir='ltr'>Valckenario</span> <span class='ocrx_word' id='word_1_244' title='bbox 1606 1041 1771 1091; x_wconf 87' lang='lat' dir='ltr'>Toupio-</span> 
     </span>
     <span class='ocr_line' id='line_1_51' title="bbox 1129 1097 1773 1147; baseline -0.003 -11"><span class='ocrx_word' id='word_1_245' title='bbox 1129 1112 1211 1147; x_wconf 91' lang='lat' dir='ltr'>que.</span> <span class='ocrx_word' id='word_1_246' title='bbox 1270 1098 1310 1134; x_wconf 91' lang='lat' dir='ltr'>In</span> <span class='ocrx_word' id='word_1_247' title='bbox 1332 1111 1438 1146; x_wconf 89' lang='lat' dir='ltr'>quam</span> <span class='ocrx_word' id='word_1_248' title='bbox 1472 1097 1684 1134; x_wconf 77' lang='lat' dir='ltr'>sententiam</span> <span class='ocrx_word' id='word_1_249' title='bbox 1701 1097 1773 1134; x_wconf 89' lang='lat' dir='ltr'>Ita-</span> 
     </span>
     <span class='ocr_line' id='line_1_52' title="bbox 1129 1153 1773 1204; baseline -0.002 -13"><span class='ocrx_word' id='word_1_250' title='bbox 1129 1155 1182 1191; x_wconf 91' lang='lat' dir='ltr'>lus</span> <span class='ocrx_word' id='word_1_251' title='bbox 1205 1155 1380 1204; x_wconf 77' lang='lat' dir='ltr'>interpres</span> <span class='ocrx_word' id='word_1_252' title='bbox 1402 1154 1495 1190; x_wconf 90' lang='lat' dir='ltr'>hunc</span> <span class='ocrx_word' id='word_1_253' title='bbox 1525 1153 1548 1190; x_wconf 90' lang='lat' dir='ltr'>l.</span> <span class='ocrx_word' id='word_1_254' title='bbox 1580 1154 1632 1190; x_wconf 84' lang='lat' dir='ltr'>ita</span> <span class='ocrx_word' id='word_1_255' title='bbox 1649 1155 1773 1191; x_wconf 86' lang='lat' dir='ltr'>vertit:</span> 
     </span>
     <span class='ocr_line' id='line_1_53' title="bbox 1128 1209 1774 1259; baseline -0.003 -11"><span class='ocrx_word' id='word_1_256' title='bbox 1128 1225 1183 1258; x_wconf 87' lang='lat' dir='ltr'>„e</span> <span class='ocrx_word' id='word_1_257' title='bbox 1210 1211 1338 1247; x_wconf 89' lang='lat' dir='ltr'>dentro</span> <span class='ocrx_word' id='word_1_258' title='bbox 1367 1210 1399 1246; x_wconf 86' lang='lat' dir='ltr'>la</span> <span class='ocrx_word' id='word_1_259' title='bbox 1436 1210 1589 1259; x_wconf 84' lang='lat' dir='ltr'>pastada</span> <span class='ocrx_word' id='word_1_260' title='bbox 1614 1209 1648 1245; x_wconf 88' lang='lat' dir='ltr'>vi</span> <span class='ocrx_word' id='word_1_261' title='bbox 1683 1223 1774 1246; x_wconf 90' lang='lat' dir='ltr'>sono</span> 
     </span>
     <span class='ocr_line' id='line_1_54' title="bbox 1129 1265 1775 1315; baseline -0.002 -12"><span class='ocrx_word' id='word_1_262' title='bbox 1129 1268 1200 1304; x_wconf 74' lang='lat' dir='ltr'>due</span> <span class='ocrx_word' id='word_1_263' title='bbox 1229 1267 1365 1303; x_wconf 87' lang='lat' dir='ltr'>nicchie</span> <span class='ocrx_word' id='word_1_264' title='bbox 1393 1280 1459 1302; x_wconf 82' lang='lat' dir='ltr'>con</span> <span class='ocrx_word' id='word_1_265' title='bbox 1498 1265 1640 1314; x_wconf 85' lang='lat' dir='ltr'>duplice</span> <span class='ocrx_word' id='word_1_266' title='bbox 1668 1271 1775 1315; x_wconf 85' lang='lat' dir='ltr'>porta</span> 
     </span>
     <span class='ocr_line' id='line_1_55' title="bbox 1127 1321 1774 1372; baseline -0.006 -11"><span class='ocrx_word' id='word_1_267' title='bbox 1127 1337 1148 1361; x_wconf 89' lang='lat' dir='ltr'>e</span> <span class='ocrx_word' id='word_1_268' title='bbox 1164 1322 1258 1360; x_wconf 88' lang='lat' dir='ltr'>nella</span> <span class='ocrx_word' id='word_1_269' title='bbox 1286 1322 1425 1359; x_wconf 84' lang='lat' dir='ltr'>niccliia</span> <span class='ocrx_word' id='word_1_270' title='bbox 1450 1322 1481 1358; x_wconf 71' lang='grc' dir='ltr'>ν’</span> <span class='ocrx_word' id='word_1_271' title='bbox 1500 1323 1519 1359; x_wconf 70' lang='lat' dir='ltr'>e</span> <span class='ocrx_word' id='word_1_272' title='bbox 1548 1321 1571 1358; x_wconf 92' lang='lat' dir='ltr'>il</span> <span class='ocrx_word' id='word_1_273' title='bbox 1596 1322 1774 1372; x_wconf 89' lang='lat' dir='ltr'>reposito-</span> 
     </span>
     <span class='ocr_line' id='line_1_56' title="bbox 1128 1378 1773 1425; baseline -0.002 -9"><span class='ocrx_word' id='word_1_274' title='bbox 1128 1381 1236 1425; x_wconf 80' lang='lat' dir='ltr'>rio·‚“</span> <span class='ocrx_word' id='word_1_275' title='bbox 1278 1384 1315 1415; x_wconf 90' lang='lat' dir='ltr'>et</span> <span class='ocrx_word' id='word_1_276' title='bbox 1340 1379 1374 1414; x_wconf 90' lang='lat' dir='ltr'>in</span> <span class='ocrx_word' id='word_1_277' title='bbox 1400 1384 1486 1415; x_wconf 81' lang='lat' dir='ltr'>nota</span> <span class='ocrx_word' id='word_1_278' title='bbox 1515 1378 1603 1414; x_wconf 83' lang='lat' dir='ltr'>haec</span> <span class='ocrx_word' id='word_1_279' title='bbox 1632 1378 1773 1415; x_wconf 85' lang='lat' dir='ltr'>scribit:</span> 
     </span>
     <span class='ocr_line' id='line_1_57' title="bbox 1128 1434 1778 1483; baseline -0.002 -12"><span class='ocrx_word' id='word_1_280' title='bbox 1128 1449 1224 1482; x_wconf 81' lang='lat' dir='ltr'>„con</span> <span class='ocrx_word' id='word_1_281' title='bbox 1245 1434 1382 1483; x_wconf 70' lang='lat' dir='ltr'>duplice</span> <span class='ocrx_word' id='word_1_282' title='bbox 1398 1438 1521 1483; x_wconf 76' lang='lat' dir='ltr'>porta:</span> <span class='ocrx_word' id='word_1_283' title='bbox 1545 1446 1566 1469; x_wconf 93' lang='grc' dir='ltr'>ο</span> <span class='ocrx_word' id='word_1_284' title='bbox 1586 1434 1648 1482; x_wconf 91' lang='lat' dir='ltr'>piu</span> <span class='ocrx_word' id='word_1_285' title='bbox 1667 1438 1778 1470; x_wconf 80' lang='lat' dir='ltr'>tosto:</span> 
     </span>
     <span class='ocr_line' id='line_1_58' title="bbox 1127 1490 1775 1540; baseline -0.003 -13"><span class='ocrx_word' id='word_1_286' title='bbox 1127 1495 1307 1540; x_wconf 72' lang='lat' dir='ltr'>conperta</span> <span class='ocrx_word' id='word_1_287' title='bbox 1331 1504 1353 1526; x_wconf 81' lang='grc' dir='ltr'>(ι</span> <span class='ocrx_word' id='word_1_288' title='bbox 1375 1491 1440 1526; x_wconf 80' lang='lat' dir='ltr'>due</span> <span class='ocrx_word' id='word_1_289' title='bbox 1468 1491 1648 1538; x_wconf 75' lang='lat' dir='ltr'>imposte.“</span> <span class='ocrx_word' id='word_1_290' title='bbox 1696 1490 1775 1525; x_wconf 88' lang='lat' dir='ltr'>Erit</span> 
     </span>
     <span class='ocr_line' id='line_1_59' title="bbox 1126 1546 1774 1596; baseline -0.005 -13"><span class='ocrx_word' id='word_1_291' title='bbox 1126 1548 1235 1596; x_wconf 84' lang='lat' dir='ltr'>igitur</span> <span class='ocrx_word' id='word_1_292' title='bbox 1253 1547 1367 1582; x_wconf 81' lang='lat' dir='ltr'>minus</span> <span class='ocrx_word' id='word_1_293' title='bbox 1397 1546 1563 1582; x_wconf 76' lang='lat' dir='ltr'>conclave</span> <span class='ocrx_word' id='word_1_294' title='bbox 1585 1560 1611 1581; x_wconf 87' lang='lat' dir='ltr'>s.</span> <span class='ocrx_word' id='word_1_295' title='bbox 1635 1546 1774 1594; x_wconf 77' lang='lat' dir='ltr'>reposi-</span> 
     </span>
     <span class='ocr_line' id='line_1_60' title="bbox 1126 1601 1772 1640; baseline -0.003 -1"><span class='ocrx_word' id='word_1_296' title='bbox 1126 1606 1256 1640; x_wconf 89' lang='lat' dir='ltr'>torium</span> <span class='ocrx_word' id='word_1_297' title='bbox 1294 1602 1420 1638; x_wconf 69' lang='lat' dir='ltr'>bivalvi</span> <span class='ocrx_word' id='word_1_298' title='bbox 1460 1603 1565 1637; x_wconf 61' lang='lat' dir='ltr'>ianua</span> <span class='ocrx_word' id='word_1_299' title='bbox 1604 1601 1772 1637; x_wconf 77' lang='lat' dir='ltr'>clausum.</span> 
     </span>
     <span class='ocr_line' id='line_1_61' title="bbox 1127 1658 1775 1707; baseline -0.002 -13"><span class='ocrx_word' id='word_1_300' title='bbox 1127 1658 1501 1705; x_wconf 73' lang='lat' dir='ltr'>Scliweighaeuserus,</span> <span class='ocrx_word' id='word_1_301' title='bbox 1515 1658 1571 1694; x_wconf 90' lang='lat' dir='ltr'>cui</span> <span class='ocrx_word' id='word_1_302' title='bbox 1586 1670 1657 1693; x_wconf 85' lang='lat' dir='ltr'>non</span> <span class='ocrx_word' id='word_1_303' title='bbox 1673 1671 1775 1707; x_wconf 90' lang='lat' dir='ltr'>pror-</span> 
     </span>
     <span class='ocr_line' id='line_1_62' title="bbox 1127 1713 1772 1762; baseline 0 -12"><span class='ocrx_word' id='word_1_304' title='bbox 1127 1728 1186 1750; x_wconf 89' lang='lat' dir='ltr'>sus</span> <span class='ocrx_word' id='word_1_305' title='bbox 1207 1715 1369 1762; x_wconf 75' lang='lat' dir='ltr'>displicet</span> <span class='ocrx_word' id='word_1_306' title='bbox 1383 1713 1550 1749; x_wconf 76' lang='lat' dir='ltr'>Larcheri</span> <span class='ocrx_word' id='word_1_307' title='bbox 1573 1714 1676 1759; x_wconf 85' lang='lat' dir='ltr'>ratio,</span> <span class='ocrx_word' id='word_1_308' title='bbox 1693 1727 1772 1750; x_wconf 81' lang='lat' dir='ltr'>eam</span> 
     </span>
     <span class='ocr_line' id='line_1_63' title="bbox 1126 1769 1776 1821; baseline 0 -16"><span class='ocrx_word' id='word_1_309' title='bbox 1126 1770 1297 1821; x_wconf 86' lang='lat' dir='ltr'>proponit</span> <span class='ocrx_word' id='word_1_310' title='bbox 1323 1769 1400 1818; x_wconf 90' lang='lat' dir='ltr'>ipse</span> <span class='ocrx_word' id='word_1_311' title='bbox 1428 1769 1776 1818; x_wconf 85' lang='lat' dir='ltr'>interpretationem,</span> 
     </span>
     <span class='ocr_line' id='line_1_64' title="bbox 1128 1820 1774 1876; baseline 0 -15"><span class='ocrx_word' id='word_1_312' title='bbox 1128 1830 1169 1862; x_wconf 88' lang='lat' dir='ltr'>ut</span> <span class='ocrx_word' id='word_1_313' title='bbox 1199 1822 1286 1872; x_wconf 76' lang='grc' dir='ltr'><em>διξὰ</em></span> <span class='ocrx_word' id='word_1_314' title='bbox 1311 1820 1530 1876; x_wconf 75' lang='grc' dir='ltr'><em>θυρώματα</em></span> <span class='ocrx_word' id='word_1_315' title='bbox 1557 1825 1627 1860; x_wconf 87' lang='lat' dir='ltr'>sint</span> <span class='ocrx_word' id='word_1_316' title='bbox 1662 1828 1774 1873; x_wconf 74' lang='lat' dir='ltr'>gemi-</span> 
     </span>
     <span class='ocr_line' id='line_1_65' title="bbox 1127 1880 1775 1931; baseline -0.002 -13"><span class='ocrx_word' id='word_1_317' title='bbox 1127 1886 1233 1918; x_wconf 77' lang='lat' dir='ltr'>natae</span> <span class='ocrx_word' id='word_1_318' title='bbox 1260 1881 1382 1931; x_wconf 81' lang='lat' dir='ltr'>fores,</span> <span class='ocrx_word' id='word_1_319' title='bbox 1418 1883 1528 1917; x_wconf 75' lang='lat' dir='ltr'>ianua</span> <span class='ocrx_word' id='word_1_320' title='bbox 1558 1880 1711 1918; x_wconf 74' lang='lat' dir='ltr'>bivalvis</span> <span class='ocrx_word' id='word_1_321' title='bbox 1740 1888 1775 1919; x_wconf 84' lang='lat' dir='ltr'>et</span> 
     </span>
     <span class='ocr_line' id='line_1_66' title="bbox 1130 1933 1774 1988; baseline -0.005 -12"><span class='ocrx_word' id='word_1_322' title='bbox 1130 1938 1171 1977; x_wconf 79' lang='grc' dir='ltr'>ἐν</span> <span class='ocrx_word' id='word_1_323' title='bbox 1188 1941 1289 1976; x_wconf 86' lang='grc' dir='ltr'><em>τοῖσι</em></span> <span class='ocrx_word' id='word_1_324' title='bbox 1308 1933 1519 1988; x_wconf 76' lang='grc' dir='ltr'><em>θυρώμασι</em></span> <span class='ocrx_word' id='word_1_325' title='bbox 1548 1937 1642 1974; x_wconf 88' lang='lat' dir='ltr'>idem</span> <span class='ocrx_word' id='word_1_326' title='bbox 1664 1942 1774 1986; x_wconf 86' lang='lat' dir='ltr'>atque</span> 
     </span>
     <span class='ocr_line' id='line_1_67' title="bbox 1128 1989 1775 2043; baseline -0.005 -10"><span class='ocrx_word' id='word_1_327' title='bbox 1128 1990 1238 2040; x_wconf 73' lang='grc' dir='ltr'><em>ἐντὸς</em></span> <span class='ocrx_word' id='word_1_328' title='bbox 1258 1996 1335 2032; x_wconf 81' lang='grc' dir='ltr'>τῶν</span> <span class='ocrx_word' id='word_1_329' title='bbox 1352 1989 1612 2043; x_wconf 70' lang='grc' dir='ltr'><em>θυρωμᾶτων.</em></span> <span class='ocrx_word' id='word_1_330' title='bbox 1671 1994 1775 2037; x_wconf 84' lang='lat' dir='ltr'>Quae</span> 
     </span>
     <span class='ocr_line' id='line_1_68' title="bbox 1130 2050 1773 2100; baseline -0.003 -12"><span class='ocrx_word' id='word_1_331' title='bbox 1130 2051 1313 2088; x_wconf 87' lang='lat' dir='ltr'>Creuzero</span> <span class='ocrx_word' id='word_1_332' title='bbox 1359 2050 1502 2100; x_wconf 82' lang='lat' dir='ltr'>placent</span> <span class='ocrx_word' id='word_1_333' title='bbox 1538 2050 1773 2096; x_wconf 85' lang='lat' dir='ltr'>(commentt.</span> 
     </span>
     <span class='ocr_line' id='line_1_69' title="bbox 1129 2106 1774 2156; baseline -0.003 -13"><span class='ocrx_word' id='word_1_334' title='bbox 1129 2107 1293 2144; x_wconf 88' lang='lat' dir='ltr'>Herodd.</span> <span class='ocrx_word' id='word_1_335' title='bbox 1321 2120 1356 2156; x_wconf 88' lang='lat' dir='ltr'>p.</span> <span class='ocrx_word' id='word_1_336' title='bbox 1386 2106 1496 2153; x_wconf 81' lang='grc'>394)</span> <span class='ocrx_word' id='word_1_337' title='bbox 1537 2110 1661 2154; x_wconf 89' lang='lat' dir='ltr'>utpote</span> <span class='ocrx_word' id='word_1_338' title='bbox 1689 2106 1774 2142; x_wconf 89' lang='lat' dir='ltr'>sim—</span> 
     </span>
     <span class='ocr_line' id='line_1_70' title="bbox 1129 2161 1773 2214; baseline -0.002 -16"><span class='ocrx_word' id='word_1_339' title='bbox 1129 2163 1343 2214; x_wconf 81' lang='lat' dir='ltr'>plicissima,</span> <span class='ocrx_word' id='word_1_340' title='bbox 1384 2163 1464 2198; x_wconf 79' lang='lat' dir='ltr'>licet</span> <span class='ocrx_word' id='word_1_341' title='bbox 1495 2164 1693 2209; x_wconf 76' lang='lat' dir='ltr'>geminatas</span> <span class='ocrx_word' id='word_1_342' title='bbox 1708 2161 1773 2211; x_wconf 89' lang='lat' dir='ltr'>fo-</span> 
     </span>
     <span class='ocr_line' id='line_1_71' title="bbox 1129 2217 1775 2267; baseline -0.003 -12"><span class='ocrx_word' id='word_1_343' title='bbox 1129 2233 1182 2256; x_wconf 80' lang='lat' dir='ltr'>res</span> <span class='ocrx_word' id='word_1_344' title='bbox 1199 2220 1293 2255; x_wconf 88' lang='lat' dir='ltr'>haud</span> <span class='ocrx_word' id='word_1_345' title='bbox 1322 2222 1504 2266; x_wconf 76' lang='lat' dir='ltr'>agnoscat.</span> <span class='ocrx_word' id='word_1_346' title='bbox 1563 2217 1689 2263; x_wconf 85' lang='lat' dir='ltr'>„Utut</span> <span class='ocrx_word' id='word_1_347' title='bbox 1708 2218 1775 2267; x_wconf 83' lang='lat' dir='ltr'>igi-</span> 
     </span>
     <span class='ocr_line' id='line_1_72' title="bbox 1129 2271 1771 2323; baseline 0.002 -11"><span class='ocrx_word' id='word_1_348' title='bbox 1129 2280 1188 2312; x_wconf 84' lang='lat' dir='ltr'>tur</span> <span class='ocrx_word' id='word_1_349' title='bbox 1206 2275 1358 2323; x_wconf 67' lang='lat' dir='ltr'>accipias</span> <span class='ocrx_word' id='word_1_350' title='bbox 1379 2288 1420 2309; x_wconf 72' lang='lat' dir='ltr'>:ic</span> <span class='ocrx_word' id='word_1_351' title='bbox 1437 2280 1555 2310; x_wconf 70' lang='lat' dir='ltr'>vertas</span> <span class='ocrx_word' id='word_1_352' title='bbox 1578 2274 1661 2310; x_wconf 90' lang='lat' dir='ltr'>illud</span> <span class='ocrx_word' id='word_1_353' title='bbox 1684 2271 1771 2321; x_wconf 68' lang='grc' dir='ltr'><em>διξοὶ</em></span> 
     </span>
     <span class='ocr_line' id='line_1_73' title="bbox 1127 2327 1775 2380; baseline -0.005 -10"><span class='ocrx_word' id='word_1_354' title='bbox 1127 2327 1349 2380; x_wconf 76' lang='grc' dir='ltr'><em>θυρώματα</em></span> <span class='ocrx_word' id='word_1_355' title='bbox 1386 2334 1498 2377; x_wconf 77' lang='lat' dir='ltr'>(sunt</span> <span class='ocrx_word' id='word_1_356' title='bbox 1526 2331 1634 2367; x_wconf 78' lang='lat' dir='ltr'>verba</span> <span class='ocrx_word' id='word_1_357' title='bbox 1661 2331 1775 2367; x_wconf 85' lang='lat' dir='ltr'>Creu-</span> 
     </span>
     <span class='ocr_line' id='line_1_74' title="bbox 1130 2387 1774 2435; baseline -0.002 -11"><span class='ocrx_word' id='word_1_358' title='bbox 1130 2389 1202 2424; x_wconf 86' lang='lat' dir='ltr'>zeri</span> <span class='ocrx_word' id='word_1_359' title='bbox 1222 2387 1242 2423; x_wconf 93' lang='lat' dir='ltr'>l.</span> <span class='ocrx_word' id='word_1_360' title='bbox 1262 2387 1318 2433; x_wconf 86' lang='lat' dir='ltr'>l.)‚</span> <span class='ocrx_word' id='word_1_361' title='bbox 1336 2400 1477 2435; x_wconf 82' lang='lat' dir='ltr'>semper</span> <span class='ocrx_word' id='word_1_362' title='bbox 1494 2391 1681 2423; x_wconf 83' lang='lat' dir='ltr'>remanent</span> <span class='ocrx_word' id='word_1_363' title='bbox 1701 2387 1774 2423; x_wconf 88' lang='lat' dir='ltr'>sive</span> 
     </span>
     <span class='ocr_line' id='line_1_75' title="bbox 1129 2442 1773 2481; baseline -0.002 -1"><span class='ocrx_word' id='word_1_364' title='bbox 1129 2445 1235 2481; x_wconf 82' lang='lat' dir='ltr'>binae</span> <span class='ocrx_word' id='word_1_365' title='bbox 1272 2444 1367 2480; x_wconf 88' lang='lat' dir='ltr'>fores</span> <span class='ocrx_word' id='word_1_366' title='bbox 1390 2443 1462 2479; x_wconf 77' lang='lat' dir='ltr'>sive</span> <span class='ocrx_word' id='word_1_367' title='bbox 1490 2443 1596 2478; x_wconf 83' lang='lat' dir='ltr'>ianua</span> <span class='ocrx_word' id='word_1_368' title='bbox 1627 2442 1773 2479; x_wconf 85' lang='lat' dir='ltr'>bivalvis</span> 
     </span>
     <span class='ocr_line' id='line_1_76' title="bbox 1130 2498 1774 2548; baseline -0.003 -11"><span class='ocrx_word' id='word_1_369' title='bbox 1130 2504 1165 2537; x_wconf 86' lang='lat' dir='ltr'>et</span> <span class='ocrx_word' id='word_1_370' title='bbox 1193 2500 1339 2548; x_wconf 90' lang='lat' dir='ltr'>quidem</span> <span class='ocrx_word' id='word_1_371' title='bbox 1371 2499 1406 2535; x_wconf 90' lang='lat' dir='ltr'>in</span> <span class='ocrx_word' id='word_1_372' title='bbox 1438 2498 1590 2547; x_wconf 87' lang='lat' dir='ltr'>sepulcri</span> <span class='ocrx_word' id='word_1_373' title='bbox 1609 2504 1774 2535; x_wconf 79' lang='lat' dir='ltr'>constru-</span> 
     </span>
     <span class='ocr_line' id='line_1_77' title="bbox 1129 2554 1775 2602; baseline -0.005 -9"><span class='ocrx_word' id='word_1_374' title='bbox 1129 2557 1247 2593; x_wconf 90' lang='lat' dir='ltr'>ctione</span> <span class='ocrx_word' id='word_1_375' title='bbox 1278 2569 1320 2592; x_wconf 87' lang='lat' dir='ltr'>ac</span> <span class='ocrx_word' id='word_1_376' title='bbox 1350 2555 1507 2592; x_wconf 87' lang='lat' dir='ltr'>defuncti</span> <span class='ocrx_word' id='word_1_377' title='bbox 1531 2555 1626 2602; x_wconf 84' lang='lat' dir='ltr'>regis</span> <span class='ocrx_word' id='word_1_378' title='bbox 1650 2554 1775 2591; x_wconf 87' lang='lat' dir='ltr'>condi-</span> 
     </span>
     <span class='ocr_line' id='line_1_78' title="bbox 1130 2610 1774 2654; baseline -0.002 -6"><span class='ocrx_word' id='word_1_379' title='bbox 1130 2613 1274 2649; x_wconf 89' lang='lat' dir='ltr'>ditorio.</span> <span class='ocrx_word' id='word_1_380' title='bbox 1307 2612 1426 2654; x_wconf 81' lang='lat' dir='ltr'>Quam</span> <span class='ocrx_word' id='word_1_381' title='bbox 1446 2624 1519 2648; x_wconf 90' lang='lat' dir='ltr'>rem</span> <span class='ocrx_word' id='word_1_382' title='bbox 1543 2611 1570 2646; x_wconf 82' lang='lat' dir='ltr'>si</span> <span class='ocrx_word' id='word_1_383' title='bbox 1591 2624 1669 2646; x_wconf 89' lang='lat' dir='ltr'>cum</span> <span class='ocrx_word' id='word_1_384' title='bbox 1689 2610 1774 2647; x_wconf 87' lang='lat' dir='ltr'>Cle-</span> 
     </span>
     <span class='ocr_line' id='line_1_79' title="bbox 1130 2666 1773 2716; baseline -0.002 -12"><span class='ocrx_word' id='word_1_385' title='bbox 1130 2669 1258 2705; x_wconf 86' lang='lat' dir='ltr'>mentis</span> <span class='ocrx_word' id='word_1_386' title='bbox 1280 2667 1540 2716; x_wconf 68' lang='lat' dir='ltr'>porphyriique</span> <span class='ocrx_word' id='word_1_387' title='bbox 1561 2666 1773 2703; x_wconf 84' lang='lat' dir='ltr'>testimoniis</span> 
     </span>
     <span class='ocr_line' id='line_1_80' title="bbox 1129 2722 1771 2771; baseline -0.003 -10"><span class='ocrx_word' id='word_1_388' title='bbox 1129 2726 1321 2770; x_wconf 84' lang='lat' dir='ltr'>conferas,</span> <span class='ocrx_word' id='word_1_389' title='bbox 1371 2724 1579 2771; x_wconf 74' lang='lat' dir='ltr'>cogitesque</span> <span class='ocrx_word' id='word_1_390' title='bbox 1616 2722 1771 2759; x_wconf 64' lang='lat' dir='ltr'>indolem</span> 
     </span>
     <span class='ocr_line' id='line_1_81' title="bbox 1130 2779 1770 2829; baseline -0.005 -12"><span class='ocrx_word' id='word_1_391' title='bbox 1130 2780 1408 2829; x_wconf 72' lang='lat' dir='ltr'>Aegyptiorum,</span> <span class='ocrx_word' id='word_1_392' title='bbox 1439 2780 1579 2824; x_wconf 89' lang='lat' dir='ltr'>omnia,</span> <span class='ocrx_word' id='word_1_393' title='bbox 1611 2791 1703 2826; x_wconf 86' lang='lat' dir='ltr'>quae</span> <span class='ocrx_word' id='word_1_394' title='bbox 1723 2779 1770 2814; x_wconf 84' lang='lat' dir='ltr'>ad</span> 
     </span>
     <span class='ocr_line' id='line_1_82' title="bbox 1130 2835 1771 2885; baseline -0.005 -12"><span class='ocrx_word' id='word_1_395' title='bbox 1130 2842 1290 2873; x_wconf 77' lang='lat' dir='ltr'>mortuos</span> <span class='ocrx_word' id='word_1_396' title='bbox 1310 2837 1375 2873; x_wconf 89' lang='lat' dir='ltr'>rite</span> <span class='ocrx_word' id='word_1_397' title='bbox 1399 2835 1667 2885; x_wconf 87' lang='lat' dir='ltr'>componendos</span> <span class='ocrx_word' id='word_1_398' title='bbox 1688 2846 1771 2884; x_wconf 88' lang='lat' dir='ltr'>per-</span> 
     </span>
    </p>
   </div>
  </div>
 </body>
</html>
