1909 3228
451 237 536 278 :398

856 231 1323 273 HERODOTI

453 345 527 389 καὶ
562 340 874 399 τετρωρόφων,
930 341 1240 399 κατατέτμηται
1273 340 1349 393 τοὶς
1385 338 1517 395 ὁδούς
1555 341 1711 392 ἰθείας,

452 422 529 475 τάς
558 439 602 467 τε
632 421 788 472 ἄλλας,
833 420 907 464 καὶ
935 419 1011 471 τὰς
1047 420 1299 475 ἐπικαρσίας
1326 419 1403 471 τοὶς
1432 420 1500 464 ἐπὶ
1527 422 1605 465 τὸν
1633 437 1711 464 πο-

426 501 596 557 5ταμόν
634 498 826 555 ἐχούσας.
883 499 993 542 κατὰ
1035 498 1088 555 δή
1126 494 1188 542 ὦν
1228 498 1410 555 ἑκάστην
1448 497 1554 543 ὁδόν
1583 499 1630 543 ἐν
1657 503 1711 557 τῇ

456 583 635 636 αἱμασιῇ
664 582 718 635 τῇ
746 576 865 633 παρά
893 577 970 621 τὸν
998 577 1195 634 ποταμὸν
1213 580 1386 629 πυλίδες
1404 578 1581 633 ἐπῆσαν,
1611 578 1712 622 ὅσαι

452 674 532 713 περ
565 659 611 701 αἱ
637 661 811 713 λαῦραι,
841 661 1048 701 τοσαῦται
1078 655 1283 714 ἀριθμόν.
1321 652 1433 714 ἦσαν
1462 655 1509 700 ὸὲ
1535 656 1607 700 καὶ
1636 650 1769 699 αὗ-7ο

452 753 522 781 ται
553 735 752 793 χάλκεαι,
789 736 1005 794 φέρουσαι
1034 738 1106 781 καὶ
1137 735 1264 781 αὐταὶ
1292 736 1335 789 ἐς
1365 735 1502 781 αὐτὸν
1530 734 1608 780 τὸν
1636 751 1713 779 πο-

436 909 718 963 κατατέτμηται
727 906 798 957 τοὶς
810 906 930 957 ἆδοῦς
950 907 1051 948 ‘'asi-

399 973 471 1018 ας]
503 968 704 1018 Schweigh.
735 966 910 1018 explicat:
934 980 1050 1004 κατα-

397 1023 638 1077 τετμημένας
680 1022 756 1075 ἔχει
797 1019 867 1070 τάς
910 1018 1051 1070 ὁδούς;

397 1083 527 1123 melius
553 1084 685 1131 opinor
716 1079 847 1117 Matth.
886 1079 951 1116 Gr.
984 1078 1050 1116 Gr.

398 1152 485 1192 pag·
505 1138 608 1180 564:
649 1133 748 1176 ω’στε
777 1135 908 1182 ἰθείας
937 1131 1052 1182 εἶναι,

399 1208 550 1234 monens
567 1206 714 1244 quoque
733 1193 780 1230 de
789 1191 953 1230 articuli‘
945 1204 983 1228 in
998 1191 1052 1228 his

400 1257 437 1291 et
454 1252 487 1289 vi
506 1255 543 1290 et
562 1250 640 1289 loco
653 1279 664 1299 ,
685 1262 792 1300 quem
816 1252 979 1299 occupat.
1010 1247 1052 1285 In

398 1309 517 1347 verbis
540 1308 703 1358 proxime
721 1306 971 1355 sequentibus,
987 1316 1053 1339 vo-

400 1364 516 1402 culam
536 1360 606 1410 τοὶς
623 1367 707 1401 ante
728 1361 962 1413 ἐπικαρσίας
986 1361 1053 1397 de-

401 1420 511 1458 letam
529 1420 605 1457 vult
619 1418 892 1464 Valckenarius,
911 1421 950 1454 ut
967 1428 1053 1453 sen-

400 1490 464 1513 sus
495 1476 525 1513 is
556 1477 634 1514 sere
663 1475 749 1511 inde
778 1477 985 1511 enascatur:
1015 1473 1054 1509 in

401 1535 480 1570 vias
501 1532 616 1569 urbem
636 1531 787 1568 divisam
802 1528 932 1579 fuisse,
963 1531 1052 1564 cete-

401 1602 463 1627 ras
483 1588 620 1639 quidem
643 1591 778 1633 rectas,
795 1585 854 1622 sed
874 1589 1051 1622 transver-

400 1660 479 1693 sas,
516 1657 604 1695 quae
631 1643 679 1681 acl
710 1644 846 1693 flumen
875 1641 1052 1691 ferebant.

401 1701 482 1740 Nec
501 1705 623 1738 tamen
641 1700 696 1737 his
721 1698 841 1748 paruit
866 1697 1055 1744 Schweig-

400 1758 620 1804 haeuserus,
650 1755 786 1806 optime
807 1753 875 1790 loci
907 1764 1053 1789 sensum

401 1814 589 1860 indicans,
627 1815 664 1849 et
694 1814 780 1847 ante
812 1822 894 1846 eum
919 1807 1056 1844 Schae-

400 1871 500 1907 ferus
523 1869 570 1906 ad
591 1868 704 1916 Greg.
726 1864 891 1903 Corinth.
913 1877 948 1914 p.
961 1861 1054 1904 564

400 1925 471 1963 Est
490 1926 584 1963 enim
604 1924 693 1961 haec
703 1921 884 1959 Herodoti
908 1923 1056 1957 senten-

401 1982 471 2019 tia:
496 1993 558 2032 per
588 1980 701 2018 urbem
727 1978 854 2015 ductas
887 1989 957 2013 esse
979 1977 1056 2012 vias

403 2041 518 2076 rectas
549 2050 579 2074 s.
605 2036 653 2074 ad
669 2036 797 2072 lineam
817 2037 952 2079 sectas,
983 2036 1056 2069 tam

401 2095 556 2145 reliquas
573 2089 662 2142 (τοὶς
673 2089 811 2140 ἄλλας)
824 2103 927 2140 quam
939 2093 1056 2125 trans-

402 2164 522 2189 versas
557 2147 648 2199 (τοὶς
666 2147 941 2200 ἐπικαρσίας),
973 2156 1059 2195 qnae

403 2208 452 2246 ad
481 2208 617 2258 flumen
657 2205 852 2243 tendebant.
918 2203 1058 2240 Omnes

403 2265 512 2314 igitur
530 2263 629 2310 vias,
648 2265 829 2312 quotquot
847 2272 914 2310 per
932 2258 1058 2295 urbem

404 2322 536 2359 ductae
575 2321 741 2366 fuerunt,
794 2320 909 2354 rectas
944 2315 1059 2352 fuisse

403 2377 479 2415 vult
505 2377 580 2413 sive
609 2375 657 2413 ad
681 2375 813 2412 lineam
842 2375 969 2410 sectas.
1000 2389 1056 2396 -—-

402 2432 463 2471 Ad
491 2428 679 2483 ἐχούσας,
730 2431 831 2468 cuius
861 2428 939 2465 loco
969 2425 1054 2463 edd.

403 2493 490 2528 vett.
513 2484 710 2541 ἀγούσας,
739 2487 833 2525 conf.
855 2485 894 2532 I,
916 2485 1006 2524 191.

459 2546 622 2590 πυλίδες
666 2543 842 2595 ἐπῆσαν]
902 2539 1055 2589 ἐπῆσαν

405 2602 543 2639 dabant
582 2600 682 2648 libri,
726 2600 858 2650 quibus
889 2597 965 2633 iure
995 2607 1054 2632 re-

406 2662 512 2695 centt.
532 2658 632 2696 editt.
653 2660 738 2693 sunt
750 2653 922 2692 obsecuti.
966 2650 1056 2687 iul-

407 2725 456 2760 go
490 2710 685 2765 ἐπῄεσαν,
732 2712 832 2762 quod
868 2709 1053 2746 Werferus

406 2768 444 2805 in
480 2767 574 2806 Actt.
608 2768 806 2819 philologg.
843 2765 1006 2803 Monace.
1037 2762 1053 2800 Ι

407 2825 546 2875 1›.104
564 2829 738 2861 mutatum
755 2823 866 2861 voluit
886 2823 922 2858 in
942 2814 1054 2870 ε’πήε-

408 2891 505 2930 σαν,
534 2892 775 2933 qmunquam,
803 2883 843 2918 ut
867 2878 960 2918 bene
987 2889 1056 2916 uo·-

1118 913 1172 947 tat
1200 910 1417 960 Schweigh„
1456 908 1665 948 huiusmodi
1693 908 1771 946 for-

1117 967 1230 1004 main
1255 967 1384 1017 plurali
1404 967 1460 1003 vix
1481 966 1642 1004 occurrit.
1670 964 1771 1002 Infra

1117 1023 1318 1071 V11,176
1350 1023 1478 1061 eodem
1509 1022 1618 1059 modo
1646 1015 1771 1059 πύλαι

1119 1078 1284 1130 ἐπῆσαν.
1342 1081 1504 1130 Λαῦραι
1537 1090 1631 1127 quae
1665 1077 1771 1114 dein-

1120 1149 1208 1186 ceps
1229 1135 1482 1186 appellantur,
1504 1146 1578 1171 non
1602 1133 1694 1170 aliae
1716 1136 1774 1170 at-

1121 1205 1193 1242 que
1217 1190 1301 1233 ὁδοὶ
1333 1205 1425 1241 quas
1453 1195 1539 1229 ante
1568 1191 1773 1236 vocaverat,

1119 1251 1200 1286 vias
1228 1262 1258 1285 s.
1284 1247 1425 1298 plateas
1444 1248 1550 1285 urbis.
1592 1245 1657 1284 Cr.
1685 1257 1774 1282 con-

1120 1307 1191 1343 sert
1209 1305 1437 1342 Eustathium
1455 1305 1503 1341 ad
1520 1299 1774 1351 Odyss.XX1[

1119 1375 1205 1412 pag.
1228 1364 1334 1408 777,
1365 1362 1413 1398 ad
1432 1361 1532 1397 Iliad.
1553 1371 1638 1410 pag.
1653 1359 1773 1399 1108.

1120 1417 1411 1465 Schweighaeus.
1440 1417 1488 1453 ad
1526 1415 1657 1452 Athen.
1688 1412 1774 1460 XII,

1114 1474 1174 1515 ’57
1196 1487 1232 1523 p.
1257 1474 1349 1514 540.
1387 1472 1657 1509 Animadverss.
1678 1474 1703 1506 t.
1720 1468 1772 1506 Vl

1119 1543 1156 1580 p.
1179 1531 1260 1570 469
1283 1529 1339 1566 ed.
1362 1528 1530 1576 Schwgh.
1561 1527 1656 1564 Add.
1675 1526 1772 1563 Gre-

1120 1598 1198 1634 gor.
1214 1585 1376 1622 Corinth.
1396 1598 1431 1634 p.
1445 1584 1525 1625 505
1545 1583 1629 1632 ibiq.
1651 1583 1771 1619 Koen.

1122 1647 1157 1679 et
1176 1643 1275 1678 ssast.
1307 1640 1606 1688 „Boissonadius
1627 1639 1675 1676 ad
1691 1638 1775 1674 Ari-

1121 1703 1273 1735 staenet.
1301 1711 1337 1747 p.
1361 1698 1442 1738 359
1473 1711 1493 1734 e
1521 1696 1644 1745 glossa
1674 1695 1775 1732 codi-

1122 1754 1172 1791 cis
1196 1753 1321 1790 affert:
1361 1748 1547 1803 Λαύρας·
1575 1747 1646 1798 τοὶς
1677 1753 1774 1789 πλα-

1122 1809 1228 1855 τείας
1260 1803 1400 1859 ῥύμας.
1463 1810 1603 1845 Contra
1633 1807 1773 1844 Coraes

1124 1866 1192 1914 (ad
1204 1864 1297 1901 Plut.
1317 1865 1440 1901 Crass.
1462 1865 1531 1902 vol.
1550 1863 1600 1901 ΙΙΙ
1621 1877 1657 1914 p.
1670 1863 1773 1911 429)

1124 1935 1168 1960 ex
1208 1921 1400 1958 Eustathio
1443 1925 1553 1971 atque
1589 1920 1774 1969 Hesychio

1123 1979 1277 2029 λαῦραν
1326 1978 1474 2028 exponit
1518 1973 1717 2016 στενωπὸν
1744 1971 1776 2027 ἦ

1125 2031 1258 2087 ῥύμην
1293 2029 1455 2084 στενήν,
1501 2034 1648 2072 minime
1688 2045 1776 2070 vero

1125 2094 1313 2130 πλατεῖαν
1336 2086 1479 2141 ῥ’ύμηι.
1535 2089 1589 2126 Ac
1618 2089 1777 2137 denique

1126 2147 1267 2192 Psellus
1295 2146 1414 2196 Epist.
1441 2145 1564 2182 XXVI
1591 2145 1655 2192 (in
1683 2145 1776 2182 See-

1125 2204 1212 2240 bod.
1235 2207 1270 2240 et
1287 2202 1543 2239 Friedemauu.
1566 2200 1714 2238 Miscell.
1728 2200 1774 2248 ll,

1128 2258 1155 2301 4
1182 2273 1217 2310 p.
1236 2259 1337 2306 620)
1350 2258 1492 2295 scribit:
1523 2259 1595 2308 τῆς
1616 2254 1658 2296 δὲ
1678 2253 1774 2295 λαύ-

1127 2330 1198 2364 ρας
1208 2317 1288 2353 1ko
1308 2314 1472 2353 κελλίων
1493 2314 1682 2365 δοθείσης
1692 2327 1774 2365 μοι,

1126 2372 1299 2427 ιὼίἡοοηΐ.
1320 2372 1424 2408 110t.“
1463 2370 1529 2408 Cr.

1178 2428 1282 2479 ἦσαν
1303 2425 1346 2466 δὲ
1373 2426 1440 2466 καὶ
1460 2421 1577 2466 αὗται
1595 2421 1771 2478 χάλκεαι]

1122 2482 1172 2520 Et
1193 2497 1254 2522 eas
1280 2484 1441 2534 portulas
1460 2496 1593 2522 aeneas
1615 2496 1697 2521 esse
1718 2483 1774 2520 di-

1122 2541 1190 2587 cit,
1221 2540 1525 2589 quemadmodum
1548 2540 1650 2587 illas,
1680 2551 1772 2589 quas

1121 2597 1158 2633 in
1180 2598 1270 2633 muri
1292 2597 1457 2635 exteriori
1481 2597 1617 2634 ambitu
1635 2608 1679 2634 ex
1689 2608 1774 2634 aere

1122 2655 1240 2690 saetas
1257 2657 1518 2691 memoraverat
1538 2653 1565 2700 l,
1587 2655 1676 2693 179.
1695 2651 1774 2691 Ad-

1123 2710 1197 2757 dit,
1227 2713 1260 2746 et
1294 2712 1391 2760 ipsas
1422 2709 1487 2747 kas
1513 2708 1674 2759 portulas
1707 2708 1774 2756 (ut

1121 2766 1198 2802 vias
1227 2766 1415 2815 singulas)
1459 2765 1507 2804 ad
1537 2765 1626 2802 hunc
1662 2767 1773 2815 ipsum

1115 2823 1271 2872 fluvium
1308 2823 1440 2859 (lucere.
1498 2821 1539 2859 ln
1567 2834 1641 2870 quo
1673 2819 1773 2870 quod

1122 2878 1316 2918 offenderit
1328 2879 1375 2920 W
1378 2880 1534 2919 erserum
1548 2877 1571 2916 l.
1583 2877 1605 2915 1.
1627 2877 1642 2915 l
1654 2890 1692 2930 p.
1705 2878 1772 2927 83,
