1909 3228
350 681 380 726 2
388 682 411 726 l
419 682 448 725 2
504 680 698 737 γαπίσης.

174 744 286 786 Matriq
298 745 391 785 filium
401 754 433 773 re

174 783 303 814 petentur·
317 787 426 809 mmac.

503 258 587 300 468

915 255 1382 297 HERODOTI

473 366 656 417 3οἴνου,
686 358 829 407 εὗδον.
859 364 904 408 οἰ
931 363 978 408 δὲ
1007 363 1172 421 Πέρσαι
1201 364 1452 418 ἐπελθόντες
1474 366 1662 419 πολλοῦς
1676 366 1756 424 μέν

503 454 650 500 σφεων
677 440 944 498 ἐφόνευσαν,
977 447 1123 502 πολλῷ
1153 441 1195 487 δ’
1228 444 1288 487 ἔτι
1307 448 1496 496 πλεῦνας
1520 445 1753 503 ἐζώρησαν,

501 522 575 566 καὶ
603 519 782 573 ἄλλους,
812 522 885 566 καὶ
913 520 992 565 τὸν
1019 525 1093 579 τῆς
1123 523 1339 579 βασιλείης
1364 520 1579 578 Τομύριος
1606 527 1753 577 παῖδα,
1766 531 1811 566 35

501 599 818 656 στρατηγέοντα
846 600 1188 658 Μασσαγετέων,
1228 604 1289 658 τῷ
1319 600 1489 657 οὔνομα
1521 597 1578 657 ἦν
1603 607 1754 658 Σπαρ-

752 677 812 722 Ἡ
836 679 905 733 δὲ,
952 680 1179 737 πυθομένη
1218 679 1271 723 τά
1308 697 1353 724 τε
1389 681 1487 735 περὶ
1524 680 1603 736 τὴν
1632 692 1755 736 στρα-

436 761 448 766 “
503 757 601 815 τιήν
627 758 836 815 γεγονότα
875 759 949 803 καὶ
985 758 1037 802 τὰ
1077 759 1172 815 περὶ
1208 758 1287 803 τόν
1325 761 1483 810 παῖδα,
1528 760 1756 816 πέμπουσα

472 836 674 893 Ξκήρυκα
703 836 822 892 παρα
852 841 1027 893 Κῦρον,
1055 838 1168 895 ἔλεγε
1196 837 1319 882 τάδε·

1362 836 1595 894 ,,”Απληστε
1625 840 1752 894 αἵμα-

501 932 612 968 ,,τος
640 919 781 971 Κῦρε,
809 916 944 973 μηδὲν
972 917 1167 974 ἐπαρθῇς
1195 921 1256 975 τῷ
1290 916 1488 974 γεγονότι
1515 919 1625 976 τῷδε
1646 915 1754 973 πρή-

501 1027 527 1047 ,,
563 1010 686 1050 ματι,
733 995 771 1038 εί
797 993 1016 1052 ἀμπελίνῳ
1045 999 1222 1052 καρπῷ,
1262 1001 1322 1055 τῷ
1354 1012 1433 1051 περ
1475 995 1602 1040 αὐτοὶ
1631 997 1749 1052 έμπι-
1765 999 1810 1036 40

500 1071 750 1130 ,,πλοῖμενοι
780 1076 985 1129 μαίνεσθε
1015 1073 1156 1127 οὕτω,
1195 1073 1302 1119 ὥστε
1330 1075 1557 1126 κατιόντος
1585 1078 1666 1119 τοῦ
1695 1075 1755 1118 οἰ’-

496 1168 619 1204 ,,νου
648 1151 691 1203 ές
719 1153 768 1196 τὸ
799 1157 950 1210 σῶμα,
999 1152 1297 1197 έπαναπλεόειν
1333 1154 1439 1210 ὑμῖν
1478 1155 1581 1198 ἔπεα
1622 1152 1751 1205 κακοὶ,

492 1263 517 1282 ,,
529 1229 716 1291 τοιούτῳ
747 1232 966 1290 φαρμάκῳ
997 1232 1213 1288 δολώσας,
1244 1232 1482 1290 ἐκράτησας
1500 1232 1656 1284 παιδὸς
1676 1235 1754 1276 τοῦ

465 1315 524 1362 3,,
536 1309 646 1366 ἐμοῦ
653 1342 666 1363 ,
714 1309 816 1354 ἀλλ’
845 1310 899 1355 οὐ
931 1311 1045 1368 μάχῃ
1074 1313 1184 1356 κατὰ
1220 1313 1268 1357 τὸ
1298 1311 1522 1367 καρτερόν.
1578 1315 1663 1356 νῦν
1692 1305 1810 1355 ὦν45

493 1404 610 1444 »μευ
647 1384 698 1432 εὗ
734 1390 1056 1448 παραινεούσης
1093 1390 1283 1448 ὑπόλαβε
1325 1390 1404 1435 τόν
1442 1389 1587 1447 λόγον.
1646 1388 1751 1433 ἄπο-

493 1466 637 1518 ,,δούς
663 1483 739 1523 μοι
766 1467 844 1511 τόν
871 1471 1020 1513 παῖδα.
1080 1469 1208 1514 ἄπιθι
1246 1469 1293 1514 ἐκ
1333 1471 1461 1526 τῆσδε
1500 1473 1575 1525 τῆς
1610 1467 1751 1524 χώρης

494 1541 730 1602 ,,ἆζήμιος,
780 1547 1105 1604 Μασσαγετέων
1139 1549 1405 1606 τριτημορίδι
1442 1550 1523 1592 τοῦ
1560 1549 1750 1603 στρατοῦ

438 1771 671 1824 Xenophont.
706 1775 723 1812 Ι
760 1787 846 1826 pag.
877 1776 959 1818 527
993 1777 1081 1827 ibiq.

437 1828 535 1866 laud.
574 1830 693 1868 Sturz.
730 1832 777 1870 de
818 1833 959 1870 dialect.
997 1832 1085 1871 Ale-

437 1885 564 1921 xandr.
584 1898 670 1935 pag.
690 1888 763 1928 151
792 1901 894 1938 seqq.
923 1889 1084 1927 Fischer.

437 1939 476 1976 in
506 1941 617 1978 Indic.
658 1944 705 1980 ad
744 1943 955 1995 Palaephat.
992 1959 1020 1982 s.
1052 1958 1086 1983 v.

438 1995 660 2035 Philemonis
695 1997 819 2039 Lexic.
857 2001 896 2039 in
933 1998 1086 2041 ἄνασσα

437 2065 524 2104 pag.
547 2054 637 2094 12.“
666 2054 732 2094 Cr.

605 2193 637 2232 c
654 2207 675 2233 a
692 2208 731 2247 p
768 2196 918 2236 ccxn

494 2274 618 2328 μηδὲν
647 2277 831 2335 ἐπαρθῇς
853 2302 910 2312 --
942 2280 988 2321 εἰ
1014 2297 1086 2333 αμ-

439 2333 586 2387 πελίνῳ
601 2339 744 2389 καρπῷ
763 2352 798 2376 κ.
815 2353 847 2376 τ.
867 2335 917 2389 λ.]
950 2337 1034 2377 sih.
1061 2338 1084 2375 l.

439 2401 583 2427 causam
617 2392 758 2440 reddit,
802 2393 863 2431 ubi
899 2390 1025 2431 alias
1010 2390 1082 2432 ότι.

439 2445 548 2482 conf.
578 2445 707 2485 Matth.
722 2449 787 2485 Gr.
811 2450 876 2495 Gr.
902 2463 938 2500 p.
963 2452 1084 2492 1252·

438 2499 602 2539 Pertinet
619 2516 704 2541 vero
730 2504 820 2543 haec
848 2505 1022 2556 particula
1052 2505 1089 2545 εἰ

439 2557 487 2593 ad
497 2554 711 2610 ἐκράτησας
722 2558 863 2608 παιδὸς
883 2563 956 2601 τοῦ
975 2560 1085 2614 ἐμοῦ

495 2665 767 2711 ἐπαναπλῶειν
783 2670 882 2723 υμῖν
899 2671 994 2712 ἔπεα
1019 2689 1086 2712 κα-

439 2717 514 2771 κᾶ]
544 2723 801 2765 ἐπαναπλέειν
827 2729 967 2777 plurimi
1006 2729 1086 2766 libri

437 2781 546 2824 atque
566 2779 769 2820 Athenaeus
791 2784 876 2821 xlv
894 2785 968 2822 init.
1008 2786 1082 2823 Sed

439 2829 513 2866 Eus
517 2834 644 2871 tathius
662 2839 709 2874 ad
728 2839 829 2876 Iliad.
854 2837 886 2878 σ’
907 2854 943 2891 p.
963 2844 1081 2888 1212,

442 2888 503 2926 12
532 2884 566 2925 υ’
593 2903 677 2940 pag.
699 2895 824 2942 1330,
844 2898 907 2937 28.
943 2897 1078 2946 Odys-s

1151 1774 1183 1817 τ’
1205 1791 1293 1829 pag.
1318 1777 1424 1825 685,
1447 1780 1499 1819 16
1518 1778 1577 1817 ed.
1597 1777 1685 1816 Bas.
1706 1777 1807 1816 exhi-

1150 1835 1214 1872 bet
1236 1830 1483 1882 ἅναπλώειν,·
1510 1835 1619 1899 quod.
1631 1846 1710 1871 cum
1729 1846 1807 1870 ma-

1152 1891 1209 1940 gis
1229 1891 1442 1929 Herodoteo
1467 1889 1621 1929 sermoni
1651 1902 1806 1937 congru-

1154 1951 1231 1985 eret
1253 1947 1376 1997 (conf.
1405 1946 1571 1994 V1,26.
1600 1948 1666 1987 33
1690 1947 1804 1994 116),

1156 2015 1252 2040 nunc
1289 2003 1479 2041 ediderunt
1513 1996 1804 2042 ἐπαναπλοίειν.

1156 2057 1216 2096 Ad
1253 2059 1353 2097 verbi
1390 2058 1687 2108 significationem
1717 2061 1804 2108 apte

1155 2119 1280 2153 monet
1317 2114 1603 2164 Wesselingius‚
1645 2114 1805 2151 indicare

1156 2170 1355 2220 Tomyrin,
1380 2171 1483 2207 ebriis
1506 2182 1644 2207 sursum
1671 2169 1805 2206 tendere

1154 2230 1187 2264 et
1216 2229 1318 2278 quasi
1345 2228 1383 2263 in
1415 2238 1471 2263 ore
1499 2230 1623 2264 natare
1647 2225 1801 2276 improba

1153 2284 1269 2320 verba
1300 2302 1356 2312 —
1393 2281 1435 2319 In
1463 2295 1566 2332 seqq.
1603 2296 1802 2335 φαρμακῳ

1154 2334 1331 2386 δολωσας
1371 2338 1469 2375 haud
1508 2339 1630 2376 differt
1663 2339 1708 2375 ab
1740 2351 1798 2385 en,

1151 2396 1307 2445 quod,
1269 2395 1310 2432 Ι
1329 2393 1411 2437 214
1434 2399 1551 2433 exstat
1571 2391 1670 2434 ἕλων
1687 2389 1799 2448 δόλῳ.

1207 2523 1232 2546 v
1247 2522 1276 2545 π
1290 2522 1309 2547 ο
1302 2502 1342 2546 ’λ
1355 2522 1379 2545 α
1392 2507 1416 2559 β
1429 2521 1445 2546 ε
1471 2504 1537 2547 τόν
1555 2501 1729 2560 λόγον]“’
1701 2521 1800 2546 υπο-

1152 2559 1370 2614 λαμβανειν
1416 2564 1512 2602 idem
1563 2577 1646 2602 esse
1691 2567 1800 2612 atque

1151 2618 1420 2670 υποδέχεσθαι
1450 2620 1519 2657 hoc
1539 2619 1618 2657 loco
1636 2631 1801 2668 compro-

1152 2676 1216 2713 bat
1238 2676 1401 2714 Thomas
1423 2675 1571 2723 Magist.
1594 2687 1681 2726 pag.
1703 2674 1797 2716 875.

1151 2752 1206 2759 —-
1244 2731 1332 2768 Mox
1368 2730 1606 2782 κατυβρίσας
1632 2730 1795 2768 additum

1149 2786 1257 2824 habet
1276 2787 1450 2833 dativum3
1476 2799 1588 2836 quare
1606 2786 1721 2823 rarior
1738 2790 1796 2822 est

1147 2846 1347 2890 structura,
1377 2847 1451 2880 not.
1480 2841 1610 2880 Matth.
1640 2842 1703 2878 Gr.
1724 2840 1790 2878 Gr.

1146 2912 1232 2949 pag.
1253 2901 1345 2942 696.
