1909 3228
251 336 349 382 118

115 405 261 443 Astyagen
285 401 359 430 iram

112 436 291 465 dissimulat.

411 214 496 254 286

805 207 1272 248 HERODOTI

487 322 706 377 ’Ἅρπαγος
723 319 801 375 μὲν
819 317 872 374 δὴ
889 316 968 360 τόν
991 315 1096 360 ἰθύν
1126 316 1278 372 ἔφαινε
1307 316 1452 374 λόγον.
1493 315 1665 361 Ἀστυά-
1678 323 1722 357 80

414 419 494 460 γης
511 402 577 453 δὲ,
598 400 804 454 κρύπτων
828 396 906 440 τόν
935 397 978 439 οἱ
1003 395 1163 452 ἐνείχεε·
1172 395 1300 451 χόλον
1317 396 1389 439 διὰ
1409 395 1457 440 τὸ
1477 395 1668 452 γεγονός,

413 485 564 538 πρῶτα
587 479 665 534 μὲν
687 475 877 530 κατάπερ
899 475 1061 531 ἤκουσε
1079 473 1208 525 αὐτὸς
1227 474 1335 528 πρὸς
1353 478 1432 518 τοῦ
1445 473 1667 530 βουκόλου

410 559 460 605 τὸ
481 563 670 614 πρῆγμα,
697 554 829 599 πάλιν
849 552 1056 610 ἀπηγέετο
1080 557 1142 610 τῷ
1156 551 1375 610 Ἁρπάγῳ·
1407 553 1511 608 μετὰ
1531 553 1590 605 δὲ,
1612 554 1670 604 ὥς

412 641 457 683 οἱ
479 635 806 691 ἐπαλιλλόγητο,
833 633 1058 689 κατέβαινε
1075 633 1232 689 λέγων,
1260 630 1318 683 ὠς
1351 633 1567 687 »περίεστί
1583 647 1627 675 τε
1646 630 1670 674 ὁ

383 721 547 770 2,,παῖς
561 746 571 766 ,
591 716 661 760 καὶ
681 713 730 758 τὸ
751 713 930 770 γεγονός
951 713 1032 769 ἔχει
1050 716 1201 763 καλῶς.
1237 715 1308 768 Τῷ
1332 727 1376 755 τε
1392 711 1475 768 γὰρ
1496 725 1670 766 πεποιη-

410 796 580 854 ,,μένῳ,
601 795 684 851 ἔφη
702 794 862 850 λέγων,
891 792 934 844 ἐς
952 791 1030 835 τὸν
1064 793 1200 835 παῖδα
1218 795 1378 834 τοῦτον
1397 790 1587 846 ἔκαμνον
1605 805 1672 846 με-
1685 794 1728 830 85

413 910 439 928 „
451 875 618 934 γάλως,
651 874 725 918 καὶ
744 872 930 928 θυγατρὶ
951 875 1004 929 τῇ
1024 870 1104 928 ἐμῇ
1121 869 1454 927 διαβεβλημένος
1473 866 1555 912 οὐκ
1573 868 1620 913 ἐν
1636 868 1672 912 ἐ-

385 957 608 1014 3,,λαφρςό
630 952 872 1009 ἐποιεύμην.
903 948 961 1002 ὥς
981 945 1044 993 ὦν
1063 953 1138 1006 τῆς
1157 948 1284 1006 τύχης
1303 943 1352 992 εὖ
1371 946 1669 1004 μετεστεώσης,

413 1068 439 1087 ,,
449 1038 581 1079 τοῦτο
621 1032 720 1089 μὲν,
774 1029 854 1076 τὸν
882 1033 1075 1074 σεωυτοῦ
1100 1030 1235 1073 παῖδα
1268 1026 1529 1084 ἀπόπεμψον
1555 1025 1673 1081 παρὰ

414 1113 527 1168 „cdv
546 1114 683 1157 παῖδα
699 1109 776 1156 τὸν
796 1109 1007 1168 νεήλυδα·
1037 1112 1170 1153 τοῦτο
1189 1109 1258 1161 δὲ,
1281 1109 1470 1163 (σῶστρα
1489 1103 1573 1163 γάρ
1594 1107 1676 1148 τοῦ

412 1227 438 1246 ,,
449 1191 606 1243 παιδός
638 1191 777 1248 μέλλω
806 1189 936 1236 θύειν
963 1193 1079 1233 τοῖσι
1113 1191 1233 1233 θεῶν
1261 1185 1365 1244 τιμὴ
1407 1185 1516 1243 αὕτη
1545 1190 1732 1241 προσ-90

533 1398 598 1436 Ca
610 1412 648 1449 p.
678 1395 843 1435 cxvm.

413 1493 600 1549 κρύπτων
619 1491 689 1535 τόν
715 1494 756 1535 οἷ
777 1494 918 1545 ἐνείχεε
938 1488 1011 1544 χό-

360 1554 455 1606 λον]
486 1554 694 1604 Stephanus
728 1553 774 1588 de
806 1564 871 1587 suo
895 1554 1012 1586 muta-

359 1616 461 1649 verat
489 1610 610 1660 ἐνεῖχε
636 1608 737 1644 libris
764 1607 929 1644 omnibus
955 1606 1011 1641 in-

358 1669 453 1705 vitis.
510 1667 579 1703 Est
610 1677 695 1701 vero
724 1663 872 1731 5vet'zse?
889 1664 1011 1711 utique

359 1725 494 1761 dictum
520 1735 587 1772 pro
610 1720 757 1769 ἐνεῖχε,
792 1726 831 1755 ut
860 1718 952 1767 εἠεε
982 1717 1011 1764 Ι,

362 1782 418 1820 48
439 1783 476 1816 et
495 1776 621 1827 ὤφλεε
642 1776 748 1822 V111,
770 1778 823 1816 26
855 1775 900 1811 ab
924 1773 1011 1821 ἕψω

362 1840 398 1874 et
417 1836 573 1884 ὦφλον,
600 1837 771 1870 monente
790 1832 1013 1868 Buttmanno

361 1893 410 1930 de
438 1892 529 1929 mira
566 1891 633 1927 hac
665 1888 843 1924 solutione
885 1886 1014 1923 tertiae

359 1974 542 2014 personae
570 1961 606 1997 in
641 1973 678 1998 εε
705 1971 771 2009 pro
801 1961 818 1997 ἓ
851 1957 1013 1993 Gramm.

364 2020 495 2056 Graec.
518 2018 601 2054 mai.
622 2016 656 2053 lI
674 2029 710 2066 p.
731 2018 796 2056 31.
827 2013 1012 2062 Schweig-

361 2076 559 2112 haeuserus
584 2074 633 2110 ad
657 2071 905 2122 explicandam
937 2071 1012 2106 sor-

362 2144 458 2169 mam
484 2131 707 2180 cogitaverat
737 2129 785 2164 de
802 2127 913 2164 verbo
935 2124 1015 2165 ἐνε-

361 2186 436 2239 χέω
475 2188 563 2238 (pro
596 2183 746 2236 ἒνέχω),
778 2188 817 2220 ut
844 2183 1013 2234 συμβαλ-

362 2243 437 2283 λέω
465 2257 534 2294 pro
552 2237 786 2293 συμβαλλω,
815 2240 883 2276 alia
910 2239 1013 2275 huius

362 2301 508 2350 generis
536 2299 684 2336 Ionibus
715 2309 803 2334 sane
831 2295 926 2332 haud
957 2296 1013 2330 in-

361 2356 586 2406 frequentia,
639 2355 686 2392 de
728 2353 859 2402 quibus
905 2362 1014 2400 supra

362 2414 435 2450 iam
452 2412 669 2450 monuimus.
688 2410 812 2447 —De
830 2405 1014 2458 κατέβαι-

361 2484 407 2508 νε
432 2470 528 2506 cons.
548 2469 594 2505 ad
617 2467 653 2515 l,
677 2469 758 2508 116
775 2465 835 2502 fin.
878 2464 918 2502 ln
939 2464 1014 2500 sor-

363 2538 423 2563 ma
438 2519 718 2575 ἐπαλιλλόγητο
746 2522 873 2560 mirum
898 2531 1013 2568 quan-

363 2587 441 2619 tum
461 2582 605 2619 codices
622 2579 782 2626 variant,
811 2590 879 2615 nec
894 2581 1014 2613 tamen

364 2638 436 2684 ita,
474 2642 515 2675 ut
544 2637 743 2687 quidquam
770 2634 896 2672 melius
938 2632 1013 2669 sive

365 2694 465 2742 quod
499 2694 547 2730 ad
588 2692 843 2730 accuratiorem
876 2691 1013 2727 formae

366 2748 639 2798 intelligentiam
669 2749 869 2785 conducere
890 2749 1012 2795 queat,

364 2806 451 2842 inde
500 2805 631 2841 elicias,
697 2804 937 2840 Buttmannus
974 2801 1012 2837 in

366 2861 528 2899 Gramm.
540 2861 622 2898 mai.
644 2860 656 2896 I
674 2872 709 2910 p.
722 2860 803 2901 325
821 2857 918 2896 malit
931 2869 1010 2895 eam

1078 1394 1128 1433 ad
1146 1393 1224 1431 illas
1246 1392 1400 1439 referre,
1440 1392 1478 1428 in
1504 1390 1634 1440 quibus
1670 1401 1729 1427 re-

1078 1451 1299 1501 duplicatum
1336 1452 1569 1497 augmentum
1603 1446 1730 1496 negle-

1077 1512 1171 1543 ctum
1200 1510 1267 1543 est.

1136 1561 1212 1612 ἔφη
1235 1559 1381 1614 λέγων]
1421 1560 1511 1597 mira
1541 1559 1730 1596 locutionis

1078 1618 1323 1664 abundantIa‚
1361 1615 1500 1654 Nostro
1524 1615 1622 1653 haud
1647 1616 1729 1651 inu-

1079 1676 1197 1711 sitata.
1255 1674 1317 1710 Sic
1334 1673 1380 1719 V,
1399 1675 1464 1714 36.
1485 1673 1538 1713 50
1559 1677 1625 1709 etc.
1652 1670 1731 1708 coll.

1080 1729 1117 1777 I,
1160 1733 1253 1771 122.
1297 1730 1387 1771 125.
1449 1729 1557 1765 Conf.
1601 1726 1732 1764 Matth.

1081 1784 1118 1836 ἓ.
1136 1787 1216 1827 636
1251 1798 1337 1836 pag.
1359 1787 1478 1826 1310.
1507 1804 1563 1812 —
1592 1784 1633 1820 In
1654 1796 1732 1832 seq.

1080 1837 1248 1891 κάμνειν
1267 1848 1323 1879 est
1341 1854 1445 1890 aegre
1468 1840 1589 1891 ferre,
1606 1839 1732 1886 dolere,

1079 1899 1236 1948 indeque
1266 1899 1423 1935 dativum
1445 1898 1497 1935 rei
1526 1897 1636 1934 habet
1663 1896 1730 1934 ad·

1079 1955 1249 1992 iunctum.

1138 2006 1211 2050 ov’n
1249 2008 1300 2050 ἐν
1342 2008 1552 2062 ἐλαφρῷ
1580 2003 1733 2048 ἐποιεύ-

1082 2066 1186 2117 μην]
1225 2068 1247 2103 ἰ.
1279 2081 1309 2104 e.
1360 2066 1468 2103 hauet
1496 2066 1617 2103 leviter
1652 2064 1730 2101 tuli.

1083 2124 1194 2166 Quod
1209 2135 1302 2159 unus
1315 2122 1425 2159 habet
1435 2122 1525 2159 liber
1537 2120 1731 2172 ἐλαφρῶς,

1081 2179 1120 2216 id
1150 2179 1277 2216 merito
1317 2178 1476 2226 glossam
1516 2181 1733 2214 censuerunt

1081 2235 1146 2272 viri
1181 2235 1288 2271 (loeti.
1346 2234 1493 2271 Laudat
1530 2232 1730 2270 wesselin-

1081 2291 1162 2340 gius
1181 2291 1289 2328 Dion.
1314 2289 1418 2326 CaSS.
1443 2291 1498 2330 39
1526 2303 1561 2340 p.
1590 2289 1670 2330 114
1696 2293 1732 2327 et

1082 2349 1135 2389 58
1166 2361 1201 2397 p.
1223 2348 1316 2387 714.
1356 2345 1530 2383 Eiusdem
1558 2347 1636 2383 sere
1664 2357 1729 2394 ge-

1080 2404 1176 2441 neris
1204 2406 1279 2449 est,
1321 2403 1420 2451 quod
1451 2403 1543 2439 infra
1578 2401 1731 2451 legimus

1081 2459 1137 2507 ll,
1163 2460 1239 2500 121
1267 2457 1303 2509 ᾗ.
1323 2462 1359 2499 4-
1390 2458 1461 2507 Vl,
1483 2460 1553 2500 13:
1584 2457 1626 2498 ἐν
1646 2457 1730 2511 κέρ-

1082 2516 1144 2556 δεϊ
1157 2514 1376 2555 ἐποιεῦντο.

1147 2574 1300 2621 σῶστρα
1340 2567 1433 2623 yolo
1475 2571 1550 2610 τοῦ
1587 2567 1730 2617 παιδός

1081 2627 1206 2680 μέλλω
1235 2623 1382 2678 θύειν]
1422 2627 1528 2665 Hanc
1545 2626 1729 2664 meliorem

1080 2686 1268 2723 verborum
1290 2685 1455 2722 ordinem
1481 2697 1502 2722 e
1530 2683 1629 2720 libris
1659 2683 1726 2720 ad-

1080 2742 1245 2778 sciximus
1264 2754 1343 2778 cum
1365 2739 1532 2790 Schwgh.
1552 2744 1589 2777 et
1611 2739 1727 2777 Gaiss.

1080 2797 1198 2847 Vulgo
1225 2794 1300 2850 γάρ
1333 2797 1492 2847 positum
1527 2799 1606 2833 erat
1642 2798 1727 2845 post

1078 2850 1229 2901 παιδός
1269 2855 1435 2905 Σωστρα
1464 2852 1512 2899 (s.
1534 2846 1725 2901 σωτήρια)

1862 0 1905 496 I

1902 588 1909 725 l
