1909 3228
594 214 1013 254 EUTERPE.
1068 215 1114 254 II.
1386 217 1479 257 601

213 325 333 381 παρὰ
367 325 552 381 Κάδμου
581 341 626 368 τε
662 328 744 368 τοῦ
780 326 967 377 Τυρίου,
1019 325 1093 367 καὶ
1121 326 1208 366 τῶν
1235 322 1319 366 σύν
1349 323 1469 384 αὐτῷ

214 404 261 448 ἐκ
297 407 505 461 Φοινίκης
535 402 808 460 ἀπικομένων
847 403 889 454 ἐς
929 402 1007 458 τήν
1036 406 1121 446 νῦν
1150 405 1364 459 Βοιωτίην
1392 421 1471 447 κα-

216 484 422 541 λεομένην
450 482 606 540 χώρην.

91 561 159 609 5⁰
1524 563 1708 602 Graecorum
1724 564 1803 590 Deos

1523 602 1631 631 part-ni
1652 598 1687 623 ab
1708 600 1802 631 Acgy—

1529 631 1615 664 pxiis,
1653 631 1759 665 partim
1785 639 1804 656 a

1528 664 1805 723 ⁹²¹³·“2ssraae‘zez

217 723 263 765 ἐκ
299 726 386 765 τῶν
423 720 662 777 βαρβάρων
707 720 821 776 ἥκει,
870 719 1205 776 πυνθανόμενος
1242 720 1355 764 οὕτω
1400 706 1804 799 εὖ-75Ξεῖἰῗῖἱιὲἑιᾶιξῑιίιὲἐιοιι

1588 778 1598 791 t
1623 774 1628 780 “
1666 778 1668 780 ’
1755 785 1761 792 .

327 563 491 619 Σχεδὸν
521 564 566 606 δὲ
607 563 679 606 καὶ
716 562 855 605 πάντα
892 561 943 604 τοὶ
983 560 1207 617 ου’νόματα
1237 564 1323 604 τῶν
1349 564 1468 604 θεῶν

216 642 257 694 ἐξ
287 643 507 698 Αἰγύπτου
537 641 716 698 ἐλήλυθε
746 641 788 692 ἐς
814 640 893 697 τήν
917 640 1112 684 Ἑλλάδα.
1144 640 1254 684 διότι
1283 640 1361 696 μὲν
1387 640 1470 696 γάρ

217 804 350 856 ρίσκω
391 800 485 844 ἐόν·
546 799 682 844 δοκέω
723 799 770 842 δ’
804 794 865 842 ὦν
903 799 1086 855 μάλιστα
1125 799 1202 842 ἀπ’
1249 798 1475 854 Αἰγύπτου

188 879 414 936 Ξοέπῐχθαι.
445 879 510 923 ὅτι
544 878 627 934 γὰρ
659 878 711 934 δὴ
743 878 798 935 μὴ
825 878 1141 931 Ποσειδέωνος,
1166 879 1238 922 καὶ
1257 878 1473 922 Διοσκού-

216 976 308 1015 ρων
321 992 332 1011 ,
362 957 420 1010 (ὃς
437 959 509 1003 καὶ
528 957 743 1015 πρότερόν
762 976 836 1015 μοι
858 962 994 1002 ταῦτα
1012 960 1199 1014 εἴρηται,
1230 959 1302 1002 καὶ
1321 957 1474 1015 ‘'I-Ione,

163 1182 302 1227 quanta
326 1178 471 1215 omnino
488 1178 525 1214 in
535 1177 634 1215 hisce
656 1178 816 1228 reperia-

163 1240 221 1271 tur
251 1235 404 1271 varietas
431 1247 613 1283 quamque
640 1234 713 1272 late
731 1247 814 1285 'pa-

162 1296 262 1329 teant
280 1291 369 1328 haec
396 1291 474 1340 ipsa
502 1291 816 1339 antiquorumhe-

162 1361 263 1384 roum
296 1347 437 1395 (quales
460 1348 622 1383 feruntur
641 1348 815 1392 Cadmus,

161 1403 387 1452 Melampus,
417 1402 503 1450 alii)
535 1404 704 1449 nomina,
736 1403 815 1451 qui-

162 1461 227 1497 bus
251 1472 512 1508 saepenumero
526 1459 692 1496 universa
705 1460 814 1508 stirps

163 1521 227 1553 aut
262 1528 353 1564 gens
393 1515 626 1563 designatur,
666 1516 711 1552 ab
742 1528 815 1550 uno

163 1572 222 1609 illo
241 1573 358 1608 abavo
380 1571 485 1608 huius
520 1572 673 1608 nominis
705 1572 817 1619 origi-

163 1642 245 1666 nem
264 1629 413 1665 (lucens.
472 1627 533 1665 Tu
560 1629 655 1665 conf.
686 1628 817 1666 Creuz.

165 1684 329 1734 Symbol.
348 1684 396 1721 ΙΙΙ
415 1698 450 1735 p.
474 1686 563 1726 141.

223 1767 262 1814 ἐς
281 1764 352 1819 τήν
370 1770 446 1806 νῦν
472 1768 668 1818 Βοιωτίην
687 1771 820 1807 καλεο-

167 1822 290 1875 μένην
307 1819 466 1874 χώρην]
489 1825 585 1861 Olim
608 1826 702 1862 enim
725 1825 814 1861 haec

166 1881 287 1929 regio,
318 1893 410 1929 quae
432 1893 452 1916 a
480 1880 628 1918 Boeotis
649 1894 669 1917 e
689 1880 812 1917 Thes-

169 1937 255 1974 salia
277 1937 396 1973 eieetis
408 1936 584 1974 Boeotiae
604 1949 735 1972 nomen
758 1949 817 1972 ac-

168 1994 285 2043 cepit,
347 1992 506 2029 Cadmeis
553 1992 816 2042 appellabatur.

167 2050 250 2086 Yid.
273 2048 477 2097 Thucydid.
499 2048 536 2096 I,
561 2051 614 2090 12
634 2048 712 2086 coll.
726 2048 817 2086 Dio-

168 2107 245 2143 dor.
266 2105 375 2142 Sicul.
396 2105 459 2153 IV,
482 2108 547 2147 67.

387 2217 516 2268 Cap.
556 2216 602 2255 L.

228 2297 362 2351 σχεδὸν
382 2299 424 2341 δὲ
444 2300 511 2341 καὶ
532 2299 662 2341 πάντα
687 2298 735 2340 τοὶ
756 2296 823 2341 ου’-

171 2353 324 2407 νόματα
352 2361 431 2397 τῶν
452 2360 561 2398 θεῶν
585 2375 620 2398 κ.
640 2374 671 2397 τ.
696 2357 743 2409 λ.]
782 2358 823 2395 ln

172 2415 386 2451 contrariam
402 2419 542 2464 partem
553 2444 564 2463 ,
582 2420 624 2452 ut
635 2416 730 2452 hunc
745 2428 823 2451 mo-

173 2470 221 2506 do
240 2482 538 2517 commemorem,
560 2473 724 2522 disputat
735 2471 822 2508 Plu-

173 2525 286 2562 tarch.
298 2527 344 2564 de
360 2527 506 2575 malign.
521 2528 662 2565 Herod.
678 2541 715 2577 p.
728 2527 823 2575 857,

175 2581 220 2618 D.
242 2581 296 2626 Ε,
336 2595 404 2619 nec
443 2584 592 2621 defuere
633 2584 822 2621 recentiori

173 2642 314 2684 aetate,
345 2639 406 2686 qui
433 2640 586 2676 eandem
608 2641 654 2676 ob
679 2652 823 2676 causam

173 2695 418 2731 obtrectarent
445 2695 658 2742 Herodoto,
716 2708 824 2744 quem

174 2754 296 2786 tamen
307 2778 318 2797 ‚
348 2763 387 2787 re
407 2750 616 2799 diligentius
629 2752 824 2800 pensitam,

175 2806 232 2842 vix
250 2806 417 2843 incusare
436 2806 557 2844 licebit
571 2808 702 2844 erroris
723 2821 824 2844 men-

175 2862 333 2911 daciive,
370 2863 402 2900 si
432 2863 579 2913 quidem
611 2864 686 2902 eius
716 2864 825 2902 verba

882 1179 1072 1216 maximam
1109 1182 1249 1228 partem
1288 1181 1454 1229 spectant
1483 1178 1532 1215 ad

883 1237 1030 1272 nomina
1042 1236 1191 1272 deorum
1209 1235 1392 1285 Aegyptia
1412 1235 1449 1271 in
1466 1234 1534 1271 lin-

883 1305 992 1340 guam
1031 1292 1208 1328 Graecam
1246 1291 1440 1337 translata,
1483 1291 1534 1327 ita

884 1353 924 1384 ut
937 1348 1108 1397 Aegyptii
1122 1349 1328 1385 sacerdotes
1342 1348 1402 1393 illi,
1417 1347 1534 1384 Grae-

883 1417 1004 1440 corum
1033 1404 1197 1451 magistri
1227 1409 1262 1440 et
1297 1404 1399 1452 qnasi
1428 1417 1535 1452 prae-

883 1465 1071 1508 ceptores,
1103 1472 1183 1496 eam
1212 1460 1367 1496 numinis
1387 1459 1534 1497 alicuius

883 1516 1084 1561 notionem,
1105 1528 1198 1564 quae
1219 1528 1240 1551 a
1257 1516 1406 1552 rudibus
1419 1516 1536 1553 Grae-

886 1573 936 1610 cis
958 1572 1093 1608 facilius
1128 1572 1296 1620 cognosci
1325 1585 1367 1609 ac
1397 1573 1535 1621 percipi

885 1628 1064 1679 potuerit,
1085 1628 1122 1665 in
1134 1628 1355 1666 Graecorum
1376 1628 1537 1676 linguam

886 1684 1128 1722 converterint
1153 1685 1284 1734 deique
1310 1698 1442 1722 nomen
1469 1684 1537 1722 hoc

887 1742 997 1778 modo
1023 1742 1164 1778 Graece
1198 1742 1428 1791 interpretati
1453 1741 1536 1777 sint.

886 1797 997 1833 Plura
1031 1797 1202 1834 Creuzer.
1245 1798 1282 1834 in
1315 1797 1474 1845 Symbol.
1504 1796 1539 1832 ΙΙ

882 1866 919 1902 p.
943 1854 1024 1892 282
1045 1875 1101 1878 —
1119 1855 1212 1894 292.
1294 1853 1421 1901 Itaque
1452 1853 1538 1889 nihil

883 1909 942 1945 isti
961 1908 1172 1957 proficiunt,
1203 1909 1263 1957 qui
1288 1909 1335 1945 ad
1356 1909 1538 1946 Herodoti

884 1964 1127 2002 testimonium
1149 1965 1439 2001 labefactandum
1459 1966 1540 2015 ipsa

889 2019 1152 2069 Aegyptiorum
1182 2025 1293 2069 atque
1316 2021 1540 2058 Graecorum

891 2077 1041 2113 deorum
1053 2078 1198 2113 nomina
1210 2077 1443 2113 dissimillima
1455 2090 1543 2127 pro-

890 2134 1034 2179 ferunt,
1065 2146 1144 2170 cum
1176 2146 1219 2170 ea
1244 2147 1290 2171 ne
1322 2134 1432 2183 ipsius
1462 2133 1543 2182 qui-

892 2189 974 2227 dem
1006 2189 1189 2226 Herodoti
1212 2190 1321 2227 suerit
1348 2189 1540 2227 sententia.

949 2240 1051 2283 οὕτω
1093 2243 1260 2297 εὑρίσκω
1301 2241 1369 2285 ἐόν
1390 2244 1404 2296 ]
1445 2246 1466 2281 i.
1509 2259 1542 2283 e.

891 2303 1046 2348 „inveni
1074 2301 1135 2338 hoc
1165 2305 1218 2339 ita
1238 2303 1345 2339 esse.“
1404 2302 1541 2339 Confer

890 2357 1022 2394 Matth.
1045 2358 1109 2394 Gr.
1138 2359 1203 2395 Gr.
1223 2372 1308 2408 pag.
1332 2361 1449 2399 1077.
1495 2357 1538 2395 In

890 2427 992 2462 seqq.
1018 2415 1065 2451 ad
1094 2410 1151 2453 ὅτι
1175 2412 1231 2465 μή
1258 2416 1540 2465 (praeterquam,

891 2472 979 2519 nisi)
1009 2472 1102 2507 conf.
1124 2471 1151 2518 I,
1173 2473 1235 2512 18.
1257 2474 1347 2512 143.
1378 2471 1424 2518 Il,
1447 2473 1509 2512 13.

949 2525 1001 2573 ὥς
1029 2525 1095 2564 καὶ
1116 2522 1308 2578 πρότερον
1331 2543 1398 2576 μοι
1417 2529 1540 2566 ταῦτα

893 2581 1068 2633 εἴρηται]
1108 2585 1191 2621 vid.
1233 2596 1341 2634 supra
1378 2584 1432 2630 ΙΙ,
1472 2586 1538 2624 43.

890 2639 1086 2677 Dioscuros
1124 2641 1284 2678 Graecos
1316 2641 1375 2678 ubi
1410 2640 1540 2678 intelli-

892 2701 983 2744 gunt
1003 2696 1155 2733 Cabiros
1169 2724 1176 2738 ‚
1197 2697 1258 2745 qui
1276 2696 1540 2746 Aegyptiorum

892 2753 1054 2788 feruntur
1074 2753 1238 2799 dii‚illud
1256 2754 1454 2790 tenendum
1471 2757 1540 2799 est,

894 2808 1114 2846 Graecorum
1135 2809 1388 2857 Tyndaridas,
1410 2810 1543 2846 Casto-

891 2878 968 2903 rem
990 2870 1103 2916 atque
1118 2865 1302 2904 Pollucem
1317 2895 1328 2915 ‚
1357 2879 1450 2916 quos
1476 2865 1542 2904 he-
