1909 3228
455 212 537 253 432

844 205 1314 247 HERODOTI

427 326 577 375 3κητο.
636 318 720 362 ἔστι
752 316 798 358 δὲ
827 313 1004 370 χωρέων
1042 314 1152 371 αὕτη
1191 312 1393 358 ἁπασέων
1430 318 1583 374 μακρῷ
1622 313 1712 369 ἀρί-

458 410 559 453 στη,
589 400 678 439 τῶν
708 393 826 450 ἡμεῖς
854 395 1003 448 ἰ’δμεν,
1032 393 1265 450 Δήμητρος
1293 408 1462 447 καρπον
1492 393 1705 450 ἐκφέρειν.
1725 398 1767 433 15

428 475 510 519 4τά
539 475 620 531 γὰρ
651 472 704 528 δή
732 470 842 515 ἄλλα
871 471 1049 526 δένδρεα
1088 471 1191 516 οὐδὲ
1230 475 1430 527 πειρᾶται
1469 471 1604 527 ἀρχὴν
1639 471 1713 528 φέ-

458 571 568 610 ρειν,
599 551 698 595 οὔτε
730 549 911 606 συκέην,
943 550 1041 595 οὔτε
1065 550 1282 607 ἄμπελον,
1312 549 1412 593 οὔτε
1436 550 1604 606 ἐλαίην·
1634 549 1713 594 τόν

457 631 501 674 δὲ
530 633 604 686 τῆς
631 629 866 686 Δήμητρος
894 628 1066 683 καρπὸν
1096 624 1178 673 ὦδε
1210 627 1355 685 ἀγαθὴ
1386 628 1584 684 ἐκφέρειν
1609 628 1712 680 ἐστὶ,

456 709 563 753 ὥστε
592 709 661 753 ἐπὶ
689 707 890 766 διηκόσια
918 709 996 764 μὲν
1023 707 1072 752 τὸ
1103 707 1313 764 παράπαν
1334 706 1552 752 ἀποδιδοῖ·
1584 704 1715 750 ἐπεὰν

457 788 503 832 δὲ
534 786 690 842 ἄριστα
720 787 829 845 αὕτη
861 788 1023 844 ἑωυτῆς
1051 787 1213 845 ἐνείκῃ,
1243 787 1313 831 ἐπὶ
1341 785 1568 843 τριηκόσια
1593 784 1715 841 ἐκφέ-

429 875 540 924 5ρει.
570 868 622 911 τὰ
651 867 697 912 δὲ
738 866 883 924 φύλλα
923 865 1081 911 αὐτόθι
1118 871 1206 910 τῶν
1241 883 1286 910 τε
1325 870 1480 922 πυρῶν
1516 865 1589 909 καὶ
1628 867 1717 908 τῶν

456 945 646 1002 κριθέων
674 945 723 990 τὸ
759 944 921 997 πλάτος
959 947 1120 1001 γίνεται
1158 948 1369 1000 τεσσέρων
1407 942 1613 996 εὐπετέως
1643 945 1714 988 δα·
1727 949 1772 983 20

428 1034 450 1068 6
461 1023 643 1069 κτύλων.

709 1025 755 1068 ἐκ
787 1025 832 1069 δὲ
861 1023 1045 1080 κέγχρου
1075 1024 1148 1067 καὶ
1183 1024 1379 1080 σησάμου
1409 1023 1514 1069 ὅσον
1545 1040 1587 1067 τι
1616 1022 1716 1066 δέν-

457 1106 566 1159 δρον
602 1103 794 1160 μέγαθος
832 1105 1018 1161 γίνεται,
1063 1101 1408 1160 ἐξεπιστάμενος,
1458 1101 1633 1159 μνήμην
1662 1099 1717 1145 οὐ

402 1335 533 1372 dicitur
571 1333 718 1382 Monac,
757 1333 895 1385 quippe
927 1335 989 1372 ubi
1019 1338 1056 1374 et

401 1391 557 1428 nominis
569 1392 682 1441 ipsius
701 1392 854 1438 vestigia
873 1392 1055 1428 aedificio-

401 1460 553 1495 rumque
574 1448 705 1485 rudera
725 1446 843 1483 adhuc
859 1448 1052 1496 supersint.

402 1503 479 1540 Sed
489 1502 651 1551 Breiger.
674 1503 913 1550 (Commentt.
926 1503 973 1540 de
983 1504 1054 1540 dif-

402 1558 497 1596 ficill.
514 1557 625 1596 Asiae
642 1558 783 1596 Herod.
803 1570 889 1608 pag.
909 1559 963 1600 52
980 1559 1056 1607 sq.)

403 1613 597 1652 orientales
612 1614 845 1665 geographos
865 1615 968 1663 sequi
980 1628 1056 1651 rna-

402 1671 499 1717 vult‚
529 1670 591 1718 qui
620 1670 774 1718 Ninum,
810 1683 918 1719 quam
945 1670 1055 1707 Esrz'-

403 1724 545 1763 Ninvek
573 1725 782 1774 appellent,
820 1727 868 1761 ad
897 1728 1056 1762 orienta-

402 1781 473 1819 lem
484 1781 607 1830 Tigris
627 1781 742 1830 ripam
756 1782 861 1817 sitam
882 1782 1054 1828 reserant,

402 1838 455 1874 ita
491 1841 550 1884 ut,
601 1836 873 1874 observantibus
909 1850 1056 1886 quoque

403 1892 660 1931 recentioribus
711 1893 1057 1943 peregrinatoribus‚

403 1962 448 1988 ex
470 1950 623 1986 adverso
652 1949 749 1985 urbis
779 1948 901 1985 Mosul
931 1962 1057 1986 recen-

403 2005 503 2042 tioris
517 2034 529 2052 ,
568 2005 663 2042 inter
703 2005 798 2042 hanc
834 2008 872 2042 et
899 2009 1058 2044 veterem

402 2061 526 2099 Mosul
551 2060 670 2099 Ninus
690 2061 759 2098 sita
777 2061 896 2099 suerit.

460 2171 540 2213 ε’στι
566 2169 609 2212 δὲ
638 2169 797 2224 χωρέων
827 2168 928 2224 αὕτη
956 2188 1056 2213 απα-

405 2227 505 2269 σέων
535 2231 676 2283 μακρῶ
704 2225 846 2281 ἀρίστη
876 2245 909 2268 κ.
934 2245 966 2269 τ.
996 2232 1054 2275 λ.]

406 2287 514 2330 Quae
540 2286 751 2324 Herodotus
779 2286 837 2323 hic
863 2287 985 2323 scribit
1011 2287 1059 2323 de

405 2343 564 2392 regionis
586 2342 791 2389 feitilitate,
813 2343 860 2379 de
878 2343 1057 2379 frumento

405 2398 654 2450 copiosissimo
672 2427 684 2446 ,
715 2399 762 2436 de
782 2399 950 2435 arborum
979 2398 1059 2434 ino-

405 2456 489 2505 pia,
519 2455 677 2504 exceptis
698 2454 825 2504 palmis
838 2483 848 2501 ,
871 2467 912 2491 ea
931 2454 1059 2491 hodie-

406 2524 477 2560 que
505 2511 556 2548 sic
585 2511 735 2548 inveniri
761 2514 938 2548 testantur
973 2510 1059 2546 scri-

406 2571 530 2616 ptores
559 2567 778 2604 recentiores
815 2579 856 2603 ac
893 2566 1059 2616 peregri-

407 2627 564 2660 natores.
622 2622 721 2660 Nam
767 2627 884 2660 terrae
935 2621 1058 2659 indole

409 2678 569 2726 coelique
588 2683 623 2716 et
644 2679 736 2716 aeris
765 2678 940 2728 temperie
971 2677 1059 2714 illud

409 2734 632 2782 potissimum
659 2735 831 2781 efficitur,
859 2735 1058 2772 accedente

409 2787 592 2826 hominum
608 2792 719 2839 oper-21
738 2795 848 2839 atque
870 2790 1056 2827 industria.

411 2843 492 2880 vid.
512 2844 668 2883 Heeren.
685 2845 797 2884 Ideen
822 2846 856 2895 1,
881 2850 908 2889 2
925 2860 962 2898 p.
977 2845 1056 2888 144

1124 1347 1206 1385 sqq.
1232 1334 1362 1373 Ritter.
1375 1331 1566 1371 Erdkund.
1578 1330 1613 1369 Π
1629 1344 1665 1382 p.
1682 1331 1774 1372 131.

1121 1391 1182 1429 De
1214 1393 1394 1428 frumento
1436 1388 1598 1439 inprimis
1628 1399 1778 1436 compa-

1122 1451 1248 1484 rentur
1266 1447 1398 1483 Strabo
1418 1445 1505 1481 XVI
1524 1458 1561 1494 p.
1586 1445 1708 1489 1077,
1727 1441 1776 1478 D.

1120 1502 1257 1539 Plinius
1277 1502 1326 1538 H.
1346 1500 1566 1547 N.·XV11[,
1598 1501 1662 1539 17.
1702 1498 1776 1534 Re-

1126 1559 1323 1596 centiorum
1353 1557 1668 1607 peregrinatorum
1693 1554 1778 1591 bina

1124 1614 1332 1652 testimonia
1350 1613 1404 1650 his
1427 1613 1547 1650 adiicit
1558 1610 1775 1657 Lare-herus,

1123 1670 1315 1708 Νεὺιὼιίἱ
1344 1674 1381 1707 et
1408 1668 1518 1717 Angli
1541 1666 1626 1714 riri,
1656 1666 1777 1704 Shaw.

1182 1747 1277 1791 οὐδὲ
1317 1753 1502 1800 πειρᾶται
1543 1763 1670 1800 αρχην
1710 1747 1779 1798 φέ-

1126 1806 1232 1859 ρειν]
1263 1821 1313 1844 sc.
1346 1806 1446 1858 αὕτη
1479 1823 1504 1858 η
1539 1821 1658 1857 χωρη.
1718 1805 1780 1842 Tu

1124 1869 1245 1901 v·:e1te
1274 1876 1316 1900 ne
1338 1868 1484 1901 conatur
1513 1862 1649 1914 quedem
1670 1863 1779 1899 omni-

1124 1933 1168 1957 no
1197 1920 1358 1970 proferre
1405 1934 1433 1957 s.
1461 1919 1659 1971 producere.
1719 1918 1780 1955 Sic

1126 1972 1254 2028 ἆρχήν
1286 1976 1347 2024 ΙΙ,
1379 1976 1445 2018 95.
1509 1976 1568 2014 De
1595 1974 1661 2014 ἐπὶ
1686 1972 1780 2022 (ἐπὶ

1126 2029 1332 2084 διηκόσια)
1353 2034 1446 2071 conf.
1467 2032 1601 2069 Matth.
1624 2031 1691 2068 Gr.
1712 2031 1779 2068 Gr.

1123 2103 1211 2141 pag·
1244 2092 1351 2130 1169
1381 2090 1610 2136 eundemque
1644 2085 1779 2152 consu'l.

1124 2159 1211 2197 pag.
1231 2147 1312 2186 857
1343 2146 1391 2182 ad
1418 2145 1528 2183 verba
1549 2140 1688 2195 α’ριστα
1710 2137 1780 2181 αὖ·

1123 2198 1172 2253 τή
1204 2199 1364 2251 εωυτῆς.

1182 2283 1225 2324 ἐκ
1245 2281 1288 2323 δὲ
1309 2281 1474 2338 κέγχρου
1496 2282 1565 2324 καὶ
1593 2279 1779 2333 σησάμου

1125 2337 1219 2381 όσον
1242 2356 1278 2380 τι
1299 2339 1465 2392 δέιδρον
1484 2356 1520 2380 κ.
1538 2357 1570 2381 τ.
1591 2339 1646 2390 λ]
1681 2341 1781 2378 Cen-

1126 2398 1248 2435 chium
1287 2402 1437 2435 monent
1485 2411 1565 2436 esse
1606 2397 1780 2434 Panicum

1125 2453 1336 2490 Mi'lcaceum
1362 2453 1406 2490 L.
1427 2453 1507 2491 coll.
1536 2453 1781 2504 Theophrast.

1126 2509 1234 2557 wll,
1259 2513 1295 2551 3.
1352 2509 1535 2548 sesamum
1568 2510 1781 2561 plerumque

1126 2566 1260 2604 habent
1285 2566 1464 2603 Orientale
1483 2566 1540 2613 L.,
1560 2577 1781 2615 quamquam

1126 2622 1365 2673 probabiliter
1395 2622 1558 2660 Indicum
1588 2634 1669 2659 esse
1703 2633 1781 2657 mo-

1126 2684 1189 2716 net
1219 2679 1377 2717 Heeren.
1416 2679 1487 2716 1.1.
1526 2677 1642 2716 collat.
1685 2676 1778 2713 Plin.

1125 2735 1174 2771 H.
1204 2734 1253 2771 N.
1298 2735 1442 2783 xwll,
1482 2737 1545 2776 10.
1595 2731 1779 2781 „ConsuL

1125 2791 1336 2828 Schneider.
1375 2792 1424 2828 ad
1463 2789 1706 2842 Theophrast.
1746 2785 1779 2823 V

1123 2859 1211 2899 pag.
1238 2848 1361 2889 499.“
1400 2847 1464 2885 Cr.
