1909 3228
464 177 549 218 810
860 174 1328 213 HERODOTI

468 284 667 345 βασιλεύς
696 284 844 339 ἔστηκε
875 283 921 326 ἐν
957 287 1017 342 τῷ
1049 285 1130 340 ΐρῷ
1159 286 1239 327 τοῦ
1264 281 1506 339 Ἡφαίστου
1535 286 1718 337 λίθινος,
1768 291 1848 332 173

469 366 577 421 ἔχων
607 364 675 407 ἐπὶ
712 366 789 418 τῆς
826 361 964 418 χειρὸς
1002 366 1113 418 μῦν,
1171 361 1308 417 λέγων
1347 362 1418 405 διὰ
1461 364 1726 418 γραμμάτων

468 445 590 489 τάδε·
660 445 744 485 ΕΣ
791 445 924 484 ΕΜΕ
985 445 1087 484 ΤΙΣ
1141 441 1378 494 ὈΡΕΩΝ,
1437 445 1728 485 EYZEBHZ

467 524 645 566 ΕΣΤΩ.

308 609 406 653 142
574 599 643 652 Ἐς
681 599 759 656 μὲν
796 599 975 644 τοσόνδε
1014 604 1093 644 τοῦ
1132 600 1267 656 λόγου
1299 596 1529 655 Αἰγύπτιοί
1568 614 1612 642 τε
1652 600 1724 642 καὶ
1739 607 1781 640 10

135 672 411 767 ξθῧιὲῃρξξῃω
470 681 514 725 οἱ
543 679 652 734 ἱρέες
684 680 854 735 ἔλεγον,
910 677 1266 733 ἀποδεικνύντες,
1312 678 1397 723 ἀπὸ
1427 682 1506 721 τοῦ
1546 678 1724 734 πρώτου

134 739 204 768 thon
314 744 396 767 aetas

134 781 183 800 an·
186 749 280 800 mmmm
325 749 408 800 15ss}

134 807 163 833 in
167 812 213 833 tra
239 807 269 834 id
295 810 410 846 tempus

133 839 279 900 ninibuim
263 873 271 899 i
277 841 411 913 ria-{itesam-

135 910 216 939 tem
236 907 262 933 bi
257 915 279 933 ιιι
298 916 327 933 ιιι
348 906 376 934 hi
370 916 411 934 =-e

135 948 204 967 men
223 940 375 969 incidisse.

467 757 665 816 βασιλέος
696 758 737 809 ἐς
770 763 849 801 τοῦ
873 756 1115 814 ἹΙφαίστου
1144 758 1222 802 τὸν
1251 757 1346 813 ἱρέα
1375 761 1533 801 τοῦτον
1561 757 1639 802 τὸν
1657 774 1724 802 τε-

469 843 668 882 λευταῖον
717 835 1032 892 βασιλεύσαντα
1075 839 1181 894 μίαν
1217 853 1261 881 τε
1306 837 1375 881 καὶ
1414 835 1725 892 τεσσεράκοντα

467 918 539 962 καὶ
579 919 828 973 τριηκοσίας
873 914 1125 970 ἀνθρώπων
1160 916 1311 972 γενεὰς
1347 914 1602 971 γενομένας,
1649 916 1724 958 καὶ

465 997 514 1041 ἐν
541 995 723 1054 ταύτῃσι
751 995 949 1052 ἀρχιρέας
979 997 1052 1039 καὶ
1081 996 1284 1052 βασιλέας
1314 995 1546 1050 ἑκατέρους
1566 991 1724 1037 τοσού-

435 1083 571 1128 Ξτους
597 1074 874 1132 γενομένους,

586 1307 618 1344 C
630 1319 652 1344 a
662 1320 699 1357 p.
731 1304 878 1345 CXLII.

464 1388 503 1437 ἒς
530 1387 603 1440 μὲν
634 1386 794 1429 τοσόνδε
831 1391 904 1429 τοῦ
928 1384 1059 1442 λόγου]

408 1446 503 1484 Vide
520 1459 630 1497 supra
648 1447 703 1494 11,
722 1449 787 1487 99.

465 1530 560 1583 μίαν
591 1544 631 1569 τε
670 1528 738 1568 καὶ
776 1539 1062 1579 τεσσερακοντα

407 1585 474 1626 καὶ
495 1587 721 1639 τριηκοσίας
742 1581 973 1637 ἀνθρώπων
993 1599 1059 1636 γε-

406 1658 500 1689 νεας
549 1641 787 1694 γενομένας]
848 1642 943 1692 μίαν
979 1654 1060 1678 cum

408 1699 618 1737 Gaisfordio
639 1700 764 1748 scripsi
787 1711 853 1748 pro
875 1698 982 1748 μίην.
1005 1718 1060 1724 ——

407 1756 519 1800 Quod
548 1768 632 1792 vero
658 1755 872 1791 Herodotus
897 1754 930 1790 h.
951 1753 974 1789 l.
998 1766 1059 1804 γε·

406 1808 500 1858 νεοῖς
516 1818 711 1859 earumque
732 1810 904 1847 ambitum
925 1809 975 1846 ita
995 1809 1061 1846 de-

405 1869 504 1915 finit,
535 1871 576 1904 ut
606 1872 680 1904 tres
711 1867 931 1904 constituant
962 1878 1060 1902 sum—

404 1938 501 1963 mam
523 1928 665 1961 centum
689 1936 864 1960 annorum
900 1922 955 1968 (in
972 1935 1059 1971 quo,

404 1985 498 2019 teste
520 1980 761 2028 Wesselingio
787 1980 833 2015 ad
853 1979 886 2015 h.
910 1978 945 2025 l.‚
968 1978 1057 2015 alios

403 2041 531 2075 nactus
560 2041 616 2074 est
642 2037 908 2073 consentientes
927 2064 937 2082 ,
968 2034 1058 2071 alios

403 2093 711 2139 dissentientes),
756 2093 826 2129 hoc
859 2104 933 2127 non
967 2092 1055 2128 satis

402 2150 571 2198 congruit
599 2163 677 2186 cum
706 2150 770 2195 iis,
809 2161 903 2197 quae
929 2147 1056 2196 legun-

403 2211 461 2244 tur
484 2207 518 2253 l,
539 2209 576 2246 7.
629 2207 860 2254 Quamquam
882 2205 977 2241 enim
994 2217 1056 2242 ve-

403 2267 499 2300 teres
538 2263 624 2299 inde
655 2262 700 2298 ab
727 2261 908 2298 Herodoti
935 2265 1056 2299 aetate

404 2324 549 2357 centum
569 2331 747 2355 annorum
765 2318 920 2367 spatium
940 2318 1055 2354 tribus

403 2378 557 2428 γενεαῖς
574 2375 785 2424 plerumque
809 2373 1054 2420 absolverunt,

403 2433 439 2469 in
466 2431 615 2481 singuiis
649 2435 773 2467 tamen
799 2430 887 2466 illud
911 2431 966 2466 vix
995 2443 1055 2466 ac-

402 2492 524 2526 curate
570 2488 809 2524 observarunt
830 2514 841 2533 ‚
891 2491 930 2523 ut
961 2487 1054 2524 bene

399 2549 503 2581 notat
529 2544 658 2581 Ukert.
687 2544 825 2591 Geogr.
854 2543 889 2578 d.
922 2543 987 2578 Gr.
1019 2556 1053 2579 ιι.

402 2601 509 2637 Rom.
540 2600 577 2647 Ι,
610 2603 636 2641 2
668 2613 752 2650 pag.
770 2603 835 2640 72.
892 2599 940 2634 Et
969 2598 1053 2635 alibi

404 2669 573 2705 quoque,
605 2657 823 2692 observante
854 2654 1052 2692 Wesselin-

402 2712 463 2761 gio
483 2713 531 2749 ad
552 2712 585 2748 h.
609 2711 645 2758 l.,
676 2712 885 2749 Herodotus
916 2712 962 2748 de
980 2714 1053 2748 sin-

400 2767 497 2816 gulis
516 2767 708 2805 hominibus
728 2769 804 2806 sive
815 2768 955 2817 regibus
975 2769 1052 2805 sine

933 1077 1007 1119 καί
1037 1091 1106 1119 τοι
1145 1074 1389 1132 τριηκόσιαι
1429 1073 1508 1130 μὲν
1545 1072 1780 1128 ἀνδρῶν15

1128 1303 1199 1341 ulla
1251 1304 1342 1341 finiti
1378 1303 1549 1354 temporis
1593 1301 1782 1339 notatione

1128 1374 1254 1398 vocem
1273 1361 1439 1406 adhibet,
1479 1359 1589 1397 veluti
1617 1358 1683 1405 Vl,
1714 1359 1780 1399 98.

1130 1417 1251 1460 Quam
1286 1417 1519 1465 W'esselingii
1558 1414 1781 1452 observatio-

1130 1485 1212 1510 nem
1235 1473 1284 1509 ita
1315 1485 1430 1522 nuper
1457 1472 1624 1522 probavit
1641 1471 1780 1508 Gesen.

1129 1529 1198 1577 (ad
1225 1529 1327 1565 lesai.
1354 1528 1465 1575 XIX,
1490 1531 1537 1568 11
1568 1540 1654 1578 pag·
1676 1528 1778 1573 620)

1129 1597 1151 1622 a
1173 1584 1235 1622 Cr.
1258 1585 1447 1631 laudatus,
1476 1588 1519 1621 ut
1538 1584 1571 1620 h.
1596 1583 1617 1619 l.
1637 1580 1779 1636 γενεάν

1129 1642 1330 1678 necessario
1350 1642 1398 1678 de
1416 1642 1518 1677 unius
1538 1640 1634 1688 regis
1662 1651 1779 1688 regno

1127 1697 1240 1747 accipi
1257 1701 1414 1744 statuat,
1444 1709 1525 1734 cum
1541 1696 1696 1733 totidem
1722 1708 1780 1734 re-

1129 1765 1216 1800 ges,
1257 1757 1346 1801 quot
1372 1750 1527 1804 γενεαὶ,
1565 1751 1780 1789 indicentur.

1129 1808 1240 1846 Unde
1261 1810 1442 1857 sequitur,
1471 1808 1589 1845 minus
1615 1812 1781 1846 accurate

1126 1877 1304 1902 annorum
1317 1869 1452 1903 certam
1473 1877 1648 1902 summam
1665 1877 1709 1902 ex
1722 1863 1778 1901 his

1126 1922 1295 1958 constitui
1339 1935 1460 1972 posse.
1520 1921 1604 1965 Quo
1639 1920 1779 1958 accedit

1123 1977 1234 2024 illud,
1266 1979 1365 2027 quod
1391 1991 1496 2027 reges
1515 1977 1562 2014 illi
1589 1977 1637 2014 ad
1660 1977 1780 2014 diver-

1124 2047 1183 2071 sas
1203 2035 1389 2082 dynastias
1419 2035 1602 2085 pertinere
1628 2034 1777 2070 videan-

1123 2094 1182 2127 tur
1199 2103 1264 2128 nec
1281 2091 1410 2140 singuli
1424 2090 1585 2139 singulos
1605 2090 1776 2139 deinceps

1124 2147 1351 2197 exceperint,
1390 2148 1456 2184 sed
1487 2159 1656 2195 magnam
1691 2158 1777 2194 par-

1123 2207 1196 2240 tem
1235 2202 1404 2252 aequales
1443 2203 1511 2240 sibi
1546 2202 1778 2251 regnaverint

1123 2260 1274 2296 diversis
1293 2260 1326 2295 in
1339 2264 1457 2296 terrae
1468 2259 1640 2309 partibus.
1669 2257 1776 2301 Quae

1124 2317 1153 2353 si
1176 2316 1401 2365 reputaveris
1436 2315 1534 2352 haud
1561 2316 1613 2352 ita
1645 2314 1775 2351 nimius

1122 2372 1303 2409 videbitur
1322 2384 1498 2408 annorum
1528 2384 1696 2409 numerus
1726 2371 1774 2408 ab

1122 2429 1314 2466 Herodoto
1352 2429 1532 2478 proditus.
1602 2427 1682 2465 Nec
1710 2427 1776 2464 de-

1123 2489 1207 2522 sunt
1227 2484 1359 2521 similes
1381 2484 1531 2521 aliorum
1559 2485 1774 2535 scriptorum

1122 2541 1283 2587 numeri,
1317 2554 1408 2590 quos
1436 2541 1491 2577 vel
1534 2541 1582 2577 ad
1610 2545 1775 2577 astrono-

1122 2599 1229 2634 miam
1251 2597 1305 2634 vel
1333 2598 1380 2633 ad
1399 2597 1541 2645 mythos
1560 2596 1773 2646 fabulasque

1121 2654 1252 2691 relatos
1286 2653 1419 2689 volunt.
1490 2654 1626 2691 Confer
1662 2651 1772 2690 Beck.

1122 2710 1346 2759 Weltgesch.
1376 2710 1390 2748 1
1424 2723 1459 2760 p.
1478 2709 1581 2756 294,
1622 2709 1682 2746 ubi
1701 2707 1771 2744 vid.

1122 2767 1236 2818 plura.
