1877 3223
717 216 931 256 CLIO.
988 216 1018 256 Ι.

246 331 355 383 θηκε
381 329 441 382 τῷ
466 323 699 370 Ἀπόλλωνι
729 329 791 385 τῷ
819 325 1012 384 Ἰσμηνίῳ
1028 340 1038 350 ·

1414 217 1497 258 233

1085 324 1132 369 ἐν
1162 324 1208 368 δὲ
1233 321 1420 381 Ἐφέσῳ,
1452 327 1552 369 αἵ15

247 421 293 450 τε
322 405 419 461 βόες
449 407 495 449 αἱ
521 404 714 462 χρύσεαι,
755 406 828 450 καὶ
857 409 954 449 τῶν.
973 404 1134 449 κιόνων
1164 405 1210 448 αἱ
1236 403 1410 447 πολλαί·
1450 403 1497 446 ἐν

248 484 296 528 δὲ
324 488 545 542 Προνηΐης
573 490 648 542 τῆς
678 486 724 530 ἐν
752 490 986 542 Δελφοῖσι,
1026 483 1154 535 ἀσπὶς
1182 482 1339 540 χρυσέη
1371 481 1496 538 μεγά-

192 684 229 721 p.
253 673 332 712 123
349 685 451 721 seqq.
479 671 530 708 III
556 683 639 721 pag.
661 674 713 712 23
735 684 839 720 seqq.

194 749 249 754 —-
268 727 327 765 De
346 728 504 778 Apolline
524 727 672 764 Ismenia
699 730 793 766 conf.
811 728 840 776 I,

194 785 259 826 52
291 784 417 830 V,59.
441 784 660 831 1111,1341.

249 839 292 878 ἐν
313 837 355 878 δὲ
373 835 539 894 Ἐφέσω,
561 840 607 878 αἵ
625 854 664 878 τε
686 836 776 891 βόες
799 839 844 879 αἶ

193 891 366 947 χρύσεαι,
398 895 465 935 καὶ
504 899 582 934 τῶν
608 892 754 936 κιόνων
799 913 842 935 αι

193 952 358 998 πολλαί]
380 968 461 991 των
478 948 565 992 m61
570 968 624 991 ων
643 953 686 991 αἱ
700 952 841 993 πολλαὶ

193 1013 280 1045 noto
298 1010 519 1046 Graecorum
537 1022 579 1046 ex
598 1024 665 1046 usu
686 1011 840 1057 dicendi,

194 1066 241 1102 de
267 1078 339 1114 quo
367 1066 502 1102 consul.
537 1065 666 1103 Matth.
696 1065 732 1116 §-
756 1067 841 1109 442

193 1134 280 1170 pag.
304 1121 397 1163 825.
428 1125 520 1163 826.
581 1124 776 1160 Caeterum
798 1136 840 1160 ex

193 1177 386 1225 hocloco,
423 1178 572 1227 aliisque
605 1180 752 1216 adiectis
792 1179 841 1225 (1,

193 1236 258 1274 26-
289 1234 341 1280 Π,
365 1237 425 1274 10.
453 1238 550 1282 148)
574 1236 670 1271 haud
693 1235 786 1273 male
804 1236 842 1272 id

192 1290 336 1337 collegit
356 1291 482 1339 heyse
504 1292 654 1334 Quaest.
675 1292 841 1328 Herodd.

191 1344 207 1381 I
223 1359 258 1395 p.
272 1348 324 1387 88
337 1347 564 1383 Herodotum
576 1348 692 1396 ipsum
705 1347 842 1397 Ephesi

191 1402 317 1438 urbem
353 1403 487 1440 adiisse
525 1404 717 1452 ipsumque
754 1404 843 1440 haec

193 1458 322 1495 Croesi
343 1460 495 1495 donalia
516 1460 759 1509 conspexisse.

248 1512 292 1553 ἐν
311 1512 353 1554 δὲ
374 1516 582 1581 Προνηΐης
602 1518 671 1566 τῆς
694 1514 735 1554 ἐν
748 1517 842 1554 Δελ-

192 1573 326 1618 φοῖσι,
358 1566 477 1618 οἷσπὶς
501 1570 644 1622 χρυσέη
666 1567 841 1623 μεγάλη]

194 1625 236 1665 ἐν
264 1629 474 1679 Προνηίης
511 1629 615 1665 simili
643 1630 754 1665 modo
787 1629 843 1665 di-

195 1686 302 1731 ctum,
324 1697 396 1733 quo
417 1698 529 1734 supra
550 1685 580 1732 I,
593 1686 646 1726 30
672 1685 714 1723 ἒν
725 1684 846 1736 Κροί-

197 1750 289 1778 σου;
337 1742 410 1786 „in
452 1741 612 1778 aedicula
658 1741 846 1778 Minervae

199 1794 379 1832 Pronaeae
410 1796 623 1846 Despldcaf‘
679 1798 845 1834 Minerva

199 1851 384 1899 Προναία
408 1852 468 1897 (5.
489 1853 610 1890 Ionice
639 1853 844 1905 Προνηῖῑη)

196 1907 349 1958 Delphis
365 1908 458 1944 culta
475 1922 497 1945 a
516 1909 675 1958 pluribus
695 1910 847 1959 scripto-

199 1964 298 2000 ribus
329 1970 550 2002 memoratur
582 1978 737 2014 eumque
762 1966 847 2001 titu-

198 2019 271 2056 lum
297 2020 383 2058 inde
426 2022 552 2058 sortita
591 2022 719 2058 dicitur
748 2021 848 2069 quod

199 2076 313 2126 ipsius
347 2077 510 2114 aedicula
551 2081 635 2115 ante
670 2077 847 2127 Apollinis

201 2132 375 2169 collocata
396 2134 502 2171 fuerit
518 2134 712 2183 templum,
742 2134 850 2170 vesti-

200 2188 335 2225 balmis
353 2190 464 2237 igitur
490 2203 518 2226 s,
532 2189 852 2239 protemplarisMi

199 2257 320 2282 nerva.
378 2246 460 2283 Vid.
489 2247 714 2296 potissimum
741 2246 851 2283 VVes-

201 2301 330 2350 seling.
351 2303 399 2339 ad
418 2302 572 2340 Diodor.
594 2303 664 2339 Sic.
690 2302 762 2350 XI,
788 2300 851 2343 14.

201 2357 339 2395 Meurs.
359 2357 477 2395 Lectt.
502 2357 576 2395 Att.
592 2359 647 2406 II,
676 2361 740 2400 17.
769 2358 852 2395 Un-

204 2414 251 2451 de
265 2413 443 2464 duplicem
459 2414 568 2463 vulgo
597 2419 759 2452 statuunt
779 2414 852 2451 Mi-

204 2482 372 2518 nervam,
436 2471 585 2508 alteram
643 2470 853 2535 Προναίαν

205 2524 355 2575 Delphis
379 2527 528 2573 cultam,
567 2526 716 2564 alteram
747 2521 853 2578 Πρό-

206 2595 321 2619 νοιαν
347 2580 500 2620 Athenis
528 2583 681 2629 cultam,
718 2587 853 2620 utram-

207 2649 279 2698 que
312 2637 406 2674 inter
448 2652 489 2676 se
523 2639 629 2676 valde
663 2613 856 2686 diversam,

207 2693 344 2743 quippe
377 2693 522 2731 alterius
564 2695 806 2745 appellatione
834 2708 855 2732 e

209 2748 288 2785 loco
324 2749 431 2786 ducta
465 2746 562 2797 (διοέ
597 2746 638 2789 τὸ
667 2747 744 2801 πρὸ
784 2753 856 2790 τοῦ

208 2805 310 2843 ναοῦ
330 2800 561 2855 ἷδρύσθαι),
590 2806 735 2844 alterins
754 2807 855 2845 titulo

213 2872 235 2895 a
251 2861 444 2909 prudentia
463 2876 493 2898 5.
513 2862 661 2900 consilio
677 2864 857 2912 desumto,

908 670 1071 720 quamvis
1086 668 1142 707 vel
1166 673 1306 707 veteres
1324 667 1558 705 Grammatici

906 728 1094 776 utriusque
1125 725 1353 775 cognominis
1379 725 1557 761 rationem

907 784 1115 821 confudisse
1138 796 1204 820 nec
1223 782 1311 818 satis
1329 784 1557 832 perspectam

906 839 1078 877 habuisse
1107 840 1306 876 videantur.
1371 837 1467 874 Hine
1497 849 1558 873 co-

908 897 1013 946 piosa
1041 900 1076 934 et
1102 899 1265 932 accurata
1303 893 1558 941 disquisitione

909 952 1119 1003 Lennepius
1149 952 1216 999 (ad
1238 950 1420 987 Phalarid.
1437 948 1558 998 Epist.

908 1022 994 1059 pag.
1018 1008 1097 1049 143
1117 1020 1219 1056 seqq.
1239 1007 1309 1043 hoc
1337 1009 1452 1043 totum
1474 1017 1560 1054 per-

909 1066 1075 1102 tractavit
1094 1066 1365 1112 argumentum,
1395 1074 1466 1109 quo
1491 1061 1558 1096 do-

910 1125 1026 1168 ceret,
1056 1123 1234 1169 quotquot
1254 1132 1274 1156 e
1293 1118 1473 1155 veteribus
1492 1116 1559 1152 1111-

907 1177 962 1213 1115
983 1178 1083 1214 aedis
1101 1176 1286 1212 Minervae
1301 1173 1454 1223 Delphis
1474 1185 1560 1209 con-

909 1238 1070 1271 secratae
1090 1231 1336 1277 meminerint,
1364 1242 1439 1266 non
1454 1231 1561 1279 IIQo-

909 1289 1078 1336 ναίαν,
1119 1289 1186 1326 sed
1216 1283 1464 1340 Πρόνοιαν
1496 1298 1561 1321 vo-

910 1346 1040 1391 luisse,
1083 1357 1264 1391 omneque
1303 1343 1400 1379 istud
1435 1341 1562 1378 discri-

910 1415 994 1438 men
1031 1402 1078 1438 de
1118 1399 1250 1449 duplici
1286 1399 1355 1434 ista
1396 1397 1563 1433 Minerva

908 1457 1039 1495 salsum
1091 1469 1183 1494 esse.
1261 1454 1393 1491 Fuisse
1437 1453 1562 1500 utique

911 1512 1116 1565 Προνοίας
1142 1507 1319 1562 Ἀθηνᾶς
1350 1522 1431 1546 aras
1458 1510 1563 1545 sana-

911 1583 981 1619 que
994 1583 1073 1607 cum
1086 1570 1121 1605 in
1134 1569 1211 1605 aliis
1231 1567 1431 1604 civitatibus
1445 1565 1563 1601 Grae-

911 1628 987 1664 ciae
998 1655 1008 1673 ,
1037 1631 1112 1662 tum
1132 1626 1238 1662 etiam
1250 1624 1347 1660 iuxta
1354 1621 1563 1672 Apollinem

910 1683 1066 1732 Delphis
1087 1681 1362 1732 pulcherrimam
1393 1682 1431 1715 et
1449 1677 1564 1713 maxi-

884 1760 890 1766 ·
911 1752 1008 1776 mam
1028 1740 1155 1776 aedem
1174 1738 1222 1774 ad
1242 1737 1449 1784 ingressum
1470 1738 1563 1770 tem-

912 1795 984 1845 pli,
1024 1799 1061 1832 et
1091 1794 1194 1830 huius
1231 1793 1346 1842 ipsius
1377 1791 1564 1827 Minervae

913 1851 1122 1888 meminisse
1152 1854 1187 1886 et
1208 1848 1437 1885 Herodotum
1462 1849 1498 1881 et
1525 1857 1565 1880 a-

916 1907 1004 1953 lios,
1040 1909 1219 1955 quotquot
1251 1903 1380 1941 excitat
1414 1901 1565 1938 Wesse-

913 1963 1045 2011 lingius
1070 1962 1092 1997 l.
1117 1961 1139 1997 l.
1159 1960 1322 2009 Delphos
1342 1970 1449 2004 ver0,
1480 1958 1565 1993 dum

914 2019 1036 2056 Miner
1039 2030 1117 2054 vam
1128 2027 1315 2053 consecra1
1318 2017 1379 2051 ent
1392 2009 1481 2064 Προ
1485 2027 1566 2052 νοι

916 2089 986 2122 αν,
1015 2086 1089 2110 11011
1122 2072 1221 2109 aliud
1251 2074 1437 2121 spectasse
1456 2082 1566 2118 quam

910 2130 1155 2182 prudentiam,
1194 2128 1421 2165 consiliorum
1451 2127 1568 2162 facto-

917 2200 1067 2235 rumque
1112 2184 1408 2229 moderatricem,
1465 2181 1566 2218 cuius

916 2244 978 2280 illa
998 2247 1172 2292 tanquam
1194 2242 1265 2277 dea
1284 2243 1383 2277 esset
1403 2236 1566 2275 colenda.

917 2300 1021 2337 Haec
1047 2297 1201 2349 paucula
1230 2308 1273 2333 ex
1294 2295 1476 2332 uberrima
1501 2293 1567 2330 viri

919 2356 1015 2394 docti
1026 2354 1269 2405 disputatione
1278 2351 1465 2400 adscripsi,
1473 2362 1568 2399 quae

919 2413 1068 2464 propius
1089 2412 1137 2448 ad
1156 2411 1274 2459 ipsum
1285 2407 1463 2445 Nostrum
1481 2406 1568 2442 scri-

919 2473 1062 2520 ptorem
1083 2465 1331 2504 illustrandum
1349 2463 1503 2510 faciunt,
1531 2462 1569 2498 in

920 2538 991 2575 quo
1013 2529 1156 2570 tamen,
1186 2522 1217 2558 si
1242 2521 1387 2557 omnino
1416 2531 1501 2557 vera
1528 2530 1570 2554 ac

921 2582 1038 2632 proba
1081 2583 1186 2625 sunt,
1230 2590 1324 2627 quae
1357 2574 1569 2624 Lennepius

923 2636 1140 2687 disputavit,
1185 2634 1242 2671 vix
1275 2633 1420 2681 vulgata
1463 2630 1569 2668 lectio

923 2698 1019 2731 stare
1041 2692 1194 2743 poterit,
1223 2690 1290 2726 nisi
1308 2689 1428 2739 ipsum
1451 2688 1570 2724 Hero-

924 2751 1049 2786 dotum
1070 2749 1106 2784 in
1127 2748 1230 2785 Deae
1260 2745 1403 2783 nomine
1429 2743 1570 2794 lapsum

923 2806 1067 2842 dixeris.
1127 2804 1291 2847 Quorum
1309 2805 1475 2839 neutrum
1491 2813 1571 2836 cum

924 2874 947 2899 a
964 2874 1022 2901 me
1056 2862 1248 2912 impetrare
1275 2870 1448 2910 possem,
1484 2854 1570 2893 nihil
