<?xml version="1.0" encoding="UTF-8"?>
<!DOCTYPE html PUBLIC "-//W3C//DTD XHTML 1.0 Transitional//EN"
    "http://www.w3.org/TR/xhtml1/DTD/xhtml1-transitional.dtd">
<html xmlns="http://www.w3.org/1999/xhtml" xml:lang="en" lang="en">
 <head>
  <title>
</title>
<meta http-equiv="Content-Type" content="text/html;charset=utf-8" />
  <meta name='ocr-system' content='tesseract 3.04.00' />
  <meta name='ocr-capabilities' content='ocr_page ocr_carea ocr_par ocr_line ocrx_word'/>
</head>
<body>
  <div class='ocr_page' id='page_1' title='image "./musaeherodoto01hero/musaeherodoto01hero_0432.png"; bbox 0 0 1909 3228; ppageno 0'>
   <div class='ocr_carea' id='block_1_1' title="bbox 453 223 538 264">
    <p class='ocr_par' dir='ltr' id='par_1_1' title="bbox 453 223 538 264">
     <span class='ocr_line' id='line_1_1' title="bbox 453 223 538 264; baseline -0.012 0"><span class='ocrx_word' id='word_1_1' title='bbox 453 223 538 264; x_wconf 78' lang='lat'><strong>418</strong></span> 
     </span>
    </p>
   </div>
   <div class='ocr_carea' id='block_1_2' title="bbox 457 325 1096 378">
    <p class='ocr_par' dir='ltr' id='par_1_2' title="bbox 457 325 1096 378">
     <span class='ocr_line' id='line_1_2' title="bbox 457 325 1096 378; baseline -0.011 -6"><span class='ocrx_word' id='word_1_2' title='bbox 457 331 554 378; x_wconf 89' lang='grc' dir='ltr'><strong>ΓΕ,</strong></span> <span class='ocrx_word' id='word_1_3' title='bbox 597 328 808 370; x_wconf 74' lang='grc' dir='ltr'><em>ΑΛΛΩΣ</em></span> <span class='ocrx_word' id='word_1_4' title='bbox 833 325 1096 372; x_wconf 80' lang='grc' dir='ltr'><em>ΑΝΟΙΞΗι.</em></span> 
     </span>
    </p>
   </div>
   <div class='ocr_carea' id='block_1_3' title="bbox 846 215 1313 256">
    <p class='ocr_par' dir='ltr' id='par_1_3' title="bbox 846 215 1313 256">
     <span class='ocr_line' id='line_1_3' title="bbox 846 215 1313 256; baseline -0.004 -1"><span class='ocrx_word' id='word_1_5' title='bbox 846 215 1313 256; x_wconf 87' lang='lat' dir='ltr'><strong>HERODOTl</strong></span> 
     </span>
    </p>
   </div>
   <div class='ocr_carea' id='block_1_4' title="bbox 1157 325 1707 367">
    <p class='ocr_par' dir='ltr' id='par_1_4' title="bbox 1157 325 1707 367">
     <span class='ocr_line' id='line_1_4' title="bbox 1157 325 1707 367; baseline -0.004 -1"><span class='ocrx_word' id='word_1_6' title='bbox 1157 325 1237 366; x_wconf 76' lang='lat' dir='ltr'><strong>OY&#39;</strong></span> <span class='ocrx_word' id='word_1_7' title='bbox 1268 325 1382 366; x_wconf 91' lang='grc' dir='ltr'><strong>ΓΑΡ</strong></span> <span class='ocrx_word' id='word_1_8' title='bbox 1407 325 1707 367; x_wconf 89' lang='grc' dir='ltr'><strong>ΑΜΕΙΝΟΝ.</strong></span> 
     </span>
    </p>
   </div>
   <div class='ocr_carea' id='block_1_5' title="bbox 426 397 1708 459">
    <p class='ocr_par' dir='ltr' id='par_1_5' title="bbox 426 397 1708 459">
     <span class='ocr_line' id='line_1_5' title="bbox 426 397 1708 459; baseline -0.002 -12"><span class='ocrx_word' id='word_1_9' title='bbox 426 414 448 447; x_wconf 85' lang='grc'>3</span> <span class='ocrx_word' id='word_1_10' title='bbox 466 402 604 457; x_wconf 81' lang='grc' dir='ltr'><em>Οὗτος</em></span> <span class='ocrx_word' id='word_1_11' title='bbox 633 403 656 447; x_wconf 92' lang='grc' dir='ltr'>ὁ</span> <span class='ocrx_word' id='word_1_12' title='bbox 686 403 823 457; x_wconf 84' lang='grc' dir='ltr'><strong><em>τάφος</em></strong></span> <span class='ocrx_word' id='word_1_13' title='bbox 852 397 908 459; x_wconf 83' lang='grc' dir='ltr'><em>ἧν</em></span> <span class='ocrx_word' id='word_1_14' title='bbox 937 402 1161 459; x_wconf 75' lang='grc' dir='ltr'><em>ἀκίνητος,</em></span> <span class='ocrx_word' id='word_1_15' title='bbox 1211 401 1334 457; x_wconf 82' lang='grc' dir='ltr'><em>μέχρι</em></span> <span class='ocrx_word' id='word_1_16' title='bbox 1363 397 1417 444; x_wconf 78' lang='grc' dir='ltr'><strong>οὗ</strong></span> <span class='ocrx_word' id='word_1_17' title='bbox 1447 403 1489 452; x_wconf 81' lang='grc' dir='ltr'><strong>ἐς</strong></span> <span class='ocrx_word' id='word_1_18' title='bbox 1516 407 1708 455; x_wconf 86' lang='grc' dir='ltr'><em>Δαρεῖον</em></span> 
     </span>
    </p>
   </div>
   <div class='ocr_carea' id='block_1_6' title="bbox 427 480 1709 540">
    <p class='ocr_par' dir='ltr' id='par_1_6' title="bbox 427 480 1709 540">
     <span class='ocr_line' id='line_1_6' title="bbox 427 480 1709 540; baseline -0.001 -15"><span class='ocrx_word' id='word_1_19' title='bbox 427 489 658 540; x_wconf 69' lang='grc' dir='ltr'><em>4περιῆλθε</em></span> <span class='ocrx_word' id='word_1_20' title='bbox 687 482 714 538; x_wconf 81' lang='grc' dir='ltr'><strong><em>ἡ</em></strong></span> <span class='ocrx_word' id='word_1_21' title='bbox 745 485 957 538; x_wconf 80' lang='grc' dir='ltr'><em>βασιληΐη.</em></span> <span class='ocrx_word' id='word_1_22' title='bbox 1015 482 1187 537; x_wconf 83' lang='grc' dir='ltr'><strong><em>Δαρείῳ</em></strong></span> <span class='ocrx_word' id='word_1_23' title='bbox 1217 481 1261 523; x_wconf 80' lang='grc' dir='ltr'><strong>δὲ</strong></span> <span class='ocrx_word' id='word_1_24' title='bbox 1290 481 1359 524; x_wconf 78' lang='grc' dir='ltr'><em>καὶ</em></span> <span class='ocrx_word' id='word_1_25' title='bbox 1394 480 1538 524; x_wconf 77' lang='grc' dir='ltr'><em>δεινόν</em></span> <span class='ocrx_word' id='word_1_26' title='bbox 1567 480 1709 524; x_wconf 70' lang='grc' dir='ltr'><strong><em>ἐδόκεε</em></strong></span> 
     </span>
    </p>
   </div>
   <div class='ocr_carea' id='block_1_7' title="bbox 455 559 1711 618">
    <p class='ocr_par' dir='ltr' id='par_1_7' title="bbox 455 559 1711 618">
     <span class='ocr_line' id='line_1_7' title="bbox 455 559 1711 618; baseline -0.003 -13"><span class='ocrx_word' id='word_1_27' title='bbox 455 562 565 606; x_wconf 66' lang='grc' dir='ltr'><em>εἶναι</em></span> <span class='ocrx_word' id='word_1_28' title='bbox 593 565 689 618; x_wconf 83' lang='grc' dir='ltr'><em>τῇσι</em></span> <span class='ocrx_word' id='word_1_29' title='bbox 720 561 880 618; x_wconf 76' lang='grc' dir='ltr'><em>πύλῃσι</em></span> <span class='ocrx_word' id='word_1_30' title='bbox 909 561 1086 618; x_wconf 75' lang='grc' dir='ltr'><em>ταύτῃσι</em></span> <span class='ocrx_word' id='word_1_31' title='bbox 1115 560 1248 616; x_wconf 77' lang='grc' dir='ltr'><em>μηδὲν</em></span> <span class='ocrx_word' id='word_1_32' title='bbox 1271 559 1489 615; x_wconf 80' lang='grc' dir='ltr'><em>χρὲεσθαι·</em></span> <span class='ocrx_word' id='word_1_33' title='bbox 1520 560 1592 602; x_wconf 80' lang='grc' dir='ltr'><em>καὶ</em></span> <span class='ocrx_word' id='word_1_34' title='bbox 1612 576 1711 615; x_wconf 84' lang='grc' dir='ltr'><em>χρη-</em></span> 
     </span>
    </p>
   </div>
   <div class='ocr_carea' id='block_1_8' title="bbox 452 637 1711 696">
    <p class='ocr_par' dir='ltr' id='par_1_8' title="bbox 452 637 1711 696">
     <span class='ocr_line' id='line_1_8' title="bbox 452 637 1711 696; baseline -0.002 -13"><span class='ocrx_word' id='word_1_35' title='bbox 452 639 599 696; x_wconf 78' lang='grc' dir='ltr'><em>μάτων</em></span> <span class='ocrx_word' id='word_1_36' title='bbox 628 639 861 696; x_wconf 81' lang='grc' dir='ltr'><em>κειμένων,</em></span> <span class='ocrx_word' id='word_1_37' title='bbox 915 641 989 684; x_wconf 83' lang='grc' dir='ltr'><em>καὶ</em></span> <span class='ocrx_word' id='word_1_38' title='bbox 1019 638 1166 683; x_wconf 78' lang='grc' dir='ltr'><em>αὐτῶν</em></span> <span class='ocrx_word' id='word_1_39' title='bbox 1197 642 1283 681; x_wconf 80' lang='grc' dir='ltr'><em>τῶν</em></span> <span class='ocrx_word' id='word_1_40' title='bbox 1313 637 1541 694; x_wconf 81' lang='grc' dir='ltr'><em>χρημάτων</em></span> <span class='ocrx_word' id='word_1_41' title='bbox 1569 637 1711 681; x_wconf 78' lang='grc' dir='ltr'><em>ἐπικα-</em></span> 
     </span>
    </p>
   </div>
   <div class='ocr_carea' id='block_1_9' title="bbox 426 717 1712 776">
    <p class='ocr_par' dir='ltr' id='par_1_9' title="bbox 426 717 1712 776">
     <span class='ocr_line' id='line_1_9' title="bbox 426 717 1712 776; baseline -0.002 -14"><span class='ocrx_word' id='word_1_42' title='bbox 426 718 694 774; x_wconf 84' lang='grc' dir='ltr'><em>5λεομὲνων,</em></span> <span class='ocrx_word' id='word_1_43' title='bbox 753 718 810 774; x_wconf 76' lang='grc' dir='ltr'><strong>μή</strong></span> <span class='ocrx_word' id='word_1_44' title='bbox 855 718 909 763; x_wconf 81' lang='grc' dir='ltr'><strong>οὐ</strong></span> <span class='ocrx_word' id='word_1_45' title='bbox 949 723 1097 776; x_wconf 79' lang='grc' dir='ltr'><em>λαβεῖν</em></span> <span class='ocrx_word' id='word_1_46' title='bbox 1138 717 1262 762; x_wconf 79' lang='grc' dir='ltr'><em>αὐτά.</em></span> <span class='ocrx_word' id='word_1_47' title='bbox 1324 724 1422 773; x_wconf 73' lang='grc' dir='ltr'><em>τῇσι</em></span> <span class='ocrx_word' id='word_1_48' title='bbox 1460 717 1505 760; x_wconf 79' lang='grc' dir='ltr'><strong>δὲ</strong></span> <span class='ocrx_word' id='word_1_49' title='bbox 1549 717 1712 773; x_wconf 79' lang='grc' dir='ltr'><em>πύλῃσι</em></span> 
     </span>
    </p>
   </div>
   <div class='ocr_carea' id='block_1_10' title="bbox 452 794 1737 855">
    <p class='ocr_par' dir='ltr' id='par_1_10' title="bbox 452 794 1737 855">
     <span class='ocr_line' id='line_1_10' title="bbox 452 794 1737 855; baseline -0.002 -14"><span class='ocrx_word' id='word_1_50' title='bbox 452 796 633 855; x_wconf 81' lang='grc' dir='ltr'><em>ταύτῃσι</em></span> <span class='ocrx_word' id='word_1_51' title='bbox 661 795 793 841; x_wconf 77' lang='grc' dir='ltr'><em>οὐδὲν</em></span> <span class='ocrx_word' id='word_1_52' title='bbox 821 798 998 854; x_wconf 76' lang='grc' dir='ltr'><em>ἐχρᾶτο,</em></span> <span class='ocrx_word' id='word_1_53' title='bbox 1040 800 1169 842; x_wconf 82' lang='grc' dir='ltr'><em>τοῦδε</em></span> <span class='ocrx_word' id='word_1_54' title='bbox 1199 799 1362 848; x_wconf 79' lang='grc' dir='ltr'><em>εἵνεκα,</em></span> <span class='ocrx_word' id='word_1_55' title='bbox 1407 795 1472 839; x_wconf 84' lang='grc' dir='ltr'><em>ὅτι</em></span> <span class='ocrx_word' id='word_1_56' title='bbox 1501 794 1612 850; x_wconf 73' lang='grc' dir='ltr'><em>ὑπὲρ</em></span> <span class='ocrx_word' id='word_1_57' title='bbox 1642 804 1737 839; x_wconf 69' lang='grc' dir='ltr'><strong>σεε-1</strong></span> 
     </span>
    </p>
   </div>
   <div class='ocr_carea' id='block_1_11' title="bbox 424 872 1713 932">
    <p class='ocr_par' dir='ltr' id='par_1_11' title="bbox 424 872 1713 932">
     <span class='ocr_line' id='line_1_11' title="bbox 424 872 1713 932; baseline -0.002 -13"><span class='ocrx_word' id='word_1_58' title='bbox 424 880 598 932; x_wconf 77' lang='grc' dir='ltr'><em>σφαλῇς</em></span> <span class='ocrx_word' id='word_1_59' title='bbox 628 878 672 920; x_wconf 79' lang='grc' dir='ltr'><strong>οἱ</strong></span> <span class='ocrx_word' id='word_1_60' title='bbox 700 876 863 932; x_wconf 80' lang='grc' dir='ltr'><em>ἐγίνετο</em></span> <span class='ocrx_word' id='word_1_61' title='bbox 900 877 923 921; x_wconf 91' lang='grc' dir='ltr'>ὁ</span> <span class='ocrx_word' id='word_1_62' title='bbox 962 877 1114 931; x_wconf 79' lang='grc' dir='ltr'><em>νεκρός</em></span> <span class='ocrx_word' id='word_1_63' title='bbox 1151 875 1480 928; x_wconf 79' lang='grc' dir='ltr'><em>διεξελαύνοντι.</em></span> <span class='ocrx_word' id='word_1_64' title='bbox 1539 872 1713 926; x_wconf 79' lang='grc' dir='ltr'><em>ἀνοίξας</em></span> 
     </span>
    </p>
   </div>
   <div class='ocr_carea' id='block_1_12' title="bbox 453 951 1712 1012">
    <p class='ocr_par' dir='ltr' id='par_1_12' title="bbox 453 951 1712 1012">
     <span class='ocr_line' id='line_1_12' title="bbox 453 951 1712 1012; baseline -0.003 -12"><span class='ocrx_word' id='word_1_65' title='bbox 453 956 499 1000; x_wconf 79' lang='grc' dir='ltr'><strong>δὲ</strong></span> <span class='ocrx_word' id='word_1_66' title='bbox 527 955 606 999; x_wconf 75' lang='grc' dir='ltr'><em>τόν</em></span> <span class='ocrx_word' id='word_1_67' title='bbox 635 955 803 1011; x_wconf 84' lang='grc' dir='ltr'><em>τάφον,</em></span> <span class='ocrx_word' id='word_1_68' title='bbox 853 951 952 1011; x_wconf 81' lang='grc' dir='ltr'><em>εὗρε</em></span> <span class='ocrx_word' id='word_1_69' title='bbox 989 955 1182 1012; x_wconf 77' lang='grc' dir='ltr'><em>χρήματα</em></span> <span class='ocrx_word' id='word_1_70' title='bbox 1221 955 1299 1010; x_wconf 77' lang='grc' dir='ltr'><em>μὲν</em></span> <span class='ocrx_word' id='word_1_71' title='bbox 1333 953 1413 1005; x_wconf 81' lang='grc' dir='ltr'><strong>οὔ,</strong></span> <span class='ocrx_word' id='word_1_72' title='bbox 1463 952 1540 997; x_wconf 84' lang='grc' dir='ltr'><em>τὸν</em></span> <span class='ocrx_word' id='word_1_73' title='bbox 1571 954 1616 996; x_wconf 81' lang='grc' dir='ltr'><strong>δὲ</strong></span> <span class='ocrx_word' id='word_1_74' title='bbox 1645 969 1712 996; x_wconf 87' lang='grc' dir='ltr'><em>νε-</em></span> 
     </span>
    </p>
   </div>
   <div class='ocr_carea' id='block_1_13' title="bbox 450 1032 1743 1158">
    <p class='ocr_par' dir='ltr' id='par_1_13' title="bbox 450 1032 1743 1158">
     <span class='ocr_line' id='line_1_13' title="bbox 450 1032 1714 1090; baseline -0.004 -11"><span class='ocrx_word' id='word_1_75' title='bbox 450 1035 582 1090; x_wconf 78' lang='grc' dir='ltr'><em>κρόν,</em></span> <span class='ocrx_word' id='word_1_76' title='bbox 613 1035 686 1079; x_wconf 84' lang='grc' dir='ltr'><em>καὶ</em></span> <span class='ocrx_word' id='word_1_77' title='bbox 704 1035 935 1090; x_wconf 83' lang='grc' dir='ltr'><em>γράμματα</em></span> <span class='ocrx_word' id='word_1_78' title='bbox 952 1035 1132 1090; x_wconf 80' lang='grc' dir='ltr'><em>λέγοντα</em></span> <span class='ocrx_word' id='word_1_79' title='bbox 1155 1032 1277 1078; x_wconf 81' lang='grc' dir='ltr'><strong><em>τάδε·</em></strong></span> <span class='ocrx_word' id='word_1_80' title='bbox 1308 1037 1377 1076; x_wconf 93' lang='grc' dir='ltr'><strong>ΕΙ</strong></span> <span class='ocrx_word' id='word_1_81' title='bbox 1401 1036 1502 1076; x_wconf 92' lang='grc' dir='ltr'><strong>ΜΗ</strong></span> <span class='ocrx_word' id='word_1_82' title='bbox 1525 1035 1714 1076; x_wconf 89' lang='grc' dir='ltr'><em>ΑΠΛΗ-</em></span> 
     </span>
     <span class='ocr_line' id='line_1_14' title="bbox 452 1114 1743 1158; baseline -0.003 -1"><span class='ocrx_word' id='word_1_83' title='bbox 452 1117 621 1157; x_wconf 77' lang='grc' dir='ltr'><strong><em>ΣΤΟΣ</em></strong></span> <span class='ocrx_word' id='word_1_84' title='bbox 661 1118 738 1156; x_wconf 87' lang='grc' dir='ltr'><strong>ΤΕ</strong></span> <span class='ocrx_word' id='word_1_85' title='bbox 774 1117 901 1157; x_wconf 84' lang='grc' dir='ltr'><strong>ΕΑΣ</strong></span> <span class='ocrx_word' id='word_1_86' title='bbox 935 1116 1284 1158; x_wconf 71' lang='grc' dir='ltr'><em>ΧΡΗΜΑΤΩΝ</em></span> <span class='ocrx_word' id='word_1_87' title='bbox 1319 1116 1432 1157; x_wconf 85' lang='grc' dir='ltr'><strong>ΚΑΙ</strong></span> <span class='ocrx_word' id='word_1_88' title='bbox 1464 1114 1743 1156; x_wconf 84' lang='grc' dir='ltr'><strong><em>ΑΙΣΧΡΟ-5</em></strong></span> 
     </span>
    </p>
   </div>
   <div class='ocr_carea' id='block_1_14' title="bbox 398 1225 671 1231">
    <p class='ocr_par' dir='ltr' id='par_1_14' title="bbox 398 1225 671 1231">
     <span class='ocr_line' id='line_1_15' title="bbox 398 1225 671 1231; baseline 0 0"><span class='ocrx_word' id='word_1_89' title='bbox 398 1225 671 1231; x_wconf 95' lang='lat' dir='ltr'><strong> </strong></span> 
     </span>
    </p>
   </div>
   <div class='ocr_carea' id='block_1_15' title="bbox 396 1288 1055 2907">
    <p class='ocr_par' dir='ltr' id='par_1_15' title="bbox 396 1288 1052 1564">
     <span class='ocr_line' id='line_1_16' title="bbox 396 1288 1051 1336; baseline 0 -11"><span class='ocrx_word' id='word_1_90' title='bbox 396 1288 510 1326; x_wconf 89' lang='lat' dir='ltr'><strong>altero</strong></span> <span class='ocrx_word' id='word_1_91' title='bbox 531 1288 609 1326; x_wconf 92' lang='lat' dir='ltr'><strong>loco</strong></span> <span class='ocrx_word' id='word_1_92' title='bbox 641 1289 687 1326; x_wconf 86' lang='lat' dir='ltr'><strong>ad</strong></span> <span class='ocrx_word' id='word_1_93' title='bbox 711 1288 927 1336; x_wconf 83' lang='grc' dir='ltr'><em>σπανίσας,</em></span> <span class='ocrx_word' id='word_1_94' title='bbox 957 1289 1051 1326; x_wconf 86' lang='lat' dir='ltr'><strong>bene</strong></span> 
     </span>
     <span class='ocr_line' id='line_1_17' title="bbox 396 1344 1052 1395; baseline -0.003 -12"><span class='ocrx_word' id='word_1_95' title='bbox 396 1350 568 1383; x_wconf 84' lang='lat' dir='ltr'><strong>monente</strong></span> <span class='ocrx_word' id='word_1_96' title='bbox 587 1344 718 1382; x_wconf 79' lang='lat' dir='ltr'><strong>Matth.</strong></span> <span class='ocrx_word' id='word_1_97' title='bbox 740 1346 806 1382; x_wconf 91' lang='lat' dir='ltr'><strong>Gr.</strong></span> <span class='ocrx_word' id='word_1_98' title='bbox 829 1346 896 1382; x_wconf 90' lang='lat' dir='ltr'><strong>Gr.</strong></span> <span class='ocrx_word' id='word_1_99' title='bbox 920 1344 1052 1395; x_wconf 74' lang='lat'><strong>§.602</strong></span> 
     </span>
     <span class='ocr_line' id='line_1_18' title="bbox 397 1402 1052 1451; baseline -0.002 -13"><span class='ocrx_word' id='word_1_100' title='bbox 397 1402 458 1438; x_wconf 84' lang='lat' dir='ltr'><strong>fin.</strong></span> <span class='ocrx_word' id='word_1_101' title='bbox 489 1414 574 1451; x_wconf 85' lang='lat' dir='ltr'><strong>pag.</strong></span> <span class='ocrx_word' id='word_1_102' title='bbox 595 1403 715 1442; x_wconf 81' lang='lat'><strong>1208.</strong></span> <span class='ocrx_word' id='word_1_103' title='bbox 756 1402 865 1438; x_wconf 86' lang='lat' dir='ltr'><strong>Cous.</strong></span> <span class='ocrx_word' id='word_1_104' title='bbox 897 1402 1052 1439; x_wconf 67' lang='lat' dir='ltr'><strong>ll‘erser.</strong></span> 
     </span>
     <span class='ocr_line' id='line_1_19' title="bbox 397 1456 1048 1508; baseline 0.002 -15"><span class='ocrx_word' id='word_1_105' title='bbox 397 1457 435 1493; x_wconf 88' lang='lat' dir='ltr'><strong>in</strong></span> <span class='ocrx_word' id='word_1_106' title='bbox 476 1458 570 1493; x_wconf 88' lang='lat' dir='ltr'><strong>Actt.</strong></span> <span class='ocrx_word' id='word_1_107' title='bbox 607 1456 706 1508; x_wconf 86' lang='lat' dir='ltr'><strong>phill.</strong></span> <span class='ocrx_word' id='word_1_108' title='bbox 749 1456 913 1494; x_wconf 78' lang='lat' dir='ltr'><strong>Menace.</strong></span> <span class='ocrx_word' id='word_1_109' title='bbox 946 1457 985 1504; x_wconf 87' lang='lat' dir='ltr'><strong>l,</strong></span> <span class='ocrx_word' id='word_1_110' title='bbox 1028 1460 1048 1498; x_wconf 91' lang='lat'><strong>1</strong></span> 
     </span>
     <span class='ocr_line' id='line_1_20' title="bbox 397 1514 578 1564; baseline 0 -15"><span class='ocrx_word' id='word_1_111' title='bbox 397 1525 483 1564; x_wconf 97' lang='lat' dir='ltr'><strong>pag.</strong></span> <span class='ocrx_word' id='word_1_112' title='bbox 511 1514 578 1553; x_wconf 88' lang='lat'><strong>98.</strong></span> 
     </span>
    </p>

    <p class='ocr_par' dir='ltr' id='par_1_16' title="bbox 398 1562 1053 1893">
     <span class='ocr_line' id='line_1_21' title="bbox 455 1562 1051 1622; baseline -0.003 -16"><span class='ocrx_word' id='word_1_113' title='bbox 455 1562 504 1606; x_wconf 87' lang='grc' dir='ltr'><strong>ου’</strong></span> <span class='ocrx_word' id='word_1_114' title='bbox 522 1564 597 1622; x_wconf 74' lang='grc' dir='ltr'><strong>γὰρ</strong></span> <span class='ocrx_word' id='word_1_115' title='bbox 618 1564 810 1618; x_wconf 71' lang='grc' dir='ltr'><em>ἄμεινον]</em></span> <span class='ocrx_word' id='word_1_116' title='bbox 837 1567 1051 1605; x_wconf 89' lang='lat' dir='ltr'><strong>Formulam</strong></span> 
     </span>
     <span class='ocr_line' id='line_1_22' title="bbox 398 1624 1053 1674; baseline -0.002 -13"><span class='ocrx_word' id='word_1_117' title='bbox 398 1624 515 1671; x_wconf 88' lang='lat' dir='ltr'><strong>hanc,</strong></span> <span class='ocrx_word' id='word_1_118' title='bbox 550 1637 623 1673; x_wconf 86' lang='lat' dir='ltr'><strong>qua</strong></span> <span class='ocrx_word' id='word_1_119' title='bbox 651 1624 881 1674; x_wconf 86' lang='lat' dir='ltr'><strong>potissimum</strong></span> <span class='ocrx_word' id='word_1_120' title='bbox 900 1625 1053 1662; x_wconf 83' lang='lat' dir='ltr'><strong>uteban-</strong></span> 
     </span>
     <span class='ocr_line' id='line_1_23' title="bbox 398 1680 1053 1729; baseline 0 -12"><span class='ocrx_word' id='word_1_121' title='bbox 398 1686 478 1727; x_wconf 93' lang='lat' dir='ltr'><strong>tur,</strong></span> <span class='ocrx_word' id='word_1_122' title='bbox 508 1680 538 1716; x_wconf 89' lang='lat' dir='ltr'><strong>si</strong></span> <span class='ocrx_word' id='word_1_123' title='bbox 565 1680 652 1729; x_wconf 88' lang='lat' dir='ltr'><strong>quid</strong></span> <span class='ocrx_word' id='word_1_124' title='bbox 682 1681 828 1717; x_wconf 82' lang='lat' dir='ltr'><strong>noxium</strong></span> <span class='ocrx_word' id='word_1_125' title='bbox 858 1684 967 1729; x_wconf 89' lang='lat' dir='ltr'><strong>atque</strong></span> <span class='ocrx_word' id='word_1_126' title='bbox 997 1682 1053 1717; x_wconf 85' lang='lat' dir='ltr'><strong>in-</strong></span> 
     </span>
     <span class='ocr_line' id='line_1_24' title="bbox 398 1736 1052 1784; baseline -0.002 -12"><span class='ocrx_word' id='word_1_127' title='bbox 398 1736 485 1773; x_wconf 86' lang='lat' dir='ltr'><strong>utile</strong></span> <span class='ocrx_word' id='word_1_128' title='bbox 505 1737 583 1773; x_wconf 86' lang='lat' dir='ltr'><strong>fore</strong></span> <span class='ocrx_word' id='word_1_129' title='bbox 607 1739 847 1782; x_wconf 78' lang='lat' dir='ltr'><strong>testarentur,</strong></span> <span class='ocrx_word' id='word_1_130' title='bbox 880 1736 1052 1784; x_wconf 81' lang='lat' dir='ltr'><strong>exemplis</strong></span> 
     </span>
     <span class='ocr_line' id='line_1_25' title="bbox 399 1790 1053 1840; baseline 0 -12"><span class='ocrx_word' id='word_1_131' title='bbox 399 1792 537 1840; x_wconf 82' lang='lat' dir='ltr'><strong>aliquot</strong></span> <span class='ocrx_word' id='word_1_132' title='bbox 558 1790 746 1827; x_wconf 76' lang='lat' dir='ltr'><strong>illustravit</strong></span> <span class='ocrx_word' id='word_1_133' title='bbox 774 1791 1053 1839; x_wconf 73' lang='lat' dir='ltr'><strong>wesselingius.</strong></span> 
     </span>
     <span class='ocr_line' id='line_1_26' title="bbox 398 1846 976 1893; baseline -0.002 -9"><span class='ocrx_word' id='word_1_134' title='bbox 398 1847 430 1884; x_wconf 92' lang='lat' dir='ltr'>E</span> <span class='ocrx_word' id='word_1_135' title='bbox 454 1846 593 1885; x_wconf 88' lang='lat' dir='ltr'><strong>Nostro</strong></span> <span class='ocrx_word' id='word_1_136' title='bbox 616 1848 709 1883; x_wconf 89' lang='lat' dir='ltr'><strong>conf.</strong></span> <span class='ocrx_word' id='word_1_137' title='bbox 733 1847 804 1893; x_wconf 92' lang='lat' dir='ltr'><strong>lll,</strong></span> <span class='ocrx_word' id='word_1_138' title='bbox 823 1850 888 1887; x_wconf 87' lang='lat'><strong>71.</strong></span> <span class='ocrx_word' id='word_1_139' title='bbox 910 1849 976 1887; x_wconf 87' lang='lat'><strong>82.</strong></span> 
     </span>
    </p>

    <p class='ocr_par' dir='ltr' id='par_1_17' title="bbox 399 1896 1055 2174">
     <span class='ocr_line' id='line_1_27' title="bbox 457 1896 1052 1954; baseline -0.003 -13"><span class='ocrx_word' id='word_1_140' title='bbox 457 1901 566 1954; x_wconf 82' lang='grc' dir='ltr'><em>μέχρι</em></span> <span class='ocrx_word' id='word_1_141' title='bbox 588 1896 637 1942; x_wconf 75' lang='grc' dir='ltr'><strong>οὗ</strong></span> <span class='ocrx_word' id='word_1_142' title='bbox 655 1924 701 1930; x_wconf 92' lang='grc'><strong>-</strong></span> <span class='ocrx_word' id='word_1_143' title='bbox 723 1905 941 1953; x_wconf 81' lang='grc' dir='ltr'><em>περιῆλθε]</em></span> <span class='ocrx_word' id='word_1_144' title='bbox 965 1902 1052 1939; x_wconf 84' lang='lat' dir='ltr'><strong>Plu-</strong></span> 
     </span>
     <span class='ocr_line' id='line_1_28' title="bbox 407 1956 1055 2010; baseline -0.002 -14"><span class='ocrx_word' id='word_1_145' title='bbox 407 1959 487 1996; x_wconf 89' lang='lat' dir='ltr'><strong>rimi</strong></span> <span class='ocrx_word' id='word_1_146' title='bbox 510 1959 589 1996; x_wconf 87' lang='lat' dir='ltr'>libri</span> <span class='ocrx_word' id='word_1_147' title='bbox 619 1956 752 2010; x_wconf 80' lang='grc' dir='ltr'><em>μέχρις</em></span> <span class='ocrx_word' id='word_1_148' title='bbox 778 1964 904 1996; x_wconf 85' lang='lat' dir='ltr'><strong>contra</strong></span> <span class='ocrx_word' id='word_1_149' title='bbox 932 1958 1055 1996; x_wconf 90' lang='lat' dir='ltr'><strong>Hero-</strong></span> 
     </span>
     <span class='ocr_line' id='line_1_29' title="bbox 399 2015 1054 2063; baseline 0 -12"><span class='ocrx_word' id='word_1_150' title='bbox 399 2016 548 2052; x_wconf 87' lang='lat' dir='ltr'><strong>doteum</strong></span> <span class='ocrx_word' id='word_1_151' title='bbox 568 2028 695 2062; x_wconf 92' lang='lat' dir='ltr'><strong>usum,</strong></span> <span class='ocrx_word' id='word_1_152' title='bbox 726 2016 773 2052; x_wconf 85' lang='lat' dir='ltr'><strong>de</strong></span> <span class='ocrx_word' id='word_1_153' title='bbox 794 2028 866 2063; x_wconf 89' lang='lat' dir='ltr'><strong>quo</strong></span> <span class='ocrx_word' id='word_1_154' title='bbox 888 2016 982 2052; x_wconf 84' lang='lat' dir='ltr'><strong>conf.</strong></span> <span class='ocrx_word' id='word_1_155' title='bbox 1005 2015 1054 2052; x_wconf 89' lang='lat' dir='ltr'><strong>ad</strong></span> 
     </span>
     <span class='ocr_line' id='line_1_30' title="bbox 400 2069 1054 2122; baseline 0 -14"><span class='ocrx_word' id='word_1_156' title='bbox 400 2072 434 2118; x_wconf 88' lang='lat'><strong>1,</strong></span> <span class='ocrx_word' id='word_1_157' title='bbox 469 2073 559 2112; x_wconf 86' lang='lat'><strong>181.</strong></span> <span class='ocrx_word' id='word_1_158' title='bbox 616 2070 675 2109; x_wconf 90' lang='lat' dir='ltr'><strong>De</strong></span> <span class='ocrx_word' id='word_1_159' title='bbox 705 2069 981 2122; x_wconf 80' lang='grc' dir='ltr'><em>περιέρχεσθαι</em></span> <span class='ocrx_word' id='word_1_160' title='bbox 1016 2071 1054 2108; x_wconf 87' lang='lat' dir='ltr'><strong>in</strong></span> 
     </span>
     <span class='ocr_line' id='line_1_31' title="bbox 402 2127 1052 2174; baseline -0.002 -10"><span class='ocrx_word' id='word_1_161' title='bbox 402 2127 456 2165; x_wconf 90' lang='lat' dir='ltr'><strong>his</strong></span> <span class='ocrx_word' id='word_1_162' title='bbox 477 2127 608 2163; x_wconf 87' lang='lat' dir='ltr'><strong>usitato</strong></span> <span class='ocrx_word' id='word_1_163' title='bbox 629 2128 725 2164; x_wconf 88' lang='lat' dir='ltr'><strong>conf.</strong></span> <span class='ocrx_word' id='word_1_164' title='bbox 747 2128 785 2174; x_wconf 93' lang='lat' dir='ltr'><strong>l,</strong></span> <span class='ocrx_word' id='word_1_165' title='bbox 812 2132 848 2167; x_wconf 91' lang='lat'><strong>7.</strong></span> <span class='ocrx_word' id='word_1_166' title='bbox 872 2130 962 2169; x_wconf 89' lang='lat'><strong>120.</strong></span> <span class='ocrx_word' id='word_1_167' title='bbox 986 2130 1052 2169; x_wconf 87' lang='lat'><strong>96.</strong></span> 
     </span>
    </p>

    <p class='ocr_par' dir='ltr' id='par_1_18' title="bbox 402 2178 1054 2738">
     <span class='ocr_line' id='line_1_32' title="bbox 456 2178 1053 2234; baseline 0.002 -12"><span class='ocrx_word' id='word_1_168' title='bbox 456 2180 509 2234; x_wconf 82' lang='grc' dir='ltr'><strong>μὴ</strong></span> <span class='ocrx_word' id='word_1_169' title='bbox 533 2178 582 2222; x_wconf 75' lang='grc' dir='ltr'><strong>οὔ</strong></span> <span class='ocrx_word' id='word_1_170' title='bbox 600 2184 737 2234; x_wconf 87' lang='grc' dir='ltr'><em>λαβεῖν</em></span> <span class='ocrx_word' id='word_1_171' title='bbox 767 2179 893 2229; x_wconf 72' lang='grc' dir='ltr'><em>αὕτα]</em></span> <span class='ocrx_word' id='word_1_172' title='bbox 927 2180 980 2234; x_wconf 78' lang='grc' dir='ltr'><strong>μή</strong></span> <span class='ocrx_word' id='word_1_173' title='bbox 1005 2178 1053 2223; x_wconf 75' lang='grc' dir='ltr'><strong>οὗ</strong></span> 
     </span>
     <span class='ocr_line' id='line_1_33' title="bbox 404 2240 1053 2289; baseline 0.002 -14"><span class='ocrx_word' id='word_1_174' title='bbox 404 2240 545 2289; x_wconf 82' lang='lat' dir='ltr'><strong>posuit,</strong></span> <span class='ocrx_word' id='word_1_175' title='bbox 575 2240 767 2289; x_wconf 79' lang='lat' dir='ltr'><strong>quoniam,</strong></span> <span class='ocrx_word' id='word_1_176' title='bbox 798 2241 960 2289; x_wconf 82' lang='lat' dir='ltr'><strong>quamvis</strong></span> <span class='ocrx_word' id='word_1_177' title='bbox 979 2252 1053 2277; x_wconf 91' lang='lat' dir='ltr'><strong>non</strong></span> 
     </span>
     <span class='ocr_line' id='line_1_34' title="bbox 402 2296 1054 2346; baseline 0.003 -14"><span class='ocrx_word' id='word_1_178' title='bbox 402 2308 578 2346; x_wconf 65' lang='lat' dir='ltr'><strong>expressa</strong></span> <span class='ocrx_word' id='word_1_179' title='bbox 602 2296 639 2332; x_wconf 88' lang='lat' dir='ltr'><strong>in</strong></span> <span class='ocrx_word' id='word_1_180' title='bbox 667 2297 962 2334; x_wconf 81' lang='lat' dir='ltr'><strong>antecedentibus</strong></span> <span class='ocrx_word' id='word_1_181' title='bbox 989 2309 1054 2334; x_wconf 92' lang='lat' dir='ltr'><strong>ne-</strong></span> 
     </span>
     <span class='ocr_line' id='line_1_35' title="bbox 404 2352 1053 2400; baseline 0 -12"><span class='ocrx_word' id='word_1_182' title='bbox 404 2352 572 2399; x_wconf 84' lang='lat' dir='ltr'><strong>gatione,</strong></span> <span class='ocrx_word' id='word_1_183' title='bbox 600 2356 722 2389; x_wconf 88' lang='lat' dir='ltr'><strong>tamen</strong></span> <span class='ocrx_word' id='word_1_184' title='bbox 738 2353 920 2390; x_wconf 77' lang='lat' dir='ltr'><strong>sententia</strong></span> <span class='ocrx_word' id='word_1_185' title='bbox 939 2365 1053 2400; x_wconf 84' lang='lat' dir='ltr'><strong>nega-</strong></span> 
     </span>
     <span class='ocr_line' id='line_1_36' title="bbox 406 2408 1051 2457; baseline 0.002 -14"><span class='ocrx_word' id='word_1_186' title='bbox 406 2409 478 2444; x_wconf 83' lang='lat' dir='ltr'><strong>tiva</strong></span> <span class='ocrx_word' id='word_1_187' title='bbox 502 2420 595 2457; x_wconf 85' lang='lat' dir='ltr'><strong>quae</strong></span> <span class='ocrx_word' id='word_1_188' title='bbox 614 2408 743 2445; x_wconf 86' lang='lat' dir='ltr'><strong>dicitur</strong></span> <span class='ocrx_word' id='word_1_189' title='bbox 770 2409 962 2446; x_wconf 81' lang='lat' dir='ltr'><strong>antecedit.</strong></span> <span class='ocrx_word' id='word_1_190' title='bbox 992 2408 1051 2444; x_wconf 88' lang='lat' dir='ltr'><strong>Cf.</strong></span> 
     </span>
     <span class='ocr_line' id='line_1_37' title="bbox 403 2463 1050 2514; baseline 0.002 -16"><span class='ocrx_word' id='word_1_191' title='bbox 403 2463 532 2500; x_wconf 78' lang='lat' dir='ltr'><strong>Mauh.</strong></span> <span class='ocrx_word' id='word_1_192' title='bbox 563 2463 585 2500; x_wconf 92' lang='lat' dir='ltr'><strong>l.</strong></span> <span class='ocrx_word' id='word_1_193' title='bbox 618 2463 641 2501; x_wconf 93' lang='lat' dir='ltr'><strong>l.</strong></span> <span class='ocrx_word' id='word_1_194' title='bbox 668 2476 753 2514; x_wconf 87' lang='lat' dir='ltr'><strong>pag.</strong></span> <span class='ocrx_word' id='word_1_195' title='bbox 777 2466 895 2505; x_wconf 89' lang='lat'><strong>1129.</strong></span> <span class='ocrx_word' id='word_1_196' title='bbox 925 2486 979 2491; x_wconf 93' lang='grc'><strong>--</strong></span> <span class='ocrx_word' id='word_1_197' title='bbox 1008 2463 1050 2500; x_wconf 88' lang='lat' dir='ltr'><strong>ln</strong></span> 
     </span>
     <span class='ocr_line' id='line_1_38' title="bbox 403 2519 1051 2567; baseline 0.003 -13"><span class='ocrx_word' id='word_1_198' title='bbox 403 2532 506 2567; x_wconf 87' lang='lat' dir='ltr'><strong>seqq.</strong></span> <span class='ocrx_word' id='word_1_199' title='bbox 517 2519 625 2556; x_wconf 89' lang='lat' dir='ltr'><strong>libros</strong></span> <span class='ocrx_word' id='word_1_200' title='bbox 645 2519 809 2557; x_wconf 87' lang='lat' dir='ltr'><strong>meliores</strong></span> <span class='ocrx_word' id='word_1_201' title='bbox 830 2520 955 2567; x_wconf 87' lang='lat' dir='ltr'><strong>secuti,</strong></span> <span class='ocrx_word' id='word_1_202' title='bbox 971 2533 1051 2556; x_wconf 91' lang='lat' dir='ltr'><strong>cum</strong></span> 
     </span>
     <span class='ocr_line' id='line_1_39' title="bbox 404 2575 1050 2627; baseline 0.008 -17"><span class='ocrx_word' id='word_1_203' title='bbox 404 2575 519 2612; x_wconf 85' lang='lat' dir='ltr'><strong>Gaiss.</strong></span> <span class='ocrx_word' id='word_1_204' title='bbox 532 2575 777 2626; x_wconf 83' lang='lat' dir='ltr'><strong>rescripsimus</strong></span> <span class='ocrx_word' id='word_1_205' title='bbox 797 2575 943 2627; x_wconf 78' lang='grc' dir='ltr'><em>ἐγίνετο</em></span> <span class='ocrx_word' id='word_1_206' title='bbox 964 2580 1050 2626; x_wconf 86' lang='lat' dir='ltr'><strong>(pro</strong></span> 
     </span>
     <span class='ocr_line' id='line_1_40' title="bbox 404 2629 1052 2682; baseline 0.009 -17"><span class='ocrx_word' id='word_1_207' title='bbox 404 2630 497 2678; x_wconf 82' lang='lat' dir='ltr'><strong>vulg.</strong></span> <span class='ocrx_word' id='word_1_208' title='bbox 529 2630 726 2682; x_wconf 81' lang='grc' dir='ltr'><em>ἐγένετο)</em></span> <span class='ocrx_word' id='word_1_209' title='bbox 757 2636 793 2669; x_wconf 88' lang='lat' dir='ltr'><strong>et</strong></span> <span class='ocrx_word' id='word_1_210' title='bbox 819 2629 889 2671; x_wconf 83' lang='grc' dir='ltr'><em>τόν</em></span> <span class='ocrx_word' id='word_1_211' title='bbox 921 2630 963 2671; x_wconf 81' lang='grc' dir='ltr'><strong>δὲ</strong></span> <span class='ocrx_word' id='word_1_212' title='bbox 991 2646 1052 2671; x_wconf 89' lang='grc' dir='ltr'><em>νε-</em></span> 
     </span>
     <span class='ocr_line' id='line_1_41' title="bbox 404 2682 909 2738; baseline 0.004 -16"><span class='ocrx_word' id='word_1_213' title='bbox 404 2682 502 2736; x_wconf 80' lang='grc' dir='ltr'><em>κρόν</em></span> <span class='ocrx_word' id='word_1_214' title='bbox 518 2699 585 2736; x_wconf 87' lang='lat' dir='ltr'><strong>pro</strong></span> <span class='ocrx_word' id='word_1_215' title='bbox 605 2684 674 2726; x_wconf 73' lang='grc' dir='ltr'><em>τόν</em></span> <span class='ocrx_word' id='word_1_216' title='bbox 697 2685 837 2738; x_wconf 81' lang='grc' dir='ltr'><em>νεκρὸν</em></span> <span class='ocrx_word' id='word_1_217' title='bbox 856 2687 909 2727; x_wconf 79' lang='grc' dir='ltr'><strong>δέ.</strong></span> 
     </span>
    </p>

    <p class='ocr_par' dir='ltr' id='par_1_19' title="bbox 406 2739 1051 2907">
     <span class='ocr_line' id='line_1_42' title="bbox 462 2739 1051 2794; baseline 0.008 -16"><span class='ocrx_word' id='word_1_218' title='bbox 462 2740 497 2779; x_wconf 85' lang='grc' dir='ltr'><strong>εἰ</strong></span> <span class='ocrx_word' id='word_1_219' title='bbox 515 2739 569 2791; x_wconf 72' lang='grc' dir='ltr'><strong>μή</strong></span> <span class='ocrx_word' id='word_1_220' title='bbox 587 2739 783 2793; x_wconf 70' lang='grc' dir='ltr'><em>ἄπληστος</em></span> <span class='ocrx_word' id='word_1_221' title='bbox 803 2759 843 2782; x_wconf 85' lang='grc' dir='ltr'><strong>τε</strong></span> <span class='ocrx_word' id='word_1_222' title='bbox 861 2743 942 2794; x_wconf 71' lang='grc' dir='ltr'><em>ἔας]</em></span> <span class='ocrx_word' id='word_1_223' title='bbox 966 2742 1051 2791; x_wconf 79' lang='grc' dir='ltr'><em>ἒάς</em></span> 
     </span>
     <span class='ocr_line' id='line_1_43' title="bbox 406 2795 1051 2850; baseline 0.009 -20"><span class='ocrx_word' id='word_1_224' title='bbox 406 2795 567 2844; x_wconf 86' lang='lat' dir='ltr'><strong>plerique</strong></span> <span class='ocrx_word' id='word_1_225' title='bbox 585 2797 664 2834; x_wconf 88' lang='lat' dir='ltr'><strong>libri</strong></span> <span class='ocrx_word' id='word_1_226' title='bbox 693 2799 789 2848; x_wconf 88' lang='lat' dir='ltr'><strong>iique</strong></span> <span class='ocrx_word' id='word_1_227' title='bbox 808 2800 933 2850; x_wconf 86' lang='lat' dir='ltr'><strong>optimi</strong></span> <span class='ocrx_word' id='word_1_228' title='bbox 952 2799 1051 2838; x_wconf 84' lang='lat' dir='ltr'><strong>exhi-</strong></span> 
     </span>
     <span class='ocr_line' id='line_1_44' title="bbox 407 2850 1048 2907; baseline 0.008 -20"><span class='ocrx_word' id='word_1_229' title='bbox 407 2850 504 2888; x_wconf 85' lang='lat' dir='ltr'><strong>bent.</strong></span> <span class='ocrx_word' id='word_1_230' title='bbox 560 2851 629 2889; x_wconf 84' lang='lat' dir='ltr'><strong>Alii</strong></span> <span class='ocrx_word' id='word_1_231' title='bbox 669 2852 755 2901; x_wconf 75' lang='grc' dir='ltr'><em>ἕεις.</em></span> <span class='ocrx_word' id='word_1_232' title='bbox 815 2856 932 2905; x_wconf 73' lang='lat' dir='ltr'><strong>Vulgo</strong></span> <span class='ocrx_word' id='word_1_233' title='bbox 971 2855 1048 2907; x_wconf 77' lang='grc' dir='ltr'><strong>ἕης.</strong></span> 
     </span>
    </p>
   </div>
   <div class='ocr_carea' id='block_1_16' title="bbox 1117 1287 1776 2908">
    <p class='ocr_par' dir='ltr' id='par_1_20' title="bbox 1117 1287 1776 2908">
     <span class='ocr_line' id='line_1_45' title="bbox 1119 1287 1771 1334; baseline -0.003 -9"><span class='ocrx_word' id='word_1_234' title='bbox 1119 1289 1214 1325; x_wconf 83' lang='lat' dir='ltr'><strong>Illud</strong></span> <span class='ocrx_word' id='word_1_235' title='bbox 1251 1293 1372 1326; x_wconf 86' lang='lat' dir='ltr'><strong>tamen</strong></span> <span class='ocrx_word' id='word_1_236' title='bbox 1411 1287 1643 1334; x_wconf 84' lang='lat' dir='ltr'><strong>retinuimus,</strong></span> <span class='ocrx_word' id='word_1_237' title='bbox 1691 1300 1771 1324; x_wconf 93' lang='lat' dir='ltr'><strong>cum</strong></span> 
     </span>
     <span class='ocr_line' id='line_1_46' title="bbox 1121 1344 1773 1394; baseline -0.008 -10"><span class='ocrx_word' id='word_1_238' title='bbox 1121 1344 1165 1384; x_wconf 74' lang='grc' dir='ltr'><em>ἔα</em></span> <span class='ocrx_word' id='word_1_239' title='bbox 1206 1346 1253 1382; x_wconf 90' lang='lat' dir='ltr'><strong>sit</strong></span> <span class='ocrx_word' id='word_1_240' title='bbox 1284 1347 1399 1382; x_wconf 89' lang='lat' dir='ltr'><strong>sorma</strong></span> <span class='ocrx_word' id='word_1_241' title='bbox 1439 1344 1640 1394; x_wconf 82' lang='lat' dir='ltr'><strong>imperfecti</strong></span> <span class='ocrx_word' id='word_1_242' title='bbox 1678 1344 1773 1380; x_wconf 86' lang='lat' dir='ltr'><strong>anti-</strong></span> 
     </span>
     <span class='ocr_line' id='line_1_47' title="bbox 1121 1400 1772 1451; baseline -0.003 -14"><span class='ocrx_word' id='word_1_243' title='bbox 1121 1402 1247 1451; x_wconf 86' lang='lat' dir='ltr'><strong>quior,</strong></span> <span class='ocrx_word' id='word_1_244' title='bbox 1270 1402 1432 1437; x_wconf 84' lang='lat' dir='ltr'><strong>Homero</strong></span> <span class='ocrx_word' id='word_1_245' title='bbox 1449 1407 1559 1449; x_wconf 82' lang='lat' dir='ltr'><strong>atque</strong></span> <span class='ocrx_word' id='word_1_246' title='bbox 1579 1400 1772 1437; x_wconf 87' lang='lat' dir='ltr'><strong>Herodoto</strong></span> 
     </span>
     <span class='ocr_line' id='line_1_48' title="bbox 1121 1455 1774 1494; baseline -0.003 -1"><span class='ocrx_word' id='word_1_247' title='bbox 1121 1459 1263 1493; x_wconf 81' lang='lat' dir='ltr'><strong>usitata.</strong></span> <span class='ocrx_word' id='word_1_248' title='bbox 1323 1457 1406 1494; x_wconf 77' lang='lat' dir='ltr'><strong>vid.</strong></span> <span class='ocrx_word' id='word_1_249' title='bbox 1424 1457 1584 1493; x_wconf 87' lang='lat' dir='ltr'><strong>Fischer.</strong></span> <span class='ocrx_word' id='word_1_250' title='bbox 1603 1456 1650 1492; x_wconf 88' lang='lat' dir='ltr'><strong>ad</strong></span> <span class='ocrx_word' id='word_1_251' title='bbox 1674 1455 1774 1491; x_wconf 80' lang='lat' dir='ltr'><strong>wel-</strong></span> 
     </span>
     <span class='ocr_line' id='line_1_49' title="bbox 1120 1511 1772 1562; baseline -0.002 -13"><span class='ocrx_word' id='word_1_252' title='bbox 1120 1513 1183 1550; x_wconf 92' lang='lat' dir='ltr'><strong>ler.</strong></span> <span class='ocrx_word' id='word_1_253' title='bbox 1207 1513 1238 1549; x_wconf 93' lang='lat' dir='ltr'><strong>ll</strong></span> <span class='ocrx_word' id='word_1_254' title='bbox 1270 1527 1306 1562; x_wconf 90' lang='lat' dir='ltr'><strong>p.</strong></span> <span class='ocrx_word' id='word_1_255' title='bbox 1327 1513 1422 1553; x_wconf 84' lang='lat'><strong>498.</strong></span> <span class='ocrx_word' id='word_1_256' title='bbox 1461 1511 1592 1548; x_wconf 83' lang='lat' dir='ltr'><strong>Matth.</strong></span> <span class='ocrx_word' id='word_1_257' title='bbox 1617 1512 1682 1548; x_wconf 91' lang='lat' dir='ltr'><strong>Gr.</strong></span> <span class='ocrx_word' id='word_1_258' title='bbox 1706 1511 1772 1548; x_wconf 91' lang='lat' dir='ltr'><strong>Gr.</strong></span> 
     </span>
     <span class='ocr_line' id='line_1_50' title="bbox 1119 1568 1773 1619; baseline 0 -15"><span class='ocrx_word' id='word_1_259' title='bbox 1119 1581 1206 1619; x_wconf 82' lang='lat' dir='ltr'><strong>pag.</strong></span> <span class='ocrx_word' id='word_1_260' title='bbox 1232 1568 1314 1609; x_wconf 82' lang='lat'><strong>412</strong></span> <span class='ocrx_word' id='word_1_261' title='bbox 1341 1568 1419 1605; x_wconf 83' lang='lat' dir='ltr'><strong>coll.</strong></span> <span class='ocrx_word' id='word_1_262' title='bbox 1442 1568 1573 1616; x_wconf 70' lang='lat' dir='ltr'><strong>Heyne</strong></span> <span class='ocrx_word' id='word_1_263' title='bbox 1594 1568 1773 1605; x_wconf 80' lang='lat' dir='ltr'><strong>Observv.</strong></span> 
     </span>
     <span class='ocr_line' id='line_1_51' title="bbox 1120 1624 1775 1674; baseline -0.003 -12"><span class='ocrx_word' id='word_1_264' title='bbox 1120 1625 1167 1662; x_wconf 79' lang='lat' dir='ltr'><strong>ad</strong></span> <span class='ocrx_word' id='word_1_265' title='bbox 1191 1624 1288 1661; x_wconf 80' lang='lat' dir='ltr'><strong>lliad.</strong></span> <span class='ocrx_word' id='word_1_266' title='bbox 1309 1624 1369 1671; x_wconf 83' lang='lat' dir='ltr'><strong>lv,</strong></span> <span class='ocrx_word' id='word_1_267' title='bbox 1388 1626 1468 1665; x_wconf 86' lang='lat'><strong>321</strong></span> <span class='ocrx_word' id='word_1_268' title='bbox 1488 1636 1573 1674; x_wconf 85' lang='lat' dir='ltr'><strong>pag.</strong></span> <span class='ocrx_word' id='word_1_269' title='bbox 1591 1626 1684 1665; x_wconf 88' lang='grc'><strong>616.</strong></span> <span class='ocrx_word' id='word_1_270' title='bbox 1715 1624 1775 1660; x_wconf 89' lang='lat' dir='ltr'><strong>ln-</strong></span> 
     </span>
     <span class='ocr_line' id='line_1_52' title="bbox 1119 1680 1776 1730; baseline -0.003 -13"><span class='ocrx_word' id='word_1_271' title='bbox 1119 1681 1350 1730; x_wconf 87' lang='lat' dir='ltr'><strong>scriptionem</strong></span> <span class='ocrx_word' id='word_1_272' title='bbox 1381 1681 1498 1730; x_wconf 83' lang='lat' dir='ltr'><strong>ipsam</strong></span> <span class='ocrx_word' id='word_1_273' title='bbox 1526 1680 1646 1729; x_wconf 88' lang='lat' dir='ltr'><strong>plures</strong></span> <span class='ocrx_word' id='word_1_274' title='bbox 1687 1680 1776 1716; x_wconf 88' lang='lat' dir='ltr'><strong>scri-</strong></span> 
     </span>
     <span class='ocr_line' id='line_1_53' title="bbox 1119 1736 1775 1786; baseline 0.002 -14"><span class='ocrx_word' id='word_1_275' title='bbox 1119 1741 1244 1786; x_wconf 84' lang='lat' dir='ltr'><strong>ptores</strong></span> <span class='ocrx_word' id='word_1_276' title='bbox 1263 1741 1431 1785; x_wconf 85' lang='lat' dir='ltr'><strong>posterae</strong></span> <span class='ocrx_word' id='word_1_277' title='bbox 1462 1736 1590 1772; x_wconf 88' lang='lat' dir='ltr'><strong>aetatis</strong></span> <span class='ocrx_word' id='word_1_278' title='bbox 1617 1736 1775 1785; x_wconf 80' lang='lat' dir='ltr'><strong>repetie-</strong></span> 
     </span>
     <span class='ocr_line' id='line_1_54' title="bbox 1121 1791 1775 1840; baseline 0 -13"><span class='ocrx_word' id='word_1_279' title='bbox 1121 1796 1226 1838; x_wconf 88' lang='lat' dir='ltr'><strong>runt,</strong></span> <span class='ocrx_word' id='word_1_280' title='bbox 1245 1805 1266 1828; x_wconf 93' lang='lat' dir='ltr'><strong>a</strong></span> <span class='ocrx_word' id='word_1_281' title='bbox 1282 1791 1504 1840; x_wconf 66' lang='lat' dir='ltr'><strong>lVesseling.</strong></span> <span class='ocrx_word' id='word_1_282' title='bbox 1530 1791 1577 1827; x_wconf 87' lang='lat' dir='ltr'><strong>ad</strong></span> <span class='ocrx_word' id='word_1_283' title='bbox 1595 1791 1628 1828; x_wconf 90' lang='lat' dir='ltr'><strong>h.</strong></span> <span class='ocrx_word' id='word_1_284' title='bbox 1652 1791 1673 1828; x_wconf 95' lang='lat' dir='ltr'><strong>l.</strong></span> <span class='ocrx_word' id='word_1_285' title='bbox 1697 1791 1775 1828; x_wconf 87' lang='lat' dir='ltr'><strong>lau-</strong></span> 
     </span>
     <span class='ocr_line' id='line_1_55' title="bbox 1121 1846 1774 1896; baseline 0.002 -13"><span class='ocrx_word' id='word_1_286' title='bbox 1121 1847 1209 1884; x_wconf 78' lang='lat' dir='ltr'><strong>dati.</strong></span> <span class='ocrx_word' id='word_1_287' title='bbox 1267 1846 1302 1883; x_wconf 76' lang='lat' dir='ltr'><strong>&#39;I&#39;</strong></span> <span class='ocrx_word' id='word_1_288' title='bbox 1307 1861 1328 1883; x_wconf 93' lang='lat' dir='ltr'><strong>u</strong></span> <span class='ocrx_word' id='word_1_289' title='bbox 1347 1848 1419 1884; x_wconf 83' lang='lat' dir='ltr'><strong>vid.</strong></span> <span class='ocrx_word' id='word_1_290' title='bbox 1444 1848 1669 1896; x_wconf 87' lang='lat' dir='ltr'><strong>potissimum</strong></span> <span class='ocrx_word' id='word_1_291' title='bbox 1688 1847 1774 1884; x_wconf 90' lang='lat' dir='ltr'><strong>Plu-</strong></span> 
     </span>
     <span class='ocr_line' id='line_1_56' title="bbox 1122 1903 1772 1954; baseline 0.002 -15"><span class='ocrx_word' id='word_1_292' title='bbox 1122 1903 1233 1940; x_wconf 88' lang='lat' dir='ltr'><strong>tarch.</strong></span> <span class='ocrx_word' id='word_1_293' title='bbox 1263 1903 1394 1940; x_wconf 86' lang='lat' dir='ltr'><strong>Moral.</strong></span> <span class='ocrx_word' id='word_1_294' title='bbox 1426 1904 1457 1940; x_wconf 92' lang='lat' dir='ltr'><strong>ll</strong></span> <span class='ocrx_word' id='word_1_295' title='bbox 1487 1916 1572 1954; x_wconf 86' lang='lat' dir='ltr'><strong>pag.</strong></span> <span class='ocrx_word' id='word_1_296' title='bbox 1607 1905 1710 1950; x_wconf 86' lang='lat'><strong>173,</strong></span> <span class='ocrx_word' id='word_1_297' title='bbox 1739 1904 1772 1940; x_wconf 94' lang='grc' dir='ltr'><strong>Β</strong></span> 
     </span>
     <span class='ocr_line' id='line_1_57' title="bbox 1122 1959 1771 2009; baseline 0 -13"><span class='ocrx_word' id='word_1_298' title='bbox 1122 1959 1203 2006; x_wconf 90' lang='lat' dir='ltr'><strong>(ubi</strong></span> <span class='ocrx_word' id='word_1_299' title='bbox 1224 1959 1454 1997; x_wconf 76' lang='lat' dir='ltr'><strong>Setm&#39;ramz&#39;di</strong></span> <span class='ocrx_word' id='word_1_300' title='bbox 1470 1960 1656 2008; x_wconf 88' lang='lat' dir='ltr'><strong>tribuitur)</strong></span> <span class='ocrx_word' id='word_1_301' title='bbox 1684 1960 1771 2009; x_wconf 86' lang='lat' dir='ltr'><strong>ibiq.</strong></span> 
     </span>
     <span class='ocr_line' id='line_1_58' title="bbox 1122 2015 1773 2064; baseline 0.002 -12"><span class='ocrx_word' id='word_1_302' title='bbox 1122 2015 1377 2064; x_wconf 68' lang='lat' dir='ltr'><strong>W&#39;yttenbach.</strong></span> <span class='ocrx_word' id='word_1_303' title='bbox 1397 2018 1434 2053; x_wconf 91' lang='lat' dir='ltr'><strong>in</strong></span> <span class='ocrx_word' id='word_1_304' title='bbox 1451 2016 1721 2053; x_wconf 85' lang='lat' dir='ltr'><strong>Animadverss.</strong></span> <span class='ocrx_word' id='word_1_305' title='bbox 1741 2015 1773 2062; x_wconf 89' lang='lat' dir='ltr'><strong>l,</strong></span> 
     </span>
     <span class='ocr_line' id='line_1_59' title="bbox 1120 2072 1773 2122; baseline -0.002 -14"><span class='ocrx_word' id='word_1_306' title='bbox 1120 2075 1148 2114; x_wconf 86' lang='lat'><strong>2</strong></span> <span class='ocrx_word' id='word_1_307' title='bbox 1174 2085 1258 2122; x_wconf 82' lang='lat' dir='ltr'><strong>pag.</strong></span> <span class='ocrx_word' id='word_1_308' title='bbox 1281 2074 1388 2114; x_wconf 82' lang='lat'><strong>1043</strong></span> <span class='ocrx_word' id='word_1_309' title='bbox 1420 2085 1497 2120; x_wconf 85' lang='lat' dir='ltr'><strong>seq.</strong></span> <span class='ocrx_word' id='word_1_310' title='bbox 1538 2072 1596 2108; x_wconf 90' lang='lat' dir='ltr'><strong>Ad</strong></span> <span class='ocrx_word' id='word_1_311' title='bbox 1628 2072 1773 2109; x_wconf 86' lang='lat' dir='ltr'><strong>univer-</strong></span> 
     </span>
     <span class='ocr_line' id='line_1_60' title="bbox 1120 2129 1772 2178; baseline 0.002 -15"><span class='ocrx_word' id='word_1_312' title='bbox 1120 2141 1201 2164; x_wconf 89' lang='lat' dir='ltr'><strong>sum</strong></span> <span class='ocrx_word' id='word_1_313' title='bbox 1229 2129 1332 2165; x_wconf 88' lang='lat' dir='ltr'><strong>huius</strong></span> <span class='ocrx_word' id='word_1_314' title='bbox 1369 2129 1495 2178; x_wconf 86' lang='lat' dir='ltr'><strong>capitis</strong></span> <span class='ocrx_word' id='word_1_315' title='bbox 1521 2132 1772 2176; x_wconf 84' lang='lat' dir='ltr'><strong>argumentum</strong></span> 
     </span>
     <span class='ocr_line' id='line_1_61' title="bbox 1123 2183 1771 2230; baseline 0 -9"><span class='ocrx_word' id='word_1_316' title='bbox 1123 2184 1153 2221; x_wconf 91' lang='lat' dir='ltr'><em>C</em></span> <span class='ocrx_word' id='word_1_317' title='bbox 1163 2197 1189 2220; x_wconf 87' lang='lat' dir='ltr'><strong>r.</strong></span> <span class='ocrx_word' id='word_1_318' title='bbox 1211 2184 1380 2222; x_wconf 67' lang='lat' dir='ltr'><strong>observat</strong></span> <span class='ocrx_word' id='word_1_319' title='bbox 1401 2186 1465 2230; x_wconf 88' lang='lat' dir='ltr'><strong>(ex</strong></span> <span class='ocrx_word' id='word_1_320' title='bbox 1485 2184 1642 2221; x_wconf 81' lang='lat' dir='ltr'><strong>Miiuteri</strong></span> <span class='ocrx_word' id='word_1_321' title='bbox 1660 2183 1771 2221; x_wconf 87' lang='lat' dir='ltr'><strong>libro:</strong></span> 
     </span>
     <span class='ocr_line' id='line_1_62' title="bbox 1119 2239 1770 2289; baseline 0 -13"><span class='ocrx_word' id='word_1_322' title='bbox 1119 2239 1383 2289; x_wconf 86' lang='lat' dir='ltr'><strong>Antiquarisch.</strong></span> <span class='ocrx_word' id='word_1_323' title='bbox 1402 2239 1583 2276; x_wconf 81' lang='lat' dir='ltr'><strong>Abhandl.</strong></span> <span class='ocrx_word' id='word_1_324' title='bbox 1607 2252 1692 2289; x_wconf 86' lang='lat' dir='ltr'><strong>pag.</strong></span> <span class='ocrx_word' id='word_1_325' title='bbox 1716 2241 1770 2281; x_wconf 91' lang='lat'><strong>98</strong></span> 
     </span>
     <span class='ocr_line' id='line_1_63' title="bbox 1120 2295 1774 2345; baseline 0.002 -13"><span class='ocrx_word' id='word_1_326' title='bbox 1120 2297 1232 2344; x_wconf 79' lang='lat' dir='ltr'><strong>seq.),</strong></span> <span class='ocrx_word' id='word_1_327' title='bbox 1261 2296 1449 2334; x_wconf 87' lang='lat' dir='ltr'><strong>thesauros</strong></span> <span class='ocrx_word' id='word_1_328' title='bbox 1465 2297 1501 2332; x_wconf 90' lang='lat' dir='ltr'><strong>in</strong></span> <span class='ocrx_word' id='word_1_329' title='bbox 1522 2295 1694 2345; x_wconf 78' lang='lat' dir='ltr'><strong>sepulcris</strong></span> <span class='ocrx_word' id='word_1_330' title='bbox 1715 2309 1774 2333; x_wconf 88' lang='lat' dir='ltr'><strong>re-</strong></span> 
     </span>
     <span class='ocr_line' id='line_1_64' title="bbox 1120 2351 1774 2403; baseline 0.003 -15"><span class='ocrx_word' id='word_1_331' title='bbox 1120 2365 1206 2400; x_wconf 92' lang='lat' dir='ltr'><strong>gum</strong></span> <span class='ocrx_word' id='word_1_332' title='bbox 1247 2353 1435 2403; x_wconf 83' lang='lat' dir='ltr'><strong>depositos</strong></span> <span class='ocrx_word' id='word_1_333' title='bbox 1493 2351 1576 2389; x_wconf 89' lang='lat' dir='ltr'><strong>alibi</strong></span> <span class='ocrx_word' id='word_1_334' title='bbox 1626 2365 1774 2401; x_wconf 81' lang='lat' dir='ltr'><strong>quoque</strong></span> 
     </span>
     <span class='ocr_line' id='line_1_65' title="bbox 1119 2408 1773 2458; baseline 0.002 -14"><span class='ocrx_word' id='word_1_335' title='bbox 1119 2421 1185 2458; x_wconf 91' lang='lat' dir='ltr'><strong>per</strong></span> <span class='ocrx_word' id='word_1_336' title='bbox 1214 2410 1464 2457; x_wconf 87' lang='lat' dir='ltr'><strong>antiquitatem</strong></span> <span class='ocrx_word' id='word_1_337' title='bbox 1490 2408 1681 2446; x_wconf 76' lang='lat' dir='ltr'><strong>memorari</strong></span> <span class='ocrx_word' id='word_1_338' title='bbox 1705 2421 1773 2446; x_wconf 89' lang='lat' dir='ltr'><strong>nec</strong></span> 
     </span>
     <span class='ocr_line' id='line_1_66' title="bbox 1119 2464 1772 2502; baseline 0.003 -2"><span class='ocrx_word' id='word_1_339' title='bbox 1119 2465 1266 2500; x_wconf 85' lang='lat' dir='ltr'><strong>omnino</strong></span> <span class='ocrx_word' id='word_1_340' title='bbox 1288 2465 1355 2502; x_wconf 90' lang='lat' dir='ltr'><strong>hoc</strong></span> <span class='ocrx_word' id='word_1_341' title='bbox 1371 2465 1564 2502; x_wconf 85' lang='lat' dir='ltr'><strong>abhorrere</strong></span> <span class='ocrx_word' id='word_1_342' title='bbox 1581 2464 1626 2501; x_wconf 84' lang='lat' dir='ltr'><strong>ab</strong></span> <span class='ocrx_word' id='word_1_343' title='bbox 1650 2464 1772 2502; x_wconf 86' lang='lat' dir='ltr'><strong>indole</strong></span> 
     </span>
     <span class='ocr_line' id='line_1_67' title="bbox 1121 2520 1771 2570; baseline 0 -13"><span class='ocrx_word' id='word_1_344' title='bbox 1121 2521 1378 2570; x_wconf 87' lang='lat' dir='ltr'><strong>cogitandique</strong></span> <span class='ocrx_word' id='word_1_345' title='bbox 1397 2534 1498 2558; x_wconf 88' lang='lat' dir='ltr'><strong>more</strong></span> <span class='ocrx_word' id='word_1_346' title='bbox 1517 2526 1688 2558; x_wconf 78' lang='lat' dir='ltr'><strong>veterum.</strong></span> <span class='ocrx_word' id='word_1_347' title='bbox 1718 2520 1771 2557; x_wconf 90' lang='lat' dir='ltr'><strong>Ac</strong></span> 
     </span>
     <span class='ocr_line' id='line_1_68' title="bbox 1118 2576 1772 2627; baseline 0 -15"><span class='ocrx_word' id='word_1_348' title='bbox 1118 2590 1295 2627; x_wconf 87' lang='lat' dir='ltr'><strong>perquam</strong></span> <span class='ocrx_word' id='word_1_349' title='bbox 1331 2577 1437 2614; x_wconf 84' lang='lat' dir='ltr'><strong>simili</strong></span> <span class='ocrx_word' id='word_1_350' title='bbox 1487 2577 1627 2614; x_wconf 84' lang='lat' dir='ltr'><strong>ratione</strong></span> <span class='ocrx_word' id='word_1_351' title='bbox 1663 2576 1772 2612; x_wconf 88' lang='lat' dir='ltr'><strong>Salo-</strong></span> 
     </span>
     <span class='ocr_line' id='line_1_69' title="bbox 1118 2631 1771 2683; baseline -0.003 -13"><span class='ocrx_word' id='word_1_352' title='bbox 1118 2646 1205 2670; x_wconf 87' lang='lat' dir='ltr'><strong>mou</strong></span> <span class='ocrx_word' id='word_1_353' title='bbox 1226 2634 1260 2670; x_wconf 87' lang='lat' dir='ltr'><strong>in</strong></span> <span class='ocrx_word' id='word_1_354' title='bbox 1280 2633 1432 2671; x_wconf 78' lang='lat' dir='ltr'><strong>Davidis</strong></span> <span class='ocrx_word' id='word_1_355' title='bbox 1461 2633 1576 2683; x_wconf 85' lang='lat' dir='ltr'><strong>patris</strong></span> <span class='ocrx_word' id='word_1_356' title='bbox 1605 2631 1771 2682; x_wconf 90' lang='lat' dir='ltr'><strong>sepulcro</strong></span> 
     </span>
     <span class='ocr_line' id='line_1_70' title="bbox 1119 2688 1770 2737; baseline 0 -12"><span class='ocrx_word' id='word_1_357' title='bbox 1119 2702 1273 2737; x_wconf 85' lang='lat' dir='ltr'><strong>magnos</strong></span> <span class='ocrx_word' id='word_1_358' title='bbox 1318 2690 1507 2727; x_wconf 78' lang='lat' dir='ltr'><strong>thesauros</strong></span> <span class='ocrx_word' id='word_1_359' title='bbox 1562 2688 1770 2725; x_wconf 88' lang='lat' dir='ltr'><strong>condidisse</strong></span> 
     </span>
     <span class='ocr_line' id='line_1_71' title="bbox 1118 2744 1767 2794; baseline -0.003 -13"><span class='ocrx_word' id='word_1_360' title='bbox 1118 2746 1232 2782; x_wconf 86' lang='lat' dir='ltr'><strong>sertur</strong></span> <span class='ocrx_word' id='word_1_361' title='bbox 1289 2746 1388 2792; x_wconf 88' lang='lat' dir='ltr'><strong>(vid.</strong></span> <span class='ocrx_word' id='word_1_362' title='bbox 1428 2744 1570 2794; x_wconf 84' lang='lat' dir='ltr'><strong>loseph.</strong></span> <span class='ocrx_word' id='word_1_363' title='bbox 1618 2744 1767 2792; x_wconf 84' lang='lat' dir='ltr'><strong>Antiqq.</strong></span> 
     </span>
     <span class='ocr_line' id='line_1_72' title="bbox 1119 2800 1766 2848; baseline -0.005 -12"><span class='ocrx_word' id='word_1_364' title='bbox 1119 2800 1223 2838; x_wconf 83' lang='lat' dir='ltr'><strong>ludd.</strong></span> <span class='ocrx_word' id='word_1_365' title='bbox 1254 2801 1345 2848; x_wconf 86' lang='lat' dir='ltr'><strong>Vll,</strong></span> <span class='ocrx_word' id='word_1_366' title='bbox 1366 2800 1428 2841; x_wconf 89' lang='lat'><strong>15.</strong></span> <span class='ocrx_word' id='word_1_367' title='bbox 1454 2800 1559 2847; x_wconf 90' lang='lat' dir='ltr'><strong>Xlll,</strong></span> <span class='ocrx_word' id='word_1_368' title='bbox 1582 2801 1646 2847; x_wconf 85' lang='lat'><strong>8);</strong></span> <span class='ocrx_word' id='word_1_369' title='bbox 1675 2811 1766 2847; x_wconf 87' lang='lat' dir='ltr'><strong>quos</strong></span> 
     </span>
     <span class='ocr_line' id='line_1_73' title="bbox 1117 2854 1766 2908; baseline -0.003 -16"><span class='ocrx_word' id='word_1_370' title='bbox 1117 2857 1178 2906; x_wconf 86' lang='lat' dir='ltr'><strong>qui</strong></span> <span class='ocrx_word' id='word_1_371' title='bbox 1195 2862 1326 2908; x_wconf 87' lang='lat' dir='ltr'><strong>postea</strong></span> <span class='ocrx_word' id='word_1_372' title='bbox 1346 2869 1543 2905; x_wconf 83' lang='lat' dir='ltr'><strong>aggressus</strong></span> <span class='ocrx_word' id='word_1_373' title='bbox 1573 2859 1629 2893; x_wconf 86' lang='lat' dir='ltr'><strong>est</strong></span> <span class='ocrx_word' id='word_1_374' title='bbox 1643 2854 1766 2891; x_wconf 89' lang='lat' dir='ltr'><strong>Hero-</strong></span> 
     </span>
    </p>
   </div>
  </div>
 </body>
</html>
