1909 3228
416 142 501 181 760

809 139 1280 179 HERODOTI

417 252 512 306 τῆς·
560 249 634 292 καί
661 264 736 304 μιν
764 247 896 292 πάλιν
927 246 1017 292 ἅνω
1049 247 1308 300 ἀπικέσθαι,
1349 251 1494 305 δῶρον
1523 250 1676 306 ἔχοντα

388 328 518 384 2παρ’
549 326 682 383 αὐτῆς
709 325 1022 384 χειρόμακτρον
1050 327 1249 383 χρύσεον.
1282 327 1368 372 ἀπὸ
1388 329 1433 372 δὲ
1455 332 1530 384 τῆς
1547 328 1675 385 Ῥαμ-

417 408 593 459 ψινίτου
620 405 907 462 καταβάσιος,
959 406 1018 458 ὦς
1043 406 1176 450 πάλιν
1214 405 1410 456 ἀπίκετο,
1463 405 1594 463 ὁρτήν
1623 408 1676 464 δή

418 486 596 541 ἀνάγειν
626 487 892 540 Αἰγυπτίους
922 486 1112 540 ἔφασαν·
1165 485 1245 541 τήν
1273 487 1346 529 καὶ
1379 485 1460 541 ἐγώ
1489 485 1588 529 οἶδα
1618 487 1679 530 ἔτι

417 566 491 609 καὶ
521 565 563 616 ἐς
591 564 662 620 ἐμὲ
698 565 991 616 ἐπιτελέοντας
1029 564 1214 615 αὐτούς·

1276 563 1330 608 ου’
1366 564 1513 620 μέντοι
1555 567 1595 608 εἴ
1631 581 1675 609 τε

418 642 470 688 δι’
505 643 609 688 ἄλλο
638 660 680 686 τι
709 644 749 686 εἴ
775 659 817 687 τε
858 643 929 687 διὰ
966 648 1103 687 ταῦτα
1142 641 1375 698 ὁρτάζουσι
1411 643 1490 699 ἔχω
1528 643 1678 700 λέγειν.
1692 653 1736 687 60

389 727 565 780 3φᾶρος
596 722 642 766 δὲ
680 721 928 778 αὐτημερὸν
957 721 1250 778 ἐξυφήναντες
1282 725 1325 766 οἱ
1353 723 1479 778 ἱρέες,
1509 722 1597 766 κατ’
1617 718 1680 766 ὦν

419 802 579 858 ἔδησαν
609 801 706 852 ένός
737 799 882 844 αὐτῶν
919 804 1050 865 μίτρῃ
1086 801 1190 853 τούς
1228 800 1513 857 ὀφθαλμούς·
1573 800 1680 857 ἀγα-

417 880 567 938 γόντες
597 879 642 924 δέ
671 897 748 935 μιν
774 880 926 936 ἔχοντα
964 880 1013 924 τὸ
1053 885 1198 938 φᾶρος
1238 881 1279 932 ἐς
1318 879 1425 924 ὁδὸν
1456 881 1681 936 φέρουσαν

417 960 462 1012 ἐς
499 959 598 1015 ἱρὸν
633 958 894 1016 Δήμητρος,
946 960 1073 1004 αὐτοὶ
1128 959 1480 1003 ἀπαλλάσσονται
1519 958 1678 1004 ὀπίσω·

417 1039 497 1083 τόν
527 1040 572 1084 δὲ
602 1039 696 1094 ἱρέα
723 1042 884 1082 τοῦτον
913 1040 1256 1095 καταδεδεμένον
1279 1038 1383 1089 τους
1405 1037 1738 1095 ὀφθαλμούς,65

418 1119 594 1174 λέγουσι
631 1115 721 1162 ὑπὸ
759 1117 839 1162 δύο
880 1117 1028 1163 λύκων
1075 1116 1261 1175 ἄγεσθαι
1303 1117 1346 1169 ἐς
1381 1117 1429 1163 τὸ
1469 1117 1568 1174 ἱρὸν
1607 1123 1684 1176 τῆς

363 1326 470 1363 certis
499 1326 584 1362 anni
615 1326 777 1376 periodis
805 1327 1020 1377 reponenda

364 1382 458 1419 etin
480 1383 577 1420 terra
605 1383 815 1430 condenda,
846 1397 930 1420 mox
959 1397 1021 1422 ve-

363 1451 426 1486 ro,
454 1438 516 1474 ubi
534 1439 666 1476 educta
683 1452 703 1476 e
723 1440 820 1477 terra
848 1440 885 1476 in
909 1439 1019 1476 altum

363 1495 514 1532 creverit
536 1498 572 1531 et
595 1496 643 1531 ad
672 1496 915 1533 maturitatem
935 1508 1019 1545 per—

361 1550 524 1598 venerit,
546 1553 813 1595 consumenda;
844 1564 937 1600 quae
959 1565 1016 1588 res

363 1619 430 1656 per
448 1606 543 1643 lusus
562 1606 773 1655 allegoriam
786 1607 1018 1655 significatur,

363 1662 402 1699 in
441 1675 513 1711 quo
543 1663 656 1699 Ceres
698 1663 819 1711 (quae
856 1664 1018 1712 frugibus

363 1722 482 1755 terrae
501 1721 663 1767 praeest)
673 1720 782 1755 modo
802 1720 922 1765 vineit,
942 1731 1019 1754 mo-

364 1774 413 1811 do
444 1774 608 1810 vincitur.
668 1774 799 1823 Neque
832 1776 868 1810 in
900 1774 1021 1810 istius-

363 1830 464 1867 modi
494 1829 625 1866 fabulis
668 1830 755 1867 illud
791 1831 1021 1880 praetermit-

364 1886 515 1923 tendum
536 1889 613 1932 est,
639 1899 718 1923 cum
739 1887 807 1923 hac
828 1886 1021 1923 tesseraria

363 1942 604 1991 agriculturae
639 1943 903 1992 significatione
932 1955 1020 1979 con-

364 2000 523 2035 iunctam
556 1999 660 2035 simul
703 2012 786 2036 esse
820 1999 1021 2036 doctrinam

365 2056 413 2092 de
433 2055 633 2091 animarum
659 2055 941 2101 immortalitate,
967 2056 1023 2092 in-

366 2112 486 2159 deque
506 2111 770 2160 explieandum,
788 2112 888 2160 quod
906 2111 1022 2148 Ceres

365 2167 465 2217 apud
503 2167 638 2204 inferos
669 2181 816 2217 quoque
844 2170 1023 2217 imperare

366 2224 494 2260 dicitur
512 2223 604 2270 (vid.
623 2223 654 2259 ll
668 2253 678 2270 ,
705 2226 784 2265 123
805 2224 890 2273 ibiq.
912 2224 1021 2272 not.).

366 2280 451 2323 Qua
470 2279 518 2316 de
539 2292 578 2316 re
604 2292 700 2316 nunc
729 2281 848 2317 dicere
876 2280 1023 2329 longum

367 2339 434 2373 est.
491 2334 583 2372 Illud
608 2348 694 2372 vero
723 2337 899 2373 addamus
930 2337 963 2372 h.
986 2336 1022 2382 l.,

366 2391 468 2441 quod
488 2391 642 2441 protulit
652 2393 868 2429 Grotesend.
883 2394 920 2429 in
932 2393 1024 2429 Biat-

367 2448 474 2496 tiger.
492 2446 647 2484 Amalth.
669 2448 698 2485 11
719 2462 754 2498 p.
776 2451 848 2495 92,
869 2449 905 2485 in
927 2448 1022 2485 vasis

368 2504 523 2551 aliisque
550 2504 639 2540 artis
661 2506 851 2555 operibus,
882 2505 942 2541 ubi
965 2518 1023 2542 re-

368 2563 647 2610 praesentantur
666 2574 724 2598 res
746 2561 793 2597 ad
822 2562 1022 2598 animarum

370 2619 503 2651 statum
526 2620 611 2665 post
624 2617 732 2654 vitam
750 2617 843 2654 hanc
855 2622 1023 2667 spectan-

370 2675 452 2717 tes,
493 2671 594 2708 cubos
622 2672 719 2710 haud
746 2686 828 2709 raro
857 2674 1021 2711 adiectos

371 2727 520 2762 inveniri
535 2741 606 2765 una
623 2742 703 2766 cum
726 2732 938 2779 quincunce;
974 2730 1022 2767 ad

372 2783 451 2819 illos
484 2795 570 2820 vero
598 2785 675 2823 dies
705 2786 888 2836 quinque,
928 2799 1020 2836 quos

1087 1325 1291 1365 Mercurius
1328 1339 1395 1376 per
1430 1326 1545 1364 lusum
1584 1326 1739 1376 acquisi-

1087 1384 1184 1421 visse
1215 1384 1378 1429 dicatur,
1409 1388 1574 1432 spectare
1601 1398 1738 1422 πεντα-

1086 1440 1230 1485 λίθους
1250 1443 1285 1476 et
1304 1436 1429 1477 πεσσςὶ
1445 1435 1738 1490 πεντάγραμμα.

1144 1497 1273 1545 φᾶρος
1291 1492 1332 1533 δὲ
1353 1490 1574 1546 αὐτημερόν
1593 1492 1739 1545 ἐξυφή-

1086 1551 1241 1601 ναντες]
1269 1552 1418 1588 'fractas
1429 1553 1453 1587 it
1474 1552 1561 1588 haec
1581 1553 1741 1589 Creuze-

1086 1621 1147 1645 rus
1181 1607 1343 1655 Syinbol.
1377 1607 1425 1643 IV
1445 1621 1529 1657 pag.
1551 1611 1631 1649 229
1663 1621 1739 1656 seq.

1086 1663 1156 1700 Est
1194 1664 1289 1701 enim
1326 1663 1382 1699 hic
1415 1676 1562 1712 quoque
1599 1668 1744 1700 textura

1087 1719 1279 1755 tesseraria
1297 1718 1553 1766 intelligenda,
1572 1732 1644 1767 qua
1665 1731 1743 1755 sor-

1087 1779 1143 1811 tes
1163 1775 1340 1811 humanae
1356 1775 1450 1811 vitae
1470 1775 1616 1811 orientis
1634 1779 1745 1824 atque

1088 1831 1326 1877 intereuntis,
1356 1831 1554 1868 occidentis
1583 1844 1624 1868 ac
1652 1832 1745 1869 revi-

1087 1887 1279 1933 viscentis,
1310 1887 1405 1923 vitae
1434 1900 1476 1923 ac
1506 1888 1632 1924 mortis
1662 1901 1745 1937 per-

1087 1947 1198 1994 petuo
1232 1943 1337 1991 quasi
1377 1944 1487 1990 orbe,
1529 1943 1743 1980 indicantur.

1091 2000 1202 2043 Quod
1235 2000 1277 2035 iis
1305 2000 1535 2050 perspicuum
1563 2001 1652 2046 erit,
1683 2000 1745 2048 qui

1090 2068 1163 2104 quo
1194 2068 1303 2092 sensu
1335 2057 1427 2093 deae
1454 2060 1593 2093 veteres
1622 2060 1744 2093 texere

1090 2115 1153 2148 aut
1174 2115 1340 2150 texturae
1362 2125 1534 2162 praeesse
1566 2112 1744 2159 dicantur,

1089 2169 1352 2218 perspexerint.
1422 2168 1530 2204 Conf.
1572 2168 1744 2205 Creuzer.

1089 2223 1113 2260 l.
1136 2223 1160 2260 l.
1182 2224 1213 2259 II
1233 2238 1317 2274 pag.
1335 2225 1424 2265 118.
1448 2226 1525 2264 119
1548 2224 1634 2260 ibid.
1694 2223 1745 2261 Ac

1091 2280 1250 2328 denique
1291 2280 1398 2317 etiarn
1430 2281 1666 2329 cogitandum
1698 2281 1745 2317 de

1091 2340 1242 2385 segete,
1283 2337 1477 2385 quotannis
1510 2338 1586 2374 sere
1614 2350 1746 2386 prove-

1090 2393 1213 2429 niente
1233 2397 1341 2442 atque
1360 2393 1583 2439 intereunte,
1614 2394 1744 2430 eodem

1089 2453 1268 2499 perpetuo
1317 2450 1420 2498 quasi
1467 2449 1610 2486 circulo.
1690 2449 1746 2485 lta

1090 2504 1188 2542 enim
1216 2505 1476 2553 intelligemus,
1517 2518 1579 2542 cur
1603 2505 1747 2541 mantile

1092 2574 1235 2598 aureum
1251 2562 1503 2612 Rhampsinito
1519 2562 1661 2598 dederit
1672 2562 1746 2599 Ce-

1090 2630 1172 2665 res,
1219 2619 1351 2668 pignus
1381 2619 1484 2667 quasi
1518 2620 1651 2666 segetis
1682 2631 1746 2654 au-

1090 2686 1198 2720 reae,
1229 2687 1248 2710 e
1278 2674 1373 2711 terra
1401 2687 1484 2711 mox
1512 2674 1744 2712 emittendae.

1147 2728 1303 2778 λέγουσι
1320 2727 1402 2769 ὖπὸ
1421 2726 1495 2769 δύο
1513 2725 1645 2769 λύκων
1658 2727 1743 2780 (fys-

1093 2785 1204 2837 σθαι]
1234 2786 1292 2824 De
1311 2800 1384 2837 quo
1411 2787 1490 2824 loco
1511 2787 1600 2824 haec
1626 2787 1741 2823 disse-
