<?xml version="1.0" encoding="UTF-8"?>
<!DOCTYPE html PUBLIC "-//W3C//DTD XHTML 1.0 Transitional//EN"
    "http://www.w3.org/TR/xhtml1/DTD/xhtml1-transitional.dtd">
<html xmlns="http://www.w3.org/1999/xhtml" xml:lang="en" lang="en">
 <head>
  <title>
</title>
<meta http-equiv="Content-Type" content="text/html;charset=utf-8" />
  <meta name='ocr-system' content='tesseract 3.04.00' />
  <meta name='ocr-capabilities' content='ocr_page ocr_carea ocr_par ocr_line ocrx_word'/>
</head>
<body>
  <div class='ocr_page' id='page_1' title='image "./musaeherodoto01hero/musaeherodoto01hero_0333.png"; bbox 0 0 1909 3228; ppageno 0'>
   <div class='ocr_carea' id='block_1_1' title="bbox 79 270 516 323">
    <p class='ocr_par' dir='ltr' id='par_1_1' title="bbox 79 270 516 323">
     <span class='ocr_line' id='line_1_1' title="bbox 79 270 516 323; baseline -0.007 -7"><span class='ocrx_word' id='word_1_1' title='bbox 79 275 178 322; x_wconf 83' lang='grc'><strong>136</strong></span> <span class='ocrx_word' id='word_1_2' title='bbox 200 270 280 323; x_wconf 76' lang='grc' dir='ltr'><strong>κάς</strong></span> <span class='ocrx_word' id='word_1_3' title='bbox 315 273 516 315; x_wconf 76' lang='grc' dir='ltr'><strong><em>κτῶνται.</em></strong></span> 
     </span>
    </p>
   </div>
   <div class='ocr_carea' id='block_1_2' title="bbox 672 159 974 200">
    <p class='ocr_par' dir='ltr' id='par_1_2' title="bbox 672 159 974 200">
     <span class='ocr_line' id='line_1_2' title="bbox 672 159 974 200; baseline -0.007 -1"><span class='ocrx_word' id='word_1_4' title='bbox 672 159 974 200; x_wconf 85' lang='lat' dir='ltr'><strong>cL10.1.</strong></span> 
     </span>
    </p>
   </div>
   <div class='ocr_carea' id='block_1_3' title="bbox 1371 158 1457 199">
    <p class='ocr_par' dir='ltr' id='par_1_3' title="bbox 1371 158 1457 199">
     <span class='ocr_line' id='line_1_3' title="bbox 1371 158 1457 199; baseline 0 -1"><span class='ocrx_word' id='word_1_5' title='bbox 1371 158 1457 199; x_wconf 80' lang='lat'><strong>819</strong></span> 
     </span>
    </p>
   </div>
   <div class='ocr_carea' id='block_1_4' title="bbox 585 264 1459 326">
    <p class='ocr_par' dir='ltr' id='par_1_4' title="bbox 585 264 1459 326">
     <span class='ocr_line' id='line_1_4' title="bbox 585 264 1459 326; baseline -0.007 -12"><span class='ocrx_word' id='word_1_6' title='bbox 585 269 877 326; x_wconf 80' lang='grc' dir='ltr'><em>Ἀνδραγαθίη</em></span> <span class='ocrx_word' id='word_1_7' title='bbox 913 265 958 313; x_wconf 80' lang='grc' dir='ltr'><strong>δ’</strong></span> <span class='ocrx_word' id='word_1_8' title='bbox 1003 266 1113 325; x_wconf 81' lang='grc' dir='ltr'><em>αὕτη</em></span> <span class='ocrx_word' id='word_1_9' title='bbox 1154 264 1459 318; x_wconf 77' lang='grc' dir='ltr'><em>ἀποδέδεκται,</em></span> 
     </span>
    </p>
   </div>
   <div class='ocr_carea' id='block_1_5' title="bbox 1515 261 1789 358">
    <p class='ocr_par' dir='ltr' id='par_1_5' title="bbox 1515 261 1789 358">
     <span class='ocr_line' id='line_1_5' title="bbox 1515 261 1789 291; baseline 0.007 -2"><span class='ocrx_word' id='word_1_10' title='bbox 1515 261 1641 291; x_wconf 73' lang='lat' dir='ltr'><strong>Soboies</strong></span> <span class='ocrx_word' id='word_1_11' title='bbox 1651 271 1789 291; x_wconf 72' lang='lat' dir='ltr'><strong>numero-</strong></span> 
     </span>
     <span class='ocr_line' id='line_1_6' title="bbox 1516 297 1787 358; baseline 0.004 -2"><span class='ocrx_word' id='word_1_12' title='bbox 1516 304 1550 356; x_wconf 71' lang='lat'><strong>5²3²</strong></span> <span class='ocrx_word' id='word_1_13' title='bbox 1561 297 1716 357; x_wconf 57' lang='grc' dir='ltr'><strong>ἐῗῗὲῗῖἲὶἳ</strong></span> <span class='ocrx_word' id='word_1_14' title='bbox 1725 298 1787 358; x_wconf 69' lang='grc' dir='ltr'><strong>ξἺῗΞ</strong></span> 
     </span>
    </p>
   </div>
   <div class='ocr_carea' id='block_1_6' title="bbox 196 343 1788 564">
    <p class='ocr_par' dir='ltr' id='par_1_6' title="bbox 196 343 1788 564">
     <span class='ocr_line' id='line_1_7' title="bbox 199 343 1788 407; baseline -0.001 -13"><span class='ocrx_word' id='word_1_15' title='bbox 199 351 305 407; x_wconf 85' lang='grc' dir='ltr'><em>μετὰ</em></span> <span class='ocrx_word' id='word_1_16' title='bbox 356 349 404 394; x_wconf 81' lang='grc' dir='ltr'><strong>τό</strong></span> <span class='ocrx_word' id='word_1_17' title='bbox 445 348 659 406; x_wconf 74' lang='grc' dir='ltr'><em>μάχεσθαι</em></span> <span class='ocrx_word' id='word_1_18' title='bbox 700 347 812 393; x_wconf 81' lang='grc' dir='ltr'><em>εἶναι</em></span> <span class='ocrx_word' id='word_1_19' title='bbox 848 347 1041 405; x_wconf 77' lang='grc' dir='ltr'><em>ἀγαθὸν,</em></span> <span class='ocrx_word' id='word_1_20' title='bbox 1099 345 1148 398; x_wconf 82' lang='grc' dir='ltr'><strong>ὂς</strong></span> <span class='ocrx_word' id='word_1_21' title='bbox 1183 345 1238 389; x_wconf 77' lang='grc' dir='ltr'><strong>ἂν</strong></span> <span class='ocrx_word' id='word_1_22' title='bbox 1266 343 1455 396; x_wconf 77' lang='grc' dir='ltr'><em>πολλούς</em></span> <span class='ocrx_word' id='word_1_23' title='bbox 1511 363 1648 392; x_wconf 78' lang='lat' dir='ltr'><strong>berorum</strong></span> <span class='ocrx_word' id='word_1_24' title='bbox 1680 363 1788 392; x_wconf 78' lang='lat' dir='ltr'><strong>educa-</strong></span> 
     </span>
     <span class='ocr_line' id='line_1_8' title="bbox 198 423 1455 489; baseline -0.004 -16"><span class='ocrx_word' id='word_1_25' title='bbox 198 428 387 487; x_wconf 75' lang='grc' dir='ltr'><em>ἀποδέξῃ</em></span> <span class='ocrx_word' id='word_1_26' title='bbox 418 431 598 480; x_wconf 85' lang='grc' dir='ltr'><em>παῖδας·</em></span> <span class='ocrx_word' id='word_1_27' title='bbox 629 432 690 489; x_wconf 74' lang='grc' dir='ltr'><strong>τῷ</strong></span> <span class='ocrx_word' id='word_1_28' title='bbox 719 429 765 473; x_wconf 80' lang='grc' dir='ltr'><strong>δὲ</strong></span> <span class='ocrx_word' id='word_1_29' title='bbox 789 428 892 478; x_wconf 79' lang='grc' dir='ltr'><em>τοὺς</em></span> <span class='ocrx_word' id='word_1_30' title='bbox 919 430 1144 478; x_wconf 82' lang='grc' dir='ltr'><em>πλείστους</em></span> <span class='ocrx_word' id='word_1_31' title='bbox 1173 423 1455 469; x_wconf 66' lang='grc' dir='ltr'><em>ἄποδεικνύν·</em></span> 
     </span>
     <span class='ocr_line' id='line_1_9' title="bbox 196 501 1456 564; baseline -0.004 -13"><span class='ocrx_word' id='word_1_32' title='bbox 196 526 260 560; x_wconf 80' lang='grc' dir='ltr'><strong>τι,</strong></span> <span class='ocrx_word' id='word_1_33' title='bbox 303 511 426 563; x_wconf 78' lang='grc' dir='ltr'><em>δῶρα</em></span> <span class='ocrx_word' id='word_1_34' title='bbox 457 507 657 564; x_wconf 79' lang='grc' dir='ltr'><strong><em>ἐκπέμπει</em></strong></span> <span class='ocrx_word' id='word_1_35' title='bbox 697 506 721 551; x_wconf 88' lang='grc' dir='ltr'>ὁ</span> <span class='ocrx_word' id='word_1_36' title='bbox 754 506 954 564; x_wconf 77' lang='grc' dir='ltr'><em>βασιλεὺς</em></span> <span class='ocrx_word' id='word_1_37' title='bbox 996 504 1078 548; x_wconf 76' lang='grc' dir='ltr'><strong>ἀνὰ</strong></span> <span class='ocrx_word' id='word_1_38' title='bbox 1117 509 1207 548; x_wconf 82' lang='grc' dir='ltr'><strong>πᾶν</strong></span> <span class='ocrx_word' id='word_1_39' title='bbox 1244 504 1348 556; x_wconf 77' lang='grc' dir='ltr'><em>ἔτος.</em></span> <span class='ocrx_word' id='word_1_40' title='bbox 1406 501 1456 547; x_wconf 86' lang='grc' dir='ltr'>τὸ</span> 
     </span>
    </p>
   </div>
   <div class='ocr_carea' id='block_1_7' title="bbox 169 583 1053 643">
    <p class='ocr_par' dir='ltr' id='par_1_7' title="bbox 169 583 1053 643">
     <span class='ocr_line' id='line_1_10' title="bbox 169 583 1053 643; baseline 0.001 -16"><span class='ocrx_word' id='word_1_41' title='bbox 169 587 371 631; x_wconf 68' lang='grc' dir='ltr'><em>Ξπολλόν</em></span> <span class='ocrx_word' id='word_1_42' title='bbox 410 585 455 630; x_wconf 80' lang='grc' dir='ltr'><strong>δ’</strong></span> <span class='ocrx_word' id='word_1_43' title='bbox 495 586 670 643; x_wconf 77' lang='grc' dir='ltr'><em>ἡγέαται</em></span> <span class='ocrx_word' id='word_1_44' title='bbox 710 586 890 642; x_wconf 81' lang='grc' dir='ltr'><em>ἰσχυρὸν</em></span> <span class='ocrx_word' id='word_1_45' title='bbox 930 583 1053 628; x_wconf 75' lang='grc' dir='ltr'><em>εἶναι.</em></span> 
     </span>
    </p>
   </div>
   <div class='ocr_carea' id='block_1_8' title="bbox 1510 397 1564 425">
    <p class='ocr_par' dir='ltr' id='par_1_8' title="bbox 1510 397 1564 425">
     <span class='ocr_line' id='line_1_11' title="bbox 1510 397 1564 425; baseline 0.019 -1"><span class='ocrx_word' id='word_1_46' title='bbox 1510 397 1564 425; x_wconf 80' lang='lat' dir='ltr'><strong>tio.</strong></span> 
     </span>
    </p>
   </div>
   <div class='ocr_carea' id='block_1_9' title="bbox 1114 583 1478 628">
    <p class='ocr_par' dir='ltr' id='par_1_9' title="bbox 1114 583 1478 628">
     <span class='ocr_line' id='line_1_12' title="bbox 1114 583 1478 628; baseline -0.011 1"><span class='ocrx_word' id='word_1_47' title='bbox 1114 583 1375 628; x_wconf 84' lang='grc' dir='ltr'><em>παιδεύουσι</em></span> <span class='ocrx_word' id='word_1_48' title='bbox 1404 583 1478 626; x_wconf 56' lang='lat' dir='ltr'><strong>&amp;ki</strong></span> 
     </span>
    </p>
   </div>
   <div class='ocr_carea' id='block_1_10' title="bbox 195 662 1455 720">
    <p class='ocr_par' dir='ltr' id='par_1_10' title="bbox 195 662 1455 720">
     <span class='ocr_line' id='line_1_13' title="bbox 195 662 1455 720; baseline -0.003 -10"><span class='ocrx_word' id='word_1_49' title='bbox 195 666 301 717; x_wconf 80' lang='grc' dir='ltr'><strong>τούς</strong></span> <span class='ocrx_word' id='word_1_50' title='bbox 329 669 510 719; x_wconf 83' lang='grc' dir='ltr'><em>παῖδας,</em></span> <span class='ocrx_word' id='word_1_51' title='bbox 544 665 628 709; x_wconf 77' lang='grc' dir='ltr'><strong>ἀπὸ</strong></span> <span class='ocrx_word' id='word_1_52' title='bbox 656 665 906 715; x_wconf 77' lang='grc' dir='ltr'><em>πενταέτεος</em></span> <span class='ocrx_word' id='word_1_53' title='bbox 935 662 1171 720; x_wconf 71' lang='grc' dir='ltr'><em>ἀρξάμενοι</em></span> <span class='ocrx_word' id='word_1_54' title='bbox 1196 665 1318 720; x_wconf 74' lang='grc' dir='ltr'><em>μέχρι</em></span> <span class='ocrx_word' id='word_1_55' title='bbox 1347 664 1455 707; x_wconf 81' lang='grc' dir='ltr'><em>εἰκο-</em></span> 
     </span>
    </p>
   </div>
   <div class='ocr_carea' id='block_1_11' title="bbox 142 774 411 786">
    <p class='ocr_par' dir='ltr' id='par_1_11' title="bbox 142 774 411 786">
     <span class='ocr_line' id='line_1_14' title="bbox 142 774 411 786; baseline 0 0"><span class='ocrx_word' id='word_1_56' title='bbox 142 774 411 786; x_wconf 95' lang='lat' dir='ltr'><strong> </strong></span> 
     </span>
    </p>
   </div>
   <div class='ocr_carea' id='block_1_12' title="bbox 130 834 792 1617">
    <p class='ocr_par' dir='ltr' id='par_1_12' title="bbox 130 834 792 1617">
     <span class='ocr_line' id='line_1_15' title="bbox 138 834 791 890; baseline 0.005 -15"><span class='ocrx_word' id='word_1_57' title='bbox 138 840 336 890; x_wconf 83' lang='lat' dir='ltr'><strong>0pponitur</strong></span> <span class='ocrx_word' id='word_1_58' title='bbox 383 839 502 890; x_wconf 83' lang='lat' dir='ltr'><strong>pellex</strong></span> <span class='ocrx_word' id='word_1_59' title='bbox 539 852 567 876; x_wconf 73' lang='lat' dir='ltr'><strong>S.</strong></span> <span class='ocrx_word' id='word_1_60' title='bbox 598 834 791 890; x_wconf 78' lang='grc' dir='ltr'><em>παλλακή.</em></span> 
     </span>
     <span class='ocr_line' id='line_1_16' title="bbox 139 895 792 946; baseline 0 -14"><span class='ocrx_word' id='word_1_61' title='bbox 139 895 276 932; x_wconf 81' lang='lat' dir='ltr'>Vocula</span> <span class='ocrx_word' id='word_1_62' title='bbox 306 896 388 946; x_wconf 84' lang='lat' dir='ltr'><strong>ipsa</strong></span> <span class='ocrx_word' id='word_1_63' title='bbox 421 896 638 941; x_wconf 78' lang='lat' dir='ltr'><strong>Homerica3</strong></span> <span class='ocrx_word' id='word_1_64' title='bbox 668 900 706 932; x_wconf 92' lang='lat' dir='ltr'><strong>ut</strong></span> <span class='ocrx_word' id='word_1_65' title='bbox 735 896 792 932; x_wconf 88' lang='lat' dir='ltr'><strong>vix</strong></span> 
     </span>
     <span class='ocr_line' id='line_1_17' title="bbox 138 952 792 1001; baseline 0 -13"><span class='ocrx_word' id='word_1_66' title='bbox 138 965 356 1001; x_wconf 80' lang='lat' dir='ltr'><strong>quemquam</strong></span> <span class='ocrx_word' id='word_1_67' title='bbox 394 953 500 1001; x_wconf 79' lang='lat' dir='ltr'><strong>fugit.</strong></span> <span class='ocrx_word' id='word_1_68' title='bbox 561 952 613 989; x_wconf 87' lang='lat' dir='ltr'><strong>Ac</strong></span> <span class='ocrx_word' id='word_1_69' title='bbox 646 957 792 1001; x_wconf 87' lang='lat' dir='ltr'><strong>praeter</strong></span> 
     </span>
     <span class='ocr_line' id='line_1_18' title="bbox 138 1007 790 1058; baseline 0 -14"><span class='ocrx_word' id='word_1_70' title='bbox 138 1007 367 1046; x_wconf 89' lang='lat' dir='ltr'><strong>Herodotum</strong></span> <span class='ocrx_word' id='word_1_71' title='bbox 397 1013 574 1046; x_wconf 84' lang='lat' dir='ltr'><strong>testantur</strong></span> <span class='ocrx_word' id='word_1_72' title='bbox 607 1008 664 1045; x_wconf 75' lang='lat' dir='ltr'><strong>alii</strong></span> <span class='ocrx_word' id='word_1_73' title='bbox 699 1022 790 1058; x_wconf 89' lang='lat' dir='ltr'><strong>quo-</strong></span> 
     </span>
     <span class='ocr_line' id='line_1_19' title="bbox 137 1064 788 1114; baseline 0.003 -14"><span class='ocrx_word' id='word_1_74' title='bbox 137 1077 209 1113; x_wconf 88' lang='lat' dir='ltr'><strong>que</strong></span> <span class='ocrx_word' id='word_1_75' title='bbox 229 1066 421 1114; x_wconf 82' lang='lat' dir='ltr'>scriptores</span> <span class='ocrx_word' id='word_1_76' title='bbox 436 1094 446 1112; x_wconf 83' lang='lat'>‚</span> <span class='ocrx_word' id='word_1_77' title='bbox 476 1079 497 1102; x_wconf 89' lang='lat' dir='ltr'><strong>a</strong></span> <span class='ocrx_word' id='word_1_78' title='bbox 518 1065 703 1102; x_wconf 89' lang='lat' dir='ltr'><strong>Brissonio</strong></span> <span class='ocrx_word' id='word_1_79' title='bbox 722 1064 743 1101; x_wconf 89' lang='lat' dir='ltr'><strong>l.</strong></span> <span class='ocrx_word' id='word_1_80' title='bbox 766 1066 788 1102; x_wconf 86' lang='lat' dir='ltr'><strong>l.</strong></span> 
     </span>
     <span class='ocr_line' id='line_1_20' title="bbox 136 1119 787 1171; baseline 0.003 -14"><span class='ocrx_word' id='word_1_81' title='bbox 136 1120 169 1157; x_wconf 93' lang='lat' dir='ltr'><strong>ll</strong></span> <span class='ocrx_word' id='word_1_82' title='bbox 190 1119 227 1171; x_wconf 56' lang='grc' dir='ltr'><strong>ᾗ.</strong></span> <span class='ocrx_word' id='word_1_83' title='bbox 245 1121 324 1162; x_wconf 82' lang='lat'><strong>154</strong></span> <span class='ocrx_word' id='word_1_84' title='bbox 341 1121 498 1168; x_wconf 82' lang='lat' dir='ltr'><strong>laudati,</strong></span> <span class='ocrx_word' id='word_1_85' title='bbox 511 1122 630 1159; x_wconf 88' lang='lat' dir='ltr'><strong>Persis</strong></span> <span class='ocrx_word' id='word_1_86' title='bbox 648 1121 787 1159; x_wconf 80' lang='lat' dir='ltr'><strong>licuisse</strong></span> 
     </span>
     <span class='ocr_line' id='line_1_21' title="bbox 136 1176 787 1227; baseline 0.002 -14"><span class='ocrx_word' id='word_1_87' title='bbox 136 1176 337 1227; x_wconf 83' lang='lat' dir='ltr'><strong>complures</strong></span> <span class='ocrx_word' id='word_1_88' title='bbox 361 1178 492 1216; x_wconf 90' lang='lat' dir='ltr'><strong>ducere</strong></span> <span class='ocrx_word' id='word_1_89' title='bbox 508 1191 635 1215; x_wconf 85' lang='lat' dir='ltr'><strong>uxores</strong></span> <span class='ocrx_word' id='word_1_90' title='bbox 655 1178 700 1214; x_wconf 91' lang='lat' dir='ltr'><strong>ob</strong></span> <span class='ocrx_word' id='word_1_91' title='bbox 719 1191 787 1214; x_wconf 91' lang='lat' dir='ltr'><strong>nu-</strong></span> 
     </span>
     <span class='ocr_line' id='line_1_22' title="bbox 135 1234 786 1285; baseline 0 -16"><span class='ocrx_word' id='word_1_92' title='bbox 135 1245 300 1270; x_wconf 87' lang='lat' dir='ltr'><strong>merosae</strong></span> <span class='ocrx_word' id='word_1_93' title='bbox 331 1234 462 1270; x_wconf 90' lang='lat' dir='ltr'><strong>sobolis</strong></span> <span class='ocrx_word' id='word_1_94' title='bbox 485 1234 786 1285; x_wconf 81' lang='lat' dir='ltr'><strong>procreationem,</strong></span> 
     </span>
     <span class='ocr_line' id='line_1_23' title="bbox 135 1290 785 1340; baseline 0.002 -15"><span class='ocrx_word' id='word_1_95' title='bbox 135 1301 176 1326; x_wconf 85' lang='lat' dir='ltr'><strong>ac</strong></span> <span class='ocrx_word' id='word_1_96' title='bbox 203 1293 392 1339; x_wconf 88' lang='lat' dir='ltr'><strong>praeterea</strong></span> <span class='ocrx_word' id='word_1_97' title='bbox 426 1294 606 1340; x_wconf 87' lang='lat' dir='ltr'><strong>quotquot</strong></span> <span class='ocrx_word' id='word_1_98' title='bbox 642 1290 785 1337; x_wconf 86' lang='lat' dir='ltr'><strong>vellent,</strong></span> 
     </span>
     <span class='ocr_line' id='line_1_24' title="bbox 131 1345 785 1395; baseline 0 -13"><span class='ocrx_word' id='word_1_99' title='bbox 131 1345 288 1395; x_wconf 87' lang='lat' dir='ltr'><strong>pellices.</strong></span> <span class='ocrx_word' id='word_1_100' title='bbox 346 1345 551 1383; x_wconf 86' lang='lat' dir='ltr'><strong>Discrimen</strong></span> <span class='ocrx_word' id='word_1_101' title='bbox 580 1351 701 1383; x_wconf 87' lang='lat' dir='ltr'><strong>tamen</strong></span> <span class='ocrx_word' id='word_1_102' title='bbox 729 1347 785 1382; x_wconf 89' lang='lat' dir='ltr'><strong>in-</strong></span> 
     </span>
     <span class='ocr_line' id='line_1_25' title="bbox 131 1402 781 1450; baseline 0.002 -13"><span class='ocrx_word' id='word_1_103' title='bbox 131 1405 188 1437; x_wconf 88' lang='lat' dir='ltr'><strong>ter</strong></span> <span class='ocrx_word' id='word_1_104' title='bbox 217 1405 409 1450; x_wconf 89' lang='lat' dir='ltr'><strong>utrumque</strong></span> <span class='ocrx_word' id='word_1_105' title='bbox 445 1402 630 1439; x_wconf 81' lang='lat' dir='ltr'><strong>mulierum</strong></span> <span class='ocrx_word' id='word_1_106' title='bbox 667 1415 781 1450; x_wconf 85' lang='lat' dir='ltr'><strong>genus</strong></span> 
     </span>
     <span class='ocr_line' id='line_1_26' title="bbox 131 1457 782 1496; baseline 0 -2"><span class='ocrx_word' id='word_1_107' title='bbox 131 1457 245 1494; x_wconf 88' lang='lat' dir='ltr'><strong>ubivis</strong></span> <span class='ocrx_word' id='word_1_108' title='bbox 298 1458 527 1496; x_wconf 87' lang='lat' dir='ltr'><strong>observatum</strong></span> <span class='ocrx_word' id='word_1_109' title='bbox 583 1459 782 1494; x_wconf 85' lang='lat' dir='ltr'><strong>invenimus</strong></span> 
     </span>
     <span class='ocr_line' id='line_1_27' title="bbox 130 1514 782 1563; baseline 0.002 -13"><span class='ocrx_word' id='word_1_110' title='bbox 130 1526 210 1550; x_wconf 83' lang='lat' dir='ltr'><strong>cuin</strong></span> <span class='ocrx_word' id='word_1_111' title='bbox 238 1514 458 1563; x_wconf 88' lang='lat' dir='ltr'><strong>privatorum</strong></span> <span class='ocrx_word' id='word_1_112' title='bbox 480 1515 517 1551; x_wconf 90' lang='lat' dir='ltr'><strong>in</strong></span> <span class='ocrx_word' id='word_1_113' title='bbox 537 1515 686 1552; x_wconf 88' lang='lat' dir='ltr'><strong>aedibus</strong></span> <span class='ocrx_word' id='word_1_114' title='bbox 706 1519 782 1551; x_wconf 88' lang='lat' dir='ltr'><strong>tum</strong></span> 
     </span>
     <span class='ocr_line' id='line_1_28' title="bbox 130 1570 783 1617; baseline 0.003 -11"><span class='ocrx_word' id='word_1_115' title='bbox 130 1582 256 1617; x_wconf 86' lang='lat' dir='ltr'><strong>regum</strong></span> <span class='ocrx_word' id='word_1_116' title='bbox 283 1571 319 1606; x_wconf 91' lang='lat' dir='ltr'><strong>in</strong></span> <span class='ocrx_word' id='word_1_117' title='bbox 341 1570 432 1608; x_wconf 89' lang='lat' dir='ltr'><strong>aula.</strong></span> <span class='ocrx_word' id='word_1_118' title='bbox 479 1572 586 1608; x_wconf 91' lang='lat' dir='ltr'><strong>Conf.</strong></span> <span class='ocrx_word' id='word_1_119' title='bbox 610 1571 783 1609; x_wconf 89' lang='lat' dir='ltr'><strong>Heerenii</strong></span> 
     </span>
    </p>
   </div>
   <div class='ocr_carea' id='block_1_13' title="bbox 129 1625 669 1762">
    <p class='ocr_par' dir='ltr' id='par_1_13' title="bbox 129 1625 669 1762">
     <span class='ocr_line' id='line_1_29' title="bbox 129 1625 669 1678; baseline 0.006 -16"><span class='ocrx_word' id='word_1_120' title='bbox 129 1625 242 1663; x_wconf 90' lang='lat' dir='ltr'><strong>ldeen</strong></span> <span class='ocrx_word' id='word_1_121' title='bbox 261 1631 329 1663; x_wconf 90' lang='lat' dir='ltr'><strong>etc.</strong></span> <span class='ocrx_word' id='word_1_122' title='bbox 349 1626 390 1674; x_wconf 88' lang='lat' dir='ltr'><strong>I,</strong></span> <span class='ocrx_word' id='word_1_123' title='bbox 414 1631 435 1668; x_wconf 87' lang='lat'>1</span> <span class='ocrx_word' id='word_1_124' title='bbox 465 1641 551 1678; x_wconf 83' lang='lat' dir='ltr'><strong>pag.</strong></span> <span class='ocrx_word' id='word_1_125' title='bbox 575 1627 669 1669; x_wconf 83' lang='lat'><strong>468.</strong></span> 
     </span>
     <span class='ocr_line' id='line_1_30' title="bbox 282 1710 631 1762; baseline 0 -15"><span class='ocrx_word' id='word_1_126' title='bbox 282 1710 631 1762; x_wconf 0' lang='lat' dir='ltr'><strong>Cap CXXXVL</strong></span> 
     </span>
    </p>
   </div>
   <div class='ocr_carea' id='block_1_14' title="bbox 123 1787 782 2856">
    <p class='ocr_par' dir='ltr' id='par_1_14' title="bbox 123 1787 782 2744">
     <span class='ocr_line' id='line_1_31' title="bbox 186 1787 782 1846; baseline 0 -13"><span class='ocrx_word' id='word_1_127' title='bbox 186 1787 438 1846; x_wconf 63' lang='grc' dir='ltr'><em>ἀνδραγαθίη</em></span> <span class='ocrx_word' id='word_1_128' title='bbox 476 1791 517 1833; x_wconf 84' lang='grc' dir='ltr'><strong>δ’</strong></span> <span class='ocrx_word' id='word_1_129' title='bbox 553 1789 654 1844; x_wconf 69' lang='grc' dir='ltr'><em>αὕτη</em></span> <span class='ocrx_word' id='word_1_130' title='bbox 683 1787 782 1833; x_wconf 72' lang='grc' dir='ltr'><em>ἄπο-</em></span> 
     </span>
     <span class='ocr_line' id='line_1_32' title="bbox 130 1848 780 1900; baseline -0.006 -10"><span class='ocrx_word' id='word_1_131' title='bbox 130 1848 307 1890; x_wconf 80' lang='grc' dir='ltr'><em>ὃέδεκται</em></span> <span class='ocrx_word' id='word_1_132' title='bbox 325 1865 359 1888; x_wconf 86' lang='grc' dir='ltr'><strong>κ.</strong></span> <span class='ocrx_word' id='word_1_133' title='bbox 383 1865 414 1888; x_wconf 84' lang='grc' dir='ltr'><strong>τ.</strong></span> <span class='ocrx_word' id='word_1_134' title='bbox 434 1853 480 1896; x_wconf 57' lang='lat' dir='ltr'><strong>L]</strong></span> <span class='ocrx_word' id='word_1_135' title='bbox 512 1851 533 1886; x_wconf 92' lang='lat' dir='ltr'><strong>i.</strong></span> <span class='ocrx_word' id='word_1_136' title='bbox 554 1864 585 1887; x_wconf 89' lang='lat' dir='ltr'><strong>e.</strong></span> <span class='ocrx_word' id='word_1_137' title='bbox 610 1854 690 1900; x_wconf 77' lang='lat' dir='ltr'><strong>post</strong></span> <span class='ocrx_word' id='word_1_138' title='bbox 709 1851 780 1886; x_wconf 82' lang='lat' dir='ltr'><strong>bel-</strong></span> 
     </span>
     <span class='ocr_line' id='line_1_33' title="bbox 127 1907 781 1957; baseline -0.003 -13"><span class='ocrx_word' id='word_1_139' title='bbox 127 1907 233 1944; x_wconf 80' lang='lat' dir='ltr'><strong>licam</strong></span> <span class='ocrx_word' id='word_1_140' title='bbox 264 1907 512 1957; x_wconf 68' lang='lat' dir='ltr'><strong>fortz&#39;tudc&#39;nem</strong></span> <span class='ocrx_word' id='word_1_141' title='bbox 544 1907 605 1943; x_wconf 85' lang='lat' dir='ltr'><strong>hoc</strong></span> <span class='ocrx_word' id='word_1_142' title='bbox 637 1907 781 1943; x_wconf 77' lang='lat' dir='ltr'><strong>habetur</strong></span> 
     </span>
     <span class='ocr_line' id='line_1_34' title="bbox 128 1963 779 2013; baseline -0.005 -12"><span class='ocrx_word' id='word_1_143' title='bbox 128 1977 172 2001; x_wconf 86' lang='lat' dir='ltr'><strong>ac</strong></span> <span class='ocrx_word' id='word_1_144' title='bbox 193 1963 393 2000; x_wconf 79' lang='lat' dir='ltr'><strong>declaratur</strong></span> <span class='ocrx_word' id='word_1_145' title='bbox 422 1964 502 2000; x_wconf 74' lang='lat' dir='ltr'><strong>boni</strong></span> <span class='ocrx_word' id='word_1_146' title='bbox 524 1965 596 2000; x_wconf 77' lang='lat' dir='ltr'><strong>viri</strong></span> <span class='ocrx_word' id='word_1_147' title='bbox 621 1963 779 2013; x_wconf 79' lang='lat' dir='ltr'><strong>officium</strong></span> 
     </span>
     <span class='ocr_line' id='line_1_35' title="bbox 127 2020 782 2066; baseline -0.003 -9"><span class='ocrx_word' id='word_1_148' title='bbox 127 2033 157 2057; x_wconf 81' lang='lat' dir='ltr'><strong>s.</strong></span> <span class='ocrx_word' id='word_1_149' title='bbox 184 2022 222 2057; x_wconf 82' lang='lat' dir='ltr'><strong>in</strong></span> <span class='ocrx_word' id='word_1_150' title='bbox 248 2032 285 2056; x_wconf 83' lang='lat' dir='ltr'><strong>eo</strong></span> <span class='ocrx_word' id='word_1_151' title='bbox 321 2022 472 2056; x_wconf 72' lang='lat' dir='ltr'><strong>cernitur</strong></span> <span class='ocrx_word' id='word_1_152' title='bbox 501 2020 607 2056; x_wconf 81' lang='lat' dir='ltr'><strong>bonus</strong></span> <span class='ocrx_word' id='word_1_153' title='bbox 636 2022 708 2066; x_wconf 73' lang='lat' dir='ltr'><strong>vir,</strong></span> <span class='ocrx_word' id='word_1_154' title='bbox 748 2021 782 2056; x_wconf 83' lang='lat' dir='ltr'><strong>si</strong></span> 
     </span>
     <span class='ocr_line' id='line_1_36' title="bbox 128 2075 777 2126; baseline -0.003 -13"><span class='ocrx_word' id='word_1_155' title='bbox 128 2078 205 2126; x_wconf 77' lang='lat' dir='ltr'><strong>quis</strong></span> <span class='ocrx_word' id='word_1_156' title='bbox 240 2076 367 2113; x_wconf 81' lang='lat' dir='ltr'><strong>multos</strong></span> <span class='ocrx_word' id='word_1_157' title='bbox 400 2078 635 2126; x_wconf 79' lang='lat' dir='ltr'><strong>procreaverit</strong></span> <span class='ocrx_word' id='word_1_158' title='bbox 664 2075 777 2125; x_wconf 77' lang='lat' dir='ltr'><strong>filios.</strong></span> 
     </span>
     <span class='ocr_line' id='line_1_37' title="bbox 127 2132 780 2182; baseline -0.005 -12"><span class='ocrx_word' id='word_1_159' title='bbox 127 2132 170 2170; x_wconf 91' lang='lat' dir='ltr'><strong>ln</strong></span> <span class='ocrx_word' id='word_1_160' title='bbox 201 2145 273 2182; x_wconf 94' lang='lat' dir='ltr'><strong>quo</strong></span> <span class='ocrx_word' id='word_1_161' title='bbox 299 2133 530 2170; x_wconf 83' lang='lat' dir='ltr'><strong>observamus</strong></span> <span class='ocrx_word' id='word_1_162' title='bbox 557 2145 661 2168; x_wconf 89' lang='lat' dir='ltr'><strong>usum</strong></span> <span class='ocrx_word' id='word_1_163' title='bbox 692 2144 780 2182; x_wconf 91' lang='lat' dir='ltr'><strong>pro-</strong></span> 
     </span>
     <span class='ocr_line' id='line_1_38' title="bbox 125 2184 779 2237; baseline -0.003 -11"><span class='ocrx_word' id='word_1_164' title='bbox 125 2189 280 2226; x_wconf 88' lang='lat' dir='ltr'><strong>nominis</strong></span> <span class='ocrx_word' id='word_1_165' title='bbox 316 2185 339 2229; x_wconf 79' lang='grc' dir='ltr'><em>ὃ</em></span> <span class='ocrx_word' id='word_1_166' title='bbox 349 2204 368 2236; x_wconf 84' lang='grc' dir='ltr'><em>ς</em></span> <span class='ocrx_word' id='word_1_167' title='bbox 401 2184 452 2227; x_wconf 65' lang='grc' dir='ltr'><strong>ἂν</strong></span> <span class='ocrx_word' id='word_1_168' title='bbox 492 2193 667 2237; x_wconf 87' lang='lat' dir='ltr'><strong>sequente</strong></span> <span class='ocrx_word' id='word_1_169' title='bbox 693 2200 779 2224; x_wconf 90' lang='lat' dir='ltr'><strong>con-</strong></span> 
     </span>
     <span class='ocr_line' id='line_1_39' title="bbox 126 2243 776 2296; baseline 0 -16"><span class='ocrx_word' id='word_1_170' title='bbox 126 2245 304 2293; x_wconf 88' lang='lat' dir='ltr'><strong>iunctivo,</strong></span> <span class='ocrx_word' id='word_1_171' title='bbox 333 2246 394 2282; x_wconf 90' lang='lat' dir='ltr'><strong>ubi</strong></span> <span class='ocrx_word' id='word_1_172' title='bbox 414 2244 624 2296; x_wconf 82' lang='lat' dir='ltr'><strong>particulam</strong></span> <span class='ocrx_word' id='word_1_173' title='bbox 652 2243 687 2282; x_wconf 84' lang='grc' dir='ltr'><strong>εἰ</strong></span> <span class='ocrx_word' id='word_1_174' title='bbox 713 2257 776 2281; x_wconf 86' lang='lat' dir='ltr'><strong>ex-</strong></span> 
     </span>
     <span class='ocr_line' id='line_1_40' title="bbox 125 2301 775 2352; baseline 0 -14"><span class='ocrx_word' id='word_1_175' title='bbox 125 2302 329 2352; x_wconf 84' lang='lat' dir='ltr'><strong>spectabas.</strong></span> <span class='ocrx_word' id='word_1_176' title='bbox 374 2301 573 2348; x_wconf 77' lang='lat' dir='ltr'><strong>Excitavit,</strong></span> <span class='ocrx_word' id='word_1_177' title='bbox 603 2305 775 2338; x_wconf 89' lang='lat' dir='ltr'><strong>monente</strong></span> 
     </span>
     <span class='ocr_line' id='line_1_41' title="bbox 129 2357 776 2407; baseline -0.005 -12"><span class='ocrx_word' id='word_1_178' title='bbox 129 2358 217 2406; x_wconf 85' lang='lat' dir='ltr'><strong>Cr.‚</strong></span> <span class='ocrx_word' id='word_1_179' title='bbox 245 2358 337 2395; x_wconf 91' lang='lat' dir='ltr'><strong>hanc</strong></span> <span class='ocrx_word' id='word_1_180' title='bbox 366 2358 402 2394; x_wconf 92' lang='lat' dir='ltr'><strong>in</strong></span> <span class='ocrx_word' id='word_1_181' title='bbox 421 2371 495 2395; x_wconf 91' lang='lat' dir='ltr'><strong>rem</strong></span> <span class='ocrx_word' id='word_1_182' title='bbox 518 2358 697 2407; x_wconf 90' lang='lat' dir='ltr'><strong>quosdam</strong></span> <span class='ocrx_word' id='word_1_183' title='bbox 721 2357 776 2393; x_wconf 90' lang='lat' dir='ltr'><strong>lo-</strong></span> 
     </span>
     <span class='ocr_line' id='line_1_42' title="bbox 126 2413 773 2451; baseline -0.002 -1"><span class='ocrx_word' id='word_1_184' title='bbox 126 2427 187 2450; x_wconf 89' lang='lat' dir='ltr'><strong>cos</strong></span> <span class='ocrx_word' id='word_1_185' title='bbox 229 2413 465 2451; x_wconf 87' lang='lat' dir='ltr'><strong>Heindorfius</strong></span> <span class='ocrx_word' id='word_1_186' title='bbox 509 2414 556 2450; x_wconf 89' lang='lat' dir='ltr'><strong>ad</strong></span> <span class='ocrx_word' id='word_1_187' title='bbox 613 2413 773 2450; x_wconf 90' lang='lat' dir='ltr'><strong>Platonis</strong></span> 
     </span>
     <span class='ocr_line' id='line_1_43' title="bbox 126 2468 774 2520; baseline -0.002 -14"><span class='ocrx_word' id='word_1_188' title='bbox 126 2468 311 2506; x_wconf 85' lang='lat' dir='ltr'><strong>Phaedon.</strong></span> <span class='ocrx_word' id='word_1_189' title='bbox 331 2483 366 2520; x_wconf 89' lang='lat' dir='ltr'><strong>p.</strong></span> <span class='ocrx_word' id='word_1_190' title='bbox 382 2469 445 2511; x_wconf 82' lang='lat'><strong>54.</strong></span> <span class='ocrx_word' id='word_1_191' title='bbox 459 2469 619 2520; x_wconf 89' lang='lat' dir='ltr'><strong>Sophist.</strong></span> <span class='ocrx_word' id='word_1_192' title='bbox 631 2482 666 2519; x_wconf 87' lang='lat' dir='ltr'><strong>p.</strong></span> <span class='ocrx_word' id='word_1_193' title='bbox 679 2470 774 2516; x_wconf 82' lang='grc'>388,</span> 
     </span>
     <span class='ocr_line' id='line_1_44' title="bbox 125 2524 775 2573; baseline -0.003 -11"><span class='ocrx_word' id='word_1_194' title='bbox 125 2525 241 2562; x_wconf 87' lang='lat' dir='ltr'><strong>nostri</strong></span> <span class='ocrx_word' id='word_1_195' title='bbox 259 2524 326 2562; x_wconf 92' lang='lat' dir='ltr'><strong>loci</strong></span> <span class='ocrx_word' id='word_1_196' title='bbox 340 2526 437 2562; x_wconf 88' lang='lat' dir='ltr'><strong>haud</strong></span> <span class='ocrx_word' id='word_1_197' title='bbox 456 2526 663 2568; x_wconf 78' lang='lat' dir='ltr'><strong>immemor3</strong></span> <span class='ocrx_word' id='word_1_198' title='bbox 684 2537 775 2573; x_wconf 88' lang='lat' dir='ltr'><strong>quo-</strong></span> 
     </span>
     <span class='ocr_line' id='line_1_45' title="bbox 125 2581 773 2630; baseline -0.002 -12"><span class='ocrx_word' id='word_1_199' title='bbox 125 2593 205 2618; x_wconf 89' lang='lat' dir='ltr'><strong>cum</strong></span> <span class='ocrx_word' id='word_1_200' title='bbox 232 2582 324 2618; x_wconf 89' lang='lat' dir='ltr'><strong>conf.</strong></span> <span class='ocrx_word' id='word_1_201' title='bbox 348 2594 441 2630; x_wconf 87' lang='lat' dir='ltr'><strong>quae</strong></span> <span class='ocrx_word' id='word_1_202' title='bbox 468 2582 646 2618; x_wconf 83' lang='lat' dir='ltr'><strong>Matthiae</strong></span> <span class='ocrx_word' id='word_1_203' title='bbox 664 2581 773 2618; x_wconf 87' lang='lat' dir='ltr'><strong>habet</strong></span> 
     </span>
     <span class='ocr_line' id='line_1_46' title="bbox 124 2636 769 2688; baseline -0.002 -14"><span class='ocrx_word' id='word_1_204' title='bbox 124 2638 162 2674; x_wconf 91' lang='lat' dir='ltr'><strong>in</strong></span> <span class='ocrx_word' id='word_1_205' title='bbox 185 2638 344 2674; x_wconf 87' lang='lat' dir='ltr'><strong>Gramm.</strong></span> <span class='ocrx_word' id='word_1_206' title='bbox 364 2637 493 2675; x_wconf 86' lang='lat' dir='ltr'><strong>Graec.</strong></span> <span class='ocrx_word' id='word_1_207' title='bbox 515 2636 643 2688; x_wconf 77' lang='lat'><strong>§.481</strong></span> <span class='ocrx_word' id='word_1_208' title='bbox 656 2641 730 2673; x_wconf 90' lang='lat' dir='ltr'><strong>not.</strong></span> <span class='ocrx_word' id='word_1_209' title='bbox 747 2639 769 2678; x_wconf 91' lang='lat'>1</span> 
     </span>
     <span class='ocr_line' id='line_1_47' title="bbox 123 2695 322 2744; baseline -0.005 -14"><span class='ocrx_word' id='word_1_210' title='bbox 123 2706 209 2744; x_wconf 85' lang='lat' dir='ltr'><strong>pag.</strong></span> <span class='ocrx_word' id='word_1_211' title='bbox 229 2695 322 2734; x_wconf 86' lang='lat'><strong>900.</strong></span> 
     </span>
    </p>

    <p class='ocr_par' dir='ltr' id='par_1_15' title="bbox 123 2748 770 2856">
     <span class='ocr_line' id='line_1_48' title="bbox 179 2748 770 2798; baseline 0 -13"><span class='ocrx_word' id='word_1_212' title='bbox 179 2749 238 2786; x_wconf 92' lang='lat' dir='ltr'><strong>De</strong></span> <span class='ocrx_word' id='word_1_213' title='bbox 256 2753 469 2798; x_wconf 83' lang='lat' dir='ltr'><strong>argumento</strong></span> <span class='ocrx_word' id='word_1_214' title='bbox 483 2748 550 2786; x_wconf 91' lang='lat' dir='ltr'><strong>loci</strong></span> <span class='ocrx_word' id='word_1_215' title='bbox 567 2748 770 2786; x_wconf 87' lang='lat' dir='ltr'><strong>consulatur</strong></span> 
     </span>
     <span class='ocr_line' id='line_1_49' title="bbox 123 2804 767 2856; baseline 0.002 -14"><span class='ocrx_word' id='word_1_216' title='bbox 123 2804 408 2843; x_wconf 83' lang='lat' dir='ltr'><strong>Brissonius1.l.</strong></span> <span class='ocrx_word' id='word_1_217' title='bbox 445 2805 527 2844; x_wconf 85' lang='lat' dir='ltr'><strong>Nec</strong></span> <span class='ocrx_word' id='word_1_218' title='bbox 553 2807 652 2856; x_wconf 90' lang='lat' dir='ltr'><strong>apud</strong></span> <span class='ocrx_word' id='word_1_219' title='bbox 680 2805 767 2844; x_wconf 82' lang='lat' dir='ltr'><strong>alias</strong></span> 
     </span>
    </p>
   </div>
   <div class='ocr_carea' id='block_1_15' title="bbox 837 837 1506 2631">
    <p class='ocr_par' dir='ltr' id='par_1_16' title="bbox 849 837 1506 1394">
     <span class='ocr_line' id='line_1_50' title="bbox 861 837 1506 888; baseline -0.002 -13"><span class='ocrx_word' id='word_1_220' title='bbox 861 837 1026 875; x_wconf 82' lang='lat' dir='ltr'><strong>nationes</strong></span> <span class='ocrx_word' id='word_1_221' title='bbox 1047 837 1249 874; x_wconf 87' lang='lat' dir='ltr'><strong>huiusmodi</strong></span> <span class='ocrx_word' id='word_1_222' title='bbox 1268 838 1427 888; x_wconf 88' lang='lat' dir='ltr'><strong>praemia</strong></span> <span class='ocrx_word' id='word_1_223' title='bbox 1439 853 1506 878; x_wconf 81' lang='grc' dir='ltr'><strong>πο-</strong></span> 
     </span>
     <span class='ocr_line' id='line_1_51' title="bbox 859 895 1506 940; baseline -0.003 -7"><span class='ocrx_word' id='word_1_224' title='bbox 859 895 1068 940; x_wconf 79' lang='grc' dir='ltr'><em>λυπαιδίας</em></span> <span class='ocrx_word' id='word_1_225' title='bbox 1100 907 1173 930; x_wconf 92' lang='lat' dir='ltr'><strong>non</strong></span> <span class='ocrx_word' id='word_1_226' title='bbox 1219 895 1396 932; x_wconf 86' lang='lat' dir='ltr'><strong>exstitisse</strong></span> <span class='ocrx_word' id='word_1_227' title='bbox 1438 895 1506 932; x_wconf 84' lang='lat' dir='ltr'><strong>sci-</strong></span> 
     </span>
     <span class='ocr_line' id='line_1_52' title="bbox 858 951 1506 997; baseline 0.002 -9"><span class='ocrx_word' id='word_1_228' title='bbox 858 965 959 997; x_wconf 82' lang='lat' dir='ltr'><strong>mus3</strong></span> <span class='ocrx_word' id='word_1_229' title='bbox 978 951 1225 988; x_wconf 82' lang='lat' dir='ltr'><strong>Romanorum</strong></span> <span class='ocrx_word' id='word_1_230' title='bbox 1243 954 1382 987; x_wconf 87' lang='lat' dir='ltr'><strong>tantum</strong></span> <span class='ocrx_word' id='word_1_231' title='bbox 1403 965 1506 989; x_wconf 91' lang='lat' dir='ltr'><strong>men-</strong></span> 
     </span>
     <span class='ocr_line' id='line_1_53' title="bbox 857 1007 1505 1056; baseline 0.003 -13"><span class='ocrx_word' id='word_1_232' title='bbox 857 1008 992 1045; x_wconf 85' lang='lat' dir='ltr'><strong>tionem</strong></span> <span class='ocrx_word' id='word_1_233' title='bbox 1010 1008 1094 1045; x_wconf 85' lang='lat' dir='ltr'><strong>facit</strong></span> <span class='ocrx_word' id='word_1_234' title='bbox 1118 1007 1148 1044; x_wconf 89' lang='lat' dir='ltr'>C</span> <span class='ocrx_word' id='word_1_235' title='bbox 1157 1020 1184 1043; x_wconf 86' lang='lat' dir='ltr'><strong>r.</strong></span> <span class='ocrx_word' id='word_1_236' title='bbox 1212 1007 1375 1056; x_wconf 83' lang='lat' dir='ltr'><strong>legisque</strong></span> <span class='ocrx_word' id='word_1_237' title='bbox 1394 1007 1505 1045; x_wconf 84' lang='lat' dir='ltr'><strong>Iuliae</strong></span> 
     </span>
     <span class='ocr_line' id='line_1_54' title="bbox 858 1064 1506 1115; baseline 0.002 -15"><span class='ocrx_word' id='word_1_238' title='bbox 858 1077 900 1100; x_wconf 83' lang='lat' dir='ltr'><strong>ac</strong></span> <span class='ocrx_word' id='word_1_239' title='bbox 917 1064 1053 1115; x_wconf 89' lang='lat' dir='ltr'><strong>Papiae</strong></span> <span class='ocrx_word' id='word_1_240' title='bbox 1070 1064 1267 1113; x_wconf 86' lang='lat' dir='ltr'><strong>Poppaeae</strong></span> <span class='ocrx_word' id='word_1_241' title='bbox 1295 1064 1361 1102; x_wconf 89' lang='lat' dir='ltr'><strong>hac</strong></span> <span class='ocrx_word' id='word_1_242' title='bbox 1391 1064 1437 1102; x_wconf 90' lang='lat' dir='ltr'><strong>de</strong></span> <span class='ocrx_word' id='word_1_243' title='bbox 1467 1077 1506 1101; x_wconf 89' lang='lat' dir='ltr'><strong>re</strong></span> 
     </span>
     <span class='ocr_line' id='line_1_55' title="bbox 854 1120 1503 1169; baseline 0 -12"><span class='ocrx_word' id='word_1_244' title='bbox 854 1120 960 1158; x_wconf 86' lang='lat' dir='ltr'><strong>latae.</strong></span> <span class='ocrx_word' id='word_1_245' title='bbox 1018 1120 1076 1158; x_wconf 88' lang='lat' dir='ltr'><strong>De</strong></span> <span class='ocrx_word' id='word_1_246' title='bbox 1096 1121 1224 1169; x_wconf 91' lang='lat' dir='ltr'><strong>quibus</strong></span> <span class='ocrx_word' id='word_1_247' title='bbox 1241 1120 1311 1156; x_wconf 87' lang='lat' dir='ltr'><strong>vid.</strong></span> <span class='ocrx_word' id='word_1_248' title='bbox 1333 1121 1503 1158; x_wconf 86' lang='lat' dir='ltr'><strong>Heinecc.</strong></span> 
     </span>
     <span class='ocr_line' id='line_1_56' title="bbox 853 1176 1502 1226; baseline 0 -14"><span class='ocrx_word' id='word_1_249' title='bbox 853 1177 1044 1225; x_wconf 75' lang='lat' dir='ltr'><strong>Syntagm.</strong></span> <span class='ocrx_word' id='word_1_250' title='bbox 1067 1176 1217 1225; x_wconf 88' lang='lat' dir='ltr'><strong>Antiqq.</strong></span> <span class='ocrx_word' id='word_1_251' title='bbox 1243 1176 1502 1226; x_wconf 81' lang='lat' dir='ltr'><strong>Iurisprudent.</strong></span> 
     </span>
     <span class='ocr_line' id='line_1_57' title="bbox 853 1231 1503 1283; baseline 0.002 -15"><span class='ocrx_word' id='word_1_252' title='bbox 853 1232 1040 1269; x_wconf 88' lang='lat' dir='ltr'><strong>illustrant.</strong></span> <span class='ocrx_word' id='word_1_253' title='bbox 1062 1233 1076 1269; x_wconf 90' lang='grc' dir='ltr'>Ι</span> <span class='ocrx_word' id='word_1_254' title='bbox 1092 1261 1102 1279; x_wconf 81' lang='lat'>,</span> <span class='ocrx_word' id='word_1_255' title='bbox 1122 1233 1174 1274; x_wconf 80' lang='lat'><strong>25</strong></span> <span class='ocrx_word' id='word_1_256' title='bbox 1197 1231 1235 1283; x_wconf 60' lang='grc' dir='ltr'><strong>ἓ.</strong></span> <span class='ocrx_word' id='word_1_257' title='bbox 1253 1235 1278 1273; x_wconf 90' lang='grc'><strong>4</strong></span> <span class='ocrx_word' id='word_1_258' title='bbox 1297 1246 1399 1282; x_wconf 88' lang='lat' dir='ltr'><strong>seqq.</strong></span> <span class='ocrx_word' id='word_1_259' title='bbox 1414 1246 1503 1270; x_wconf 80' lang='lat' dir='ltr'><strong>eun-</strong></span> 
     </span>
     <span class='ocr_line' id='line_1_58' title="bbox 853 1288 1503 1340; baseline 0.002 -15"><span class='ocrx_word' id='word_1_260' title='bbox 853 1290 1008 1338; x_wconf 90' lang='lat' dir='ltr'><strong>demque</strong></span> <span class='ocrx_word' id='word_1_261' title='bbox 1033 1290 1080 1325; x_wconf 84' lang='lat' dir='ltr'><strong>ad</strong></span> <span class='ocrx_word' id='word_1_262' title='bbox 1108 1288 1154 1327; x_wconf 88' lang='lat' dir='ltr'><strong>L.</strong></span> <span class='ocrx_word' id='word_1_263' title='bbox 1186 1289 1314 1326; x_wconf 87' lang='lat' dir='ltr'><strong>Iuliam</strong></span> <span class='ocrx_word' id='word_1_264' title='bbox 1350 1293 1387 1327; x_wconf 88' lang='lat' dir='ltr'><strong>et</strong></span> <span class='ocrx_word' id='word_1_265' title='bbox 1411 1289 1503 1340; x_wconf 88' lang='lat' dir='ltr'><strong>Pap.</strong></span> 
     </span>
     <span class='ocr_line' id='line_1_59' title="bbox 849 1344 1254 1394; baseline -0.002 -12"><span class='ocrx_word' id='word_1_266' title='bbox 849 1344 932 1382; x_wconf 89' lang='lat' dir='ltr'><strong>Lib.</strong></span> <span class='ocrx_word' id='word_1_267' title='bbox 950 1345 965 1381; x_wconf 88' lang='lat' dir='ltr'>I</span> <span class='ocrx_word' id='word_1_268' title='bbox 995 1359 1050 1394; x_wconf 89' lang='lat' dir='ltr'><strong>cp.</strong></span> <span class='ocrx_word' id='word_1_269' title='bbox 1070 1349 1106 1386; x_wconf 75' lang='lat'><strong>2.</strong></span> <span class='ocrx_word' id='word_1_270' title='bbox 1252 1385 1254 1389; x_wconf 93' lang='lat'><strong>.</strong></span> 
     </span>
    </p>

    <p class='ocr_par' dir='ltr' id='par_1_17' title="bbox 845 1393 1503 2012">
     <span class='ocr_line' id='line_1_60' title="bbox 907 1393 1503 1452; baseline 0.002 -13"><span class='ocrx_word' id='word_1_271' title='bbox 907 1397 949 1440; x_wconf 83' lang='grc' dir='ltr'><strong>τὸ</strong></span> <span class='ocrx_word' id='word_1_272' title='bbox 973 1398 1122 1440; x_wconf 74' lang='grc' dir='ltr'><em>πολλόν</em></span> <span class='ocrx_word' id='word_1_273' title='bbox 1143 1395 1185 1440; x_wconf 84' lang='grc' dir='ltr'><strong>δ’</strong></span> <span class='ocrx_word' id='word_1_274' title='bbox 1209 1393 1372 1452; x_wconf 61' lang='grc' dir='ltr'><em>ἡγέαται</em></span> <span class='ocrx_word' id='word_1_275' title='bbox 1397 1399 1503 1451; x_wconf 84' lang='grc' dir='ltr'><strong><em>ἰσχυ-</em></strong></span> 
     </span>
     <span class='ocr_line' id='line_1_61' title="bbox 851 1453 1500 1508; baseline -0.005 -11"><span class='ocrx_word' id='word_1_276' title='bbox 851 1454 923 1508; x_wconf 74' lang='grc' dir='ltr'><strong>ρόν</strong></span> <span class='ocrx_word' id='word_1_277' title='bbox 942 1453 1069 1507; x_wconf 80' lang='grc' dir='ltr'><em>εἶναι]</em></span> <span class='ocrx_word' id='word_1_278' title='bbox 1100 1457 1204 1495; x_wconf 89' lang='lat' dir='ltr'><strong>Haec</strong></span> <span class='ocrx_word' id='word_1_279' title='bbox 1230 1457 1408 1506; x_wconf 88' lang='lat' dir='ltr'><strong>prioribus</strong></span> <span class='ocrx_word' id='word_1_280' title='bbox 1438 1470 1500 1495; x_wconf 88' lang='lat' dir='ltr'><strong>ex-</strong></span> 
     </span>
     <span class='ocr_line' id='line_1_62' title="bbox 849 1513 1503 1565; baseline 0.002 -15"><span class='ocrx_word' id='word_1_281' title='bbox 849 1514 1007 1565; x_wconf 85' lang='lat' dir='ltr'><strong>plicandi</strong></span> <span class='ocrx_word' id='word_1_282' title='bbox 1037 1527 1145 1550; x_wconf 86' lang='lat' dir='ltr'><strong>causa</strong></span> <span class='ocrx_word' id='word_1_283' title='bbox 1177 1514 1327 1551; x_wconf 86' lang='lat' dir='ltr'><strong>adiecta.</strong></span> <span class='ocrx_word' id='word_1_284' title='bbox 1385 1513 1503 1551; x_wconf 84' lang='lat' dir='ltr'><strong>Nam-</strong></span> 
     </span>
     <span class='ocr_line' id='line_1_63' title="bbox 850 1569 1501 1619; baseline 0.002 -13"><span class='ocrx_word' id='word_1_285' title='bbox 850 1584 921 1619; x_wconf 87' lang='lat' dir='ltr'><strong>que</strong></span> <span class='ocrx_word' id='word_1_286' title='bbox 948 1571 984 1607; x_wconf 90' lang='lat' dir='ltr'><strong>in</strong></span> <span class='ocrx_word' id='word_1_287' title='bbox 1024 1570 1252 1607; x_wconf 88' lang='lat' dir='ltr'><strong>multitudine</strong></span> <span class='ocrx_word' id='word_1_288' title='bbox 1298 1569 1414 1615; x_wconf 86' lang='lat' dir='ltr'><strong>(haec</strong></span> <span class='ocrx_word' id='word_1_289' title='bbox 1444 1574 1501 1608; x_wconf 83' lang='lat' dir='ltr'><strong>est</strong></span> 
     </span>
     <span class='ocr_line' id='line_1_64' title="bbox 848 1626 1500 1675; baseline 0.002 -11"><span class='ocrx_word' id='word_1_290' title='bbox 848 1627 1029 1664; x_wconf 88' lang='lat' dir='ltr'><strong>Herodoti</strong></span> <span class='ocrx_word' id='word_1_291' title='bbox 1047 1627 1244 1675; x_wconf 84' lang='lat' dir='ltr'><strong>sententia)</strong></span> <span class='ocrx_word' id='word_1_292' title='bbox 1255 1626 1365 1663; x_wconf 90' lang='lat' dir='ltr'><strong>robur</strong></span> <span class='ocrx_word' id='word_1_293' title='bbox 1382 1628 1500 1665; x_wconf 87' lang='lat' dir='ltr'><strong>inesse</strong></span> 
     </span>
     <span class='ocr_line' id='line_1_65' title="bbox 851 1683 1499 1732; baseline -0.002 -12"><span class='ocrx_word' id='word_1_294' title='bbox 851 1684 1075 1729; x_wconf 85' lang='lat' dir='ltr'><strong>existimant,</strong></span> <span class='ocrx_word' id='word_1_295' title='bbox 1101 1683 1260 1732; x_wconf 87' lang='lat' dir='ltr'><strong>illudque</strong></span> <span class='ocrx_word' id='word_1_296' title='bbox 1278 1683 1326 1720; x_wconf 92' lang='lat' dir='ltr'><strong>ad</strong></span> <span class='ocrx_word' id='word_1_297' title='bbox 1347 1683 1499 1720; x_wconf 88' lang='lat' dir='ltr'><strong>civitatis</strong></span> 
     </span>
     <span class='ocr_line' id='line_1_66' title="bbox 850 1739 1497 1789; baseline 0 -13"><span class='ocrx_word' id='word_1_298' title='bbox 850 1739 1121 1789; x_wconf 84' lang='lat' dir='ltr'><strong>amplitudinem</strong></span> <span class='ocrx_word' id='word_1_299' title='bbox 1148 1739 1340 1788; x_wconf 88' lang='lat' dir='ltr'><strong>plurimum</strong></span> <span class='ocrx_word' id='word_1_300' title='bbox 1364 1741 1497 1785; x_wconf 86' lang='lat' dir='ltr'><strong>facere,</strong></span> 
     </span>
     <span class='ocr_line' id='line_1_67' title="bbox 850 1794 1499 1844; baseline -0.002 -13"><span class='ocrx_word' id='word_1_301' title='bbox 850 1795 880 1831; x_wconf 87' lang='lat' dir='ltr'><strong>si</strong></span> <span class='ocrx_word' id='word_1_302' title='bbox 899 1807 1033 1843; x_wconf 84' lang='lat' dir='ltr'><strong>magna</strong></span> <span class='ocrx_word' id='word_1_303' title='bbox 1062 1795 1256 1831; x_wconf 86' lang='lat' dir='ltr'><strong>incolarum</strong></span> <span class='ocrx_word' id='word_1_304' title='bbox 1277 1794 1380 1844; x_wconf 74' lang='lat' dir='ltr'><strong>copia</strong></span> <span class='ocrx_word' id='word_1_305' title='bbox 1407 1807 1499 1843; x_wconf 86' lang='lat' dir='ltr'><strong>gau-</strong></span> 
     </span>
     <span class='ocr_line' id='line_1_68' title="bbox 849 1849 1497 1888; baseline 0.002 -1"><span class='ocrx_word' id='word_1_306' title='bbox 849 1851 944 1887; x_wconf 87' lang='lat' dir='ltr'><strong>deat.</strong></span> <span class='ocrx_word' id='word_1_307' title='bbox 975 1851 1063 1887; x_wconf 91' lang='lat' dir='ltr'><strong>lnde</strong></span> <span class='ocrx_word' id='word_1_308' title='bbox 1080 1863 1153 1886; x_wconf 86' lang='lat' dir='ltr'><strong>non</strong></span> <span class='ocrx_word' id='word_1_309' title='bbox 1168 1850 1296 1886; x_wconf 86' lang='lat' dir='ltr'><strong>mirum</strong></span> <span class='ocrx_word' id='word_1_310' title='bbox 1308 1863 1370 1888; x_wconf 90' lang='lat' dir='ltr'><strong>eos</strong></span> <span class='ocrx_word' id='word_1_311' title='bbox 1390 1849 1497 1888; x_wconf 84' lang='lat' dir='ltr'><strong>valde</strong></span> 
     </span>
     <span class='ocr_line' id='line_1_69' title="bbox 848 1906 1496 1956; baseline 0 -13"><span class='ocrx_word' id='word_1_312' title='bbox 848 1906 1015 1943; x_wconf 85' lang='lat' dir='ltr'><strong>honorari</strong></span> <span class='ocrx_word' id='word_1_313' title='bbox 1037 1906 1280 1955; x_wconf 85' lang='lat' dir='ltr'><strong>praemiisque</strong></span> <span class='ocrx_word' id='word_1_314' title='bbox 1292 1906 1426 1954; x_wconf 86' lang='lat' dir='ltr'><strong>ornari,</strong></span> <span class='ocrx_word' id='word_1_315' title='bbox 1434 1906 1496 1956; x_wconf 87' lang='lat' dir='ltr'><strong>qui</strong></span> 
     </span>
     <span class='ocr_line' id='line_1_70' title="bbox 845 1962 1361 2012; baseline 0 -14"><span class='ocrx_word' id='word_1_316' title='bbox 845 1962 1017 2012; x_wconf 90' lang='lat' dir='ltr'><strong>plurimos</strong></span> <span class='ocrx_word' id='word_1_317' title='bbox 1038 1962 1229 2010; x_wconf 82' lang='lat' dir='ltr'><strong>genuerint</strong></span> <span class='ocrx_word' id='word_1_318' title='bbox 1257 1962 1361 1999; x_wconf 84' lang='lat' dir='ltr'><strong>filios.</strong></span> 
     </span>
    </p>

    <p class='ocr_par' dir='ltr' id='par_1_18' title="bbox 837 2015 1495 2631">
     <span class='ocr_line' id='line_1_71' title="bbox 902 2015 1495 2066; baseline 0.002 -10"><span class='ocrx_word' id='word_1_319' title='bbox 902 2015 1138 2056; x_wconf 81' lang='grc' dir='ltr'><em>παιδεύουσι</em></span> <span class='ocrx_word' id='word_1_320' title='bbox 1165 2015 1208 2056; x_wconf 79' lang='grc' dir='ltr'><strong>δὲ</strong></span> <span class='ocrx_word' id='word_1_321' title='bbox 1235 2015 1328 2065; x_wconf 73' lang='grc' dir='ltr'><em>τούς</em></span> <span class='ocrx_word' id='word_1_322' title='bbox 1349 2018 1495 2066; x_wconf 80' lang='grc' dir='ltr'><em>παῖδας</em></span> 
     </span>
     <span class='ocr_line' id='line_1_72' title="bbox 846 2072 1494 2124; baseline 0.005 -12"><span class='ocrx_word' id='word_1_323' title='bbox 846 2088 881 2112; x_wconf 83' lang='grc' dir='ltr'><strong>κ.</strong></span> <span class='ocrx_word' id='word_1_324' title='bbox 894 2089 924 2112; x_wconf 87' lang='grc' dir='ltr'><strong>τ.</strong></span> <span class='ocrx_word' id='word_1_325' title='bbox 938 2072 992 2124; x_wconf 85' lang='grc' dir='ltr'><strong>λ.]</strong></span> <span class='ocrx_word' id='word_1_326' title='bbox 1015 2074 1073 2112; x_wconf 90' lang='lat' dir='ltr'><strong>De</strong></span> <span class='ocrx_word' id='word_1_327' title='bbox 1086 2078 1263 2111; x_wconf 85' lang='lat' dir='ltr'><strong>structura</strong></span> <span class='ocrx_word' id='word_1_328' title='bbox 1281 2075 1381 2112; x_wconf 89' lang='lat' dir='ltr'><strong>verbi</strong></span> <span class='ocrx_word' id='word_1_329' title='bbox 1402 2090 1494 2114; x_wconf 81' lang='grc' dir='ltr'><em>παι-</em></span> 
     </span>
     <span class='ocr_line' id='line_1_73' title="bbox 846 2127 1492 2180; baseline -0.002 -10"><span class='ocrx_word' id='word_1_330' title='bbox 846 2127 980 2170; x_wconf 78' lang='grc' dir='ltr'><em>δεύειν</em></span> <span class='ocrx_word' id='word_1_331' title='bbox 1016 2143 1095 2167; x_wconf 91' lang='lat' dir='ltr'><strong>cum</strong></span> <span class='ocrx_word' id='word_1_332' title='bbox 1125 2130 1259 2180; x_wconf 89' lang='lat' dir='ltr'><strong>duplici</strong></span> <span class='ocrx_word' id='word_1_333' title='bbox 1289 2132 1492 2169; x_wconf 85' lang='lat' dir='ltr'><strong>accusativo</strong></span> 
     </span>
     <span class='ocr_line' id='line_1_74' title="bbox 845 2186 1493 2237; baseline 0.002 -14"><span class='ocrx_word' id='word_1_334' title='bbox 845 2192 881 2224; x_wconf 91' lang='lat' dir='ltr'><strong>et</strong></span> <span class='ocrx_word' id='word_1_335' title='bbox 900 2200 1078 2237; x_wconf 86' lang='lat' dir='ltr'><strong>personae</strong></span> <span class='ocrx_word' id='word_1_336' title='bbox 1099 2190 1134 2223; x_wconf 88' lang='lat' dir='ltr'><strong>et</strong></span> <span class='ocrx_word' id='word_1_337' title='bbox 1151 2187 1201 2223; x_wconf 89' lang='lat' dir='ltr'><strong>rei</strong></span> <span class='ocrx_word' id='word_1_338' title='bbox 1230 2186 1287 2223; x_wconf 84' lang='lat' dir='ltr'><strong>vix</strong></span> <span class='ocrx_word' id='word_1_339' title='bbox 1308 2200 1400 2237; x_wconf 91' lang='lat' dir='ltr'><strong>opus</strong></span> <span class='ocrx_word' id='word_1_340' title='bbox 1425 2188 1493 2224; x_wconf 86' lang='lat' dir='ltr'><strong>ad-</strong></span> 
     </span>
     <span class='ocr_line' id='line_1_75' title="bbox 840 2243 1491 2282; baseline 0.002 -2"><span class='ocrx_word' id='word_1_341' title='bbox 840 2256 999 2281; x_wconf 89' lang='lat' dir='ltr'><strong>monere.</strong></span> <span class='ocrx_word' id='word_1_342' title='bbox 1058 2243 1167 2279; x_wconf 91' lang='lat' dir='ltr'><strong>Conf.</strong></span> <span class='ocrx_word' id='word_1_343' title='bbox 1203 2247 1324 2280; x_wconf 86' lang='lat' dir='ltr'><strong>tamen</strong></span> <span class='ocrx_word' id='word_1_344' title='bbox 1360 2243 1491 2282; x_wconf 85' lang='lat' dir='ltr'><strong>Matth.</strong></span> 
     </span>
     <span class='ocr_line' id='line_1_76' title="bbox 842 2298 1490 2350; baseline -0.003 -10"><span class='ocrx_word' id='word_1_345' title='bbox 842 2298 878 2350; x_wconf 64' lang='grc' dir='ltr'><strong>ἓ.</strong></span> <span class='ocrx_word' id='word_1_346' title='bbox 894 2298 976 2340; x_wconf 83' lang='grc'><strong>418</strong></span> <span class='ocrx_word' id='word_1_347' title='bbox 997 2312 1051 2348; x_wconf 84' lang='lat' dir='ltr'><strong>sq·</strong></span> <span class='ocrx_word' id='word_1_348' title='bbox 1074 2312 1109 2349; x_wconf 86' lang='lat' dir='ltr'><strong>p-</strong></span> <span class='ocrx_word' id='word_1_349' title='bbox 1131 2301 1226 2339; x_wconf 86' lang='lat'><strong>766.</strong></span> <span class='ocrx_word' id='word_1_350' title='bbox 1264 2299 1322 2336; x_wconf 91' lang='lat' dir='ltr'><strong>Ad</strong></span> <span class='ocrx_word' id='word_1_351' title='bbox 1352 2313 1490 2339; x_wconf 82' lang='grc' dir='ltr'><em>πεντα-</em></span> 
     </span>
     <span class='ocr_line' id='line_1_77' title="bbox 841 2351 1489 2405; baseline 0.002 -11"><span class='ocrx_word' id='word_1_352' title='bbox 841 2355 947 2403; x_wconf 83' lang='grc' dir='ltr'><em>έτεος</em></span> <span class='ocrx_word' id='word_1_353' title='bbox 965 2356 1067 2393; x_wconf 86' lang='lat' dir='ltr'><strong>facile</strong></span> <span class='ocrx_word' id='word_1_354' title='bbox 1081 2355 1321 2405; x_wconf 89' lang='lat' dir='ltr'><strong>supplendum</strong></span> <span class='ocrx_word' id='word_1_355' title='bbox 1334 2351 1489 2403; x_wconf 80' lang='grc' dir='ltr'><em>παιδός.</em></span> 
     </span>
     <span class='ocr_line' id='line_1_78' title="bbox 839 2411 1489 2450; baseline 0 -1"><span class='ocrx_word' id='word_1_356' title='bbox 839 2411 898 2449; x_wconf 89' lang='lat' dir='ltr'><strong>De</strong></span> <span class='ocrx_word' id='word_1_357' title='bbox 925 2425 964 2449; x_wconf 88' lang='lat' dir='ltr'><strong>re</strong></span> <span class='ocrx_word' id='word_1_358' title='bbox 996 2412 1224 2448; x_wconf 84' lang='lat' dir='ltr'><strong>consentiunt</strong></span> <span class='ocrx_word' id='word_1_359' title='bbox 1251 2425 1329 2449; x_wconf 91' lang='lat' dir='ltr'><strong>cum</strong></span> <span class='ocrx_word' id='word_1_360' title='bbox 1349 2412 1489 2450; x_wconf 87' lang='lat' dir='ltr'><strong>Nostro</strong></span> 
     </span>
     <span class='ocr_line' id='line_1_79' title="bbox 839 2467 1487 2518; baseline 0.002 -13"><span class='ocrx_word' id='word_1_361' title='bbox 839 2468 973 2505; x_wconf 84' lang='lat' dir='ltr'><strong>Strabo</strong></span> <span class='ocrx_word' id='word_1_362' title='bbox 1002 2467 1070 2504; x_wconf 93' lang='lat' dir='ltr'><strong>XV</strong></span> <span class='ocrx_word' id='word_1_363' title='bbox 1105 2480 1191 2518; x_wconf 83' lang='lat' dir='ltr'><strong>pag.</strong></span> <span class='ocrx_word' id='word_1_364' title='bbox 1222 2469 1329 2515; x_wconf 83' lang='lat'><strong>733,</strong></span> <span class='ocrx_word' id='word_1_365' title='bbox 1367 2468 1401 2506; x_wconf 94' lang='lat' dir='ltr'>D</span> <span class='ocrx_word' id='word_1_366' title='bbox 1428 2469 1487 2506; x_wconf 93' lang='lat' dir='ltr'><strong>ed.</strong></span> 
     </span>
     <span class='ocr_line' id='line_1_80' title="bbox 839 2523 1487 2572; baseline 0.002 -11"><span class='ocrx_word' id='word_1_367' title='bbox 839 2524 998 2561; x_wconf 87' lang='lat' dir='ltr'><strong>Casaub.</strong></span> <span class='ocrx_word' id='word_1_368' title='bbox 1029 2529 1138 2572; x_wconf 88' lang='lat' dir='ltr'><strong>atque</strong></span> <span class='ocrx_word' id='word_1_369' title='bbox 1175 2524 1340 2561; x_wconf 88' lang='lat' dir='ltr'><strong>Valerius</strong></span> <span class='ocrx_word' id='word_1_370' title='bbox 1368 2523 1487 2563; x_wconf 82' lang='lat' dir='ltr'><strong>Maxi-</strong></span> 
     </span>
     <span class='ocr_line' id='line_1_81' title="bbox 837 2579 1487 2631; baseline 0.002 -13"><span class='ocrx_word' id='word_1_371' title='bbox 837 2594 916 2618; x_wconf 92' lang='lat' dir='ltr'><strong>mus</strong></span> <span class='ocrx_word' id='word_1_372' title='bbox 938 2581 1009 2627; x_wconf 84' lang='lat' dir='ltr'><strong>VI,</strong></span> <span class='ocrx_word' id='word_1_373' title='bbox 1028 2584 1054 2622; x_wconf 82' lang='lat'>2</span> <span class='ocrx_word' id='word_1_374' title='bbox 1084 2579 1121 2631; x_wconf 61' lang='grc' dir='ltr'><strong>ἓ.</strong></span> <span class='ocrx_word' id='word_1_375' title='bbox 1144 2583 1187 2627; x_wconf 85' lang='grc'><strong>1,</strong></span> <span class='ocrx_word' id='word_1_376' title='bbox 1217 2581 1285 2617; x_wconf 86' lang='lat' dir='ltr'><strong>nisi</strong></span> <span class='ocrx_word' id='word_1_377' title='bbox 1308 2582 1407 2630; x_wconf 91' lang='lat' dir='ltr'><strong>quod</strong></span> <span class='ocrx_word' id='word_1_378' title='bbox 1433 2581 1487 2619; x_wconf 90' lang='lat' dir='ltr'><strong>le-</strong></span> 
     </span>
    </p>
   </div>
   <div class='ocr_carea' id='block_1_16' title="bbox 837 2637 1505 2681">
    <p class='ocr_par' dir='ltr' id='par_1_19' title="bbox 837 2637 1505 2681">
     <span class='ocr_line' id='line_1_82' title="bbox 837 2637 1505 2681; baseline 0.001 -8"><span class='ocrx_word' id='word_1_379' title='bbox 837 2637 929 2674; x_wconf 62' lang='lat' dir='ltr'><strong>viter</strong></span> <span class='ocrx_word' id='word_1_380' title='bbox 955 2638 990 2673; x_wconf 93' lang='lat' dir='ltr'><strong>in</strong></span> <span class='ocrx_word' id='word_1_381' title='bbox 1019 2649 1115 2672; x_wconf 89' lang='lat' dir='ltr'><strong>anno</strong></span> <span class='ocrx_word' id='word_1_382' title='bbox 1143 2637 1364 2674; x_wconf 85' lang='lat' dir='ltr'><strong>educationis</strong></span> <span class='ocrx_word' id='word_1_383' title='bbox 1393 2638 1505 2681; x_wconf 51' lang='lat' dir='ltr'><strong>defi„</strong></span> 
     </span>
    </p>
   </div>
   <div class='ocr_carea' id='block_1_17' title="bbox 833 2692 1485 2854">
    <p class='ocr_par' dir='ltr' id='par_1_20' title="bbox 833 2692 1485 2854">
     <span class='ocr_line' id='line_1_83' title="bbox 836 2692 1484 2743; baseline 0 -13"><span class='ocrx_word' id='word_1_384' title='bbox 836 2693 970 2730; x_wconf 88' lang='lat' dir='ltr'><strong>niendo</strong></span> <span class='ocrx_word' id='word_1_385' title='bbox 1005 2692 1243 2740; x_wconf 87' lang='lat' dir='ltr'><strong>dissentiunt,</strong></span> <span class='ocrx_word' id='word_1_386' title='bbox 1281 2693 1338 2731; x_wconf 87' lang='lat' dir='ltr'><strong>ille</strong></span> <span class='ocrx_word' id='word_1_387' title='bbox 1375 2706 1484 2743; x_wconf 89' lang='lat' dir='ltr'><strong>quar-</strong></span> 
     </span>
     <span class='ocr_line' id='line_1_84' title="bbox 835 2749 1485 2801; baseline 0.003 -15"><span class='ocrx_word' id='word_1_388' title='bbox 835 2753 932 2796; x_wconf 89' lang='lat' dir='ltr'><strong>tum,</strong></span> <span class='ocrx_word' id='word_1_389' title='bbox 953 2749 1010 2785; x_wconf 89' lang='lat' dir='ltr'><strong>hic</strong></span> <span class='ocrx_word' id='word_1_390' title='bbox 1034 2750 1226 2798; x_wconf 85' lang='lat' dir='ltr'><strong>septimum</strong></span> <span class='ocrx_word' id='word_1_391' title='bbox 1243 2762 1395 2801; x_wconf 87' lang='lat' dir='ltr'><strong>ponens.</strong></span> <span class='ocrx_word' id='word_1_392' title='bbox 1424 2749 1485 2788; x_wconf 78' lang='lat' dir='ltr'><strong>De</strong></span> 
     </span>
     <span class='ocr_line' id='line_1_85' title="bbox 833 2805 1484 2854; baseline 0.002 -11"><span class='ocrx_word' id='word_1_393' title='bbox 833 2805 987 2843; x_wconf 83' lang='lat' dir='ltr'><strong>filiorum</strong></span> <span class='ocrx_word' id='word_1_394' title='bbox 1033 2806 1215 2854; x_wconf 87' lang='lat' dir='ltr'><strong>regiorum</strong></span> <span class='ocrx_word' id='word_1_395' title='bbox 1259 2806 1484 2845; x_wconf 79' lang='lat' dir='ltr'><strong>institutione</strong></span> 
     </span>
    </p>
   </div>
  </div>
 </body>
</html>
