1877 3223
693 213 909 256 cL10.
967 215 997 254 Ι.
1395 217 1478 259 175

221 321 433 380 »μηδαμά
462 324 641 380 μέζονας
670 322 936 380 ἀνθρώπους
963 327 1051 370 τῶν
1079 327 1186 377 νῦν,
1229 324 1374 385 οἷνῷξα
1402 325 1476 370 αύ-

219 403 356 460 ,,τὴν,
401 403 474 446 καὶ
512 403 627 448 εἶδον
663 403 740 448 τὸν
777 404 936 459 νεκρὸν
975 403 1102 461 μήκεϊ
1139 402 1237 447 ἶσον
1267 405 1393 449 ἐόντα
1424 409 1477 462 τῇ

186 485 209 522 4
221 515 245 534 ,,
258 487 388 541 σορῷ.

163 669 290 720 στίης)
329 675 452 708 monet
482 669 611 707 Matth.
648 668 684 720 ἓ.
718 669 811 718 534,

218 780 378 833 μηδαμά
413 782 539 832 scripsi
574 794 653 819 cum
695 782 810 821 Gaisf.

158 851 224 888 pro
254 838 399 885 vulgato
435 839 610 889 μηὸημᾶ.
640 838 749 876 Cons.
779 840 809 887 I,

159 896 222 934 56.
263 893 352 930 Mox
386 890 522 948 οἷνῷξα
550 895 708 932 lonicum
742 901 810 943 est,

156 963 235 986 cum
264 950 300 986 in
330 953 507 988 communi
531 952 683 989 dialecto
707 957 812 990 sonet

156 1002 312 1059 α’νέῳξα
329 1035 339 1053 ,
409 1008 624 1046 observante
678 1007 809 1046 Matth.

158 1060 195 1112 ἓ-
220 1049 298 1103 1¹68
319 1067 392 1099 not
417 1066 437 1104 1
461 1078 497 1113 p
519 1066 612 1107 305.

210 1118 277 1157 καὶ
304 1115 411 1157 εἶδον
433 1117 503 1159 τὸν
535 1117 672 1170 νεκρὸν
693 1117 814 1172 μήκεϊ

155 1170 242 1213 ’ἴσον
271 1172 380 1214 ἐόντα
404 1179 455 1230 τῆ
483 1177 602 1231 σοοῶ]
633 1178 735 1215 Idem
764 1178 811 1214 de

156 1231 298 1269 Orestis
324 1233 497 1270 cadavere
527 1239 668 1284 septem
709 1235 807 1270 cubi-

151 1291 268 1324 torum
304 1289 463 1325 referunt
490 1290 635 1327 Solinus
661 1289 807 1338 Polyhi-

149 1347 236 1379 stor.
258 1343 296 1389 I,
320 1346 345 1384 7
371 1358 408 1394 p.
429 1346 482 1385 31
514 1346 606 1395 (qui
626 1359 698 1395 quo
718 1359 806 1395 pro-

150 1399 232 1446 bet,
271 1400 343 1436 duo
371 1401 535 1450 exempla
567 1404 707 1452 profert
737 1401 805 1437 ho-

147 1455 283 1493 minum
329 1456 518 1495 duodecim
562 1459 727 1508 pedum)
766 1461 803 1495 et

147 1511 352 1549 Philostrat.
399 1514 436 1550 in
484 1513 651 1552 Heroicc.
690 1515 729 1563 I,
776 1517 802 1555 2

146 1581 182 1618 p.
215 1571 295 1610 668
331 1568 388 1606 Ol.
422 1584 459 1620 p.
505 1573 558 1612 28
585 1571 707 1609 Boiss.
743 1570 803 1607 hic

148 1624 254 1661 etiam
268 1626 407 1662 addens
427 1626 546 1664 Aiacis
564 1629 719 1665 cadaver
734 1640 804 1663 un-

147 1681 261 1718 decim
282 1682 489 1719 cubitorum.
531 1684 612 1721 Nec
634 1684 704 1721 alia
736 1685 801 1721 de—

144 1741 228 1772 sunt
256 1739 440 1787 exempla,
488 1741 619 1788 quibus
659 1744 800 1777 veteres

145 1792 274 1829 heroas
304 1794 458 1832 maiores
477 1796 657 1845 perhiberi
683 1800 801 1833 statu-

144 1849 185 1884 ra
206 1862 247 1886 ac
264 1850 418 1887 vastiore
442 1864 592 1900 corpore
613 1853 800 1901 praeditos

145 1906 374 1942 manifestum
405 1907 456 1943 fit.
488 1907 568 1944 Vid.
592 1909 702 1945 modo
732 1907 799 1943 Ar-

145 1961 229 1997 nob.
258 1962 358 1998 advs.
391 1966 489 2011 gent.
510 1963 555 2010 Il,
580 1964 633 2004 75
659 1977 695 2013 p.
719 1963 797 2005 105

143 2017 228 2066 ibiq.
259 2019 382 2054 adnot.
414 2018 495 2055 Vol.
524 2019 617 2068 Hp.
653 2022 732 2060 113
764 2022 801 2056 et

143 2085 238 2121 quae
267 2074 314 2109 ad
341 2074 550 2111 Philostrati
579 2075 695 2112 locum
714 2089 800 2125 pro-

141 2129 298 2166 tulerunt
314 2130 380 2165 viri
401 2131 496 2167 (loeti
509 2160 519 2178 ,
548 2130 721 2168 laudante
736 2132 798 2168 Cr.

141 2186 180 2221 in
211 2185 430 2225 Commentt.
457 2186 598 2224 Herod.
640 2201 677 2238 p.
703 2189 797 2228 301.

142 2240 263 2290 Atque
346 2255 572 2280 communem
637 2247 799 2281 veterum

143 2297 366 2336 Graecorum
412 2300 526 2337 fuisse
571 2300 799 2351 superstitio-

140 2367 245 2401 nem,
277 2368 348 2404 qua
371 2355 500 2406 prioris
527 2357 606 2393 aevi
633 2356 796 2394 homines

142 2411 269 2447 maiori
323 2416 359 2449 et
405 2412 598 2449 robustiori
644 2426 797 2463 corpore

141 2466 254 2504 fuisse
276 2468 484 2515 crederent,
520 2482 563 2506 ex
590 2469 656 2506 hac
676 2469 797 2507 Hero-

142 2522 252 2559 dotea
306 2525 512 2561 narratione
568 2526 795 2574 potissimum

143 2576 286 2626 collegit
304 2578 491 2618 Bredow.:
510 2580 795 2631 Untersuchung

141 2633 231 2671 iiber
258 2634 418 2672 einzelne
442 2637 705 2684 Gegenst‘ande
730 2639 795 2676 der

141 2688 238 2726 alten
266 2690 470 2728 Geschieht.
511 2705 546 2728 u.
582 2693 792 2744 Geograph.

140 2757 177 2794 p.
215 2744 280 2786 64.
324 2746 553 2784 Herodotum
587 2752 707 2787 tamen
734 2750 792 2787 vix

140 2801 226 2847 erit,
267 2803 363 2851 quod
402 2817 481 2840 cum
509 2803 627 2842 Gellio
667 2805 789 2844 Noctt.

142 2854 214 2894 Att.
240 2857 309 2906 111,
352 2860 404 2901 10
439 2860 570 2899 idcirco
609 2861 790 2901 hominem

445 483 655 540 μετρήσας
697 483 764 539 δὲ,
812 483 1033 541 συνέχωσα
1073 483 1252 530 ὀπίσω.“

1306 483 1356 527 Ὃ
1394 484 1473 541 μὲν

879 669 978 707 dicas
999 669 1304 708 confabulatorem
1317 698 1327 716 ,
1365 682 1532 720 praeser-

878 727 942 763 tim
970 727 1030 774 qui
1056 727 1216 764 retulerit
1235 740 1300 775 ea,
1336 739 1429 775 quae
1451 726 1531 776 ipse

878 782 930 819 sic
948 783 1080 819 tradita
1098 783 1285 820 invenerat
1309 787 1371 819 aut
1388 783 1433 819 ab
1453 783 1531 819 aliis

878 842 1076 888 acceperat.
1141 838 1195 877 Ac
1242 840 1298 877 vel
1342 839 1531 876 recentiori

878 900 997 932 aetate
1018 896 1188 945 reperiri,
1205 908 1298 945 quae
1318 895 1427 932 fidem
1445 908 1532 931 con-

878 952 987 989 ciliari
1012 957 1148 1000 queant
1171 952 1390 989 Herodoteis
1415 951 1530 998 dictis,

877 1009 1005 1045 merito
1027 1009 1198 1046 admonet
1209 1008 1423 1045 Larcherus.
1444 1007 1532 1043 Plu-

876 1065 975 1101 ribus
1015 1078 1161 1114 quoque
1200 1066 1248 1101 ad
1287 1065 1381 1101 hunc
1414 1063 1531 1100 locum

878 1122 1040 1170 disputat
1073 1122 1182 1158 Italus
1218 1120 1399 1158 Herodoti
1419 1120 1531 1157 inter-

876 1191 983 1228 pres,
1019 1182 1095 1214 tum
1125 1190 1348 1214 communem
1374 1177 1531 1225 antiqui-

873 1235 958 1270 tatis
986 1235 1192 1283 opinionem
1228 1237 1530 1270 commonstrata-

872 1302 955 1337 rus,
986 1292 1058 1338 qua
1086 1295 1226 1327 veteres
1262 1291 1392 1327 heroas
1419 1303 1530 1327 vene-

870 1350 991 1392 retur,
1042 1347 1215 1383 maiorem
1254 1359 1363 1394 quam
1404 1346 1531 1381 huma-

871 1414 958 1438 nam
1004 1401 1072 1437 illis
1108 1403 1302 1438 tribuendo
1341 1405 1529 1448 staturam,

871 1462 947 1494 tum
966 1457 1200 1494 Herodotum
1228 1458 1273 1494 ab
1303 1458 1400 1493 omni
1425 1470 1529 1495 accu-

870 1515 1012 1551 satione
1036 1514 1271 1560 liberaturus,
1310 1513 1448 1564 quippe
1467 1514 1529 1562 qui

870 1571 1024 1620 scriptor
1062 1569 1219 1607 fabulam
1245 1570 1397 1606 multum
1425 1571 1529 1606 abest

872 1631 912 1663 ut
932 1628 1012 1677 ipse
1038 1626 1234 1673 invenerit,
1264 1631 1304 1663 ut
1339 1626 1529 1664 Lacedae—

869 1684 1071 1720 moniorum
1091 1684 1334 1721 narrationem
1354 1682 1526 1728 retulerit,

868 1740 987 1789 ipsum
1007 1740 1194 1777 ferrarium
1213 1741 1251 1776 in
1272 1752 1416 1777 scenam
1436 1752 1528 1787 qua-

869 1796 900 1831 si
921 1796 1131 1844 loquentem
1152 1796 1341 1843 inducens,
1365 1808 1527 1832 omnem-

869 1864 939 1900 que
958 1852 1175 1888 narrationis
1206 1856 1347 1902 partem
1379 1851 1528 1888 mirifice

868 1908 973 1955 quasi
1026 1908 1197 1955 mitigans
1252 1907 1372 1944 verbis
1429 1907 1528 1944 hisce

868 1963 1020 1999 selmraxio
1052 1964 1214 1999 tributis:
1254 1959 1334 2001 ’ὑπὸ
1364 1960 1406 2000 δὲ
1436 1957 1526 2001 oim-

870 2019 979 2068 στίης
1020 2034 1073 2069 μη
1118 2016 1162 2069 μὲ
1148 2033 1189 2057 v
1228 2017 1416 2070 γενέσθαι
1455 2034 1526 2069 μη-

869 2072 975 2125 dano}
1000 2074 1163 2124 μέζονας
1186 2069 1429 2127 ἄνθρωπους
1446 2077 1525 2113 τῶν

868 2133 957 2169 νῦν.
986 2131 1054 2167 His
1076 2132 1243 2180 equidem
1272 2132 1359 2168 nihil
1388 2132 1525 2169 addere

867 2187 999 2233 habeo,
1030 2188 1097 2223 nisi
1120 2188 1220 2233 illud,
1252 2188 1288 2224 in
1301 2189 1523 2235 narratione,

869 2257 961 2292 quae
991 2244 1088 2294 apud
1120 2243 1240 2280 Schol.
1271 2243 1421 2281 Aristid.
1452 2244 1475 2281 l.
1499 2244 1522 2282 l.

865 2299 1020 2348 legitur,
1058 2313 1189 2337 novem
1224 2301 1344 2337 cubita
1379 2300 1522 2338 Orestis

865 2357 972 2393 tribui
1001 2357 1178 2394 cadaveri.
1234 2356 1333 2393 Infra
1365 2356 1426 2403 II,
1468 2359 1521 2397 91

866 2412 981 2450 simile
999 2414 1182 2461 quoddam
1206 2413 1252 2450 de
1272 2413 1396 2451 Persei
1412 2413 1523 2450 vesti-

863 2470 925 2518 gio
954 2470 1059 2519 pedis
1089 2469 1199 2506 nimio
1233 2482 1324 2519 prae
1363 2470 1522 2506 humana

864 2530 1002 2562 statura
1032 2525 1195 2574 legimus.
1255 2525 1426 2572 „Similia
1473 2526 1521 2562 de

863 2582 1082 2631 „Sig11rdo,
1124 2582 1330 2630 Siegefrido
1366 2582 1520 2631 aliisque

861 2638 933 2686 „in
981 2639 1245 2675 Germanorum
1295 2638 1519 2687 aliorumque

862 2695 1114 2742 „carminibus
1184 2694 1311 2744 priscis
1370 2695 1518 2744 prodita

861 2754 1083 2800 „comparat
1112 2764 1193 2788 cum
1223 2750 1322 2787 hisce
1346 2750 1519 2787 Herodo-

859 2807 963 2853 „teis
1002 2806 1134 2844 Editor
1180 2819 1296 2844 novae
1345 2806 1515 2843 editionis

858 2862 1031 2915 „operisz
1073 2863 1155 2903 The
1194 2863 1334 2911 history
1377 2864 1421 2900 of
1454 2862 1515 2899 the
