<?xml version="1.0" encoding="UTF-8"?>
<!DOCTYPE html PUBLIC "-//W3C//DTD XHTML 1.0 Transitional//EN"
    "http://www.w3.org/TR/xhtml1/DTD/xhtml1-transitional.dtd">
<html xmlns="http://www.w3.org/1999/xhtml" xml:lang="en" lang="en">
 <head>
  <title>
</title>
<meta http-equiv="Content-Type" content="text/html;charset=utf-8" />
  <meta name='ocr-system' content='tesseract 3.04.00' />
  <meta name='ocr-capabilities' content='ocr_page ocr_carea ocr_par ocr_line ocrx_word'/>
</head>
<body>
  <div class='ocr_page' id='page_1' title='image "./musaeherodoto01hero/musaeherodoto01hero_0594.png"; bbox 0 0 1909 3228; ppageno 0'>
   <div class='ocr_carea' id='block_1_1' title="bbox 521 235 604 273">
    <p class='ocr_par' dir='ltr' id='par_1_1' title="bbox 521 235 604 273">
     <span class='ocr_line' id='line_1_1' title="bbox 521 235 604 273; baseline 0 0"><span class='ocrx_word' id='word_1_1' title='bbox 521 235 604 273; x_wconf 69' lang='lat'>580</span> 
     </span>
    </p>
   </div>
   <div class='ocr_carea' id='block_1_2' title="bbox 931 227 1393 267">
    <p class='ocr_par' dir='ltr' id='par_1_2' title="bbox 931 227 1393 267">
     <span class='ocr_line' id='line_1_2' title="bbox 931 227 1393 267; baseline 0 -1"><span class='ocrx_word' id='word_1_2' title='bbox 931 227 1393 267; x_wconf 83' lang='lat' dir='ltr'>HERODOTI</span> 
     </span>
    </p>
   </div>
   <div class='ocr_carea' id='block_1_3' title="bbox 521 334 1770 395">
    <p class='ocr_par' dir='ltr' id='par_1_3' title="bbox 521 334 1770 395">
     <span class='ocr_line' id='line_1_3' title="bbox 521 334 1770 395; baseline -0.004 -12"><span class='ocrx_word' id='word_1_3' title='bbox 521 340 716 395; x_wconf 78' lang='grc' dir='ltr'><em>γύπτιοι·</em></span> <span class='ocrx_word' id='word_1_4' title='bbox 748 337 832 381; x_wconf 84' lang='grc' dir='ltr'>οἷπὸ</span> <span class='ocrx_word' id='word_1_5' title='bbox 865 336 910 380; x_wconf 76' lang='grc' dir='ltr'>δὲ</span> <span class='ocrx_word' id='word_1_6' title='bbox 941 337 1212 391; x_wconf 77' lang='grc' dir='ltr'><em>Αἰγυπτίων,</em></span> <span class='ocrx_word' id='word_1_7' title='bbox 1240 334 1492 391; x_wconf 79' lang='grc' dir='ltr'><em>Ἀμμώνιοι,</em></span> <span class='ocrx_word' id='word_1_8' title='bbox 1525 334 1666 388; x_wconf 78' lang='grc' dir='ltr'><em>ἐόντες</em></span> <span class='ocrx_word' id='word_1_9' title='bbox 1695 336 1770 378; x_wconf 80' lang='grc' dir='ltr'><em>Αἰ·-</em></span> 
     </span>
    </p>
   </div>
   <div class='ocr_carea' id='block_1_4' title="bbox 522 413 1771 474">
    <p class='ocr_par' dir='ltr' id='par_1_4' title="bbox 522 413 1771 474">
     <span class='ocr_line' id='line_1_4' title="bbox 522 413 1771 474; baseline -0.003 -13"><span class='ocrx_word' id='word_1_10' title='bbox 522 420 711 474; x_wconf 76' lang='grc' dir='ltr'><em>γυπτίων</em></span> <span class='ocrx_word' id='word_1_11' title='bbox 739 433 783 459; x_wconf 85' lang='grc' dir='ltr'>τε</span> <span class='ocrx_word' id='word_1_12' title='bbox 813 417 885 459; x_wconf 80' lang='grc' dir='ltr'>καὶ</span> <span class='ocrx_word' id='word_1_13' title='bbox 917 415 1145 458; x_wconf 80' lang='grc' dir='ltr'><strong><em>Αἰθιόπων</em></strong></span> <span class='ocrx_word' id='word_1_14' title='bbox 1178 413 1377 465; x_wconf 67' lang='grc' dir='ltr'><em>ἄποικοι,</em></span> <span class='ocrx_word' id='word_1_15' title='bbox 1417 416 1490 458; x_wconf 84' lang='grc' dir='ltr'>καὶ</span> <span class='ocrx_word' id='word_1_16' title='bbox 1518 414 1671 470; x_wconf 78' lang='grc' dir='ltr'><em>φωνὴν</em></span> <span class='ocrx_word' id='word_1_17' title='bbox 1699 431 1771 469; x_wconf 82' lang='grc' dir='ltr'>με·</span> 
     </span>
    </p>
   </div>
   <div class='ocr_carea' id='block_1_5' title="bbox 493 490 1892 550">
    <p class='ocr_par' dir='ltr' id='par_1_5' title="bbox 493 490 1892 550">
     <span class='ocr_line' id='line_1_5' title="bbox 493 490 1892 550; baseline 0.001 -14"><span class='ocrx_word' id='word_1_18' title='bbox 493 495 629 547; x_wconf 83' lang='grc' dir='ltr'><em>7ταξύ</em></span> <span class='ocrx_word' id='word_1_19' title='bbox 669 493 928 550; x_wconf 78' lang='grc' dir='ltr'><em>ἀμφοτέρων</em></span> <span class='ocrx_word' id='word_1_20' title='bbox 957 495 1214 549; x_wconf 78' lang='grc' dir='ltr'><em>νομίζοντες.</em></span> <span class='ocrx_word' id='word_1_21' title='bbox 1265 491 1431 536; x_wconf 82' lang='grc' dir='ltr'><em>δοκέειν</em></span> <span class='ocrx_word' id='word_1_22' title='bbox 1461 490 1499 536; x_wconf 84' lang='grc' dir='ltr'>δ’</span> <span class='ocrx_word' id='word_1_23' title='bbox 1533 492 1649 546; x_wconf 81' lang='grc' dir='ltr'><em>ἐμοὶ,</em></span> <span class='ocrx_word' id='word_1_24' title='bbox 1697 494 1771 536; x_wconf 85' lang='grc' dir='ltr'>καὶ</span> <span class='ocrx_word' id='word_1_25' title='bbox 1813 499 1892 540; x_wconf 78' lang='grc'>124</span> 
     </span>
    </p>
   </div>
   <div class='ocr_carea' id='block_1_6' title="bbox 520 569 1824 628">
    <p class='ocr_par' dir='ltr' id='par_1_6' title="bbox 520 569 1824 628">
     <span class='ocr_line' id='line_1_6' title="bbox 520 569 1824 628; baseline -0.002 -12"><span class='ocrx_word' id='word_1_26' title='bbox 520 573 569 616; x_wconf 82' lang='grc' dir='ltr'>τὸ</span> <span class='ocrx_word' id='word_1_27' title='bbox 609 573 779 628; x_wconf 71' lang='grc' dir='ltr'><em>οὔνομα</em></span> <span class='ocrx_word' id='word_1_28' title='bbox 816 571 1048 628; x_wconf 76' lang='grc' dir='ltr'><em>Ἀμμώνιοι</em></span> <span class='ocrx_word' id='word_1_29' title='bbox 1094 569 1178 614; x_wconf 80' lang='grc' dir='ltr'>ἀπὸ</span> <span class='ocrx_word' id='word_1_30' title='bbox 1217 571 1344 614; x_wconf 86' lang='grc' dir='ltr'><em>τοῦδέ</em></span> <span class='ocrx_word' id='word_1_31' title='bbox 1384 583 1464 626; x_wconf 82' lang='grc' dir='ltr'>σφι</span> <span class='ocrx_word' id='word_1_32' title='bbox 1498 569 1576 625; x_wconf 87' lang='grc' dir='ltr'><em>τὴν</em></span> <span class='ocrx_word' id='word_1_33' title='bbox 1606 571 1824 614; x_wconf 78' lang='grc' dir='ltr'><em>ἐπωυυ-31</em></span> 
     </span>
    </p>
   </div>
   <div class='ocr_carea' id='block_1_7' title="bbox 522 649 1773 707">
    <p class='ocr_par' dir='ltr' id='par_1_7' title="bbox 522 649 1773 707">
     <span class='ocr_line' id='line_1_7' title="bbox 522 649 1773 707; baseline -0.001 -13"><span class='ocrx_word' id='word_1_34' title='bbox 522 653 624 707; x_wconf 81' lang='grc' dir='ltr'><em>μίην</em></span> <span class='ocrx_word' id='word_1_35' title='bbox 655 651 939 707; x_wconf 74' lang='grc' dir='ltr'><em>ἐποιήσαντο·</em></span> <span class='ocrx_word' id='word_1_36' title='bbox 994 650 1151 706; x_wconf 86' lang='grc' dir='ltr'><em>Ἀμοῦν</em></span> <span class='ocrx_word' id='word_1_37' title='bbox 1188 649 1270 706; x_wconf 80' lang='grc' dir='ltr'>γὰρ</span> <span class='ocrx_word' id='word_1_38' title='bbox 1301 649 1533 705; x_wconf 80' lang='grc' dir='ltr'><em>Αἰγύπτιοι</em></span> <span class='ocrx_word' id='word_1_39' title='bbox 1571 649 1773 693; x_wconf 86' lang='grc' dir='ltr'><em>καλέουσι</em></span> 
     </span>
    </p>
   </div>
   <div class='ocr_carea' id='block_1_8' title="bbox 465 845 1118 2909">
    <p class='ocr_par' dir='ltr' id='par_1_8' title="bbox 465 845 1118 2350">
     <span class='ocr_line' id='line_1_8' title="bbox 465 845 1116 897; baseline -0.002 -13"><span class='ocrx_word' id='word_1_40' title='bbox 465 847 645 895; x_wconf 86' lang='lat' dir='ltr'><strong>hodieque</strong></span> <span class='ocrx_word' id='word_1_41' title='bbox 668 849 832 897; x_wconf 81' lang='lat' dir='ltr'><strong>superest</strong></span> <span class='ocrx_word' id='word_1_42' title='bbox 851 846 887 882; x_wconf 90' lang='lat' dir='ltr'>in</span> <span class='ocrx_word' id='word_1_43' title='bbox 905 845 1116 883; x_wconf 84' lang='lat' dir='ltr'>Thebarum</span> 
     </span>
     <span class='ocr_line' id='line_1_9' title="bbox 466 903 1116 952; baseline -0.002 -13"><span class='ocrx_word' id='word_1_44' title='bbox 466 903 636 952; x_wconf 86' lang='lat' dir='ltr'>reliquiis,</span> <span class='ocrx_word' id='word_1_45' title='bbox 654 903 839 940; x_wconf 76' lang='lat' dir='ltr'>meridiem</span> <span class='ocrx_word' id='word_1_46' title='bbox 859 916 980 940; x_wconf 79' lang='lat' dir='ltr'>versus</span> <span class='ocrx_word' id='word_1_47' title='bbox 1000 915 1116 952; x_wconf 81' lang='lat' dir='ltr'>prope</span> 
     </span>
     <span class='ocr_line' id='line_1_10' title="bbox 466 959 1117 996; baseline -0.003 0"><span class='ocrx_word' id='word_1_48' title='bbox 466 959 630 996; x_wconf 78' lang='lat' dir='ltr'>Karnak.</span> <span class='ocrx_word' id='word_1_49' title='bbox 659 959 699 995; x_wconf 86' lang='lat' dir='ltr'>ln</span> <span class='ocrx_word' id='word_1_50' title='bbox 717 959 790 996; x_wconf 89' lang='lat' dir='ltr'>eius</span> <span class='ocrx_word' id='word_1_51' title='bbox 808 959 880 995; x_wconf 92' lang='lat' dir='ltr'>sani</span> <span class='ocrx_word' id='word_1_52' title='bbox 891 959 990 995; x_wconf 87' lang='lat' dir='ltr'>aditu</span> <span class='ocrx_word' id='word_1_53' title='bbox 1006 959 1117 994; x_wconf 90' lang='lat' dir='ltr'>utrin-</span> 
     </span>
     <span class='ocr_line' id='line_1_11' title="bbox 466 1014 1115 1064; baseline -0.002 -13"><span class='ocrx_word' id='word_1_54' title='bbox 466 1028 537 1064; x_wconf 92' lang='lat' dir='ltr'>que</span> <span class='ocrx_word' id='word_1_55' title='bbox 555 1014 661 1052; x_wconf 90' lang='lat' dir='ltr'>locati</span> <span class='ocrx_word' id='word_1_56' title='bbox 686 1019 788 1051; x_wconf 86' lang='lat' dir='ltr'>erant</span> <span class='ocrx_word' id='word_1_57' title='bbox 817 1016 946 1052; x_wconf 85' lang='lat' dir='ltr'>arietes</span> <span class='ocrx_word' id='word_1_58' title='bbox 973 1014 1115 1064; x_wconf 85' lang='lat' dir='ltr'><strong>plurimi</strong></span> 
     </span>
     <span class='ocr_line' id='line_1_12' title="bbox 467 1071 1118 1121; baseline -0.002 -14"><span class='ocrx_word' id='word_1_59' title='bbox 467 1084 510 1108; x_wconf 86' lang='lat' dir='ltr'>ex</span> <span class='ocrx_word' id='word_1_60' title='bbox 536 1071 664 1119; x_wconf 87' lang='lat' dir='ltr'>grandi</span> <span class='ocrx_word' id='word_1_61' title='bbox 695 1071 838 1121; x_wconf 81' lang='lat' dir='ltr'>lapide,</span> <span class='ocrx_word' id='word_1_62' title='bbox 869 1083 1020 1119; x_wconf 89' lang='lat' dir='ltr'>quorum</span> <span class='ocrx_word' id='word_1_63' title='bbox 1052 1071 1118 1106; x_wconf 92' lang='lat' dir='ltr'>ho-</span> 
     </span>
     <span class='ocr_line' id='line_1_13' title="bbox 467 1126 1116 1177; baseline 0 -15"><span class='ocrx_word' id='word_1_64' title='bbox 467 1127 599 1176; x_wconf 82' lang='lat' dir='ltr'>dieque</span> <span class='ocrx_word' id='word_1_65' title='bbox 630 1128 727 1163; x_wconf 82' lang='lat' dir='ltr'>haud</span> <span class='ocrx_word' id='word_1_66' title='bbox 763 1128 814 1163; x_wconf 88' lang='lat' dir='ltr'>ita</span> <span class='ocrx_word' id='word_1_67' title='bbox 846 1126 952 1177; x_wconf 85' lang='lat' dir='ltr'>pauci</span> <span class='ocrx_word' id='word_1_68' title='bbox 988 1126 1116 1175; x_wconf 82' lang='lat' dir='ltr'>reliqui</span> 
     </span>
     <span class='ocr_line' id='line_1_14' title="bbox 467 1183 1115 1233; baseline -0.002 -13"><span class='ocrx_word' id='word_1_69' title='bbox 467 1188 560 1220; x_wconf 83' lang='lat' dir='ltr'>sunt.</span> <span class='ocrx_word' id='word_1_70' title='bbox 607 1183 837 1221; x_wconf 88' lang='lat' dir='ltr'>Recumbunt</span> <span class='ocrx_word' id='word_1_71' title='bbox 856 1183 1050 1233; x_wconf 86' lang='lat' dir='ltr'>sphingum</span> <span class='ocrx_word' id='word_1_72' title='bbox 1079 1183 1115 1219; x_wconf 93' lang='lat' dir='ltr'>in</span> 
     </span>
     <span class='ocr_line' id='line_1_15' title="bbox 465 1242 1118 1288; baseline -0.002 -12"><span class='ocrx_word' id='word_1_73' title='bbox 465 1252 622 1287; x_wconf 84' lang='lat' dir='ltr'>morem,</span> <span class='ocrx_word' id='word_1_74' title='bbox 662 1242 830 1287; x_wconf 80' lang='lat' dir='ltr'>gerentes</span> <span class='ocrx_word' id='word_1_75' title='bbox 858 1243 942 1276; x_wconf 80' lang='lat' dir='ltr'>ante</span> <span class='ocrx_word' id='word_1_76' title='bbox 970 1242 1118 1288; x_wconf 81' lang='lat' dir='ltr'>pectora</span> 
     </span>
     <span class='ocr_line' id='line_1_16' title="bbox 467 1295 1116 1345; baseline -0.003 -13"><span class='ocrx_word' id='word_1_77' title='bbox 467 1295 526 1332; x_wconf 87' lang='lat' dir='ltr'>dei</span> <span class='ocrx_word' id='word_1_78' title='bbox 565 1295 833 1345; x_wconf 80' lang='lat' dir='ltr'>anaglyphum,</span> <span class='ocrx_word' id='word_1_79' title='bbox 878 1295 915 1331; x_wconf 89' lang='lat' dir='ltr'>in</span> <span class='ocrx_word' id='word_1_80' title='bbox 952 1295 1116 1331; x_wconf 84' lang='lat' dir='ltr'>manibus</span> 
     </span>
     <span class='ocr_line' id='line_1_17' title="bbox 465 1351 1118 1389; baseline -0.003 -1"><span class='ocrx_word' id='word_1_81' title='bbox 465 1356 622 1389; x_wconf 85' lang='lat' dir='ltr'>tesseras</span> <span class='ocrx_word' id='word_1_82' title='bbox 659 1364 790 1388; x_wconf 87' lang='lat' dir='ltr'>sacras.</span> <span class='ocrx_word' id='word_1_83' title='bbox 848 1351 985 1388; x_wconf 86' lang='lat' dir='ltr'>Ibidem</span> <span class='ocrx_word' id='word_1_84' title='bbox 1032 1355 1118 1387; x_wconf 88' lang='lat' dir='ltr'>ante</span> 
     </span>
     <span class='ocr_line' id='line_1_18' title="bbox 466 1406 1118 1457; baseline -0.002 -14"><span class='ocrx_word' id='word_1_85' title='bbox 466 1420 637 1455; x_wconf 83' lang='lat' dir='ltr'>magnum</span> <span class='ocrx_word' id='word_1_86' title='bbox 709 1406 881 1456; x_wconf 79' lang='lat' dir='ltr'>palatium</span> <span class='ocrx_word' id='word_1_87' title='bbox 953 1411 1118 1457; x_wconf 86' lang='lat' dir='ltr'>superest</span> 
     </span>
     <span class='ocr_line' id='line_1_19' title="bbox 467 1461 1117 1513; baseline -0.003 -14"><span class='ocrx_word' id='word_1_88' title='bbox 467 1464 659 1513; x_wconf 87' lang='lat' dir='ltr'>sphingum</span> <span class='ocrx_word' id='word_1_89' title='bbox 695 1475 809 1510; x_wconf 90' lang='lat' dir='ltr'>genus</span> <span class='ocrx_word' id='word_1_90' title='bbox 859 1463 1019 1510; x_wconf 81' lang='lat' dir='ltr'>grande,</span> <span class='ocrx_word' id='word_1_91' title='bbox 1066 1461 1117 1498; x_wconf 87' lang='lat' dir='ltr'>ita</span> 
     </span>
     <span class='ocr_line' id='line_1_20' title="bbox 467 1518 1117 1568; baseline -0.006 -12"><span class='ocrx_word' id='word_1_92' title='bbox 467 1519 765 1568; x_wconf 86' lang='lat' dir='ltr'>compositarum,</span> <span class='ocrx_word' id='word_1_93' title='bbox 795 1522 835 1554; x_wconf 91' lang='lat' dir='ltr'>ut</span> <span class='ocrx_word' id='word_1_94' title='bbox 861 1518 1004 1554; x_wconf 89' lang='lat' dir='ltr'>leonino</span> <span class='ocrx_word' id='word_1_95' title='bbox 1036 1529 1117 1553; x_wconf 90' lang='lat' dir='ltr'>cor-</span> 
     </span>
     <span class='ocr_line' id='line_1_21' title="bbox 467 1573 1116 1624; baseline 0 -15"><span class='ocrx_word' id='word_1_96' title='bbox 467 1575 548 1624; x_wconf 85' lang='lat' dir='ltr'>pori</span> <span class='ocrx_word' id='word_1_97' title='bbox 573 1574 782 1624; x_wconf 82' lang='lat' dir='ltr'>impositum</span> <span class='ocrx_word' id='word_1_98' title='bbox 813 1575 857 1610; x_wconf 90' lang='lat' dir='ltr'>sit</span> <span class='ocrx_word' id='word_1_99' title='bbox 891 1578 998 1623; x_wconf 86' lang='lat' dir='ltr'>caput</span> <span class='ocrx_word' id='word_1_100' title='bbox 1023 1573 1116 1609; x_wconf 89' lang='lat' dir='ltr'>arie-</span> 
     </span>
     <span class='ocr_line' id='line_1_22' title="bbox 467 1628 1115 1678; baseline 0.008 -12"><span class='ocrx_word' id='word_1_101' title='bbox 467 1631 524 1667; x_wconf 85' lang='lat' dir='ltr'>tis.</span> <span class='ocrx_word' id='word_1_102' title='bbox 554 1629 637 1667; x_wconf 77' lang='lat' dir='ltr'>vid.</span> <span class='ocrx_word' id='word_1_103' title='bbox 659 1630 746 1666; x_wconf 87' lang='lat' dir='ltr'>ibid.</span> <span class='ocrx_word' id='word_1_104' title='bbox 765 1642 801 1678; x_wconf 90' lang='lat' dir='ltr'>p.</span> <span class='ocrx_word' id='word_1_105' title='bbox 821 1631 914 1671; x_wconf 77' lang='lat'>207.</span> <span class='ocrx_word' id='word_1_106' title='bbox 937 1628 1031 1670; x_wconf 81' lang='lat'>254.</span> <span class='ocrx_word' id='word_1_107' title='bbox 1072 1628 1115 1665; x_wconf 87' lang='lat' dir='ltr'>In</span> 
     </span>
     <span class='ocr_line' id='line_1_23' title="bbox 468 1684 1115 1735; baseline -0.003 -13"><span class='ocrx_word' id='word_1_108' title='bbox 468 1686 598 1735; x_wconf 90' lang='lat' dir='ltr'>quibus</span> <span class='ocrx_word' id='word_1_109' title='bbox 619 1685 789 1734; x_wconf 72' lang='lat' dir='ltr'>symbolis</span> <span class='ocrx_word' id='word_1_110' title='bbox 811 1685 918 1722; x_wconf 90' lang='lat' dir='ltr'>iidem</span> <span class='ocrx_word' id='word_1_111' title='bbox 936 1685 1001 1721; x_wconf 76' lang='lat' dir='ltr'>viri</span> <span class='ocrx_word' id='word_1_112' title='bbox 1017 1684 1115 1720; x_wconf 91' lang='lat' dir='ltr'>docti</span> 
     </span>
     <span class='ocr_line' id='line_1_24' title="bbox 468 1740 1115 1786; baseline -0.006 -7"><span class='ocrx_word' id='word_1_113' title='bbox 468 1754 547 1779; x_wconf 85' lang='lat' dir='ltr'>eam</span> <span class='ocrx_word' id='word_1_114' title='bbox 578 1741 791 1778; x_wconf 81' lang='lat' dir='ltr'>sententiam</span> <span class='ocrx_word' id='word_1_115' title='bbox 829 1741 945 1778; x_wconf 88' lang='lat' dir='ltr'>inesse</span> <span class='ocrx_word' id='word_1_116' title='bbox 980 1740 1115 1786; x_wconf 81' lang='lat' dir='ltr'>volunt,</span> 
     </span>
     <span class='ocr_line' id='line_1_25' title="bbox 467 1796 1115 1843; baseline -0.003 -10"><span class='ocrx_word' id='word_1_117' title='bbox 467 1802 506 1833; x_wconf 90' lang='lat' dir='ltr'>ut</span> <span class='ocrx_word' id='word_1_118' title='bbox 523 1797 606 1833; x_wconf 89' lang='lat' dir='ltr'>solis</span> <span class='ocrx_word' id='word_1_119' title='bbox 626 1796 839 1833; x_wconf 77' lang='lat' dir='ltr'>domicilium</span> <span class='ocrx_word' id='word_1_120' title='bbox 854 1797 889 1831; x_wconf 87' lang='lat' dir='ltr'>in</span> <span class='ocrx_word' id='word_1_121' title='bbox 907 1796 1011 1843; x_wconf 83' lang='lat' dir='ltr'>signo</span> <span class='ocrx_word' id='word_1_122' title='bbox 1023 1796 1115 1832; x_wconf 88' lang='lat' dir='ltr'>arie—</span> 
     </span>
     <span class='ocr_line' id='line_1_26' title="bbox 468 1851 1116 1902; baseline -0.003 -13"><span class='ocrx_word' id='word_1_123' title='bbox 468 1853 513 1890; x_wconf 87' lang='lat' dir='ltr'>tis</span> <span class='ocrx_word' id='word_1_124' title='bbox 534 1853 765 1902; x_wconf 82' lang='lat' dir='ltr'>significetur.</span> <span class='ocrx_word' id='word_1_125' title='bbox 800 1851 880 1888; x_wconf 90' lang='lat' dir='ltr'>Nec</span> <span class='ocrx_word' id='word_1_126' title='bbox 904 1852 1020 1888; x_wconf 87' lang='lat' dir='ltr'>minus</span> <span class='ocrx_word' id='word_1_127' title='bbox 1039 1864 1116 1888; x_wconf 85' lang='lat' dir='ltr'>rna-</span> 
     </span>
     <span class='ocr_line' id='line_1_27' title="bbox 468 1906 1114 1958; baseline -0.003 -13"><span class='ocrx_word' id='word_1_128' title='bbox 468 1922 577 1957; x_wconf 80' lang='lat' dir='ltr'>gnuni</span> <span class='ocrx_word' id='word_1_129' title='bbox 596 1907 767 1958; x_wconf 86' lang='lat' dir='ltr'>templum</span> <span class='ocrx_word' id='word_1_130' title='bbox 784 1906 956 1957; x_wconf 87' lang='lat' dir='ltr'>Latopoli</span> <span class='ocrx_word' id='word_1_131' title='bbox 978 1908 1114 1956; x_wconf 83' lang='lat' dir='ltr'>(Esne)</span> 
     </span>
     <span class='ocr_line' id='line_1_28' title="bbox 467 1963 1115 2002; baseline 0 -1"><span class='ocrx_word' id='word_1_132' title='bbox 467 1965 647 2002; x_wconf 86' lang='lat' dir='ltr'>residuum</span> <span class='ocrx_word' id='word_1_133' title='bbox 672 1964 765 2000; x_wconf 72' lang='lat' dir='ltr'>Iovis</span> <span class='ocrx_word' id='word_1_134' title='bbox 789 1963 975 2000; x_wconf 85' lang='lat' dir='ltr'>Ammonis</span> <span class='ocrx_word' id='word_1_135' title='bbox 1007 1964 1115 2001; x_wconf 75' lang='lat' dir='ltr'>fuisse</span> 
     </span>
     <span class='ocr_line' id='line_1_29' title="bbox 468 2019 1118 2071; baseline -0.003 -14"><span class='ocrx_word' id='word_1_136' title='bbox 468 2021 702 2071; x_wconf 88' lang='lat' dir='ltr'>suspicantur.</span> <span class='ocrx_word' id='word_1_137' title='bbox 759 2019 813 2056; x_wconf 91' lang='lat' dir='ltr'>Ac</span> <span class='ocrx_word' id='word_1_138' title='bbox 844 2020 1118 2070; x_wconf 79' lang='lat' dir='ltr'>frequentantur</span> 
     </span>
     <span class='ocr_line' id='line_1_30' title="bbox 467 2075 1115 2124; baseline -0.002 -12"><span class='ocrx_word' id='word_1_139' title='bbox 467 2077 504 2113; x_wconf 91' lang='lat' dir='ltr'>in</span> <span class='ocrx_word' id='word_1_140' title='bbox 526 2090 568 2114; x_wconf 94' lang='lat' dir='ltr'>eo</span> <span class='ocrx_word' id='word_1_141' title='bbox 588 2077 663 2114; x_wconf 92' lang='lat' dir='ltr'>eius</span> <span class='ocrx_word' id='word_1_142' title='bbox 683 2076 742 2113; x_wconf 89' lang='lat' dir='ltr'>dei</span> <span class='ocrx_word' id='word_1_143' title='bbox 764 2075 953 2124; x_wconf 86' lang='lat' dir='ltr'>imagines,</span> <span class='ocrx_word' id='word_1_144' title='bbox 969 2089 1036 2113; x_wconf 90' lang='lat' dir='ltr'>nec</span> <span class='ocrx_word' id='word_1_145' title='bbox 1051 2076 1115 2112; x_wconf 90' lang='lat' dir='ltr'>mi-</span> 
     </span>
     <span class='ocr_line' id='line_1_31' title="bbox 467 2132 1114 2182; baseline 0 -13"><span class='ocrx_word' id='word_1_146' title='bbox 467 2146 535 2169; x_wconf 90' lang='lat' dir='ltr'>nus</span> <span class='ocrx_word' id='word_1_147' title='bbox 560 2133 732 2181; x_wconf 76' lang='lat' dir='ltr'>imagines</span> <span class='ocrx_word' id='word_1_148' title='bbox 763 2132 926 2182; x_wconf 82' lang='lat' dir='ltr'>sphingis</span> <span class='ocrx_word' id='word_1_149' title='bbox 952 2132 1114 2179; x_wconf 75' lang='lat' dir='ltr'>virgineo</span> 
     </span>
     <span class='ocr_line' id='line_1_32' title="bbox 468 2187 1114 2239; baseline -0.005 -13"><span class='ocrx_word' id='word_1_150' title='bbox 468 2189 584 2239; x_wconf 87' lang='lat' dir='ltr'>capite</span> <span class='ocrx_word' id='word_1_151' title='bbox 600 2189 803 2235; x_wconf 82' lang='lat' dir='ltr'>insignitae.</span> <span class='ocrx_word' id='word_1_152' title='bbox 822 2188 903 2224; x_wconf 84' lang='lat' dir='ltr'>vid.</span> <span class='ocrx_word' id='word_1_153' title='bbox 916 2189 1002 2224; x_wconf 87' lang='lat' dir='ltr'>ibid.</span> <span class='ocrx_word' id='word_1_154' title='bbox 1015 2187 1082 2223; x_wconf 85' lang='lat' dir='ltr'>vol.</span> <span class='ocrx_word' id='word_1_155' title='bbox 1100 2188 1114 2224; x_wconf 99' lang='grc' dir='ltr'>Ι</span> 
     </span>
     <span class='ocr_line' id='line_1_33' title="bbox 468 2244 1113 2295; baseline -0.002 -14"><span class='ocrx_word' id='word_1_156' title='bbox 468 2258 522 2294; x_wconf 87' lang='lat' dir='ltr'>cp.</span> <span class='ocrx_word' id='word_1_157' title='bbox 548 2248 598 2285; x_wconf 89' lang='lat'>10</span> <span class='ocrx_word' id='word_1_158' title='bbox 619 2258 654 2295; x_wconf 90' lang='lat' dir='ltr'>p.</span> <span class='ocrx_word' id='word_1_159' title='bbox 672 2245 741 2284; x_wconf 82' lang='lat'>7.“</span> <span class='ocrx_word' id='word_1_160' title='bbox 781 2244 952 2282; x_wconf 87' lang='lat' dir='ltr'>Creuzer.</span> <span class='ocrx_word' id='word_1_161' title='bbox 972 2245 1113 2281; x_wconf 88' lang='lat' dir='ltr'>Comm.</span> 
     </span>
     <span class='ocr_line' id='line_1_34' title="bbox 467 2300 872 2350; baseline -0.005 -13"><span class='ocrx_word' id='word_1_162' title='bbox 467 2300 631 2337; x_wconf 84' lang='lat' dir='ltr'>Herodd.</span> <span class='ocrx_word' id='word_1_163' title='bbox 647 2314 683 2350; x_wconf 93' lang='lat' dir='ltr'>p.</span> <span class='ocrx_word' id='word_1_164' title='bbox 704 2302 781 2340; x_wconf 85' lang='lat'>161</span> <span class='ocrx_word' id='word_1_165' title='bbox 800 2305 872 2337; x_wconf 86' lang='lat' dir='ltr'>not.</span> 
     </span>
    </p>

    <p class='ocr_par' dir='ltr' id='par_1_9' title="bbox 468 2351 1113 2909">
     <span class='ocr_line' id='line_1_35' title="bbox 505 2351 1113 2408; baseline -0.003 -13"><span class='ocrx_word' id='word_1_166' title='bbox 505 2351 729 2407; x_wconf 76' lang='grc' dir='ltr'><em>Ἀμμώνιοι,</em></span> <span class='ocrx_word' id='word_1_167' title='bbox 742 2351 874 2402; x_wconf 82' lang='grc' dir='ltr'><em>ἐόντες</em></span> <span class='ocrx_word' id='word_1_168' title='bbox 884 2354 1113 2408; x_wconf 77' lang='grc' dir='ltr'><em>Αἰγυπτίων</em></span> 
     </span>
     <span class='ocr_line' id='line_1_36' title="bbox 468 2407 1111 2451; baseline -0.003 0"><span class='ocrx_word' id='word_1_169' title='bbox 468 2426 507 2451; x_wconf 86' lang='grc' dir='ltr'>τε</span> <span class='ocrx_word' id='word_1_170' title='bbox 525 2411 591 2451; x_wconf 81' lang='grc' dir='ltr'>καὶ</span> <span class='ocrx_word' id='word_1_171' title='bbox 613 2407 830 2451; x_wconf 79' lang='grc' dir='ltr'><em>Αἰθιόπων</em></span> <span class='ocrx_word' id='word_1_172' title='bbox 847 2409 1008 2451; x_wconf 67' lang='grc' dir='ltr'><em>ἄποικοι</em></span> <span class='ocrx_word' id='word_1_173' title='bbox 1027 2427 1062 2450; x_wconf 85' lang='grc' dir='ltr'>κ.</span> <span class='ocrx_word' id='word_1_174' title='bbox 1080 2426 1111 2449; x_wconf 84' lang='grc' dir='ltr'>τ.</span> 
     </span>
     <span class='ocr_line' id='line_1_37' title="bbox 469 2467 1113 2519; baseline -0.003 -13"><span class='ocrx_word' id='word_1_175' title='bbox 469 2467 519 2519; x_wconf 80' lang='grc' dir='ltr'>λ.]</span> <span class='ocrx_word' id='word_1_176' title='bbox 539 2468 762 2518; x_wconf 77' lang='lat' dir='ltr'>Anaglyphis</span> <span class='ocrx_word' id='word_1_177' title='bbox 774 2468 861 2506; x_wconf 84' lang='lat' dir='ltr'>haec</span> <span class='ocrx_word' id='word_1_178' title='bbox 876 2468 1020 2519; x_wconf 86' lang='lat' dir='ltr'>probari</span> <span class='ocrx_word' id='word_1_179' title='bbox 1031 2480 1113 2506; x_wconf 90' lang='lat' dir='ltr'>cen-</span> 
     </span>
     <span class='ocr_line' id='line_1_38' title="bbox 470 2524 1113 2574; baseline 0 -13"><span class='ocrx_word' id='word_1_180' title='bbox 470 2530 523 2563; x_wconf 83' lang='lat' dir='ltr'>set</span> <span class='ocrx_word' id='word_1_181' title='bbox 538 2525 632 2562; x_wconf 84' lang='lat' dir='ltr'>Hirt.</span> <span class='ocrx_word' id='word_1_182' title='bbox 656 2525 677 2561; x_wconf 88' lang='lat' dir='ltr'>l.</span> <span class='ocrx_word' id='word_1_183' title='bbox 698 2524 719 2560; x_wconf 94' lang='lat' dir='ltr'>l.</span> <span class='ocrx_word' id='word_1_184' title='bbox 739 2537 822 2574; x_wconf 84' lang='lat' dir='ltr'>pag.</span> <span class='ocrx_word' id='word_1_185' title='bbox 845 2527 935 2566; x_wconf 77' lang='lat'>126.</span> <span class='ocrx_word' id='word_1_186' title='bbox 967 2524 1113 2574; x_wconf 85' lang='lat' dir='ltr'>Quippe</span> 
     </span>
     <span class='ocr_line' id='line_1_39' title="bbox 469 2580 1112 2630; baseline -0.002 -13"><span class='ocrx_word' id='word_1_187' title='bbox 469 2581 566 2630; x_wconf 85' lang='lat' dir='ltr'>apud</span> <span class='ocrx_word' id='word_1_188' title='bbox 581 2580 788 2617; x_wconf 86' lang='lat' dir='ltr'>Ammonios</span> <span class='ocrx_word' id='word_1_189' title='bbox 817 2593 962 2629; x_wconf 89' lang='lat' dir='ltr'>quoque</span> <span class='ocrx_word' id='word_1_190' title='bbox 986 2592 1112 2616; x_wconf 81' lang='lat' dir='ltr'>navem</span> 
     </span>
     <span class='ocr_line' id='line_1_40' title="bbox 471 2636 1111 2686; baseline -0.003 -13"><span class='ocrx_word' id='word_1_191' title='bbox 471 2649 604 2673; x_wconf 87' lang='lat' dir='ltr'>sacram</span> <span class='ocrx_word' id='word_1_192' title='bbox 622 2636 791 2686; x_wconf 85' lang='lat' dir='ltr'>reperiri,</span> <span class='ocrx_word' id='word_1_193' title='bbox 822 2649 915 2685; x_wconf 83' lang='lat' dir='ltr'>quae</span> <span class='ocrx_word' id='word_1_194' title='bbox 943 2648 1015 2672; x_wconf 90' lang='lat' dir='ltr'>non</span> <span class='ocrx_word' id='word_1_195' title='bbox 1046 2636 1111 2672; x_wconf 82' lang='lat' dir='ltr'>nisi</span> 
     </span>
     <span class='ocr_line' id='line_1_41' title="bbox 471 2691 1112 2742; baseline -0.002 -14"><span class='ocrx_word' id='word_1_196' title='bbox 471 2704 492 2728; x_wconf 91' lang='lat' dir='ltr'>e</span> <span class='ocrx_word' id='word_1_197' title='bbox 516 2691 655 2729; x_wconf 85' lang='lat' dir='ltr'>Thebis</span> <span class='ocrx_word' id='word_1_198' title='bbox 686 2691 767 2728; x_wconf 82' lang='lat' dir='ltr'>illuc</span> <span class='ocrx_word' id='word_1_199' title='bbox 798 2693 917 2729; x_wconf 83' lang='lat' dir='ltr'>afferri</span> <span class='ocrx_word' id='word_1_200' title='bbox 945 2692 1112 2742; x_wconf 85' lang='lat' dir='ltr'>potuerit.</span> 
     </span>
     <span class='ocr_line' id='line_1_42' title="bbox 471 2745 1113 2785; baseline 0.005 -4"><span class='ocrx_word' id='word_1_201' title='bbox 471 2745 526 2782; x_wconf 86' lang='lat' dir='ltr'>Ex</span> <span class='ocrx_word' id='word_1_202' title='bbox 536 2747 712 2784; x_wconf 78' lang='lat' dir='ltr'>Herodoti</span> <span class='ocrx_word' id='word_1_203' title='bbox 732 2752 850 2784; x_wconf 87' lang='lat' dir='ltr'>autem</span> <span class='ocrx_word' id='word_1_204' title='bbox 868 2747 945 2785; x_wconf 87' lang='lat' dir='ltr'>loeo</span> <span class='ocrx_word' id='word_1_205' title='bbox 958 2747 1025 2784; x_wconf 91' lang='lat' dir='ltr'>hoc</span> <span class='ocrx_word' id='word_1_206' title='bbox 1040 2748 1113 2785; x_wconf 87' lang='lat' dir='ltr'>col-</span> 
     </span>
     <span class='ocr_line' id='line_1_43' title="bbox 472 2800 1111 2850; baseline 0.014 -15"><span class='ocrx_word' id='word_1_207' title='bbox 472 2800 548 2848; x_wconf 87' lang='lat' dir='ltr'>ligit</span> <span class='ocrx_word' id='word_1_208' title='bbox 566 2803 720 2840; x_wconf 87' lang='lat' dir='ltr'>Heeren.</span> <span class='ocrx_word' id='word_1_209' title='bbox 752 2803 881 2850; x_wconf 83' lang='lat' dir='ltr'>(ldeen</span> <span class='ocrx_word' id='word_1_210' title='bbox 909 2808 973 2841; x_wconf 88' lang='lat' dir='ltr'>etc.</span> <span class='ocrx_word' id='word_1_211' title='bbox 1003 2802 1056 2850; x_wconf 88' lang='grc' dir='ltr'>ΙΙ,</span> <span class='ocrx_word' id='word_1_212' title='bbox 1085 2807 1111 2844; x_wconf 80' lang='lat'><strong>2</strong></span> 
     </span>
     <span class='ocr_line' id='line_1_44' title="bbox 472 2859 1112 2909; baseline 0.008 -18"><span class='ocrx_word' id='word_1_213' title='bbox 472 2868 555 2905; x_wconf 84' lang='lat' dir='ltr'>pag.</span> <span class='ocrx_word' id='word_1_214' title='bbox 575 2859 655 2901; x_wconf 82' lang='grc'>93)</span> <span class='ocrx_word' id='word_1_215' title='bbox 684 2871 788 2895; x_wconf 89' lang='lat' dir='ltr'>unam</span> <span class='ocrx_word' id='word_1_216' title='bbox 817 2860 980 2909; x_wconf 87' lang='lat' dir='ltr'>primitus</span> <span class='ocrx_word' id='word_1_217' title='bbox 1003 2860 1112 2898; x_wconf 90' lang='lat' dir='ltr'>videri</span> 
     </span>
    </p>
   </div>
   <div class='ocr_carea' id='block_1_9' title="bbox 1179 841 1832 2913">
    <p class='ocr_par' dir='ltr' id='par_1_10' title="bbox 1179 841 1832 2518">
     <span class='ocr_line' id='line_1_45' title="bbox 1182 841 1830 895; baseline -0.005 -12"><span class='ocrx_word' id='word_1_218' title='bbox 1182 846 1292 883; x_wconf 81' lang='lat' dir='ltr'>fuisse</span> <span class='ocrx_word' id='word_1_219' title='bbox 1312 843 1557 895; x_wconf 81' lang='lat' dir='ltr'>Aethiopicam</span> <span class='ocrx_word' id='word_1_220' title='bbox 1578 846 1687 893; x_wconf 89' lang='lat' dir='ltr'>atque</span> <span class='ocrx_word' id='word_1_221' title='bbox 1706 841 1830 893; x_wconf 83' lang='lat' dir='ltr'>Aegy-</span> 
     </span>
     <span class='ocr_line' id='line_1_46' title="bbox 1181 902 1829 953; baseline -0.005 -15"><span class='ocrx_word' id='word_1_222' title='bbox 1181 903 1338 953; x_wconf 82' lang='lat' dir='ltr'>ptiacam</span> <span class='ocrx_word' id='word_1_223' title='bbox 1357 902 1535 950; x_wconf 79' lang='lat' dir='ltr'>linguam,</span> <span class='ocrx_word' id='word_1_224' title='bbox 1565 904 1627 936; x_wconf 86' lang='lat' dir='ltr'>aut</span> <span class='ocrx_word' id='word_1_225' title='bbox 1647 904 1742 938; x_wconf 91' lang='lat' dir='ltr'>certe</span> <span class='ocrx_word' id='word_1_226' title='bbox 1769 913 1829 936; x_wconf 86' lang='lat' dir='ltr'>co-</span> 
     </span>
     <span class='ocr_line' id='line_1_47' title="bbox 1182 956 1829 1007; baseline -0.005 -12"><span class='ocrx_word' id='word_1_227' title='bbox 1182 962 1343 1007; x_wconf 85' lang='lat' dir='ltr'>gnatam,</span> <span class='ocrx_word' id='word_1_228' title='bbox 1373 971 1414 995; x_wconf 64' lang='lat' dir='ltr'>ex’</span> <span class='ocrx_word' id='word_1_229' title='bbox 1436 970 1506 993; x_wconf 92' lang='lat' dir='ltr'>uno</span> <span class='ocrx_word' id='word_1_230' title='bbox 1528 956 1728 1005; x_wconf 86' lang='lat' dir='ltr'>eodemque</span> <span class='ocrx_word' id='word_1_231' title='bbox 1748 957 1829 993; x_wconf 88' lang='lat' dir='ltr'>fon-</span> 
     </span>
     <span class='ocr_line' id='line_1_48' title="bbox 1182 1012 1830 1052; baseline -0.005 0"><span class='ocrx_word' id='word_1_232' title='bbox 1182 1019 1220 1052; x_wconf 87' lang='lat' dir='ltr'>te</span> <span class='ocrx_word' id='word_1_233' title='bbox 1247 1014 1449 1050; x_wconf 81' lang='lat' dir='ltr'>deductam.</span> <span class='ocrx_word' id='word_1_234' title='bbox 1488 1012 1715 1050; x_wconf 84' lang='lat' dir='ltr'>Documento</span> <span class='ocrx_word' id='word_1_235' title='bbox 1746 1017 1830 1049; x_wconf 89' lang='lat' dir='ltr'>sunt</span> 
     </span>
     <span class='ocr_line' id='line_1_49' title="bbox 1182 1068 1828 1120; baseline -0.005 -13"><span class='ocrx_word' id='word_1_236' title='bbox 1182 1069 1339 1120; x_wconf 86' lang='lat' dir='ltr'>templa,</span> <span class='ocrx_word' id='word_1_237' title='bbox 1377 1073 1486 1106; x_wconf 87' lang='lat' dir='ltr'>notae</span> <span class='ocrx_word' id='word_1_238' title='bbox 1520 1068 1828 1118; x_wconf 76' lang='lat' dir='ltr'>hieroglyphicae‚</span> 
     </span>
     <span class='ocr_line' id='line_1_50' title="bbox 1182 1123 1832 1176; baseline -0.006 -13"><span class='ocrx_word' id='word_1_239' title='bbox 1182 1125 1392 1176; x_wconf 73' lang='lat' dir='ltr'>anaglypha</span> <span class='ocrx_word' id='word_1_240' title='bbox 1421 1125 1457 1161; x_wconf 91' lang='lat' dir='ltr'>in</span> <span class='ocrx_word' id='word_1_241' title='bbox 1477 1123 1689 1175; x_wconf 85' lang='lat' dir='ltr'>Aethiopiae</span> <span class='ocrx_word' id='word_1_242' title='bbox 1711 1125 1832 1172; x_wconf 89' lang='lat' dir='ltr'>regio-</span> 
     </span>
     <span class='ocr_line' id='line_1_51' title="bbox 1183 1179 1832 1231; baseline -0.006 -12"><span class='ocrx_word' id='word_1_243' title='bbox 1183 1183 1287 1220; x_wconf 90' lang='lat' dir='ltr'>nibus</span> <span class='ocrx_word' id='word_1_244' title='bbox 1300 1210 1310 1228; x_wconf 88' lang='lat'>,</span> <span class='ocrx_word' id='word_1_245' title='bbox 1329 1194 1423 1231; x_wconf 89' lang='lat' dir='ltr'>quae</span> <span class='ocrx_word' id='word_1_246' title='bbox 1441 1193 1556 1230; x_wconf 89' lang='lat' dir='ltr'>nuper</span> <span class='ocrx_word' id='word_1_247' title='bbox 1571 1179 1764 1229; x_wconf 77' lang='lat' dir='ltr'>Aegyptiis</span> <span class='ocrx_word' id='word_1_248' title='bbox 1783 1180 1832 1216; x_wconf 89' lang='lat' dir='ltr'>si-</span> 
     </span>
     <span class='ocr_line' id='line_1_52' title="bbox 1183 1236 1831 1276; baseline -0.005 -1"><span class='ocrx_word' id='word_1_249' title='bbox 1183 1239 1328 1276; x_wconf 89' lang='lat' dir='ltr'>millima</span> <span class='ocrx_word' id='word_1_250' title='bbox 1347 1239 1494 1275; x_wconf 84' lang='lat' dir='ltr'>inventa</span> <span class='ocrx_word' id='word_1_251' title='bbox 1512 1241 1605 1273; x_wconf 86' lang='lat' dir='ltr'>sunt.</span> <span class='ocrx_word' id='word_1_252' title='bbox 1621 1236 1728 1273; x_wconf 83' lang='lat' dir='ltr'>Cous.</span> <span class='ocrx_word' id='word_1_253' title='bbox 1739 1240 1831 1273; x_wconf 87' lang='lat' dir='ltr'>nott.</span> 
     </span>
     <span class='ocr_line' id='line_1_53' title="bbox 1183 1291 1831 1341; baseline -0.003 -10"><span class='ocrx_word' id='word_1_254' title='bbox 1183 1296 1232 1332; x_wconf 84' lang='lat' dir='ltr'>ad</span> <span class='ocrx_word' id='word_1_255' title='bbox 1246 1294 1292 1341; x_wconf 85' lang='grc' dir='ltr'>ΙΙ,</span> <span class='ocrx_word' id='word_1_256' title='bbox 1312 1297 1376 1335; x_wconf 77' lang='lat'>29.</span> <span class='ocrx_word' id='word_1_257' title='bbox 1422 1294 1474 1330; x_wconf 89' lang='lat' dir='ltr'>Ac</span> <span class='ocrx_word' id='word_1_258' title='bbox 1493 1296 1646 1330; x_wconf 88' lang='lat' dir='ltr'>testatur</span> <span class='ocrx_word' id='word_1_259' title='bbox 1661 1291 1831 1330; x_wconf 89' lang='lat' dir='ltr'>recentis-</span> 
     </span>
     <span class='ocr_line' id='line_1_54' title="bbox 1184 1347 1831 1400; baseline -0.006 -12"><span class='ocrx_word' id='word_1_260' title='bbox 1184 1352 1294 1388; x_wconf 89' lang='lat' dir='ltr'>simus</span> <span class='ocrx_word' id='word_1_261' title='bbox 1313 1350 1565 1400; x_wconf 84' lang='lat' dir='ltr'>peregrinator</span> <span class='ocrx_word' id='word_1_262' title='bbox 1593 1349 1640 1386; x_wconf 92' lang='lat' dir='ltr'>de</span> <span class='ocrx_word' id='word_1_263' title='bbox 1661 1347 1831 1384; x_wconf 87' lang='lat' dir='ltr'>Minutoli</span> 
     </span>
     <span class='ocr_line' id='line_1_55' title="bbox 1184 1403 1830 1454; baseline -0.006 -11"><span class='ocrx_word' id='word_1_264' title='bbox 1184 1407 1316 1454; x_wconf 88' lang='lat' dir='ltr'>(Reise</span> <span class='ocrx_word' id='word_1_265' title='bbox 1344 1419 1426 1442; x_wconf 91' lang='lat' dir='ltr'>zum</span> <span class='ocrx_word' id='word_1_266' title='bbox 1454 1404 1610 1454; x_wconf 87' lang='lat' dir='ltr'>Tempel</span> <span class='ocrx_word' id='word_1_267' title='bbox 1627 1408 1694 1441; x_wconf 87' lang='lat' dir='ltr'>etc.</span> <span class='ocrx_word' id='word_1_268' title='bbox 1720 1417 1757 1454; x_wconf 90' lang='lat' dir='ltr'>p.</span> <span class='ocrx_word' id='word_1_269' title='bbox 1775 1403 1830 1444; x_wconf 83' lang='lat'>94</span> 
     </span>
     <span class='ocr_line' id='line_1_56' title="bbox 1185 1460 1828 1509; baseline -0.005 -10"><span class='ocrx_word' id='word_1_270' title='bbox 1185 1467 1221 1499; x_wconf 91' lang='lat' dir='ltr'>et</span> <span class='ocrx_word' id='word_1_271' title='bbox 1262 1461 1471 1509; x_wconf 56' lang='lat' dir='ltr'>Nachtrkige</span> <span class='ocrx_word' id='word_1_272' title='bbox 1513 1472 1578 1496; x_wconf 91' lang='lat' dir='ltr'>zur</span> <span class='ocrx_word' id='word_1_273' title='bbox 1616 1460 1726 1497; x_wconf 87' lang='lat' dir='ltr'>Reise</span> <span class='ocrx_word' id='word_1_274' title='bbox 1760 1463 1828 1497; x_wconf 89' lang='lat' dir='ltr'>etc.</span> 
     </span>
     <span class='ocr_line' id='line_1_57' title="bbox 1182 1514 1832 1568; baseline -0.003 -14"><span class='ocrx_word' id='word_1_275' title='bbox 1182 1530 1267 1568; x_wconf 87' lang='lat' dir='ltr'>pag.</span> <span class='ocrx_word' id='word_1_276' title='bbox 1291 1519 1388 1564; x_wconf 87' lang='lat'>106)</span> <span class='ocrx_word' id='word_1_277' title='bbox 1409 1517 1604 1554; x_wconf 89' lang='lat' dir='ltr'>etiamnum</span> <span class='ocrx_word' id='word_1_278' title='bbox 1621 1514 1832 1553; x_wconf 88' lang='lat' dir='ltr'>Ammonio-</span> 
     </span>
     <span class='ocr_line' id='line_1_58' title="bbox 1182 1572 1830 1621; baseline -0.003 -10"><span class='ocrx_word' id='word_1_279' title='bbox 1182 1586 1260 1611; x_wconf 87' lang='lat' dir='ltr'>ruln</span> <span class='ocrx_word' id='word_1_280' title='bbox 1283 1573 1442 1621; x_wconf 89' lang='lat' dir='ltr'>linguam</span> <span class='ocrx_word' id='word_1_281' title='bbox 1468 1573 1614 1610; x_wconf 85' lang='lat' dir='ltr'>mixtam</span> <span class='ocrx_word' id='word_1_282' title='bbox 1644 1572 1758 1610; x_wconf 86' lang='lat' dir='ltr'>videri</span> <span class='ocrx_word' id='word_1_283' title='bbox 1785 1584 1830 1610; x_wconf 84' lang='lat' dir='ltr'>ex</span> 
     </span>
     <span class='ocr_line' id='line_1_59' title="bbox 1182 1627 1831 1679; baseline -0.002 -13"><span class='ocrx_word' id='word_1_284' title='bbox 1182 1629 1393 1679; x_wconf 89' lang='lat' dir='ltr'>Aethiopica</span> <span class='ocrx_word' id='word_1_285' title='bbox 1411 1633 1446 1665; x_wconf 85' lang='lat' dir='ltr'>et</span> <span class='ocrx_word' id='word_1_286' title='bbox 1464 1627 1710 1678; x_wconf 67' lang='lat' dir='ltr'>Aegyptiam,</span> <span class='ocrx_word' id='word_1_287' title='bbox 1742 1627 1831 1665; x_wconf 90' lang='lat' dir='ltr'>Am-</span> 
     </span>
     <span class='ocr_line' id='line_1_60' title="bbox 1181 1685 1830 1734; baseline -0.002 -12"><span class='ocrx_word' id='word_1_288' title='bbox 1181 1686 1393 1734; x_wconf 87' lang='lat' dir='ltr'>moniosque</span> <span class='ocrx_word' id='word_1_289' title='bbox 1425 1685 1522 1734; x_wconf 89' lang='lat' dir='ltr'>ipsos</span> <span class='ocrx_word' id='word_1_290' title='bbox 1554 1688 1830 1733; x_wconf 84' lang='lat' dir='ltr'>repraesentare</span> 
     </span>
     <span class='ocr_line' id='line_1_61' title="bbox 1180 1740 1830 1791; baseline -0.002 -14"><span class='ocrx_word' id='word_1_291' title='bbox 1180 1740 1518 1791; x_wconf 86' lang='lat' dir='ltr'>physiognomiam,</span> <span class='ocrx_word' id='word_1_292' title='bbox 1557 1752 1667 1788; x_wconf 91' lang='lat' dir='ltr'>quam</span> <span class='ocrx_word' id='word_1_293' title='bbox 1693 1740 1830 1787; x_wconf 89' lang='lat' dir='ltr'>dicunt,</span> 
     </span>
     <span class='ocr_line' id='line_1_62' title="bbox 1181 1795 1831 1846; baseline -0.002 -12"><span class='ocrx_word' id='word_1_294' title='bbox 1181 1809 1267 1834; x_wconf 87' lang='lat' dir='ltr'>vere</span> <span class='ocrx_word' id='word_1_295' title='bbox 1292 1796 1541 1846; x_wconf 86' lang='lat' dir='ltr'>Aethiopicam</span> <span class='ocrx_word' id='word_1_296' title='bbox 1569 1795 1831 1846; x_wconf 85' lang='lat' dir='ltr'>Aegyptiisque</span> 
     </span>
     <span class='ocr_line' id='line_1_63' title="bbox 1184 1851 1832 1900; baseline -0.003 -10"><span class='ocrx_word' id='word_1_297' title='bbox 1184 1865 1264 1890; x_wconf 87' lang='lat' dir='ltr'>esse</span> <span class='ocrx_word' id='word_1_298' title='bbox 1286 1852 1402 1900; x_wconf 80' lang='lat' dir='ltr'>inagis</span> <span class='ocrx_word' id='word_1_299' title='bbox 1428 1852 1566 1889; x_wconf 85' lang='lat' dir='ltr'>rubros.</span> <span class='ocrx_word' id='word_1_300' title='bbox 1606 1851 1686 1889; x_wconf 87' lang='lat' dir='ltr'>Nec</span> <span class='ocrx_word' id='word_1_301' title='bbox 1711 1852 1832 1889; x_wconf 89' lang='lat' dir='ltr'>omisit</span> 
     </span>
     <span class='ocr_line' id='line_1_64' title="bbox 1182 1908 1831 1945; baseline 0 0"><span class='ocrx_word' id='word_1_302' title='bbox 1182 1908 1363 1945; x_wconf 89' lang='lat' dir='ltr'>Herodoti</span> <span class='ocrx_word' id='word_1_303' title='bbox 1385 1908 1630 1945; x_wconf 77' lang='lat' dir='ltr'>testimonium</span> <span class='ocrx_word' id='word_1_304' title='bbox 1652 1908 1831 1945; x_wconf 88' lang='lat' dir='ltr'>Henrich-</span> 
     </span>
     <span class='ocr_line' id='line_1_65' title="bbox 1183 1956 1829 2014; baseline 0 -13"><span class='ocrx_word' id='word_1_305' title='bbox 1183 1977 1259 2002; x_wconf 90' lang='lat' dir='ltr'>sen.</span> <span class='ocrx_word' id='word_1_306' title='bbox 1279 1965 1346 2011; x_wconf 88' lang='lat' dir='ltr'>(de</span> <span class='ocrx_word' id='word_1_307' title='bbox 1358 1964 1545 2002; x_wconf 88' lang='lat' dir='ltr'>Phoenicis</span> <span class='ocrx_word' id='word_1_308' title='bbox 1564 1963 1673 2001; x_wconf 87' lang='lat' dir='ltr'>fabul.</span> <span class='ocrx_word' id='word_1_309' title='bbox 1693 1956 1784 2014; x_wconf 69' lang='lat' dir='ltr'>part.</span> <span class='ocrx_word' id='word_1_310' title='bbox 1797 1963 1829 2002; x_wconf 90' lang='lat' dir='ltr'>ll</span> 
     </span>
     <span class='ocr_line' id='line_1_66' title="bbox 1181 2020 1830 2071; baseline 0.011 -15"><span class='ocrx_word' id='word_1_311' title='bbox 1181 2033 1266 2071; x_wconf 85' lang='lat' dir='ltr'>pag.</span> <span class='ocrx_word' id='word_1_312' title='bbox 1282 2024 1307 2062; x_wconf 91' lang='lat'><strong>7</strong></span> <span class='ocrx_word' id='word_1_313' title='bbox 1327 2032 1403 2069; x_wconf 90' lang='lat' dir='ltr'>seq.</span> <span class='ocrx_word' id='word_1_314' title='bbox 1421 2021 1541 2057; x_wconf 84' lang='lat' dir='ltr'>Havn.</span> <span class='ocrx_word' id='word_1_315' title='bbox 1569 2020 1719 2068; x_wconf 80' lang='lat'><strong>1827),</strong></span> <span class='ocrx_word' id='word_1_316' title='bbox 1756 2032 1830 2070; x_wconf 77' lang='lat'><strong>(1¹¹0</strong></span> 
     </span>
     <span class='ocr_line' id='line_1_67' title="bbox 1182 2077 1831 2123; baseline 0 -11"><span class='ocrx_word' id='word_1_317' title='bbox 1182 2081 1412 2123; x_wconf 85' lang='lat' dir='ltr'>monstraret,</span> <span class='ocrx_word' id='word_1_318' title='bbox 1442 2078 1489 2114; x_wconf 84' lang='lat' dir='ltr'>ab</span> <span class='ocrx_word' id='word_1_319' title='bbox 1511 2077 1638 2114; x_wconf 89' lang='lat' dir='ltr'>eodem</span> <span class='ocrx_word' id='word_1_320' title='bbox 1661 2077 1831 2113; x_wconf 86' lang='lat' dir='ltr'>sacerdo-</span> 
     </span>
     <span class='ocr_line' id='line_1_68' title="bbox 1180 2132 1829 2182; baseline -0.003 -12"><span class='ocrx_word' id='word_1_321' title='bbox 1180 2137 1255 2170; x_wconf 88' lang='lat' dir='ltr'>tum</span> <span class='ocrx_word' id='word_1_322' title='bbox 1283 2132 1431 2178; x_wconf 90' lang='lat' dir='ltr'>ordine,</span> <span class='ocrx_word' id='word_1_323' title='bbox 1469 2133 1525 2169; x_wconf 89' lang='lat' dir='ltr'>cui</span> <span class='ocrx_word' id='word_1_324' title='bbox 1553 2132 1746 2182; x_wconf 85' lang='lat' dir='ltr'>Aethiopia</span> <span class='ocrx_word' id='word_1_325' title='bbox 1773 2132 1829 2168; x_wconf 89' lang='lat' dir='ltr'>in-</span> 
     </span>
     <span class='ocr_line' id='line_1_69' title="bbox 1180 2186 1830 2237; baseline 0 -12"><span class='ocrx_word' id='word_1_326' title='bbox 1180 2189 1303 2225; x_wconf 87' lang='lat' dir='ltr'>stituta</span> <span class='ocrx_word' id='word_1_327' title='bbox 1331 2188 1537 2237; x_wconf 88' lang='lat' dir='ltr'>cultumque</span> <span class='ocrx_word' id='word_1_328' title='bbox 1565 2188 1719 2234; x_wconf 86' lang='lat' dir='ltr'>debeat,</span> <span class='ocrx_word' id='word_1_329' title='bbox 1756 2186 1830 2226; x_wconf 84' lang='lat' dir='ltr'>Ae-</span> 
     </span>
     <span class='ocr_line' id='line_1_70' title="bbox 1180 2243 1828 2294; baseline 0 -14"><span class='ocrx_word' id='word_1_330' title='bbox 1180 2248 1333 2294; x_wconf 72' lang='lat' dir='ltr'>gyptum</span> <span class='ocrx_word' id='word_1_331' title='bbox 1369 2256 1514 2293; x_wconf 92' lang='lat' dir='ltr'>quoque</span> <span class='ocrx_word' id='word_1_332' title='bbox 1546 2243 1636 2281; x_wconf 90' lang='lat' dir='ltr'>deos</span> <span class='ocrx_word' id='word_1_333' title='bbox 1672 2257 1755 2281; x_wconf 88' lang='lat' dir='ltr'>suos</span> <span class='ocrx_word' id='word_1_334' title='bbox 1784 2256 1828 2280; x_wconf 92' lang='lat' dir='ltr'>ac</span> 
     </span>
     <span class='ocr_line' id='line_1_71' title="bbox 1181 2300 1827 2349; baseline 0.003 -14"><span class='ocrx_word' id='word_1_335' title='bbox 1181 2312 1282 2336; x_wconf 85' lang='lat' dir='ltr'>sacra</span> <span class='ocrx_word' id='word_1_336' title='bbox 1294 2300 1472 2349; x_wconf 85' lang='lat' dir='ltr'>accepisse</span> <span class='ocrx_word' id='word_1_337' title='bbox 1493 2312 1534 2336; x_wconf 81' lang='lat' dir='ltr'>ac</span> <span class='ocrx_word' id='word_1_338' title='bbox 1550 2300 1664 2349; x_wconf 86' lang='lat' dir='ltr'>primo</span> <span class='ocrx_word' id='word_1_339' title='bbox 1682 2300 1827 2349; x_wconf 86' lang='lat' dir='ltr'>quidem</span> 
     </span>
     <span class='ocr_line' id='line_1_72' title="bbox 1181 2355 1829 2402; baseline 0.002 -10"><span class='ocrx_word' id='word_1_340' title='bbox 1181 2355 1342 2402; x_wconf 86' lang='lat' dir='ltr'>Thebas,</span> <span class='ocrx_word' id='word_1_341' title='bbox 1372 2357 1433 2393; x_wconf 90' lang='lat' dir='ltr'>nbi</span> <span class='ocrx_word' id='word_1_342' title='bbox 1451 2355 1498 2392; x_wconf 89' lang='lat' dir='ltr'>illi</span> <span class='ocrx_word' id='word_1_343' title='bbox 1516 2356 1722 2393; x_wconf 89' lang='lat' dir='ltr'>sacerdotes</span> <span class='ocrx_word' id='word_1_344' title='bbox 1741 2368 1829 2393; x_wconf 90' lang='lat' dir='ltr'>con-</span> 
     </span>
     <span class='ocr_line' id='line_1_73' title="bbox 1180 2411 1827 2462; baseline 0.003 -14"><span class='ocrx_word' id='word_1_345' title='bbox 1180 2412 1358 2459; x_wconf 87' lang='lat' dir='ltr'>sederint,</span> <span class='ocrx_word' id='word_1_346' title='bbox 1388 2425 1454 2462; x_wconf 84' lang='lat' dir='ltr'>per</span> <span class='ocrx_word' id='word_1_347' title='bbox 1481 2413 1685 2449; x_wconf 85' lang='lat' dir='ltr'>universam</span> <span class='ocrx_word' id='word_1_348' title='bbox 1705 2411 1827 2462; x_wconf 78' lang='lat' dir='ltr'>Aegy-</span> 
     </span>
     <span class='ocr_line' id='line_1_74' title="bbox 1179 2467 1524 2518; baseline 0.003 -14"><span class='ocrx_word' id='word_1_349' title='bbox 1179 2473 1280 2518; x_wconf 85' lang='lat' dir='ltr'>ptum</span> <span class='ocrx_word' id='word_1_350' title='bbox 1299 2481 1382 2505; x_wconf 81' lang='lat' dir='ltr'>rnox</span> <span class='ocrx_word' id='word_1_351' title='bbox 1401 2467 1524 2506; x_wconf 88' lang='lat' dir='ltr'>delati.</span> 
     </span>
    </p>

    <p class='ocr_par' dir='ltr' id='par_1_11' title="bbox 1179 2521 1827 2852">
     <span class='ocr_line' id='line_1_75' title="bbox 1236 2521 1827 2575; baseline 0.002 -13"><span class='ocrx_word' id='word_1_352' title='bbox 1236 2523 1302 2562; x_wconf 83' lang='grc' dir='ltr'>καὶ</span> <span class='ocrx_word' id='word_1_353' title='bbox 1335 2521 1478 2574; x_wconf 78' lang='grc' dir='ltr'><em>φωνήν</em></span> <span class='ocrx_word' id='word_1_354' title='bbox 1504 2545 1561 2552; x_wconf 92' lang='lat'>—</span> <span class='ocrx_word' id='word_1_355' title='bbox 1587 2523 1827 2575; x_wconf 84' lang='grc' dir='ltr'><em>νομίζον-</em></span> 
     </span>
     <span class='ocr_line' id='line_1_76' title="bbox 1179 2579 1827 2630; baseline -0.003 -12"><span class='ocrx_word' id='word_1_356' title='bbox 1179 2594 1225 2618; x_wconf 83' lang='grc' dir='ltr'>τε</span> <span class='ocrx_word' id='word_1_357' title='bbox 1237 2579 1279 2630; x_wconf 83' lang='grc' dir='ltr'>ς]</span> <span class='ocrx_word' id='word_1_358' title='bbox 1305 2581 1324 2616; x_wconf 93' lang='lat' dir='ltr'>i.</span> <span class='ocrx_word' id='word_1_359' title='bbox 1339 2594 1368 2618; x_wconf 90' lang='lat' dir='ltr'>e.</span> <span class='ocrx_word' id='word_1_360' title='bbox 1383 2583 1419 2617; x_wconf 73' lang='lat' dir='ltr'>z&#39;n</span> <span class='ocrx_word' id='word_1_361' title='bbox 1432 2594 1496 2617; x_wconf 81' lang='lat' dir='ltr'>usu</span> <span class='ocrx_word' id='word_1_362' title='bbox 1513 2581 1648 2628; x_wconf 75' lang='lat' dir='ltr'>habent,</span> <span class='ocrx_word' id='word_1_363' title='bbox 1670 2584 1827 2617; x_wconf 75' lang='lat' dir='ltr'>utuntur.</span> 
     </span>
     <span class='ocr_line' id='line_1_77' title="bbox 1180 2636 1825 2683; baseline -0.002 -10"><span class='ocrx_word' id='word_1_364' title='bbox 1180 2636 1287 2673; x_wconf 83' lang='lat' dir='ltr'>Conf.</span> <span class='ocrx_word' id='word_1_365' title='bbox 1321 2636 1355 2683; x_wconf 81' lang='lat' dir='ltr'>i,</span> <span class='ocrx_word' id='word_1_366' title='bbox 1395 2639 1485 2678; x_wconf 84' lang='lat'>131.</span> <span class='ocrx_word' id='word_1_367' title='bbox 1522 2638 1611 2678; x_wconf 78' lang='lat'>142.</span> <span class='ocrx_word' id='word_1_368' title='bbox 1655 2637 1825 2674; x_wconf 72' lang='lat' dir='ltr'>Dativum</span> 
     </span>
     <span class='ocr_line' id='line_1_78' title="bbox 1180 2692 1826 2745; baseline -0.005 -15"><span class='ocrx_word' id='word_1_369' title='bbox 1180 2694 1301 2745; x_wconf 79' lang='grc' dir='ltr'><em>φωνῇ</em></span> <span class='ocrx_word' id='word_1_370' title='bbox 1326 2693 1466 2730; x_wconf 82' lang='lat' dir='ltr'>addidit</span> <span class='ocrx_word' id='word_1_371' title='bbox 1487 2693 1623 2731; x_wconf 86' lang='lat' dir='ltr'>Noster</span> <span class='ocrx_word' id='word_1_372' title='bbox 1650 2692 1721 2739; x_wconf 80' lang='lat' dir='ltr'>lv,</span> <span class='ocrx_word' id='word_1_373' title='bbox 1747 2694 1826 2732; x_wconf 88' lang='grc'>117</span> 
     </span>
     <span class='ocr_line' id='line_1_79' title="bbox 1180 2746 1824 2797; baseline 0.002 -13"><span class='ocrx_word' id='word_1_374' title='bbox 1180 2748 1331 2794; x_wconf 82' lang='lat' dir='ltr'>coll.11‚</span> <span class='ocrx_word' id='word_1_375' title='bbox 1358 2751 1423 2790; x_wconf 88' lang='lat'>50.</span> <span class='ocrx_word' id='word_1_376' title='bbox 1454 2770 1510 2777; x_wconf 79' lang='lat'>—-</span> <span class='ocrx_word' id='word_1_377' title='bbox 1540 2750 1598 2786; x_wconf 80' lang='lat' dir='ltr'>Ad</span> <span class='ocrx_word' id='word_1_378' title='bbox 1620 2746 1824 2797; x_wconf 77' lang='grc' dir='ltr'><em>ἐπωνυμίη</em></span> 
     </span>
     <span class='ocr_line' id='line_1_80' title="bbox 1179 2805 1531 2852; baseline 0.003 -11"><span class='ocrx_word' id='word_1_379' title='bbox 1179 2806 1273 2841; x_wconf 87' lang='lat' dir='ltr'>conf.</span> <span class='ocrx_word' id='word_1_380' title='bbox 1297 2805 1322 2851; x_wconf 86' lang='grc' dir='ltr'>Ι,</span> <span class='ocrx_word' id='word_1_381' title='bbox 1350 2806 1410 2846; x_wconf 83' lang='grc'>14.</span> <span class='ocrx_word' id='word_1_382' title='bbox 1435 2805 1480 2852; x_wconf 86' lang='grc' dir='ltr'>ΙΙ,</span> <span class='ocrx_word' id='word_1_383' title='bbox 1495 2805 1531 2846; x_wconf 87' lang='grc'>4.</span> 
     </span>
    </p>

    <p class='ocr_par' dir='ltr' id='par_1_12' title="bbox 1232 2856 1820 2913">
     <span class='ocr_line' id='line_1_81' title="bbox 1232 2856 1820 2913; baseline -0.005 -14"><span class='ocrx_word' id='word_1_384' title='bbox 1232 2856 1375 2911; x_wconf 80' lang='grc' dir='ltr'><em>Ἀμοῦν</em></span> <span class='ocrx_word' id='word_1_385' title='bbox 1405 2859 1478 2913; x_wconf 54' lang='lat' dir='ltr'>yfir)</span> <span class='ocrx_word' id='word_1_386' title='bbox 1507 2856 1718 2912; x_wconf 77' lang='grc' dir='ltr'><em>Αἰγύπτιοι</em></span> <span class='ocrx_word' id='word_1_387' title='bbox 1748 2873 1820 2897; x_wconf 85' lang='grc' dir='ltr'>κα-</span> 
     </span>
    </p>
   </div>
  </div>
 </body>
</html>
