1909 3228
434 231 519 271 628

834 223 1304 264 HERODOTl

436 336 514 380 τὸν
542 336 780 391 πρότερον,
811 331 866 377 οὐ
894 337 1105 388 περιορᾶν
1133 330 1364 386 παριέναι,
1401 330 1498 376 ἀλλ’
1529 331 1694 387 ἀπερύ-

435 428 550 459 κειν·
591 413 669 456 τὸν
700 411 742 455 δ’
772 412 814 464 ἐξ
844 410 974 468 ἄλλης
1015 410 1167 463 πόλιος
1208 410 1478 466 ἀγαγόμενον
1517 409 1752 466 ἀνθρώ-60

435 509 571 543 πους,
618 489 721 543 τούς
749 507 794 535 τε
823 489 1077 546 προπόλους
1115 489 1300 546 τρηχέως
1329 494 1573 545 περισπεῖν,
1621 489 1696 532 καὶ

408 573 631 616 Ξέσελθεῖν
659 568 777 626 παροέ
816 569 896 626 τὴν
926 569 1102 626 μητέρα.

1163 567 1246 612 ἀπὸ
1282 566 1443 612 τούτου
1481 571 1541 625 τῷ
1580 566 1698 623 ’Ἀρεῖ

435 647 596 706 ταύτην
624 648 705 706 τήν
733 648 902 706 πληγήν
931 648 978 692 ἐν
1006 652 1060 706 τῇ
1088 646 1198 705 ὁρτῇ
1229 646 1501 703 νενομικέναι
1533 646 1653 702 φασί.

409 736 432 770 3
547 728 637 771 Καὶ
664 727 712 771 τὸ
742 727 800 784 μὴ
840 729 1068 784 μίσγεσθαι
1103 727 1274 783 γυναιξὶ
1313 727 1360 770 ἐν
1401 728 1552 780 ἱροῖσι,
1591 722 1699 781 μηδὲ

439 806 650 858 ἀλούτους
681 805 766 851 ἀπὸ
795 810 1021 863 γυναικῶν
1063 806 1105 857 ἐς
1145 807 1217 860 ἷριὶ
1247 805 1425 856 ἐσιέναι,
1465 799 1589 848 οὗτοί
1619 805 1755 846 εἰσι65

408 888 487 931 4οἷ
512 891 680 941 πρῶτοι
709 886 1070 942 θρησκεύσαντες.

1138 887 1181 929 οἱ
1216 886 1295 940 μὲν
1332 884 1414 940 γάρ
1453 882 1573 927 ἄλλοι
1604 894 1699 938 σχε-

437 966 518 1010 δόν
546 964 701 1016 πάντες
732 963 987 1020 ἄνθρωποι,
1018 963 1129 1020 πλὴν
1158 966 1410 1020 Αἰγυπτίων
1438 963 1512 1007 καὶ
1548 960 1699 1017 Ἑλλή-

437 1062 547 1094 νων,
587 1046 816 1100 μίσγονται
852 1044 901 1087 ἐν
941 1046 1091 1098 ἱροῖσι·
1135 1045 1208 1087 καὶ
1239 1042 1322 1086 ἀπὸ
1352 1046 1573 1098 γυναικῶν
1603 1039 1700 1083 ἀνι-

437 1123 665 1179 στάμενοι,
704 1124 885 1167 ἄλουτοι
923 1123 1170 1180 ἐσέρχονται
1208 1122 1252 1173 ἐς
1282 1121 1400 1176 ἷρόν’

1453 1122 1699 1176 νομίζοντες

409 1201 709 1258 5ἆνθρώπους
736 1201 850 1247 εἶναι
879 1202 1070 1258 κατάπερ
1099 1201 1152 1246 τὰ
1183 1200 1290 1245 ἄλλα
1319 1201 1486 1257 κτήνεα.
1514 1203 1587 1243 καὶ
1614 1198 1699 1255 γάρ

438 1282 491 1326 τὰ
522 1281 632 1326 ἄλλα
661 1281 819 1339 κτήνεα
849 1282 960 1338 ὁρᾶν
989 1283 1061 1326 καὶ
1092 1279 1288 1336 ὀρνίθων
1316 1282 1442 1337 γένεα
1464 1278 1757 1336 ὀχευόμεναΊΟ

439 1361 487 1405 ἓν
519 1378 563 1405 τε
593 1367 706 1405 τοῖσι
734 1367 879 1418 νηοῖσι
907 1366 996 1406 τῶν
1025 1366 1146 1406 θεῶν
1176 1362 1248 1404 καὶ
1279 1361 1324 1404 ἐν
1352 1366 1463 1404 τοῖσι
1492 1359 1699 1416 τεμένεσι.

410 1441 479 1483 6εἰ
509 1434 572 1483 οἷν
599 1438 712 1483 εἶναι
741 1445 803 1497 τῷ
829 1444 923 1499 θεῷ
953 1445 1086 1484 τοῦτο
1114 1440 1172 1496 μή
1204 1442 1361 1495 φίλον,
1393 1436 1474 1482 οὐκ
1512 1437 1567 1481 ἂν
1598 1435 1699 1480 οὐδὲ

384 1634 547 1671 Etrusch.
572 1635 619 1671 ad
640 1634 715 1671 tab.
728 1635 780 1675 39
803 1633 860 1672 de’
879 1635 956 1671 vasi
978 1634 1037 1671 fit-

384 1691 436 1728 tili
463 1703 549 1741 pag.
569 1690 661 1732 409

446 1743 496 1785 ου’
517 1749 707 1798 περιορᾶν
729 1744 936 1796 παριέναι]
976 1745 1035 1783 De

384 1803 581 1849 infinitivo,
621 1803 683 1851 qui
714 1807 860 1852 praeter
898 1815 1036 1838 morem

384 1859 551 1895 adiicitur
570 1860 679 1896 verbo
700 1860 910 1909 περιορᾶν,
941 1858 1036 1894 conf.

384 1914 422 1961 Ι,
448 1917 525 1955 191
550 1919 586 1952 et
616 1916 662 1952 de
682 1930 728 1953 nc
717 1914 944 1966 ρισπεῖνΙ,
966 1917 1032 1954 73

384 1969 444 2007 Ad
462 1972 562 2007 form
556 1985 612 2007 un
636 1967 844 2017 ὀπωπότας
867 1970 1034 2007 consulas

387 2026 520 2064 Matth.
545 2028 609 2064 Gr.
633 2028 698 2064 Gr.
720 2041 806 2077 pag.
829 2027 922 2067 478.

444 2080 542 2134 μηδὲ
569 2079 763 2129 (ἷλούτους
793 2079 872 2122 α’πο
903 2098 1036 2135 γυναι-

385 2142 467 2178 κῶν
487 2155 521 2177 κ.
540 2155 570 2176 τ.
591 2142 639 2186 L]
670 2139 840 2177 Laudant
857 2141 1035 2189 interpre-

385 2201 441 2233 tes
460 2196 636 2234 Clement.
657 2196 849 2234 Alexandr.
862 2197 1034 2234 Stromat.

386 2252 402 2289 I
422 2266 507 2302 pag.
528 2255 629 2301 361,
650 2255 700 2294 19
730 2253 827 2291 idem
850 2254 896 2289 de
914 2252 1035 2300 Aegy-

385 2309 470 2359 ptiis
521 2314 739 2346 narrantem.
812 2308 865 2346 Ac
912 2312 1037 2346 monet

387 2365 588 2414 Schweigh.
619 2366 847 2403 Herodotum
880 2365 927 2403 de
960 2366 1036 2402 avi-

388 2421 453 2457 bus
472 2421 623 2470 aliisque
652 2421 864 2459 animalibus
885 2421 1036 2471 loquen-

388 2481 461 2514 tem
489 2479 609 2515 dicere
643 2476 683 2516 ἕν
712 2493 752 2517 τε
776 2481 878 2517 τοῖσι
902 2481 1035 2528 νηοῖσι

388 2535 468 2571 τῶν
487 2536 595 2572 θεῶν
611 2532 678 2572 καὶ
700 2534 742 2573 ἒν
764 2538 864 2573 τοῖσι
883 2532 1034 2585 τεμένε-

390 2599 450 2636 σι,
482 2590 528 2627 de
553 2590 757 2628 hominibus
785 2604 871 2629 vero
890 2591 1035 2628 nomine

389 2646 440 2681 uti
458 2645 563 2683 latius
578 2646 757 2697 patente'
740 2662 781 2686 εν
793 2647 924 2698 ἱροῖσι,
937 2648 1037 2696 quod

390 2702 676 2751 comprehendat
706 2708 742 2742 et
768 2701 836 2742 τόν
873 2700 971 2753 νηὸν
1001 2707 1037 2741 et

391 2770 433 2793 το
455 2755 633 2806 τέμενος,
653 2773 804 2808 agrum,
823 2760 959 2807 lucum,
977 2772 1038 2798 ae-

392 2811 531 2857 dificia,
564 2814 693 2862 quibus
716 2817 883 2864 cingatur
898 2789 959 2854 dei
976 2829 1038 2853 ae-

392 2866 469 2903 des.
499 2867 560 2905 Tu
578 2871 671 2907 conf.
687 2871 726 2919 Ι,
749 2874 828 2914 199
854 2872 941 2922 ibiq.
962 2876 1038 2909 not.

1159 1632 1229 1673 καὶ
1251 1630 1430 1685 ὀρνίθων
1440 1630 1554 1684 γένεα
1572 1625 1758 1681 όχευόμε·

1105 1705 1155 1729 να
1174 1705 1208 1728 κ.
1227 1706 1258 1728 τ.
1281 1689 1328 1739 λ.]
1362 1690 1540 1726 lutactum
1557 1688 1683 1736 reliqui
1695 1701 1757 1739 γε·

1105 1760 1199 1795 νεα,
1245 1747 1344 1795 quod
1371 1745 1451 1782 libri
1491 1744 1636 1794 probati
1671 1744 1756 1780 satis

1104 1803 1369 1839 commendant.
1435 1801 1504 1837 Alii
1534 1800 1673 1837 malunt
1700 1797 1759 1837 τέ-

1104 1861 1184 1905 λεα,
1214 1864 1253 1895 ut
1272 1859 1309 1894 in
1332 1858 1549 1907 quibusdam
1568 1856 1674 1894 codd.
1701 1855 1759 1892 in-

1104 1916 1263 1961 venitur,
1305 1919 1340 1952 et
1370 1915 1416 1951 de
1446 1915 1597 1950 catervis
1626 1911 1757 1949 intelli-

1105 1976 1213 2020 gunt,
1254 1975 1294 2007 ut
1326 1970 1412 2017 Vll,
1443 1972 1537 2010 211.
1568 1970 1661 2009 223·
1690 1967 1757 2016 IX,

1105 2031 1170 2070 20.
1228 2028 1302 2065 Sed
1325 2027 1420 2064 hisce
1461 2026 1546 2063 locis
1577 2027 1624 2063 de
1645 2025 1756 2061 laomi-

1103 2097 1185 2121 num
1217 2089 1252 2122 et
1283 2084 1430 2133 quidem
1460 2083 1613 2119 militum
1643 2085 1758 2118 cater-

1104 2144 1159 2177 vis
1185 2142 1288 2178 unice
1315 2152 1453 2186 sermo,
1490 2144 1529 2175 ut
1552 2137 1756 2175 notavimus

1104 2199 1153 2234 ad
1174 2198 1213 2244 Ι,
1238 2197 1327 2237 103.

1161 2307 1196 2347 εί
1221 2302 1278 2346 ὧν
1307 2303 1411 2346 εἶναι
1428 2327 1483 2333 -
1502 2302 1648 2357 φίλον]
1687 2299 1753 2356 ἦν,

1103 2365 1202 2415 qnod
1222 2364 1381 2413 glossam
1405 2362 1522 2412 sapit,
1543 2375 1637 2399 nunc
1658 2366 1755 2400 recte

1102 2426 1277 2460 mutatum
1297 2422 1333 2457 in
1355 2416 1467 2458 εἶναι.
1527 2420 1634 2456 Conf.
1654 2417 1756 2455 Mat-

1103 2478 1199 2515 thiae
1225 2478 1291 2514 Gr.
1323 2477 1387 2513 Gr.
1412 2489 1447 2526 p.
1466 2478 1574 2517 1058
1601 2473 1637 2526 ἓ.
1660 2475 1756 2516 538.

1104 2534 1162 2572 Ad
1183 2534 1303 2583 φίλον
1325 2534 1418 2570 conf.
1442 2532 1476 2578 Ι,
1501 2534 1554 2573 87
1570 2532 1656 2581 ibiq.
1678 2535 1754 2568 not.

1103 2590 1162 2627 Ad
1182 2594 1433 2640 argumentum
1456 2589 1523 2626 loci
1541 2589 1756 2639 interpretes

1105 2647 1261 2684 afferunt
1300 2645 1480 2683 Plutarch.
1521 2645 1616 2682 Mor.
1661 2643 1755 2692 (ΙΙ)

1102 2717 1189 2754 pag.
1214 2703 1342 2749 1044,
1370 2702 1424 2748 F,
1463 2701 1560 2739 unde
1589 2699 1757 2749 intelligi-

1104 2772 1202 2806 mus,
1221 2759 1377 2807 Cynicos
1396 2757 1631 2808 philosophos
1650 2759 1755 2807 post-

1104 2816 1171 2853 hac
1191 2816 1318 2853 eadem
1338 2815 1565 2852 excusatione
1575 2826 1655 2851 esse
1668 2825 1752 2850 usos

1102 2872 1261 2922 itemque
1279 2871 1421 2908 Stoicos
1440 2870 1632 2921 quosdam.
