1909 3228
441 202 524 243 272

832 198 1295 239 HERODOTI

445 326 509 354 ων
542 308 586 361 ἐς
624 307 676 352 τά
715 309 842 352 οἰκία.
899 305 1131 361 παρελθών
1172 306 1218 351 δὲ
1257 307 1408 362 ἔφραζε
1436 312 1490 365 τῇ
1518 307 1713 352 ἓωυτοῡι

439 389 613 445 γυναικὶ
638 388 714 430 τὸν
743 387 883 430 πάντα
910 384 1160 440 Ἀστυάγεος
1191 386 1379 441 ῥηθέντα
1408 385 1548 441 λόγον.
1584 384 1611 442 ἡ
1643 386 1688 429 δὲ

413 475 434 509 2
444 467 555 524 πρὸς
591 464 724 509 αὐτόν
760 465 892 520 λέγει·

441 547 656 598 ,,ποιὲειν,·

666 548 690 567 “
742 541 797 585 ‘O
837 543 881 586 δὲ
918 542 1152 599 ἀμείβεται·

951 466 1090 516 ,,Νῦν
1131 465 1195 507 ὥν
1231 466 1273 506 τί
1312 475 1382 506 σοι
1411 463 1455 506 ἐν
1483 462 1571 521 νόῳ
1601 463 1690 507 ἐστὶ

1210 541 1341 594 ,,Ου’κ
1381 543 1408 598 ῂ
1451 542 1687 585 ἐνετέλλετο

439 620 729 677 ,,Ἀστυοὲγης·
762 620 863 665 οὐδ’
895 623 931 664 εἰ
958 620 1289 677 παραφρονήσει
1317 637 1361 665 τε
1391 621 1463 663 καὶ
1492 624 1717 676 μανεῖται5

439 701 630 754 »κάκιον
654 700 682 757 ἢ
709 705 794 744 νῦν
821 702 1038 756 μαίνεται,
1069 698 1124 743 οὔ
1153 701 1196 743 οἱ
1226 700 1355 755 ἔγωγε
1383 697 1692 754 προσθήσομαι

438 784 526 837 ,,τῇ
556 778 727 835 γνώμῃ,
781 778 881 823 οὐδὲ
919 778 962 830 ἐς
1003 777 1146 835 φόνον
1183 782 1385 822 τοιοῦτον
1420 775 1690 833 ὑπηρετήσω.

410 866 468 912 3,,
481 862 656 902 πολλῶν
687 858 733 901 δὲ
763 859 905 902 εἵνεκα
945 855 998 901 οὐ
1042 855 1243 913 φονεύσω
1272 871 1367 914 μιν·

1418 857 1492 900 καὶ
1520 856 1587 899 ὅτι
1617 853 1691 900 αὖ·

437 941 532 994 ,,τῷ
561 954 636 993 μοι
666 936 873 993 συγγενής
909 936 1024 979 ἐστιν
1053 934 1075 979 ὁ
1105 941 1224 988 παῖς,
1264 936 1339 979 καὶ
1368 934 1433 978 ὅτι
1458 933 1693 990 Ἀστυάγης

412 1020 470 1070 4,,
483 1016 562 1072 μέν
590 1016 676 1059 ἐστι
704 1014 868 1072 γέρων,
918 1015 990 1059 καὶ
1019 1014 1149 1066 ἄπαις
1178 1015 1349 1070 ἔρσενος
1377 1012 1526 1069 γόνου.
1581 1014 1618 1056 εἰ
1646 1013 1693 1057 δὲ

437 1094 671 1151 ,,θελη’σει,
716 1094 877 1139 τούτου
906 1093 1257 1151 τελευτήσαντος,
1297 1093 1339 1144 ἐς
1366 1091 1446 1149 τήν
1474 1091 1694 1147 θυγατέρα
1707 1099 1750 1132 10

438 1174 635 1231 »ταύτην
671 1173 888 1231 ἀναβῆναι
927 1172 954 1232 ἡ
995 1173 1226 1231 τυραννὶς,
1281 1166 1332 1228 ἧς
1367 1175 1452 1215 νῦν
1487 1171 1565 1215 τὸν
1593 1170 1693 1215 υἱὸν

381 1379 474 1418 Actt.
488 1380 798 1431 philoll.Monacc.
817 1380 854 1427 I,
872 1382 891 1421 1
914 1380 1030 1432 p.75,

382 1437 554 1485 equidem
583 1450 657 1473 non
681 1437 872 1486 perspicio.
930 1436 1031 1474 Lon-

381 1505 450 1540 gus
479 1496 536 1530 est
561 1492 629 1529 hoc
653 1493 731 1529 loco
754 1492 1033 1541 Schweighaeu-

382 1561 508 1595 serus,
538 1561 609 1597 quo
631 1549 876 1595 demonstret,
905 1548 952 1584 ad
972 1560 1032 1584 ar-

380 1604 523 1641 ticulum
543 1601 616 1654 τήν
643 1604 916 1651 intelligendum
947 1607 1030 1641 esse

382 1657 524 1711 στολην
555 1666 593 1697 ut
616 1659 769 1697 Aemilio
797 1659 907 1696 Porto
945 1658 1029 1695 olim

380 1716 496 1753 visum
524 1721 621 1762 erat,
650 1720 713 1753 aut
737 1715 857 1765 potius
884 1709 1029 1765 κόσμη-

382 1783 464 1819 σιν,
503 1771 645 1820 aliaque
676 1772 783 1808 affert
812 1771 929 1817 idem,
968 1771 1028 1807 ubi

381 1828 428 1865 ad
447 1827 631 1864 articulum
652 1839 783 1864 nomen
811 1839 853 1864 ex
872 1831 1027 1874 cognato

380 1884 512 1930 verbo,
533 1884 633 1932 quod
651 1884 686 1919 in
707 1883 870 1933 proximo
892 1884 950 1930 sit,
972 1895 1028 1920 re-

379 1939 578 1989 petendum
607 1939 664 1975 sit.
723 1938 828 1982 Quae
846 1952 924 1975 cum
943 1950 1030 1988 par-

379 1995 444 2032 tim
462 1995 579 2032 aliena
596 1995 669 2032 sint
686 2006 708 2031 a
726 1998 853 2031 nostro
873 1994 965 2041 loco,
985 2006 1029 2031 ea

379 2063 475 2088 nunc
507 2051 636 2088 lubens
671 2055 881 2101 praeterew,
929 2050 1029 2099 quod

379 2119 466 2144 Wlo
487 2107 557 2154 ΙΙΙ,
580 2109 656 2148 119
686 2105 845 2157 (ε’δησεν
863 2121 939 2157 την
964 2104 1029 2144 ἐπὶ

379 2158 564 2217 θανάτω)
604 2168 640 2200 et
660 2162 705 2210 V,
735 2165 791 2204 72
819 2160 931 2210 (τους
963 2158 1028 2200 ἂλ-

379 2221 472 2266 λους
490 2203 710 2269 κατέδησαν
725 2233 798 2270 την
819 2217 883 2258 ἐπὶ
901 2213 1030 2257 θανᾶ-

378 2277 451 2328 τῳ)
472 2275 529 2314 ille
550 2275 758 2326 suppletum
775 2275 849 2312 vult
874 2290 947 2326 την
970 2273 1029 2313 δέ·

379 2344 468 2379 σιν,
506 2345 653 2379 vereor,
695 2336 735 2367 ut
776 2331 862 2369 ferri
899 2331 1026 2382 possit.

378 2387 511 2437 Neque
532 2392 659 2424 nostro
685 2386 764 2424 loco
782 2386 1028 2424 huiuscemodi

380 2443 516 2494 ellipsis
529 2444 739 2493 effingenda
756 2444 834 2481 erit.
856 2442 1024 2491 Namque

379 2500 415 2536 in
436 2500 492 2537 his
519 2501 684 2537 omnibus
708 2511 823 2548 aeque
852 2498 1024 2536 subaudi-

380 2556 510 2593 endam
530 2569 612 2594 esse
631 2555 792 2593 voculam
811 2551 917 2602 ὁδόν,
937 2553 1023 2591 mihi

379 2625 592 2661 persuasum
618 2617 696 2660 est,
725 2624 792 2649 nec
821 2611 844 2647 ii
875 2610 1023 2648 multum

379 2679 402 2703 a
429 2680 514 2704 vero
543 2669 712 2706 aberrare
739 2668 924 2714 videntur,
962 2666 1024 2715 qui

380 2723 450 2769 (uti
469 2723 606 2760 lacobs.
626 2725 662 2760 in
689 2724 814 2760 Atticis
836 2735 921 2773 pag·
941 2721 1022 2763 341

380 2778 428 2814 ad
456 2778 596 2816 Herod.
626 2780 672 2826 V,
697 2780 781 2827 72)
818 2790 1026 2830 praegnans

380 2834 526 2872 omnino
546 2836 689 2873 dicendi
701 2848 816 2885 genus
833 2837 870 2872 iu
886 2835 941 2873 his
952 2839 1028 2871 sta-

1100 1385 1225 1428 tuant,
1255 1379 1478 1429 verbumque
1508 1378 1680 1428 aliquod,
1710 1377 1747 1414 in

1099 1449 1171 1485 quo
1211 1436 1400 1481 mittendi,
1431 1435 1603 1481 ducendi,
1639 1434 1747 1471 eundi

1098 1493 1198 1528 notio
1217 1492 1332 1537 inest,
1361 1495 1481 1528 mente
1509 1491 1748 1527 adiiciendum

1098 1548 1263 1585 doceant.
1312 1547 1414 1583 Haec
1434 1546 1639 1596 respicienti
1661 1545 1743 1582 talis

1097 1605 1172 1641 fere
1221 1603 1335 1639 nostri
1382 1602 1449 1639 loci
1493 1615 1621 1640 seusus
1658 1602 1746 1639 erit:

1097 1671 1235 1709 „quum
1267 1660 1337 1707 ipsi
1364 1658 1558 1695 traderetur
1580 1657 1747 1707 puerulus

1097 1719 1240 1751 ornatus
1262 1716 1324 1760 (eo
1344 1714 1526 1762 consilio‚)
1544 1717 1584 1750 ut
1598 1714 1646 1750 cul
1656 1726 1747 1750 mor-

1095 1774 1161 1808 tem
1176 1771 1356 1807 duceretur
1385 1784 1413 1806 s.
1438 1774 1477 1806 ut
1496 1771 1663 1818 (ornatus
1680 1781 1748 1819 pro

1095 1840 1217 1874 more,
1247 1827 1357 1874 dein)
1396 1828 1491 1862 viam
1526 1826 1573 1863 ad
1608 1829 1748 1862 mortem

1096 1883 1365 1920 abelucereiur.“
1394 1902 1451 1909 —
1480 1882 1521 1918 ln
1551 1895 1654 1931 seqq.
1683 1882 1749 1919 de-

1096 1940 1214 1977 dimus
1245 1935 1311 1990 ἥϊε
1340 1951 1419 1975 cum
1447 1943 1595 1976 recentt.
1626 1937 1747 1987 Vulgo

1095 1993 1171 2050 ᾔει.

1151 2046 1221 2089 τόν
1246 2045 1378 2089 πάντα
1403 2044 1634 2101 Ἀστυάγεος
1666 2049 1748 2100 ρη-

1095 2105 1219 2146 θέντα
1235 2102 1373 2157 λόγον]
1406 2106 1477 2143 Ubi
1490 2107 1575 2142 nihil
1597 2118 1747 2143 necesse

1097 2168 1153 2201 est
1180 2163 1227 2199 ad
1260 2157 1489 2208 Ἀστυάγεος
1521 2161 1577 2199 vel
1609 2162 1747 2199 addere

1095 2218 1152 2256 vel
1173 2218 1442 2267 subintelligere
1464 2215 1567 2264 ν’πό,
1598 2231 1676 2254 cum
1699 2219 1747 2254 ad

1095 2270 1211 2325 λόγον
1228 2286 1346 2323 aeque
1369 2275 1460 2312 bene
1479 2274 1602 2311 referri
1617 2274 1746 2324 possit.

1094 2330 1178 2368 Vid.
1202 2329 1358 2367 Pausan.
1381 2330 1453 2377 vl,
1475 2331 1499 2370 8
1523 2328 1560 2380 §.
1580 2332 1606 2371 2
1635 2329 1748 2366 alios-

1093 2399 1166 2435 que
1200 2385 1297 2423 locos
1338 2399 1359 2423 a
1384 2386 1581 2423 Schaefero
1607 2384 1745 2422 laudat.

1093 2443 1141 2479 ad
1161 2441 1290 2479 Lamb.
1311 2442 1398 2479 Bos.
1419 2441 1566 2492 Ellipss.
1592 2454 1629 2491 p.
1648 2443 1744 2483 750.

1148 2496 1216 2536 καὶ
1247 2494 1368 2544 ἅπαις
1409 2497 1564 2548 ε’ρσενος
1594 2493 1743 2548 γόνου]

1090 2551 1352 2604 Explicandum
1370 2554 1437 2590 hoc
1462 2554 1591 2591 eodem
1620 2558 1742 2603 pacto,

1091 2622 1164 2658 quo
1195 2622 1304 2661 supra
1335 2610 1374 2657 I,
1401 2612 1480 2651 107
1517 2606 1666 2659 οἷνδρος
1687 2624 1746 2648 ω-

1092 2665 1222 2716 ραίην.
1254 2666 1362 2703 Conf.
1386 2665 1517 2703 Matth.
1536 2664 1676 2717 §.339
1688 2685 1744 2693 -

1093 2722 1151 2758 Ad
1173 2722 1473 2771 significationem
1495 2721 1593 2760 verbi
1623 2715 1743 2770 θελή-

1095 2789 1152 2816 σει
1183 2778 1254 2814 vid
1281 2791 1375 2827 quae
1405 2789 1517 2830 supra
1547 2778 1596 2816 ad
1630 2777 1665 2825 1,
1685 2777 1741 2818 32

1094 2838 1177 2871 sunt
1197 2834 1303 2872 dicta.
