1909 3228
544 214 968 254 EUTERPE.
1016 216 1063 254 ΙΙ.

1337 219 1422 258 747

162 323 313 365 παιδία
352 321 526 379 ἀνδρῶν
565 323 805 381 ἐπιχωρίων
828 358 840 379 ,
887 324 1047 382 ἔντομά
1088 337 1199 382 σφεα
1236 325 1477 382 ἐποίησε.90

134 406 156 440 3
167 401 272 456 μετοὶ
303 403 370 456 δὲ,
402 403 460 454 ὠς
489 402 688 456 ἐπάϊστος
717 404 881 461 ἐγένετο
898 409 1029 449 τοῦτο
1046 404 1329 461 ἐργασμένος,
1352 422 1424 460 μι-

163 483 315 537 σηθείς
362 499 406 526 τε
443 484 516 527 καὶ
557 483 851 539 διωκόμενος,
911 486 1049 540 οἴχετο
1105 484 1282 540 φεύγων
1325 488 1423 540 τῇσι

134 564 156 599 4
167 561 297 615 νηυσὶ
327 562 394 606 ἐπὶ
420 562 595 619 Λιβύης.

654 562 702 606 τὸ
740 562 946 606 ἐνθεῦτεν
976 565 1021 607 δὲ
1060 564 1169 608 ὅκου
1200 561 1420 618 ἐτράπετο,

162 638 307 683 οὐκέτι
344 639 461 697 εἶχον
499 644 632 685 εἰπεῖν
661 641 910 697 Αἰγύπτιοι·
968 642 1139 686 τούτων
1179 643 1224 687 δὲ
1262 643 1313 686 τὰ
1343 643 1420 699 μὲν

161 719 375 776 ἱστορίῃσι
405 721 575 775 ἔφασαν
608 721 889 773 ἐπίστασθαι,
920 721 971 764 τὰ
993 722 1060 774 δὲ,
1091 721 1192 776 παρ’
1223 722 1475 766 ἕωυτοῖσι95

38 798 137 844 120
159 797 388 853 γενόμενοι,
421 799 630 853 ἀτρεκέως
658 800 931 855 ἐπιστάμενοι
959 801 1107 856 λέγειν.

158 878 409 932 Αἰγυπτίων
439 881 481 922 οἰ
509 878 618 935 ἱρέες
645 880 816 935 ἔλεγον·
847 879 928 936 ἐγώ
960 880 1005 923 δὲ
1027 884 1087 938 τῷ
1105 879 1218 936 λόγῳ
1237 885 1297 938 τῷ
1318 881 1416 935 περὶ

159 1060 304 1114 ἔντομά
335 1075 438 1112 σφεα
469 1062 655 1115 ἐποίησε]
697 1063 755 1104 ἔν-

100 1133 201 1169 τομα
222 1134 270 1156 sc.
296 1117 447 1171 σφάγια
463 1123 610 1172 proprie
629 1123 755 1158 dicun-

99 1181 159 1211 tur
176 1176 343 1214 victimae
359 1177 529 1214 Manibus
545 1183 655 1226 atque
673 1178 752 1215 Diis

99 1232 221 1269 inferis
272 1239 478 1280 mactatae,
535 1234 754 1272 observante

100 1289 209 1325 schol.
228 1290 274 1325 ad
297 1290 465 1339 Apollon.
484 1290 605 1327 Rhod.
627 1290 653 1337 I,
671 1291 751 1331 587

99 1350 209 1393 atque
253 1345 444 1382 Eustathio
471 1348 518 1382 ad
551 1348 685 1395 Odyss.
723 1342 753 1384 λ’

97 1414 133 1451 p.
149 1402 229 1442 416
254 1402 339 1438 Bas.
363 1405 519 1452 p.1671
540 1403 648 1439 Rom.
671 1403 753 1440 Hoc

97 1470 184 1494 vero
230 1457 308 1493 loco
342 1463 377 1495 et
406 1459 499 1494 infra
539 1459 604 1495 vll
620 1487 631 1505 ,
672 1461 747 1499 191

96 1518 180 1550 sunt
213 1516 378 1550 victimae
413 1514 602 1563 placandis
640 1517 752 1551 ventis

97 1583 238 1613 caesae,-
269 1571 346 1607 coll.
375 1571 516 1607 Arrian.
543 1572 653 1608 Indie.
684 1575 750 1613 20.

96 1626 176 1664 Nec
196 1627 301 1664 aliter
330 1628 428 1678 apud
449 1627 575 1676 Virgil..
596 1628 688 1665 Aen.
705 1628 750 1676 ΙΙ,

99 1686 199 1724 116:

155 1739 340 1788 Sanguine
360 1739 527 1789 placastis
557 1745 685 1777 ventos
710 1745 749 1778 et

315 1799 452 1843 virgine
475 1796 578 1832 caesa

153 1852 340 1901 Sanguine
396 1854 595 1901 quaerendi
653 1853 750 1890 redi-

316 1912 386 1945 tus.
417 1929 473 1935 —

98 1960 246 1999 Addunt
267 1964 425 2013 denique
451 1964 506 2001 his
529 1964 748 2014 interpretes

97 2018 277 2055 Plutarchi
304 2020 443 2067 locum,
483 2020 543 2067 qui
572 2020 641 2057 huc
665 2035 751 2070 spe-

97 2080 190 2122 ctat,
221 2076 267 2112 de
287 2077 431 2125 nialign.
450 2077 589 2113 Herod.
606 2091 641 2126 p.
655 2078 750 2124 857,

94 2131 138 2167 Β.
199 2131 313 2174 Quod
333 2134 378 2169 ad
400 2133 555 2169 humana
575 2134 749 2170 sacrificia

95 2187 243 2235 attinet,
283 2189 457 2226 nonnulla
487 2190 748 2239 disputavimus

96 2244 144 2280 ad
170 2243 223 2290 ΙΙ,
246 2244 311 2285 45.

144 2297 196 2345 ὥς
227 2297 411 2347 ἐπάϊστος
449 2299 623 2353 ἐγένετο]
662 2302 684 2338 i.
713 2315 744 2339 e.

95 2356 157 2392 uhi
175 2361 375 2406 compertum
399 2361 469 2405 est,
495 2371 576 2395 eum
598 2357 748 2405 (Mene-

96 2412 210 2459 laum)
230 2413 297 2449 hoc
316 2419 558 2463 perpetrasse.
578 2414 636 2451 De
653 2420 747 2451 stru-

97 2472 198 2504 ctura
232 2470 323 2505 conf.
363 2469 541 2508 Matthiae
581 2471 647 2507 Gr.
682 2471 747 2507 Gr.

97 2537 131 2572 p-
152 2523 254 2569 5943
285 2526 330 2562 de
351 2526 430 2575 ipsa
454 2540 542 2564 voce
563 2522 749 2572 ἕπάϊστος

97 2579 269 2616 Nostrum
295 2583 388 2618 conf.
419 2582 484 2628 III,
504 2584 566 2623 15.
597 2583 659 2628 Vl,
681 2583 747 2623 74.

96 2635 185 2681 vu,
209 2637 298 2676 146.
332 2637 438 2684 Vm,
468 2640 557 2678 128.
616 2639 750 2675 Glossa

96 2692 310 2729 Herodotea
335 2694 382 2729 ad
407 2694 477 2740 III,
512 2694 562 2734 15
595 2695 749 2744 explicat

98 2762 260 2800 φανερ
277 2744 336 2795 ός.
397 2749 458 2786 Tu
485 2750 556 2786 vid.
589 2751 747 2799 Gregor.

97 2804 262 2842 Corinth.
295 2806 343 2844 de
376 2805 519 2844 dialect.
552 2819 638 2856 pag.
665 2807 747 2848 530

96 2872 174 2910 seq.

1172 805 1318 845 Ταῦτα
1339 802 1417 856 μὲν

880 1062 945 1103 ἐπὶ
976 1059 1159 1116 Λιβύης]
1200 1066 1222 1102 i.
1251 1078 1282 1103 e.
1320 1064 1474 1115 Libyam

822 1134 964 1167 versus,
994 1134 1061 1157 usu
1085 1122 1169 1158 satis
1194 1126 1303 1167 noto,
1334 1122 1380 1159 de
1402 1135 1474 1170 quo

822 1178 892 1214 iam
911 1178 1098 1214 monitum.
1146 1178 1196 1215 Et
1218 1179 1362 1215 firmant
1382 1178 1475 1214 hanc

822 1234 1013 1271 lectionem
1031 1234 1110 1270 libri
1132 1247 1273 1281 omnes,
1292 1235 1360 1271 nisi
1375 1234 1475 1282 quod

823 1291 918 1340 apud
937 1290 1117 1326 Plutarch.
1134 1290 1157 1327 l.
1183 1291 1204 1327 l.
1233 1295 1350 1328 exstat
1383 1287 1473 1328 ἰθύ

822 1345 903 1385 ἐπὶ
930 1342 1109 1396 Λιβύης,
1154 1348 1248 1384 unde
1270 1347 1476 1384 Valckena-

821 1404 895 1439 rius
924 1403 960 1438 in
979 1403 1172 1439 Herodoto
1201 1400 1292 1441 ἰθύ
1311 1398 1476 1453 Λιβύης

819 1458 1016 1507 legendum
1037 1459 1188 1495 censuit.
1241 1460 1347 1502 Quae
1367 1459 1470 1496 lectio

821 1516 898 1552 sine
948 1514 1020 1550 ulla
1059 1528 1169 1552 causa
1205 1528 1227 1552 a
1267 1516 1396 1552 Reizio
1434 1518 1471 1552 et

819 1572 1015 1608 Schaefero
1053 1575 1200 1621 recepta
1237 1576 1302 1609 est.
1346 1593 1391 1597 ——
1427 1571 1469 1608 In

818 1629 892 1664 fine
921 1627 1049 1677 capitis
1080 1628 1127 1664 ad
1160 1627 1354 1683 ἱστορίῃσι
1373 1628 1468 1665 conf.

817 1684 875 1732 ΙΙ,
901 1686 980 1725 118
1010 1684 1095 1733 ibiq.
1116 1688 1193 1721 not.

1016 1769 1123 1818 Cap.
1156 1767 1274 1804 CXX.

874 1848 948 1903 ἐγώ
979 1849 1020 1890 δὲ
1050 1854 1107 1904 τῷ
1142 1846 1247 1904 λόγῳ
1288 1853 1344 1904 τῷ
1377 1850 1470 1903 περὶ

815 1906 974 1958 Ἑλένης
994 1906 1173 1958 λεχθέντι
1191 1923 1226 1946 κ.
1242 1911 1329 1953 τ.λ.]
1363 1909 1469 1945 Conf.

819 1977 928 2014 supra
952 1965 988 2012 Ι,
1009 1967 1046 2005 3.
1105 1964 1172 2000 Est
1192 1978 1276 2001 vero
1302 1965 1471 2012 gravissi-

818 2034 915 2057 mum
937 2021 1043 2057 huius
1070 2021 1196 2070 capitis
1217 2026 1471 2069 argumentum

819 2078 912 2113 binis
935 2078 981 2114 de
1012 2078 1148 2114 causis:
1179 2082 1254 2113 tuin
1287 2078 1385 2126 quod
1417 2078 1472 2113 in-

819 2135 923 2182 signe
955 2134 1137 2170 Herodoti
1169 2134 1325 2170 studium
1352 2134 1471 2182 aperit

816 2191 891 2227 veri
911 2190 1130 2239 reperiundi,
1151 2194 1224 2225 tum
1238 2190 1348 2238 quod,
1362 2202 1470 2238 quam

817 2248 898 2296 ipse
919 2246 1090 2282 historiae
1109 2250 1216 2296 pater
1237 2247 1400 2282 Homero
1431 2251 1469 2283 et

816 2302 954 2352 cyclicis
987 2302 1104 2353 poetis
1144 2302 1253 2339 fidem
1294 2302 1470 2349 tribuerit,

815 2360 963 2408 egregie
995 2359 1180 2396 declarare
1202 2359 1356 2395 videtur.
1414 2358 1468 2395 Ut

815 2416 911 2452 enim
938 2428 1169 2464 nequaquam
1198 2427 1264 2464 pro
1287 2414 1379 2452 veris
1404 2414 1470 2451 ha-

815 2472 924 2517 buit,
971 2484 1208 2520 quaecunque
1246 2469 1294 2506 illi
1336 2473 1469 2520 poetae

818 2528 1045 2573 cecinerant,
1076 2528 1211 2564 itanec
1240 2539 1383 2563 omnem
1414 2527 1469 2563 hi-

818 2584 951 2620 storiae
974 2584 1083 2621 fidem
1116 2584 1159 2620 iis
1194 2583 1378 2630 denegare
1402 2597 1468 2620 vo-

815 2639 890 2676 luit.
961 2640 1071 2683 Quod
1098 2652 1184 2676 vero
1211 2639 1466 2676 Dahlmannus

816 2695 982 2742 (Herod.
1019 2709 1056 2746 p.
1082 2696 1188 2743 101)
1236 2695 1466 2732 Herodotum

814 2753 1027 2802 pronuntiat
1064 2752 1110 2790 de
1150 2752 1256 2789 rebus
1295 2751 1467 2789 Troianis

815 2808 864 2844 nil
900 2809 976 2846 sere
1002 2812 1146 2858 praeter
1173 2808 1291 2858 ipsam
1328 2807 1465 2846 Troiae

815 2867 1120 2916 expugnationem
1160 2864 1356 2903 credidisse
1398 2877 1465 2903 ve-

1475 803 1652 831 Rationibus
1690 803 1749 831 dis-

1473 843 1558 872 putat
1571 837 1749 871 Herodotus,

1473 873 1617 898 nuic-nam
1636 871 1750 898 Troiae

1473 915 1531 933 nou
1550 906 1654 933 fuisse.
