1909 3228
461 232 546 275 42⁰

853 223 1319 266 HERODOTI

462 335 514 386 εὖ
542 335 893 392 ἐσκευασμένοισι
921 333 964 387 ἐξ
1001 335 1149 386 οἴκου,
1195 331 1270 376 καὶ
1306 331 1587 388 προβάτοισι·
1643 332 1717 376 καὶ

470 418 523 476 δὴ
550 419 623 462 καὶ
652 415 771 469 ὕδωρ
802 412 888 457 ἀπὸ
919 416 1001 456 τοῦ
1029 411 1243 456 Χοάσπεω
1274 415 1476 467 ποταμοῦ
1504 411 1593 468 ἅμα
1622 412 1716 467 ἄγε-

463 515 533 541 ται
560 499 640 540 τοῦ
678 492 797 548 παρὰ
834 494 988 535 Σοῦσα
1027 491 1225 547 ῥέοντος,
1276 494 1359 534 τοῦ
1394 490 1565 546 μούνου
1603 491 1718 534 πίνει

437 573 687 633 3βασιλεύς,
724 571 797 615 καὶ
826 570 962 614 ἄλλου
1000 568 1182 620 οὐδενός
1208 572 1425 625 ποταμοῦ.
1482 568 1642 612 τούτου
1673 568 1718 612 δὲ

464 656 544 697 τοῦ
562 650 774 696 Χοάσπεω
793 653 874 693 τοῦ
902 649 1064 701 ὕδατος
1094 647 1372 705 ἀπεψημένου
1399 648 1554 691 πολλαὶ
1582 646 1723 701 κάρτα
1789 654 1842 695 89

466 731 626 788 ἅμαξαι
671 727 955 784 τετράκυκλοι
998 726 1213 785 ἡμιόνειαι
1261 729 1520 783 κομίζουσαι
1564 727 1611 770 ἐν
1649 724 1721 782 ἀγ·
1735 733 1778 768 16

464 811 620 867 γείοισι
648 806 923 865 ἀργυρέοισι,
964 807 1141 851 ἕπονται
1179 807 1263 864 ὅπη
1294 807 1350 850 ἂν
1385 806 1591 864 ἐλαύνῃσι
1620 803 1724 850 ἑκά-

415 1189 455 1224 et
471 1198 542 1223 van
562 1185 630 1223 der
651 1184 751 1234 Chys
774 1183 981 1223 comment.
1003 1198 1069 1234 ge-

417 1242 569 1293 ograph.
604 1241 641 1278 in
677 1240 819 1278 Arrian.
868 1241 1070 1291 (Lugdun.

416 1297 544 1336 Batav.
567 1298 695 1346 1828)
724 1310 811 1348 pag.
841 1299 934 1340 119.

426 1446 428 1449 ,
473 1404 622 1460 ἅμαξαι
659 1405 914 1461 τετράκυκλοι
953 1403 1068 1460 ἡμιό-

417 1463 542 1514 νειαι]
572 1465 688 1502 Prave
708 1467 743 1502 in
765 1466 857 1502 binis
881 1465 978 1502 libris
1008 1477 1071 1502 ex-

418 1525 489 1558 stat
508 1519 704 1571 ἦμιονέαι.
731 1521 925 1569 Vulgatam
946 1521 1071 1558 lectio·

418 1589 503 1614 nem
523 1576 609 1613 satis
627 1581 748 1614 tuetur
765 1581 841 1614 tum
853 1577 1070 1625 reliquorum

419 1632 590 1669 librorum
619 1645 838 1679 consensus,
866 1636 943 1669 tum
979 1632 1071 1669 alio-

420 1701 499 1725 rum
523 1688 735 1737 scriptorum
770 1702 876 1735 usus,
917 1693 956 1724 ut
990 1688 1070 1725 Ho-

420 1743 511 1781 meri
532 1743 666 1790 XXIV,
686 1746 788 1790 266,
818 1748 853 1781 et
874 1743 961 1779 alius
983 1755 1073 1792 poe-

420 1803 501 1843 tae,
531 1803 568 1835 ut
598 1798 664 1835 Cr.
693 1804 837 1846 monet,
869 1800 966 1849 apud
987 1798 1074 1834 Phi-

420 1854 519 1891 lostr.
543 1853 708 1892 Heroice.
728 1869 765 1905 p.
788 1856 868 1896 693
891 1868 920 1891 S.
948 1867 985 1904 p.
1017 1856 1071 1895 98

420 1910 637 1947 Boissonad.
680 1910 876 1960 (Orphicc.
904 1911 1071 1958 sragmm.

421 1978 477 2003 nr.
496 1965 605 2002 XXX
627 1979 713 2016 pag.
734 1964 816 2007 489
837 1967 1071 2014 Hermann.).

421 2017 679 2072 τετράκυκλος
701 2021 853 2059 illustrat
867 2021 1072 2059 Blomfield.

421 2078 460 2115 in
496 2078 658 2115 Glossar.
697 2079 746 2115 ad
781 2077 947 2127 Aeschyl.
980 2078 1073 2115 Pro-

421 2133 531 2171 meth.
551 2134 646 2180 735,
671 2134 730 2170 ubi
750 2139 894 2184 praeter
908 2138 1072 2171 nostrum

420 2190 538 2227 locum
559 2194 595 2227 et
612 2189 765 2227 Homeri
785 2191 820 2226 in
839 2190 974 2239 Odyss.
995 2190 1072 2238 (re-

422 2246 512 2283 ctius
535 2247 571 2282 in
590 2245 631 2282 Il.
653 2245 790 2292 XXIV,
806 2247 910 2295 324)
932 2247 1073 2296 praeci-

423 2315 495 2352 pue
517 2302 751 2353 Hippocratis
775 2301 892 2339 locum
917 2303 964 2339 de
989 2302 1073 2339 Aer.

425 2361 463 2395 et
479 2356 548 2406 Aq.
575 2361 628 2399 93
645 2358 754 2396 affert
774 2359 821 2396 de
839 2358 982 2406 Scythis
1002 2371 1072 2394 no-

425 2414 612 2461 madibus,
659 2414 789 2463 quibus
823 2410 971 2463 ἅμαξαι
1008 2414 1072 2450 tri-

425 2469 582 2506 buuntur
611 2468 657 2508 αἱ
683 2467 756 2521 μὲν
783 2465 979 2519 ἐλάχισται
1005 2483 1073 2509 τε-

425 2521 738 2576 τράκυκλοι,
781 2525 825 2564 αἱ
859 2524 901 2564 δὲ
936 2520 1073 2574 {goinu-

423 2584 521 2620 κλοι.
539 2602 597 2609 -
626 2581 669 2619 In
696 2595 798 2631 seqq.
824 2595 903 2619 cum
921 2586 1070 2620 recentt.

425 2637 601 2675 edidimus
630 2633 822 2690 ἅγγείοισι
847 2633 1071 2689 ἀργυρέοισι

425 2696 561 2728 mutato
606 2695 796 2731 verborum
834 2695 980 2740 ordine,
1021 2694 1072 2731 ita

428 2747 523 2783 enim
539 2748 612 2785 bini
633 2750 805 2788 iubebant
822 2749 900 2787 libri
918 2750 1072 2787 auctori-

430 2804 559 2850 tasque
576 2802 750 2843 Athenaei
771 2805 806 2842 ΙΙ
827 2819 863 2856 p.
885 2805 938 2848 45
952 2834 962 2853 ‚
981 2805 1012 2842 B
1036 2809 1073 2843 et

431 2855 608 2895 Eustathii
650 2861 698 2897 ad
735 2860 886 2909 Dionys.
929 2862 1071 2911 Perieg.

309 892 410 938 189
466 899 601 933 στοτε.
652 887 770 932 Ἐπεί
797 903 842 931 τε
881 887 927 931 δὲ
966 884 989 930 ὁ
1019 889 1168 942 Κῦρος
1205 884 1500 942 πορευόμενος
1537 886 1608 928 ἐπὶ
1643 885 1724 940 τὴν

140 943 263 994 Gjndes
321 957 415 984 amnis

139 1002 199 1028 quo
216 993 324 1019 itinere
332 991 414 1018 fluat:

471 970 716 1024 Βαβυλῶνα
751 967 913 1023 ἐγίνετο
943 965 1014 1010 ἐπὶ
1042 964 1191 1023 Γύνδῃ
1220 969 1422 1022 ποταμῷ,
1460 968 1541 1008 τοῦ
1572 964 1617 1007 αἱ
1645 963 1724 1020 μὲν

141 1027 178 1055 ob
196 1024 416 1054 unumesacxiu

1139 1186 1269 1232 1073,
1298 1184 1347 1221 ad
1376 1184 1512 1233 Odyss.
1535 1181 1586 1220 IV
1615 1195 1653 1234 p.
1673 1180 1784 1224 1499

1136 1255 1165 1280 s.
1193 1242 1294 1287 173,
1325 1242 1389 1283 23.

1192 1296 1354 1336 ἕπονται
1389 1293 1468 1348 ὅπη
1504 1293 1556 1336 ἂν
1595 1289 1787 1349 ἒλαύνῃσι

1136 1349 1335 1403 ἑκάστοτε]
1357 1354 1463 1391 Hane
1478 1353 1682 1398 lectionem,
1693 1363 1788 1400 quae

1137 1423 1209 1446 una
1228 1414 1386 1446 veterum
1404 1409 1573 1446 librorum
1594 1408 1788 1444 auctorita-

1137 1470 1174 1502 te
1195 1466 1335 1511 nititur,
1358 1470 1443 1514 post
1465 1463 1632 1512 Schwgh.
1659 1463 1788 1499 luben-

1137 1525 1192 1558 ter
1219 1521 1443 1558 adscivimus.
1502 1519 1642 1568 Vulgo:
1674 1517 1787 1557 ἕπον-

1138 1576 1202 1615 ταί
1232 1576 1281 1615 οἵ
1309 1572 1428 1615 ὅποι
1456 1572 1506 1615 ὅῖν
1528 1571 1673 1629 ἐλαύνῃ
1699 1569 1788 1613 ἑκά-

1140 1643 1271 1680 στοτε;
1308 1633 1344 1668 in
1372 1646 1445 1682 quo
1472 1632 1513 1671 οἱ
1537 1632 1616 1669 libri
1639 1644 1787 1682 prorsus

1137 1690 1331 1737 ignorant,
1362 1689 1422 1736 qui
1451 1689 1559 1726 iidem
1579 1684 1660 1737 ὅπη
1689 1687 1790 1724 exhi-

1139 1745 1249 1790 bent,
1278 1743 1440 1780 nonnulli
1466 1745 1573 1781 etiam
1599 1743 1696 1791 iique
1713 1755 1791 1780 me-

1140 1799 1247 1836 liores
1265 1794 1474 1853 ἔλαύνῃσι,
1505 1812 1577 1848 qua
1591 1800 1706 1836 forma
1725 1811 1791 1835 an·

1140 1856 1288 1904 tiquiori
1320 1868 1382 1892 cur
1399 1856 1610 1893 Herodotus
1637 1855 1689 1892 uti
1717 1867 1791 1891 non

1138 1912 1313 1962 potuerit,
1352 1924 1459 1949 nemo
1491 1924 1650 1961 unquam
1689 1911 1791 1948 affir-

1140 1968 1300 2005 maverit.
1329 1967 1482 2004 Parisini
1503 1968 1582 2005 libri
1603 1980 1671 2018 pro
1689 1979 1791 2005 more

1139 2023 1322 2073 vulgatam
1332 2025 1483 2061 sormam
1493 2024 1671 2075 praebent
1680 2017 1792 2062 ἐλαύ-

1140 2095 1206 2134 νῃ.
1246 2080 1340 2128 „De
1355 2076 1458 2129 ὅπη,
1489 2080 1588 2130 quod
1621 2079 1791 2129 saepissi-

1139 2148 1198 2173 me
1226 2136 1276 2173 sic
1311 2149 1391 2173 cum
1420 2132 1512 2175 ὅποι
1548 2135 1791 2182 confunditur,

1140 2191 1212 2229 vid.
1253 2190 1332 2228 Ast.
1370 2192 1418 2228 ad
1451 2191 1592 2228 Platon.
1619 2191 1791 2240 Sympos.

1139 2260 1177 2298 p.
1212 2250 1304 2288 196.
1344 2247 1559 2284 Boissonad.
1591 2247 1639 2284 ad
1667 2246 1792 2284 Philo-

1139 2307 1241 2341 strat.
1259 2303 1406 2341 Heroic.
1424 2317 1461 2354 p.
1485 2302 1604 2345 604.“
1635 2302 1702 2340 Cr.

1276 2386 1388 2439 Cap.
1419 2386 1661 2425 CLXXXIX.

1197 2468 1345 2522 ἐγίνετο
1363 2469 1427 2510 ἐπὶ
1447 2466 1583 2525 Γύνδῃ
1605 2471 1791 2525 ποταμῷ]

1139 2526 1198 2564 De
1226 2527 1350 2577 Gynde
1376 2527 1484 2565 fluvio
1512 2528 1584 2565 vid.
1612 2528 1791 2567 Herodot.

1139 2582 1186 2629 V,
1207 2584 1262 2624 52
1275 2612 1285 2630 ,
1317 2584 1377 2620 ubi
1397 2596 1469 2620 una
1488 2597 1566 2621 cum
1583 2584 1696 2621 tribus
1713 2585 1790 2622 aliis

1138 2639 1254 2676 fluviis
1276 2639 1505 2677 traiiciendus
1521 2641 1649 2678 dicitur
1666 2640 1791 2691 Ephe-

1140 2707 1180 2731 so
1201 2696 1296 2732 Susa
1310 2696 1628 2746 proficiscentibus.
1679 2696 1790 2735 Unde

1139 2763 1296 2799 magnae
1325 2753 1533 2789 exoriuntur
1562 2752 1788 2790 difficultates

1139 2807 1175 2842 in
1195 2807 1292 2843 fluvii
1322 2806 1423 2844 huius
1453 2808 1522 2845 situ
1550 2812 1658 2858 atque
1681 2820 1787 2844 cursu

1139 2863 1358 2901 definiendo.
1407 2863 1583 2902 Rennelio
1619 2862 1786 2912 (Geogr.
