1909 3228
664 209 965 249 CLIO.I.
1357 211 1440 252 259

189 319 325 370 ἄλλως
354 319 501 376 μέντοι
531 320 707 363 ἑωυτῶν
746 314 796 362 εὖ
823 318 1019 375 ἥκοντες·
1070 316 1137 361 ἐπὶ
1171 317 1356 370 τούτους
1385 320 1438 376 δή

188 398 559 455 στρατευσάμενος
601 398 623 442 ὁ
657 398 904 455 Φραόρτης,
955 395 1086 448 αὐτός
1123 413 1168 440 τε
1205 397 1439 454 διεφθάρη,

188 477 319 531 ἄρξας
349 477 430 522 δύο
460 479 531 521 καὶ
562 481 698 523 εἴκοσι
728 479 845 530 ἔτεα,
885 477 958 521 καὶ
982 475 1004 520 ὁ
1036 475 1216 532 στρατὸς
1246 476 1383 521 αὐτοῦ
1413 476 1467 520 ὁ5

186 556 360 608 πολλός.

1493 633 1643 670 Cyaxares
1663 643 1701 675 qa
1715 636 1766 663 625

1489 672 1624 703 secutus,
1640 669 1767 709 miiitum

1491 710 1602 741 genera
1621 703 1764 742 dretunut,

1491 735 1766 808 ἳῑῖἱὶἒοξὲἰῖᾚὲἳῖἰ

1491 801 1767 869 mena

1489 868 1642 895 obsidenti
1668 855 1695 895 ei
1714 868 1765 912 Ni-

243 952 252 967 2
364 956 379 963 ,
537 951 545 965 ,
607 953 622 966 ι
762 951 770 966 ,
845 949 857 964 0
902 950 912 964 s
1110 949 1127 966 7
1328 951 1338 965 ,
1488 902 1767 970 ἓέἓὲῒέἓξέῗέἓξὲ

184 969 258 996 και
286 967 454 1006 πρῶτος
484 954 643 1004 διὲϊαζε
671 967 798 1006 χωρίς
838 962 1046 1002 ἓκαστους
1085 967 1217 1003 avoca,
1262 967 1364 1001 τους
1392 967 1434 994 τε
1450 960 1611 1028 ῙΟῑῘιαςιιηᾸ
1629 968 1767 1008 exEuro-

1719 1009 1766 1027 ru-

184 1030 511 1086 αἰχμοφόρους,
559 1031 632 1074 καὶ
659 1029 761 1080 τούς
790 1029 1088 1085 τοξοφόρους,
1136 1030 1209 1073 καὶ
1239 1029 1340 1080 τούς
1371 1031 1434 1072 ἷπ-
1491 1009 1766 1071 ἓῗίἐῃῌῗιῖθωξψῖί·

66 639 163 684 103

158 724 270 772 Ξρης
300 715 323 758 ὁ
357 715 588 769 Φραόρτεω
619 718 700 757 τοῦ
727 713 923 769 Δηϊόκεω
951 718 1064 764 παῖς.
1114 709 1241 764 οὗτος
1273 714 1436 768 λέγεται

302 636 534 692 Φραόρτεω
566 636 611 680 δὲ
640 635 996 691 τελευτήσαντος,
1027 633 1239 686 ἐξεδέξατο
1266 633 1435 686 Κυαξά-

186 793 348 838 πολλὸν
387 794 447 837 ἔτι
487 793 688 848 γενέσθαι
729 791 1018 847 ἀλκιμώτερος
1056 797 1144 836 τῶν
1183 792 1435 847 προγόνων·

183 874 258 918 καὶ
286 872 456 928 πρῶτός
485 889 528 916 τε
559 873 718 929 ἐλόχισε
751 872 859 914 κατὰ
887 870 1005 914 τέλεα
1026 870 1131 922 τούς
1158 872 1203 915 ἐν
1221 876 1274 929 τῇ
1299 871 1432 929 Ἀσίῃ,

184 1110 309 1160 πὲτις·
361 1110 446 1164 πρὸ
475 1114 556 1153 τοῦ
586 1109 631 1153 δὲ
662 1109 815 1165 ἀναμὶξ
843 1105 899 1164 ἦν
928 1107 1068 1152 πάντα
1099 1107 1258 1164 ὁμοίως
1288 1107 1439 1151 ἀναπε·

155 1188 406 1244 3φυρμὲνα.
469 1185 609 1239 Οὗτος
637 1187 661 1231 ὁ
692 1193 804 1231 τοῖσι
845 1189 1032 1231 Λυδοῖσί
1075 1188 1162 1231 ἐστι
1203 1188 1440 1244 μαχεσάμε-

182 1283 281 1319 νος,
337 1266 408 1310 ὅτε
444 1267 526 1319 νύξ
562 1266 589 1323 ἡ
630 1266 766 1323 ἡμέρη
807 1264 970 1321 ἐγένετό
1021 1278 1101 1320 σφι
1142 1266 1441 1323 μαχομένοισι·

182 1346 257 1390 καὶ
286 1345 309 1388 ὁ
340 1345 418 1401 τὴν
455 1345 608 1396 ΙἍλυος
636 1349 844 1399 Ῐποταμοῦ
884 1343 974 1387 c'c'vco
1010 1343 1156 1401 Ἀσίην
1190 1349 1335 1388 πᾶσαν
1374 1358 1448 1388 συ-

155 1424 346 1480 4στήσας
376 1424 536 1485 ἑωυτῷ.
595 1421 816 1476 Συλλέξας
853 1423 899 1467 δὲ
936 1422 1041 1474 τούς
1068 1421 1140 1466 ὑπ’
1182 1423 1331 1479 ἑωυτῷ
1372 1422 1500 1479 oio-15

336 1621 368 1658 C
380 1633 401 1658 a
411 1633 447 1670 p.
478 1617 576 1656 CIII.

184 1699 337 1753 πρῶτός
356 1718 396 1742 τε
425 1697 573 1752 ἐλόχισε
600 1698 698 1741 κατοῖ
726 1699 782 1741 τέ-

131 1760 198 1797 λεα
214 1756 308 1804 τούς
329 1758 372 1798 ἐν
392 1761 441 1813 τῇ
460 1754 595 1810 Ἀσίῃ]
617 1759 783 1808 λοχίζειν

131 1820 210 1852 est:
254 1815 491 1861 distribuere,
536 1815 696 1851 dividere
725 1827 784 1851 se-

131 1871 288 1907 cundum
319 1866 460 1921 λόχους
496 1870 601 1917 (sive
618 1870 783 1906 cohortes

130 1927 265 1964 dixeris
288 1927 363 1963 sive
382 1925 617 1975 manipulos).
676 1925 784 1961 Conf.

132 1984 240 2019 etiam
274 1983 408 2019 Suidas
440 1996 469 2019 s.
488 1995 520 2017 v.
551 1985 587 2019 et
617 1980 784 2016 Zonaras

132 2038 170 2074 in
188 2038 278 2075 Lex.
299 2052 335 2088 p.
363 2039 464 2085 695,
484 2037 545 2073 ubi
569 2042 690 2074 tamen
708 2049 786 2073 ma-

131 2094 166 2131 le
219 2094 404 2131 exhibetur
445 2092 611 2143 ἐλόχησε.
687 2092 785 2129 Hinc

131 2150 296 2187 additum
323 2145 423 2188 κατοέ
445 2148 578 2194 τέλεα,
615 2161 695 2186 cum
727 2146 785 2187 τέ-

131 2208 199 2252 λος
228 2206 286 2243 hic
314 2212 448 2243 certam
479 2206 662 2254 quandam
694 2205 786 2241 mili-

133 2266 210 2299 tum
226 2275 394 2309 manum,
424 2261 608 2299 cohortem
635 2264 702 2298 etc.
730 2261 786 2298 in-

135 2318 231 2355 dicet
240 2319 460 2367 saepiusque
469 2317 537 2354 hoc
549 2330 671 2363 sensu,
679 2330 787 2366 prae-

135 2375 258 2410 sertim
281 2375 420 2411 adiecta
436 2374 708 2424 praepositione
719 2388 786 2411 κα-

135 2425 183 2466 vo}
203 2429 360 2465 notionis
390 2429 658 2474 distributivae,
689 2429 788 2478 apud

136 2483 311 2521 Nostrum
339 2486 550 2522 inveniatur.
615 2485 676 2521 Sic
706 2485 788 2531 Vll,

139 2541 204 2580 87.
235 2543 327 2580 211.
357 2540 430 2588 ΙΧ,
461 2542 527 2583 20.
558 2542 623 2581 33.
657 2561 704 2566 —
745 2540 787 2576 in

137 2607 241 2644 seqq.
261 2592 337 2646 πρὸ
367 2599 440 2635 τοῦ
471 2597 548 2633 iure
577 2596 786 2645 scripsimus
840 2617 853 2631 e

138 2664 219 2688 cum
249 2656 396 2689 recentt.
425 2664 494 2702 pro
523 2650 670 2699 vulgato
693 2665 787 2703 προ-

137 2721 222 2746 του.

194 2785 260 2830 ὅτε
286 2785 362 2836 νύξ
401 2787 431 2840 ἦ
468 2787 597 2842 ἡμέρη
636 2787 788 2844 ἐγένετό

140 2857 212 2897 σφι
229 2861 265 2887 κ.
275 2844 369 2897 τ.λ.]
400 2845 458 2886 De
481 2846 659 2887 locutione
678 2851 788 2900 atque

848 1618 931 1667 ipsa
951 1630 990 1654 re
1011 1617 1144 1654 dictum
1166 1618 1213 1654 ad
1232 1617 1267 1665 I,
1296 1618 1362 1660 74.
1421 1618 1505 1655 Hoc

849 1672 928 1710 loco
947 1673 1034 1709 illud
1056 1675 1223 1711 addimus
1236 1703 1246 1721 ,
1264 1675 1357 1711 hane
1377 1675 1423 1712 de
1443 1688 1503 1710 so-

850 1729 895 1765 lis
927 1730 1133 1767 defectione
1158 1731 1402 1768 narrationem
1427 1743 1503 1767 me-

851 1786 984 1821 morari
1001 1798 1147 1834 quoque
1167 1787 1204 1822 in
1215 1787 1409 1823 Persarum
1427 1798 1505 1822 car-

853 1841 951 1877 mine
991 1841 1262 1888 Schahnameh,
1312 1842 1379 1878 sub
1416 1853 1505 1889 rege

852 1896 1072 1943 Remmius,
1094 1898 1155 1945 qui
1179 1898 1259 1946 ipse
1279 1897 1504 1933 Graecorum

854 1952 1040 1999 Cyaxares
1060 1965 1141 1989 esse
1158 1952 1378 2001 perhibetur.
1417 1952 1504 1988 Vid.

852 2006 1038 2044 Hammer.
1066 2007 1102 2044 in
1131 2007 1282 2045 Wiener
1309 2007 1504 2044 Jahrbiich.

852 2061 906 2098 IX
940 2077 975 2113 p.
1002 2064 1064 2103 13.
1122 2063 1163 2099 In
1193 2076 1295 2112 seqq.
1337 2076 1431 2112 quae
1459 2063 1507 2100 sit

852 2113 1039 2169 οἷ”Ἀλυος
1066 2121 1248 2169 ποταμοῦ
1278 2115 1363 2157 ἅνω
1394 2114 1508 2169 Ἀσίη

853 2176 984 2222 πᾶσα,
1014 2175 1102 2211 satis
1125 2180 1278 2225 apparet
1297 2175 1384 2212 inde
1404 2174 1508 2224 quod

853 2243 965 2280 supra
985 2231 1021 2277 I,
1044 2233 1097 2271 73
1129 2231 1253 2279 Halyn
1273 2230 1420 2267 fluvium
1450 2231 1508 2266 di-

853 2291 955 2323 xerat
989 2299 1161 2336 separare
1187 2289 1258 2336 τῆς
1294 2281 1425 2336 Ἀσίης
1456 2282 1506 2324 vo?

854 2337 962 2380 κάτω
985 2343 1007 2379 i.
1021 2356 1051 2379 e.
1078 2355 1157 2379 eam
1175 2342 1299 2379 Asiam
1317 2355 1426 2390 quam
1437 2342 1506 2378 mi-

854 2411 981 2435 norem
1010 2411 1078 2434 nos
1109 2399 1228 2436 dicere
1262 2397 1440 2444 solemus,
1481 2410 1506 2434 a

854 2454 992 2503 reliqua
1009 2453 1117 2500 Asia,
1146 2455 1169 2490 i.
1191 2468 1221 2491 e.
1252 2453 1446 2490 Armeniae
1467 2457 1505 2490 et

855 2510 1052 2560 superioris
1087 2509 1198 2547 Asiae
1221 2523 1243 2547 a
1280 2509 1504 2558 regionibus,

855 2579 945 2615 quas
976 2567 1052 2602 iure
1082 2566 1166 2602 inde
1202 2566 1237 2602 h.
1263 2564 1286 2601 l.
1313 2566 1398 2602 dicit
1427 2561 1503 2614 τήν

852 2618 991 2668 Ἀλυος
1027 2624 1207 2671 ποταμοῦ
1241 2617 1325 2659 ι’ίνω
1370 2615 1504 2670 Ἀσίην

855 2680 1001 2716 πᾶσαν.
1059 2677 1166 2714 Conf.
1206 2689 1351 2727 quoque
1387 2676 1435 2713 ad
1464 2676 1503 2723 I,

854 2735 909 2775 73
928 2736 1042 2769 notat.

922 2786 943 2828 ὅ
963 2809 1020 2816 -
1048 2784 1311 2839 συστήσας
1340 2784 1500 2839 ἑωυτῷ]

856 2846 880 2883 ἰ.
897 2857 948 2884 e.:
978 2847 1101 2897 qui—
1117 2845 1186 2882 sz'bz‘
1204 2844 1370 2892 subiecit,
1398 2855 1504 2892 regno

1140 2900 1227 2941 17*
