1909 3228
467 210 552 251 704

883 208 1347 248 HERODOT1

468 317 514 362 ἐν
542 320 603 373 τῷ
633 320 786 376 στεινῷ
815 321 890 372 τῆς
920 316 1171 373 Αἰγύπτου·
1224 318 1385 369 ἔξωθεν
1415 319 1460 362 <ste
1491 318 1623 376 αὐτῆς
1653 337 1726 365 πε-
1739 330 1784 362 60

467 396 666 452 ριορύξαι
716 398 872 453 λίμνην
912 396 957 438 ἐκ
996 401 1076 438 τοῦ
1112 401 1312 452 ποταμοῦ
1347 398 1454 452 πρὸς
1491 401 1647 456 βυρέην
1684 418 1726 444 τε

468 477 539 520 καὶ
569 475 678 530 πρὸς
709 475 889 531 ἕσπέρην
938 476 986 518 τό
1004 475 1084 530 γὰρ
1106 476 1215 529 πρὸς
1238 476 1316 533 τήν
1339 475 1401 532 ἠῶ
1425 475 1555 528 αὐτός
1577 478 1597 522 ὁ
1626 484 1726 523 Νεῖ-

438 560 544 606 9λος
576 554 763 610 ἀπέργει.
796 558 927 598 τοῦτο
952 554 1020 606 δὲ,
1051 560 1131 597 τοῦ
1156 555 1396 611 ἹΙφαίστου
1416 556 1463 600 τό
1488 557 1584 611 ἱρὸν
1606 558 1726 612 ἱδρύ-

467 641 629 678 σασθαι
657 634 703 678 ἐν
731 631 866 691 αὐτῇ,
898 632 971 678 ἐόν
1000 634 1107 690 μέγα
1141 651 1184 678 τε
1214 636 1287 678 καὶ
1317 635 1727 692 ἀξιαπηγητότατον.

410 830 447 866 in
461 829 675 868 occidentali
691 829 765 868 Nili
782 830 861 881 ripa
873 829 1062 881 Memphin

410 888 595 923 conditam
632 888 743 924 fuisse
781 887 996 937 perhibent,
1038 888 1062 923 ii

408 943 466 981 vel
487 943 605 980 Plinio
632 947 725 981 teste
753 944 813 991 (h.
835 956 871 979 n.
889 943 1062 990 xxxvl,

413 1001 484 1047 16)
505 1000 637 1037 erroris
659 1001 764 1048 argui
792 1004 955 1049 possunt.
1012 999 1064 1036 Et

411 1056 524 1093 secuti
555 1060 640 1092 sunt
667 1056 725 1093 alii
754 1057 1061 1107 peregdnatores,

411 1113 473 1162 qui
495 1113 540 1149 ab
567 1114 639 1149 isto
669 1113 748 1149 loco
776 1114 961 1150 meridiem
981 1126 1064 1150 ver-

411 1182 470 1205 sus
491 1170 733 1219 proficiscenti
748 1169 935 1220 Memphin
956 1170 1062 1206 situm

409 1226 520 1262 fuisse
540 1231 730 1263 censerent
750 1226 791 1262 iis
812 1227 848 1262 in
864 1226 970 1271 locis,
1003 1226 1063 1262 ubi

409 1295 505 1318 nunc
522 1287 665 1319 exstant
686 1282 752 1318 vici
773 1282 1062 1319 biniZlIefraleen-

409 1351 456 1388 ny
495 1343 532 1375 et
562 1337 767 1375 Illolzcmnan
795 1339 869 1377 sive
900 1338 1063 1376 Mom‘e'li-

410 1395 575 1431 Ralu'neli
614 1400 651 1432 et
689 1394 881 1432 Molclman.
958 1398 1064 1439 Quae

410 1452 591 1488 sententia
617 1451 802 1488 Gallorum
827 1465 973 1500 quoque
995 1453 1063 1488 do-

410 1513 547 1545 ctorum
579 1520 763 1544 assensum
788 1508 886 1554 tulit,
918 1509 954 1545 in
984 1509 1063 1558 ipsa

409 1563 487 1600 loca
517 1568 684 1601 accurate,
704 1565 982 1613 inquirentium,
1013 1565 1064 1600 ita

409 1624 450 1656 ut
472 1621 549 1657 iure
570 1622 798 1669 acquiescere
818 1622 946 1670 possis.
978 1620 1061 1657 Vid.

410 1676 611 1725 Champoll.
632 1677 790 1727 l'Egypl.
813 1691 898 1713 sous
918 1676 937 1713 l.
959 1677 1060 1727 phar.

409 1732 425 1768 I
451 1747 487 1782 p.
507 1734 589 1774 342
613 1747 715 1782 seqq.
743 1738 778 1770 et
817 1747 853 1783 p.
877 1734 959 1774 347
985 1745 1062 1781 seq.

408 1788 594 1826 Mannert.
626 1790 836 1839 Geograph.
869 1790 903 1826 d.
933 1790 997 1825 Gr.
1029 1802 1063 1825 u.

409 1845 516 1881 Rom.
540 1845 593 1893 X,
624 1849 640 1886 1
666 1859 751 1895 pag.
774 1846 854 1886 450
883 1845 959 1882 coll.
983 1857 1062 1881 cum

407 1901 561 1938 Rennel.
582 1915 616 1952 p.
631 1903 711 1943 599
725 1915 827 1950 seqq.
840 1907 874 1938 et
886 1901 1064 1938 schlicht-

408 1957 521 1994 horst.
540 1958 562 1994 l.
582 1958 603 1994 l.
633 1972 717 2008 pag.
740 1960 792 1999 89
815 1971 917 2007 seqq.
959 1958 1062 2001 Quos

407 2015 503 2051 viros
525 2015 652 2051 doctos
673 2014 882 2060 consulant,
903 2015 964 2063 qui
985 2014 1065 2064 plu-

408 2083 448 2107 ra
461 2072 507 2108 de
519 2072 615 2108 urbis
633 2072 881 2120 magnitudine
894 2075 931 2108 et
941 2071 1064 2120 splen-

409 2128 498 2165 dore
518 2128 662 2165 edoceri
684 2129 851 2178 cupiant,
882 2128 927 2164 ab
943 2128 1062 2164 Hero-

408 2184 486 2221 doti
511 2185 815 2234 interpretatione
854 2184 952 2221 haud
987 2184 1060 2221 scio

407 2253 454 2278 an
475 2241 579 2277 nimis
602 2241 729 2278 aliena.
789 2240 936 2278 Nomen
965 2241 1060 2276 urbis

408 2298 458 2334 sic
514 2298 776 2347 iuterpretatur
833 2297 1061 2333 Iablonskius

407 2354 524 2401 (voce.
545 2354 662 2402 Aegg.
687 2368 723 2404 p.
751 2355 877 2401 137),
917 2357 958 2390 ut
986 2353 1061 2403 ple-

405 2423 486 2447 num
524 2410 683 2447 bonorum
724 2410 914 2459 intelligat.
980 2409 1062 2447 Nec

407 2467 555 2504 multum
569 2468 614 2504 ab
636 2480 680 2504 eo
699 2467 837 2504 recedit
858 2466 1061 2516 Champoll.

407 2524 429 2560 l.
446 2523 467 2559 l.
490 2537 525 2573 p.
543 2525 625 2564 363
637 2551 648 2570 ,
678 2525 740 2572 qui
765 2523 834 2560 loci
851 2523 931 2559 bom·
949 2522 1062 2572 signi-

407 2581 612 2617 ficationem
627 2581 663 2616 in
682 2593 725 2617 ea
743 2593 832 2617 voce
849 2580 967 2617 inesse
987 2580 1063 2617 exi-

409 2637 542 2673 stimat.
603 2637 782 2674 Graecum
815 2649 900 2673 vero
928 2648 1062 2673 nomen

408 2693 517 2729 refert
536 2693 584 2729 ad
604 2692 822 2743 Aegyptium
846 2691 958 2743 Mefi,
987 2692 1060 2741 quo

407 2747 469 2783 illa
509 2749 593 2785 urbs
631 2750 676 2785 ab
715 2749 906 2798 Aegyptiis
933 2759 1060 2786 revera

409 2804 516 2840 suerit
536 2805 701 2842 vocitata.
746 2805 786 2842 In
804 2806 1059 2843 Hebraeorum

407 2858 518 2897 literis
567 2865 716 2898 vocatur
752 2861 858 2913 Noph.
874 2891 886 2911 ‚
933 2860 1056 2912 Moplae.

1130 829 1238 867 Plura
1257 831 1392 868 Gesen.
1414 831 1462 868 ad
1480 830 1583 869 Iesai.
1608 832 1711 880 XIX,
1735 834 1784 874 13

1129 900 1214 937 pag.
1235 890 1327 928 622.

1187 943 1228 982 ἐν
1250 946 1300 996 τῷ
1324 946 1465 997 στεινῷ
1480 939 1782 997 τῆςΑἶγῦπτου]

1130 996 1173 1039 τὸ
1202 997 1351 1038 στεινὸν
1385 1006 1578 1049 angustam
1622 1001 1784 1051 Aegypti

1130 1061 1272 1107 partem
1302 1057 1389 1094 dicit
1409 1070 1510 1103 eam,
1540 1070 1634 1106 quae
1655 1070 1677 1094 a
1695 1057 1784 1095 Del-

1130 1120 1190 1150 tae
1209 1114 1310 1162 apiee
1329 1114 1516 1150 meridiem
1528 1127 1649 1151 »ersus
1661 1127 1784 1151 escen-

1131 1170 1233 1207 denti
1253 1170 1434 1206 montibus
1454 1171 1622 1219 utrinque
1648 1170 1784 1207 inclusa

1131 1225 1205 1264 Nili
1222 1226 1333 1262 eflicit
1354 1225 1492 1263 vallem.

1186 1278 1231 1320 τό
1255 1279 1328 1333 γάρ
1352 1280 1448 1332 πρὸς
1474 1281 1547 1332 τήν
1579 1277 1641 1332 ‘tirsi
1668 1276 1785 1328 αὐτὸς

1133 1336 1155 1377 ὁ
1178 1341 1320 1384 Νεῖλος
1341 1334 1523 1390 α’πέργει]
1559 1337 1690 1386 „Nam
1707 1352 1786 1376 ver-

1131 1408 1190 1431 sus
1211 1398 1369 1431 orientem
1386 1398 1456 1444 ipse
1469 1395 1578 1432 Ne'lus
1588 1408 1662 1431 eum
1678 1409 1784 1444 prae-

1131 1454 1317 1497 strz'ngae't.“
1377 1453 1430 1488 lta
1459 1452 1682 1499 Schweigh.;
1721 1452 1783 1500 qui

1132 1509 1168 1544 in
1207 1507 1273 1543 lex.
1314 1508 1452 1545 Herod.
1477 1521 1504 1544 s.
1535 1521 1566 1544 v.
1597 1503 1782 1558 οἷπέργειν

1130 1568 1276 1609 monet,
1316 1564 1479 1614 usurpari
1504 1564 1571 1601 hoc
1590 1565 1741 1601 verbum
1760 1576 1782 1600 a

1130 1620 1291 1665 Nostro,
1325 1621 1471 1669 quando
1503 1625 1566 1657 aut
1593 1633 1690 1657 mare
1719 1625 1783 1657 aut

1130 1677 1260 1712 fluvius
1291 1677 1474 1724 regionem
1503 1677 1645 1713 dicatur
1664 1676 1784 1713 exclu-

1131 1733 1218 1769 dere
1256 1746 1283 1769 s.
1315 1734 1528 1780 seiungere,
1569 1746 1615 1770 ne
1639 1732 1782 1780 longius

1132 1788 1191 1824 illa
1220 1789 1406 1837 porrigat,
1444 1790 1465 1825 i.
1497 1802 1527 1825 e.
1550 1789 1681 1838 finire,
1712 1792 1782 1824 ter-

1131 1847 1284 1890 uu'mzre;
1329 1850 1369 1881 tu
1401 1846 1493 1881 cous.
1523 1844 1558 1890 l,
1588 1848 1652 1885 72.
1690 1844 1781 1885 174.

1133 1900 1225 1942 204.
1302 1901 1399 1937 Hinc
1425 1913 1446 1937 a
1471 1914 1580 1938 sensu
1609 1901 1676 1937 loci
1708 1913 1783 1938 non

1131 1957 1313 1995 aberravit
1331 1957 1434 1994 Miot.
1448 1987 1458 2004 ,
1475 1959 1525 1994 sic
1546 1957 1684 1994 Gallice
1702 1970 1783 1994 ver-

1132 2018 1233 2051 tens:
1274 2015 1361 2061 „du
1395 2015 1474 2051 cote
1504 2015 1549 2051 de
1578 2013 1722 2051 l’orient
1748 2013 1782 2051 le

1130 2070 1192 2107 Nil
1213 2071 1328 2107 meme
1352 2070 1406 2107 luz·
1423 2073 1492 2107 sert
1513 2070 1553 2106 cle
1574 2070 1753 2119 ‹le'sensef‘

1185 2129 1256 2165 τοῦ
1269 2126 1485 2175 Ἡφαίστου
1504 2123 1545 2165 τὸ
1569 2123 1655 2176 ἱρὸν
1671 2120 1782 2177 [δρύ-

1130 2187 1280 2221 σασθαι
1300 2182 1340 2221 ἐν
1372 2179 1494 2235 αὐτῇ,
1527 2179 1593 2221 ε’ὀν
1618 2180 1714 2232 μέγα
1742 2195 1781 2220 τε

1129 2238 1192 2277 καὶ
1216 2234 1603 2291 ἀξιαπηγητότατον]
1630 2238 1684 2276 De
1708 2251 1780 2287 quo

1128 2295 1264 2345 templo
1286 2295 1387 2345 plura
1408 2300 1601 2332 narrantur
1620 2294 1674 2340 ll,
1691 2298 1782 2335 101.

1131 2354 1336 2393 108.110.
1370 2355 1460 2393 121.
1494 2353 1583 2392 136.
1642 2351 1739 2389 Nam
1761 2363 1784 2387 a

1128 2408 1240 2445 Mene
1281 2408 1489 2446 inchoatum
1529 2408 1783 2445 tantummodo

1128 2464 1301 2514 templum
1328 2466 1466 2515 posteri
1492 2478 1597 2513 reges
1618 2463 1784 2501 certatim

1129 2526 1357 2559 exornarunt.
1421 2521 1576 2559 Addidit
1603 2519 1784 2558 vestibula

1130 2578 1417 2627 septentrionem
1464 2591 1587 2615 versus
1630 2575 1782 2621 Moeris,

1131 2635 1356 2672 occidentem
1393 2647 1517 2672 versus
1547 2632 1785 2683 Rhampsini-

1129 2695 1208 2737 tus,
1233 2691 1410 2728 orientem
1428 2704 1552 2729 versus
1568 2702 1686 2739 eaque
1704 2700 1785 2725 ma·-

1129 2747 1424 2796 gnificentissima
1459 2746 1632 2797 Asychis,
1672 2744 1784 2782 meri-

1127 2805 1224 2840 diem
1244 2816 1365 2841 versus
1378 2802 1664 2842 Psammitichus.
1721 2799 1781 2837 De

1126 2859 1266 2897 colosso
1298 2864 1386 2898 ante
1414 2860 1483 2898 hoc
1510 2857 1683 2910 templum
1702 2867 1777 2893 ere-
