1877 3223
436 212 519 252 220
828 210 1294 250 HERODOTI

436 320 513 366 τὸν
537 323 686 373 Κῦρον
701 317 951 363 ἀκούσαντα
965 352 975 371 ,
1006 323 1202 363 κελεῦσαι
1223 318 1326 370 τούς
1347 319 1553 376 ἑρμηνέας
1573 322 1686 365 ἐπεί-

435 405 590 456 ρεσθαι
619 398 694 440 τὸν
724 401 941 451 Κροῖσον,
969 401 1064 442 τίνα
1089 403 1247 442 τοῦτον
1277 397 1567 443 ἐπικαλέοιτο·
1613 401 1686 443 καὶ
1699 408 1742 442 80

407 479 542 530 5τούς
584 476 907 530 προσελθόντας
947 478 1194 532 ἐπειρωτᾶν.

1265 480 1457 530 Κροῖσον
1498 479 1544 522 δὲ
1585 480 1688 530 τέως

435 559 514 615 μὲν
543 557 667 613 σιγήν
698 558 803 612 ἔχειν
833 556 1152 611 ἐρωτεώμενον·
1183 556 1287 610 μετὰ
1319 557 1387 607 δὲ,
1420 554 1475 606 ὡς
1504 556 1687 612 ἠναγκά-

437 642 527 690 ζετο
539 670 550 684 ,
593 638 724 679 εἰπεῖν
740 653 746 660 ·

808 669 832 688 ,,
851 636 937 679 Τὸν
967 634 1021 678 ἂν
1050 634 1132 690 ἐγώ
1163 638 1269 678 πᾶσι
1298 633 1551 688 τυράννοισι
1580 650 1689 688 προ-

436 716 647 771 ,,ετι’μησα
698 715 897 770 μεγάλων
935 712 1165 770 χρημάτων
1205 713 1247 764 ἐς
1300 713 1458 768 λόγους
1507 713 1689 757 ἐλθεῖν.“

432 792 508 845 Ὡς
537 792 582 836 δέ
613 804 691 849 σφι
720 792 861 849 ἄσημα
891 794 1065 849 ἔφραζε,
1097 793 1228 836 πάλιν
1265 792 1520 845 ἐπειρώτεον
1542 791 1594 835 τά
1628 796 1687 835 λε-

408 882 429 914 6
439 872 612 928 γόμενα.

672 871 965 926 λιπαρεόντων
996 873 1040 916 ὁὲ
1080 871 1244 921 αὐτῶν,
1292 874 1364 914 καὶ
1403 870 1534 926 ὄχλον
1560 879 1743 925 παρις-85

435 950 624 1008 χόντων,
674 951 786 1007 ἔλεγε
817 951 892 1008 δὴ,
934 951 993 1001 ὠς
1021 946 1126 1007 ἦλθε
1156 950 1290 1006 ἀρχὴν
1320 950 1343 994 ὁ
1375 950 1555 1003 Σόλων,
1604 950 1686 994 ἐών

380 1171 507 1219 video,
537 1184 599 1209 cur
617 1183 638 1208 a
656 1170 791 1220 vulgari
808 1170 911 1208 huius
931 1171 1029 1209 verbi

381 1228 698 1278 interpretatione,
728 1229 774 1265 ad
794 1228 1030 1278 quamipsam

381 1285 437 1321 vel
466 1284 590 1334 glossa
610 1284 793 1334 adscripta
824 1285 882 1329 (si
901 1287 1028 1322 λειπο·

380 1341 514 1388 ταξίας
532 1340 719 1378 lectionem
753 1341 918 1377 nimirum
946 1341 1030 1377 iude

382 1398 481 1434 dieas
503 1397 639 1444 ortam)
669 1410 736 1433 uos
764 1397 896 1434 ducere
923 1402 1028 1446 pote—

381 1457 459 1500 rat,
497 1453 683 1499 recedam,
713 1465 780 1489 nec
800 1452 1028 1489 Herodotum

381 1509 524 1547 credam
546 1508 613 1544 hoc
644 1508 755 1545 verbo
786 1508 829 1545 eii
849 1509 1029 1555 significa-

382 1566 480 1602 tione
500 1577 625 1610 usum,
664 1564 735 1612 quit
759 1569 842 1613 post
866 1566 910 1601 ab
935 1565 1030 1614 opti-

381 1622 449 1659 mis
478 1620 680 1669 quibusque
701 1621 932 1669 scriptoribus
963 1621 1028 1656 ad-

381 1677 532 1714 hibitum
558 1676 731 1713 videmus.
789 1676 915 1725 Itaque
942 1676 1031 1713 hacc

381 1734 487 1770 nobis
501 1732 568 1770 erit
585 1733 652 1768 loci
673 1734 872 1770 sententia:
903 1732 1031 1780 „Croe-

381 1803 457 1825 sum
477 1793 584 1825 mente
601 1791 737 1838 recepta
758 1792 789 1824 ct
810 1789 900 1824 edito
919 1790 1029 1836 gemi-

383 1849 422 1882 tu
437 1844 675 1896 postmultum
693 1844 867 1881 silentium
889 1845 937 1889 (s.
950 1844 1029 1892 qui-

383 1902 497 1950 etem)
532 1904 583 1937 ter
612 1903 802 1937 ιιοηιίιιαεεε
832 1900 1029 1938 Solonem.“

381 1957 599 2007 Scripsimus
629 1970 714 1994 vero
749 1970 828 1995 cum
859 1957 1026 2004 Schwgh.

382 2018 419 2052 et
449 2014 566 2050 Gaisf.
599 2009 762 2052 Σόλωνα
798 2027 866 2065 pro
895 2013 1030 2061 vulgat.

383 2065 602 2109 Σόλων.-
630 2070 673 2106 In
692 2083 796 2119 seqq.
818 2083 885 2120 pro
903 2069 994 2108 τέω
1012 2084 1031 2114 ς

383 2127 458 2164 bini
487 2127 567 2164 libri
602 2126 770 2164 exhibent
803 2127 895 2174 ἕως,
931 2126 1030 2175 quod

382 2183 482 2233 apud
501 2186 630 2233 poetas
649 2196 716 2233 pro
742 2181 837 2229 τέως
868 2183 957 2233 poni
986 2194 1029 2219 ex

382 2239 561 2276 Eustathii
605 2240 868 2278 commentariis
907 2242 1031 2276 monet

382 2296 550 2344 Schwgh.
568 2297 772 2346 probatque
803 2296 918 2346 ipsius
951 2295 1029 2332 He-

383 2352 502 2388 rodoti
537 2352 616 2390 loco
645 2352 751 2400 Vlll,
787 2353 842 2394 74
875 2351 952 2389 coll.
982 2351 1028 2397 11,

386 2409 477 2448 169.
536 2409 611 2446 Sed
641 2407 736 2454 τέως
765 2410 859 2446 idem
891 2412 1027 2453 monet,

384 2464 533 2501 inveniri
554 2464 591 2512 I,
612 2467 676 2506 82.
697 2465 763 2507 94.
794 2464 905 2503 Unde
921 2463 1030 2500 libro-

385 2532 462 2556 rum
483 2522 715 2571 complurium
742 2521 847 2559 lectio
867 2533 940 2557 non
958 2519 1030 2555 sol-

385 2575 564 2613 licitanda.
603 2598 659 2605 —
690 2576 749 2614 Ad
781 2580 1030 2626 argumentum

387 2634 510 2669 confer
537 2633 586 2669 sis
617 2634 859 2671 narrationem
893 2631 1030 2670 Aeliani

387 2686 472 2724 var.
490 2688 587 2726 Hist.
606 2690 656 2726 lx
671 2719 680 2736 ,
700 2692 749 2730 41
764 2719 775 2737 ,
804 2690 863 2726 ubi
880 2689 928 2726 ad
937 2687 1031 2725 Pau-

388 2744 527 2779 saniam
548 2747 712 2782 traducta
731 2750 834 2793 sunt,
863 2757 958 2794 quae
976 2745 1031 2782 hic

390 2799 437 2835 de
466 2799 604 2837 Croeso
634 2814 676 2838 ac
703 2796 1029 2849 Solone'legimiis.

391 2856 451 2891 sic
470 2861 564 2894 certe
585 2857 762 2894 existimat
779 2857 1030 2906 Wyttcubach.

1100 1172 1147 1208 ad
1167 1171 1260 1209 Plut.
1289 1170 1418 1209 Moral.
1443 1172 1478 1220 Ι,
1499 1175 1526 1214 2
1546 1183 1630 1221 pag.
1650 1170 1743 1212 715.

1099 1228 1231 1276 Neque
1249 1228 1317 1265 hoc
1334 1229 1530 1278 praeterire
1548 1228 1668 1274 iuvat,
1698 1228 1747 1264 ad

1098 1285 1208 1322 hocce
1225 1285 1352 1321 Croesi
1364 1286 1476 1322 satum
1492 1284 1644 1321 traxisse
1655 1296 1746 1319 non·

1100 1340 1214 1376 nullos
1241 1338 1288 1378 τά
1323 1336 1484 1389 Ἐφέσια
1524 1335 1743 1392 γράμματα,

1097 1402 1266 1433 mouente
1302 1397 1466 1433 Eustath.
1515 1397 1562 1433 ad
1609 1396 1744 1443 Odyss.

1097 1452 1208 1498 xlx,
1239 1453 1320 1492 ‘247
1351 1465 1435 1502 pag.
1459 1452 1563 1499 694,
1591 1453 1645 1493 36
1684 1451 1742 1488 ed.

1095 1508 1221 1554 Rasin„
1251 1509 1348 1545 cuius
1369 1508 1487 1545 locum
1518 1508 1583 1545 Cr.
1608 1507 1745 1545 adscri-

1096 1565 1179 1614 psit.

1151 1617 1218 1659 τὸν
1237 1616 1285 1659 ἂν
1309 1618 1381 1672 ἐγώ
1401 1623 1497 1659 πᾶσι
1517 1616 1746 1671 τυράννοισι

1097 1677 1338 1727 προετίμησα
1378 1673 1557 1729 μεγάλων
1599 1672 1746 1726 χρημά-

1097 1748 1174 1770 των
1187 1749 1222 1771 κ.
1236 1748 1267 1771 τ.
1283 1731 1332 1782 λ.]
1363 1734 1385 1769 i.
1411 1746 1442 1770 e.
1473 1745 1609 1781 „quem
1631 1732 1748 1768 omni-

1098 1789 1165 1825 bus
1188 1802 1266 1825 cum
1295 1789 1441 1836 regibus
1463 1789 1499 1825 in
1529 1788 1746 1837 colloquium

1097 1844 1240 1891 venire,
1271 1845 1442 1894 equidem
1485 1844 1606 1881 multis
1645 1848 1746 1882 ante-

1098 1901 1259 1938 tulissem
1279 1902 1441 1951 pecuniis
1463 1913 1510 1938 s:
1539 1900 1570 1937 is
1591 1904 1670 1948 est,
1685 1901 1748 1950 qui

1096 1963 1136 1994 ut
1147 1971 1227 1994 cuni
1245 1970 1340 1994 omn.
1359 1970 1435 2006 reg.
1455 1958 1491 1993 in
1506 1957 1584 1994 coll.
1596 1957 1746 2004 veniret,

1097 2014 1266 2062 equidem
1308 2026 1461 2062 magnae
1512 2013 1745 2064 pecuniarum

1097 2071 1223 2120 copiae
1258 2070 1548 2120 praetulissem.“
1602 2069 1745 2106 Pendet

1098 2127 1275 2175 genitivus
1316 2123 1494 2177 μεγάλων
1534 2121 1744 2176 χρημάτων

1099 2182 1153 2219 vel
1170 2195 1192 2219 a
1212 2182 1485 2232 praepositione
1497 2196 1572 2230 προ
1585 2182 1621 2217 iu
1633 2181 1744 2218 verbo

1097 2239 1315 2290 προτιμᾷν,
1352 2237 1409 2275 vel
1441 2237 1606 2287 explicari
1634 2237 1744 2273 debet

1096 2295 1291 2332 secuudum
1336 2306 1400 2340 ea,
1445 2306 1539 2341 quae
1575 2293 1744 2341 leguntur

1096 2350 1194 2400 apud
1216 2349 1345 2386 Matth.
1363 2348 1399 2400 ᾖ.
1421 2351 1503 2390 364
1522 2351 1712 2400 pag-678·

1152 2403 1266 2455 ὄχλον
1300 2402 1566 2455 παρεχόντων]
1598 2405 1745 2442 Laudat

1098 2462 1260 2500 Thomas
1308 2462 1408 2511 Mag.
1458 2476 1494 2512 p.
1536 2464 1634 2509 668,
1683 2461 1744 2499 ubi

1099 2517 1207 2569 ὄχλος
1229 2519 1276 2555 sit
1293 2519 1314 2555 i.
1337 2532 1373 2568 q.
1391 2515 1560 2569 ὄχλησις.

1155 2573 1208 2620 ὥς
1230 2569 1331 2624 ἦλθε
1358 2571 1483 2625 α’ρχήν
1503 2574 1526 2614 ό
1546 2571 1686 2614 Σόλων
1707 2589 1742 2613 κ.

1099 2647 1131 2670 τ.
1159 2634 1210 2677 λ.]
1243 2626 1369 2682 ἀρχήν
1392 2645 1458 2681 pro
1473 2631 1646 2669 adverbio
1675 2644 1744 2681 po-

1097 2688 1391 2737 situmsiguit'ieat
1409 2688 1501 2733 olim,
1520 2691 1746 2725 monstrante

1098 2744 1353 2793 W'esselingiO.
1420 2744 1528 2781 Conf.
1579 2744 1631 2790 ll,
1677 2745 1744 2784 27.

1097 2799 1197 2836 Alias
1219 2806 1275 2837 est
1292 2803 1444 2848 omnino,
1470 2812 1634 2850 prorsus,
1664 2798 1740 2843 uti,

1098 2859 1123 2898 9
1151 2861 1187 2894 et
1214 2857 1293 2893 aliis
1322 2856 1408 2894 locis
1438 2857 1536 2907 apud
1568 2855 1671 2893 Reiz.
1692 2855 1740 2890 ad

1861 679 1874 798 „vu—w*
1866 590 1869 634 .„
