1909 3228
464 225 549 266 5⁰6
859 222 1323 265 HERoDoTl

136 475 171 494 us
192 468 222 495 iu
240 471 350 494 terram
369 466 412 493 al-

134 500 194 528 tius
233 504 415 541 qrepeenqerp
473 491 517 534 δὲ
545 493 647 540 νῦν,
698 488 770 531 καὶ
807 486 977 531 αὐτοῖσι
1008 490 1282 545 Αἰγυπτίοισι
1312 489 1369 542 ὠς
1405 492 1506 547 ἔχει,
1547 491 1715 547 φράσω.

134 537 306 570 exspatiari.
324 534 412 561 Mnu-

134 575 182 596 mo
218 568 320 595 labore
357 569 411 594 Ae-

134 602 254 662 ffi‘potioa
263 606 412 662 iffiterrae

320 638 410 669 gntae

135 667 264 696 fructum
314 667 412 705 perci-

134 709 218 738 pere.

349 334 414 380 14
470 334 573 386 „aa
601 330 657 388 μή
691 330 737 374 ἐκ
765 333 845 374 τοῦ
883 331 991 382 Διὸς
1025 335 1237 387 μοῦνου.“
1294 333 1382 377 Καὶ
1408 338 1542 379 ταῦτα
1570 333 1648 390 μὲν
1675 332 1719 384 ἐς

135 403 168 429 et
184 398 346 436 Aegyptiis,
364 399 414 426 ubi

136 442 194 462 non
213 433 305 470 ῃοεείῑ
329 433 414 460 fluvi-

458 412 667 468 ’Έλληνας
703 410 978 464 Αἰγυπτίοισι
1013 407 1159 464 ὀρθῶς
1198 410 1348 466 ἔχοντα
1378 414 1551 469 εἴρηται.
1613 413 1717 468 φέρε

439 570 510 612 Ξεῖ
539 578 617 622 σφι
644 565 793 618 θέλοι,
844 566 904 618 ὥς
942 568 1015 610 καὶ
1051 568 1266 625 πρότερον
1304 568 1448 622 εἶπον,
1487 569 1514 626 ἡ
1543 569 1659 626 χώρη
1688 567 1714 626 ἡ

467 647 617 699 ἔνερθε
646 644 854 701 Μέμφιος
885 645 1012 702 (αὕτη
1040 647 1121 702 γάρ
1152 648 1238 692 ἐστι
1267 648 1294 706 ἡ
1321 648 1607 705 αὐξανομένη)
1638 665 1716 692 κα-

463 725 516 768 τὰ
548 724 680 781 λόγον
709 728 790 768 τοῦ
829 726 1148 781 παροιχομένου
1184 727 1348 784 χρόνου
1375 728 1416 779 ἐς
1445 727 1557 779 ὕψος
1584 725 1715 779 αὐξά-
1728 733 1772 766 20

462 809 639 855 νεσθαι,
673 801 778 847 ἄλλο
816 804 912 861 τιῆ
952 806 995 848 οῖ
1033 804 1168 863 ταύτῃ
1210 806 1424 857 οἰκέοντες
1469 807 1717 862 Αἰγυπτίων

467 882 742 939 πεινήσουσις
781 884 817 926 εἰ
844 881 946 940 μήτε
975 900 1022 940 γε
1051 884 1200 929 ὕσεταί
1227 899 1306 943 σφι
1334 886 1360 943 ἡ
1390 884 1530 942 χώρη,
1560 884 1663 941 μήτε
1692 882 1716 927 ὁ
1760 889 1838 926 110

405 1065 572 1119 οὐδεμία
590 1065 686 1119 ἄλλη
710 1061 968 1118 οἷποστροφή,
991 1063 1052 1108 ὅτι

404 1122 460 1178 μή
484 1125 527 1165 ἐκ
555 1127 628 1164 τοῦ
654 1121 752 1171 Διὸς
778 1126 951 1175 μοῦνον]
986 1120 1051 1164 ου’-

405 1182 520 1232 ὄεμία
543 1194 623 1219 cum
650 1181 767 1218 Gaisf.
793 1182 958 1232 rescripsi
984 1194 1051 1232 pro

403 1239 498 1288 vulg.
531 1233 707 1290 οὕδεμίη.
728 1260 783 1265 —
817 1232 1053 1288 ἀποστροφή

399 1296 606 1347 perfugium
649 1299 705 1332 est
757 1306 820 1331 seu
867 1294 1052 1331 remedium

405 1352 583 1402 (aquae)·,
612 1364 720 1400 quam
747 1350 843 1386 vocis
871 1350 1054 1399 significa-

404 1409 540 1447 tionem
559 1407 695 1455 aliquot
715 1406 884 1455 exemplis
898 1407 1053 1443 illustra-

405 1465 456 1501 vit
473 1463 690 1511 Wesseling.
713 1463 761 1499 ad
778 1461 812 1498 h.
829 1462 850 1499 l.
909 1463 1005 1499 Hinc
1022 1463 1051 1498 is

405 1522 483 1558 sere
509 1520 628 1556 existit
655 1519 723 1556 loci
765 1530 910 1556 seusus:
947 1531 1053 1567 neque

406 1578 495 1614 enim
516 1575 589 1612 illis
609 1575 720 1611 ullum
743 1573 843 1611 aliud
873 1575 1057 1622 (remedi-

406 1633 486 1678 um)
507 1635 579 1678 est,
606 1631 696 1668 uncle
722 1643 851 1680 aquam
878 1630 925 1667 acl
951 1643 1056 1678 agros

406 1688 609 1737 irrigandos
641 1690 783 1737 petant,
819 1689 889 1724 m'si
920 1701 943 1723 α
974 1686 1056 1723 love

407 1743 615 1782 solummodo
641 1744 663 1780 i.
684 1757 714 1781 e.
744 1756 812 1779 uon
829 1743 971 1780 aliunde
996 1742 1053 1778 ul-

406 1801 476 1838 lam
496 1812 608 1850 aquae
634 1802 768 1849 copiam
785 1803 898 1848 petere
909 1802 1055 1848 possunt

405 1859 479 1895 nisi
495 1857 627 1907 pluviis
644 1869 667 1892 a
689 1854 771 1892 Iove
794 1857 918 1892 missis.
957 1854 1053 1891 Satis

405 1925 492 1951 vero
532 1915 675 1950 constat
696 1941 708 1959 ‚
766 1909 861 1949 Iovis
907 1911 1054 1947 nomine

406 1969 569 2019 quamvis
589 1967 722 2006 coeliet
731 1969 822 2005 a'e'ris
843 1967 1054 2017 temperiem

405 2025 554 2063 indicari
584 2024 755 2073 illumque
789 2026 896 2063 deum
930 2027 1055 2060 aueto-

405 2095 481 2120 rem
506 2081 590 2118 ferri
618 2081 799 2129 omnium,
829 2093 924 2130 quae
948 2078 1055 2116 coeli-

404 2143 462 2175 tus
483 2138 686 2188 adpareant
707 2137 931 2174 decidantve.
952 2136 1055 2179 Qua-

404 2208 444 2232 re
476 2207 556 2231 cum
583 2193 728 2244 pluviae
757 2195 803 2230 ad
831 2193 927 2230 illum
956 2193 1051 2229 rese—

404 2254 546 2297 rantur,
576 2249 826 2300 explicandum
847 2249 945 2299 quod
963 2261 1053 2299 pau-

404 2306 439 2344 lo
459 2311 544 2344 ante
565 2305 712 2355 legitur:
744 2306 779 2345 εἰ
797 2303 849 2356 μὴ
872 2301 1052 2354 ἐθελήσει

406 2376 477 2412 σφι
496 2358 584 2402 ὕειν
605 2360 624 2402 ὅ
643 2359 757 2410 3869,-
777 2363 837 2399 ubi
851 2361 957 2410 vulgo
976 2361 1053 2397 lau-

405 2420 495 2456 dant
513 2419 743 2469 Aristoplian.
762 2419 798 2455 in
821 2419 907 2456 Avv.
932 2417 1050 2458 1501.

405 2474 485 2513 Nec
511 2474 581 2511 alio
611 2475 787 2525 pertinet,
836 2475 933 2524 quod
965 2473 998 2510 h.
1026 2472 1048 2509 l.

405 2531 538 2580 legitur
557 2526 615 2570 ’ὅτι
631 2527 686 2581 μή
706 2530 747 2570 ἐκ
757 2533 828 2570 τοῦ
838 2527 935 2576 Διός
953 2530 1048 2578 μοῦ-

405 2602 490 2626 νον.
519 2586 643 2625 Nolim
666 2587 768 2637 plura
788 2587 929 2624 adferre
952 2586 987 2621 in
1013 2598 1052 2622 re

407 2644 492 2680 satis
518 2648 606 2681 nota
633 2648 669 2681 et
695 2643 771 2680 aliis
802 2643 889 2680 locis
918 2655 940 2679 a
967 2641 1053 2678 Val-

409 2699 578 2736 ckenario
637 2699 753 2737 allatis
808 2699 1050 2749 comprobata.

405 2753 531 2801 Plato,
561 2760 600 2792 ut
619 2755 791 2794 Valcken.
820 2760 944 2802 notat,
972 2759 998 2791 t.
1021 2754 1052 2791 ΙΙ

406 2823 442 2859 p.
461 2812 555 2856 761,
576 2812 618 2848 A.
649 2811 752 2859 844,
772 2811 815 2849 Α.
836 2812 886 2849 ΙΙΙ
905 2825 940 2862 p.
959 2813 1051 2858 111,

407 2866 439 2902 G
467 2879 596 2915 aquam
628 2867 788 2916 pluviam
819 2868 908 2905 dixit
931 2865 978 2907 τοὶ
1008 2866 1051 2907 ἐν,

1119 1067 1213 1116 Διὸς
1239 1084 1267 1109 5.
1297 1068 1406 1123 napa*
1427 1072 1500 1110 τοῦ
1521 1066 1614 1116 Διὸς
1632 1064 1772 1114 ὕδατα,

1118 1124 1165 1165 τοὶ
1186 1126 1227 1166 ἐκ
1257 1124 1351 1174 Διὸς
1385 1123 1493 1166 ἰόντα
1519 1122 1688 1176 νάματα.
1717 1145 1772 1151 -

1118 1184 1178 1222 De
1203 1179 1263 1224 ὅτι
1283 1181 1338 1236 μή
1357 1185 1450 1221 conf.
1470 1184 1508 1232 Ι,
1535 1185 1598 1224 18.
1625 1181 1717 1223 143.

1325 1268 1438 1319 Cap.
1475 1267 1573 1305 XIV.

1178 1349 1218 1390 εἷ’
1241 1364 1312 1401 σφι
1339 1349 1475 1397 θέλοι]
1508 1349 1772 1397 W'esselingius

1121 1414 1307 1457 receperat
1326 1404 1531 1458 ἐθελήσεις
1560 1408 1658 1444 cuius
1688 1405 1769 1441 loco

1120 1477 1198 1501 cum
1216 1463 1296 1501 libri
1318 1464 1482 1501 meliores
1499 1465 1633 1500 ferrent
1645 1459 1770 1508 θέλοι,

1121 1519 1190 1556 hoc
1208 1520 1285 1557 iure
1296 1525 1479 1570 receptum
1502 1524 1589 1556 esta
1600 1517 1769 1565 Schwgh.

1123 1580 1160 1613 et
1182 1575 1298 1613 Gaisf.
1320 1597 1374 1604 -·
1393 1576 1450 1612 Ad
1472 1576 1599 1613 verba:
1631 1573 1666 1612 εἰ
1694 1571 1769 1611 θέ-

1123 1633 1274 1670 λοι--
1302 1628 1615 1683 πεινήσουσι
1647 1631 1770 1667 confer

1122 1687 1253 1725 Matth.
1285 1689 1349 1725 Gr.
1372 1689 1436 1724 Gr.
1468 1701 1506 1737 p.
1532 1688 1638 1727 1018
1667 1687 1770 1723 etad

1124 1741 1217 1781 ἄλλο
1239 1759 1274 1782 τι
1294 1740 1322 1795 ἢ
1349 1744 1495 1792 (nonne)
1528 1742 1708 1779 Herodot.
1741 1741 1771 1788 I,

1125 1801 1216 1840 109.

1180 1854 1216 1893 εἰ
1248 1850 1345 1904 μήτε
1388 1869 1431 1906 γε
1460 1850 1599 1894 ὕσεταί
1637 1865 1709 1904 σφι
1742 1851 1772 1905 ἦ

1120 1907 1252 1962 χώρη]
1282 1912 1341 1949 De
1368 1910 1521 1949 lectione
1547 1923 1642 1948 nunc
1666 1911 1771 1948 resti-

1120 1973 1198 2005 tuta
1230 1967 1318 2005 nihil
1369 1968 1489 2005 dicere
1532 1968 1680 2012 attinet3
1723 1968 1770 2004 de

1120 2025 1201 2074 ipsa
1217 2024 1396 2062 sententia
1426 2024 1604 2073 quaedam
1634 2024 1770 2061 addere

1119 2081 1227 2117 iuvat.
1285 2079 1453 2129 Namque
1483 2080 1693 2118 Herodotus
1731 2080 1768 2116 in

1120 2149 1164 2174 ea
1192 2137 1268 2174 fere
1296 2137 1466 2186 opinione
1484 2137 1596 2173 fuisse
1616 2135 1768 2182 videtur,

1118 2193 1326 2242 Aegyptum
1352 2192 1480 2243 pluviis
1511 2204 1583 2228 non
1614 2191 1767 2240 irrigari.

1120 2249 1239 2291 Quam
1262 2249 1415 2285 eandem
1448 2248 1662 2286 sententiam
1695 2260 1768 2284 non

1118 2304 1232 2341 solum
1252 2309 1393 2342 veteres
1413 2305 1590 2353 quosdam
1608 2304 1768 2341 tenuisse

1119 2361 1232 2407 (conf.
1273 2361 1318 2397 ls.
1356 2360 1462 2397 Voss.
1504 2360 1552 2397 ad
1589 2359 1767 2410 Pompon.

1118 2416 1205 2454 Mel.
1230 2416 1266 2463 l,
1297 2420 1322 2458 9
1356 2418 1471 2464 init.),
1509 2429 1633 2454 verum
1658 2417 1769 2454 etiam

1119 2473 1326 2510 recentioris
1362 2473 1490 2511 aetatis
1518 2472 1769 2522 peregrinato-

1117 2542 1175 2566 res
1224 2529 1392 2578 aliquot,
1438 2530 1617 2566 neminem
1661 2529 1768 2577 sugit,

1120 2598 1337 2635 quamquam
1367 2586 1463 2622 omni
1491 2585 1559 2621 hoc
1579 2584 1688 2621 dubio
1708 2597 1768 2622 ca-

1118 2646 1196 2688 ret,
1232 2643 1438 2692 Aegyptum
1465 2640 1592 2692 pluviis
1619 2653 1766 2690 quoque

1120 2698 1267 2735 coelitus
1314 2699 1432 2735 missis
1476 2697 1617 2746 irrigari
1654 2697 1765 2745 idque

1119 2755 1223 2792 certis
1278 2754 1490 2806 plerumque
1542 2753 1764 2803 temporibus

1119 2811 1195 2848 fieri
1228 2824 1295 2848 nec
1327 2824 1398 2847 uno
1430 2810 1633 2859 eodemque
1656 2809 1765 2845 modo

1118 2880 1161 2905 ac
1178 2874 1340 2918 tempore
1358 2880 1424 2917 per
1452 2878 1575 2904 omnes
1606 2863 1763 2914 Aegypti
