1909 3228
665 238 963 279 cL10.1.

1356 245 1439 285 245

190 362 242 390 τοι
269 343 407 402 λέγειν
434 346 584 403 λόγον,
631 348 742 393 κατὰ
770 352 905 393 ταῦτα
932 348 1102 406 γράψω·
1156 349 1436 406 ἐπιστάμενος

187 426 285 481 περὶ
313 423 464 482 Κύρου
498 427 570 471 καὶ
598 431 828 484 τριφασίας
859 428 990 482 ἄλλοις
1017 428 1158 486 λόγων
1188 427 1321 481 ὁδούς
1356 434 1436 487 φῆ-

129 634 240 683 γον]
270 634 292 670 i.
321 646 352 672 e.
381 633 512 683 dicere,
541 635 580 672 id
603 636 694 686 quod
720 649 774 674 res

128 692 200 735 est,
229 689 318 737 quod
341 702 459 728 verum
488 695 548 730 est.
606 692 712 729 Conf.
744 693 773 739 I,

128 746 193 786 30.
220 747 300 786 116
322 746 399 783 coll.
419 747 459 794 I,
480 750 545 788 97.
575 747 656 795 VH,
677 750 771 790 209.

131 822 178 828 —
202 800 316 839 Paulo
337 806 420 839 ante
447 803 584 840 servavi
613 803 772 841 Ionicum

126 855 361 907 ἐπιδίζηται
388 857 467 896 loco
493 859 659 909 vulgatae
689 859 774 900 ἐπι-

126 912 212 959 δίζε
221 927 294 951 ται.

180 965 437 1019 ἐπιστάμενος
452 969 543 1022 περὶ
556 966 696 1024 Κύρου
707 971 774 1012 καὶ

123 1026 334 1076 τριφασίας
355 1024 472 1073 ἄλλας
497 1024 624 1078 λόγων
655 1026 772 1075 ὁδούς

123 1081 272 1131 φῆναι]
302 1082 361 1118 Ad
378 1083 598 1121 locutionem
618 1087 710 1122 conf.
725 1085 769 1134 Il,

121 1140 194 1179 20:
226 1137 398 1185 ἔλεξαν
424 1139 514 1191 περὶ
536 1142 608 1179 τοῦ
624 1136 768 1189 ὕδατος

120 1189 264 1233 τούτου
283 1196 566 1245 τριφασίας
595 1193 765 1244 ὁδούς.

118 1249 177 1287 De
186 1255 398 1299 argumento
420 1255 541 1289 monui
558 1254 605 1289 ad
618 1254 765 1292 Ctesiae

117 1305 301 1357 Excerptt.
324 1306 475 1345 Persice.
498 1307 533 1359 ἓ.
551 1313 576 1350 2
602 1322 687 1359 pag.
709 1309 764 1351 84

117 1374 219 1411 seqq.
248 1361 302 1400 Ac
319 1364 500 1400 neminem
520 1365 627 1413 sugit,
647 1377 764 1413 quan-

116 1421 244 1467 topere
279 1419 368 1456 haec
413 1419 538 1456 Nostri
577 1420 761 1470 scriptoris

114 1475 270 1513 narratio
292 1475 472 1526 discrepet
491 1488 513 1512 a
536 1475 762 1526 Xenophon-

113 1530 192 1577 tea,
223 1531 338 1580 qualis
353 1532 505 1568 traditur
524 1532 560 1568 in
573 1533 762 1582 Cyropae-

113 1586 190 1633 dia3
220 1600 293 1637 quo
312 1588 349 1624 in
375 1588 466 1626 libro
496 1589 563 1626 etsi
589 1589 761 1627 nonnulla

113 1642 258 1690 insunt,
288 1657 382 1692 quae.
401 1657 487 1682 vera
510 1657 590 1682 esse
612 1646 669 1681 vix
695 1658 759 1682 ne-

113 1699 191 1745 gari
209 1701 365 1748 poterit,
404 1700 473 1738 alia
499 1705 622 1738 tamen
648 1701 759 1739 multa

112 1754 237 1791 addita
266 1756 487 1803 invenimus,
516 1769 609 1805 quae
628 1758 675 1793 ad
704 1758 759 1793 hi-

112 1810 260 1847 storiam
294 1812 410 1848 minus
439 1813 620 1861 pertinere
642 1814 759 1849 mani-

112 1865 243 1902 festum
255 1872 331 1916 est,
354 1869 421 1905 sed
440 1868 487 1904 ad
507 1867 628 1914 finem,
649 1881 757 1916 quem

112 1924 237 1958 auctor
250 1923 318 1961 hoc
343 1924 435 1960 libro
465 1923 532 1959 sibi
556 1936 758 1974 proposue-

111 1980 186 2023 rat,
216 1977 309 2015 bene
337 1979 618 2016 accommodata.
675 1979 757 2016 Alia

112 2031 281 2080 leguntur
301 2035 400 2083 apud
427 2034 642 2082 Aeschylum
667 2048 756 2084 poe-

109 2092 184 2125 tam
204 2089 245 2125 in
263 2089 385 2127 Perss.
407 2093 488 2131 767
509 2103 613 2139 seqq.
654 2091 756 2134 Quo-

108 2157 187 2181 rum
209 2158 303 2194 quae
322 2159 407 2183 vera
426 2147 518 2193 sint,
548 2159 642 2194 quae
671 2148 754 2184 ficta

109 2212 131 2236 a
147 2205 278 2250 poeta,
314 2203 457 2239 vixdum
483 2203 687 2240 discernere
712 2203 754 2239 li-

108 2260 175 2294 cet.
229 2257 286 2294 Ex
312 2258 544 2296 orientalibus
570 2259 754 2309 scriptori-

108 2312 176 2348 bus
194 2326 293 2362 quae·
307 2319 407 2352 eruta
421 2319 525 2362 sunt,
554 2314 640 2351 talia
654 2319 751 2362 sunt,

108 2380 204 2416 quae
221 2371 270 2406 ad
286 2384 407 2409 veram
423 2371 607 2408 historiam
623 2383 750 2421 parum

108 2426 269 2463 conferre
306 2431 451 2475 queant.
526 2427 568 2464 In
600 2427 750 2464 Graecis

108 2478 217 2526 igitur
234 2483 468 2532 scriptoribus
494 2496 562 2520 nos
588 2484 750 2520 contine-

107 2534 242 2583 bimus,
292 2539 384 2576 inter
421 2552 515 2588 quos
556 2540 752 2589 praecipue

107 2603 176 2627 nos
194 2593 355 2631 advertet
372 2595 515 2631 Ctesias
528 2624 539 2642 ,
567 2595 630 2643 qni
645 2595 750 2632 aliam

107 2659 258 2696 prorsus
279 2649 371 2685 viam
388 2650 594 2698 ingressus,
616 2650 749 2687 nullam

107 2703 216 2752 plane
233 2704 263 2741 C
267 2717 331 2752 yro
360 2717 439 2740 cum
454 2706 614 2754 Astyage
629 2707 751 2743 scribit

108 2760 221 2797 fuisse
255 2761 487 2805 affinitatem,
526 2761 623 2797 cuius
662 2763 750 2798 scri-

105 2816 222 2865 ptoris
250 2816 494 2853 testimonium
522 2829 566 2853 eo
603 2817 748 2864 gravius

106 2872 220 2910 videri
239 2873 370 2920 debet,
397 2885 471 2922 quo
490 2873 602 2922 regiis
616 2872 747 2911 Persa-

839 649 917 674 rum
936 650 956 677 e
971 636 1187 675 membranis
1197 636 1294 674 illum
1303 636 1488 674 historiam

841 706 943 731 suam
990 694 1216 731 contexuisse
1272 694 1486 743 accepimus,

839 762 907 787 nec
925 750 1041 786 minus
1058 753 1211 797 constat,
1229 749 1391 798 singulos
1410 749 1487 786 He-

841 806 962 843 rodoti
980 818 1119 843 errores
1135 805 1232 842 illum
1251 806 1318 842 sibi
1328 806 1486 842 refutan-

842 863 910 899 dos
936 862 1120 899 sumsisse.
1177 861 1309 911 Neque
1337 862 1484 898 omnino

840 918 1021 955 Herodoti
1049 918 1208 954 narratio
1240 919 1287 956 de
1307 918 1394 965 Cyri
1413 918 1485 953 ori-

841 974 985 1022 ginibus
998 1003 1008 1018 ‚
1038 974 1271 1020 educatione,
1287 974 1483 1020 iuventute,

839 1029 1007 1078 reliquis,
1044 1030 1147 1066 nobis
1173 1030 1380 1066 satisfacere
1415 1042 1483 1078 po-

837 1089 950 1132 terat,
981 1087 1115 1136 quippe
1141 1086 1179 1122 in
1210 1098 1283 1134 qua
1312 1084 1483 1121 nonnulla

838 1142 1027 1179 Graeciam
1046 1142 1212 1179 redolere
1233 1146 1269 1179 et
1296 1141 1344 1177 ad
1364 1141 1481 1178 Grae-

836 1210 957 1235 corum
973 1197 1112 1234 fabulas
1130 1198 1248 1234 efficta
1259 1197 1478 1244 viderentur,

833 1257 874 1290 ut
899 1258 1048 1291 eatenus
1079 1253 1169 1290 illius
1197 1253 1412 1290 narrationis
1435 1253 1481 1289 fi-

832 1311 899 1346 des
946 1309 1052 1346 valde
1090 1310 1138 1346 sit
1183 1310 1302 1346 dubia.
1370 1309 1477 1346 Conf.

830 1364 1046 1402 Dahlmann.
1076 1365 1254 1402 Herodot.
1287 1377 1373 1414 pag.
1399 1364 1478 1405 142

829 1432 906 1468 seq.
934 1419 984 1456 At
1005 1421 1066 1468 qui
1081 1421 1178 1470 apud
1199 1419 1391 1456 orientales
1412 1432 1478 1456 na-

827 1477 945 1513 tiones
965 1489 1046 1513 emn
1060 1505 1071 1523 ,
1102 1476 1162 1525 qui
1186 1488 1337 1524 regnum
1360 1476 1477 1524 quod-

829 1533 912 1570 dam
942 1533 1125 1581 regiamve
1165 1532 1377 1580 dignitatem
1407 1532 1476 1568 sibi

828 1588 1008 1637 acquirat,
1048 1588 1147 1625 haud
1190 1601 1272 1624 raro
1309 1589 1472 1625 videmus

825 1657 958 1682 nomen
976 1645 1079 1694 quasi
1101 1657 1142 1681 ac
1161 1644 1298 1681 titulum
1321 1644 1398 1681 eius
1416 1657 1473 1681 re-

827 1701 884 1750 gis
904 1702 1026 1738 eiusve
1047 1701 1183 1750 stirpis,
1213 1713 1306 1749 quae
1326 1701 1371 1737 ab
1391 1700 1472 1749 ipso

825 1758 927 1805 regia
949 1758 996 1794 sit
1014 1757 1176 1807 privatus
1196 1757 1394 1805 dignitate,
1412 1768 1472 1791 as-

825 1826 988 1860 sumere,
1035 1814 1224 1863 ipsamque
1259 1813 1471 1848 affinitatem

824 1881 903 1905 cum
922 1868 982 1905 illa
1003 1868 1226 1914 contrahere,
1243 1867 1472 1903 matrimonio

823 1923 922 1960 inito.
979 1924 1062 1960 Hoc
1091 1924 1184 1959 enim
1211 1923 1320 1959 modo
1355 1922 1470 1971 impe-

822 1980 913 2015 rium
931 1979 1000 2028 ipsi
1022 1980 1063 2015 fit
1088 1979 1203 2026 magis
1230 1979 1406 2014 firmatum
1432 1981 1469 2014 et

824 2035 870 2072 ab
912 2035 1009 2071 omni
1045 2034 1268 2070 subditarum
1307 2034 1468 2082 gentium

824 2091 1002 2128 seditione
1025 2093 1160 2137 tntum,
1200 2101 1293 2137 quae
1321 2090 1467 2137 quando

822 2160 946 2195 regem
977 2147 1138 2184 eiusdem
1168 2146 1244 2182 fere
1275 2145 1397 2194 stirpis
1425 2158 1464 2180 a-

821 2204 963 2252 deoque
983 2202 1137 2239 samiliae
1159 2201 1207 2237 ad
1235 2201 1363 2237 solium
1383 2214 1464 2237 eve-

820 2264 915 2296 ctum
945 2259 1109 2304 audiant,
1143 2257 1342 2294 seditiones
1369 2256 1465 2293 haud

818 2320 965 2353 movent
1010 2315 1207 2362 iugumque
1258 2312 1464 2362 impositum

817 2371 917 2408 haud
940 2384 1050 2418 aegre
1071 2372 1201 2406 serunt.
1238 2369 1365 2417 Itaque
1382 2368 1464 2405 Me·-

819 2428 874 2463 dis
910 2428 946 2463 in
973 2427 1165 2464 Persarum
1198 2425 1372 2461 ditionem
1404 2437 1463 2461 re-

817 2484 932 2520 dactis
952 2483 1079 2519 solatio
1099 2494 1181 2518 esse
1198 2484 1352 2530 poterat,
1364 2480 1463 2528 qnod

819 2540 978 2588 Cyrum,
1016 2550 1147 2574 novum
1178 2550 1322 2585 regem,
1351 2536 1462 2585 priori

818 2609 896 2633 cum
918 2596 1032 2644 stirpe
1053 2594 1155 2641 regia
1184 2594 1311 2629 mirum
1330 2593 1366 2628 in
1384 2605 1461 2628 mo-

816 2653 901 2688 dum
913 2652 1138 2688 coniunctum
1157 2649 1342 2698 ipsiusque
1353 2647 1461 2694 Asty-

815 2708 895 2755 agis
942 2711 1113 2757 nepotem
1157 2718 1238 2742 esse
1283 2704 1459 2741 audirent.

815 2764 921 2806 Quae
955 2775 1034 2799 cum
1064 2762 1114 2797 ita
1138 2761 1234 2805 sint,
1269 2771 1350 2795 eam
1374 2758 1458 2795 viris

814 2817 930 2855 doctis
956 2816 1040 2853 olim
1065 2815 1241 2864 proposui
1278 2814 1459 2851 coniectu-

813 2886 889 2911 ram
900 2902 910 2920 ,
942 2877 981 2910 ut
999 2872 1135 2921 Cyrum
1153 2884 1192 2909 re
1209 2883 1294 2909 vera
1313 2870 1458 2908 minime
