1909 3228
316 516 418 560 147

147 579 262 607 Nomia
277 587 377 607 rerum
392 579 423 606 in

147 616 284 649 Aegjpto
317 613 422 652 deliine

146 653 320 686 gestarum,

147 685 277 707 cerum:
304 688 346 707 ιιι
374 688 421 705 re-

147 722 201 748 ges
219 714 311 740 creati
339 712 376 740 ab
394 720 421 739 a.

258 750 422 781 Aegyptum

148 781 179 807 ln
203 780 325 807 totidem
354 787 422 814 par-

148 818 194 840 tes
220 813 345 839 divisam
374 820 421 839 re-

148 849 240 879 gunt:
260 854 363 873 eorum
377 846 421 872 in-

149 884 196 907 ter
211 888 244 906 se
260 883 364 915 pacta,
391 883 423 905 et

149 916 244 940 metus
277 921 312 940 cx
357 920 422 939 ora-

149 946 227 975 culo·

146 748 194 774 uu
211 767 220 780 ,

472 175 557 215 822

867 170 1337 209 HERODOTI

477 279 555 325 ἀπ’
585 274 640 323 οὗ
670 278 715 322 δὲ
745 277 966 322 ἐπύθοντο
997 277 1183 334 χρόνου,
1230 275 1315 321 ἀπὸ
1347 277 1507 321 τούτου
1536 282 1735 333 γενεηλο-

476 359 626 415 γέουσι
664 355 810 400 αὐτῶν
848 357 926 413 τὴν
964 355 1145 413 γένεσιν.

476 435 707 493 Αἰγύπτιοι
735 436 924 491 λέγουσι.

1211 360 1357 400 Ταῦτα
1387 356 1466 412 μέν
1497 372 1582 399 νυν
1613 355 1738 400 αὐτοὶ

583 515 696 558 ιὍσοι
738 516 783 558 δὲ
829 517 876 558 οἵ
912 531 955 558 τε
993 514 1116 558 ἄλλοι
1147 513 1378 567 ἄνθρωποι
1403 514 1477 557 καὶ
1507 511 1796 568 Αἰγύπτιοι95

362 654 422 673 laffl

479 594 676 649 λέγουσι,
724 592 1033 650 ὁμολογέοντες
1061 599 1174 637 τοῖσι
1201 592 1392 643 ἄλλοισι,
1442 591 1551 636 κατὰ
1579 591 1741 648 ταύτην

478 673 559 729 τήν
586 671 733 729 χώρην
760 672 987 729 γενέσθαι,
1018 672 1142 716 ταῦτ’
1171 671 1254 728 ἤδη
1285 670 1459 727 φράσω·
1506 672 1740 726 προσέσται

451 752 531 796 Ξδέ
560 769 601 795 τι
631 752 805 796 αὐτοῖσι
835 752 908 796 καὶ
935 756 1010 808 τῆς
1039 752 1140 808 ἐμῆς
1172 750 1310 802 ὄψιος.
1350 749 1740 806 Ἐλευθερωθέντες

480 830 717 888 Αἰγύπτιοι
752 830 859 888 μετοὶ
897 830 976 875 τόν
1015 831 1108 885 ἱρέα
1137 832 1218 874 τοῦ
1253 829 1494 886 Ἡφαίστου
1541 829 1742 886 βασιλεύ-

478 1019 603 1056 ‘rafim
633 1015 704 1067 μέν
732 1030 809 1054 νυν
826 1036 881 1042 -
901 1012 1073 1067 λέγουσι]

425 1075 550 1112 ταῦτα
570 1072 642 1124 μέν
663 1088 738 1111 νυν
759 1076 929 1123 spectant
952 1073 999 1108 ad
1019 1084 1076 1118 ea,

424 1143 520 1179 quae
538 1131 584 1167 de
601 1131 751 1167 deorum
777 1129 901 1178 regnis
926 1129 961 1164 in
980 1132 1078 1164 terra

423 1199 467 1223 ac
494 1187 541 1224 de
569 1187 683 1223 tribus
710 1188 860 1223 deorum
889 1185 1078 1222 ordinibus

423 1248 534 1281 antea
558 1246 728 1281 enarrata
748 1246 862 1280 erant.

594 1410 706 1461 Cap.
736 1409 919 1447 chvn.

482 1491 550 1532 καὶ
578 1495 649 1543 τῆς
672 1492 770 1544 ἐμῆς
798 1490 933 1542 ὄψιος]
968 1492 1076 1529 Conf.

425 1548 483 1597 ll,
502 1552 557 1591 99
576 1550 652 1586 init.
682 1570 738 1576 -—
776 1550 930 1586 Videtur
957 1553 1079 1585 autem

425 1605 637 1642 Herodotus
669 1605 748 1655 ipse
786 1606 947 1642 indicare
975 1604 1079 1651 velle,

425 1673 520 1710 quae
539 1662 609 1698 iam
627 1665 836 1698 narraturus
855 1661 924 1707 sit,
945 1673 987 1697 ea
1003 1673 1081 1696 ma-

425 1717 482 1765 gis
504 1717 553 1753 ad
574 1717 748 1754 historiae
778 1717 888 1754 fidem
909 1716 1080 1752 accedere

426 1778 465 1809 et
491 1785 558 1822 pro
590 1772 802 1809 certioribus
833 1785 912 1809 esse
943 1772 1080 1808 haben-

427 1829 496 1874 da,
540 1832 579 1864 ut
607 1829 700 1865 bene
739 1832 843 1865 notat
872 1827 1078 1865 Heerenius

426 1883 539 1922 ldeen
556 1888 623 1922 etc.
646 1884 680 1921 ll
710 1897 748 1935 p.
766 1886 861 1926 398.

482 1966 822 2019 ἐλευθερωθέντες
866 1963 1080 2021 Αἰγύπτιοι

426 2039 463 2064 κ.
479 2038 512 2062 τ.
531 2023 583 2075 λ.]
622 2024 755 2075 Neque
783 2025 821 2062 in
856 2024 935 2072 his,
984 2037 1080 2073 quae

427 2082 500 2118 iam
530 2081 685 2118 certiora
712 2082 816 2131 ponit
854 2081 1080 2127 Herodotus,

428 2150 576 2189 prorsus
603 2137 671 2174 sibi
698 2142 866 2175 constans
888 2150 1006 2175 rerum
1026 2137 1080 2173 hi-

429 2194 552 2230 storia.
610 2193 732 2243 Atque
750 2194 935 2231 Diodorus
965 2192 1002 2239 I,
1025 2195 1079 2234 66

427 2254 514 2301 post
554 2250 781 2287 Sabaconem
827 2251 937 2287 refert
975 2261 1081 2286 anar-

428 2306 545 2343 chiam
564 2319 630 2356 per
650 2306 835 2344 biennium
859 2307 986 2351 suisse3
1008 2317 1080 2354 quo

428 2366 596 2412 tempore
619 2375 698 2399 cum
719 2363 768 2400 ad
786 2363 960 2400 tumultus
980 2361 1082 2412 plebs

428 2422 527 2456 esset
551 2431 746 2466 conversa,
777 2419 968 2456 duodecim
989 2419 1083 2454 inter

430 2487 472 2512 se
509 2474 619 2512 duces
649 2475 856 2512 coniuratos
892 2475 1081 2525 imperium

429 2530 664 2579 acquisivisse
710 2531 873 2581 illudque
892 2558 902 2575 ‚
959 2530 1080 2581 prouti

431 2591 698 2634 convenerant,
738 2587 976 2625 communiter
1015 2598 1081 2636 per

432 2642 638 2689 quindecim
651 2656 765 2681 annos
775 2644 949 2681 tenuisse.
970 2642 1081 2692 Apud

432 2696 693 2736 Manethonem
721 2699 821 2737 nulla
845 2700 947 2737 huius
966 2699 1082 2736 dode-

433 2753 595 2792 carchiae
605 2785 618 2802 ‚
648 2768 742 2804 quae
761 2756 891 2793 dicitur
901 2784 912 2803 ,
926 2754 1081 2801 mentio;

431 2808 498 2846 sed
517 2821 646 2848 novem
673 2824 779 2862 reges
801 2812 925 2850 Saitae
943 2823 1082 2850 memo-

1143 1018 1268 1051 rantur
1292 1042 1303 1060 ,
1344 1026 1497 1062 quorum
1530 1018 1683 1063 quartus
1712 1014 1800 1051 dici-

1143 1074 1202 1107 tur
1244 1070 1530 1107 Psammitiehus.
1602 1069 1664 1107 Tu
1706 1071 1801 1107 conf.

1144 1125 1256 1164 Beck.
1287 1126 1431 1174 allgem.
1453 1126 1758 1175 ll'eltgeschichte
1786 1126 1799 1163 l

1147 1195 1233 1233 pag·
1255 1184 1347 1224 693.
1369 1186 1451 1224 720
1473 1196 1549 1231 seq.
1592 1183 1714 1232 Ipsum
1732 1183 1800 1218 ini-

1149 1239 1240 1276 tium
1259 1239 1362 1276 huius
1385 1240 1574 1276 duodecim
1589 1251 1716 1287 regum
1735 1240 1802 1275 im-

1149 1295 1240 1346 perii
1260 1295 1464 1333 Larcherus
1494 1295 1648 1333 collocat
1677 1296 1711 1331 in
1736 1308 1802 1332 an-

1149 1364 1234 1388 num
1260 1354 1340 1392 671
1372 1365 1403 1389 a.
1433 1352 1518 1388 Chr.
1539 1365 1574 1388 n,
1603 1354 1717 1397 (tom.
1735 1351 1801 1387 Vll

1149 1420 1234 1457 pag.
1259 1410 1333 1447 111
1358 1421 1460 1456 seqq.
1483 1407 1562 1444 coll.
1587 1410 1708 1455 107),
1739 1407 1801 1456 qui

1150 1464 1246 1500 idem
1261 1464 1542 1512 probabiliorem
1567 1468 1691 1500 censet
1710 1463 1801 1501 Dio-

1148 1520 1227 1556 dori
1249 1520 1493 1556 narrationem
1507 1549 1517 1566 ,
1530 1520 1601 1568 qua
1621 1533 1693 1555 non
1714 1533 1802 1556 con-

1147 1575 1248 1612 tinuo
1287 1576 1458 1612 Sethonis
1503 1576 1700 1613 sacerdotis
1742 1589 1800 1613 re-

1147 1644 1261 1679 gnum
1291 1631 1483 1668 duodecim
1506 1632 1564 1667 isti
1591 1632 1708 1680 reguli
1738 1645 1800 1669 ex-

1148 1687 1337 1736 ceperint,
1374 1688 1440 1724 sed
1467 1688 1611 1724 biennio
1639 1694 1801 1737 praeter-

1148 1742 1263 1792 lap50.
1313 1742 1366 1779 Ac
1384 1755 1509 1780 revera
1530 1742 1636 1780 valde
1657 1744 1698 1780 fit
1719 1757 1797 1781 cre-

1148 1797 1259 1835 dibile
1272 1826 1282 1844 ,
1313 1797 1476 1836 Sethone
1494 1803 1636 1836 mortuo
1661 1800 1721 1847 (ut
1739 1800 1802 1849 qui

1148 1854 1317 1891 sacerdos
1351 1855 1479 1892 solium
1513 1856 1652 1904 regium
1684 1857 1801 1905 magis

1148 1923 1348 1961 occupasse
1365 1925 1473 1961 quam
1487 1912 1563 1949 iure
1581 1912 1801 1950 hereditario

1150 1968 1224 2005 sive
1251 1967 1414 2015 legitimo
1450 1968 1646 2006 adscivisse
1678 1969 1800 2007 videa-

1147 2023 1238 2073 tur),
1266 2036 1436 2072 magnam
1460 2037 1577 2062 rerum
1598 2025 1802 2062 conversio-

1147 2093 1232 2117 nem
1261 2080 1297 2116 in
1317 2080 1488 2131 Aegypto
1517 2082 1650 2118 factam
1673 2082 1800 2129 fuisse,

1147 2149 1264 2185 usque
1283 2137 1368 2173 dum
1389 2150 1478 2187 pace
1495 2138 1692 2186 composita
1708 2139 1801 2175 duo-

1149 2194 1265 2230 decim
1313 2193 1427 2241 reguli
1476 2194 1800 2239 constituerentur3

1148 2262 1240 2298 quos
1271 2261 1291 2285 e
1317 2249 1467 2286 militum
1506 2262 1641 2298 genere
1671 2250 1801 2298 (Krie-

1149 2305 1350 2354 gerkaste)
1389 2306 1575 2343 desumtos
1612 2307 1724 2343 fuisse
1755 2319 1798 2344 eo

1149 2363 1266 2410 magis
1286 2362 1512 2408 crediderim,
1538 2375 1610 2411 quo
1631 2367 1715 2399 ante
1731 2363 1801 2400 Se-

1148 2417 1295 2455 thonem
1328 2431 1372 2455 ex
1403 2419 1529 2456 eadem
1558 2424 1669 2467 gente
1694 2431 1800 2466 reges

1149 2473 1284 2511 electos
1324 2475 1436 2512 fuisse
1485 2475 1571 2511 satis
1613 2475 1800 2525 probabile

1148 2534 1217 2568 est.
1272 2529 1352 2568 Nec
1376 2535 1497 2568 tamen
1524 2530 1628 2581 plura
1656 2543 1800 2569 asseve-

1146 2586 1254 2624 rarim
1274 2586 1311 2623 in
1340 2599 1379 2624 re
1400 2591 1474 2624 tam
1494 2587 1667 2634 obscura,
1698 2587 1800 2624 testi-

1146 2643 1422 2691 moniorumque
1442 2648 1546 2680 tanta
1567 2643 1701 2693 inopia.
1741 2643 1798 2680 Cs.

1147 2699 1308 2737 Heeren.
1335 2699 1450 2738 ldeen
1477 2699 1531 2748 11,
1551 2702 1577 2742 2
1608 2712 1696 2751 pag.
1715 2700 1798 2740 396

1148 2767 1226 2806 seq.

1882 0 1909 982 l
