1909 3228
413 226 687 265 EXCURSUS
717 227 733 264 Ι
770 225 837 264 ΑΙ)
868 224 1134 264 HERODOT.
1163 225 1201 272 1,
1226 224 1293 267 35.
1522 229 1605 268 891

100 340 136 376 in
160 339 250 377 urbe
277 339 334 378 vel
362 343 457 378 certe
483 342 519 377 in
548 341 623 378 eius
653 340 750 390 agris
776 339 967 377 Adrasteae
996 340 1065 377 fuit
1093 338 1292 390 templum3
1332 351 1425 388 quae
1446 340 1516 378 dea
1537 341 1604 378 nisi

101 408 248 444 omnino
278 408 427 446 Adrasti
455 408 519 445 dea
549 413 626 456 est,
673 421 740 459 pro
773 406 914 446 Nemesi
938 408 1046 457 vulgo
1076 407 1236 446 habetur.
1296 407 1404 445 Conf.
1432 408 1603 446 Strabon.

100 474 187 511 Xlll
204 489 239 525 p.
263 478 343 517 880
377 476 597 523 (Antimach.
618 479 783 525 fragmm.
815 477 871 514 ed.
891 476 1160 526 Schellcnberg.
1181 490 1266 527 pag.
1287 476 1361 523 71)
1393 479 1430 512 et
1460 476 1603 513 Hoeck.

99 542 135 578 in
157 543 257 581 Cret.
290 544 304 580 Ι
336 558 370 595 p.
396 547 475 585 192
494 557 596 593 seqq.
654 545 725 581 Alii
753 544 963 582 Adrasteam
1003 546 1039 581 iu
1070 545 1235 595 nymphis
1264 549 1406 595 ponunt
1434 545 1604 594 Iovisque

100 610 286 649 Cretensis
307 613 504 649 nutricibus
526 626 595 648 nna
616 626 694 649 cum
713 614 798 660 ida,
829 615 1057 662 eandemque
1085 613 1258 650 Curetum
1287 625 1446 651 sororem
1474 612 1604 663 appel-

98 677 184 715 lant.
243 680 325 716 vid.
357 680 566 717 Callimach.
593 681 628 717 in
658 681 730 718 Iov.
757 682 822 722 47.
862 681 980 732 Apoll.
1010 681 1130 718 Rhod.
1161 681 1230 727 ΙΙΙ,
1262 683 1341 722 133
1375 682 1462 731 ibiq.
1493 680 1602 718 schol.

99 745 294 794 Iungamus
321 747 417 784 hisee
446 760 508 793 ea,
547 760 640 795 quae
668 749 873 799 Stephanus
903 750 1127 798 Byzantinus
1160 749 1226 798 (p.
1245 750 1299 790 36
1322 750 1379 786 ed.
1400 749 1530 797 Berk.)
1559 762 1603 786 ex

99 812 266 862 Diogene
285 815 422 852 retulit:
453 815 660 852 Adrasteam
681 830 761 854 esse
787 829 830 853 ex
857 817 1035 866 Nymphis
1065 816 1316 853 Orestiadibus
1332 845 1342 863 ‚
1373 821 1411 854 et
1439 829 1481 854 ex
1507 817 1603 853 Cha-

98 881 188 917 racis
207 881 421 919 Hellenicis:
455 883 662 920 Adrasteam
683 897 762 921 esse
783 883 900 921 locum
931 884 1067 921 Troiae
1097 883 1318 934 appellatum
1345 885 1390 921 ab
1410 884 1601 932 Adrastea,

99 947 171 984 filia
193 947 353 996 Melissi,
384 952 444 998 qui
462 955 497 988 et
518 952 604 988 Idae
625 956 728 1001 pater
746 951 852 989 suerit
869 952 943 989 eius
956 980 968 998 ,
999 965 1093 1000 quae
1112 952 1264 1001 primum
1284 952 1320 987 in
1339 951 1453 989 Troia
1470 964 1603 1001 regna-

98 1017 199 1055 verit.
257 1017 334 1054 Iam
360 1030 433 1066 quo
464 1032 573 1056 sensu
596 1019 771 1056 Adrastea
802 1019 933 1058 haecce
970 1020 1045 1056 Iovi
1073 1020 1229 1056 addatur
1255 1019 1398 1066 nutrix,
1439 1019 1603 1070 pluribus

97 1085 261 1135 exposuit
282 1085 453 1123 Creuzer.
477 1087 514 1123 in
543 1087 703 1136 Symbol.
729 1087 762 1123 II
793 1101 830 1137 p.
851 1088 931 1128 501
961 1100 1064 1136 seqq.
1122 1086 1181 1124 Ad
1206 1088 1473 1136 cosmogoniam
1507 1087 1601 1124 enim

95 1153 279 1202 pertinere
298 1153 393 1190 illam
416 1154 502 1190 satis
523 1154 704 1204 probant,
734 1167 828 1203 quae
855 1155 953 1204 apud
983 1155 1147 1192 Proclum
1173 1155 1343 1204 leguntur
1374 1154 1411 1191 in
1442 1154 1600 1203 theolog.

98 1219 239 1256 Platon.
261 1220 333 1266 IV,
354 1223 403 1261 16
424 1227 461 1258 et
478 1223 514 1258 in
538 1222 727 1259 Timaeum
747 1236 782 1272 p.
803 1223 897 1263 323.
956 1224 1065 1266 Quod
1092 1236 1176 1260 vero
1207 1224 1254 1260 ad
1281 1222 1405 1260 Asiam
1437 1228 1601 1273 spectare

97 1287 239 1323 videtur
260 1287 431 1325 Adrastea
454 1292 602 1338 eiusque
631 1290 779 1338 religio,
816 1290 978 1339 disputat
1002 1290 1182 1328 lablonsk.
1216 1292 1290 1339 (de
1310 1290 1460 1328 Nemesi
1483 1290 1600 1338 Aegg.

97 1355 134 1391 in
154 1354 316 1392 Pantheo
340 1355 511 1407 Aegjptt.
534 1358 630 1405 107)
663 1357 889 1405 eandemque
924 1357 1048 1396 haberi
1078 1358 1153 1395 vult
1189 1372 1230 1396 ac
1259 1358 1438 1395 Bubastia
1469 1363 1506 1395 et
1535 1357 1601 1395 Ta·-

96 1422 337 1459 thrambonem.
396 1423 452 1460 Ab
474 1425 616 1462 Astarte
635 1439 664 1461 s.
686 1425 829 1462 Venere
847 1429 985 1461 armata
1003 1430 1038 1463 et
1058 1426 1211 1464 Victrice
1240 1439 1319 1464 eam
1341 1426 1439 1463 haud
1457 1426 1602 1463 differre

97 1491 283 1527 contendit
304 1491 471 1528 Bochart.
497 1493 534 1529 in
561 1505 688 1541 geogr.
721 1504 807 1528 sacr.
836 1491 874 1537 I,
895 1492 950 1533 42
980 1505 1066 1541 pag.
1084 1494 1186 1541 664,
1216 1507 1257 1531 ac
1279 1495 1484 1543 nuperrime
1521 1494 1602 1543 qui-

96 1558 179 1595 dem
198 1558 337 1595 Hoeck.
362 1558 384 1594 l.
405 1558 427 1595 l.
448 1572 532 1609 pag.
559 1562 637 1600 193
658 1560 705 1596 ad
722 1560 975 1607 cosmogonica
994 1561 1102 1597 Asiae
1122 1561 1269 1598 minoris
1289 1561 1436 1598 numina
1453 1561 1600 1598 relatam

95 1625 170 1661 vult
189 1625 394 1662 Adrasteam
408 1654 419 1673 ,
448 1626 545 1664 haud
563 1627 708 1663 multum
728 1639 923 1676 sanequam
942 1627 1120 1664 diversam
1139 1640 1161 1664 a
1178 1628 1336 1677 Phrygia
1358 1634 1473 1666 matre
1496 1630 1602 1666 deum

96 1693 264 1742 adeoque
283 1694 397 1743 ipsam
419 1695 605 1742 Cybelen,
634 1708 726 1744 quae
742 1696 840 1745 apud
858 1695 1019 1732 Graecos
1038 1694 1229 1733 Adrasteae
1258 1709 1391 1734 nomen
1422 1697 1602 1746 acceperit

97 1772 120 1796 a
140 1761 218 1797 loco
238 1760 296 1797 illo
322 1760 533 1811 temploque
559 1761 800 1800 celeberrimo.
861 1762 935 1805 Qui
962 1762 1056 1799 enim
1076 1761 1291 1801 Adrasteam
1311 1764 1448 1801 Melissi
1469 1765 1603 1801 faciant

96 1828 229 1875 filiam,
261 1841 323 1866 eos
345 1829 392 1865 ad
413 1828 615 1878 posteriora
637 1833 800 1880 tempora
819 1830 1003 1880 pertinere
1023 1830 1117 1866 idem
1137 1830 1239 1867 addit
1261 1830 1283 1867 l.
1304 1830 1326 1867 l.
1347 1845 1383 1881 p.
1406 1831 1498 1873 194.

207 1918 283 1955 Iam
314 1931 398 1955 vero
427 1918 517 1956 haec
545 1921 664 1956 omnia
696 1933 778 1957 eum
805 1921 842 1957 in
873 1920 982 1957 finem
1006 1920 1284 1970 disputavimus,
1316 1933 1388 1971 quo
1418 1935 1600 1959 common-

98 1989 249 2022 stremus
279 1985 406 2034 (quod
435 1987 482 2023 ad
516 1987 697 2024 Herodoti
724 1987 968 2025 narrationem
996 1988 1265 2025 diiudicandam
1291 1989 1451 2026 nonnihil
1480 1991 1600 2026 facere

95 2054 249 2102 potest),
276 2053 428 2090 Adrasta·
457 2067 588 2091 nomen
616 2055 643 2091 si
676 2054 873 2103 Phrygium
904 2055 970 2102 sit,
1010 2059 1046 2092 et
1073 2055 1190 2105 ipsum
1216 2057 1397 2106 pertinere
1424 2057 1473 2093 ad
1499 2069 1601 2093 sacra

95 2133 220 2168 regum
239 2121 406 2168 nomina,
428 2134 450 2158 a
466 2123 668 2159 numinibus
688 2122 833 2159 summis
853 2124 1028 2172 repetita;
1058 2127 1098 2160 ut
1117 2122 1291 2161 Adrastus
1313 2125 1415 2173 quasi
1435 2124 1599 2161 alumnus

95 2187 326 2237 perhibeatur
345 2189 436 2226 deae
455 2187 657 2228 Adrasteae
694 2190 747 2237 (h.
773 2203 804 2227 e.
826 2190 976 2227 Veneris
995 2190 1158 2228 Victricis
1184 2205 1211 2228 s.
1234 2191 1420 2229 Minervae
1436 2191 1598 2228 Victricis

97 2259 134 2291 et
151 2255 330 2302 Ultricis).
387 2255 520 2293 Verum
547 2270 567 2293 a
588 2257 730 2296 Graeca
750 2259 861 2309 stirpe
881 2259 909 2295 si
929 2262 1119 2309 repetatur
1135 2272 1268 2297 nomen
1299 2259 1390 2308 (quo
1413 2259 1509 2295 ducit
1527 2259 1601 2294 fra-

95 2321 158 2358 tris
188 2322 233 2359 ab
257 2321 417 2360 Adrasto
447 2325 627 2363 interfecti
655 2339 788 2363 nomen
819 2326 1058 2374 Agatlconis),
1088 2326 1176 2363 illud
1211 2327 1333 2377 potius
1360 2326 1599 2376 spectandum

95 2388 260 2436 videtur,
299 2394 340 2426 ut
367 2388 541 2429 Adrastus
570 2394 679 2430 modo
708 2394 801 2430 ultor
828 2395 875 2431 sit
909 2394 1246 2444 (quemadmodum
1266 2393 1373 2431 Talai
1406 2393 1463 2431 ille
1493 2393 1599 2439 filius,

95 2461 202 2493 notus
234 2457 270 2493 in
299 2456 546 2507 Epigonorum
576 2461 748 2498 adversus
779 2461 927 2499 Thebas
958 2462 1186 2511 expeditione
1206 2489 1217 2508 ‚
1264 2463 1375 2499 frater
1403 2461 1596 2510 Eriphyles

96 2535 191 2572 quae
220 2523 329 2560 fatale
358 2525 455 2562 istud
487 2527 618 2565 monile
649 2533 727 2565 erat
756 2533 881 2575 nacta,
921 2530 982 2578 qui
1012 2529 1108 2567 idem
1137 2529 1303 2576 Tydeum
1331 2530 1522 2578 perfugam
1551 2528 1597 2565 ob

96 2589 216 2627 fratris
247 2591 394 2627 caedem
424 2594 597 2642 expiat),
635 2595 744 2631 modo
767 2597 935 2644 punitus,
965 2610 1062 2641 sons,
1093 2596 1246 2645 infelix,
1270 2595 1420 2646 fugax,
1461 2595 1598 2644 suaque

95 2658 208 2707 ipsius
240 2670 346 2694 manu
384 2661 623 2708 occumbens,
662 2666 702 2698 ut
732 2661 790 2698 ille
819 2662 985 2699 Herculis
1016 2663 1118 2699 filius.
1176 2662 1255 2700 Nec
1279 2663 1467 2710 abhorret,
1497 2663 1598 2712 quod

97 2726 188 2762 deae
218 2724 367 2762 Nemesi
397 2725 576 2764 Adrastus
608 2730 753 2777 quidam
781 2730 954 2779 templum
985 2730 1175 2767 dedicasse
1204 2731 1378 2777 traditur3
1408 2731 1478 2768 hoc
1504 2731 1597 2768 enim

96 2793 143 2829 ad
183 2792 334 2830 Troicas
374 2791 622 2844 Phrygiasque
660 2796 851 2844 religiones
888 2797 1014 2846 utique
1052 2798 1222 2847 pertinet.
1292 2798 1389 2842 Quin
1428 2799 1599 2836 Herodo-

97 2867 175 2898 teus
205 2860 383 2897 Adrastus
404 2890 415 2909 ‚
468 2864 597 2900 Gordii
633 2863 781 2913 Phrygii
821 2863 914 2900 filius
934 2894 945 2912 ,
1002 2864 1204 2903 Nemeseos
1233 2866 1337 2915 quasi
1367 2866 1529 2903 minister
1557 2878 1599 2902 ac
