1909 3228
469 211 554 252 670

884 209 1354 250 HERODOTI

470 317 650 372 νεκρὸς,
681 316 903 361 δεικνύασι
932 324 1043 363 τοῖσι
1071 321 1278 376 κομίσασι
1305 322 1630 377 παραδείγματα
1653 338 1725 365 νε-

469 402 591 453 κρῶν
619 396 795 450 ξύλινα,
835 402 889 454 τῇ
917 403 1069 456 γραφῇ
1105 398 1385 455 μεμιμημένα.

1437 401 1511 443 καὶ
1541 400 1620 456 τήν
1651 401 1730 457 μὲν

471 474 822 531 σπουδαιοτάτην
861 475 1026 520 αὐτέων
1056 479 1163 532 φασὶ
1195 476 1327 530 εἶναι,
1379 482 1460 521 τοῦ
1490 478 1572 522 οὐκ
1603 479 1785 523 ὅσιον30

469 558 674 609 ποιεῦμαι
702 553 751 598 τὸ
786 554 959 611 οὕνομα
998 557 1068 600 ἐπὶ
1095 556 1281 614 τοιούτῳ
1318 557 1536 613 πρήγματι
1563 557 1727 614 ὀνομά-

440 641 462 673 3
475 638 573 686 ζειν.

633 635 711 690 τὴν
748 635 794 678 δὲ
833 635 1038 691 δευτέρην
1079 635 1302 680 δεικνύασι
1338 635 1656 692 ὑποδεεστέρην
1684 653 1728 680 τε

467 712 627 769 ταύτης
655 713 727 757 καὶ
757 713 1077 771 εὐτελεστέρην·
1108 715 1188 772 τήν
1208 715 1253 760 δὲ
1279 716 1447 772 τρίτην,
1480 712 1727 759 εὐτελεστά-

411 956 484 993 que
514 955 638 981 eorum
670 943 913 982 conditionem
947 945 1066 982 consi-

411 1001 530 1038 deres.
589 1000 697 1037 Conf-
719 999 772 1046 ΙΙ,
796 1002 861 1041 89.

468 1051 673 1095 δεικνύασι
726 1059 829 1095 τοῖσι
877 1056 1064 1107 κομίσασι

411 1113 708 1165 παραδείγματα
725 1115 879 1165 νεκρῶν
909 1109 1062 1161 ξύλινα,

411 1171 463 1222 τῆ
489 1171 629 1223 γραφῇ
651 1168 923 1220 μεμιμημένα]
954 1170 1064 1208 Intel-

410 1225 490 1289 ligit
507 1226 723 1276 exemplaria
738 1240 765 1263 s.
787 1227 975 1264 simulacra
987 1240 1065 1263 mu-

410 1283 562 1320 miarum
589 1282 728 1331 lignea,
757 1284 896 1333 pictura
916 1283 1065 1321 inducta

411 1343 447 1376 et
485 1339 632 1387 quidem
672 1340 715 1376 ea
736 1369 746 1386 ‚
788 1352 883 1389 quae
916 1340 1062 1387 Isidem,

411 1395 594 1433 Osiridem
616 1399 656 1431 ut
684 1396 875 1445 plurimum
891 1426 901 1443 ,
931 1396 1065 1434 aliasve

410 1464 467 1487 res
490 1464 609 1487 sacras
630 1451 825 1489 exhiberet.
884 1452 942 1489 De
964 1453 1064 1489 locu-

409 1507 510 1544 tione
547 1509 598 1560 τῇ
627 1509 764 1560 γραφῇ
799 1507 1061 1558 μεμιμημένα,

410 1575 483 1611 qua
509 1563 647 1599 indicat
691 1564 880 1601 simulacra
918 1565 986 1600 ista
1013 1565 1062 1601 sic

409 1619 507 1668 picta
532 1619 643 1656 fuisse
658 1648 668 1666 ‚
710 1623 747 1655 ut
779 1620 916 1669 pictura
938 1633 1062 1658 verum

408 1675 562 1712 maxime
600 1675 823 1712 imitarentur
860 1680 970 1725 atque
1001 1690 1062 1714 ex-

408 1732 622 1780 primerent‚
640 1733 733 1768 conf.
752 1732 798 1778 Il,
816 1734 869 1772 78
886 1733 970 1781 ibiq.
986 1737 1061 1769 not.

464 1801 529 1824 και
543 1802 641 1837 την
638 1802 679 1825 ae
686 1803 708 1825 ν
725 1786 1059 1838 σπουδαιοτάτην]

408 1843 491 1879 Scil.
515 1843 760 1893 ταρίχευσινς
792 1847 1060 1893 praestantes-si-

407 1910 499 1936 mam
538 1900 634 1936 enim
671 1900 838 1949 intelligit
865 1902 1060 1938 condiendi

407 1956 598 1993 rationem.
658 1957 751 1993 Cum
784 1958 879 1994 enim
906 1959 978 1994 tria
1004 1958 1061 1995 hic

406 2016 521 2061 ponat
553 2026 688 2061 genera
716 2014 932 2061 condiendi,
973 2014 1060 2051 illud

407 2068 692 2117 observandum,
741 2070 894 2107 cuiusvis
938 2070 1060 2107 classis

405 2125 535 2161 modos
573 2126 686 2163 videri
710 2127 830 2163 fuisse·
845 2127 1060 2176 complures,

404 2181 456 2216 uti
478 2185 656 2218 testantur
668 2183 824 2220 mumiae
836 2183 953 2220 adhuc
966 2196 1059 2232 quae

406 2242 612 2286 supersunt.
661 2237 802 2288 [Quare
820 2252 894 2276 non
919 2240 1058 2287 mirum,

403 2305 425 2329 a
445 2294 653 2344 nuperrimo
692 2295 957 2360 Aegyptiarum
984 2300 1059 2333 ter-

402 2362 523 2386 rarum
557 2352 854 2400 peregrinatore,
897 2353 1058 2402 quinque

403 2405 538 2443 classes
570 2420 651 2444 esse
691 2408 913 2446 observatas.
972 2409 1054 2445 Vid.

403 2461 574 2499 Minutoli
594 2462 804 2512 Nachtriige
827 2469 894 2502 etc.
916 2467 1054 2514 p.199.

402 2518 499 2555 Add.
520 2519 672 2556 Belzoni
688 2533 829 2570 voyage
848 2535 893 2558 en
908 2522 1056 2571 Egypte

401 2578 427 2610 t.
450 2574 465 2610 I
495 2588 531 2624 p.
552 2578 633 2616 269
655 2575 775 2626 seqq]
835 2577 947 2621 Quod
969 2591 1055 2615 vero

402 2630 567 2678 Ileynius
595 2632 616 2668 l.
639 2632 661 2668 l.
684 2646 768 2682 pag.
790 2635 844 2675 82
880 2634 1010 2672 rectius
1036 2647 1059 2672 a

403 2684 567 2723 Diodoro
604 2690 778 2726 traditum
809 2694 932 2740 putat3
961 2702 1057 2727 sum-

404 2743 503 2779 tuum
521 2745 568 2780 ad
592 2746 877 2795 unumquodque
893 2748 1059 2784 conditu-

403 2808 466 2833 rae
493 2811 608 2846 genus
634 2803 918 2840 necessariorum
946 2805 1059 2840 ratio-

403 2864 479 2889 nem
510 2866 533 2891 a
556 2856 763 2896 taricheutis
792 2859 903 2898 fuisse
920 2872 1058 2912 propo-

1133 945 1241 982 sitam
1276 946 1527 983 defunctorum
1558 945 1785 991 necessariis,

1130 1001 1322 1039 Herodoto
1350 1002 1399 1039 sic
1418 1003 1663 1053 patrocinatur
1684 1002 1784 1039 Zoe-

1132 1071 1181 1107 ga
1212 1059 1278 1106 (de
1299 1058 1404 1095 obell.
1435 1061 1570 1108 p.252
1599 1063 1673 1095 not.
1699 1059 1784 1107 15),

1131 1118 1170 1151 ut
1190 1119 1338 1152 moneat
1356 1116 1508 1163 cogitari
1528 1128 1637 1165 posse
1661 1115 1785 1163 singu-

1132 1171 1167 1207 la
1210 1171 1332 1220 lignea
1368 1171 1532 1221 exempla
1570 1171 1689 1208 fasciis
1717 1184 1786 1221 pro

1133 1227 1306 1276 cuiusque
1324 1228 1535 1264 conditurae
1557 1227 1697 1264 ratione
1726 1227 1784 1264 di-

1132 1285 1246 1321 versis
1273 1283 1432 1321 involuta
1460 1284 1593 1330 fuisse,
1623 1285 1719 1321 unde
1740 1295 1785 1321 ex

1132 1340 1284 1377 cuiusvis
1304 1342 1458 1377 mumiae
1477 1341 1653 1390 adspectu
1668 1339 1723 1377 vel
1742 1352 1786 1377 ex

1131 1398 1227 1447 picto
1262 1397 1417 1434 lnumiae
1447 1396 1627 1434 schemate
1656 1396 1786 1433 distin-

1132 1457 1325 1501 gueretur,
1343 1454 1441 1489 cuius
1462 1457 1557 1490 esset
1576 1452 1712 1489 classis.
1734 1451 1784 1488 Et

1130 1509 1341 1558 comprobat
1366 1509 1616 1546 Herodoteam
1658 1520 1785 1544 narra-

1130 1566 1268 1601 tionem
1287 1564 1409 1601 tabula
1428 1578 1447 1602 e
1464 1564 1636 1614 sepulcris
1647 1564 1783 1613 Ilithyi-

1130 1621 1245 1671 opolis
1270 1625 1394 1668 eruta,
1446 1634 1540 1669 quae
1567 1621 1636 1658 hoc
1668 1634 1784 1669 nego-

1130 1678 1217 1713 tium
1236 1678 1329 1714 bene
1347 1690 1555 1727 expressum
1572 1677 1678 1714 nobis
1698 1681 1783 1714 ante

1130 1733 1251 1770 oculos
1276 1733 1389 1783 ponit.
1448 1734 1551 1770 Haec
1580 1733 1782 1771 Creuzerus

1128 1789 1150 1826 l.
1175 1789 1197 1825 l.
1223 1803 1259 1839 p.
1283 1789 1332 1829 18
1361 1794 1397 1826 et
1415 1790 1489 1825 tab.
1517 1803 1571 1826 nr.
1594 1792 1631 1829 1.
1688 1789 1785 1826 Cae-

1129 1850 1244 1882 terum
1271 1846 1432 1881 constitit
1451 1845 1541 1883 haec
1562 1846 1678 1895 prima
1693 1846 1783 1882 ratio

1129 1902 1322 1939 condiendi
1355 1901 1492 1939 talento
1519 1902 1662 1949 Attico,
1691 1906 1785 1939 teste

1128 1958 1294 1995 Diodoro
1336 1958 1372 2005 l,
1413 1961 1490 2004 91,
1543 1959 1642 2007 quod
1675 1960 1784 1999 1200

1128 2014 1284 2052 thaleros
1303 2014 1503 2051 Saxonieos
1534 2016 1612 2052 fere
1631 2019 1783 2064 aequat3

1128 2070 1242 2108 altera
1269 2072 1362 2108 ratio
1391 2071 1520 2120 viginti
1552 2071 1657 2108 minis
1697 2084 1783 2108 con-

1129 2127 1231 2164 stitit.

1183 2185 1258 2222 τοῦ
1284 2177 1359 2222 οὔκ
1385 2178 1498 2222 ὅσιον
1526 2185 1714 2234 ποιεῦμαι
1741 2179 1784 2222 τὸ

1128 2236 1282 2289 οὕνομα
1320 2254 1354 2277 κ.
1381 2254 1411 2277 τ.
1443 2238 1493 2289 λ.]
1530 2240 1778 2288 Cogitandum

1127 2300 1183 2333 est
1205 2297 1250 2333 de
1272 2295 1427 2333 Osiridis
1446 2295 1633 2332 simulacro
1654 2296 1689 2332 iu
1703 2309 1783 2333 mu-

1125 2353 1219 2389 miae
1242 2354 1393 2389 formam
1414 2353 1634 2402 composit03
1663 2356 1703 2389 ut
1726 2353 1782 2389 in-

1124 2408 1296 2457 telligitur
1309 2413 1384 2445 tum
1408 2421 1451 2446 ex
1471 2410 1607 2446 diserto
1620 2407 1781 2447 Athena-

1124 2477 1237 2514 gorae
1271 2466 1475 2503 testimonio
1511 2466 1548 2501 in
1571 2464 1681 2514 legat.
1711 2477 1780 2516 pro

1125 2522 1258 2558 Christ.
1295 2535 1350 2571 cp.
1374 2523 1426 2562 25
1460 2535 1496 2572 p.
1521 2522 1598 2569 32,
1627 2527 1703 2558 tum
1736 2533 1780 2558 ex

1127 2578 1238 2628 ipsius
1270 2577 1452 2615 Herodoti
1486 2577 1572 2614 locis
1607 2578 1700 2615 inter
1741 2590 1781 2614 se

1126 2633 1267 2671 collatis
1293 2634 1350 2681 ll,
1378 2636 1444 2674 61.
1476 2635 1567 2675 132.
1590 2636 1670 2676 170
1700 2646 1777 2682 seq.

1125 2688 1294 2739 Arguunt
1338 2690 1445 2728 etiam
1477 2690 1580 2740 ipsae
1621 2690 1778 2727 Osiridis

1125 2747 1301 2796 imagines
1328 2746 1384 2784 vel
1405 2747 1441 2783 in
1462 2745 1633 2796 sepulcris
1655 2758 1779 2796 reper-

1125 2807 1184 2841 tae
1216 2803 1273 2841 vel
1305 2803 1341 2840 in
1379 2802 1591 2839 mumiarum
1627 2801 1775 2852 picturis

1125 2859 1314 2898 exhibitae.
1362 2858 1471 2897 Plura
1488 2859 1704 2897 Creuzerus.
