1909 3228
421 166 506 206 798
836 165 1300 204 HERODOTI

1556 278 1683 321 Φιλέ-

422 364 522 396 ουσι
550 351 594 396 δέ
625 368 711 403 κως
741 351 788 394 ἐν
817 355 869 409 τῇ
900 351 1131 406 Ναυκράτι
1169 351 1456 408 ἐπαφρόδιτοι
1485 356 1684 409 γίνεσθαι
1698 364 1742 397 80

393 277 528 317 6Χῖοι
555 272 792 325 ἀνέθεσαν,
836 271 988 316 ἀντίον
1017 273 1064 316 δὲ
1093 272 1231 317 αὐτοῦ
1259 277 1341 317 τοῦ
1370 278 1494 330 νηοῦ.

422 434 468 474 αἱ
495 431 674 485 ἑταῖραι,
733 435 863 473 τοῦτο
895 430 974 486 μὲν
1001 430 1085 486 γάρ
1117 430 1249 488 αὕτη,
1287 435 1363 487 τῆς
1397 432 1495 487 πέρι
1521 435 1684 489 λέγεται

421 510 495 553 ὅδε
526 508 548 554 ὁ
579 509 731 566 λόγος,
783 508 898 552 οὕτω
930 508 983 566 δή
1019 527 1060 553 τι
1098 511 1243 566 κλεινή
1285 511 1475 566 ἐγένετο,
1513 510 1572 563 ὠς
1609 514 1683 556 καὶ

418 588 576 639 πάντες
608 591 652 632 οἱ
678 587 883 644 ”Ελληνες
916 587 1153 640 Ῥοδώπιος
1182 590 1230 633 τὸ
1263 588 1431 646 οὕνομα
1454 591 1682 647 ἐξέμαθον·

419 672 548 712 τοῦτο
579 667 644 720 δὲ,
693 667 880 723 ὕστερον
909 668 1091 725 ταύτης,
1135 673 1186 726 τῇ
1218 667 1388 725 οὕνομα
1419 665 1474 726 ἦν
1499 668 1685 726 Ἀρχιδί-

420 764 497 803 κη,
537 745 736 803 ἀοίδιμος
775 746 859 789 ἀνά
897 746 978 804 τήν
1011 748 1194 791 Ἑλλάδα
1227 747 1392 803 ἐγένετο
1417 782 1428 802 ,
1474 743 1609 804 ἧσσον
1639 750 1741 793 δὲ85

389 830 496 882 7τῆς
526 825 672 882 ἑτέρης
700 826 1092 882 περιλεσχήνευτος.
1151 826 1302 882 Χάραξ
1306 845 1353 879 ος
1384 830 1429 872 δὲ
1462 846 1520 880 ως
1549 829 1684 873 λυσα-

417 922 549 961 μενος
573 904 787 950 Ῥοδῶπιν
818 903 1130 962 ἀπενόστησε’
1113 923 1155 957 ες
1186 907 1466 964 Μυτιλήνην,
1498 909 1545 952 έν
1568 909 1687 965 μέλεϊ

418 986 594 1041 Σαπφώ
635 984 776 1028 πολλοὶ
815 985 1153 1043 κατεκερτόμησέ
1184 1003 1274 1042 μιν.
1336 986 1574 1039 Ῥοδώπιος
1602 989 1682 1045 μέν

418 1081 502 1108 νυν
531 1064 630 1117 πέρι
662 1064 898 1120 πέπαυμαι.

262 1149 362 1194 136

87 1250 131 1275 10
88 1214 368 1276 [θξῇοῧξιαῐ
423 1223 498 1267 λέα
537 1223 686 1279 ε’λεγον
729 1224 773 1266 οι
811 1224 920 1277 ἱρέες
943 1223 1144 1278 Ἄσυχιν,
1202 1223 1282 1267 τόν
1319 1242 1372 1268 τα
1411 1240 1522 1279 προς
1559 1223 1742 1280 ἤλιον90

125 1281 265 1316 ιιίιιοιηῐι
266 1290 303 1308 ιιιι
317 1290 366 1308 ex-

236 1324 325 1383 op¹³¹a¹
318 1316 366 1376 ’ζεῖ
423 1302 657 1359 ἀνίσχοντα
685 1306 865 1358 ποιῆσαι
902 1306 964 1359 τῷ
999 1302 1222 1362 Ἡφαίστῳ
1251 1303 1521 1359 προπύλαια,
1559 1303 1686 1347 ἐόντα

239 1387 364 1417 ngusta:

535 1143 661 1187 Μετα
690 1144 735 1187 δὲ
767 1147 1024 1199 Μυκερῖνον
1060 1143 1263 1199 γενέσθαι
1303 1144 1531 1200 Αἰγύπτου
1561 1149 1685 1201 βασι-

86 1291 139 1343 orii
125 1292 191 1342 lint:
222 1324 257 1349 pc

86 1350 140 1376 snb
159 1358 194 1375 eo
213 1350 242 1376 in

86 1383 145 1410 fide
148 1391 161 1409 s

86 1417 154 1451 lege
151 1424 183 1443 ιιι
205 1416 241 1443 de
263 1424 308 1442 mu
313 1420 334 1442 ιι
337 1424 364 1442 ιο

86 1459 155 1485 quai
227 1449 363 1476 dederit:

86 1492 158 1519 pyra
144 1459 217 1510 annis
236 1483 301 1510 cius
319 1483 363 1510 la-

85 1518 167 1545 ueriti
171 1526 199 1545 a.

424 1516 553 1573 ἧσσον
583 1518 626 1560 δὲ
653 1523 724 1572 τῆς
750 1518 883 1573 ἑτέρης
909 1533 1016 1569 περι-

361 1574 644 1629 λεσχήνευτος]
703 1578 727 1614 i.
759 1591 790 1616 e.
829 1578 1016 1614 Arclaz'clice

360 1639 476 1673 minus
498 1634 614 1672 alteret
647 1635 888 1683 (Rhodopide
920 1633 1014 1681 scil.)

354 1693 437 1758 fuit
458 1692 615 1742 famosa.
674 1691 732 1727 De
759 1703 846 1726 voce
866 1693 1015 1740 περιλε-

362 1744 482 1800 σχήνε
468 1763 577 1794 ουτος
608 1745 782 1784 nonnulla
817 1747 955 1782 monuit
980 1746 1015 1781 h.

364 1807 388 1844 l.
407 1805 582 1842 Valcken
641 1802 704 1839 Tu
726 1803 820 1839 conf.
848 1806 928 1838 nott
968 1802 1016 1837 ad

362 1863 402 1910 Ι,
422 1863 514 1902 153.
553 1860 625 1897 Pro
642 1854 839 1925 Ἀρχιδίκῃ
862 1871 941 1894 cum
958 1871 1017 1894 re-

363 1922 471 1957 centt.
493 1917 578 1954 edd.
602 1916 709 1966 posui
727 1910 946 1979 Ἀρχιδίκη,
977 1917 1017 1950 ut

362 1976 441 2012 libri
468 1974 651 2011 iubebant.
710 1971 769 2009 De
795 1973 877 2022 ipsa
899 1984 1016 2008 mere-

361 2033 450 2069 trice
474 2031 569 2068 conf.
587 2028 725 2066 Aelian.
744 2041 776 2064 v.
796 2028 831 2064 h.
845 2028 928 2074 XII,
948 2028 1015 2068 63.

365 2110 419 2115 —
438 2088 480 2124 In
498 2099 601 2135 seqq.
620 2086 770 2123 retinui:
802 2080 1018 2132 ἀπενόστη-

367 2157 409 2183 σε
431 2143 476 2190 ές
499 2137 753 2192 Μυτιλήνην,
774 2141 837 2178 ubi
855 2140 1018 2178 nonnulli

365 2202 445 2238 libri
469 2213 537 2250 pro
564 2198 604 2245 ἐς
640 2199 799 2235 afferunt
834 2196 908 2244 ὥς,
949 2197 1017 2232 im-

360 2258 541 2308 probante
586 2256 734 2305 quidem
761 2253 1017 2300 Valckenario,

362 2314 424 2363 qui
443 2312 656 2364 particulam
677 2309 730 2357 ὥς
741 2311 811 2347 hoe
830 2324 939 2347 sensu
959 2323 1017 2346 re—

363 2372 514 2420 gionum
552 2369 767 2417 urbiumque
811 2367 1016 2404 nominibus

364 2426 503 2464 adstrui
530 2439 639 2475 posse
669 2428 792 2473 negat.
853 2423 914 2460 Tu
944 2423 1016 2459 vid.

363 2483 495 2519 Matth.
518 2483 584 2518 Gr.
604 2483 668 2518 Gr.
685 2495 720 2531 p.
746 2479 852 2521 1147
878 2484 952 2516 not.
980 2479 1017 2525 d,

364 2552 412 2576 ne
435 2539 559 2589 plura,
590 2543 628 2575 et
654 2538 748 2574 conf.
767 2536 948 2574 Herodot.
971 2535 1018 2583 ll,

367 2598 445 2636 121
478 2594 515 2646 ἓ
534 2595 570 2635 5

421 2650 463 2689 ἐν
491 2650 600 2701 μέλεϊ
616 2646 775 2699 Σαπφω
805 2645 930 2688 πολλα
951 2663 1018 2686 κα-

364 2703 620 2757 τεκεοτὸμησέ
639 2706 731 2758 μιν]
770 2707 909 2743 Suadet
936 2705 1016 2756 opi-

369 2776 436 2799 nor
473 2765 673 2801 sententiae
700 2776 812 2802 nexus
834 2791 844 2808 ,
884 2767 924 2798 ut
949 2776 1018 2812 μιν

370 2820 417 2856 ad
435 2818 638 2856 chama-um
659 2821 807 2858 fratrem
826 2820 1016 2865 reseratur,

1084 1535 1192 1571 quem
1223 1535 1327 1559 soror
1354 1523 1569 1560 carminibus
1603 1522 1739 1571 prosci-

1084 1579 1201 1626 derit,
1242 1580 1378 1628 quippe
1407 1578 1654 1617 meretriculae
1685 1579 1740 1614 in-

1083 1635 1168 1672 sami
1199 1636 1363 1672 deditum
1406 1641 1442 1673 et
1471 1636 1507 1671 in
1539 1648 1619 1672 eam
1650 1647 1738 1684 opes

1083 1692 1367 1740 impendentem.
1407 1691 1632 1728 Athenaeum
1653 1703 1740 1727 vero

1084 1747 1107 1783 l.
1127 1747 1148 1782 l.
1174 1748 1201 1783 si
1221 1747 1370 1793 audias,
1396 1747 1617 1796 Rhodopin,
1648 1759 1742 1795 quae

1083 1803 1196 1840 multa
1236 1802 1404 1839 Charaxo
1432 1803 1674 1840 interverterit
1704 1808 1742 1839 et

1083 1861 1202 1896 furata
1232 1860 1360 1906 suerit,
1391 1859 1544 1910 Sappho
1575 1859 1743 1895 carmini-

1083 1916 1150 1952 bus
1190 1916 1377 1965 proscidit.
1440 1917 1614 1964 Sequitur
1650 1915 1742 1952 hanc

1084 1973 1301 2009 sententiam
1320 1973 1372 2009 vir
1390 1972 1517 2009 doctus
1539 1973 1590 2008 in:
1612 1971 1741 2008 Schul-

1087 2029 1240 2077 zeitung
1273 2031 1380 2070 1829
1413 2041 1491 2065 nro.
1511 2032 1566 2069 22
1588 2041 1624 2078 p.
1650 2030 1741 2069 178.

1240 2113 1350 2164 Cap.
1384 2111 1588 2150 CXXXVI.

1143 2195 1276 2247 ἔλεγον
1323 2195 1363 2235 οἷ
1411 2195 1510 2247 ἱρέες
1550 2193 1738 2246 ’Ἀσυχιν]

1085 2253 1241 2303 Asycloin
1268 2265 1391 2301 regem
1423 2266 1495 2289 ιιοιι
1521 2264 1740 2290 commemo-

1083 2315 1141 2347 rat
1159 2310 1368 2355 Diodorus,
1406 2310 1473 2346 alia
1495 2309 1606 2360 plane
1634 2321 1739 2346 enar-

1084 2379 1167 2404 rans
1186 2366 1223 2412 l,
1243 2366 1307 2407 65.
1338 2365 1509 2403 Larcher.
1540 2368 1647 2412 (tom.
1670 2364 1738 2401 Vll

1084 2436 1170 2473 pag.
1200 2424 1284 2470 92)
1324 2422 1481 2470 Asychin
1510 2423 1558 2459 ad
1588 2434 1739 2471 regnum

1086 2484 1247 2517 evectum
1271 2480 1373 2528 ponit
1401 2492 1484 2516 ann.
1515 2482 1623 2520 1012
1655 2482 1739 2515 ante

1087 2536 1174 2572 Chr.
1193 2548 1243 2582 n.,
1273 2536 1373 2584 quod
1402 2549 1467 2585 per
1495 2535 1739 2585 quadraginta

1087 2604 1202 2629 annos
1223 2592 1388 2628 tenuerit.
1425 2592 1486 2629 Tu
1504 2592 1598 2628 conf.
1623 2591 1739 2627 omni-

1086 2661 1135 2684 no
1165 2648 1275 2685 Beck.
1298 2647 1430 2685 Auleit.
1459 2661 1490 2684 z.
1514 2647 1737 2695 lVeltgesch.

1086 2705 1100 2741 l
1126 2718 1210 2755 pag.
1231 2706 1322 2745 692.
1347 2707 1440 2745 718.
1498 2704 1556 2741 De
1591 2703 1740 2739 Vulcani

1086 2761 1224 2811 templo
1253 2762 1347 2797 conf.
1381 2761 1433 2806 ll,
1459 2762 1511 2801 99
1536 2761 1595 2797 fin.
1628 2764 1666 2797 et
1690 2759 1737 2796 de

1084 2818 1290 2868 propylaeis
1313 2817 1367 2864 ll,
1392 2819 1466 2858 101
1501 2816 1623 2865 ibique
1644 2819 1734 2852 nott.
