<?xml version="1.0" encoding="UTF-8"?>
<!DOCTYPE html PUBLIC "-//W3C//DTD XHTML 1.0 Transitional//EN"
    "http://www.w3.org/TR/xhtml1/DTD/xhtml1-transitional.dtd">
<html xmlns="http://www.w3.org/1999/xhtml" xml:lang="en" lang="en">
 <head>
  <title>
</title>
<meta http-equiv="Content-Type" content="text/html;charset=utf-8" />
  <meta name='ocr-system' content='tesseract 3.04.00' />
  <meta name='ocr-capabilities' content='ocr_page ocr_carea ocr_par ocr_line ocrx_word'/>
</head>
<body>
  <div class='ocr_page' id='page_1' title='image "./musaeherodoto01hero/musaeherodoto01hero_0062.png"; bbox 0 0 1877 3223; ppageno 0'>
   <div class='ocr_carea' id='block_1_1' title="bbox 99 631 371 731">
    <p class='ocr_par' dir='ltr' id='par_1_1' title="bbox 99 631 371 731">
     <span class='ocr_line' id='line_1_1' title="bbox 126 631 371 665; baseline -0.008 -6"><span class='ocrx_word' id='word_1_1' title='bbox 126 631 334 665; x_wconf 74' lang='lat' dir='ltr'><strong>Thrasybulus</strong></span> <span class='ocrx_word' id='word_1_2' title='bbox 353 638 371 657; x_wconf 87' lang='lat' dir='ltr'><strong>a</strong></span> 
     </span>
     <span class='ocr_line' id='line_1_2' title="bbox 100 665 369 693; baseline -0.011 0"><span class='ocrx_word' id='word_1_3' title='bbox 100 666 264 693; x_wconf 73' lang='lat' dir='ltr'>Periandro</span> <span class='ocrx_word' id='word_1_4' title='bbox 277 665 369 692; x_wconf 77' lang='lat' dir='ltr'><strong>mnni-</strong></span> 
     </span>
     <span class='ocr_line' id='line_1_3' title="bbox 99 699 367 731; baseline -0.007 -5"><span class='ocrx_word' id='word_1_5' title='bbox 99 704 166 731; x_wconf 66' lang='lat' dir='ltr'><strong>tun,</strong></span> <span class='ocrx_word' id='word_1_6' title='bbox 190 699 367 726; x_wconf 80' lang='lat' dir='ltr'><strong>caduceato-</strong></span> 
     </span>
    </p>
   </div>
   <div class='ocr_carea' id='block_1_2' title="bbox 424 220 481 260">
    <p class='ocr_par' dir='ltr' id='par_1_2' title="bbox 424 220 481 260">
     <span class='ocr_line' id='line_1_4' title="bbox 424 220 481 260; baseline -0.035 0"><span class='ocrx_word' id='word_1_7' title='bbox 424 220 481 260; x_wconf 79' lang='lat'><strong>48</strong></span> 
     </span>
    </p>
   </div>
   <div class='ocr_carea' id='block_1_3' title="bbox 835 211 1303 251">
    <p class='ocr_par' dir='ltr' id='par_1_3' title="bbox 835 211 1303 251">
     <span class='ocr_line' id='line_1_5' title="bbox 835 211 1303 251; baseline -0.006 0"><span class='ocrx_word' id='word_1_8' title='bbox 835 211 1303 251; x_wconf 90' lang='lat' dir='ltr'>HERODOTI</span> 
     </span>
    </p>
   </div>
   <div class='ocr_carea' id='block_1_4' title="bbox 306 317 1749 620">
    <p class='ocr_par' dir='ltr' id='par_1_4' title="bbox 306 317 1749 620">
     <span class='ocr_line' id='line_1_6' title="bbox 401 317 1704 379; baseline -0.007 -9"><span class='ocrx_word' id='word_1_9' title='bbox 401 325 503 370; x_wconf 77' lang='grc' dir='ltr'><strong>ὅτὸν</strong></span> <span class='ocrx_word' id='word_1_10' title='bbox 536 323 644 370; x_wconf 82' lang='grc' dir='ltr'><em>θεὸν</em></span> <span class='ocrx_word' id='word_1_11' title='bbox 679 324 927 379; x_wconf 79' lang='grc' dir='ltr'><em>ἐπείρεσθαι</em></span> <span class='ocrx_word' id='word_1_12' title='bbox 965 323 1064 378; x_wconf 86' lang='grc' dir='ltr'><em>περὶ</em></span> <span class='ocrx_word' id='word_1_13' title='bbox 1110 326 1185 378; x_wconf 86' lang='grc' dir='ltr'><strong>τῆς</strong></span> <span class='ocrx_word' id='word_1_14' title='bbox 1224 319 1403 364; x_wconf 84' lang='grc' dir='ltr'>νούσου.</span> <span class='ocrx_word' id='word_1_15' title='bbox 1440 323 1554 363; x_wconf 84' lang='grc' dir='ltr'><em>τοῖσι</em></span> <span class='ocrx_word' id='word_1_16' title='bbox 1593 320 1640 364; x_wconf 78' lang='grc' dir='ltr'><strong>δὲ</strong></span> <span class='ocrx_word' id='word_1_17' title='bbox 1677 317 1704 376; x_wconf 81' lang='grc' dir='ltr'><strong><em>ἡ</em></strong></span> 
     </span>
     <span class='ocr_line' id='line_1_7' title="bbox 424 397 1749 462; baseline -0.006 -13"><span class='ocrx_word' id='word_1_18' title='bbox 424 406 575 462; x_wconf 80' lang='grc' dir='ltr'><strong><em>Πυθίη</em></strong></span> <span class='ocrx_word' id='word_1_19' title='bbox 613 403 915 460; x_wconf 78' lang='grc' dir='ltr'><em>ἀπικομένοισι</em></span> <span class='ocrx_word' id='word_1_20' title='bbox 953 401 995 452; x_wconf 78' lang='grc' dir='ltr'><strong>ἐς</strong></span> <span class='ocrx_word' id='word_1_21' title='bbox 1032 400 1235 457; x_wconf 74' lang='grc' dir='ltr'><em>Δελφούς</em></span> <span class='ocrx_word' id='word_1_22' title='bbox 1275 398 1357 442; x_wconf 82' lang='grc' dir='ltr'><em>οὐκ</em></span> <span class='ocrx_word' id='word_1_23' title='bbox 1398 399 1479 454; x_wconf 79' lang='grc' dir='ltr'><strong>ἔφη</strong></span> <span class='ocrx_word' id='word_1_24' title='bbox 1516 397 1749 456; x_wconf 77' lang='grc' dir='ltr'><em>χρήσειν,35</em></span> 
     </span>
     <span class='ocr_line' id='line_1_8' title="bbox 419 477 1705 540; baseline -0.006 -12"><span class='ocrx_word' id='word_1_25' title='bbox 419 485 527 539; x_wconf 85' lang='grc' dir='ltr'><em>πρὶν</em></span> <span class='ocrx_word' id='word_1_26' title='bbox 564 482 594 540; x_wconf 75' lang='grc' dir='ltr'><em>ἢ</em></span> <span class='ocrx_word' id='word_1_27' title='bbox 633 484 711 526; x_wconf 83' lang='grc' dir='ltr'><strong>τὸν</strong></span> <span class='ocrx_word' id='word_1_28' title='bbox 750 482 858 534; x_wconf 86' lang='grc' dir='ltr'><em>νηὸν</em></span> <span class='ocrx_word' id='word_1_29' title='bbox 895 486 970 537; x_wconf 85' lang='grc' dir='ltr'><strong>τῆς</strong></span> <span class='ocrx_word' id='word_1_30' title='bbox 1004 480 1232 537; x_wconf 81' lang='grc' dir='ltr'><strong><em>Ἀθηναίης</em></strong></span> <span class='ocrx_word' id='word_1_31' title='bbox 1266 477 1581 532; x_wconf 76' lang='grc' dir='ltr'><em>ἀνορθώσωσι,</em></span> <span class='ocrx_word' id='word_1_32' title='bbox 1626 478 1705 521; x_wconf 80' lang='grc' dir='ltr'><strong>τόν</strong></span> 
     </span>
     <span class='ocr_line' id='line_1_9' title="bbox 306 556 1704 620; baseline -0.008 -10"><span class='ocrx_word' id='word_1_33' title='bbox 306 566 372 610; x_wconf 84' lang='grc'><strong>20</strong></span> <span class='ocrx_word' id='word_1_34' title='bbox 418 563 659 620; x_wconf 79' lang='grc' dir='ltr'><em>ἐνέπρησαν</em></span> <span class='ocrx_word' id='word_1_35' title='bbox 696 561 838 618; x_wconf 74' lang='grc' dir='ltr'><em>χώρης</em></span> <span class='ocrx_word' id='word_1_36' title='bbox 883 565 959 617; x_wconf 74' lang='grc' dir='ltr'><strong>τῆς</strong></span> <span class='ocrx_word' id='word_1_37' title='bbox 1000 561 1217 615; x_wconf 81' lang='grc' dir='ltr'><em>Μιλησίης</em></span> <span class='ocrx_word' id='word_1_38' title='bbox 1255 557 1301 600; x_wconf 79' lang='grc' dir='ltr'><strong>ἐν</strong></span> <span class='ocrx_word' id='word_1_39' title='bbox 1338 556 1542 613; x_wconf 78' lang='grc' dir='ltr'><em>Ἀσσησῷ.</em></span> <span class='ocrx_word' id='word_1_40' title='bbox 1600 561 1704 599; x_wconf 89' lang='grc' dir='ltr'><em>Δελ-</em></span> 
     </span>
    </p>
   </div>
   <div class='ocr_carea' id='block_1_5' title="bbox 393 636 1420 699">
    <p class='ocr_par' dir='ltr' id='par_1_5' title="bbox 393 636 1420 699">
     <span class='ocr_line' id='line_1_10' title="bbox 393 636 1420 699; baseline -0.009 -12"><span class='ocrx_word' id='word_1_41' title='bbox 393 648 517 699; x_wconf 71' lang='grc' dir='ltr'><strong>Ξφῶν</strong></span> <span class='ocrx_word' id='word_1_42' title='bbox 558 640 657 684; x_wconf 80' lang='grc' dir='ltr'><em>οἶδα</em></span> <span class='ocrx_word' id='word_1_43' title='bbox 698 639 779 696; x_wconf 73' lang='grc' dir='ltr'><strong>ἐγώ</strong></span> <span class='ocrx_word' id='word_1_44' title='bbox 820 639 936 683; x_wconf 81' lang='grc' dir='ltr'><em>οὕτω</em></span> <span class='ocrx_word' id='word_1_45' title='bbox 975 637 1168 689; x_wconf 75' lang='grc' dir='ltr'><em>ἀκούσας</em></span> <span class='ocrx_word' id='word_1_46' title='bbox 1205 636 1420 693; x_wconf 72' lang='grc' dir='ltr'><em>γενέσθαι.</em></span> 
     </span>
    </p>
   </div>
   <div class='ocr_carea' id='block_1_6' title="bbox 100 713 1750 856">
    <p class='ocr_par' dir='ltr' id='par_1_6' title="bbox 100 713 1750 856">
     <span class='ocr_line' id='line_1_11' title="bbox 100 713 1704 773; baseline -0.007 -6"><span class='ocrx_word' id='word_1_47' title='bbox 100 741 164 760; x_wconf 79' lang='lat' dir='ltr'><strong>rem</strong></span> <span class='ocrx_word' id='word_1_48' title='bbox 192 734 229 760; x_wconf 76' lang='lat' dir='ltr'><strong>ab</strong></span> <span class='ocrx_word' id='word_1_49' title='bbox 248 733 367 766; x_wconf 69' lang='lat' dir='ltr'><strong>Myatw</strong></span> <span class='ocrx_word' id='word_1_50' title='bbox 414 720 588 766; x_wconf 81' lang='grc' dir='ltr'><em>δὲτάδε</em></span> <span class='ocrx_word' id='word_1_51' title='bbox 617 723 889 773; x_wconf 80' lang='grc' dir='ltr'><em>προστιθεῖσι</em></span> <span class='ocrx_word' id='word_1_52' title='bbox 927 718 1139 762; x_wconf 79' lang='grc' dir='ltr'><em>τούτοισι·</em></span> <span class='ocrx_word' id='word_1_53' title='bbox 1190 717 1464 770; x_wconf 77' lang='grc' dir='ltr'><em>Περίανδρον</em></span> <span class='ocrx_word' id='word_1_54' title='bbox 1502 713 1580 757; x_wconf 82' lang='grc' dir='ltr'><strong>τὸν</strong></span> <span class='ocrx_word' id='word_1_55' title='bbox 1617 716 1704 756; x_wconf 90' lang='grc' dir='ltr'><strong>Κυ-</strong></span> 
     </span>
     <span class='ocr_line' id='line_1_12' title="bbox 413 793 1750 856; baseline -0.006 -13"><span class='ocrx_word' id='word_1_56' title='bbox 413 800 575 852; x_wconf 79' lang='grc' dir='ltr'><em>ψέλου,</em></span> <span class='ocrx_word' id='word_1_57' title='bbox 608 797 736 842; x_wconf 80' lang='grc' dir='ltr'><em>ἐόντα</em></span> <span class='ocrx_word' id='word_1_58' title='bbox 769 796 1071 856; x_wconf 81' lang='grc' dir='ltr'><em>Θρασυβούλῳ</em></span> <span class='ocrx_word' id='word_1_59' title='bbox 1101 801 1162 856; x_wconf 77' lang='grc' dir='ltr'><strong>τῷ</strong></span> <span class='ocrx_word' id='word_1_60' title='bbox 1191 795 1286 839; x_wconf 84' lang='grc' dir='ltr'><strong>τότε</strong></span> <span class='ocrx_word' id='word_1_61' title='bbox 1316 793 1519 849; x_wconf 78' lang='grc' dir='ltr'><em>Μιλήτου</em></span> <span class='ocrx_word' id='word_1_62' title='bbox 1549 805 1750 848; x_wconf 86' lang='grc' dir='ltr'><em>τυραν-9ο</em></span> 
     </span>
    </p>
   </div>
   <div class='ocr_carea' id='block_1_7' title="bbox 414 871 1703 932">
    <p class='ocr_par' dir='ltr' id='par_1_7' title="bbox 414 871 1703 932">
     <span class='ocr_line' id='line_1_13' title="bbox 414 871 1703 932; baseline -0.007 -9"><span class='ocrx_word' id='word_1_63' title='bbox 414 877 591 924; x_wconf 77' lang='grc' dir='ltr'><em>νεύοντι</em></span> <span class='ocrx_word' id='word_1_64' title='bbox 630 879 772 930; x_wconf 79' lang='grc' dir='ltr'><em>ξεῖνον</em></span> <span class='ocrx_word' id='word_1_65' title='bbox 808 876 851 928; x_wconf 77' lang='grc' dir='ltr'><strong>ἐς</strong></span> <span class='ocrx_word' id='word_1_66' title='bbox 887 876 940 920; x_wconf 77' lang='grc' dir='ltr'><em>τοὶ</em></span> <span class='ocrx_word' id='word_1_67' title='bbox 981 876 1187 932; x_wconf 82' lang='grc' dir='ltr'><em>μάλιστα,</em></span> <span class='ocrx_word' id='word_1_68' title='bbox 1224 873 1479 931; x_wconf 78' lang='grc' dir='ltr'><em>πυθόμενον</em></span> <span class='ocrx_word' id='word_1_69' title='bbox 1516 871 1566 915; x_wconf 81' lang='grc' dir='ltr'><strong>τό</strong></span> <span class='ocrx_word' id='word_1_70' title='bbox 1604 888 1703 928; x_wconf 87' lang='grc' dir='ltr'><em>χρη-</em></span> 
     </span>
    </p>
   </div>
   <div class='ocr_carea' id='block_1_8' title="bbox 98 767 371 970">
    <p class='ocr_par' dir='ltr' id='par_1_8' title="bbox 98 767 371 970">
     <span class='ocr_line' id='line_1_14' title="bbox 99 767 366 800; baseline -0.007 -7"><span class='ocrx_word' id='word_1_71' title='bbox 99 767 218 793; x_wconf 65' lang='lat' dir='ltr'><strong>missum</strong></span> <span class='ocrx_word' id='word_1_72' title='bbox 278 774 366 800; x_wconf 82' lang='lat' dir='ltr'><strong>quum</strong></span> 
     </span>
     <span class='ocr_line' id='line_1_15' title="bbox 100 800 366 839; baseline -0.008 -12"><span class='ocrx_word' id='word_1_73' title='bbox 100 801 287 839; x_wconf 69' lang='lat' dir='ltr'><strong>decepisset,</strong></span> <span class='ocrx_word' id='word_1_74' title='bbox 315 800 366 825; x_wconf 84' lang='lat' dir='ltr'><strong>ob-</strong></span> 
     </span>
     <span class='ocr_line' id='line_1_16' title="bbox 104 833 367 867; baseline -0.004 -7"><span class='ocrx_word' id='word_1_75' title='bbox 104 838 183 861; x_wconf 72' lang='lat' dir='ltr'><strong>iectu</strong></span> <span class='ocrx_word' id='word_1_76' title='bbox 212 834 238 860; x_wconf 70' lang='lat' dir='ltr'><strong>vi</strong></span> <span class='ocrx_word' id='word_1_77' title='bbox 267 833 367 867; x_wconf 53' lang='lat' dir='ltr'><strong>„pecie</strong></span> 
     </span>
     <span class='ocr_line' id='line_1_17' title="bbox 100 867 367 900; baseline -0.007 -6"><span class='ocrx_word' id='word_1_78' title='bbox 100 875 201 894; x_wconf 78' lang='lat' dir='ltr'><strong>rerum</strong></span> <span class='ocrx_word' id='word_1_79' title='bbox 230 867 307 900; x_wconf 82' lang='lat' dir='ltr'><strong>apud</strong></span> <span class='ocrx_word' id='word_1_80' title='bbox 335 875 367 892; x_wconf 64' lang='lat' dir='ltr'><strong>ne</strong></span> 
     </span>
     <span class='ocr_line' id='line_1_18' title="bbox 98 901 367 935; baseline -0.011 -7"><span class='ocrx_word' id='word_1_81' title='bbox 98 901 298 935; x_wconf 71' lang='lat' dir='ltr'><strong>affluentium,</strong></span> <span class='ocrx_word' id='word_1_82' title='bbox 316 908 367 935; x_wconf 82' lang='lat' dir='ltr'><strong>pa-</strong></span> 
     </span>
     <span class='ocr_line' id='line_1_19' title="bbox 100 934 371 970; baseline -0.007 -8"><span class='ocrx_word' id='word_1_83' title='bbox 100 943 164 962; x_wconf 81' lang='lat' dir='ltr'><strong>ceui</strong></span> <span class='ocrx_word' id='word_1_84' title='bbox 188 934 371 970; x_wconf 78' lang='lat' dir='ltr'><strong>impetravit.</strong></span> 
     </span>
    </p>
   </div>
   <div class='ocr_carea' id='block_1_9' title="bbox 378 984 653 991">
    <p class='ocr_par' dir='ltr' id='par_1_9' title="bbox 378 984 653 991">
     <span class='ocr_line' id='line_1_20' title="bbox 378 984 653 991; baseline 0 2232"><span class='ocrx_word' id='word_1_85' title='bbox 378 984 653 991; x_wconf 95' lang='lat' dir='ltr'><strong> </strong></span> 
     </span>
    </p>
   </div>
   <div class='ocr_carea' id='block_1_10' title="bbox 374 1054 1031 1666">
    <p class='ocr_par' dir='ltr' id='par_1_10' title="bbox 374 1054 1029 1224">
     <span class='ocr_line' id='line_1_21' title="bbox 374 1054 1027 1105; baseline -0.006 -10"><span class='ocrx_word' id='word_1_86' title='bbox 374 1060 442 1100; x_wconf 82' lang='grc'><strong>37.</strong></span> <span class='ocrx_word' id='word_1_87' title='bbox 480 1057 552 1105; x_wconf 85' lang='lat' dir='ltr'><strong>IV,</strong></span> <span class='ocrx_word' id='word_1_88' title='bbox 573 1059 638 1098; x_wconf 88' lang='lat'><strong>81.</strong></span> <span class='ocrx_word' id='word_1_89' title='bbox 667 1056 713 1105; x_wconf 91' lang='lat' dir='ltr'><strong>V,</strong></span> <span class='ocrx_word' id='word_1_90' title='bbox 743 1059 822 1098; x_wconf 87' lang='lat'><strong>109</strong></span> <span class='ocrx_word' id='word_1_91' title='bbox 847 1059 914 1094; x_wconf 86' lang='lat' dir='ltr'><strong>etc.</strong></span> <span class='ocrx_word' id='word_1_92' title='bbox 947 1054 1027 1092; x_wconf 88' lang='lat' dir='ltr'><strong>coll.</strong></span> 
     </span>
     <span class='ocr_line' id='line_1_22' title="bbox 375 1112 1029 1165; baseline -0.006 -13"><span class='ocrx_word' id='word_1_93' title='bbox 375 1114 507 1152; x_wconf 77' lang='lat' dir='ltr'><strong>Matth.</strong></span> <span class='ocrx_word' id='word_1_94' title='bbox 556 1114 622 1151; x_wconf 92' lang='lat' dir='ltr'><strong>Gr.</strong></span> <span class='ocrx_word' id='word_1_95' title='bbox 652 1114 716 1150; x_wconf 91' lang='lat' dir='ltr'><strong>Gr.</strong></span> <span class='ocrx_word' id='word_1_96' title='bbox 760 1112 798 1165; x_wconf 59' lang='grc' dir='ltr'><strong>ἓ.</strong></span> <span class='ocrx_word' id='word_1_97' title='bbox 830 1114 912 1155; x_wconf 85' lang='grc'><strong>536</strong></span> <span class='ocrx_word' id='word_1_98' title='bbox 953 1116 1029 1149; x_wconf 84' lang='lat' dir='ltr'><strong>not.</strong></span> 
     </span>
     <span class='ocr_line' id='line_1_23' title="bbox 375 1169 561 1224; baseline -0.005 -17"><span class='ocrx_word' id='word_1_99' title='bbox 375 1185 413 1224; x_wconf 89' lang='lat' dir='ltr'><strong>p.</strong></span> <span class='ocrx_word' id='word_1_100' title='bbox 441 1169 561 1211; x_wconf 77' lang='lat'><strong>1054.</strong></span> 
     </span>
    </p>

    <p class='ocr_par' dir='ltr' id='par_1_11' title="bbox 375 1218 1031 1666">
     <span class='ocr_line' id='line_1_24' title="bbox 432 1218 1030 1278; baseline -0.005 -13"><span class='ocrx_word' id='word_1_101' title='bbox 432 1225 527 1278; x_wconf 85' lang='grc' dir='ltr'><em>πρὶν</em></span> <span class='ocrx_word' id='word_1_102' title='bbox 549 1221 577 1276; x_wconf 76' lang='grc' dir='ltr'><em>ἢ</em></span> <span class='ocrx_word' id='word_1_103' title='bbox 595 1222 665 1264; x_wconf 77' lang='grc' dir='ltr'><strong>τόν</strong></span> <span class='ocrx_word' id='word_1_104' title='bbox 682 1222 779 1276; x_wconf 80' lang='grc' dir='ltr'><em>νηὸν</em></span> <span class='ocrx_word' id='word_1_105' title='bbox 811 1226 881 1275; x_wconf 83' lang='grc' dir='ltr'><strong>τῆς</strong></span> <span class='ocrx_word' id='word_1_106' title='bbox 908 1218 1030 1275; x_wconf 84' lang='grc' dir='ltr'><strong>Ἀθη-</strong></span> 
     </span>
     <span class='ocr_line' id='line_1_25' title="bbox 376 1277 1031 1333; baseline -0.009 -11"><span class='ocrx_word' id='word_1_107' title='bbox 376 1284 494 1333; x_wconf 85' lang='grc' dir='ltr'><em>ναίης</em></span> <span class='ocrx_word' id='word_1_108' title='bbox 516 1277 813 1333; x_wconf 71' lang='grc' dir='ltr'><em>οἷναρθώσωσι]</em></span> <span class='ocrx_word' id='word_1_109' title='bbox 854 1281 1031 1318; x_wconf 86' lang='lat' dir='ltr'>Codicum</span> 
     </span>
     <span class='ocr_line' id='line_1_26' title="bbox 375 1333 1031 1390; baseline 0 -14"><span class='ocrx_word' id='word_1_110' title='bbox 375 1339 605 1390; x_wconf 86' lang='lat' dir='ltr'><strong>quorundam</strong></span> <span class='ocrx_word' id='word_1_111' title='bbox 631 1338 820 1375; x_wconf 85' lang='lat' dir='ltr'><strong>lectionem</strong></span> <span class='ocrx_word' id='word_1_112' title='bbox 839 1333 1031 1388; x_wconf 75' lang='grc' dir='ltr'><em>α’νορθώ-</em></span> 
     </span>
     <span class='ocr_line' id='line_1_27' title="bbox 378 1394 1028 1444; baseline -0.009 -9"><span class='ocrx_word' id='word_1_113' title='bbox 378 1406 528 1435; x_wconf 88' lang='grc' dir='ltr'><em>σουσι</em></span> <span class='ocrx_word' id='word_1_114' title='bbox 564 1394 748 1444; x_wconf 85' lang='lat' dir='ltr'><strong>amplexus</strong></span> <span class='ocrx_word' id='word_1_115' title='bbox 789 1398 846 1431; x_wconf 80' lang='lat' dir='ltr'><strong>est</strong></span> <span class='ocrx_word' id='word_1_116' title='bbox 883 1394 1028 1442; x_wconf 87' lang='lat' dir='ltr'><strong>Steger.</strong></span> 
     </span>
     <span class='ocr_line' id='line_1_28' title="bbox 377 1449 1028 1501; baseline -0.006 -12"><span class='ocrx_word' id='word_1_117' title='bbox 377 1453 534 1489; x_wconf 82' lang='lat' dir='ltr'><strong>Praesat.</strong></span> <span class='ocrx_word' id='word_1_118' title='bbox 566 1463 654 1501; x_wconf 92' lang='lat' dir='ltr'><strong>pag.</strong></span> <span class='ocrx_word' id='word_1_119' title='bbox 684 1450 740 1497; x_wconf 86' lang='lat' dir='ltr'><strong>X,</strong></span> <span class='ocrx_word' id='word_1_120' title='bbox 790 1462 869 1486; x_wconf 89' lang='lat' dir='ltr'><strong>cum</strong></span> <span class='ocrx_word' id='word_1_121' title='bbox 896 1449 1028 1498; x_wconf 83' lang='lat' dir='ltr'><strong>alioqui</strong></span> 
     </span>
     <span class='ocr_line' id='line_1_29' title="bbox 376 1506 1027 1555; baseline -0.005 -11"><span class='ocrx_word' id='word_1_122' title='bbox 376 1508 588 1545; x_wconf 83' lang='lat' dir='ltr'><strong>Herodotus</strong></span> <span class='ocrx_word' id='word_1_123' title='bbox 618 1507 843 1543; x_wconf 76' lang='lat' dir='ltr'><strong>coniunctivo</strong></span> <span class='ocrx_word' id='word_1_124' title='bbox 870 1506 1027 1555; x_wconf 83' lang='lat' dir='ltr'><strong>particu-</strong></span> 
     </span>
     <span class='ocr_line' id='line_1_30' title="bbox 375 1559 1025 1609; baseline -0.005 -9"><span class='ocrx_word' id='word_1_125' title='bbox 375 1564 445 1601; x_wconf 80' lang='lat' dir='ltr'><strong>lam</strong></span> <span class='ocrx_word' id='word_1_126' title='bbox 467 1559 518 1602; x_wconf 72' lang='grc' dir='ltr'><strong>ἂν</strong></span> <span class='ocrx_word' id='word_1_127' title='bbox 556 1566 615 1609; x_wconf 78' lang='lat' dir='ltr'><strong>(ut</strong></span> <span class='ocrx_word' id='word_1_128' title='bbox 640 1563 674 1609; x_wconf 85' lang='lat' dir='ltr'><strong>l,</strong></span> <span class='ocrx_word' id='word_1_129' title='bbox 709 1565 774 1604; x_wconf 77' lang='lat'><strong>82.</strong></span> <span class='ocrx_word' id='word_1_130' title='bbox 808 1562 897 1603; x_wconf 83' lang='lat'><strong>159.</strong></span> <span class='ocrx_word' id='word_1_131' title='bbox 934 1565 1025 1603; x_wconf 80' lang='lat'><strong>197.</strong></span> 
     </span>
     <span class='ocr_line' id='line_1_31' title="bbox 379 1618 1028 1666; baseline -0.011 -5"><span class='ocrx_word' id='word_1_132' title='bbox 379 1623 470 1661; x_wconf 87' lang='grc'><strong>198.</strong></span> <span class='ocrx_word' id='word_1_133' title='bbox 502 1619 575 1666; x_wconf 81' lang='grc' dir='ltr'><strong>ΙΙΙ,</strong></span> <span class='ocrx_word' id='word_1_134' title='bbox 612 1622 703 1660; x_wconf 85' lang='grc'>109.</span> <span class='ocrx_word' id='word_1_135' title='bbox 722 1619 767 1666; x_wconf 56' lang='lat' dir='ltr'><strong>i,</strong></span> <span class='ocrx_word' id='word_1_136' title='bbox 790 1621 896 1661; x_wconf 80' lang='lat'><strong>106)</strong></span> <span class='ocrx_word' id='word_1_137' title='bbox 923 1618 1028 1655; x_wconf 88' lang='lat' dir='ltr'><strong>addi-</strong></span> 
     </span>
    </p>
   </div>
   <div class='ocr_carea' id='block_1_11' title="bbox 377 1674 1030 1781">
    <p class='ocr_par' dir='ltr' id='par_1_12' title="bbox 377 1674 1030 1781">
     <span class='ocr_line' id='line_1_32' title="bbox 377 1674 1029 1724; baseline -0.003 -11"><span class='ocrx_word' id='word_1_138' title='bbox 377 1677 502 1714; x_wconf 80' lang='lat' dir='ltr'><strong>disset.</strong></span> <span class='ocrx_word' id='word_1_139' title='bbox 533 1676 613 1713; x_wconf 85' lang='lat' dir='ltr'><strong>Nec</strong></span> <span class='ocrx_word' id='word_1_140' title='bbox 631 1680 752 1712; x_wconf 86' lang='lat' dir='ltr'><strong>tamen</strong></span> <span class='ocrx_word' id='word_1_141' title='bbox 774 1675 857 1711; x_wconf 86' lang='lat' dir='ltr'><strong>mihi</strong></span> <span class='ocrx_word' id='word_1_142' title='bbox 878 1674 1029 1724; x_wconf 80' lang='lat' dir='ltr'><strong>illeper-</strong></span> 
     </span>
     <span class='ocr_line' id='line_1_33' title="bbox 377 1729 1030 1781; baseline -0.003 -12"><span class='ocrx_word' id='word_1_143' title='bbox 377 1733 503 1769; x_wconf 83' lang='lat' dir='ltr'><strong>suasit.</strong></span> <span class='ocrx_word' id='word_1_144' title='bbox 562 1732 644 1768; x_wconf 79' lang='lat' dir='ltr'><strong>vid.</strong></span> <span class='ocrx_word' id='word_1_145' title='bbox 668 1731 797 1767; x_wconf 81' lang='lat' dir='ltr'><strong>Matth.</strong></span> <span class='ocrx_word' id='word_1_146' title='bbox 821 1729 857 1781; x_wconf 58' lang='grc' dir='ltr'><strong>ᾗ.</strong></span> <span class='ocrx_word' id='word_1_147' title='bbox 882 1732 978 1777; x_wconf 77' lang='grc'>522,</span> <span class='ocrx_word' id='word_1_148' title='bbox 1006 1732 1030 1767; x_wconf 91' lang='lat' dir='ltr'><strong>d</strong></span> 
     </span>
    </p>
   </div>
   <div class='ocr_carea' id='block_1_12' title="bbox 378 1787 1030 1838">
    <p class='ocr_par' dir='ltr' id='par_1_13' title="bbox 378 1787 1030 1838">
     <span class='ocr_line' id='line_1_34' title="bbox 378 1787 1030 1838; baseline 0.002 -13"><span class='ocrx_word' id='word_1_149' title='bbox 378 1793 454 1826; x_wconf 85' lang='lat' dir='ltr'><strong>not.</strong></span> <span class='ocrx_word' id='word_1_150' title='bbox 476 1801 562 1838; x_wconf 79' lang='lat' dir='ltr'><strong>pag.</strong></span> <span class='ocrx_word' id='word_1_151' title='bbox 584 1790 693 1829; x_wconf 83' lang='lat'><strong>1012</strong></span> <span class='ocrx_word' id='word_1_152' title='bbox 713 1787 791 1823; x_wconf 71' lang='lat' dir='ltr'><strong>coll·</strong></span> <span class='ocrx_word' id='word_1_153' title='bbox 813 1800 899 1837; x_wconf 74' lang='lat' dir='ltr'><strong>pag·</strong></span> <span class='ocrx_word' id='word_1_154' title='bbox 924 1789 1030 1827; x_wconf 82' lang='lat'>1011</span> 
     </span>
    </p>
   </div>
   <div class='ocr_carea' id='block_1_13' title="bbox 380 1843 1034 1894">
    <p class='ocr_par' dir='ltr' id='par_1_14' title="bbox 380 1843 1034 1894">
     <span class='ocr_line' id='line_1_35' title="bbox 380 1843 1034 1894; baseline -0.003 -13"><span class='ocrx_word' id='word_1_155' title='bbox 380 1850 417 1882; x_wconf 88' lang='lat' dir='ltr'><strong>et</strong></span> <span class='ocrx_word' id='word_1_156' title='bbox 435 1858 529 1894; x_wconf 83' lang='lat' dir='ltr'><strong>quae</strong></span> <span class='ocrx_word' id='word_1_157' title='bbox 549 1844 673 1881; x_wconf 88' lang='lat' dir='ltr'><strong>monui</strong></span> <span class='ocrx_word' id='word_1_158' title='bbox 692 1844 740 1879; x_wconf 87' lang='lat' dir='ltr'><strong>ad</strong></span> <span class='ocrx_word' id='word_1_159' title='bbox 759 1843 936 1881; x_wconf 82' lang='lat' dir='ltr'><strong>Plutarch.</strong></span> <span class='ocrx_word' id='word_1_160' title='bbox 948 1843 1034 1880; x_wconf 85' lang='lat' dir='ltr'><strong>Phi-</strong></span> 
     </span>
    </p>
   </div>
   <div class='ocr_carea' id='block_1_14' title="bbox 378 1901 813 2039">
    <p class='ocr_par' dir='ltr' id='par_1_15' title="bbox 378 1901 813 2039">
     <span class='ocr_line' id='line_1_36' title="bbox 378 1901 727 1952; baseline -0.006 -15"><span class='ocrx_word' id='word_1_161' title='bbox 378 1901 534 1952; x_wconf 89' lang='lat' dir='ltr'><strong>lopoem.</strong></span> <span class='ocrx_word' id='word_1_162' title='bbox 553 1913 639 1951; x_wconf 83' lang='lat' dir='ltr'><strong>pag.</strong></span> <span class='ocrx_word' id='word_1_163' title='bbox 662 1903 727 1941; x_wconf 73' lang='lat'><strong>22.</strong></span> 
     </span>
     <span class='ocr_line' id='line_1_37' title="bbox 589 1988 813 2039; baseline -0.004 -13"><span class='ocrx_word' id='word_1_164' title='bbox 589 1989 699 2039; x_wconf 84' lang='lat' dir='ltr'><strong>Cap.</strong></span> <span class='ocrx_word' id='word_1_165' title='bbox 730 1988 813 2025; x_wconf 91' lang='lat' dir='ltr'><strong>XX.</strong></span> 
     </span>
    </p>
   </div>
   <div class='ocr_carea' id='block_1_15' title="bbox 374 2062 1030 2905">
    <p class='ocr_par' dir='ltr' id='par_1_16' title="bbox 375 2062 1030 2448">
     <span class='ocr_line' id='line_1_38' title="bbox 432 2062 1024 2117; baseline -0.008 -9"><span class='ocrx_word' id='word_1_166' title='bbox 432 2064 588 2108; x_wconf 75' lang='grc' dir='ltr'><em>οἶδα-</em></span> <span class='ocrx_word' id='word_1_167' title='bbox 600 2062 797 2117; x_wconf 67' lang='grc' dir='ltr'><em>ἀκούσας]</em></span> <span class='ocrx_word' id='word_1_168' title='bbox 812 2067 924 2104; x_wconf 85' lang='lat' dir='ltr'><strong>Haud</strong></span> <span class='ocrx_word' id='word_1_169' title='bbox 943 2079 1024 2104; x_wconf 87' lang='lat' dir='ltr'><strong>raro</strong></span> 
     </span>
     <span class='ocr_line' id='line_1_39' title="bbox 377 2120 1030 2173; baseline -0.003 -12"><span class='ocrx_word' id='word_1_170' title='bbox 377 2126 527 2162; x_wconf 87' lang='lat' dir='ltr'><strong>verbum</strong></span> <span class='ocrx_word' id='word_1_171' title='bbox 557 2120 647 2162; x_wconf 80' lang='grc' dir='ltr'><em>οἶδα</em></span> <span class='ocrx_word' id='word_1_172' title='bbox 679 2125 777 2173; x_wconf 87' lang='lat' dir='ltr'><strong>apud</strong></span> <span class='ocrx_word' id='word_1_173' title='bbox 799 2124 1030 2161; x_wconf 85' lang='lat' dir='ltr'><strong>Herodotum</strong></span> 
     </span>
     <span class='ocr_line' id='line_1_40' title="bbox 375 2180 1030 2230; baseline -0.006 -11"><span class='ocrx_word' id='word_1_174' title='bbox 375 2187 486 2230; x_wconf 76' lang='lat' dir='ltr'><strong>atque</strong></span> <span class='ocrx_word' id='word_1_175' title='bbox 506 2180 726 2217; x_wconf 78' lang='lat' dir='ltr'><strong>Pausaniam</strong></span> <span class='ocrx_word' id='word_1_176' title='bbox 745 2180 963 2216; x_wconf 84' lang='lat' dir='ltr'><strong>itaiunctum</strong></span> <span class='ocrx_word' id='word_1_177' title='bbox 974 2193 1030 2216; x_wconf 88' lang='lat' dir='ltr'><strong>re-</strong></span> 
     </span>
     <span class='ocr_line' id='line_1_41' title="bbox 375 2236 1029 2288; baseline -0.002 -15"><span class='ocrx_word' id='word_1_178' title='bbox 375 2238 513 2288; x_wconf 83' lang='lat' dir='ltr'><strong>peritur</strong></span> <span class='ocrx_word' id='word_1_179' title='bbox 530 2237 653 2272; x_wconf 80' lang='lat' dir='ltr'><strong>aoristi</strong></span> <span class='ocrx_word' id='word_1_180' title='bbox 678 2236 875 2285; x_wconf 81' lang='lat' dir='ltr'><strong>participiis</strong></span> <span class='ocrx_word' id='word_1_181' title='bbox 887 2265 897 2282; x_wconf 88' lang='lat'>‚</span> <span class='ocrx_word' id='word_1_182' title='bbox 914 2236 1029 2284; x_wconf 85' lang='lat' dir='ltr'><strong>iisque</strong></span> 
     </span>
     <span class='ocr_line' id='line_1_42' title="bbox 376 2291 1029 2340; baseline -0.005 -10"><span class='ocrx_word' id='word_1_183' title='bbox 376 2295 413 2330; x_wconf 91' lang='lat' dir='ltr'><strong>in</strong></span> <span class='ocrx_word' id='word_1_184' title='bbox 435 2293 655 2329; x_wconf 84' lang='lat' dir='ltr'><strong>nominativo</strong></span> <span class='ocrx_word' id='word_1_185' title='bbox 677 2291 828 2340; x_wconf 85' lang='lat' dir='ltr'><strong>positis,</strong></span> <span class='ocrx_word' id='word_1_186' title='bbox 858 2296 897 2327; x_wconf 87' lang='lat' dir='ltr'><strong>ut</strong></span> <span class='ocrx_word' id='word_1_187' title='bbox 924 2292 1029 2327; x_wconf 82' lang='lat' dir='ltr'><strong>reddi</strong></span> 
     </span>
     <span class='ocr_line' id='line_1_43' title="bbox 375 2346 1028 2398; baseline -0.008 -11"><span class='ocrx_word' id='word_1_188' title='bbox 375 2351 453 2387; x_wconf 87' lang='lat' dir='ltr'><strong>sere</strong></span> <span class='ocrx_word' id='word_1_189' title='bbox 485 2349 621 2398; x_wconf 87' lang='lat' dir='ltr'><strong>possit:</strong></span> <span class='ocrx_word' id='word_1_190' title='bbox 662 2348 809 2382; x_wconf 75' lang='lat' dir='ltr'><strong>menu&#39;m&#39;.</strong></span> <span class='ocrx_word' id='word_1_191' title='bbox 876 2346 1028 2383; x_wconf 70' lang='lat' dir='ltr'><strong>Notavit</strong></span> 
     </span>
     <span class='ocr_line' id='line_1_44' title="bbox 376 2403 976 2448; baseline -0.005 -7"><span class='ocrx_word' id='word_1_192' title='bbox 376 2405 510 2443; x_wconf 87' lang='lat' dir='ltr'><strong>Siebel.</strong></span> <span class='ocrx_word' id='word_1_193' title='bbox 532 2405 579 2440; x_wconf 88' lang='lat' dir='ltr'><strong>ad</strong></span> <span class='ocrx_word' id='word_1_194' title='bbox 596 2403 752 2439; x_wconf 82' lang='lat' dir='ltr'><strong>l&#39;ausan.</strong></span> <span class='ocrx_word' id='word_1_195' title='bbox 774 2403 811 2448; x_wconf 82' lang='lat' dir='ltr'><strong>l,</strong></span> <span class='ocrx_word' id='word_1_196' title='bbox 833 2404 885 2443; x_wconf 75' lang='lat'><strong>23</strong></span> <span class='ocrx_word' id='word_1_197' title='bbox 899 2431 908 2447; x_wconf 89' lang='lat'>,</span> <span class='ocrx_word' id='word_1_198' title='bbox 940 2404 976 2442; x_wconf 87' lang='grc'><strong>8.</strong></span> 
     </span>
    </p>

    <p class='ocr_par' dir='ltr' id='par_1_17' title="bbox 374 2453 1028 2905">
     <span class='ocr_line' id='line_1_45' title="bbox 435 2453 1026 2512; baseline -0.005 -12"><span class='ocrx_word' id='word_1_199' title='bbox 435 2459 550 2500; x_wconf 73' lang='grc' dir='ltr'><em>ἐόντα</em></span> <span class='ocrx_word' id='word_1_200' title='bbox 572 2455 840 2512; x_wconf 76' lang='grc' dir='ltr'><em>Θρασυβούλῳ</em></span> <span class='ocrx_word' id='word_1_201' title='bbox 862 2460 915 2511; x_wconf 78' lang='grc' dir='ltr'><strong>τῷ</strong></span> <span class='ocrx_word' id='word_1_202' title='bbox 941 2453 1026 2497; x_wconf 84' lang='grc' dir='ltr'><strong><em>τότε</em></strong></span> 
     </span>
     <span class='ocr_line' id='line_1_46' title="bbox 378 2511 1022 2567; baseline -0.006 -11"><span class='ocrx_word' id='word_1_203' title='bbox 378 2513 568 2567; x_wconf 79' lang='grc' dir='ltr'><em>Μιλήτου</em></span> <span class='ocrx_word' id='word_1_204' title='bbox 587 2511 869 2565; x_wconf 74' lang='grc' dir='ltr'><em>τυραννεύοντι</em></span> <span class='ocrx_word' id='word_1_205' title='bbox 880 2514 1022 2564; x_wconf 83' lang='grc' dir='ltr'><em>ξεῖνον]</em></span> 
     </span>
     <span class='ocr_line' id='line_1_47' title="bbox 376 2571 1025 2621; baseline -0.003 -12"><span class='ocrx_word' id='word_1_206' title='bbox 376 2574 481 2617; x_wconf 87' lang='lat' dir='ltr'><strong>Quae</strong></span> <span class='ocrx_word' id='word_1_207' title='bbox 503 2577 539 2610; x_wconf 85' lang='lat' dir='ltr'><strong>et</strong></span> <span class='ocrx_word' id='word_1_208' title='bbox 558 2571 674 2621; x_wconf 88' lang='lat' dir='ltr'><strong>qualis</strong></span> <span class='ocrx_word' id='word_1_209' title='bbox 696 2571 918 2608; x_wconf 85' lang='lat' dir='ltr'><strong>Milesiorum</strong></span> <span class='ocrx_word' id='word_1_210' title='bbox 947 2572 1025 2608; x_wconf 83' lang='lat' dir='ltr'><strong>sue-</strong></span> 
     </span>
     <span class='ocr_line' id='line_1_48' title="bbox 374 2628 1023 2679; baseline -0.005 -13"><span class='ocrx_word' id='word_1_211' title='bbox 374 2630 420 2666; x_wconf 90' lang='lat' dir='ltr'><strong>rit</strong></span> <span class='ocrx_word' id='word_1_212' title='bbox 439 2643 496 2667; x_wconf 86' lang='lat' dir='ltr'><strong>res</strong></span> <span class='ocrx_word' id='word_1_213' title='bbox 513 2628 666 2679; x_wconf 86' lang='lat' dir='ltr'><strong>publica,</strong></span> <span class='ocrx_word' id='word_1_214' title='bbox 679 2640 752 2664; x_wconf 87' lang='lat' dir='ltr'><strong>nou</strong></span> <span class='ocrx_word' id='word_1_215' title='bbox 774 2628 861 2664; x_wconf 83' lang='lat' dir='ltr'><strong>satis</strong></span> <span class='ocrx_word' id='word_1_216' title='bbox 873 2632 1023 2664; x_wconf 77' lang='lat' dir='ltr'><strong>constat.</strong></span> 
     </span>
     <span class='ocr_line' id='line_1_49' title="bbox 377 2683 1028 2723; baseline -0.003 -1"><span class='ocrx_word' id='word_1_217' title='bbox 377 2686 453 2723; x_wconf 86' lang='lat' dir='ltr'><strong>Sed</strong></span> <span class='ocrx_word' id='word_1_218' title='bbox 470 2688 664 2721; x_wconf 84' lang='lat' dir='ltr'><strong>fluctuasse</strong></span> <span class='ocrx_word' id='word_1_219' title='bbox 685 2684 780 2720; x_wconf 82' lang='lat' dir='ltr'><strong>illam</strong></span> <span class='ocrx_word' id='word_1_220' title='bbox 809 2684 903 2721; x_wconf 86' lang='lat' dir='ltr'><strong>haud</strong></span> <span class='ocrx_word' id='word_1_221' title='bbox 925 2683 1028 2720; x_wconf 86' lang='lat' dir='ltr'><strong>aliter</strong></span> 
     </span>
     <span class='ocr_line' id='line_1_50' title="bbox 377 2739 1026 2790; baseline -0.005 -12"><span class='ocrx_word' id='word_1_222' title='bbox 377 2746 488 2790; x_wconf 86' lang='lat' dir='ltr'><strong>atque</strong></span> <span class='ocrx_word' id='word_1_223' title='bbox 522 2740 678 2789; x_wconf 79' lang='lat' dir='ltr'><strong>reliquas</strong></span> <span class='ocrx_word' id='word_1_224' title='bbox 709 2741 834 2777; x_wconf 87' lang='lat' dir='ltr'><strong>lomun</strong></span> <span class='ocrx_word' id='word_1_225' title='bbox 853 2739 1026 2786; x_wconf 83' lang='lat' dir='ltr'><strong>civitates,</strong></span> 
     </span>
     <span class='ocr_line' id='line_1_51' title="bbox 377 2796 1025 2845; baseline -0.003 -10"><span class='ocrx_word' id='word_1_226' title='bbox 377 2797 545 2835; x_wconf 81' lang='lat' dir='ltr'><strong>credibile</strong></span> <span class='ocrx_word' id='word_1_227' title='bbox 567 2802 632 2834; x_wconf 88' lang='lat' dir='ltr'><strong>est.</strong></span> <span class='ocrx_word' id='word_1_228' title='bbox 683 2797 780 2833; x_wconf 86' lang='lat' dir='ltr'><strong>Hinc</strong></span> <span class='ocrx_word' id='word_1_229' title='bbox 798 2796 941 2845; x_wconf 82' lang='lat' dir='ltr'><strong>tyranni</strong></span> <span class='ocrx_word' id='word_1_230' title='bbox 963 2809 1025 2834; x_wconf 83' lang='lat' dir='ltr'><strong>ex-</strong></span> 
     </span>
     <span class='ocr_line' id='line_1_52' title="bbox 376 2852 1025 2905; baseline 0.002 -14"><span class='ocrx_word' id='word_1_231' title='bbox 376 2855 523 2905; x_wconf 87' lang='lat' dir='ltr'><strong>stitere,</strong></span> <span class='ocrx_word' id='word_1_232' title='bbox 562 2854 623 2905; x_wconf 87' lang='lat' dir='ltr'><strong>qui</strong></span> <span class='ocrx_word' id='word_1_233' title='bbox 661 2852 695 2892; x_wconf 87' lang='lat' dir='ltr'><strong>in</strong></span> <span class='ocrx_word' id='word_1_234' title='bbox 729 2853 843 2894; x_wconf 82' lang='lat' dir='ltr'><strong>libera</strong></span> <span class='ocrx_word' id='word_1_235' title='bbox 881 2853 1025 2893; x_wconf 80' lang='lat' dir='ltr'><strong>civitate</strong></span> 
     </span>
    </p>
   </div>
   <div class='ocr_carea' id='block_1_16' title="bbox 1092 1053 1751 2904">
    <p class='ocr_par' dir='ltr' id='par_1_18' title="bbox 1096 1053 1751 1778">
     <span class='ocr_line' id='line_1_53' title="bbox 1096 1053 1747 1104; baseline -0.002 -13"><span class='ocrx_word' id='word_1_236' title='bbox 1096 1066 1240 1092; x_wconf 88' lang='lat' dir='ltr'><strong>omnem</strong></span> <span class='ocrx_word' id='word_1_237' title='bbox 1259 1056 1478 1104; x_wconf 81' lang='lat' dir='ltr'><strong>potestatem</strong></span> <span class='ocrx_word' id='word_1_238' title='bbox 1495 1053 1662 1101; x_wconf 85' lang='lat' dir='ltr'><strong>adeoque</strong></span> <span class='ocrx_word' id='word_1_239' title='bbox 1689 1065 1747 1090; x_wconf 87' lang='lat' dir='ltr'><strong>re-</strong></span> 
     </span>
     <span class='ocr_line' id='line_1_54' title="bbox 1097 1110 1749 1160; baseline -0.006 -12"><span class='ocrx_word' id='word_1_240' title='bbox 1097 1124 1209 1160; x_wconf 87' lang='lat' dir='ltr'><strong>gnum</strong></span> <span class='ocrx_word' id='word_1_241' title='bbox 1226 1110 1421 1160; x_wconf 82' lang='lat' dir='ltr'><strong>arripuere.</strong></span> <span class='ocrx_word' id='word_1_242' title='bbox 1453 1110 1617 1151; x_wconf 79' lang='lat' dir='ltr'><strong>Quorum</strong></span> <span class='ocrx_word' id='word_1_243' title='bbox 1639 1122 1749 1145; x_wconf 91' lang='lat' dir='ltr'><strong>unum</strong></span> 
     </span>
     <span class='ocr_line' id='line_1_55' title="bbox 1098 1165 1748 1215; baseline -0.008 -9"><span class='ocrx_word' id='word_1_244' title='bbox 1098 1166 1368 1215; x_wconf 71' lang='lat' dir='ltr'><strong>Thrasybulum</strong></span> <span class='ocrx_word' id='word_1_245' title='bbox 1397 1165 1531 1211; x_wconf 85' lang='lat' dir='ltr'><strong>fuisse,</strong></span> <span class='ocrx_word' id='word_1_246' title='bbox 1570 1165 1748 1201; x_wconf 85' lang='lat' dir='ltr'><strong>Herodoti</strong></span> 
     </span>
     <span class='ocr_line' id='line_1_56' title="bbox 1097 1221 1751 1264; baseline -0.005 -3"><span class='ocrx_word' id='word_1_247' title='bbox 1097 1225 1209 1261; x_wconf 84' lang='lat' dir='ltr'><strong>verba</strong></span> <span class='ocrx_word' id='word_1_248' title='bbox 1228 1222 1321 1260; x_wconf 85' lang='lat' dir='ltr'><strong>clare</strong></span> <span class='ocrx_word' id='word_1_249' title='bbox 1335 1223 1594 1259; x_wconf 81' lang='lat' dir='ltr'><strong>demonstrant.</strong></span> <span class='ocrx_word' id='word_1_250' title='bbox 1627 1221 1751 1264; x_wconf 88' lang='lat' dir='ltr'><strong>Quare</strong></span> 
     </span>
     <span class='ocr_line' id='line_1_57' title="bbox 1097 1278 1750 1328; baseline -0.006 -12"><span class='ocrx_word' id='word_1_251' title='bbox 1097 1280 1357 1328; x_wconf 65' lang='lat' dir='ltr'><strong>Aesymnetam</strong></span> <span class='ocrx_word' id='word_1_252' title='bbox 1386 1278 1476 1326; x_wconf 79' lang='lat' dir='ltr'><strong>(qui</strong></span> <span class='ocrx_word' id='word_1_253' title='bbox 1506 1278 1572 1313; x_wconf 86' lang='lat' dir='ltr'><strong>suit</strong></span> <span class='ocrx_word' id='word_1_254' title='bbox 1601 1278 1750 1326; x_wconf 86' lang='lat' dir='ltr'><strong>antiquo</strong></span> 
     </span>
     <span class='ocr_line' id='line_1_58' title="bbox 1097 1333 1750 1386; baseline -0.005 -13"><span class='ocrx_word' id='word_1_255' title='bbox 1097 1341 1262 1386; x_wconf 86' lang='lat' dir='ltr'><strong>tempore</strong></span> <span class='ocrx_word' id='word_1_256' title='bbox 1304 1335 1339 1370; x_wconf 91' lang='lat' dir='ltr'><strong>in</strong></span> <span class='ocrx_word' id='word_1_257' title='bbox 1369 1334 1497 1370; x_wconf 87' lang='lat' dir='ltr'><strong>Ionum</strong></span> <span class='ocrx_word' id='word_1_258' title='bbox 1535 1333 1750 1381; x_wconf 72' lang='lat' dir='ltr'><strong>civitatibus,</strong></span> 
     </span>
     <span class='ocr_line' id='line_1_59' title="bbox 1098 1389 1750 1439; baseline -0.006 -10"><span class='ocrx_word' id='word_1_259' title='bbox 1098 1405 1139 1429; x_wconf 84' lang='lat' dir='ltr'><strong>ae</strong></span> <span class='ocrx_word' id='word_1_260' title='bbox 1160 1394 1316 1428; x_wconf 85' lang='lat' dir='ltr'><strong>fortasse</strong></span> <span class='ocrx_word' id='word_1_261' title='bbox 1337 1390 1445 1426; x_wconf 83' lang='lat' dir='ltr'><strong>etiam</strong></span> <span class='ocrx_word' id='word_1_262' title='bbox 1467 1390 1564 1439; x_wconf 86' lang='lat' dir='ltr'><strong>apud</strong></span> <span class='ocrx_word' id='word_1_263' title='bbox 1585 1389 1750 1427; x_wconf 84' lang='lat' dir='ltr'><strong>Milesios</strong></span> 
     </span>
     <span class='ocr_line' id='line_1_60' title="bbox 1097 1445 1749 1495; baseline -0.002 -11"><span class='ocrx_word' id='word_1_264' title='bbox 1097 1461 1256 1484; x_wconf 86' lang='lat' dir='ltr'><strong>summus</strong></span> <span class='ocrx_word' id='word_1_265' title='bbox 1275 1447 1528 1495; x_wconf 78' lang='lat' dir='ltr'><strong>magistratus)</strong></span> <span class='ocrx_word' id='word_1_266' title='bbox 1551 1445 1647 1482; x_wconf 89' lang='lat' dir='ltr'><strong>illum</strong></span> <span class='ocrx_word' id='word_1_267' title='bbox 1661 1447 1749 1483; x_wconf 83' lang='lat' dir='ltr'><strong>suis-</strong></span> 
     </span>
     <span class='ocr_line' id='line_1_61' title="bbox 1096 1502 1749 1553; baseline -0.005 -12"><span class='ocrx_word' id='word_1_268' title='bbox 1096 1518 1158 1551; x_wconf 88' lang='lat' dir='ltr'><strong>se,</strong></span> <span class='ocrx_word' id='word_1_269' title='bbox 1197 1516 1291 1552; x_wconf 89' lang='lat' dir='ltr'><strong>quae</strong></span> <span class='ocrx_word' id='word_1_270' title='bbox 1334 1502 1548 1539; x_wconf 81' lang='lat' dir='ltr'><strong>Rambachii</strong></span> <span class='ocrx_word' id='word_1_271' title='bbox 1589 1503 1749 1553; x_wconf 87' lang='lat' dir='ltr'><strong>suspicio</strong></span> 
     </span>
     <span class='ocr_line' id='line_1_62' title="bbox 1097 1558 1749 1609; baseline -0.003 -12"><span class='ocrx_word' id='word_1_272' title='bbox 1097 1567 1153 1598; x_wconf 75' lang='lat' dir='ltr'><strong>est</strong></span> <span class='ocrx_word' id='word_1_273' title='bbox 1176 1561 1241 1607; x_wconf 81' lang='lat' dir='ltr'><strong>(de</strong></span> <span class='ocrx_word' id='word_1_274' title='bbox 1261 1558 1389 1596; x_wconf 79' lang='lat' dir='ltr'><strong>Mileto</strong></span> <span class='ocrx_word' id='word_1_275' title='bbox 1410 1573 1446 1609; x_wconf 88' lang='lat' dir='ltr'><strong>p.</strong></span> <span class='ocrx_word' id='word_1_276' title='bbox 1468 1559 1631 1606; x_wconf 71' lang='grc'>1617),</span> <span class='ocrx_word' id='word_1_277' title='bbox 1653 1560 1749 1596; x_wconf 83' lang='lat' dir='ltr'><strong>haud</strong></span> 
     </span>
     <span class='ocr_line' id='line_1_63' title="bbox 1096 1615 1749 1666; baseline -0.002 -12"><span class='ocrx_word' id='word_1_278' title='bbox 1096 1617 1180 1655; x_wconf 87' lang='lat' dir='ltr'><strong>mihi</strong></span> <span class='ocrx_word' id='word_1_279' title='bbox 1210 1616 1431 1666; x_wconf 81' lang='lat' dir='ltr'><strong>persuadere</strong></span> <span class='ocrx_word' id='word_1_280' title='bbox 1468 1628 1630 1664; x_wconf 86' lang='lat' dir='ltr'><strong>possum.</strong></span> <span class='ocrx_word' id='word_1_281' title='bbox 1689 1615 1749 1653; x_wconf 87' lang='lat' dir='ltr'><strong>De</strong></span> 
     </span>
     <span class='ocr_line' id='line_1_64' title="bbox 1096 1671 1749 1721; baseline -0.003 -11"><span class='ocrx_word' id='word_1_282' title='bbox 1096 1672 1328 1721; x_wconf 72' lang='lat' dir='ltr'><strong>Aesymnetis</strong></span> <span class='ocrx_word' id='word_1_283' title='bbox 1353 1672 1487 1708; x_wconf 89' lang='lat' dir='ltr'><strong>consul.</strong></span> <span class='ocrx_word' id='word_1_284' title='bbox 1519 1671 1644 1708; x_wconf 80' lang='lat' dir='ltr'><strong>Eberti</strong></span> <span class='ocrx_word' id='word_1_285' title='bbox 1663 1672 1749 1709; x_wconf 89' lang='lat' dir='ltr'><strong>Dis-</strong></span> 
     </span>
     <span class='ocr_line' id='line_1_65' title="bbox 1099 1727 1586 1778; baseline -0.008 -11"><span class='ocrx_word' id='word_1_286' title='bbox 1099 1734 1200 1767; x_wconf 81' lang='lat' dir='ltr'><strong>sertt.</strong></span> <span class='ocrx_word' id='word_1_287' title='bbox 1225 1727 1345 1765; x_wconf 78' lang='lat' dir='ltr'><strong>Siculi.</strong></span> <span class='ocrx_word' id='word_1_288' title='bbox 1375 1742 1410 1778; x_wconf 88' lang='lat' dir='ltr'><strong>p.</strong></span> <span class='ocrx_word' id='word_1_289' title='bbox 1434 1731 1483 1768; x_wconf 88' lang='lat'><strong>17</strong></span> <span class='ocrx_word' id='word_1_290' title='bbox 1506 1741 1586 1776; x_wconf 88' lang='lat' dir='ltr'><strong>sqq.</strong></span> 
     </span>
    </p>

    <p class='ocr_par' dir='ltr' id='par_1_19' title="bbox 1092 1780 1751 2904">
     <span class='ocr_line' id='line_1_66' title="bbox 1158 1780 1751 1836; baseline -0.002 -12"><span class='ocrx_word' id='word_1_291' title='bbox 1158 1781 1262 1832; x_wconf 76' lang='grc' dir='ltr'><strong><em>ὅκως</em></strong></span> <span class='ocrx_word' id='word_1_292' title='bbox 1284 1781 1335 1822; x_wconf 77' lang='grc' dir='ltr'><strong>ἅν</strong></span> <span class='ocrx_word' id='word_1_293' title='bbox 1359 1799 1396 1822; x_wconf 88' lang='grc' dir='ltr'><strong>τι</strong></span> <span class='ocrx_word' id='word_1_294' title='bbox 1426 1781 1622 1834; x_wconf 75' lang='grc' dir='ltr'><em>προειὸώς</em></span> <span class='ocrx_word' id='word_1_295' title='bbox 1648 1780 1751 1836; x_wconf 75' lang='grc' dir='ltr'><strong>πρός</strong></span> 
     </span>
     <span class='ocr_line' id='line_1_67' title="bbox 1100 1837 1750 1893; baseline -0.003 -13"><span class='ocrx_word' id='word_1_296' title='bbox 1100 1839 1145 1881; x_wconf 76' lang='grc' dir='ltr'><strong>τό</strong></span> <span class='ocrx_word' id='word_1_297' title='bbox 1164 1839 1312 1893; x_wconf 79' lang='grc' dir='ltr'><em>παρεὸν</em></span> <span class='ocrx_word' id='word_1_298' title='bbox 1331 1837 1593 1891; x_wconf 79' lang='grc' dir='ltr'><em>βουλεύηται]</em></span> <span class='ocrx_word' id='word_1_299' title='bbox 1608 1854 1651 1877; x_wconf 88' lang='lat' dir='ltr'><strong>eo</strong></span> <span class='ocrx_word' id='word_1_300' title='bbox 1663 1853 1750 1878; x_wconf 88' lang='lat' dir='ltr'><strong>con-</strong></span> 
     </span>
     <span class='ocr_line' id='line_1_68' title="bbox 1100 1898 1750 1946; baseline 0 -13"><span class='ocrx_word' id='word_1_301' title='bbox 1100 1898 1200 1944; x_wconf 87' lang='lat' dir='ltr'><strong>silio,</strong></span> <span class='ocrx_word' id='word_1_302' title='bbox 1240 1903 1277 1934; x_wconf 90' lang='lat' dir='ltr'><strong>ut</strong></span> <span class='ocrx_word' id='word_1_303' title='bbox 1306 1898 1382 1944; x_wconf 72' lang='lat' dir='ltr'><strong>ille,</strong></span> <span class='ocrx_word' id='word_1_304' title='bbox 1424 1911 1459 1934; x_wconf 81' lang='lat' dir='ltr'><strong>re</strong></span> <span class='ocrx_word' id='word_1_305' title='bbox 1487 1901 1568 1934; x_wconf 72' lang='lat' dir='ltr'><strong>(mie</strong></span> <span class='ocrx_word' id='word_1_306' title='bbox 1595 1899 1750 1946; x_wconf 73' lang='lat' dir='ltr'><strong>cognita,</strong></span> 
     </span>
     <span class='ocr_line' id='line_1_69' title="bbox 1099 1954 1748 2004; baseline 0.002 -14"><span class='ocrx_word' id='word_1_307' title='bbox 1099 1955 1279 1991; x_wconf 71' lang='lat' dir='ltr'><strong>consiliunt</strong></span> <span class='ocrx_word' id='word_1_308' title='bbox 1295 1954 1440 2003; x_wconf 74' lang='lat' dir='ltr'><strong>aliquod</strong></span> <span class='ocrx_word' id='word_1_309' title='bbox 1465 1954 1513 1990; x_wconf 76' lang='lat' dir='ltr'><strong>(ul</strong></span> <span class='ocrx_word' id='word_1_310' title='bbox 1547 1967 1614 1990; x_wconf 84' lang='lat' dir='ltr'><strong>rem</strong></span> <span class='ocrx_word' id='word_1_311' title='bbox 1636 1957 1748 2004; x_wconf 79' lang='lat' dir='ltr'><strong>perti-</strong></span> 
     </span>
     <span class='ocr_line' id='line_1_70' title="bbox 1098 2007 1750 2059; baseline 0 -13"><span class='ocrx_word' id='word_1_312' title='bbox 1098 2024 1182 2047; x_wconf 69' lang='lat' dir='ltr'><strong>nens</strong></span> <span class='ocrx_word' id='word_1_313' title='bbox 1211 2014 1357 2059; x_wconf 77' lang='lat' dir='ltr'><strong>caperet.</strong></span> <span class='ocrx_word' id='word_1_314' title='bbox 1414 2010 1628 2047; x_wconf 87' lang='lat' dir='ltr'><strong>Particulam</strong></span> <span class='ocrx_word' id='word_1_315' title='bbox 1647 2007 1750 2057; x_wconf 76' lang='grc' dir='ltr'><strong><em>ὅκως</em></strong></span> 
     </span>
     <span class='ocr_line' id='line_1_71' title="bbox 1101 2062 1747 2115; baseline -0.005 -10"><span class='ocrx_word' id='word_1_316' title='bbox 1101 2063 1152 2105; x_wconf 64' lang='grc' dir='ltr'><strong>ἂν</strong></span> <span class='ocrx_word' id='word_1_317' title='bbox 1179 2068 1254 2104; x_wconf 83' lang='lat' dir='ltr'><strong>sive</strong></span> <span class='ocrx_word' id='word_1_318' title='bbox 1290 2065 1343 2113; x_wconf 75' lang='grc' dir='ltr'><strong>ὥς</strong></span> <span class='ocrx_word' id='word_1_319' title='bbox 1375 2062 1426 2105; x_wconf 66' lang='grc' dir='ltr'><strong>ἂν</strong></span> <span class='ocrx_word' id='word_1_320' title='bbox 1457 2073 1634 2115; x_wconf 85' lang='lat' dir='ltr'><strong>sequente</strong></span> <span class='ocrx_word' id='word_1_321' title='bbox 1662 2080 1747 2103; x_wconf 89' lang='lat' dir='ltr'><strong>con-</strong></span> 
     </span>
     <span class='ocr_line' id='line_1_72' title="bbox 1096 2123 1747 2172; baseline 0.003 -13"><span class='ocrx_word' id='word_1_322' title='bbox 1096 2124 1253 2160; x_wconf 77' lang='lat' dir='ltr'><strong>iunctivo</strong></span> <span class='ocrx_word' id='word_1_323' title='bbox 1273 2123 1418 2172; x_wconf 87' lang='lat' dir='ltr'><strong>saepius</strong></span> <span class='ocrx_word' id='word_1_324' title='bbox 1450 2123 1549 2170; x_wconf 82' lang='lat' dir='ltr'><strong>apud</strong></span> <span class='ocrx_word' id='word_1_325' title='bbox 1571 2123 1747 2161; x_wconf 71' lang='lat' dir='ltr'><strong>Nostrum</strong></span> 
     </span>
     <span class='ocr_line' id='line_1_73' title="bbox 1094 2178 1747 2227; baseline -0.003 -12"><span class='ocrx_word' id='word_1_326' title='bbox 1094 2179 1146 2215; x_wconf 82' lang='lat' dir='ltr'><strong>ita</strong></span> <span class='ocrx_word' id='word_1_327' title='bbox 1185 2184 1395 2227; x_wconf 82' lang='lat' dir='ltr'><strong>usurpatam</strong></span> <span class='ocrx_word' id='word_1_328' title='bbox 1444 2178 1627 2226; x_wconf 66' lang='lat' dir='ltr'><strong>videmus,</strong></span> <span class='ocrx_word' id='word_1_329' title='bbox 1685 2180 1747 2217; x_wconf 84' lang='lat' dir='ltr'><strong>ubi</strong></span> 
     </span>
     <span class='ocr_line' id='line_1_74' title="bbox 1096 2228 1747 2284; baseline 0.006 -14"><span class='ocrx_word' id='word_1_330' title='bbox 1096 2235 1294 2284; x_wconf 77' lang='lat' dir='ltr'><strong>optativum</strong></span> <span class='ocrx_word' id='word_1_331' title='bbox 1316 2234 1394 2270; x_wconf 85' lang='lat' dir='ltr'><strong>siue</strong></span> <span class='ocrx_word' id='word_1_332' title='bbox 1426 2228 1477 2271; x_wconf 65' lang='grc' dir='ltr'><strong>ἂν</strong></span> <span class='ocrx_word' id='word_1_333' title='bbox 1499 2237 1747 2284; x_wconf 77' lang='lat' dir='ltr'><strong>exspectabaS.</strong></span> 
     </span>
     <span class='ocr_line' id='line_1_75' title="bbox 1095 2290 1747 2340; baseline 0.005 -13"><span class='ocrx_word' id='word_1_334' title='bbox 1095 2290 1171 2327; x_wconf 80' lang='lat' dir='ltr'><strong>Sed</strong></span> <span class='ocrx_word' id='word_1_335' title='bbox 1197 2290 1256 2325; x_wconf 93' lang='lat' dir='ltr'><strong>illo</strong></span> <span class='ocrx_word' id='word_1_336' title='bbox 1287 2291 1398 2325; x_wconf 88' lang='lat' dir='ltr'><strong>modo</strong></span> <span class='ocrx_word' id='word_1_337' title='bbox 1445 2303 1504 2327; x_wconf 85' lang='lat' dir='ltr'><strong>res</strong></span> <span class='ocrx_word' id='word_1_338' title='bbox 1542 2292 1658 2340; x_wconf 85' lang='lat' dir='ltr'><strong>magis</strong></span> <span class='ocrx_word' id='word_1_339' title='bbox 1699 2294 1747 2330; x_wconf 88' lang='lat' dir='ltr'><strong>ad</strong></span> 
     </span>
     <span class='ocr_line' id='line_1_76' title="bbox 1093 2347 1747 2396; baseline 0.008 -15"><span class='ocrx_word' id='word_1_340' title='bbox 1093 2357 1269 2396; x_wconf 82' lang='lat' dir='ltr'><strong>praesens</strong></span> <span class='ocrx_word' id='word_1_341' title='bbox 1290 2351 1432 2395; x_wconf 79' lang='lat' dir='ltr'><strong>tempus</strong></span> <span class='ocrx_word' id='word_1_342' title='bbox 1454 2347 1626 2394; x_wconf 81' lang='lat' dir='ltr'><strong>refertur,</strong></span> <span class='ocrx_word' id='word_1_343' title='bbox 1664 2361 1747 2386; x_wconf 87' lang='lat' dir='ltr'><strong>ora-</strong></span> 
     </span>
     <span class='ocr_line' id='line_1_77' title="bbox 1093 2402 1746 2451; baseline 0.006 -13"><span class='ocrx_word' id='word_1_344' title='bbox 1093 2403 1217 2451; x_wconf 84' lang='lat' dir='ltr'><strong>tioque</strong></span> <span class='ocrx_word' id='word_1_345' title='bbox 1235 2402 1314 2451; x_wconf 76' lang='lat' dir='ltr'><strong>ipsa</strong></span> <span class='ocrx_word' id='word_1_346' title='bbox 1336 2403 1417 2439; x_wconf 88' lang='lat' dir='ltr'><strong>hinc</strong></span> <span class='ocrx_word' id='word_1_347' title='bbox 1451 2403 1601 2439; x_wconf 70' lang='lat' dir='ltr'><strong>vividior</strong></span> <span class='ocrx_word' id='word_1_348' title='bbox 1629 2404 1670 2440; x_wconf 87' lang='lat' dir='ltr'><strong>fit</strong></span> <span class='ocrx_word' id='word_1_349' title='bbox 1689 2408 1746 2442; x_wconf 84' lang='lat' dir='ltr'><strong>at-</strong></span> 
     </span>
     <span class='ocr_line' id='line_1_78' title="bbox 1094 2459 1745 2507; baseline 0.008 -14"><span class='ocrx_word' id='word_1_350' title='bbox 1094 2471 1165 2507; x_wconf 88' lang='lat' dir='ltr'><strong>que</strong></span> <span class='ocrx_word' id='word_1_351' title='bbox 1221 2459 1493 2506; x_wconf 82' lang='lat' dir='ltr'><strong>significantior.</strong></span> <span class='ocrx_word' id='word_1_352' title='bbox 1548 2459 1608 2496; x_wconf 87' lang='lat' dir='ltr'><strong>Cr.</strong></span> <span class='ocrx_word' id='word_1_353' title='bbox 1657 2473 1745 2498; x_wconf 91' lang='lat' dir='ltr'><strong>con-</strong></span> 
     </span>
     <span class='ocr_line' id='line_1_79' title="bbox 1095 2515 1746 2553; baseline 0.003 -2"><span class='ocrx_word' id='word_1_354' title='bbox 1095 2516 1163 2551; x_wconf 83' lang='lat' dir='ltr'><strong>scrt</strong></span> <span class='ocrx_word' id='word_1_355' title='bbox 1184 2515 1376 2551; x_wconf 85' lang='lat' dir='ltr'><strong>Heindorf.</strong></span> <span class='ocrx_word' id='word_1_356' title='bbox 1407 2516 1455 2551; x_wconf 88' lang='lat' dir='ltr'><strong>ad</strong></span> <span class='ocrx_word' id='word_1_357' title='bbox 1484 2515 1625 2552; x_wconf 89' lang='lat' dir='ltr'><strong>Platon.</strong></span> <span class='ocrx_word' id='word_1_358' title='bbox 1654 2517 1746 2553; x_wconf 87' lang='lat' dir='ltr'><strong>Pro-</strong></span> 
     </span>
     <span class='ocr_line' id='line_1_80' title="bbox 1093 2570 1745 2624; baseline 0.008 -18"><span class='ocrx_word' id='word_1_359' title='bbox 1093 2575 1167 2618; x_wconf 81' lang='lat' dir='ltr'><strong>tag.</strong></span> <span class='ocrx_word' id='word_1_360' title='bbox 1199 2584 1234 2620; x_wconf 90' lang='lat' dir='ltr'><strong>p.</strong></span> <span class='ocrx_word' id='word_1_361' title='bbox 1269 2572 1362 2611; x_wconf 84' lang='lat'><strong>501.</strong></span> <span class='ocrx_word' id='word_1_362' title='bbox 1420 2570 1542 2619; x_wconf 83' lang='lat' dir='ltr'><strong>Atque</strong></span> <span class='ocrx_word' id='word_1_363' title='bbox 1580 2573 1745 2624; x_wconf 85' lang='lat' dir='ltr'><strong>exempla</strong></span> 
     </span>
     <span class='ocr_line' id='line_1_81' title="bbox 1095 2627 1742 2677; baseline 0.008 -15"><span class='ocrx_word' id='word_1_364' title='bbox 1095 2628 1231 2677; x_wconf 81' lang='lat' dir='ltr'><strong>passim</strong></span> <span class='ocrx_word' id='word_1_365' title='bbox 1254 2627 1484 2663; x_wconf 79' lang='lat' dir='ltr'><strong>inveniuntur</strong></span> <span class='ocrx_word' id='word_1_366' title='bbox 1509 2641 1541 2664; x_wconf 88' lang='lat' dir='ltr'><strong>v.</strong></span> <span class='ocrx_word' id='word_1_367' title='bbox 1569 2642 1599 2665; x_wconf 88' lang='lat' dir='ltr'><strong>c.</strong></span> <span class='ocrx_word' id='word_1_368' title='bbox 1627 2629 1667 2677; x_wconf 89' lang='lat' dir='ltr'><strong>l,</strong></span> <span class='ocrx_word' id='word_1_369' title='bbox 1703 2630 1742 2671; x_wconf 86' lang='lat'><strong>5.</strong></span> 
     </span>
     <span class='ocr_line' id='line_1_82' title="bbox 1096 2683 1741 2724; baseline 0.006 -5"><span class='ocrx_word' id='word_1_370' title='bbox 1096 2686 1159 2724; x_wconf 78' lang='lat'><strong>22.</strong></span> <span class='ocrx_word' id='word_1_371' title='bbox 1191 2684 1243 2724; x_wconf 82' lang='lat'><strong>24</strong></span> <span class='ocrx_word' id='word_1_372' title='bbox 1273 2689 1338 2721; x_wconf 84' lang='lat' dir='ltr'><strong>etc.</strong></span> <span class='ocrx_word' id='word_1_373' title='bbox 1398 2683 1527 2720; x_wconf 81' lang='lat' dir='ltr'><strong>Matth.</strong></span> <span class='ocrx_word' id='word_1_374' title='bbox 1568 2685 1633 2721; x_wconf 90' lang='lat' dir='ltr'><strong>Gr.</strong></span> <span class='ocrx_word' id='word_1_375' title='bbox 1674 2685 1741 2723; x_wconf 86' lang='lat' dir='ltr'><strong>Gr.</strong></span> 
     </span>
     <span class='ocr_line' id='line_1_83' title="bbox 1094 2739 1739 2788; baseline 0.006 -14"><span class='ocrx_word' id='word_1_376' title='bbox 1094 2752 1129 2788; x_wconf 91' lang='lat' dir='ltr'><strong>p.</strong></span> <span class='ocrx_word' id='word_1_377' title='bbox 1156 2740 1273 2780; x_wconf 87' lang='grc'>1003.</span> <span class='ocrx_word' id='word_1_378' title='bbox 1331 2739 1432 2777; x_wconf 85' lang='lat' dir='ltr'><strong>Idem</strong></span> <span class='ocrx_word' id='word_1_379' title='bbox 1462 2740 1653 2783; x_wconf 84' lang='lat' dir='ltr'><strong>Heindorf.</strong></span> <span class='ocrx_word' id='word_1_380' title='bbox 1675 2741 1696 2778; x_wconf 94' lang='lat' dir='ltr'><strong>l.</strong></span> <span class='ocrx_word' id='word_1_381' title='bbox 1716 2741 1739 2778; x_wconf 92' lang='grc' dir='ltr'><strong>Ι.</strong></span> 
     </span>
     <span class='ocr_line' id='line_1_84' title="bbox 1093 2792 1741 2845; baseline -0.006 -8"><span class='ocrx_word' id='word_1_382' title='bbox 1093 2809 1128 2845; x_wconf 81' lang='lat' dir='ltr'><strong>p-</strong></span> <span class='ocrx_word' id='word_1_383' title='bbox 1154 2797 1234 2836; x_wconf 86' lang='lat'><strong>497</strong></span> <span class='ocrx_word' id='word_1_384' title='bbox 1258 2792 1362 2842; x_wconf 75' lang='grc' dir='ltr'><strong><em>ὅκως</em></strong></span> <span class='ocrx_word' id='word_1_385' title='bbox 1385 2792 1436 2834; x_wconf 73' lang='grc' dir='ltr'><strong>ἂν</strong></span> <span class='ocrx_word' id='word_1_386' title='bbox 1456 2796 1491 2833; x_wconf 90' lang='lat' dir='ltr'><strong>h.</strong></span> <span class='ocrx_word' id='word_1_387' title='bbox 1518 2796 1541 2833; x_wconf 91' lang='lat' dir='ltr'><strong>l.</strong></span> <span class='ocrx_word' id='word_1_388' title='bbox 1565 2797 1683 2834; x_wconf 88' lang='lat' dir='ltr'><strong>reddit</strong></span> <span class='ocrx_word' id='word_1_389' title='bbox 1702 2809 1741 2834; x_wconf 86' lang='lat' dir='ltr'><strong>eo</strong></span> 
     </span>
     <span class='ocr_line' id='line_1_85' title="bbox 1092 2852 1739 2904; baseline 0.002 -13"><span class='ocrx_word' id='word_1_390' title='bbox 1092 2855 1152 2900; x_wconf 78' lang='lat' dir='ltr'><strong>ut,</strong></span> <span class='ocrx_word' id='word_1_391' title='bbox 1179 2857 1213 2891; x_wconf 84' lang='lat' dir='ltr'><strong>et</strong></span> <span class='ocrx_word' id='word_1_392' title='bbox 1235 2866 1270 2904; x_wconf 86' lang='lat' dir='ltr'><strong>p.</strong></span> <span class='ocrx_word' id='word_1_393' title='bbox 1294 2852 1376 2896; x_wconf 81' lang='lat'><strong>504</strong></span> <span class='ocrx_word' id='word_1_394' title='bbox 1395 2853 1443 2892; x_wconf 85' lang='lat' dir='ltr'><strong>ad</strong></span> <span class='ocrx_word' id='word_1_395' title='bbox 1459 2865 1634 2904; x_wconf 82' lang='lat' dir='ltr'><strong>praesens</strong></span> <span class='ocrx_word' id='word_1_396' title='bbox 1647 2857 1739 2892; x_wconf 88' lang='lat' dir='ltr'><strong>tem-</strong></span> 
     </span>
    </p>
   </div>
   <div class='ocr_carea' id='block_1_17' title="bbox 1488 633 1815 690">
    <p class='ocr_par' dir='ltr' id='par_1_20' title="bbox 1488 633 1815 690">
     <span class='ocr_line' id='line_1_86' title="bbox 1488 633 1815 690; baseline 0 -13"><span class='ocrx_word' id='word_1_397' title='bbox 1488 633 1705 690; x_wconf 85' lang='grc' dir='ltr'><em>Μιλήσιοι</em></span> <span class='ocrx_word' id='word_1_398' title='bbox 1764 650 1815 689; x_wconf 89' lang='lat'><strong>10</strong></span> 
     </span>
    </p>
   </div>
  </div>
 </body>
</html>
