1909 3228
672 208 885 248 CLIO.
946 209 973 248 I.

1368 211 1454 253 859

200 316 331 374 δόθη·
361 316 562 370 ἐξέδοσαν
593 318 638 362 δὲ
668 320 711 362 οἱ
739 323 839 363 Χῖοι
868 318 937 362 ἐπὶ
975 321 1036 375 τῷ
1075 313 1265 373 Ἀταρνέι·
1292 322 1451 377 μισθῷ·

199 401 279 441 τοῦ
311 398 354 441 δὲ
384 397 606 452 Ἀταρνέος
645 398 806 441 τούτου
845 398 931 441 ἔστι
971 401 1110 453 χῶρος
1145 401 1221 454 τῆς
1260 399 1451 454 Μυσίης,

170 484 192 518 5
205 477 379 532 Λέσβου
409 475 566 528 ἀντίος.

627 476 834 533 Πακτύην
873 476 951 532 μέν
990 493 1073 520 νυν
1111 475 1507 533 παραδεξάμενοι55

199 557 242 599 οἱ
272 555 438 608 Πέρσαι
474 554 590 612 εἶχον
627 556 674 600 ἐν
713 559 911 613 φυλακῇ,
948 554 1149 606 θέλοντες
1182 555 1312 614 Κύρῳ
1342 554 1451 600 ἀπο-

170 635 332 687 6δὲξαι.
364 630 419 690 ἦν
448 636 494 678 δὲ
533 634 691 691 χρόνος
733 630 862 685 οὗτος
901 632 982 678 οὐκ
1022 632 1167 689 ὀλίγος
1206 634 1449 690 γενόμενος,

198 714 269 757 ὅτε
298 716 417 757 Χίων
448 713 590 765 οὐδεὶς
624 715 671 758 ἐκ
699 717 780 757 τοῦ
807 711 1028 768 Ἀταρνέος
1055 713 1217 757 τούτου
1249 715 1348 758 οὔτε
1378 713 1450 759 οὖ-

197 792 275 844 λοὶς
304 796 473 846 κριθῶν
501 792 714 848 πρόχυσιν
743 792 932 835 ἐποιέετο
972 796 1090 836 θεῶν
1130 793 1295 844 οὐδενὶ,
1348 794 1450 837 οὔτε

194 874 391 926 πέμματα
427 871 623 915 ἐπέσσετο
652 875 824 926 καρποῦ
859 875 940 914 τοῦ
974 871 1201 924 ἐνθεῦτεν,
1253 871 1448 927 α’πείχετό

194 966 238 994 τε
266 953 352 992 τῶν
380 949 554 994 πάντων
595 953 702 1007 ἱρῶν
738 950 790 994 τὰ
828 950 970 994 πάντα
999 950 1045 994 ἐκ
1073 954 1148 1006 τῆς
1177 949 1319 1006 χώρης
1348 951 1502 994 ταῦ-60

138 1170 255 1207 eidem
282 1170 318 1206 in
345 1169 484 1206 colonia
520 1182 667 1219 quoque
691 1174 784 1207 tem-

136 1226 235 1276 plum
262 1227 478 1263 exstruxisse
504 1239 610 1263 nemo
640 1226 784 1262 mirabi-

135 1288 201 1319 tur.
245 1282 352 1319 Conf.
378 1295 471 1330 quae
498 1283 571 1318 dixi
588 1283 623 1318 in
641 1283 783 1319 Disser-

134 1342 197 1374 tat.
217 1339 263 1375 de
282 1337 449 1389 Apolline
475 1343 510 1374 et
528 1339 691 1375 Minerva
709 1340 780 1387 pri-

133 1394 293 1442 migenia
331 1394 594 1443 (Heidelberg.
642 1396 780 1442 1820)

131 1463 218 1501 pag.
235 1452 260 1490 6
281 1463 357 1498 seq.

187 1504 252 1545 ἐπὶ
269 1508 323 1559 τῷ
339 1503 516 1555 Ἀταρνέϊ
531 1506 688 1557 μισθῷ]
710 1504 732 1541 i.
748 1518 779 1542 e.

130 1560 369 1599 Atarnensem
398 1566 531 1599 terram
565 1562 660 1611 pacti
687 1574 782 1598 iner-

132 1619 278 1666 cedem,
308 1632 336 1656 s.
358 1619 401 1656 e&
421 1619 486 1655 sub
502 1618 719 1664 conditione,
740 1622 779 1654 ut

131 1673 371 1712 Atarnensem
395 1680 529 1712 terram
556 1687 622 1725 pro
642 1687 777 1711 merce-

132 1730 179 1767 de
211 1730 368 1779 Paetyae
402 1731 522 1767 traditi
563 1731 776 1779 acciperent.

132 1786 190 1823 De
221 1786 287 1825 ἐπὶ
314 1788 408 1823 conf.
442 1786 480 1832 l,
507 1789 572 1827 60.
602 1790 691 1826 141.
723 1807 778 1812 ——

130 1843 346 1892 Scripsimus
369 1856 389 1880 e
409 1842 514 1879 codd.
534 1855 612 1878 cum
631 1845 778 1878 recentt.

130 1893 307 1950 Ἀταρνέι
347 1911 418 1965 pro
456 1898 552 1946 vulg.
592 1893 777 1947 Ἀταρνεῖ.

132 1955 200 1991 Est
232 1968 316 1992 vero
357 1953 380 1993 ό
408 1949 617 2004 Ἀτιιρνεῦς
645 1965 777 1990 nomen

132 2016 168 2048 et
176 2011 314 2059 regioni
318 2025 334 2047 5
349 2011 521 2047 Chiorum
543 2009 674 2047 civitati
693 2021 778 2045 con-

131 2080 257 2105 cessae
281 2072 317 2104 et
334 2067 461 2117 oppidi
480 2066 547 2103 hac
571 2067 608 2102 iu
627 2065 777 2112 regione

130 2136 204 2160 non
242 2123 348 2160 valde
393 2123 552 2172 spatiosa
597 2121 776 2158 exstructi.

130 2178 225 2216 Add.
254 2179 359 2225 VIII,
394 2181 482 2219 106.
548 2178 778 2214 Conveniunt

130 2249 210 2272 cum
225 2235 417 2272 Herodoto
433 2234 585 2272 Diodor.
600 2233 699 2279 XIII,
711 2233 777 2273 65.

130 2292 217 2329 XVI
229 2293 332 2339 ,52,
361 2291 422 2327 ubi
443 2291 536 2327 conf.
555 2289 776 2338 Wesseling.

130 2347 287 2385 Pausan.
305 2347 369 2394 IV,
392 2347 444 2388 35
468 2345 504 2397 ἓ·
521 2348 558 2387 6-

186 2402 371 2449 θέλοντες
410 2400 533 2456 Κύρῳ
564 2397 774 2451 ἀποδέξαι]

132 2453 319 2506 ἀποδέξαι
347 2464 535 2496 monstrare
559 2471 635 2496 eum
662 2462 702 2494 ut
723 2460 778 2494 vi-

134 2527 213 2552 υιιηι
240 2516 377 2562 adhuc,
417 2529 448 2552 5
488 2517 527 2552 in
566 2518 779 2563 conspectum

135 2571 222 2620 Cyri
244 2583 319 2607 eum
333 2571 540 2620 producere,
568 2570 703 2608 tradere
722 2572 778 2607 υί-

130 2640 213 2663 vum
232 2627 332 2664 illum
355 2627 454 2677 Cyro.

187 2677 251 2733 ἧν
282 2680 324 2721 δὲ
353 2679 491 2734 χρόνος
521 2675 775 2734 οὗτος-γε-

132 2735 374 2796 νόμενος]
428 2738 529 2776 Nota
562 2738 776 2775 locutionem

131 2797 185 2845 ἡν
207 2818 262 2823 -—
279 2792 504 2846 γενόμενος,
532 2795 632 2832 cuius
652 2794 776 2831 similia

133 2852 313 2901 quaedam
329 2852 512 2900 attigimus
536 2852 583 2888 ad
603 2854 638 2898 1,
661 2852 725 2891 57

908 1165 997 1209 οὔτε
1025 1164 1145 1215 ου’λοῖς
1171 1171 1328 1221 κριθῶν
1355 1165 1500 1220 πρόχυ-

852 1237 915 1263 σιν
960 1224 1130 1265 ἐποιέετο
1180 1228 1293 1265 θεῶν
1338 1222 1498 1271 οὐδενὶ]

849 1280 907 1319 De
918 1286 1124 1320 ποιεῖσθαι
1144 1282 1275 1332 duplici
1297 1283 1500 1319 accusativo

849 1337 969 1374 iuncto
991 1339 1143 1374 vidimus
1162 1339 1209 1374 ad
1232 1338 1269 1385 Ι,
1287 1340 1352 1379 68.
1384 1334 1499 1377 ου’λαὶ

849 1395 1004 1443 κριθῶν
1022 1394 1181 1430 indicant
1200 1394 1330 1430 molum
1351 1407 1393 1431 ex
1413 1395 1499 1430 hor-

850 1449 920 1486 deo
948 1450 1148 1486 confectam
1179 1449 1335 1497 indeque
1354 1454 1499 1496 tostam,

850 1505 886 1541 in
926 1506 1034 1542 sacris
1077 1505 1241 1542 adhiberi
1273 1504 1415 1541 solitam
1454 1519 1498 1542 eo

848 1574 996 1612 prorsus
1024 1562 1155 1607 modo,
1186 1574 1259 1609 quo
1278 1560 1435 1597 Romani
1461 1561 1498 1598 in

847 1617 999 1654 victimis
1044 1618 1245 1654 mactandis
1280 1617 1371 1654 mola
1403 1617 1498 1654 salsa

845 1674 1047 1710 utebantur.
1105 1673 1163 1710 Cf.
1183 1673 1334 1710 Homer.
1358 1674 1494 1722 Odyss.

845 1730 894 1766 III
907 1759 917 1777 ,
947 1729 1029 1770 442
1046 1742 1123 1778 seq.
1145 1733 1181 1766 et
1200 1729 1440 1767 Schneiderus
1459 1731 1496 1766 in

845 1785 967 1822 Lexic.
988 1786 1054 1822 Gr.
1075 1798 1103 1821 s,
1121 1798 1153 1821 v,
1167 1813 1177 1831 ‚
1199 1798 1244 1822 ne
1263 1785 1377 1834 plura.
1406 1781 1496 1835 πρό-

845 1853 955 1890 χυσις
974 1841 1102 1877 dicitur
1119 1841 1280 1890 profusio
1299 1841 1416 1878 molae
1439 1842 1495 1876 in-

844 1901 900 1933 tra
937 1897 1077 1933 hostiae
1111 1908 1268 1943 cornua,
1305 1909 1399 1944 quae
1426 1897 1496 1932 hoe

843 1952 914 1988 ritu
953 1952 1020 1988 diis
1075 1951 1223 1987 dicatur.
1295 1951 1493 1999 Gregorius

843 2007 1006 2043 Corinth.
1017 2007 1064 2043 de
1083 2006 1222 2043 dialect.
1238 2006 1348 2044 Ionio.
1362 2005 1399 2057 ἓ.
1414 2010 1493 2048 110

843 2063 899 2112 (p.
912 2063 1026 2110 515),
1055 2062 1148 2099 hunc
1164 2061 1279 2099 locum
1295 2063 1422 2112 opinor
1436 2076 1493 2101 re-

844 2119 1019 2169 spiciens,
1048 2118 1215 2169 explicuit
1240 2115 1286 2159 τό
1304 2114 1491 2158 οἷποσπεῖ-

847 2186 926 2214 σαι.

900 2225 1080 2281 ἀπείχετό
1126 2244 1167 2269 τε
1210 2231 1292 2268 τῶν
1329 2226 1491 2269 πάντων

845 2286 944 2339 ἱρῶν
960 2284 1007 2326 τοὶ
1028 2282 1177 2336 πάντα]
1209 2281 1387 2336 ἐπείχετο
1410 2286 1489 2323 vul-

843 2357 892 2393 go
914 2344 969 2380 hic
990 2344 1133 2393 passive
1159 2343 1351 2392 accipiunt:
1381 2355 1488 2379 remo-

842 2400 1012 2437 vebantur
1035 2421 1081 2426 ——
1106 2401 1231 2435 omnia.
1289 2399 1383 2436 Cum
1402 2411 1487 2435 vero

844 2451 1061 2506 ἀπέχεσθαι
1076 2456 1133 2492 vix
1153 2454 1298 2505 passive
1316 2455 1384 2491 hoc
1404 2467 1487 2491 sen-

844 2526 885 2550 su
906 2513 1106 2549 inveniatur
1117 2541 1127 2560 ,
1146 2511 1309 2548 Koenius
1326 2511 1375 2547 ad
1392 2510 1486 2548 Gre-

845 2582 925 2618 gor.
951 2569 1112 2605 Corinth.
1149 2580 1185 2617 p,
1219 2569 1324 2613 432,
1360 2578 1484 2603 assen-

846 2626 957 2663 tiente
985 2624 1188 2670 Larchero,
1222 2621 1484 2672 εειεμίοᾶῒυήθκ
1514 2634 1515 2637 ’

843 2682 1003 2730 gendiun
1031 2694 1111 2717 esse
1139 2674 1344 2744 α’πτέργετο,
1384 2690 1480 2714 arce-

842 2739 979 2774 bantur.
1044 2736 1121 2772 Sed
1148 2748 1228 2771 cum
1259 2728 1417 2783 ἐπέχειν
1443 2734 1480 2769 in

841 2793 958 2831 activo
993 2792 1191 2829 inveniatur
1224 2790 1384 2836 arcendi,
1423 2802 1477 2825 Te<

842 2849 998 2887 movendi·
1025 2849 1172 2885 notione
1200 2847 1266 2895 (ut
1286 2846 1386 2892 VIII,
1412 2847 1475 2886 20.
