1909 3228
120 405 245 435 ficando.

411 188 494 228 810

812 181 1280 222 HERODOTl

261 309 359 354 132
410 293 608 350 Ἀράβιοι
633 295 700 343 δὲ,
738 292 920 336 Ἀλίττα·
973 291 1139 344 Πέρσαι
1178 290 1244 340 ὸὲ,
1286 291 1472 344 Μίτραν.
1535 290 1727 346 Θυσίη35

121 374 208 400 Ritus·
221 373 250 400 ln
268 373 359 402 oacri-

420 373 466 416 δὲ
494 377 606 416 τοῖσι
635 371 829 428 Πέρσῃσι
865 369 963 423 περὶ
999 368 1103 419 τούς
1140 367 1395 423 εἰρημένους
1433 368 1567 419 θεούς
1596 368 1672 425 ἥδε

415 453 654 507 κατέστηκε.
703 448 802 492 οὔτε
831 447 1011 504 βωμούς
1039 451 1286 498 ποιεῦνται,
1317 445 1417 490 οὔτε
1445 451 1532 501 πῦρ
1564 447 1675 490 οἰνα-

359 637 469 675 modo
507 638 709 681 tentarunt,
747 645 854 682 quam
885 645 1010 670 sanam

361 697 397 731 et
415 692 567 742 probam
588 703 669 728 esse
697 690 802 727 nobis
832 690 1011 740 persuasit

363 747 640 796 Wesselingius‚
688 760 773 783 usus
819 747 1011 796 praecipue

362 803 539 842 Ambrosii
554 803 759 840 testimonio
771 807 897 839 contra
905 803 1013 850 Sym—

362 860 476 897 mach.
511 859 544 896 ΙΙ
565 873 601 910 p.
625 861 730 905 840,
759 858 819 895 ubi
842 858 931 896 haec
957 857 1009 895 le-

361 920 514 965 guntur:
544 915 788 963 „Coelestem
805 914 906 962 Afri,
932 913 1010 951 Mi-

363 972 478 1009 thram
507 971 662 1019 Persae,
699 971 863 1021 plerique
891 970 1014 1008 Vene-

362 1041 440 1066 rem
461 1027 603 1077 colunt,
631 1041 699 1078 pro
718 1028 926 1065 diversitate
947 1039 1014 1063 no-

363 1085 491 1133 minis,
521 1097 595 1121 non
625 1097 693 1135 pro
723 1084 877 1120 numinis
898 1084 1014 1120 varie-

358 1142 472 1178 tate.“
528 1139 708 1178 Nolumus
747 1140 929 1176 immorari
976 1140 1014 1176 in

360 1197 538 1247 scriptura
555 1196 749 1244 Mithram,
766 1197 842 1234 sive
861 1196 1014 1233 Ambro-

361 1253 404 1290 sii
424 1253 537 1303 ipsius
566 1253 724 1291 incuriae
754 1254 829 1290 sive
851 1252 1014 1290 librario-

363 1322 443 1347 rum
459 1310 647 1347 socordiae
660 1309 720 1346 illa
741 1310 787 1346 sit
803 1309 1016 1353 tribuenda3

364 1378 442 1404 rem
469 1366 586 1416 ipsam
627 1366 777 1414 egregie
802 1365 1016 1402 confirmant

365 1421 546 1459 Ambrosii
567 1422 676 1458 verba
691 1450 702 1468 ,
746 1421 807 1470 qui
827 1421 925 1457 haud
942 1421 1016 1457 scio

365 1489 415 1515 an
440 1489 484 1515 ex
514 1477 596 1526 ipso
616 1477 807 1514 Herodoto
834 1476 923 1514 haec
952 1476 1017 1513 de-

366 1533 561 1583 scripserit.
617 1532 724 1570 Facit
748 1533 878 1570 eodem
901 1533 1018 1569 nomi-

367 1589 423 1627 nis
444 1589 559 1636 ratio,
588 1588 619 1624 si
643 1589 789 1637 quidem
812 1593 959 1637 etymon
978 1588 1019 1624 il·-

368 1645 435 1683 lius
451 1646 639 1695 proferunt
663 1645 752 1682 milar
773 1659 802 1682 s.
822 1645 926 1682 mz'hir
943 1645 965 1681 i.
987 1657 1017 1681 e.

367 1713 538 1748 arnorem,
577 1700 672 1748 sive,
709 1706 750 1738 ut
777 1701 854 1737 aliis
891 1701 1022 1750 placet,

368 1756 493 1795 solem.
552 1756 660 1793 Cons.
685 1757 797 1806 Hyde
835 1758 882 1793 de
918 1756 1022 1803 relig.

369 1814 471 1851 Pers.
499 1825 587 1863 pag.
613 1815 704 1854 129.
763 1812 946 1861 Sylvestre
976 1812 1023 1848 de

370 1870 466 1918 Sacy
504 1869 552 1906 ad
584 1869 638 1906 St.
677 1869 788 1906 Croix
825 1867 1021 1906 Becherch.

372 1938 433 1962 sur
463 1924 514 1962 les
547 1925 721 1972 mysteres
758 1925 804 1962 de
832 1925 1023 1974 paganism

372 1982 406 2020 ll
434 1994 519 2031 pag.
547 1985 634 2022 121.
665 1980 746 2018 Nec
776 1981 882 2018 aliam
907 1980 1023 2017 credi-

373 2038 488 2075 derim
509 2037 656 2074 Mittam
675 2041 784 2086 atque
803 2050 884 2075 eam
903 2037 1024 2084 deam,

374 2106 469 2144 quae
478 2094 620 2131 Anaitz's
638 2094 766 2130 dicitur
776 2093 853 2130 aliis
873 2093 1025 2143 scripto·

373 2151 494 2198 ribus,
523 2151 623 2201 apud
649 2150 779 2187 Persas
802 2150 907 2187 culta.
964 2149 1022 2186 De

375 2218 449 2256 qua
476 2206 579 2257 plura
606 2207 736 2255 Zoega
757 2207 813 2243 in:
851 2205 1025 2243 Abhand-

375 2263 500 2312 lungg.
521 2263 600 2311 (ed.
619 2263 821 2307 VVelcker.)
839 2275 924 2313 pag.
945 2264 1024 2303 101

376 2340 432 2348 -—
454 2320 556 2366 105,
595 2319 665 2356 alia
693 2323 734 2356 ut
758 2324 910 2356 taceam.
968 2318 1026 2355 De

377 2373 498 2413 Mz'tra
537 2376 608 2413 dea
644 2376 830 2426 copiosam
876 2374 1028 2412 instituit

377 2432 661 2483 disputationem
682 2432 852 2470 Creuzer.
870 2431 906 2468 in
921 2432 1028 2479 Sym-

378 2488 453 2524 bol.
485 2488 501 2525 I
537 2501 574 2538 p.
595 2491 676 2530 728
707 2501 831 2538 seqq.‚
869 2500 962 2536 quae
996 2486 1027 2524 si

380 2545 475 2582 bene
491 2545 695 2594 perceperis
708 2573 719 2591 ,
732 2544 909 2593 intelliges
919 2555 1028 2592 quam

381 2612 492 2650 prave
507 2600 531 2636 ii
549 2604 680 2649 agant,
699 2600 760 2649 qui
775 2601 821 2637 ab
837 2599 1027 2638 Herodoto

381 2668 575 2705 perperam
622 2656 792 2694 Mithram
839 2656 947 2694 deum
994 2655 1031 2692 in

384 2710 530 2747 Mitram
577 2713 684 2750 deam
739 2713 1031 2750 transformatum

381 2770 541 2803 statuant
552 2772 615 2804 aut
635 2769 813 2806 Venerem
831 2768 1034 2817 intelligant

383 2821 578 2873 planetam,
592 2824 691 2861 cuius
707 2825 820 2862 cultus
837 2826 935 2876 apud
943 2825 1032 2862 Per-

1080 645 1159 678 sas,
1189 630 1379 680 Assyrios,
1422 630 1560 669 Arabes
1601 631 1733 670 florue-

1078 689 1134 725 rit.
1168 688 1291 725 Unum
1313 688 1459 724 nomino
1479 687 1632 735 Rhode,
1646 689 1734 726 iiber

1079 744 1182 782 Alter
1195 746 1268 781 und
1282 744 1327 780 W
1331 745 1410 781 erth
1435 744 1543 792 einig.
1563 756 1735 793 morgen-

1079 801 1176 838 land.
1208 801 1376 838 Urkund.
1418 814 1503 851 pag.
1534 802 1611 842 101
1632 814 1735 850 seqq.

1080 858 1162 895 Hoc
1203 858 1312 905 igitur
1351 856 1491 893 firmum
1526 862 1737 906 certumque

1080 919 1289 960 teneamus,
1320 912 1467 950 Mitram
1497 914 1604 950 deam
1625 914 1736 952 fuisse

1080 970 1201 1008 Persis
1234 982 1335 1016 eam,
1383 982 1491 1018 quam
1530 969 1608 1007 aliis
1643 971 1737 1009 aliae

1082 1031 1209 1075 gentes
1241 1025 1446 1063 nominibus
1487 1038 1554 1075 per
1592 1038 1738 1065 omnem

1081 1085 1158 1121 fere
1179 1082 1304 1119 Asiam
1335 1081 1533 1129 coluerint,
1564 1082 1638 1120 sive
1669 1095 1736 1120 na-

1081 1144 1199 1176 turam
1237 1139 1370 1175 dixeris
1409 1143 1635 1186 naturatam‚
1664 1140 1740 1178 sive

1082 1195 1296 1247 principium
1324 1196 1362 1232 in
1392 1207 1511 1232 rerum
1531 1200 1658 1233 natura
1685 1197 1742 1235 fe-

1084 1253 1260 1299 mineum,
1291 1251 1366 1288 sive
1384 1249 1529 1288 Lunam
1549 1252 1623 1290 sive
1646 1251 1741 1291 Ter-

1084 1322 1170 1346 ram.
1230 1309 1336 1352 Quae
1375 1309 1512 1357 optime
1547 1309 1633 1346 inde
1661 1322 1741 1347 cum

1091 1366 1213 1402 Venere
1247 1364 1385 1401 Crania
1413 1365 1513 1414 apud
1539 1365 1653 1414 Syros
1680 1364 1743 1412 (Ι,

1089 1423 1189 1467 105)
1219 1420 1420 1470 comparari
1437 1421 1556 1469 potuit
1582 1426 1742 1459 autenm

1086 1477 1241 1527 Mylitta
1291 1475 1575 1524 Babyloniorum
1630 1481 1742 1526 atque

1085 1533 1316 1581 Assyriorum
1337 1532 1372 1579 (l
1388 1560 1399 1578 ‚
1424 1535 1546 1580 199),
1576 1539 1638 1571 aut
1659 1547 1740 1572 cum

1086 1590 1246 1627 Arabum
1268 1588 1396 1626 Alina.
1433 1590 1543 1626 Conf.
1567 1590 1740 1628 Creuzer.

1087 1646 1109 1683 l.
1130 1646 1152 1683 l.
1172 1650 1208 1683 et
1232 1644 1267 1681 ΙΙ
1289 1659 1326 1695 p.
1345 1645 1382 1686 5.
1405 1645 1459 1686 24
1477 1658 1580 1695 seqq.
1604 1649 1695 1688 123.

1144 1702 1295 1738 Azittam
1326 1702 1418 1738 infra
1442 1701 1515 1748 ΙΙΙ,
1545 1705 1570 1743 8
1608 1702 1745 1741 Noster

1090 1757 1251 1808 appellat
1269 1757 1408 1802 Aluan
1425 1758 1524 1807 quod
1547 1759 1746 1809 ipsumhoc

1091 1827 1238 1862 quoquc
1264 1815 1344 1852 loco
1379 1815 1584 1852 restitutum
1602 1816 1748 1854 volebat

1090 1870 1239 1908 Selden.
1277 1870 1325 1908 de
1359 1869 1427 1907 diis
1457 1872 1539 1919 Syr.
1580 1885 1617 1923 p.
1654 1875 1746 1914 179.

1092 1927 1214 1969 Quam
1244 1925 1281 1962 in
1317 1939 1391 1963 rem
1425 1928 1594 1965 observat
1621 1927 1665 1966 A.
1696 1930 1744 1966 G.

1090 1982 1270 2030 Schlegel.
1305 1983 1409 2029 (lnd.
1435 1983 1606 2021 Biblioth.
1633 1985 1689 2032 ΙΙ,
1718 1989 1746 2027 8

1090 2052 1175 2089 pag.
1201 2041 1302 2085 316)
1335 2040 1586 2087 Herodotum,
1604 2042 1661 2078 ubi
1680 2054 1746 2091 pe-

1089 2095 1252 2143 regrinas
1274 2107 1380 2132 voces
1404 2096 1600 2145 expressim
1622 2099 1747 2146 profe·

1090 2156 1167 2197 rat,
1200 2163 1275 2186 non
1301 2151 1438 2188 addere
1466 2152 1645 2189 Graecam
1674 2157 1748 2190 ter-

1091 2207 1347 2252 minationem,
1374 2207 1532 2255 indeque
1552 2207 1586 2244 h.
1615 2208 1637 2245 l.
1659 2210 1747 2246 scri-

1092 2264 1179 2300 bere
1202 2259 1384 2300 Μύλιττα
1411 2268 1446 2301 et
1464 2258 1637 2311 Ἀλίττα,
1668 2279 1747 2303 cum

1094 2318 1325 2366 Assyriorum
1357 2324 1392 2357 et
1421 2319 1583 2357 Arabum
1624 2320 1748 2370 lingua

1095 2375 1338 2413 declinatione
1349 2381 1480 2423 careat,
1492 2377 1557 2414 sed
1572 2378 1748 2429 Μίτραν,

1095 2432 1266 2480 quoniam
1285 2432 1321 2468 in
1341 2431 1533 2470 Persarum
1551 2433 1676 2484 lingua
1693 2436 1750 2472 in-

1095 2488 1257 2526 veniatur
1277 2489 1462 2526 nominum
1488 2490 1694 2529 declinatio.

1264 2571 1296 2610 C
1308 2585 1329 2609 a
1339 2586 1376 2623 p.
1407 2573 1599 2612 CXXXII.

1157 2655 1284 2707 Θυσίη
1306 2654 1349 2696 δὲ
1365 2678 1416 2686 -
1431 2653 1504 2709 ἥδε
1524 2655 1749 2710 κατέστηκε]

1098 2711 1307 2763 κατέστηκε
1340 2727 1362 2752 e
1387 2715 1498 2752 tribus
1535 2717 1641 2754 codd.
1671 2728 1750 2753 cum

1101 2769 1311 2807 Gaistbrdio
1330 2771 1545 2809 adscivimus
1565 2784 1634 2824 pro
1652 2770 1748 2820 vulg·

1099 2821 1263 2877 κατεστή
1276 2842 1299 2865 κ
1311 2840 1328 2866 ε
1338 2841 1366 2866 ε.
