1909 3228
141 874 265 901 Deiocee
305 879 332 898 a.
367 870 416 897 wo

141 915 191 934 rex
209 908 335 936 creatus,
347 912 415 931 con—

141 940 216 968 didit
235 938 397 968 Ecbatana.

459 224 543 264 250

872 219 1337 259 HERODOTI

438 336 551 389 4yov
579 332 622 375 οἱ
651 335 730 375 τοῦ
758 328 956 386 Λήϊόκεω
986 330 1130 385 φίλοι·
1190 362 1214 380 „
1227 327 1292 371 013
1328 326 1412 383 γάρ
1450 328 1528 386 δὴ,
1567 327 1712 387 τρόπῳ

463 414 558 467 ,,τῷ
591 408 797 464 παρεόντι
825 407 1074 465 χρεώμενοι,
1109 408 1289 451 δυνατοί
1317 409 1433 461 εἰμεν
1463 407 1619 450 οἰκέειν
1637 406 1715 462 τήν

463 489 663 546 ,,χώρην·
713 487 840 543 φέρε,
887 485 1108 543 στήσωμεν
1147 484 1290 541 ἡμέων
1327 484 1473 530 αὐτῶν
1511 486 1770 540 βασιλέα·35

467 568 572 620 ,,καὶ
602 565 716 611 οὕτω
743 565 773 622 ἤ
803 582 845 610 τε
873 565 992 623 χώρη
1023 564 1326 621 εὐνομήσεται,
1361 564 1432 608 καὶ
1455 563 1580 607 αὐτοὶ
1604 564 1716 618 πρὸς

503 646 523 662 'r
754 643 763 657 r
972 643 982 659 9
1016 645 1026 659 x
1075 643 1087 657 ‹-
1122 642 1132 659 ε
1177 643 1187 658 ³
1285 646 1294 662 μ
1391 642 1400 657 2
1448 642 1457 654 ι
1631 643 1642 657 2
1686 640 1697 655 r

464 661 604 702 ,,εργα
631 651 897 701 τρεψομεθα,
931 648 1032 690 ουδε
1060 661 1121 688 υπ
1164 661 1344 701 ανομιης
1373 656 1606 687 αναστατοι
1626 654 1716 686 εσο-

475 728 672 781 ,,μεθα.“
736 723 883 768 Ταῦτά
922 740 977 780 κη
1019 723 1236 781 λέγοντες,
1290 726 1492 767 πείθουσι
1530 721 1720 772 ἑωυτούς

347 806 414 852 98
471 801 788 859 βασιλεύεσθαι.
837 801 1005 847 Αὐτίκα
1044 803 1089 847 δὲ
1125 803 1490 860 προβαλλομένων
1535 800 1586 845 ὅν
1623 817 1720 844 τινα

472 883 703 938 στήσονται
733 881 932 937 βασιλέα,
962 880 986 926 ὁ
1011 883 1204 939 Δηῖόκης
1231 877 1288 939 ἦν
1315 881 1473 932 πολλός
1499 879 1586 925 ὑπό
1616 882 1777 923 παν-40

471 959 546 1013 τὸς
575 958 736 1017 ἀνδρὸς
764 960 837 1004 καὶ
873 959 1219 1017 προβαλλόμενος
1250 962 1324 1004 καὶ
1353 960 1623 1017 αἰνεόμενος·
1680 959 1722 1010 ἐς

470 1174 520 1220 οὔ
537 1176 629 1233 γοῖρ
652 1179 725 1232 δη,
753 1174 890 1233 τρόπῳ
907 1181 965 1233 τῷ
986 1194 1059 1219 πα-

413 1232 546 1290 ρεόντι
574 1252 610 1276 κ.
635 1250 668 1277 τ.
699 1234 759 1286 λ.]
798 1235 960 1273 Pertinet
979 1236 1014 1274 h.
1037 1236 1058 1273 l.

412 1294 461 1331 ad
481 1307 565 1341 eos,
601 1293 663 1330 ubi
691 1292 871 1331 sententia
888 1285 1061 1340 bausalis,

413 1361 509 1399 quae
525 1349 698 1399 postponi
717 1348 873 1386 debebat
886 1377 897 1397 ,
914 1353 1063 1386 senten-

413 1406 486 1442 tiae
503 1404 696 1455 primariae
724 1402 839 1455 (φέρε
860 1399 1061 1455 στήσωμεν

415 1475 452 1500 κ.
475 1475 507 1498 τ.
527 1461 591 1509 λ.)
630 1461 874 1511 praeponitur.
952 1460 1061 1497 Conf.

415 1529 527 1568 supra
545 1517 592 1553 ad
611 1516 647 1563 Ι,
679 1516 743 1558 24.
783 1516 895 1559 Quod
912 1529 1063 1554 monen-

415 1573 503 1611 dum
523 1573 731 1619 videbatur,
767 1584 814 1608 ne
839 1572 919 1621 quis
948 1573 1064 1610 offen-

416 1629 521 1667 deret
538 1629 574 1664 in
598 1627 773 1678 particula
792 1624 866 1679 γαρ
880 1629 979 1667 initio
999 1629 1063 1666 hu-

416 1685 473 1721 ius
492 1684 694 1722 sententiae
716 1684 847 1734 posita.

473 1738 593 1791 φέρε,
613 1735 817 1791 στήσωμεν
839 1737 974 1790 ἡμέων
995 1735 1064 1778 αὕ-

416 1797 496 1835 τῶν
535 1794 720 1847 βασιλέα]
777 1795 1067 1834 Valckenariana

417 1852 691 1891 emendatione:
740 1846 945 1902 στήσωμεν
976 1852 1029 1892 ἕν
1043 1867 1067 1892 α

415 1905 551 1960 ἡμέων
581 1903 712 1947 αὐτῶν
740 1906 901 1958 βασιλέα
928 1908 986 1957 (ut
1004 1908 1067 1958 111,

417 1965 483 2006 25.
502 1966 566 2006 80.
585 1963 658 2013 85)
680 1963 826 2002 minime
843 1978 947 2016 opuS.
988 1964 1069 2004 Nec

416 2020 497 2058 libri
522 2021 655 2058 iuvant.

472 2075 541 2115 καὶ
564 2072 676 2115 αὐτοὶ
695 2072 794 2126 πρός
815 2074 907 2129 ἔργα
927 2072 1065 2128 ’τρεψό-

418 2131 548 2184 μεθα]
577 2132 697 2181 Vulgo
723 2131 814 2185 ἔργα
846 2133 895 2170 ad
924 2135 1066 2182 quaevis

419 2188 605 2228 Medorum
622 2190 764 2238 negotia
783 2192 815 2225 et
836 2202 937 2239 opera
957 2202 987 2225 s.
1011 2202 1066 2226 oc-

419 2248 621 2295 cupationes
639 2245 761 2282 solitas
779 2246 948 2283 referunt.
968 2243 1065 2282 Nam

418 2299 519 2353 πρός
545 2315 574 2339 s.
592 2300 657 2341 ἐπὶ
676 2298 723 2340 τὰ
744 2299 836 2354 ἔργα
851 2299 1066 2352 τρέπεσθαι

420 2359 591 2407 frequens
622 2358 798 2405 occurrit,
826 2358 887 2394 ubi
914 2362 989 2394 est:
1020 2357 1067 2394 ad

419 2417 561 2462 negotia
586 2414 727 2453 reverti.
785 2413 868 2451 Vid.
898 2413 1068 2462 Wytteu-

421 2471 524 2507 bach.
543 2470 663 2521 Epist.
687 2470 796 2508 critic.
818 2483 903 2520 pag.
925 2473 992 2517 12,
1007 2469 1068 2506 ubi

421 2526 534 2563 nostri
557 2526 624 2564 loci
644 2539 719 2563 non
735 2526 867 2563 oblitus
878 2526 955 2563 suit.
973 2526 1068 2563 Add.

422 2581 532 2618 Beck.
554 2582 602 2618 ad
622 2580 807 2632 Aristoph.
835 2580 923 2619 Avv.
947 2582 1067 2627 1450,

424 2649 470 2673 ne
490 2637 603 2686 plura.
659 2638 864 2675 Larcherus
886 2651 970 2675 vero
990 2639 1072 2674 stri-

426 2691 527 2728 ctiori
549 2705 657 2730 sensu
677 2693 769 2745 ἔργα
787 2695 835 2732 de
854 2707 948 2744 opere
964 2696 1073 2731 rusti-

428 2759 468 2782 co
485 2747 636 2797 intelligi
652 2750 727 2786 vult
756 2751 856 2797 (,‚ut
881 2752 993 2800 quiete
1012 2764 1071 2787 720-

429 2802 481 2840 bis
500 2803 602 2840 liceat
621 2818 726 2852 agros
748 2806 922 2855 colere“)‚
951 2812 991 2843 ut
1012 2817 1072 2843 su-

431 2871 497 2910 pra
525 2859 563 2906 l,
593 2863 658 2901 36.
722 2862 797 2899 sed
828 2864 874 2900 ab
902 2864 971 2901 hoc
994 2861 1071 2900 loco

1126 1180 1281 1219 alienum
1302 1183 1489 1230 putamus,
1519 1193 1600 1218 cum
1629 1179 1665 1217 in
1692 1179 1779 1216 solis

1127 1238 1225 1285 agris
1247 1236 1409 1273 colendis
1427 1236 1559 1274 Medos
1586 1241 1780 1287 occupatos

1128 1293 1239 1332 fuisse
1260 1292 1406 1331 minime
1425 1293 1472 1330 sit
1485 1292 1684 1343 probabile.

1306 1376 1338 1413 C
1348 1390 1416 1428 ap.
1447 1376 1613 1414 XCVIII.

1185 1454 1338 1500 Αὐτίκα
1377 1457 1419 1500 δέ
1449 1458 1781 1511 προβαλλομένων

1128 1512 1185 1558 ’ὅν
1215 1531 1335 1555 τινα
1365 1513 1575 1567 στήσονται
1604 1514 1779 1567 βασιλέα]

1130 1572 1291 1612 Nimium
1330 1573 1387 1609 hic
1432 1573 1780 1611 Schellersliemiano

1132 1629 1222 1666 libro
1235 1630 1428 1667 indulsisse
1438 1630 1603 1667 videntur
1612 1628 1780 1677 Schwgh.

1133 1690 1170 1724 et
1185 1686 1303 1723 Gaisf.
1323 1686 1520 1723 scribentes
1550 1680 1602 1724 τό
1615 1700 1637 1724 ν
1662 1700 1683 1722 τ
1697 1699 1746 1723 ιν
1758 1699 1783 1722 α

1133 1755 1201 1792 pro
1223 1737 1271 1780 ὅν
1300 1756 1412 1788 τινα,
1448 1743 1548 1790 quod
1578 1742 1614 1777 in
1636 1741 1782 1790 reliquis

1133 1798 1231 1835 libris
1249 1798 1501 1848 manuscriptis
1525 1802 1561 1835 et
1580 1798 1686 1835 editis
1709 1796 1783 1833 vul-

1134 1867 1182 1903 go
1201 1858 1397 1904 comparet.
1445 1854 1610 1892 Retiuuit
1637 1865 1783 1903 quoque

1134 1910 1277 1957 Matar,
1309 1910 1487 1961 probante
1504 1911 1654 1958 Struve,
1675 1921 1782 1959 quem

1135 1967 1219 2005 vide
1240 1965 1425 2004 laudatum
1445 1968 1493 2004 ad
1512 1967 1549 2015 I,
1569 1969 1634 2008 90.
1693 1961 1781 2016 στή-

1137 2034 1273 2063 σονται
1303 2024 1462 2060 futurum
1494 2036 1537 2060 eo
1566 2036 1696 2069 sensu,
1735 2023 1782 2058 de

1137 2092 1210 2127 quo
1231 2092 1343 2128 supra
1362 2080 1495 2116 dictum
1517 2080 1563 2116 ad
1588 2079 1615 2126 1,
1635 2079 1699 2119 65.
1716 2080 1778 2118 11.

1133 2131 1207 2172 Tu
1225 2139 1342 2171 verte:
1380 2148 1557 2184 quenmam
1584 2146 1707 2183 regem
1725 2154 1780 2161 —

1133 2191 1202 2227 sibi
1218 2192 1373 2226 creaturi
1390 2192 1472 2227 s'e'nt.

1188 2239 1240 2297 ἦν
1255 2243 1395 2292 πολλὸς
1405 2268 1459 2274 —-—
1471 2242 1783 2296 προβαλλόμενος

1133 2301 1200 2340 καὶ
1214 2297 1468 2352 αἰνεόμενος]
1485 2303 1667 2352 Participii
1679 2315 1781 2339 usum

1135 2359 1170 2394 in
1190 2358 1244 2394 his
1267 2359 1482 2395 dictionibus
1506 2357 1642 2407 aliquot
1662 2372 1782 2395 exem-

1135 2413 1203 2464 plis
1241 2414 1361 2450 docuit
1399 2414 1527 2451 Matth.
1561 2414 1597 2465 ᾗ
1628 2415 1731 2462 554,
1758 2414 1781 2450 h

1135 2483 1170 2520 p.
1194 2471 1319 2518 1087,
1357 2471 1417 2507 ubi
1450 2471 1574 2508 itidem
1604 2475 1691 2521 post
1713 2484 1780 2509 πο-

1137 2523 1206 2572 λῦς
1239 2522 1340 2565 εἶναι
1381 2527 1608 2577 participium
1644 2527 1781 2564 inveni-

1138 2596 1238 2630 mus,
1267 2595 1341 2631 quo
1363 2583 1442 2632 ipso
1454 2584 1633 2620 sententia
1648 2583 1781 2634 prima-

1137 2639 1190 2675 1ia
1219 2639 1415 2677 accuratius
1455 2639 1647 2677 definiatur
1681 2643 1717 2677 et
1744 2639 1782 2675 iu

1137 2695 1287 2744 singulis
1306 2694 1508 2745 explicetur.
1548 2695 1685 2732 Latini:
1702 2695 1781 2745 fre-

1139 2764 1242 2800 quens
1264 2752 1308 2788 ab
1333 2765 1533 2801 unoquoque
1557 2753 1633 2789 viro
1656 2764 1780 2800 propo-

1137 2808 1281 2844 uebatur
1316 2811 1348 2844 et
1374 2807 1590 2845 laudabatur
1627 2807 1779 2844 Deioces.

1139 2863 1199 2900 ‘I'u
1217 2864 1309 2902 conf.
1331 2864 1417 2912 vll,
1442 2864 1530 2905 158.
1562 2864 1630 2911 lx,
1651 2865 1713 2904 91-
