1909 3228
313 1021 411 1065 108

139 1084 227 1112 l‘unit
262 1084 388 1112 fratrc1n
407 1095 415 1112 ι

140 1119 323 1152 captivorum
344 1128 415 1152 ope-

141 1160 175 1178 ra
193 1152 417 1187 trahitlapidefl

140 1185 279 1219 ingentes
298 1187 327 1212 in
347 1186 417 1213 Vul-

140 1219 206 1244 cani
225 1220 376 1254 templum,
387 1222 417 1246 et

141 1256 225 1278 secat
249 1254 416 1288 Aegyptuul

142 1285 241 1314 fossis.

474 194 556 233 722

930 190 1397 231 HERODOTI

473 300 546 344 καὶ
576 299 684 355 πρὸς
711 299 831 354 αὐτῷ
860 297 966 349 τούς
985 300 1168 351 παῖδας,
1197 304 1453 356 περινηῆσαι
1474 302 1636 354 ἔξωθεν
1658 303 1737 359 τὴν

445 380 623 433 Ξοίκίην
652 376 760 434 ὕλῃ·
791 376 1113 433 περινηήσαντα
1143 378 1214 431 δὲ,
1255 377 1524 436 ὑποπρῆσαι.
1584 380 1662 425 τὸν
1691 380 1737 425 δὲ

473 455 530 507 ὥς
559 461 718 512 μαθεῖν
746 459 897 508 τοῦτο,
930 456 1087 501 αὐτίκα
1110 457 1491 514 συμβουλεύεσθαι
1511 463 1564 516 τῇ
1585 476 1737 515 γυναι-

472 538 538 579 κί’

587 535 662 578 καὶ
700 535 784 591 γὰρ
826 534 878 592 δή
918 536 992 579 καὶ
1028 535 1108 593 τὴν
1136 542 1323 593 γυναῖκα
1354 537 1491 581 αὐτόν
1520 538 1608 594 ἅμα
1639 538 1737 595 ἄγε-

440 621 592 659 Βσθαι.
624 613 704 670 τήν
734 616 779 658 δέ
809 617 851 658 οἱ
880 619 1228 672 συμβουλεῦσαι,
1259 621 1345 660 τῶν
1374 619 1544 661 παίδων
1574 616 1738 661 ἐόντων

467 695 536 746 ἓξ,
564 693 667 744 τούς
698 693 779 737 δύο
811 695 879 737 ἐπὶ
907 693 987 750 τήν
1008 697 1153 752 πυρὴν
1176 696 1449 748 ἐκτείναντα,
1483 701 1739 753 γεφυρῶσαι
1752 706 1795 737 &O

469 772 518 817 τὸ
549 771 807 829 καιόμενον,
853 774 1014 827 αὐτούς
1045 774 1086 819 δ’
1122 774 1194 819 ἐπ’
1226 777 1404 819 ἐκείνων
1434 778 1739 833 ἐπιβαίνοντας

443 844 751 905 4ἐκσιόζεσθαι.
785 856 921 896 ταῦτα
950 859 1132 910 ποιῆσαι
1160 854 1239 898 τὸν
1259 856 1531 909 Σέσωστριν·
1562 857 1634 900 καὶ
1655 854 1736 899 δύο

471 933 550 987 μἐν
579 935 666 974 τῶν
694 933 865 975 παίδων
896 937 1165 990 κατακαῆναι
1195 934 1346 994 τρόπῳ
1376 935 1584 995 τοιούτῳ·
1633 935 1738 986 τους

470 1010 515 1054 δὲ
545 1010 729 1062 λοιπούς
761 1010 1049 1068 ἀποσωθῆναι
1086 1013 1176 1069 ἅμα
1215 1018 1275 1073 τῷ
1304 1017 1448 1069 πατρί.
1508 1014 1738 1071 Νοστήσας
1751 1022 1794 1055 85

413 1434 512 1470 biad.
538 1446 574 1482 p.
601 1435 706 1480 216,
746 1436 782 1470 et
809 1434 894 1471 add.
924 1435 1068 1473 Herod.

414 1490 478 1536 IV,
501 1489 592 1530 154.
623 1489 693 1535 Vl,
712 1490 778 1530 35.
810 1490 895 1537 Vll,
917 1494 969 1532 29
999 1497 1066 1529 etc.

413 1546 585 1582 Invitarat
603 1545 735 1582 scilicet
756 1546 865 1583 frater
884 1548 1068 1585 Sesostrin

415 1602 462 1639 ad
482 1603 612 1638 festum
637 1602 819 1639 redeuntis
841 1604 875 1638 in
892 1604 1067 1641 honorem

413 1658 639 1704 institutum,
660 1659 762 1706 quasi
783 1659 959 1708 hospitale
978 1674 1069 1710 epu-

413 1713 508 1760 lum,
537 1726 610 1762 quo
636 1714 798 1763 hospites
819 1716 926 1764 vulgo
952 1717 1068 1767 excipi

415 1769 543 1806 solent.
574 1770 670 1806 Hinc
688 1770 874 1807 Diodorus
898 1771 918 1807 l.
942 1772 963 1808 l.
980 1773 1067 1809 sim-

413 1825 573 1875 pliciter:
605 1823 743 1864 ἕστιῶν
767 1822 885 1866 αὐτὸν
909 1826 932 1868 ό
959 1823 1068 1867 0265st-

415 1878 489 1931 φὸς
508 1896 542 1919 κ.
564 1896 595 1919 τ.
618 1884 649 1919 λ.

469 1940 709 1988 περινηῆσαι
733 1937 884 1986 ἔξωθεν
910 1937 984 1991 τήν
1013 1940 1067 1980 οἶ-

411 1993 506 2045 κίην
522 1991 624 2049 ὕλῃ]
655 1995 714 2032 De
732 1996 813 2045 ipso
830 1998 941 2034 verbo
958 2012 1066 2049 περι-

411 2053 562 2101 νηῆσαι
594 2052 687 2088 conf.
721 2052 769 2088 ad
803 2052 838 2100 Ι,
868 2054 920 2094 50
949 2059 1067 2100 nott.;

412 2108 458 2144 de
480 2111 658 2145 structura
677 2108 754 2145 eius
777 2111 870 2147 conf.
890 2109 1067 2148 Matthiae

413 2163 479 2200 Gr.
499 2164 564 2201 Gr.
588 2176 674 2214 pag.
694 2162 790 2206 754.

468 2216 535 2259 τὸν
566 2218 608 2259 δὲ
640 2218 695 2266 ὥς
724 2220 893 2272 μαθεῖν]
931 2219 996 2262 τὸν
1025 2219 1067 2261 δὲ

411 2275 460 2312 ad
503 2277 679 2314 Sesostrin
708 2279 820 2325 refer,
861 2279 921 2327 qui
936 2307 946 2326 ,
986 2292 1067 2316 cum

414 2332 563 2370 insidias
581 2347 602 2371 a
622 2335 733 2371 fratre
754 2339 907 2372 structas
927 2336 1067 2373 intelle-

412 2389 546 2437 xisset,
566 2403 645 2427 cum
667 2391 800 2427 femina
822 2393 869 2429 de
888 2392 1067 2441 effugien-

414 2446 462 2481 do
483 2446 641 2496 periculo
664 2447 811 2484 consilia
835 2449 992 2497 agitarit,
1021 2449 1063 2486 In

412 2514 484 2550 quo
525 2503 673 2540 adverte
710 2504 780 2540 vim
819 2504 928 2542 medii
967 2506 1064 2542 verbi

415 2559 638 2609 συμβουλ
651 2554 704 2597 ευ’
717 2574 732 2598 ε
747 2564 807 2599 σθ
820 2576 867 2600 αι
898 2562 1066 2609 (consilia

413 2616 554 2662 agitare
572 2644 582 2662 ‚
620 2615 838 2667 deliberare)
887 2622 923 2655 et
960 2619 1065 2655 activi

417 2669 802 2722 συμβουλεύειν
854 2674 1065 2722 (consilium

415 2725 514 2773 dare,
544 2729 746 2778 consulere).

474 2780 566 2829 τούς
602 2781 677 2824 δύο
715 2784 781 2825 ἐπὶ
824 2783 899 2837 τήν
929 2783 1066 2838 πυρήν

416 2836 663 2891 ἐκτείναντα]
691 2843 712 2879 i.
742 2856 774 2880 e.
804 2843 936 2880 duobus
963 2857 1065 2895 super

472 1090 517 1133 δὲ
548 1089 571 1133 ὁ
611 1090 857 1146 Σέσωστρις
898 1091 941 1142 ἐς
977 1091 1056 1148 τὴν
1095 1094 1342 1148 Αἴγυπτον,
1400 1095 1474 1137 καὶ
1511 1093 1738 1150 τισάμενος

473 1168 551 1212 τόν
581 1167 821 1225 ἀδελφεὸν,
867 1175 929 1229 τῷ
958 1173 1036 1228 μὲν
1065 1172 1201 1230 ὁμίλῳ
1232 1172 1310 1216 τόν
1349 1172 1610 1229 ἐπηγαγετο,
1651 1176 1739 1216 τῶν

471 1247 548 1299 τοὶς
575 1248 717 1304 χώρας
747 1250 1091 1307 κατεστρέψατο,
1126 1251 1267 1310 τούτῳ
1296 1252 1374 1309 μὲν
1399 1252 1500 1297 τάδε
1518 1251 1738 1309 ἐχρήσατο.

1130 1450 1259 1487 pyram
1295 1440 1470 1484 extensis,
1509 1441 1646 1487 pontem
1690 1437 1795 1485 qnasi

1136 1498 1267 1531 struere
1283 1508 1384 1543 snper
1407 1497 1589 1530 materiam
1609 1492 1793 1530 ardentem.

1136 1550 1194 1587 De
1214 1563 1286 1599 quo
1310 1556 1406 1588 tacet
1429 1551 1632 1596 Diodorus,
1655 1549 1715 1598 qui
1734 1562 1792 1585 re-

1137 1620 1221 1655 gem
1251 1612 1394 1653 narrat,
1435 1620 1501 1656 pro
1535 1606 1650 1643 salute
1673 1605 1793 1642 uxoris

1137 1668 1173 1700 et
1202 1663 1355 1699 filiorum
1384 1669 1468 1699 vota
1496 1663 1562 1699 diis
1595 1663 1794 1712 suscipiem-

1136 1724 1230 1765 tem,
1252 1721 1302 1755 ita
1323 1720 1494 1765 evasisse,
1516 1719 1674 1767 indeque
1687 1719 1793 1756 etiam

1136 1780 1266 1825 postea
1288 1775 1376 1812 deos
1402 1781 1478 1811 tum
1506 1775 1685 1823 reliquos,
1717 1779 1793 1811 tum

1136 1831 1338 1868 Vulcanum
1375 1831 1557 1881 inprimis,
1597 1835 1636 1867 ut
1668 1843 1691 1867 a
1721 1842 1794 1879 quo

1134 1888 1365 1937 potissimum
1400 1888 1471 1924 iam
1506 1887 1692 1938 inopinato
1719 1899 1795 1923 ser-

1135 1949 1240 1981 vatus
1283 1945 1440 1992 fuisset,
1479 1944 1639 1982 donariis
1678 1943 1794 1980 hono-

1134 2014 1248 2039 rasse.

1331 2113 1361 2150 C
1373 2126 1439 2163 ap.
1471 2112 1602 2150 CVIII.

1191 2200 1272 2236 τῶν
1294 2194 1363 2243 τὰς
1383 2192 1512 2247 χώρας
1531 2193 1792 2246 κατεστρέψα-

1135 2252 1202 2303 το]
1235 2255 1336 2291 Haec
1355 2254 1464 2289 verba
1490 2252 1734 2301 IVesseliugio
1755 2256 1791 2289 et

1135 2309 1375 2347 Valckenario
1392 2323 1435 2345 ex
1466 2322 1543 2358 cap.
1561 2310 1790 2346 antecedent.

1134 2367 1235 2402 initio
1260 2367 1328 2404 huc
1349 2379 1369 2403 a
1398 2366 1532 2403 lectore
1557 2366 1712 2415 repetita
1741 2365 1792 2401 vi·-

1136 2423 1278 2460 deutur.
1316 2424 1392 2460 Sed
1414 2427 1670 2472 praeterquam
1691 2422 1791 2470 quod

1133 2479 1241 2516 codd.
1255 2492 1380 2517 omues
1392 2479 1481 2515 haec
1498 2479 1609 2515 verba
1628 2478 1696 2515 hoc
1711 2477 1790 2514 loco

1133 2536 1326 2582 exhibent,
1364 2536 1483 2572 obstat
1504 2547 1651 2584 quoque
1669 2534 1793 2571 Hero-

1132 2593 1209 2628 doti
1233 2594 1348 2629 oratio
1367 2592 1551 2642 copiosior
1569 2596 1682 2640 atque
1703 2591 1793 2628 ube-

1135 2661 1217 2685 nor.

1189 2727 1318 2784 τούτῳ
1340 2729 1412 2781 μὲν
1439 2726 1530 2770 τάό
1544 2745 1560 2769 ε
1582 2726 1786 2781 ἐχρήσατο]

1134 2788 1242 2825 Conf.
1263 2788 1292 2826 u
1306 2818 1315 2835 ,
1336 2788 1388 2829 95
1419 2788 1504 2837 ibiq.
1525 2792 1615 2824 nott.
1645 2809 1702 2814 ——
1729 2786 1788 2823 Ad

1133 2849 1386 2894 argumentum
1408 2846 1502 2882 conf.
1514 2844 1667 2882 Diodor.
1679 2843 1707 2891 1,
1719 2842 1784 2884 56.
