1877 3223
409 208 465 246 24
807 203 1273 242 HERODOTI

389 317 540 355 Ξναῖκα
578 312 740 356 πολλόν
786 312 960 356 πασέων
1004 313 1246 368 καλλίστην.
1294 312 1351 363 ὥς
1385 328 1430 356 τε
1467 311 1513 354 δὲ
1550 315 1685 355 ταῦτα
1750 335 1753 338 -

411 393 612 446 νομίζων·
651 386 707 447 ἦν
743 390 825 447 γάρ
862 393 905 435 οἱ
940 394 1028 434 τῶν
1065 390 1346 447 αἰχμοφόρων
1375 388 1516 445 Γύγης
1547 388 1570 434 ὁ
1599 394 1686 433 Δα-
1731 386 1756 427 5

413 468 577 513 σκύλου
609 467 896 524 ἀρεσκόμενος
924 468 1124 525 μάλιστα·
1162 467 1302 527 τούτῳ
1347 471 1406 526 τῷ
1447 468 1569 525 Γύγῃ
1611 469 1686 513 καὶ

412 549 464 591 τὰ
513 547 851 601 σπουδαιέστερα
897 553 984 591 τῶν
1032 546 1289 604 πρηγμάτων
1335 546 1611 600 ὑπερετίθετο
1661 547 1732 592 (520

414 626 685 683 Κανδαύλης,
716 627 789 670 καὶ
827 625 879 681 δὴ
909 626 982 669 καὶ
1008 625 1057 670 τὸ
1089 624 1202 677 εἶδος
1229 629 1301 682 τῆς
1328 623 1535 683 γυναικὸς
1560 623 1687 681 ὑπερ-

371 822 453 858 tatis
474 834 554 858 esse
573 834 716 866 nomen,
745 822 845 871 quod
865 834 925 859 rex
946 822 1014 858 sibi

370 877 600 925 assumserit,
659 878 728 915 alia
771 877 1014 915 huiuscemodi

369 934 468 984 apud
511 933 598 972 alias
645 934 809 971 nationes
855 933 1017 983 exempla

369 988 563 1027 declarant.
632 991 742 1033 Quod
787 1003 872 1026 vero
918 989 1017 1039 apud

370 1046 547 1083 Tzetzem
579 1046 671 1083 Chil.
694 1046 743 1083 vl
771 1046 868 1082 Hist.
887 1045 940 1086 54
967 1045 1018 1082 le-

369 1103 486 1151 gimus
523 1098 565 1141 τὸ
593 1100 635 1140 δὲ
667 1098 907 1151 Κανδαύλης
947 1097 1018 1140 τόν

370 1158 658 1208 σκυλοπνίκτην
679 1159 799 1207 (quod
817 1158 925 1206 vulgo
939 1170 1019 1195 ver-

369 1218 448 1251 tunt
472 1214 562 1263 pelle
578 1215 856 1264 praefocatum),
878 1215 915 1250 id
931 1214 1019 1251 scite

371 1271 542 1308 emendat
561 1270 655 1307 idem
678 1271 731 1307 xii·
749 1272 896 1307 doctus:
929 1282 1019 1308 σκυ-

371 1324 587 1376 λοκλέπτην
613 1327 635 1362 i.
660 1340 690 1364 e.
720 1327 833 1376 spolia
853 1325 1017 1376 auferen-

373 1387 441 1420 tem
471 1383 591 1430 (quod
620 1383 762 1431 utrique
797 1387 833 1420 et
872 1381 1021 1419 Herculi

373 1443 410 1477 et
455 1437 634 1474 Mercurio
686 1439 774 1474 satis
821 1438 1022 1484 conveniat,

373 1507 453 1532 cum
486 1493 576 1531 alter
612 1494 761 1540 virtute,
811 1493 900 1531 alter
939 1493 1023 1530 dolo

373 1549 493 1600 spolia
523 1551 680 1597 auferat)
719 1554 781 1586 aut
819 1545 1022 1588 σκυλοπύ-

372 1621 470 1656 κτην
496 1606 518 1642 i.
536 1620 567 1642 e.
585 1611 823 1655 pugnantem,
851 1606 938 1655 pelle
959 1606 1025 1642 leo-

372 1664 457 1699 nina
478 1662 648 1699 inclutum.
673 1658 907 1709 Κάνδαυλος
919 1676 1024 1714 prae-

374 1725 473 1756 tcrea
509 1731 567 1768 ap.
605 1718 735 1756 Athen.
765 1719 834 1756 >dl
864 1733 900 1770 p.
932 1719 1024 1760 516.

373 1788 410 1825 p.
433 1774 514 1815 418
547 1775 605 1812 ed.
636 1775 838 1824 Schweigh.
873 1775 1026 1812 occurrit

375 1830 594 1867 condimenti
638 1832 715 1869 sive
764 1831 873 1870 edulii
910 1844 1027 1880 genus

375 1885 565 1934 Lydicum.
651 1887 711 1924 De
771 1901 844 1936 quo
905 1892 1027 1924 tamen

375 1942 481 1991 plura
520 1955 594 1978 non
633 1947 812 1980 constant.
854 1943 936 1980 Vid.
972 1944 1029 1980 la-

376 1997 518 2035 blonsk.
545 1997 567 2034 l.
588 1997 609 2033 l.
630 2011 665 2047 p.
689 2000 754 2039 86.

430 2105 485 2154 ὥς
514 2122 552 2146 τε
594 2106 637 2147 δὲ
676 2111 799 2148 ταῦτα
835 2110 1023 2162 νομίζων]

375 2164 491 2203 Valde
530 2166 729 2202 notandum
764 2171 800 2204 et
836 2167 892 2204 hic
927 2172 964 2205 et
992 2168 1029 2204 in

376 2221 610 2270 sequentibus
650 2222 801 2272 simplex
852 2227 888 2259 et
935 2223 1027 2260 anti-

376 2290 485 2326 quum
537 2277 678 2313 dicendi
732 2291 872 2326 gerrus,
926 2280 1026 2328 quod

377 2333 444 2369 sibi
470 2332 588 2383 placet
618 2335 764 2382 saepius
795 2335 889 2371 idem
920 2348 1025 2384 repe-

378 2393 478 2435 tens,
524 2401 592 2426 nec
635 2402 798 2426 severam
853 2390 1024 2427 orationis

378 2456 538 2481 normam
568 2457 706 2481 curans,
772 2447 870 2483 Hinc
911 2447 1025 2497 expli-

379 2501 493 2537 canda
511 2513 655 2549 quoque
683 2501 718 2536 iu
743 2514 826 2550 sqq.
852 2503 1025 2551 particula

378 2553 474 2608 γὰρ,
505 2569 577 2605 qua
603 2557 776 2593 rationem
807 2559 1023 2596 anteceden-

379 2614 465 2649 tium
474 2613 743 2661 quodammodo
758 2615 876 2651 reddit
889 2619 1024 2661 auctor,

379 2669 495 2706 miuus
534 2668 593 2704 illa
629 2669 774 2717 quidem
811 2672 1025 2717 necessaria,

379 2726 444 2763 sed
474 2738 567 2774 quae
594 2738 666 2761 non
701 2725 778 2763 sine
815 2727 847 2762 vi
868 2728 1023 2775 quadam

379 2782 428 2818 ad
453 2781 519 2818 loci
555 2787 804 2829 argumentum
839 2783 1026 2819 declaran-

381 2838 466 2875 dum
481 2839 650 2889 apposita
662 2842 728 2876 est.
758 2838 793 2876 Τ
796 2852 817 2876 u
834 2840 879 2876 cs.
895 2838 1026 2878 Matth.

1084 823 1148 857 Gr.
1178 821 1243 858 Gr.
1277 819 1313 872 ἓ.
1350 822 1444 868 613,
1470 820 1537 858 Vll
1571 833 1608 870 p.
1636 822 1732 862 906.

1083 877 1190 914 Plura
1222 878 1269 914 ad
1299 878 1437 915 Herod.
1470 877 1506 924 Ι,
1541 876 1605 918 24·
1652 875 1733 918 124

1083 933 1162 970 coll.
1200 934 1272 979 Ill,
1312 937 1403 974 121.
1443 934 1604 982 Egregie
1633 945 1733 980 vero,

1083 993 1123 1025 ut
1149 993 1205 1025 tot
1231 989 1322 1037 alia,
1351 990 1445 1026 hunc
1471 990 1588 1026 locum
1605 1001 1735 1027 verna-

1085 1044 1164 1081 culo
1191 1058 1356 1082 sermone
1388 1046 1566 1094 expressit
1583 1045 1737 1094 Lange,

1085 1101 1183 1137 cuius
1231 1102 1433 1138 versionem
1481 1101 1737 1148 adscriberem,

1085 1157 1155 1194 uisi
1183 1157 1349 1194 brexitati
1388 1156 1649 1194 consulendum
1679 1169 1738 1195 es-

1087 1218 1153 1250 set.

1146 1264 1277 1320 Γύγης
1324 1267 1348 1308 ὁ
1387 1264 1624 1318 Δασκύλου]
1676 1268 1737 1307 De

1087 1326 1237 1362 historia
1279 1326 1354 1362 eius
1399 1325 1518 1374 Gygis
1557 1326 1739 1374 variisque

1088 1386 1174 1418 vett.
1212 1382 1258 1418 de
1302 1394 1344 1418 eo
1375 1381 1629 1418 traditionibus
1664 1382 1737 1419 vid.

1089 1438 1183 1474 iufra
1203 1438 1250 1473 ad
1270 1450 1299 1473 c.
1323 1441 1384 1478 12.
1414 1438 1472 1475 De
1494 1439 1574 1487 ipso
1593 1438 1740 1476 nomine

1093 1493 1157 1530 Cr.
1195 1494 1406 1543 adscripsit:
1465 1494 1657 1541 ‚,Dracon.
1692 1494 1741 1532 de

1090 1550 1213 1587 metris
1245 1563 1281 1599 p.
1310 1552 1376 1591 33.
1406 1553 1484 1590 117
1520 1550 1577 1587 ed.
1613 1551 1740 1588 Herm.

1093 1612 1129 1643 et
1149 1606 1303 1644 Bentlei.
1325 1607 1373 1643 ad
1399 1607 1491 1643 flor.
1515 1607 1673 1644 Carmm.
1694 1606 1742 1654 ll,

1096 1666 1170 1708 17,
1201 1662 1291 1702 14-ιι

1149 1714 1274 1771 τούτῳ
1297 1721 1351 1768 τῷ
1370 1713 1583 1772 Γύγῃ-ὅ
1598 1716 1741 1768 Κανᾶ]

1094 1776 1116 1811 i.
1147 1787 1178 1811 e.
1207 1775 1287 1811 huic
1315 1777 1415 1826 Gygi
1440 1788 1493 1811 res
1522 1777 1627 1812 etiam
1653 1787 1743 1823 gra-

1093 1834 1256 1869 vissimas
1288 1832 1507 1880 permittebat
1547 1830 1745 1868 Candaules

1096 1902 1126 1924 s.
1167 1901 1243 1924 cum
1277 1888 1376 1924 hocce
1415 1889 1518 1938 Gyge
1554 1901 1608 1924 res
1638 1890 1746 1925 etiam

1096 1946 1326 1992 grauissimas
1348 1945 1632 1982 communicabat.
1686 1941 1747 1982 ‘Y-

1096 2000 1450 2051 περτίθεσθαί
1496 2001 1575 2040 τινί
1601 2015 1638 2038 τι
1668 2013 1746 2038 cum

1096 2056 1216 2106 aliquo
1233 2057 1356 2107 aliqua
1372 2057 1413 2094 (le
1428 2071 1462 2095 re
1483 2058 1744 2103 communicare,

1098 2113 1253 2163 conferre
1283 2113 1331 2150 ad
1361 2114 1534 2162 aliquem,
1573 2112 1745 2150 consulere

1096 2170 1271 2218 aliquem,
1311 2169 1489 2207 invenitur
1531 2181 1677 2219 quoque
1713 2169 1744 2216 I,

1097 2228 1189 2266 107.
1225 2226 1302 2265 108
1333 2223 1410 2261 aliis
1431 2225 1538 2273 locis,
1568 2238 1660 2274 quos
1690 2225 1745 2262 in-

1094 2281 1227 2317 dicabit
1255 2280 1345 2317 Lex.
1367 2282 1510 2320 Herod.
1538 2281 1742 2332 Schweigh.

1093 2358 1147 2363 —-
1176 2337 1280 2379 Quae
1309 2341 1508 2386 sequuntur
1537 2339 1669 2386 verba,
1699 2351 1744 2376 ea

1093 2392 1211 2429 malim
1252 2400 1402 2442 propter
1437 2394 1665 2444 participium
1694 2395 1745 2432 sic

1093 2448 1288 2498 explicare:
1330 2453 1361 2485 et
1393 2462 1472 2486 vero
1508 2453 1613 2487 etiam
1638 2452 1678 2487 in
1706 2463 1744 2487 eo

1094 2508 1165 2549 (sc.
1189 2504 1336 2540 multum
1356 2506 1403 2542 illi
1423 2507 1634 2555 tribuebat),
1655 2506 1744 2557 quod

1091 2563 1212 2597 uson's
1243 2574 1327 2597 suae
1352 2562 1508 2612 formam
1539 2576 1648 2613 supra
1669 2577 1741 2601 mo-

1092 2617 1172 2653 dum
1203 2618 1341 2653 extulit.
1380 2620 1438 2657 De
1468 2620 1523 2656 his
1554 2633 1603 2657 sc.
1634 2621 1743 2658 rebus

1092 2686 1169 2710 cuin
1202 2688 1244 2711 eo
1267 2675 1374 2711 verba
1402 2676 1559 2723 faciens,
1589 2676 1637 2714 de
1662 2677 1741 2726 qui-

1093 2730 1161 2766 bus
1186 2730 1241 2766 vix
1264 2744 1343 2767 cum
1363 2731 1434 2768 alio
1460 2733 1645 2782 quopiam,
1671 2733 1741 2770 nisi

1094 2799 1173 2822 cum
1193 2786 1316 2823 intimo
1336 2791 1446 2837 atque
1462 2789 1740 2826 familiarissimo

1094 2843 1205 2880 amico
1232 2856 1355 2893 regem
1381 2844 1534 2895 colloqui
1556 2858 1623 2897 par
1651 2848 1740 2884 erat.
