1909 3228
469 233 555 274 498

863 228 1335 270 HERODOTI

473 341 616 394 ὥσπερ
648 353 695 394 γε
722 335 776 381 τὰ
804 337 902 391 περὶ
919 335 1053 381 Ἴλιον
1079 336 1152 381 καὶ
1176 339 1468 395 Τευθρανίην,
1497 340 1570 384 καὶ
1587 338 1719 396 Ἐφε-

471 418 551 463 σόν
580 432 623 461 τε
651 415 725 459 καὶ
751 414 1019 469 Μαιάνδρου
1050 417 1219 459 πεδίον·
1275 413 1383 460 ὥστε
1412 415 1523 460 εἶναι
1555 418 1717 474 σμικροὶ
1729 426 1777 460 50

442 501 608 541 3ταῦτα
636 493 857 550 μεγάλοισι
887 494 1154 551 συμβαλέειν.
1186 498 1274 537 τῶν
1301 494 1385 550 γὰρ
1406 499 1542 538 ταῦτα
1561 496 1612 540 τά
1636 514 1720 552 χω-

470 577 544 630 ρία
580 574 928 629 προσχωσάντων
969 577 1199 628 ποταμῶν,
1258 573 1319 616 ἑνὶ
1368 577 1454 616 τῶν
1500 573 1723 630 στομάτων

469 657 548 697 τοῦ
585 654 770 701 Νείλου,
830 653 978 704 ἐόντος
1017 652 1335 708 πενταστόμου,

1394 651 1536 703 οὐδεὶς
1576 651 1721 697 αὐτῶν

440 730 657 788 4πλὴθεος
685 732 782 786 πέρι
822 731 939 783 ἄξιος
979 734 1281 787 συμβληθῆναι
1310 732 1411 775 ἐστί.
1467 732 1545 775 εἰσὶ
1577 732 1621 775 δὲ
1649 733 1723 775 καὶ

471 809 596 853 ἄλλοι
624 810 810 865 ποταμοὶ
840 809 894 854 οὐ
920 810 1028 854 κατὰ
1055 810 1133 853 τόν
1155 814 1316 854 Νεῖλον
1345 808 1487 860 ἐόντες
1517 809 1721 865 μεγάθεα,

471 890 518 931 οἴ
540 905 652 939 τινες
681 889 783 945 ἔργα
821 887 1132 944 ἀποδεξάμενοι
1172 887 1334 945 μεγάλα
1365 891 1461 932 εἰσί·
1519 893 1608 932 τῶν
1637 886 1719 943 ἐγώ
1732 895 1777 930 55

470 966 635 1023 φράσαι
664 967 744 1023 ἔχω
776 965 1020 1022 οὐνόματα,
1051 968 1123 1010 καὶ
1154 967 1320 1021 ἄλλων,
1350 969 1423 1011 καὶ
1453 966 1534 1011 οὐκ
1563 967 1722 1024 ’ἥκιστα

464 1043 692 1102 Ἀχελάου·
745 1045 793 1097 ὃς
832 1045 943 1102 ῥέων
980 1045 1041 1090 δι’
1084 1044 1388 1102 Ἀκαρνανίης,
1430 1047 1504 1090 καὶ
1532 1045 1650 1099 ἐξιεὶς
1680 1046 1723 1097 ἐς

466 1122 720 1177 θάλασσαν,
755 1128 843 1168 τῶν
867 1123 1106 1181 Ἐχινάδων
1133 1124 1282 1182 νήσων
1322 1125 1398 1177 τοὶς
1427 1124 1604 1182 ἡμίσεας
1637 1124 1723 1182 ἤδη

412 1353 556 1393 Natron
575 1358 612 1393 et
642 1355 729 1393 celle
755 1355 803 1392 du
827 1356 945 1394 fleuve
972 1368 1056 1393 sans

413 1424 502 1458 eau,
531 1410 681 1460 d'apres
704 1411 737 1448 la
762 1412 1059 1449 reconnaissance

413 1471 479 1504 etc.
507 1478 575 1516 par
611 1465 644 1503 le
679 1466 826 1515 general
850 1467 1058 1517 Andre'vssy.

411 1521 552 1559 Extrait
568 1521 661 1559 dela
679 1523 816 1560 decade
828 1522 1060 1572 Egyptienne

412 1590 466 1615 nr.
487 1576 524 1618 4.
543 1576 656 1615 Heme
677 1577 758 1615 Vol.
777 1577 845 1616 An.
866 1579 962 1615 Vlll.

466 1629 608 1679 κόλπος
619 1629 836 1683 θαλάσσης]
859 1632 917 1681 „V
921 1635 969 1671 id.
984 1634 1059 1670 Eu-

414 1689 519 1727 statb.
531 1690 578 1726 ad
591 1690 725 1738 Odyss.
748 1690 810 1737 lv,
828 1690 908 1732 563
929 1704 964 1740 p.
980 1689 1057 1731 185

410 1745 496 1783 Bas.
513 1745 605 1781 infra
621 1745 743 1794 ibique
756 1745 916 1796 Apion.“
940 1746 1007 1782 Cr.

451 1802 522 1840 τοῦ
535 1800 695 1847 Νείλου,
708 1797 840 1847 ἐόντος
851 1795 1060 1840 πενταστό-

411 1855 509 1908 μου]
533 1853 802 1907 πενταστόμου
824 1857 950 1906 optimi
981 1855 1061 1905 qui-

411 1926 482 1962 que
516 1916 663 1949 tuentur
691 1913 812 1963 scripti
841 1912 930 1950 libri.
987 1912 1058 1949 Alii

411 1963 672 2019 ἕπταστόμου,
702 1969 801 2018 quod
821 1981 863 2006 ex
880 1967 1059 2006 communi

410 2030 570 2062 veterum
588 2025 757 2076 opinione
773 2025 819 2063 de
836 2030 974 2074 septem
987 2024 1057 2061 Ni-

410 2080 434 2118 li
453 2081 552 2117 ostiis
568 2087 686 2117 ortum
707 2094 787 2119 esse
805 2081 956 2118 videtur.
978 2080 1057 2118 He-

410 2137 559 2174 rodotus
580 2137 672 2174 enim
684 2166 694 2184 ‚
733 2137 794 2186 qui
814 2137 908 2174 infra
927 2136 981 2183 ΙΙ,
1007 2135 1056 2177 15

410 2193 569 2242 quinque
590 2197 729 2230 tantum
747 2192 824 2230 Nili
841 2194 932 2229 ostia
959 2205 1058 2229 com-

410 2252 604 2296 memorat,
633 2250 705 2286 duo
725 2248 787 2285 illa
805 2248 923 2286 omisit
951 2248 1056 2295 ostia,

409 2317 505 2354 quae
530 2304 713 2342 hominum
736 2308 813 2342 arte
834 2317 875 2342 ac
893 2305 1056 2342 manibus

409 2373 527 2410 neque
570 2365 699 2398 natura
736 2362 877 2398 fuerant
913 2360 1055 2407 effecta,

408 2415 627 2454 Bolbitinum
647 2429 689 2454 ac
705 2416 921 2454 Bucolicum.
961 2416 1057 2453 Hinc

410 2476 504 2509 recte
516 2472 679 2510 Eustath.
698 2473 745 2510 ad
763 2472 914 2521 Dionys.
935 2472 1057 2509 Perie-

409 2533 482 2575 get.
501 2531 581 2570 226
611 2528 656 2565 ab
675 2528 865 2566 Herodoto
885 2527 971 2566 Nilo
992 2527 1056 2564 tri-

409 2583 470 2620 bui
487 2585 646 2634 quinque
663 2588 801 2622 tantum
816 2585 908 2621 ostia
922 2583 1054 2631 scribit,

410 2636 559 2690 δηλαδὴ
582 2636 680 2678 κατά
712 2637 759 2679 τὰ
791 2637 940 2690 φυσικά
968 2635 1053 2678 στό-

411 2709 529 2742 ματα,
561 2693 613 2742 ὥς
635 2692 708 2735 δύο
731 2699 852 2736 τινῶν
878 2691 1055 2748 ὀρυκτῶν

411 2746 550 2788 ὅντων.
607 2752 711 2795 Quae
736 2754 862 2791 eadem
896 2753 1055 2802 quinque

409 2805 501 2841 ostia
521 2807 613 2843 infra
634 2808 678 2855 ll,
699 2811 750 2850 17
777 2809 940 2846 dicuntur
963 2808 1053 2847 ἰθα-

408 2858 519 2911 γενέα
538 2861 714 2912 στόματα.
741 2864 800 2902 Ad
810 2865 1052 2916 septenarium

1125 1367 1312 1393 numerum
1341 1353 1437 1392 haud
1467 1355 1540 1392 scio
1576 1367 1623 1392 an
1651 1355 1778 1405 religio

1127 1412 1233 1450 etiam
1270 1410 1429 1448 nonnihil
1466 1410 1638 1458 valuerit,
1682 1423 1778 1460 quae

1128 1471 1286 1504 sanctum
1328 1478 1436 1514 quam
1477 1466 1631 1504 maxime
1667 1466 1778 1505 voluit

1127 1523 1221 1560 hunc
1239 1534 1436 1558 numerum.

1184 1600 1318 1651 ου’δεὶς
1339 1599 1491 1656 αὐτῶν]
1527 1600 1659 1645 αὐτῶν
1690 1620 1777 1657 per-

1129 1662 1326 1712 spicuitatis
1364 1674 1471 1698 causa
1505 1662 1562 1699 hic
1598 1662 1776 1700 adiectum

1125 1719 1282 1768 pertinet
1315 1717 1363 1753 ad
1398 1718 1574 1765 genitivos
1615 1721 1694 1757 τῶν
1722 1739 1778 1747 -·

1124 1768 1439 1824 προσχωσάντων
1467 1775 1666 1824 ποταμῶν.

1183 1851 1232 1895 οὗ
1254 1853 1353 1895 κατά
1382 1853 1449 1896 τὸν
1472 1859 1620 1897 Νεῖλον
1647 1851 1779 1905 ἐόντες

1127 1908 1328 1964 μεγάθεα]
1363 1913 1421 1951 De
1442 1926 1508 1950 usu
1537 1914 1779 1966 praepositio-

1127 1969 1182 2005 nis
1202 1965 1300 2007 κατά
1321 1971 1414 2006 conf.
1434 1969 1462 2016 1,
1484 1972 1641 2011 12¹.—
1659 1966 1778 2022 μεγά-

1124 2028 1202 2063 θεα
1214 2026 1306 2063 bene
1315 2025 1468 2063 correxit
1477 2025 1696 2076 Wesseling.
1707 2039 1776 2077 pro

1123 2081 1218 2129 vulg.
1239 2076 1440 2133 μεγάθεες.
1485 2082 1664 2120 Sancrosti
1685 2082 1775 2120 liber

1125 2137 1266 2174 exhibet
1286 2135 1489 2187 μεγαθὲει,
1518 2139 1614 2175 unde
1636 2137 1774 2176 Sohae-

1123 2194 1187 2231 ser.
1208 2197 1244 2230 et
1263 2192 1431 2230 Larcher.
1449 2199 1688 2242 reposuerunt
1709 2207 1773 2244 με-

1123 2243 1257 2299 γάθεϊ,
1277 2261 1350 2298 quo
1370 2253 1489 2285 tamen
1509 2261 1599 2299 opus
1620 2262 1694 2287 non
1713 2263 1773 2287 es-

1124 2317 1164 2342 se
1183 2305 1276 2341 bene
1303 2308 1425 2341 monet
1445 2304 1645 2354 Schweigh.
1673 2318 1772 2343 com-

1122 2373 1254 2411 parans
1275 2359 1311 2406 I,
1342 2362 1435 2401 202.
1467 2359 1537 2407 ΙΙΙ,
1562 2363 1653 2403 102.
1679 2363 1771 2403 107.

1123 2437 1178 2443 —-
1217 2416 1322 2459 Quae
1353 2417 1398 2453 de
1423 2415 1620 2454 Echinadis
1648 2417 1772 2455 insulis

1122 2471 1260 2510 Noster
1279 2473 1400 2519 refert,
1429 2473 1672 2523 comparanda
1690 2477 1774 2510 sunt

1122 2541 1200 2565 cum
1228 2528 1292 2575 iis,
1340 2540 1434 2577 quae
1460 2528 1693 2577 Thucydides
1724 2528 1772 2577 11,

1124 2587 1205 2625 102
1231 2589 1267 2621 et
1286 2584 1406 2621 Strab.
1426 2583 1460 2621 X
1487 2597 1524 2634 p.
1552 2586 1658 2633 705,
1682 2585 1714 2622 B
1741 2597 1771 2622 s.

1121 2653 1159 2690 p.
1189 2640 1270 2681 459
1297 2642 1474 2688 referunt,
1503 2641 1633 2689 quibus
1659 2640 1772 2689 Angli

1122 2696 1218 2734 docti
1231 2697 1436 2734 recentioris
1447 2697 1689 2734 testimonium
1701 2696 1770 2734 ad·

1121 2752 1174 2789 dit
1194 2751 1363 2790 Larcher.
1396 2751 1460 2789 Cr.
1492 2753 1645 2791 conferri
1671 2753 1770 2789 iubet

1120 2808 1306 2859 Popponis
1335 2807 1505 2858 Prolegg.
1526 2809 1575 2847 ad
1603 2806 1767 2856 Thucyd.

1119 2865 1187 2902 vol.
1205 2864 1233 2912 l,
1255 2868 1282 2906 2
1299 2877 1385 2916 pag.
1405 2866 1500 2907 257.
