1909 3228
642 195 949 237 cL10.1.

1344 198 1428 238 449

172 323 253 365 φοι
280 303 447 351 αὐτέων
475 305 578 359 εἶσὶ,
623 303 784 361 χρόνον
812 305 976 350 πολλὸν
1006 306 1329 362 προσμένουσι,
1369 304 1425 349 οὐ

173 385 413 442 δυνάμεναι
449 384 527 428 τὸν
558 383 699 440 νόμον
738 384 969 441 ἐκπλῆσαι·

118 475 163 509 10
174 466 248 510 καὶ
276 463 500 520 τετραέτεα
528 464 789 520 μετεξέτεραι
816 464 979 519 χρόνον
1010 462 1205 520 μένουσι.

1027 385 1099 429 καὶ
1137 383 1222 440 γάρ
1261 383 1426 439 τριέτεα

1255 461 1482 520 Ἐνιαχῆ50

174 544 220 589 δὲ
250 544 323 588 καὶ
351 547 427 600 τῆς
456 542 643 599 Κύπρου
673 543 761 587 ἐστὶ
789 541 1088 599 παραπλήσιος
1116 541 1255 601 τούτῳ
1277 539 1423 598 νόμος.

49 629 148 674 200
174 622 322 679 Νόμοι
350 623 428 678 μὲν
458 622 510 679 δή
553 628 666 666 τοῖσι
700 624 1022 678 Βαβυλωνίοισι
1053 617 1176 665 οὗτοι
1204 621 1424 665 κατεστέα-

145 709 233 747 Ξσι.

289 703 391 746 Εἰσὶ
425 703 470 746 δὲ
502 699 648 746 αὐτῶν
683 701 859 756 πατριαὶ
897 707 1034 758 τρεῖς,
1083 705 1128 746 αἳ
1158 701 1288 745 οὐδὲν
1315 700 1420 744 ἄλλο

171 783 385 826 σιτέονται
414 783 450 825 εἰ
479 780 537 837 μή
567 783 693 836 ἰχθῦς
722 785 913 837 μοῦνον·
943 781 1048 832 τοὺς
1077 780 1167 824 ἐπεί
1195 796 1239 823 τε
1267 779 1321 823 ἂν
1350 785 1426 836 θη-

172 860 401 916 ρεύσαντες
459 858 655 917 αὐήνωσι
712 859 824 915 πρὸς
878 860 1032 918 ἥλιον,
1099 863 1271 903 ποιεῦσι
1310 858 1481 902 τάδε.55

141 939 434 998 3ἐσβοὲλλονσι
462 939 504 992 ἐς
536 938 699 996 ὅλμον,
727 940 800 984 καὶ
818 939 1046 997 λεήναντες
1067 937 1285 996 ὑπέροισι,
1317 942 1427 983 σῶσι

112 1171 242 1197 nexam
279 1158 436 1207 habent,
482 1159 558 1197 sive
594 1163 768 1197 staturam

113 1220 240 1265 aptam
287 1215 501 1264 iustamque.
568 1216 628 1254 Sic
673 1216 767 1253 infra

112 1271 211 1318 VIII,
234 1271 333 1312 105:
354 1273 491 1318 παῖδες
511 1271 634 1319 εἴδεος
644 1271 765 1321 ἐπαμ-

115 1326 227 1378 μένοι
245 1331 329 1364 sunt
336 1330 443 1377 pueri
465 1328 586 1378 forma
605 1342 632 1365 s.
655 1341 762 1365 venu-

113 1387 205 1420 state
223 1383 391 1433 praediti.
447 1383 628 1434 Explicuit
654 1384 765 1421 W'es-

112 1439 284 1488 selingius
302 1466 314 1486 ,
363 1440 413 1476 ita
457 1444 498 1476 ut
537 1441 765 1477 coniecturae

112 1493 336 1546 πεπαμέναι
345 1495 432 1546 (pro
449 1494 687 1546 ἐπαμμέναι)
707 1495 764 1532 ni-

112 1551 162 1590 hil
192 1552 238 1588 sit
263 1565 367 1602 opus.
424 1550 637 1589 Adsentitur
656 1551 765 1600 Wyt-

113 1607 280 1646 tenbach.
308 1607 346 1644 in
362 1608 498 1646 selectt.
524 1608 606 1645 hist.
632 1622 668 1659 p.
679 1607 762 1649 355

111 1668 277 1702 vertens.
313 1677 400 1714 quae
437 1666 552 1713 i'gztur
570 1667 764 1715 partzcipes

114 1724 195 1757 sunt
229 1720 502 1770 pulcritudinzs‚
548 1734 626 1758 cum
664 1716 764 1772 ἐφά-

113 1776 284 1815 πτεσθαί
309 1791 417 1822 τινος
447 1777 511 1814 sit:
542 1777 680 1827 ali'quzd
704 1781 763 1813 at·-

114 1836 269 1880 turgere,
299 1832 423 1882 aliqua
442 1845 479 1869 re
502 1835 632 1881 poteri,
657 1845 765 1882 prae-

115 1889 228 1926 ditum
246 1900 316 1924 esse
342 1888 465 1937 aliqua
493 1901 548 1935 re,
576 1902 636 1925 nec
652 1892 766 1926 tamen

116 1946 268 1991 omnino,
297 1944 356 1981 sed
376 1944 608 1993 aliquantum.

172 1999 240 2039 καὶ
256 1997 330 2052 γὰρ
351 1998 499 2051 τριέτεα
524 1998 591 2038 καὶ
609 1996 765 2049 τετραέ-

115 2071 183 2096 τεα
193 2077 249 2085 —
262 2055 438 2107 μένουσι]
450 2055 536 2093 Non
558 2057 765 2094 continuum

115 2114 173 2152 hic
206 2117 347 2162 tempus
390 2112 539 2149 indicari
576 2112 768 2149 arbitratur

114 2169 278 2217 Heynius
302 2168 324 2206 l.
347 2167 369 2205 l.
395 2182 433 2218 p.
453 2170 528 2215 33,
559 2168 622 2205 sed
651 2172 767 2205 certos

115 2226 226 2263 fuisse
243 2225 320 2262 dies
339 2226 451 2262 festos
464 2253 474 2271 ,
498 2225 625 2273 quibus
646 2225 693 2260 ad
710 2236 768 2260 re-

114 2281 285 2330 ligionem
332 2280 542 2318 solvendam
596 2278 767 2331 templum

115 2337 281 2376 mulieres
299 2337 464 2374 adierint.

173 2392 308 2443 ἐνιαχῆ
337 2390 379 2431 δὲ
407 2390 473 2431 καὶ
503 2393 574 2443 τῆς
597 2387 766 2441 Κύπρου

117 2468 172 2476 -
193 2443 341 2498 νόμος]
392 2449 505 2492 Quod
553 2448 766 2497 quibusdam

119 2504 233 2554 Cypri
253 2504 339 2540 locis
369 2505 523 2542 eundem
548 2517 685 2541 morem
702 2503 767 2540 ob-

118 2560 234 2597 tinere
250 2557 387 2597 Noster
419 2560 561 2606 scribit,
593 2560 629 2596 id
656 2563 768 2597 testa-

117 2619 176 2651 tur
201 2615 405 2653 Athenaeus
431 2615 502 2651 XII
535 2628 571 2664 p.
591 2615 693 2662 516,
720 2614 766 2662 B,

118 2684 268 2708 narrans
287 2671 340 2719 (ἶ)
343 2684 427 2721 pros
443 2671 479 2707 in
498 2684 597 2707 more
619 2670 764 2707 habuis-

119 2740 160 2764 se
186 2725 395 2793 ἑταιρισμῶ
421 2723 491 2772 τοὶς
519 2724 670 2765 ἕαυτων
698 2721 762 2763 κό-

120 2798 192 2834 ρας
215 2777 426 2830 ἆφοσιοῦι.
485 2782 647 2825 Quocum
666 2783 761 2819 conf.

119 2851 213 2890 quae
239 2839 284 2876 de
311 2838 527 2876 Amathusiis
543 2838 762 2890 Paphiisque

171 2894 379 2934 Hanono‘r.
409 2894 438 2934 I.

834 1156 981 1206 collegit
998 1156 1177 1195 Moursius
1195 1158 1231 1195 in
1242 1157 1361 1208 'Cypn
1380 1157 1399 1195 I
1413 1187 1424 1205 ,
1442 1160 1482 1199 8.

833 1213 891 1261 II,
915 1214 977 1254 15.
1035 1214 1138 1252 Haec
1165 1215 1317 1251 adnotat
1334 1214 1483 1252 Wesse-

831 1270 977 1319 lingius.
1036 1269 1097 1307 Tu
1131 1275 1322 1321 praeterea
1359 1272 1482 1309 confer

831 1326 1052 1364 Creuzerum
1079 1326 1101 1364 l.
1129 1340 1239 1377 supra
1264 1326 1287 1363 l.

1055 1435 1166 1487 Cap.
1197 1436 1276 1475 CC.

895 1515 1011 1571 νόμοι
1034 1541 1091 1548 ·—-
1121 1517 1376 1570 κατεστέασι]
1421 1520 1481 1558 De

831 1577 948 1614 forma
980 1574 1206 1615 κατεστέασι
1233 1579 1326 1614 conf.
1350 1575 1481 1614 Matth.

838 1633 904 1669 Gr.
926 1633 991 1670 Gr.
1006 1645 1092 1683 pag.
1106 1633 1199 1675 358.
1223 1655 1270 1661 —-
1296 1633 1384 1669 Mox
1400 1646 1479 1670 cum

833 1689 950 1726 Gaisf.
990 1690 1044 1726 bis
1085 1689 1210 1739 scripsi
1247 1685 1380 1728 αὐτῶν
1411 1702 1479 1739 pro

833 1741 997 1784 αὐτέων.
1067 1745 1175 1782 Conf.
1211 1745 1258 1783 de
1296 1745 1365 1782 hoc
1398 1745 1479 1782 loco

831 1802 1001 1838 Strabon.
1035 1801 1123 1837 XVI
1159 1815 1195 1851 p.
1231 1803 1360 1847 1082,
1389 1801 1421 1837 B
1450 1813 1481 1838 s.

832 1857 969 1907 p.746
1001 1857 1058 1894 ed.
1089 1857 1194 1904 Cas.,
1224 1857 1285 1905 qui
1311 1869 1379 1906 pro
1407 1870 1480 1894 πα-

832 1911 937 1963 τριαὶ
975 1912 1112 1961 vulgari
1146 1925 1312 1949 sermone
1338 1911 1482 1949 exhibet

834 1967 1033 2019 φρατρίαι.
1066 1989 1113 1994 -
1144 1967 1268 2005 Simile
1295 1968 1481 2015 quoddam

833 2025 881 2061 de
899 2024 976 2060 aliis
1005 2023 1219 2072 quibusdam
1238 2022 1345 2060 Asiae
1363 2024 1482 2071 genti-

833 2080 901 2116 bus
931 2079 1125 2117 memoriae
1150 2079 1313 2128 prodidit
1336 2077 1478 2116 Arrian.

834 2136 946 2173 Indic.
973 2138 1026 2176 29
1059 2133 1095 2184 ἓ.
1129 2137 1192 2175 11.
1223 2137 1285 2176 12.
1356 2134 1478 2183 Magis

833 2204 919 2229 vero
946 2191 1032 2227 illud
1053 2203 1119 2226 nos
1141 2191 1329 2229 advertere
1353 2191 1477 2238 debet,

834 2248 934 2297 quod
960 2247 1060 2295 Syris
1088 2245 1197 2294 vulgo
1226 2247 1339 2284 sancti
1366 2246 1478 2284 habe-

835 2304 966 2341 bantur
983 2303 1111 2353 pisces,
1131 2302 1288 2351 indeque
1306 2315 1380 2339 non
1390 2302 1478 2340 ede-

834 2360 984 2404 bantur,
1023 2359 1123 2408 quod
1157 2358 1255 2395 idem
1287 2358 1478 2406 Babylone

833 2416 1029 2454 obtinuisse
1053 2414 1110 2451 vix
1142 2414 1288 2450 dubium
1325 2415 1478 2451 videtur.

835 2472 960 2516 Quare
985 2470 1162 2508 inferioris
1188 2473 1328 2508 tantum
1354 2469 1479 2506 condi-

832 2528 939 2565 tionis
958 2526 1120 2564 homines
1145 2525 1300 2576 piscibus
1327 2525 1476 2563 edendis

834 2598 874 2622 se
892 2585 1056 2629 dedisse,
1086 2581 1242 2630 reliquos
1259 2581 1476 2619 abstinuisse

832 2645 955 2678 censet
974 2639 1129 2676 Miinter.
1147 2637 1169 2673 l.
1188 2637 1209 2675 l.
1229 2649 1315 2687 pag.
1333 2637 1396 2678 34.
1408 2638 1475 2679 35.

885 2725 1008 2762 σῶσι
1037 2718 1103 2760 ὂιοέ
1127 2715 1332 2770 σινδόνος]
1363 2723 1476 2757 incer-

827 2784 914 2817 ηαηί-
937 2792 999 2829 per
1025 2779 1178 2815 linteum.
1235 2776 1331 2814 Nam
1361 2779 1473 2822 σῶσι,

827 2840 997 2875 monente
1008 2832 1307 2930 ΕἲῑιηοΙὲἒΙοςιι.
1324 2846 1361 2885 p.
1378 2836 1474 2880 710,

1477 623 1533 651 Tri
1537 632 1584 652 um
1623 624 1662 652 tr?
1666 625 1753 654 buum

1511 664 1592 692 ctus
1634 659 1698 693 pl·-
1667 668 1752 686 aaaaa

1475 695 1505 719 ta
1491 667 1526 718 ie
1551 700 1586 719 ac
1609 700 1702 727 pauca
1717 701 1752 722 ex

1477 725 1566 761 piace.
