1909 3228
281 1258 380 1301 163

282 1322 386 1353 Apries

109 1355 197 1382 lonas
217 1357 247 1381 et
268 1355 384 1381 Caras:

110 1389 250 1422 utrinqne
269 1388 304 1414 ad
322 1389 387 1414 Mo-

109 1423 257 1455 niempniii
287 1422 389 1449 urbem

110 1323 211 1348 Armat

109 1457 293 1484 consistitur.

440 188 525 228 858

838 187 1305 226 HERODOTI

440 296 744 352 ,,παρε’σεσθαι
791 294 875 351 γάρ
913 295 988 338 καὶ
1033 294 1186 347 αὐτὸς,
1228 297 1302 340 καὶ
1344 297 1504 348 ἄλλους
1544 299 1700 352 ἄξειυ.“

414 376 520 420 ὅτὸν
544 377 589 419 δὲ
613 373 900 431 Πατάρβημιν
921 375 967 418 ἔκ
987 391 1030 418 τε
1049 378 1137 418 τῶν
1158 376 1402 432 λεγομένων
1425 375 1506 421 οὐκ
1531 376 1704 432 ἀγνοεῖν

442 455 522 511 τὴν
543 454 764 506 διάνοιαν,
792 454 866 497 καὶ
885 453 1322 510 παρασκευαζόμενον
1340 455 1544 510 ὁρέοντα,
1565 469 1701 500 σπου-

443 537 499 592 δῇ
528 533 727 586 άπιέναι,
780 532 1051 589 βουλόμενον
1078 534 1157 589 τὴν
1187 537 1389 591 ταχίστην
1429 535 1598 591 βασιλέϊ
1626 538 1703 592 δη-

411 617 579 657 7λῶσαι
607 612 659 655 τοὶ
690 610 981 667 πρησσόμενα.
1012 611 1068 663 ὥς
1100 613 1145 656 δὲ
1175 611 1409 657 ἀπικέσθαι
1437 613 1571 658 αὐτὸν
1591 615 1702 670 πρὸς
1714 622 1758 655 20

439 692 519 736 τόν
542 691 743 747 Ἀπρίην,
785 689 869 734 οὐκ
899 690 1061 746 ἄγοντα
1090 692 1168 735 τόν
1188 692 1395 747 ’Ἀμασιν,
1438 691 1599 737 οὐδένα
1629 692 1703 737 λό-

438 788 521 827 γον
551 770 669 830 αύτῷ
701 769 858 821 δόντα,
898 769 1006 813 ἄλλα
1035 770 1289 828 περιθύμως
1318 773 1490 827 ἔχοντα,
1530 789 1703 826 περιτα-

440 856 537 906 μεῖν
584 848 822 905 προστάξαι
868 847 1008 892 αὐτοῦ
1047 849 1099 893 τά
1147 867 1191 893 τε
1232 847 1320 894 ὦτα
1361 852 1433 894 καὶ
1471 852 1550 908 τὴν
1591 853 1702 906 ῥῖνα.

413 929 642 985 δίδόμενοι
682 927 724 971 δ’
768 930 811 972 οἱ
849 930 995 972 λοιποὶ
1032 934 1121 972 τῶν
1160 932 1431 985 Αἰγυπτίων,
1484 935 1527 974 οἳ
1564 932 1623 973 ἔτι
1652 930 1703 973 τοὶ

440 1010 609 1053 ἐκείνου
640 1007 876 1062 ἐφρόνεον,
920 1006 1062 1064 ἄνδρα
1092 1008 1170 1052 τὸν
1201 1009 1499 1064 δοκιμώτατον
1530 1010 1705 1052 ἑωυτῶν

442 1089 555 1133 οὕτω
588 1090 775 1143 αἰσχρῶς
812 1087 926 1145 λύμῃ
968 1090 1242 1143 διακείμενον
1273 1087 1435 1132 οὐδένα
1463 1088 1514 1145 δή
1543 1088 1762 1144 χρόνον25

439 1167 705 1225 ἐπισχόντες,
749 1165 980 1211 ἀπιστέατο
1011 1169 1121 1222 πρὸς
1151 1167 1254 1219 τούς
1284 1167 1478 1222 ἑτέρους,
1517 1169 1589 1211 καὶ
1618 1168 1705 1211 ἐδί-

441 1251 579 1292 δοσαν
629 1246 766 1303 σφέας
806 1245 968 1298 αὐτοὺς
1005 1245 1168 1303 Ἀμάσι.

1241 1247 1507 1302 Πυθόμενος
1549 1249 1594 1291 δὲ
1634 1248 1708 1291 καὶ

443 1333 579 1371 ταῦτα
600 1324 623 1370 ὁ
641 1325 833 1383 Ἀπρίης,
866 1326 1019 1380 ὥπλιζε
1039 1328 1142 1378 τούς
1159 1325 1437 1381 ἐπικούρους,
1460 1328 1526 1369 καὶ
1548 1327 1707 1383 ἤλαυνε

448 1407 518 1450 ἐπὶ
546 1406 650 1457 τούς
679 1408 970 1461 Αἰγυπτίους·
1019 1405 1101 1462 εἷχε
1133 1408 1178 1450 δὲ
1218 1408 1316 1462 περὶ
1355 1406 1520 1450 ἑωυτὸν
1554 1405 1705 1460 Κᾶράς
1719 1413 1764 1446 30

441 1503 485 1529 τε
516 1486 589 1529 καὶ
606 1484 781 1538 Ἴωνας,
824 1484 989 1539 ἄνδρας
1018 1485 1279 1540 ἐπικούρους
1309 1488 1607 1541 τρισμυρίους·
1651 1480 1707 1539 ἧν

443 1565 490 1609 δέ
522 1567 565 1608 οἷ
594 1564 646 1607 τά
684 1563 887 1620 βασιλήϊα
921 1564 968 1606 ἐν
1004 1563 1095 1607 Σάι·
1123 1564 1244 1615 πόλι,
1287 1564 1448 1620 μεγάλα
1479 1563 1605 1607 ἐόντα
1635 1564 1708 1606 καὶ

412 1642 691 1698 Ξάξιοθέητα.

751 1644 823 1686 καὶ
866 1644 912 1685 οἳ
945 1658 989 1685 τε
1033 1644 1132 1698 περὶ
1172 1644 1249 1686 τόν
1284 1641 1462 1698 Ἀπρίην
1502 1644 1570 1686 ἐπὶ
1605 1643 1709 1693 τούς

443 1724 714 1777 Αἰγυπτίους
753 1716 891 1778 ᾖσαν,
937 1722 1010 1764 καὶ
1050 1724 1094 1764 οἱ
1133 1723 1230 1775 περὶ
1275 1722 1354 1765 τόν
1382 1722 1587 1777 Ἄμασιν,
1640 1721 1709 1763 ἐπὶ

413 1810 435 1843 3
449 1801 552 1852 τούς
591 1802 770 1852 ξείνους.

832 1800 878 1842 ἔν
916 1816 959 1842 τε
1001 1799 1054 1856 δὴ
1095 1799 1324 1855 Μωμέμφι
1364 1800 1465 1843 πόλι
1508 1800 1709 1855 ἐγένοντο

442 1879 705 1936 ἀμφότεροι,
735 1879 808 1922 καὶ
837 1878 1122 1936 πειρήσεσθαι
1152 1879 1331 1935 ἔμελλον
1362 1878 1574 1937 ἀλλήλων.
1721 1886 1766 1920 35

444 2109 591 2152 οὐδένα
610 2108 724 2163 λόγον
749 2106 878 2164 αὐτῷ
902 2106 1038 2159 δόντα]

387 2165 520 2223 αύτῷ,
557 2170 656 2218 quod
678 2168 758 2204 libri
783 2171 930 2213 tenent,
962 2168 1039 2204 sine

385 2226 600 2263 necessitate
630 2229 803 2261 mutatum
826 2223 862 2259 in
893 2222 1039 2277 ἑωυτῷ.

385 2283 506 2331 Ipsam
535 2281 752 2318 locutionem
784 2275 940 2318 διδόναι
970 2278 1040 2318 αύ-

384 2341 440 2391 τῷ
473 2334 591 2389 λόγον
633 2338 762 2381 (nulla
799 2338 856 2373 uta·
890 2339 1037 2382 ratione,

387 2395 482 2431 haud
500 2408 614 2431 secum
634 2396 722 2430 inire
742 2395 930 2436 rationem,
961 2395 1041 2429 ‹mi-

386 2463 439 2487 mo
459 2465 525 2488 non
543 2455 726 2500 reputare,
758 2451 932 2498 cogitare)
963 2450 1043 2485 illu-

386 2509 510 2544 stravit
540 2507 801 2553 Wesselingius
836 2507 889 2542 his
923 2519 1043 2543 exem·

386 2563 471 2613 plis:
504 2565 541 2609 I,
564 2567 657 2605 209.
690 2564 753 2609 III,
777 2563 842 2604 25.
874 2562 935 2608 IV,
952 2565 1042 2602 102.

387 2620 440 2665 V,
471 2621 560 2659 138.
601 2620 705 2665 VIII,
733 2621 798 2659 86.
860 2618 1043 2654 Plutarch.

388 2688 474 2724 opp.
510 2676 539 2711 II
572 2689 607 2725 p.
628 2677 731 2722 419,
754 2676 797 2711 C.
858 2675 918 2711 Tu
948 2675 1044 2710 adde

387 2731 460 2777 sis,
499 2744 592 2780 quae
621 2733 669 2768 ad
700 2732 734 2779 I,
759 2731 815 2772 34
850 2732 1044 2767 adnotavi-

391 2799 482 2824 mus.

446 2839 681 2894 περιθύμως
707 2843 858 2894 ἔχοντα]
890 2846 912 2881 i.
935 2857 965 2881 e.
990 2846 1045 2880 ira

1129 2112 1248 2158 gravi)
1265 2113 1454 2160 percitum,
1475 2122 1666 2147 accensum.
1705 2109 1764 2145 Cf.

1110 2168 1148 2214 1,
1172 2170 1252 2208 162
1272 2172 1311 2204 et
1330 2173 1406 2204 not.
1427 2168 1473 2204 ad
1493 2167 1566 2213 ιιι,
1585 2167 1650 2207 50.

1278 2251 1308 2288 C
1323 2265 1344 2288 a
1360 2265 1396 2302 p.
1427 2250 1596 2288 CLXIII.

1169 2330 1312 2383 Κᾶράς
1334 2349 1373 2373 τε
1390 2333 1456 2372 καὶ
1469 2332 1627 2384 Ἴωνας]
1657 2334 1765 2370 Conf.

1111 2396 1187 2429 not.
1211 2393 1258 2428 ad
1281 2391 1331 2428 II.
1359 2393 1449 2432 152.
1475 2392 1564 2431 154.
1624 2391 1680 2428 De
1701 2403 1767 2426 nu-

1111 2461 1210 2485 mero
1262 2449 1564 2485 mercenariorum
1615 2447 1767 2483 militum

1112 2505 1306 2541 Herodoto
1341 2517 1422 2541 cum
1449 2504 1615 2541 Diodoro
1637 2516 1768 2540 couve-

1112 2563 1164 2598 nit
1190 2561 1225 2606 l,
1250 2562 1315 2601 68.

1171 2615 1234 2655 ἐπὶ
1262 2613 1355 2662 τούς
1379 2615 1623 2666 Αἰγυπτίους
1646 2608 1764 2669 ᾖσαν]

1112 2667 1218 2728 ᾖσαν
1242 2686 1365 2709 omnes
1387 2673 1488 2719 libri,
1518 2673 1586 2708 nisi
1609 2673 1707 2720 quod
1730 2672 1767 2707 in

1112 2730 1294 2766 nonnullis
1329 2730 1433 2765 abest
1462 2729 1535 2764 iota
1573 2729 1766 2779 subscript.

1114 2786 1175 2823 Tu
1196 2787 1266 2821 vid.
1287 2791 1360 2822 not.
1382 2786 1430 2821 ad
1452 2785 1491 2831 l,
1514 2787 1579 2824 62.

1171 2841 1213 2880 ἕν
1252 2856 1292 2881 τε
1326 2838 1376 2893 δή
1408 2839 1618 2891 Μωμέμφι
1654 2834 1764 2890 πόλι]
