1909 3228
657 226 866 265 CLIO.
925 226 953 265 Ι.

1349 225 1433 268 893

180 338 258 394 μὲν
286 339 361 392 τῆς
389 329 564 393 τάφρου
593 334 645 379 τοὶ
675 337 837 392 χείλεα·
896 333 1074 391 δεύτερα
1114 335 1184 387 δὲ,
1236 332 1343 378 αὐτὸ
1381 334 1430 378 τὸ

152 420 320 473 4τεῖχος
358 416 436 459 τόν
474 414 609 460 αὐτὸν
647 414 823 472 τρόπον.

123 637 164 664 re
181 625 230 673 ΙΙ,
256 628 346 668 127.
373 624 475 663 Idem
495 628 616 663 tamen
636 624 689 661 vir
710 623 778 675 do-

126 686 202 719 ctus
226 682 362 731 aliquid
384 682 565 719 desiderat
586 682 633 719 ad
651 693 778 717 narra-

124 739 231 775 tionis
258 739 552 789 perspicuitatem
586 742 623 775 et
652 738 777 785 singu—

124 794 237 832 larum
285 795 439 844 partium
489 793 775 841 intelligentiam,

123 851 336 902 praesertim
372 851 408 886 in
448 850 510 886 illo
551 845 774 901 τριήκοντα,

124 913 199 943 tum
221 907 321 955 quod
341 906 438 943 nulla
459 907 595 943 mentio
615 907 678 944 fiat
697 919 776 943 ina-

123 963 258 1009 teriae,
298 968 444 1012 praeter
472 963 652 1009 bitumen,
682 964 776 999 inter

122 1019 310 1072 pauciores
348 1024 410 1056 aut
436 1019 594 1067 singulos
624 1019 775 1057 laterum

123 1075 270 1112 ordines
298 1076 520 1113 interiectae.
584 1074 638 1112 Ac
670 1089 776 1113 sane-

124 1144 232 1181 quam
252 1133 379 1168 mirum
402 1133 516 1169 videri
534 1136 678 1182 potest,
707 1134 774 1169 tn·-

124 1190 246 1224 cesz'mo
269 1191 392 1238 cuique
404 1189 549 1225 laterum
570 1190 684 1226 ordini
694 1194 777 1226 tan-

96 1248 222 1291 stum,
250 1257 317 1282 nec
347 1258 432 1283 vero
463 1244 611 1293 singulis
641 1247 777 1283 ordini-

124 1301 190 1337 bus
219 1305 281 1337 aut
308 1307 402 1339 certe
431 1301 672 1351 compluribus
698 1316 776 1340 cra-

124 1360 179 1393 tcs
198 1358 414 1395 arundineas
433 1358 665 1407 interpositas
684 1372 775 1396 esse.

126 1413 250 1455 Quare
278 1413 476 1450 Salmasius
515 1426 557 1450 ac
584 1420 668 1464 post
692 1428 775 1452 eum

124 1468 387 1518 lVesselingius
429 1470 545 1507 locum
579 1472 631 1508 ita
661 1471 774 1521 accipi

123 1526 281 1573 malunt,
304 1530 343 1562 ut
363 1528 512 1576 triginta
525 1527 603 1564 imis
626 1528 774 1565 laterum

124 1581 300 1620 ordinibus
326 1587 440 1620 crates
470 1584 563 1621 istae
582 1585 775 1635 interposi-

123 1642 184 1676 tae
220 1639 365 1677 fuerint.
423 1640 498 1678 Sed
534 1653 682 1689 vereor,
736 1644 776 1678 ut

124 1695 205 1745 ipsa
225 1696 369 1733 Graeca
388 1697 519 1744 verba,
541 1697 662 1745 qualia
680 1710 776 1734 nunc

125 1751 318 1800 leguntur,
364 1752 474 1790 talem
508 1754 771 1802 interpretatio-

126 1820 210 1844 nem
232 1808 442 1855 admittant3
471 1821 539 1846 nec
569 1809 662 1845 ullus
690 1809 778 1846 mihi

127 1867 223 1901 certe
257 1864 414 1900 innotuit
451 1864 571 1911 locus,
601 1865 685 1904 vubi
713 1862 779 1903 διοέ

128 1932 207 1957 cum
228 1920 386 1968 genitivo
406 1919 479 1958 tale
495 1921 582 1970 quid
602 1922 780 1971 exprime-

127 1989 166 2014 re
185 1977 353 2026 potuerit.
387 1997 435 2004 —-
468 1973 638 2027 ταρσούς
661 1972 780 2015 καλά-

129 2047 214 2084 μων
241 2033 326 2069 dicit
348 2036 468 2079 texta,
501 2037 613 2069 crates
632 2033 779 2070 arundi-

126 2102 222 2135 neas,
238 2101 312 2125 non
322 2089 400 2125 alas
411 2090 633 2136 arundinum,
652 2103 777 2138 quein-

128 2146 325 2182 admodum
381 2146 467 2182 olim
532 2147 778 2183 reddiderant,

130 2201 263 2238 Graeci
282 2201 463 2250 explicant
491 2201 708 2253 πλέγματας
733 2204 776 2239 cf.

130 2258 287 2305 Gregor.
305 2257 469 2295 Corinth.
498 2259 544 2295 de
564 2259 647 2295 dial.
667 2259 776 2295 Ionic.

130 2313 168 2364 ἓ.
189 2316 269 2354 107
285 2314 371 2362 ibiq.
401 2315 549 2364 interpr.
574 2319 609 2353 et
630 2315 665 2351 Τ
668 2316 779 2363 hucy-

130 2371 205 2407 did.
241 2370 297 2416 ΙΙ,
328 2372 403 2417 76,
441 2384 488 2408 ne
519 2370 588 2408 alia
617 2372 780 2408 afferam.

130 2425 189 2462 Ad
201 2439 277 2463 rem
289 2427 404 2475 ipsam
418 2428 589 2465 admonet
598 2427 783 2476 Schweig-

131 2480 326 2518 haeuserus
344 2483 381 2518 in
402 2483 437 2519 T
440 2484 613 2521 avernerii
631 2483 784 2520 Itinera-

131 2537 184 2573 rio
211 2537 287 2574 1.1[
313 2551 368 2587 cp.
399 2541 425 2579 7
456 2540 606 2576 inveniri
634 2539 784 2577 similem

132 2594 225 2630 muri
253 2594 383 2630 veteris
416 2595 714 2644 descriptionem,
743 2596 781 2631 in

134 2662 209 2698 quo
230 2649 420 2686 interserta
437 2652 570 2687 suerint
588 2652 680 2688 inter
692 2651 783 2688 late-

135 2717 214 2741 rum
247 2706 392 2742 ordines
431 2710 544 2742 strata
575 2708 783 2744 arundinea.

135 2760 226 2807 Nos*¹
244 2760 408 2797 nolumus
449 2766 635 2811 repetere,
686 2763 785 2812 quod

135 2817 246 2854 modo
261 2829 303 2853 ex
314 2817 497 2854 Heerenio
516 2819 786 2869 adscripsimus,

138 2873 266 2911 eadem
285 2873 429 2922 omnia,
456 2885 550 2924 quae
574 2875 620 2913 de
646 2877 786 2913 moeni-

883 414 1026 461 ἐπάνω
1071 414 1116 458 δὲ
1153 417 1234 458 τοῦ
1278 415 1489 471 τείχεος45

843 636 904 662 um
931 625 1228 662 exstruendorum
1245 624 1386 661 ratione
1404 623 1491 660 scri-

843 681 897 718 bit
916 681 1125 718 Herodotus
1137 711 1147 729 ,
1168 681 1276 718 ruinis
1296 680 1412 716 adhuc
1430 693 1490 716 su-

843 738 1051 788 perstitibus
1067 737 1203 788 optime
1218 736 1432 783 confirmari,
1448 735 1492 772 il-

842 792 969 842 lasque
999 798 1114 830 crates
1149 793 1365 830 arundineas
1401 792 1493 830 late-

841 863 921 886 rum
950 850 1138 886 ordinibus
1163 850 1371 887 intersertas
1399 850 1493 886 inte-

843 919 927 955 gras
946 919 1041 943 nunc
1057 919 1202 955 quo-'pie
1215 905 1373 955 conspici
1393 905 1489 954 opti-

843 976 901 1000 me
921 967 1081 1000 servatas
1097 992 1108 1010 ,
1126 968 1165 999 ut
1178 966 1262 999 ante
1282 962 1391 998 breve
1407 966 1490 997 tan-

841 1024 918 1056 tuin
935 1023 1077 1069 ternpus
1100 1019 1307 1056 intersertas
1329 1030 1390 1055 eas
1411 1030 1492 1054 esse

844 1075 1034 1114 existimes.
1113 1076 1332 1113 Invenerunt
1371 1074 1492 1110 Bean-

844 1133 972 1182 champ
983 1161 993 1178 ,
1006 1130 1043 1168 N
1046 1132 1225 1169 iebnhrius
1239 1161 1249 1179 ,
1268 1131 1314 1168 de
1332 1129 1366 1166 la
1377 1129 1493 1177 Valle,

844 1189 928 1235 alii,
960 1189 1022 1225 has
1053 1193 1168 1225 crates
1198 1187 1413 1224 arundineas
1440 1186 1493 1222 la-

842 1245 977 1283 teribus
998 1245 1172 1292 insertas,
1196 1245 1259 1281 sed
1279 1244 1390 1280 altero
1403 1255 1493 1291 quo-

845 1314 917 1350 que
938 1305 1000 1337 aut
1023 1301 1129 1338 etiam
1150 1305 1264 1347 sexto,
1284 1300 1437 1349 septimo
1458 1302 1494 1335 et

844 1362 972 1393 octavo
993 1357 1029 1393 in
1048 1358 1185 1394 ordine.
1228 1357 1368 1399 Quibus
1391 1355 1494 1392 testi-

843 1413 972 1450 moniis
991 1413 1168 1460 confisus,
1195 1412 1394 1449 Rennelius
1420 1411 1495 1448 exi-

845 1470 984 1516 stimat,
1021 1469 1057 1505 in
1096 1469 1309 1506 Herodoteo
1343 1469 1496 1516 triginta

842 1525 991 1562 laterum
1003 1538 1151 1562 numero
1162 1524 1331 1562 mendum
1347 1525 1496 1560 subesse

843 1595 866 1619 a
895 1582 1046 1618 librariis
1088 1581 1326 1618 commissum.
1385 1581 1494 1616 Conf.

845 1639 983 1687 Geogr.
1003 1638 1182 1675 Herodot.
1201 1652 1237 1688 p.
1250 1638 1342 1678 559.
1373 1636 1497 1679 Quare

845 1695 988 1744 Steger.
1024 1694 1207 1732 Praefatio
1237 1694 1285 1730 ad
1316 1693 1496 1730 Herodot.

844 1764 931 1801 pag.
953 1751 987 1787 X
1007 1765 1083 1800 seq.
1104 1764 1211 1788 voces
1232 1746 1298 1788 διεῖ
1317 1745 1497 1800 τριήκον-

846 1822 893 1845 τα
921 1808 1053 1856 corrigi
1085 1807 1159 1843 vult
1197 1807 1233 1842 in
1265 1800 1338 1844 δύο
1364 1801 1392 1854 ἢ
1419 1820 1496 1856 τρι-

848 1866 905 1902 ῶν
934 1878 1032 1911 nov,-
1073 1863 1132 1900 ubi
1161 1857 1235 1900 δύο
1266 1862 1422 1912 positum
1450 1862 1497 1897 sit

846 1932 914 1970 pro
955 1920 1081 1965 δυῶν,
1129 1922 1165 1955 et
1198 1918 1376 1966 genitivus
1406 1930 1497 1967 pen-

848 1976 933 2012 deat
954 1974 1257 2024 apraepositione
1280 1970 1346 2011 διοέ
1368 1973 1405 2008 in
1417 1985 1497 2009 ver-

847 2032 894 2067 bo
908 2025 1291 2080 ὃιαστοιβάζειν,κου
1311 2042 1397 2066 vero
1417 2041 1497 2066 esse

847 2089 994 2123 circiter.
1051 2086 1101 2122 Et
1121 2087 1182 2134 qui
1202 2085 1409 2135 nuperrime
1431 2085 1495 2121 has

846 2144 1014 2192 regiones
1044 2143 1164 2179 invisit
1190 2145 1496 2190 monumentaque

847 2196 1055 2249 descripsit,
1089 2198 1372 2247 Buckingham.,
1410 2210 1497 2234 con-

845 2257 963 2293 firmat
993 2256 1151 2305 priorum
1184 2254 1498 2304 peregrinatorum

848 2313 1091 2349 narrationem
1105 2312 1151 2348 de
1173 2311 1329 2347 cratibus
1349 2310 1497 2346 arundi-

849 2369 925 2406 neis
956 2369 1081 2418 quinto
1115 2371 1176 2404 aut
1211 2371 1312 2404 sexto
1347 2366 1497 2403 laterum

851 2425 968 2462 ordini
990 2424 1187 2461 intersertis
1199 2451 1210 2470 ,
1229 2435 1428 2471 causasque
1442 2422 1498 2458 in-

849 2482 1027 2530 vestigat,
1057 2493 1117 2517 eur
1139 2480 1189 2516 ita
1208 2479 1357 2516 fecerint
1374 2479 1498 2526 Baby—

851 2538 948 2576 lonii.
1006 2537 1047 2573 ln
1068 2549 1217 2573 numero
1235 2535 1398 2580 laterum,
1418 2535 1498 2583 qui-

853 2595 918 2631 bus
938 2597 1052 2631 crates
1066 2593 1217 2629 iniectae
1229 2592 1373 2638 fuerint,
1394 2590 1498 2627 facile

848 2651 1020 2688 mendum
1049 2649 1207 2698 irrepere
1236 2648 1398 2697 potuisse
1428 2646 1498 2697 ipsi

850 2719 996 2755 quoque
1016 2704 1202 2755 probabile
1220 2704 1371 2740 videtur.
1388 2703 1496 2739 Conf.

852 2763 927 2800 eius
958 2762 1113 2798 itinerar.
1134 2761 1172 2796 in
1195 2759 1498 2810 Mesopotamiam

852 2818 1031 2867 (Berolin.
1051 2818 1179 2865 1828)
1199 2829 1284 2866 pag·
1297 2815 1389 2857 449.
1403 2815 1496 2856 505-

908 2870 1044 2914 ἑπάνω
1065 2870 1107 2912 δὲ
1133 2875 1204 2912 τοῦ
1226 2873 1369 2924 τείχεος
1389 2868 1497 2922 παροὶ
