1909 3228
395 166 479 206 782
810 163 1277 202 HERODOT1

236 273 335 317 128
395 273 440 317 δὲ
472 273 619 329 ἔλεγον
648 275 860 328 Χεφρῆνα
888 273 933 324 ἓξ
962 272 1035 315 καὶ
1069 271 1336 327 πεντήκοντα
1367 273 1474 316 ἔτεα.
1511 276 1658 316 Ταῦτα

64 338 139 365 ostio
165 337 294 373 Chenpis
313 340 344 365 et

65 371 268 405 clwphrvnis,
290 373 343 397 Ae-

62 406 159 440 gyptii
177 413 279 431 eorum
291 413 343 439 py-

64 438 192 465 ramides
235 442 344 464 vocant

62 472 191 534 piaetatis
225 471 343 499 Phinti-

84 513 118 534 rs.

401 352 444 404 ἕξ
473 369 516 395 τε
551 351 625 395 καὶ
663 350 819 394 ἑκατὸν
856 351 1100 406 λογίζονται
1140 351 1255 405 ἔτεα,
1304 353 1351 396 ἐν
1380 357 1491 395 τοῖσι
1521 354 1657 407 Αἰγυ-
1670 358 1714 392 65

399 432 562 474 πτίοισί
597 446 641 472 τε
670 433 817 473 πᾶσαν
844 428 958 473 εἶναι
986 429 1227 487 κακότητα,
1266 431 1340 474 καὶ
1369 432 1422 474 τὰ
1451 430 1525 485 ἱρὰ
1555 429 1657 486 χρό-

338 616 496 653 eminere
516 614 699 651 existimat
726 613 841 661 (conf.
863 615 992 665 Zo‘ega

339 674 385 709 de
407 670 571 707 obeliscc.
592 684 677 720 pag.
697 671 779 711 400
810 678 884 708 not.
909 675 992 720 19).

339 728 411 771 Qui
434 728 529 763 idem
548 727 639 763 lianc
660 728 884 777 pyramidem
906 725 992 765 con-

338 785 449 820 ditam
471 796 551 821 esse
578 784 700 820 scribit
728 796 835 833 super
863 786 991 822 tubere

338 843 555 888 exsurgente
574 852 593 876 e
619 853 747 889 campo
768 852 890 888 saxeo,
912 846 991 878 arte

338 901 437 933 secto
468 901 580 945 atque
607 896 858 946 complanato,
888 898 993 948 pedi-

336 954 479 1001 busque
501 953 652 1000 triginta
671 957 825 1002 quatuor
838 955 991 992 editiore

338 1023 448 1059 quam
469 1010 513 1045 sit
543 1009 657 1046 solum
683 1010 813 1059 prioris
835 1011 993 1060 pyrami-

338 1067 403 1104 dis.
463 1065 609 1113 Reliqui
647 1066 841 1115 scriptores
878 1067 993 1114 (nam

338 1123 435 1159 solus
492 1122 712 1158 Niebuhrius
765 1123 994 1162 altitudinem

337 1191 483 1216 mensus
504 1181 580 1226 est)
600 1183 739 1215 tantum
760 1185 995 1228 annotarunt,

338 1236 431 1272 hanc
448 1235 673 1285 pyramidem
690 1235 810 1285 priore
831 1237 994 1274 altiorem

340 1304 542 1341 apparere,
573 1305 617 1328 eo
649 1292 748 1341 quod
769 1294 845 1329 saxi
867 1294 995 1331 tubere

339 1349 510 1397 imposita
522 1353 628 1394 esset,
645 1361 864 1397 quamquam
877 1351 995 1400 ipsum

339 1404 543 1441 aedificium
557 1404 664 1454 paulo
685 1405 801 1441 minus
814 1407 870 1442 sit.
891 1407 996 1444 Haec

341 1461 472 1508 Zoega
500 1460 521 1496 l.
553 1459 574 1496 l.
605 1473 691 1509 pag.
713 1460 794 1502 409
823 1468 897 1499 not.
921 1462 995 1507 153

341 1531 361 1554 e
381 1530 454 1565 quo
482 1517 609 1553 eodem
633 1517 701 1552 alia
728 1519 908 1565 quaedam
929 1519 995 1554 ad-

340 1574 448 1610 iicere
468 1572 569 1609 lubet
589 1574 635 1609 de
654 1574 721 1608 situ
734 1574 834 1610 buius
848 1575 993 1611 alterius

338 1629 537 1679 pyramidis
580 1634 616 1665 et
663 1629 838 1667 hodierno
888 1636 994 1667 statu.

340 1685 416 1722 Ubi
442 1685 537 1721 enim
571 1697 593 1721 a
623 1698 779 1732 magnae
797 1687 994 1736 pyramidis

341 1741 477 1790 angulo
500 1754 630 1790 passus
657 1742 798 1779 circiter
819 1744 994 1780 ducentos

338 1797 573 1849 progrederis
597 1798 644 1833 ad
665 1799 871 1844 meridiem,
892 1798 993 1836 venis

340 1855 389 1891 ad
411 1854 580 1901 angulum
604 1854 784 1892 secundae
802 1856 904 1892 huius
925 1868 993 1904 py—

339 1911 488 1947 ramidis
531 1923 687 1958 maguae
726 1912 821 1947 ortui
857 1912 993 1949 aestivo

341 1968 577 2003 obiacentem.
627 1967 785 2004 Condita
805 1973 860 2005 est
887 1981 995 2017 super

340 2024 466 2060 tubere
489 2028 725 2071 exsurgente,
761 2025 807 2060 ad
827 2025 994 2061 occiden-

339 2084 412 2117 tem
436 2084 471 2117 et
494 2080 777 2130 septentrionem
797 2082 894 2118 fossa
918 2081 994 2117 cin-

339 2137 438 2185 gitur
459 2136 532 2172 lata
558 2136 671 2186 pedes
690 2138 757 2173 XC
778 2151 819 2174 ac
839 2150 930 2187 rupe
946 2138 994 2174 ad

338 2193 489 2241 triginta
516 2193 651 2242 pedum
681 2193 906 2231 altitudinem
937 2206 995 2230 se-

339 2253 419 2295 cta,
449 2250 487 2286 in
508 2250 606 2286 cuius
628 2250 746 2287 fronte
767 2252 884 2288 excisa
911 2253 995 2287 sunt

340 2311 447 2342 antra
477 2306 656 2354 quadrata
686 2307 779 2344 serie
812 2307 994 2344 continua.

341 2362 484 2399 Paucae
515 2362 552 2398 in
583 2362 637 2398 his
671 2368 781 2400 notae
811 2362 995 2411 hierogly-

339 2418 487 2469 phicae;
519 2419 649 2467 quibus
675 2420 866 2468 insigniter
884 2420 995 2456 deco-

338 2488 400 2512 rae
430 2478 512 2511 sunt
542 2475 635 2512 aliae
656 2489 832 2514 cavernae
861 2476 909 2513 ad
937 2488 996 2511 or-

339 2536 417 2567 tum
438 2531 645 2568 brumalem.
703 2532 802 2570 Ante
822 2531 996 2569 orientale

342 2588 435 2624 latus
455 2592 647 2625 cernuntur
668 2590 837 2637 quadrati
870 2588 995 2638 templi

344 2643 418 2680 sive
448 2645 612 2680 vestibuli
641 2647 772 2683 rudera
797 2658 999 2696 praegran-

345 2700 451 2736 dibus
493 2700 673 2749 lapidibus
710 2703 847 2739 structi.
916 2701 999 2751 Ipsa

346 2756 597 2804 magnitudine
635 2771 702 2807 par
740 2772 821 2796 esse
859 2759 1000 2794 videtur

347 2812 458 2862 priori
478 2814 674 2862 pyramidi:
704 2815 926 2853 Niebuhrius
948 2813 1001 2851 al-

1060 620 1135 653 tam
1156 616 1294 653 invenit
1306 615 1422 664 pedes
1443 613 1715 659 CCCCXLlIl,

1061 673 1216 722 amplam
1248 673 1284 708 in
1304 672 1416 708 latere
1445 670 1582 708 boreali
1601 671 1714 720 pedes

1059 728 1212 766 DCCV.
1271 729 1441 764 Summus
1474 732 1597 764 vertex
1631 740 1715 763 acu-

1059 790 1116 822 tus
1150 789 1204 822 est
1236 789 1271 821 et
1305 785 1448 833 integer
1478 789 1515 822 et
1551 784 1716 833 superior

1059 842 1258 892 pyramidis
1285 854 1369 890 pars
1394 854 1510 889 usque
1536 841 1583 876 ad
1601 840 1715 889 pedes

1059 898 1092 935 L
1130 898 1222 934 iufra
1252 898 1389 946 apicem
1415 898 1531 934 adhuc
1552 900 1717 933 contecta

1061 958 1117 992 est
1133 954 1311 1003 lapidibus
1331 959 1496 991 accurate
1517 953 1716 1001 laevigatis,

1061 1012 1121 1059 qui
1149 1011 1196 1046 ad
1237 1010 1323 1047 solis
1363 1012 1484 1047 radios
1523 1009 1716 1058 splendere

1063 1067 1256 1112 dicuntur,
1279 1066 1415 1115 reliqua
1433 1080 1517 1115 pars
1539 1078 1654 1114 aeque
1673 1077 1716 1101 ac

1062 1124 1190 1174 prioris
1213 1123 1411 1173 pyramidis
1429 1123 1563 1168 latera,
1587 1121 1716 1158 ablatis

1063 1180 1207 1216 extimis
1243 1180 1335 1216 saxis
1355 1208 1365 1226 ‚
1422 1180 1558 1227 gradus
1598 1177 1718 1224 offert,

1063 1249 1129 1286 per
1149 1249 1242 1285 quos
1260 1236 1406 1273 ascendi
1433 1239 1568 1286 potest.
1626 1233 1720 1271 Nul-

1063 1293 1135 1328 lum
1172 1294 1207 1328 in
1255 1292 1322 1328 hac
1347 1293 1534 1342 pyramide
1565 1291 1720 1341 adparet

1065 1350 1149 1385 ostii
1190 1349 1361 1385 indicium
1382 1376 1393 1395 ,
1450 1362 1518 1386 nec
1557 1359 1717 1396 uuquam

1064 1406 1211 1442 omuino
1231 1405 1349 1441 aditus
1371 1405 1464 1442 inea
1483 1406 1595 1441 fuisse
1616 1404 1718 1441 vide-

1062 1465 1120 1497 tur
1144 1474 1252 1511 supra
1273 1461 1402 1507 solum,
1426 1462 1491 1498 sed
1511 1474 1578 1511 per
1592 1460 1715 1510 sphin-

1063 1530 1146 1566 gem
1171 1518 1265 1554 illam
1287 1518 1502 1564 immanem,
1525 1529 1620 1566 quae
1631 1529 1717 1552 con-

1064 1574 1211 1623 spicitur
1249 1578 1333 1610 ante
1373 1575 1531 1610 mediam
1558 1573 1717 1623 pyrami-

1063 1631 1147 1667 dem
1168 1631 1204 1665 in
1222 1629 1333 1667 latere
1361 1630 1526 1667 orientali
1548 1630 1715 1679 passibus

1062 1687 1139 1722 sere
1180 1686 1349 1722 trecentis
1392 1687 1436 1722 ab
1479 1698 1522 1722 ea
1552 1690 1715 1731 remota,

1064 1743 1301 1778 subterraneo
1337 1746 1460 1778 meatu
1497 1742 1543 1778 ad
1574 1742 1718 1778 intimos

1061 1811 1224 1834 recessus
1250 1802 1395 1835 ventum
1421 1811 1500 1835 esse
1529 1797 1719 1835 verisimile

1062 1858 1129 1891 est.
1190 1854 1292 1891 Haec
1310 1858 1346 1891 et
1365 1854 1437 1891 alia
1455 1854 1604 1902 Zo'ega‚
1628 1867 1720 1903 quo-

1063 1923 1142 1947 cum
1164 1911 1273 1947 etiam
1293 1911 1501 1948 conferend.
1520 1910 1632 1948 Beck.
1650 1910 1672 1947 1.
1696 1910 1717 1946 1.

1061 1979 1148 2017 pag.
1167 1968 1262 2008 713.

1232 2136 1341 2186 Cap.
1373 2134 1576 2172 cxxvul.

1120 2249 1244 2286 ταῦτα
1265 2246 1303 2294 ἕξ
1327 2261 1366 2286 τε
1391 2245 1458 2285 καὶ
1486 2243 1628 2285 ἑκατόν
1655 2247 1718 2285 λο-

1064 2303 1238 2357 γίζονται
1263 2303 1347 2342 ἔτεα
1367 2318 1401 2341 κ.
1422 2319 1453 2341 τ.
1474 2305 1522 2349 h]
1543 2304 1641 2339 Sunt
1664 2303 1719 2339 ni-

1064 2361 1192 2399 mirum
1219 2361 1483 2410 quinquaginta
1515 2360 1624 2406 anni,
1653 2371 1719 2409 per

1064 2431 1155 2467 quos
1190 2418 1359 2466 Cheops,
1391 2421 1427 2454 et
1456 2416 1719 2465 quinquaginta

1066 2487 1128 2511 sex
1142 2502 1153 2520 ,
1198 2486 1263 2522 qer
1297 2486 1388 2522 quos
1429 2473 1624 2522 Chephren
1662 2485 1719 2509 re-

1065 2543 1176 2579 gnum
1198 2531 1312 2567 tenuit
1334 2529 1417 2577 (ll,
1444 2531 1553 2576 127).
1567 2528 1718 2565 -Μοκ

1066 2582 1264 2637 κακότητα
1284 2586 1446 2634 intelligo
1466 2587 1717 2631 calamitatem,

1067 2643 1187 2685 mala,·
1216 2644 1311 2680 conf.
1331 2643 1382 2688 ll,
1409 2642 1499 2683 124.
1529 2637 1719 2680 τοσούτου

1067 2695 1213 2750 χρόνου
1235 2699 1333 2735 haud
1353 2699 1454 2736 aliter
1467 2697 1718 2748 explicandum

1069 2763 1179 2805 atque
1200 2756 1252 2802 11,
1276 2755 1353 2796 115
1386 2757 1507 2807 τριῶν
1527 2752 1718 2807 ἡμερέων,

1069 2813 1129 2849 ubi
1150 2813 1218 2850 vid.
1239 2816 1314 2848 not.
