1877 3223
87 491 221 513 irruente
254 495 284 513 in
310 495 361 522 pa-

87 525 164 546 trem
180 519 292 555 versa,
320 522 361 548 Ιο-

88 555 137 588 qui
158 554 267 589 coepit.

312 324 316 326 ἡ
331 321 351 334 .-

88 385 191 413 emen!
210 326 364 413 ίῐῐίιιεῗιῗ-

88 419 290 452 ms,ideinque
301 429 365 447 nur-

89 453 143 479 dus
164 454 204 487 [l‚
220 453 252 480 34
262 455 362 488 et:‡s],

414 214 497 252 214

427 477 439 492 9

814 210 1282 249 HERODOTI

531 318 632 363 Κατ’
665 319 798 364 αὐτὸν
837 322 882 363 δὲ
925 323 1118 373 Κροῖσον
1155 320 1257 363 τάδε
1295 318 1471 375 ἐγένετο.
1529 315 1585 376 ἦν
1628 321 1671 364 οἱ

421 403 540 451 παῖς,
583 404 663 442 τοῦ
692 400 766 443 καὶ
794 399 1008 454 πρότερον
1039 399 1335 454 ἐπεμνήσθην,
1374 400 1427 442 τὰ
1456 400 1533 454 μὲν
1562 399 1670 443 ἄλλα

389 478 629 534 Ξεπιεικὴς,
659 477 836 534 ἄφωνος
866 480 924 523 δέ.
954 479 1001 522 ἐν
1029 482 1080 535 τῇ
1112 473 1173 521 ὧν
1192 478 1474 535 παρελθούσῃ
1504 478 1674 522 εὐεστοῖ

423 556 447 600 ὁ
489 561 675 611 Κροῖσος
702 558 750 602 τὸ
788 563 876 602 πᾶν
920 559 961 609 ἐς
998 556 1133 601 αὐτὸν
1174 554 1445 613 ἐπεποιήκεε,
1485 555 1593 600 ἄλλα
1629 561 1727 601 τε45

364 790 443 814 sum
469 777 527 814 sit.
586 777 695 815 Conf.
717 782 846 815 notatt.
868 779 915 815 ad
926 779 1013 815 Cte-

365 835 442 871 siae
462 833 484 870 l.
501 832 522 870 l.
555 845 643 884 pag.
664 836 755 875 100.
787 834 898 881 Quid,
916 834 1016 883 quod

364 889 543 937 Nanidis‚
572 902 666 938 quae
695 890 823 927 Croesi
848 891 956 927 suerit
975 891 1017 926 si-

366 945 436 992 lia,
465 946 598 996 opera,
628 946 743 996 pactis
770 946 857 995 Cyri
883 946 1017 996 nuptiis

364 1002 555 1050 legitimis,
590 1002 713 1039 Persis
745 1015 864 1040 arcem
894 1003 1020 1052 prodi-

366 1063 442 1095 tam
470 1059 603 1106 fuisse,
632 1063 765 1109 poetae
792 1058 924 1096 Graeci
961 1071 1019 1096 ce-

366 1115 550 1160 cinerant,
573 1115 624 1151 uti
642 1119 767 1152 auctor
789 1119 846 1153 est
866 1113 1019 1152 Parthe-

367 1170 449 1207 nius
484 1170 618 1208 Erotic.
658 1169 744 1212 222
799 1171 902 1208 Arcis
935 1183 1021 1208 vero

368 1227 483 1277 ipsius
513 1227 737 1264 historiolam
763 1227 869 1278 quasi
895 1232 1020 1265 conte-

368 1283 443 1319 xuit
474 1283 769 1321 Hemsterhusius
797 1284 845 1320 ad
867 1283 1017 1321 Lucian.

370 1339 577 1389 Contempl.
608 1339 656 1376 Τ.
686 1340 739 1376 Ill
775 1353 811 1390 p.
832 1340 934 1387 385,
963 1340 1020 1387 iis,

370 1408 466 1443 quae
483 1396 658 1444 diximus,
688 1409 763 1432 non
789 1396 1021 1446 praetermis-

370 1451 443 1497 sis,
471 1451 644 1500 aliisque,
680 1464 775 1501 quae
805 1452 852 1488 ad
883 1452 1021 1489 seriora

368 1507 554 1558 pertinent
573 1512 761 1558 tempora,
789 1508 950 1545 adiectis.

540 1590 650 1642 Cap.
681 1590 871 1628 Lxxxv.

428 1677 501 1714 τοῦ
535 1674 604 1714 καὶ
638 1671 825 1728 πρότερον
855 1671 1025 1727 ἐπεμνή-

374 1734 506 1782 σθην]
538 1732 621 1768 vid.
641 1732 678 1779 l,
699 1732 764 1772 34.
789 1733 842 1772 38
876 1737 912 1769 et
933 1745 1026 1781 quae

374 1789 423 1824 ad
461 1792 651 1837 utrumque
683 1788 800 1824 locum
839 1789 1028 1824 adnotavi-

374 1841 589 1882 mus—7:02
610 1841 681 1894 μὲν
704 1841 802 1882 ἄλλα
826 1840 1024 1893 ἐπιεικής.-

376 1900 425 1936 ad
456 1904 595 1937 caetera
629 1900 766 1949 quidem
797 1903 902 1949 aptus
930 1913 959 1936 S.
987 1905 1030 1936 ut

375 1956 485 2004 vulgo
503 1957 678 1994 reddunt:
719 1959 857 1994 caetera
893 1956 1030 2007 quidem

378 2026 446 2050 mm
462 2015 610 2063 ineptus.

435 2069 477 2109 ἐν
499 2071 549 2125 τῇ
570 2062 627 2109 ὦν
651 2064 911 2123 παρελθούσῃ
941 2064 1030 2108 εὕε-

380 2125 488 2176 στοῖ]
536 2121 679 2166 εὐεστώ
726 2126 842 2163 rarius
882 2126 1030 2174 quidem

382 2182 613 2231 vocabulum,
670 2183 738 2220 sed
790 2182 1031 2231 grammaticis

384 2239 574 2288 aliquoties
602 2239 827 2289 explicatum.
867 2238 1035 2275 Occurrit

385 2295 485 2345 apud
519 2295 676 2344 Diogen.
705 2294 829 2333 Laert.
855 2294 929 2342 lx,
966 2294 1032 2335 45.

385 2351 551 2401 Aeschyl.
579 2351 793 2400 Agamemn.
824 2351 916 2393 649.
939 2352 1034 2392 938.

387 2409 490 2459 Sept.
522 2422 551 2445 c.
578 2408 651 2446 Th.
672 2411 775 2455 171,
811 2408 873 2445 ubi
889 2407 1035 2444 Scholia

388 2468 574 2515 exponunt
605 2459 861 2515 εὐδαιμονία,
911 2458 1035 2513 εὔθη-

389 2521 477 2568 νία,
506 2534 615 2570 quam
637 2521 755 2572 ipsam
775 2519 937 2558 voculam
955 2519 1033 2556 He-

390 2577 563 2615 rodoteae
584 2590 731 2627 quoque
755 2577 834 2614 voci
851 2575 1033 2626 explican-

392 2633 460 2669 dae
481 2632 565 2669 olim
585 2634 621 2670 in
637 2634 801 2683 margine
817 2633 1036 2682 adscriptam

390 2687 555 2737 maleque
576 2689 660 2727 dein
675 2690 713 2726 in
731 2690 848 2740 ipsum
866 2688 1037 2726 librorum

392 2748 526 2781 textum
583 2745 773 2796 irrepsisse
825 2745 1036 2782 invenimus,

394 2799 490 2836 Nam
523 2801 559 2837 in
590 2801 672 2838 Aldi
713 2802 873 2839 editione
907 2801 1038 2850 legitur

395 2855 451 2892 hic
470 2851 640 2911 εὖθηνίᾳ
659 2857 828 2907 idemque
849 2859 884 2894 in
906 2857 1038 2895 Parisi-

1083 779 1138 814 nis
1189 776 1371 813 nonnullis
1407 776 1590 814 codicibus
1630 781 1668 815 et
1695 777 1733 814 in

1083 834 1245 882 margine
1271 832 1628 881 Schellershemiani,
1669 834 1732 882 qui

1084 894 1205 927 tamen
1222 890 1258 926 in
1277 890 1358 940 ipso
1375 893 1475 926 textu
1485 890 1592 927 offert
1610 902 1733 926 veram

1087 946 1274 983 lectionem
1313 942 1468 984 εὐεστοῖ
1475 975 1485 993 ,
1524 947 1623 995 quod
1668 946 1734 983 de-

1086 1003 1229 1039 scendit
1256 1002 1302 1038 ab
1333 997 1475 1040 εὐεστώ
1507 1005 1731 1051 prosperitas.

1088 1057 1149 1095 Tu
1170 1059 1240 1095 vid.
1270 1057 1473 1095 Blomfield.
1506 1058 1543 1095 in
1571 1058 1734 1095 Glossar.

1088 1115 1136 1151 ad
1164 1113 1295 1152 Aesch.
1326 1115 1364 1151 S.
1388 1128 1417 1151 c.
1442 1113 1514 1150 Th.
1545 1117 1645 1162 171,
1675 1113 1736 1163 qui

1088 1184 1156 1209 nec
1187 1175 1350 1208 nostrum
1387 1171 1574 1220 praeteriit
1608 1169 1738 1218 locum,

1089 1240 1157 1265 nec
1179 1227 1268 1263 alios
1298 1226 1533 1265 Herodoteos
1553 1226 1624 1274 VI,
1657 1228 1737 1267 128

1089 1288 1126 1323 et
1160 1283 1214 1331 X,
1236 1283 1311 1331 85,
1347 1282 1410 1320 ubi
1424 1283 1626 1321 invenimus
1643 1283 1737 1321 eius-

1089 1341 1172 1378 dem
1211 1340 1336 1391 stirpis
1380 1339 1527 1376 nomina
1566 1335 1740 1378 συνεσταὶ

1089 1396 1253 1445 (epulae)
1289 1400 1326 1434 et
1353 1390 1507 1434 ἄπεστώ
1537 1395 1736 1443 (exilium).

1093 1452 1160 1490 Cr.
1194 1452 1297 1489 addit
1312 1451 1460 1489 Kuster.
1489 1452 1536 1488 ad
1557 1452 1740 1488 Iamblich.

1091 1521 1177 1560 pag.
1201 1509 1291 1548 138.
1349 1508 1502 1555 Restat,
1526 1512 1565 1544 ut
1584 1507 1739 1545 Valcke-

1092 1566 1264 1602 narianae
1300 1563 1565 1601 emendationis
1587 1565 1742 1602 mentio-

1092 1634 1175 1658 nem
1210 1620 1394 1658 saciamuS.
1453 1621 1545 1657 Cum
1581 1621 1677 1658 enim
1705 1621 1742 1657 in

1092 1677 1261 1714 Mediceo
1291 1677 1348 1714 hic
1377 1676 1581 1714 inveniatur
1603 1673 1745 1723 εὕετοῖ,

1093 1734 1343 1771 Herodoteum
1383 1745 1465 1770 esse
1495 1734 1746 1783 suspicabatur

1095 1790 1148 1826 vir
1165 1789 1395 1825 doctissimus
1425 1782 1478 1827 sv’
1493 1785 1604 1829 ετύϊ
1632 1802 1654 1826 a
1678 1801 1745 1826 no-

1096 1846 1193 1883 mine
1233 1839 1384 1891 εὕετῦς,
1423 1845 1560 1892 forma,
1600 1850 1639 1882 ut
1666 1846 1747 1896 ipse

1096 1901 1306 1948 confitetur,
1350 1900 1498 1938 multum
1536 1903 1660 1951 utique
1688 1913 1747 1938 ra-

1098 1960 1192 1996 riore
1209 1970 1317 2006 quam
1340 1952 1496 1996 εὕεστώ.
1553 1958 1601 1996 Et
1616 1958 1685 1995 alia
1708 1958 1746 1994 in

1097 2015 1256 2052 medium
1274 2013 1425 2064 protulit
1438 2015 1609 2067 ‘exempla
1628 2014 1746 2051 nomi-

1098 2084 1184 2108 num
1202 2071 1240 2107 in
1262 2065 1311 2116 ύς
1327 2071 1530 2107 exeuntium
1543 2100 1553 2118 ‚
1573 2071 1747 2107 rariorum

1097 2128 1224 2176 utique
1244 2139 1285 2163 ac
1303 2127 1423 2176 poetis
1442 2127 1559 2174 magis
1578 2128 1748 2174 frequen-

1097 2188 1265 2220 tatorum.
1337 2181 1550 2219 Herodotea
1583 2181 1748 2231 exempla

1099 2239 1218 2276 attulit
1241 2238 1318 2285 IX,
1344 2239 1409 2279 96.
1442 2238 1486 2284 V,
1518 2241 1555 2279 6.
1596 2238 1658 2286 lv,
1679 2239 1746 2279 75.

1100 2295 1170 2332 Est
1190 2295 1335 2344 quidem
1355 2294 1445 2331 haec
1464 2295 1650 2331 annotatio
1683 2295 1748 2331 bo-

1101 2364 1171 2388 nae
1202 2351 1316 2400 srugis
1348 2350 1556 2400 plenissima
1582 2351 1649 2398 iis,
1686 2351 1749 2400 qui

1101 2407 1262 2455 singulas
1298 2407 1481 2443 nominum
1526 2407 1750 2445 Graecorum

1100 2464 1236 2500 formas
1275 2476 1492 2513 pernoscere
1529 2463 1663 2511 velint,
1702 2463 1751 2499 ad

1102 2520 1353 2558 Herodoteaui
1364 2532 1448 2557 vero
1467 2519 1658 2558 lectionem
1673 2518 1751 2556 vul-

1101 2583 1223 2625 gatam
1234 2574 1495 2614 sollicitandam
1505 2581 1567 2614 aut
1585 2575 1664 2614 loco
1673 2588 1751 2613 mo-

1104 2633 1259 2671 vendam
1282 2632 1368 2670 nihil
1384 2632 1503 2671 valere
1523 2633 1668 2684 poterit.

1159 2686 1202 2728 τὸ
1214 2691 1296 2728 πᾶν
1309 2688 1349 2736 ἐς
1370 2684 1489 2729 αὐτὸν
1506 2684 1750 2740 ἐπεποιήκεε]

1105 2744 1259 2783 Locutio
1278 2748 1380 2784 πᾶν
1407 2759 1436 2782 S.
1458 2741 1624 2784 πάντα
1647 2759 1752 2785 ποι-

1107 2815 1122 2839 ε
1135 2805 1204 2850 ῖν,
1233 2802 1370 2839 omisso
1386 2802 1598 2852 plerumque
1623 2801 1751 2838 articu-

1105 2857 1139 2894 lo
1153 2888 1163 2903 ‚
1218 2872 1238 2896 e
1273 2859 1572 2908 frequentissimis
1611 2856 1752 2908 ipsique
