1877 3223
433 223 485 259 lo

837 213 1302 253 HERODOTI

429 325 628 381 δευτέρης
661 325 831 381 ἀδικίης
860 324 1075 380 γενέσθαι.
1133 318 1499 372 καταπλώσαντας
1524 321 1607 377 γὰρ
1628 338 1707 378 μα-

429 410 516 464 κρῇ
546 408 621 462 νηῒ
653 405 695 456 ἐς
721 401 837 448 Αἷοὲν
860 419 902 447 τε
928 401 1008 457 τὴν
1039 402 1228 456 Κολχίδα
1256 400 1330 443 καὶ
1358 399 1428 443 ἐπὶ
1460 402 1602 444 Φᾶσιν
1630 415 1707 444 πο-

429 485 569 541 ταμὸν
578 518 589 539 ,
640 484 842 528 ἐνθεῦτεν
854 515 864 535 ,

919 478 1293 535 διαπρηξαμένους
1341 478 1412 522 καὶ
1446 478 1579 522 τᾶλλα
1617 483 1707 523 τῶν

407 566 591 610 4εἴνεκεν
621 562 827 618 ἀπίκατο,
873 558 1063 616 ἁρπάσαι
1106 561 1186 602 τοῦ
1225 556 1423 614 βασιλέος
1458 557 1538 614 τὴν
1571 562 1706 614 θυγα-

387 732 526 770 monuit
544 731 668 778 Heyse
690 729 856 772 Quaestt.
874 727 1040 766 Herodd.

386 802 422 839 p.
443 791 515 834 67,
549 787 599 822 ita
626 787 663 822 in
690 786 778 834 ipsis
802 786 894 821 adeo
921 784 1039 821 verbis

386 844 538 892 singulis
559 847 666 891 atque
685 841 924 877 locutionibus
943 841 1039 877 idem

385 899 655 948 quodammodo
674 897 793 934 valere
814 897 964 934 videtur.
993 897 1036 934 cf.

386 956 526 994 Herod.
555 955 584 1001 l,
614 957 663 1001 8,
690 955 756 994 32.

443 1033 773 1083 καταπλώσαντας
804 1033 877 1089 γάρ
910 1037 1041 1090 μακρῇ

387 1095 460 1145 νηῒ
489 1110 523 1133 κ.
553 1109 584 1132 τ.
618 1096 685 1139 λ.]
740 1093 894 1142 Longae
930 1105 1040 1129 naxes

389 1152 539 1188 Graecis
619 1150 829 1200 plerumque
893 1149 1041 1186 bellicae

387 1212 509 1253 erant,
532 1207 709 1243 rotundae
745 1206 956 1243 commercio
988 1205 1042 1240 in-

387 1263 602 1300 serviebant.
632 1261 765 1309 Longa
796 1274 888 1299 nave
906 1262 1041 1312 primus

387 1332 473 1355 usus
502 1319 612 1356 fuisse
644 1320 755 1355 fertur
782 1317 892 1353 Iason
923 1317 1040 1367 (Plin.

386 1374 483 1411 Hist.
515 1373 600 1409 Nat.
631 1373 716 1419 VII,
752 1374 831 1421 56)
861 1374 896 1408 in
923 1373 1042 1421 Argo-

385 1434 574 1467 nautarum
597 1429 836 1478 expeditione.
873 1429 957 1471 Qua
984 1433 1040 1464 ta-

385 1498 470 1523 men
502 1485 645 1522 heroica
667 1489 785 1522 aetate
818 1498 860 1522 ac
884 1484 940 1522 xel
972 1497 1040 1534 po-

384 1546 467 1579 stea
506 1540 594 1589 long
581 1542 624 1576 is
666 1541 816 1577 naxibus
855 1541 961 1578 etiam
1003 1540 1040 1577 in

385 1611 426 1635 re
474 1596 687 1634 mercatoria
741 1597 901 1634 Griecos
952 1610 1039 1633 usos

384 1666 467 1691 esse
488 1654 660 1691 videmus.
681 1652 761 1689 Vid.
781 1653 874 1689 infra
894 1652 930 1700 I,
958 1654 1037 1693 163

383 1714 421 1747 ct
453 1723 546 1758 quae
572 1709 619 1746 ad
653 1708 798 1759 Olymp.
834 1710 1038 1746 comment.

382 1765 421 1802 in
463 1765 557 1802 Plat.
603 1763 714 1802 Alcib.
758 1778 796 1816 p.
838 1768 891 1806 71
934 1769 1040 1802 nota-

383 1821 435 1858 vit
462 1821 525 1859 Cr.

439 1902 480 1950 ἐς
498 1899 606 1942 Αἶάν
631 1919 671 1943 τε
694 1901 766 1955 τήν
784 1904 958 1955 Κολχίδα
970 1902 1037 1943 καὶ

382 1957 450 2000 ἐπὶ
485 1961 615 1998 Φᾶσιν
636 1957 836 2010 ποταμόν]
875 1961 943 1997 Vix
961 1962 1037 1997 suf-

383 2016 523 2062 ficient,
570 2029 680 2065 quae,
736 2016 906 2054 laudante
949 2017 1034 2064 Cr

382 2071 514 2120 Heyne
542 2072 579 2108 in
598 2073 773 2110 Observv.
800 2073 847 2109 ad
865 2072 1032 2122 Apollod.

382 2125 419 2173 l,
450 2130 497 2174 9,
527 2126 581 2168 24
607 2129 679 2165 {ine
704 2142 789 2178 pag.
822 2129 874 2170 85
895 2130 1034 2166 notavit

382 2183 430 2220 de
456 2195 542 2221 voce
569 2179 656 2230 αἶα,
687 2186 709 2221 i.
739 2198 768 2222 e.
796 2188 910 2235 γαῖα,
938 2186 1035 2222 unde

382 2239 503 2275 fictum
528 2240 691 2277 xideatur
716 2245 751 2277 et
775 2241 872 2276 urbis
902 2253 1034 2277 nomen

382 2295 419 2330 in
444 2295 615 2331 Colchide
640 2301 676 2332 et
702 2295 844 2342 Αίαῖος
867 2310 933 2345 pro
956 2296 1034 2332 Col-

383 2350 503 2387 chiens
529 2356 565 2388 et
588 2351 693 2388 Circe
718 2352 832 2388 Aeaea
854 2353 1033 2389 eiusdem-

383 2419 455 2455 que
473 2407 587 2443 insula
617 2406 750 2445 Αἰαῖα.
781 2408 916 2444 Plinius
938 2408 1032 2444 Hist.

383 2461 470 2499 Nat.
484 2462 546 2509 Vl,
564 2462 590 2502 4
608 2463 732 2500 urbem
751 2465 911 2501 nominat
927 2464 1034 2501 Aeam

383 2518 481 2554 iuxta
522 2518 657 2555 Phasin
700 2521 865 2566 fiuvium,
925 2533 1033 2570 quam

384 2574 508 2611 urbem
546 2575 681 2623 regiam
719 2577 887 2613 describit
921 2576 1034 2626 Apol-

385 2629 456 2666 lon.
483 2629 602 2666 Rhod.
633 2631 695 2676 lll,
721 2634 801 2673 213
824 2645 903 2681 sqq.
925 2638 1034 2682 atque

384 2684 495 2723 Diod.
522 2686 584 2733 lV,
609 2686 661 2727 48
682 2687 766 2737 ibiq.
785 2688 940 2725 wessel.
959 2689 1034 2726 An-

332 2786 333 2789 *
383 2742 519 2791 tiquam
552 2743 765 2781 Colchorum
795 2746 944 2792 urbem,
975 2746 1035 2782 ubi

385 2799 482 2846 regis
500 2799 608 2836 sedes
627 2801 764 2848 suerat,
795 2801 962 2851 Sybarim
979 2803 1036 2839 hic

383 2854 561 2906 appellat,
607 2868 758 2906 quocum
797 2857 828 2895 C
834 2871 861 2895 r.
899 2860 1036 2897 confert

1098 723 1295 762 Marsham.
1315 724 1483 761 Chronic.
1503 737 1540 774 p.
1551 725 1645 766 382.
1674 723 1751 761 Sed

1096 782 1246 832 propius
1288 780 1357 817 huc
1408 782 1537 818 eodem
1579 783 1750 818 monente

1096 841 1283 887 spectant,
1331 849 1424 885 quae
1463 837 1500 873 in
1547 836 1657 873 schol.
1700 836 1749 873 ad

1094 893 1262 944 Apollon.
1283 893 1404 930 Rhod.
1428 893 1482 940 11,
1512 892 1593 933 417
1619 892 1747 941 legun-

1095 954 1169 987 tur:
1198 948 1228 1000 ή
1243 945 1306 988 Αἷ
1312 964 1353 997 α,
1383 944 1494 995 πόλις
1512 950 1583 999 τῆς
1606 947 1745 998 Κολχί-

1097 1006 1180 1052 δος·
1218 1001 1318 1054 αὕτη
1357 1001 1421 1044 ἐπ’
1459 1002 1638 1056 ἐσχάτοις
1669 1007 1747 1043 κεῖ-

1096 1077 1160 1101 ται
1186 1064 1257 1113 τῆς
1276 1059 1523 1112 οἰκουμένης.
1548 1057 1685 1100 ’Ἁλλοι
1703 1058 1747 1099 δὲ

1096 1116 1170 1168 τήν
1206 1121 1283 1170 γῆν
1310 1120 1381 1168 τῆς
1411 1114 1608 1167 Κολχίδος
1644 1115 1749 1163 ἰδίας

1099 1172 1213 1214 αἶαν
1241 1177 1449 1213 καλεῖσθαι
1471 1172 1664 1225 λέγουσιν,
1686 1176 1750 1209 aut

1098 1232 1294 1269 secundum
1326 1230 1463 1267 scholia
1493 1229 1632 1266 Paris.:
1662 1226 1749 1280 ἡδὲ

1097 1284 1179 1326 Αἶα
1201 1287 1377 1326 ἐνταῦθα
1393 1282 1508 1337 ἢῑτήν
1520 1287 1597 1337 γῆν
1613 1283 1751 1331 ἆπλῶς

1099 1343 1282 1393 σημαίνει
1304 1338 1333 1393 ἢ
1349 1342 1460 1388 ἰδίως
1477 1338 1549 1393 τήν
1574 1341 1750 1392 Κολχίδα

1096 1402 1174 1451 γῆν
1197 1395 1324 1445 οὕτως
1344 1395 1524 1438 ἐκάλουν.
1555 1398 1597 1437 οἱ
1620 1396 1663 1438 δὲ
1680 1396 1749 1436 καὶ

1096 1452 1212 1495 πόλιν
1258 1454 1410 1503 ἔφασαν
1458 1454 1631 1505 Κολχίδα
1671 1451 1748 1504 τήν

1096 1508 1214 1550 Αἶαν.
1271 1511 1321 1548 Et
1366 1513 1413 1549 ad
1450 1511 1523 1558 IV,
1571 1509 1679 1552 1074
1708 1512 1746 1548 in

1096 1568 1239 1605 scholiis
1289 1569 1388 1618 prius
1433 1568 1539 1605 editis
1594 1567 1746 1616 legimus

1096 1624 1289 1664 Αἰαίαν
1323 1624 1478 1661 insulam
1511 1625 1547 1660 in
1573 1623 1746 1670 Phaside,

1095 1682 1156 1718 ubi
1195 1681 1306 1718 vellus
1339 1693 1485 1718 aureum
1519 1679 1744 1717 reconditum

1095 1738 1220 1784 suerit,
1259 1737 1485 1785 eandemque
1525 1735 1745 1772 Colchorum

1094 1793 1321 1843 metropolin.
1349 1793 1462 1830 Addit
1490 1792 1646 1840 denique
1675 1791 1743 1829 Cr.

1096 1850 1139 1886 C.
1162 1850 1206 1886 Ο.
1230 1850 1389 1896 ΜϋΠει-.,
1421 1848 1480 1897 qui
1507 1848 1544 1885 iu
1572 1847 1743 1885 Orchom.

1093 1919 1129 1956 p.
1151 1906 1231 1947 274
1257 1911 1342 1956 apte
1363 1904 1520 1951 monuit,
1555 1899 1639 1942 Αἶα
1663 1917 1744 1941 cum

1092 1962 1139 1998 sit
1173 1962 1297 1998 vocula
1337 1961 1533 1998 latissimae
1570 1960 1744 2008 notionis,

1091 2030 1185 2066 quae
1232 2018 1510 2055 remotissimam
1561 2029 1745 2066 quamque

1089 2077 1223 2111 terram
1253 2076 1443 2122 minusque
1471 2073 1653 2121 cognitam
1675 2074 1742 2110 de-

1090 2130 1213 2178 signet
1250 2134 1286 2168 et
1327 2131 1374 2166 ad
1409 2129 1564 2179 priscam
1599 2127 1742 2165 fabulo-

1089 2198 1241 2234 samque
1270 2189 1427 2223 aetatem
1464 2184 1618 2221 maxime
1656 2197 1741 2234 per-

1090 2242 1222 2286 tineat,
1252 2253 1274 2277 a
1302 2246 1405 2292 patre
1435 2241 1605 2277 historiae
1632 2241 1739 2278 addi-

1088 2300 1166 2333 tum
1200 2310 1281 2333 esse
1313 2296 1506 2347 Κολχίδα,
1543 2297 1644 2346 quod
1674 2310 1739 2334 vo-

1089 2352 1275 2400 cabulum,
1313 2366 1392 2390 cum
1419 2353 1620 2400 Homerus,
1659 2353 1739 2392 He-

1089 2409 1230 2455 siodus,
1260 2409 1338 2455 alii,
1368 2410 1545 2458 ignorent,
1574 2413 1659 2459 post
1673 2410 1739 2447 de-

1088 2478 1184 2501 mum
1220 2466 1428 2513 invaluerit,
1473 2465 1636 2503 consulto
1680 2465 1738 2502 hic

1088 2522 1284 2568 adiectum,
1333 2536 1405 2571 quo
1455 2523 1590 2559 latioris
1637 2522 1737 2559 vocis

1087 2577 1158 2614 vim
1180 2579 1374 2615 accuratius
1397 2579 1555 2615 definiat.

1146 2628 1329 2680 ἀπίκατο]
1361 2635 1419 2673 De
1443 2636 1509 2672 hac
1527 2634 1735 2685 plusquam-

1089 2691 1237 2741 perfecti
1262 2693 1378 2728 forma
1402 2691 1485 2728 alibi
1505 2704 1649 2741 quoque
1669 2692 1736 2728 ob-

1089 2747 1146 2783 via
1173 2747 1260 2795 (lv,
1292 2748 1372 2789 140
1406 2748 1492 2796 VII,
1538 2750 1617 2790 153
1646 2748 1737 2795 etc.)

1089 2809 1234 2854 praeter
1258 2805 1460 2853 Schweigh.
1485 2805 1533 2842 ad
1558 2805 1593 2841 h.
1614 2804 1637 2842 l.
1662 2803 1734 2842 vid.

1091 2859 1220 2899 matth.
1236 2859 1273 2912 ς.
1291 2864 1387 2910 204,
1406 2864 1433 2903 6
1459 2875 1495 2914 p.
1514 2862 1610 2902 377.
