1909 3228
608 218 1131 258 EUTERPE.11.

1348 220 1433 260 749

170 347 259 382 ων,
306 329 430 375 ὁκότε
460 331 743 386 συμμίσγοιεν
771 334 884 372 τοῖσι
911 328 1110 385 ““Ἐλλησι,
1159 326 1428 381 ἀπώλλυντο,

169 407 310 453 αὐτοῦ
352 410 397 453 δὲ
429 408 632 464 Πριάμου
662 407 744 452 οὐκ
775 409 862 452 ἔστι
897 408 968 452 ὅτε
1010 406 1064 451 οὐ
1095 406 1176 452 δύο
1204 408 1233 464 ἢ
1260 413 1375 462 τρεῖς
1401 407 1430 464 ἢ

166 489 239 532 καὶ
270 489 330 532 ἔτι
358 490 533 538 πλείους
561 491 647 530 τῶν
665 489 857 539 παίδων,
890 487 1027 543 μάχης
1052 487 1302 543 γινομένης,
1325 487 1430 531 άπέ*

167 573 386 624 θνησκον,
427 569 462 610 εἰ
491 566 570 622 χρή
599 583 640 608 τι
669 571 782 609 τοῖσι
811 566 1055 609 ἐποποιοῖσι
1083 566 1329 623 χρεώμενον
1357 568 1427 610 λε’-

139 651 279 702 4γειν·
312 646 481 690 τούτων
512 645 556 688 δὲ
593 644 808 688 τοιούτων
846 644 1198 700 συμβαινόντων,
1237 645 1318 702 ἐγώ
1350 646 1428 702 μὲν

166 726 373 781 ἔλπομαι,
433 727 468 767 εἰ
509 725 581 767 καὶ
619 722 752 773 αὐτὸς
791 725 992 778 Πρίαμος
1034 726 1228 768 συνοίκεε
1263 724 1426 782 Ἑλένῃ,
1442 733 1484 765 10

167 804 415 848 ἀποδοῦναι
446 803 501 846 ἂν
531 800 670 857 αὐτὴν
705 807 819 844 τοῖσι
851 800 1076 858 Ἀχαιοῖσι,

1135 803 1346 858 μέλλοντά
1380 820 1427 859 γε

137 885 222 938 ὃδὴ
253 887 341 926 τῶν
371 880 624 936 παρεόντων
652 884 801 923 κακῶν
831 880 1221 938 ἀπαλλαγήσεσθαι.
1263 881 1317 927 οὐ
1349 883 1426 939 μὲν

164 960 267 1005 οὐδὲ
296 960 321 1017 ἡ
353 963 552 1017 βασιληίη
593 961 636 1010 ἐς
668 959 948 1014 Ἀλέξανδρον
982 962 1168 1018 περιηϊε,
1218 961 1326 1005 ὥστε
1355 963 1425 1018 γέ-

165 1058 320 1095 ροντος
352 1040 560 1096 Πριάμου
592 1038 762 1091 ἐόντος,
813 1037 879 1082 ἐπ’
915 1038 1064 1096 ἐκείνῳ
1104 1039 1157 1083 τὰ
1195 1039 1426 1096 πρήγματα

166 1118 277 1163 εἶναι
290 1135 299 1144 ·

358 1118 466 1163 ἀλλὰ
496 1120 696 1174 ”Ἐκτωρ,
745 1118 817 1162 καὶ
862 1117 1153 1175 πρεσβύτερος
1191 1120 1264 1163 καὶ
1315 1117 1482 1176 άνὴρ15

163 1198 329 1242 ἐκείνου
358 1203 520 1254 μᾶλλον
551 1198 658 1249 ἐών,
689 1198 830 1253 ἔμελλε
855 1195 994 1253 αὐτὴν
1017 1196 1223 1254 Πριάμου
1255 1197 1427 1243 άποθα-

162 1277 319 1329 νόντος
350 1276 719 1333 παραλάμψεσθαι
735 1291 743 1301 ·

796 1276 874 1320 τόν
905 1276 958 1320 ου’
989 1282 1179 1334 προσῆκε
1209 1276 1427 1322 άδικέοντι

161 1362 223 1416 τῷ
252 1356 448 1414 ἀδελφεῷ
479 1357 742 1410 ἐπιτρέπειν,
782 1357 854 1400 καὶ
882 1360 1018 1400 ταῦτα
1049 1356 1248 1413 μεγάλων
1277 1362 1426 1401 κακῶν

162 1436 215 1480 δι’
245 1435 380 1480 αὐτὸν
412 1435 746 1492 συμβαινόντων
776 1438 864 1492 ἰδίῃ
894 1453 938 1480 τε
967 1436 1042 1478 καὶ
1072 1434 1190 1492 αὐτῷ
1218 1437 1292 1478 καὶ
1311 1440 1426 1479 τοῖσι

161 1515 331 1559 ἄλλοισι
369 1519 474 1558 πᾶσι
517 1516 673 1570 Τρωσί.

730 1513 841 1558 Ἀλλ’
885 1513 939 1558 οὐ
975 1514 1059 1570 γὰρ
1102 1513 1218 1570 εἶχον
1249 1514 1481 1572 ἙλένηνΞΟ

160 1594 404 1639 ἀποδοῦναι
435 1592 538 1637 οὐδὲ
567 1594 740 1650 λέγουσι
773 1593 942 1638 αὐτοῖσι
979 1593 1058 1650 τήν
1088 1592 1305 1650 άληθηΐην
1333 1594 1425 1637 ἐπί-

160 1686 315 1718 στευον
345 1676 387 1718 οἱ
404 1675 626 1730 “Ἐλληνες·
659 1673 717 1724 ὠς
744 1675 823 1729 μὲν
860 1674 941 1730 ἐγώ
969 1672 1148 1729 γνώμην
1176 1671 1425 1729 ἀποφαίνο-

160 1770 260 1808 μαι,
289 1757 372 1796 τοῦ
403 1754 635 1809 δαιμονίου
666 1753 1094 1808 παρασκευάζοντος,
1134 1752 1245 1805 ὅκως
1274 1769 1422 1796 πανω-

106 1985 258 2021 eamque
285 1972 486 2021 longiorem
517 1971 641 2008 inferri
673 1971 760 2009 soli-

102 2034 187 2066 tam.

160 2132 272 2176 ὁκότε
296 2138 552 2189 συμμίσγοιεν
565 2135 760 2178 τοῖσίΈλ-

103 2196 211 2243 λησι]
246 2191 538 2247 συμμιγνύναι,
571 2209 645 2233 cum
663 2196 758 2233 hoste

103 2250 290 2298 congredi;
320 2256 360 2288 ut
387 2252 426 2298 I,
452 2254 543 2292 127.
578 2254 657 2293 166
686 2257 754 2290 etc-

103 2307 208 2342 ——In
230 2320 331 2356 seqq.
352 2308 560 2345 formulam:
582 2303 656 2347 οὐκ
678 2307 756 2348 ἔστι

102 2358 164 2401 Γόιέ
194 2358 240 2400 οὕ
273 2364 456 2401 cultiorem
488 2365 576 2402 dicit
604 2364 755 2403 Wesse-

103 2417 190 2466 ling.
209 2418 409 2468 Schweigh.
430 2420 466 2456 in
482 2420 548 2457 lex.
567 2421 706 2458 Herod.
726 2435 754 2459 s.

105 2487 140 2511 v.
161 2470 225 2512 ὅτε
245 2475 318 2512 eius
344 2489 489 2513 sensum
518 2477 568 2513 ita
586 2478 753 2527 exponit:

106 2559 130 2576 ‚,
144 2528 223 2566 Non
244 2534 293 2567 est
313 2532 408 2579 (veh
435 2532 626 2581 nonfuit),
648 2547 752 2583 quum

105 2599 171 2622 non
191 2590 272 2633 etc„
302 2588 339 2624 id
360 2592 435 2625 est:
464 2601 643 2638 nunquam
662 2603 751 2634 non,-

105 2654 232 2692 semper
260 2645 391 2692 quoties
412 2644 556 2693 factum
579 2646 751 2694 proelium

105 2702 155 2735 est
178 2701 272 2736 etc.“
295 2721 343 2726 —
376 2698 541 2750 ἔλπομαι
561 2706 636 2738 est:
652 2706 753 2751 puto,

104 2757 281 2801 existimo,
314 2760 353 2793 ut
372 2756 410 2802 Ι,
441 2756 506 2797 65-
537 2756 593 2804 Π,
613 2760 675 2798 11.
698 2761 752 2798 26

105 2815 171 2849 etc.
210 2832 265 2839 —-
313 2811 372 2849 Ad
411 2808 469 2850 ου’
509 2810 594 2862 μὲν
633 2809 753 2852 ου’δὲ

104 2868 199 2905 conf.
233 2867 290 2916 ΙΙ,
314 2870 386 2915 12,
424 2869 484 2905 ubi
513 2868 662 2918 legitur:
697 2865 752 2909 ου’

828 1968 926 2023 μήν
956 1966 1082 2010 οὐδέ.
1132 1970 1213 2009 Nec
1231 1975 1354 2009 tamen
1373 1972 1480 2020 quid-

826 2042 935 2078 quam
955 2029 1179 2065 mutandum.

883 2079 942 2123 ἐπ’
964 2083 1100 2137 ἐκείνῳ
1119 2081 1167 2122 τά
1195 2079 1405 2135 πρήγματα
1427 2080 1478 2122 εἶ-

827 2139 915 2190 ναι]
955 2141 1058 2178 Bene
1090 2141 1476 2188 Schweighaeuserus:

827 2200 868 2233 ut
886 2210 999 2234 rerum
1017 2209 1149 2233 summa
1176 2210 1276 2246 penes
1297 2197 1398 2233 illum
1414 2197 1477 2246 fo-

824 2257 886 2290 ret.
945 2253 1043 2290 Nam
1088 2249 1298 2304 πράγματα
1344 2254 1478 2290 indicat

823 2312 1001 2359 imperium
1014 2340 1024 2356 ‚
1042 2322 1154 2346 rerum
1171 2322 1347 2346 summam.
1367 2310 1475 2346 Conf.

823 2370 915 2403 nott.
925 2367 969 2403 ad
981 2366 1157 2402 Plutarch.
1169 2366 1321 2402 Flamin.
1335 2380 1370 2416 p.
1383 2368 1474 2406 119.

822 2422 880 2459 De
921 2435 987 2458 usu
1026 2422 1306 2472 praepositionis
1344 2420 1409 2461 ἐπὶ
1439 2422 1474 2459 in

821 2478 1019 2515 locutione:
1059 2474 1117 2516 ἐπ’
1155 2477 1292 2531 ἐκείνῳ
1333 2479 1475 2515 monuit

820 2534 980 2571 Fischer.
1002 2535 1050 2571 ad
1058 2533 1206 2571 WVeller.
1219 2534 1283 2581 ΙΠ,
1293 2536 1318 2575 6
1330 2547 1366 2585 Ρ.
1378 2535 1473 2575 235.

819 2611 875 2617 -
903 2590 943 2626 In
969 2603 1071 2639 seqq.
1099 2586 1202 2641 ἁνήρ
1237 2603 1346 2628 sensu
1386 2592 1474 2628 emi-

823 2647 925 2683 nenti
955 2647 1221 2696 accipiendum,
1252 2647 1298 2684 de
1326 2659 1399 2696 quo
1427 2648 1472 2685 cf.

823 2701 911 2747 V‚11
933 2705 1014 2743 210
1035 2703 1157 2751 ibique
1177 2702 1350 2740 Valcken.

878 2760 950 2796 τοῦ
979 2759 1187 2808 δαιμονίου
1220 2754 1471 2810 παρασκευά-

823 2814 957 2861 ζοντος
976 2845 986 2861 ,
1024 2811 1124 2861 όκως
1152 2816 1410 2870 πανωλεθρίῃ
1433 2830 1468 2854 κ.

820 2885 851 2908 τ.
873 2869 922 2920 λ.]
964 2870 1151 2909 Pertinent
1180 2872 1249 2910 huc
1275 2885 1346 2920 ea,
1375 2885 1469 2922 quae
