1909 3228
427 181 511 222 358

815 175 1280 217 HERODOTI

401 285 690 342 8,,έκδιδόναι
700 291 746 338 ,·“
780 286 866 329 Τὸν
884 286 930 329 δὲ
949 279 1072 336 αὖτις
1089 282 1355 340 ἀμείψασθαι
1374 287 1529 329 τοῖσδε.
1558 284 1738 337 „Na240

430 365 645 419 ,,κελεύω,
679 367 751 408 ἵνα
777 379 824 418 γε
855 361 1139 418 ἀσεβήσαντες
1167 367 1338 406 θᾶσσον
1358 362 1594 420 ἀπόλησθε·
1624 362 1683 415 ὥς

435 445 528 502 ,,μὴ
558 444 606 488 τὸ
635 441 792 486 λοιπόν
820 442 919 496 περὶ
951 442 1124 485 ἱκετέων
1152 439 1349 492 ἐκδόσιος
1377 441 1526 499 ἔλθητε
1550 443 1618 487 ἐπὶ
1633 443 1680 486 τὸ

282 530 381 575 160
438 521 772 579 ,,χρηστήριον.“
836 523 981 564 Ταῦτα
1011 518 1068 572 ὥς
1096 517 1402 575 ἀπενειχθέντα
1429 518 1623 577 ἤκουσαν
1642 522 1685 565 οἱ

109 593 175 623 chu
203 594 343 630 Paetyam
362 602 380 621 a

107 628 248 655 Cumania
287 629 324 655 ad
356 628 379 655 i-

106 669 175 695 pson
211 661 277 687 able
301 666 380 688 ntum

105 702 165 728 qua
182 702 279 721 merce
303 703 320 721 c
347 694 383 721 il-

438 605 629 656 Κυμαῖοι
648 632 659 651 ,
706 597 762 642 ου’
790 599 1052 655 βουλόμενοι
1082 597 1180 643 οὔτε
1209 598 1405 651 ἐκδόντες
1435 596 1685 651 ἀπολέσθαι,

104 727 176 756 {eeu
206 728 304 755 Persis
321 731 383 755 tra-

108 760 248 788 diderint.

439 678 539 723 οὕτε
557 674 662 731 παρ’
694 676 893 721 ἑωυτοῖσι
923 678 1089 734 ἔχοντες
1125 678 1480 732 πολιορκέεσθαι,
1518 678 1563 730 ἐς
1591 681 1742 722 Μυ-45

410 755 613 812 Ξτιλήνην
642 755 778 800 αὐτὸν
807 757 1084 812 ἐκπέμπουσι.
1113 758 1157 801 οἱ
1185 757 1230 800 δὲ
1260 760 1572 812 Μυτιληναῖοι,
1599 757 1687 801 ἐπι-

432 835 675 891 πέμποντος
717 839 798 879 τοῦ
842 836 1073 891 Μαζάρεος
1119 835 1317 893 ἀγγελίας
1352 835 1571 880 ἐκδιδόναι
1608 835 1688 880 τὸν

434 914 667 970 Πακτύην,
698 914 1070 969 παρεσκευάζοντο
1101 915 1170 959 ἐπὶ
1205 919 1349 972 μισθῷ
1379 915 1467 972 ὅσῳ
1497 915 1570 972 δή·

1630 913 1685 959 οὐ

434 993 517 1049 γὰρ
551 994 630 1050 ἔχω
659 992 793 1036 τοῦτό
822 1010 869 1050 γε
900 995 1035 1038 εἰπεῖν
1069 992 1296 1050 ἀτρεκέως·
1330 993 1384 1037 οὐ
1410 993 1493 1050 γάρ
1523 993 1686 1038 ἐτελεώ-

405 1080 427 1114 3
439 1078 510 1129 θη.

569 1076 763 1127 Κυμαῖοι
792 1073 898 1128 γὰρ,
949 1071 1009 1124 ὥς
1040 1073 1206 1129 ἔμαθον
1243 1076 1380 1117 ταῦτα
1408 1072 1688 1128 πρησσόμενα

433 1151 481 1202 ἐκ
509 1155 597 1195 τῶν
627 1153 962 1208 Μυτιληναίων,
991 1151 1232 1209 πέμψαντες
1259 1157 1414 1196 πλοῖον
1443 1151 1485 1204 ἐς
1505 1143 1746 1207 Λέσβονζ5ο

406 1230 712 1286 4έκκομίζουσι
742 1229 949 1287 Πακτύην
981 1231 1023 1283 ἐς
1052 1234 1168 1276 Χίον.
1197 1231 1398 1275 ἐνθεῦτεν
1427 1231 1496 1284 δὲ,
1527 1231 1568 1284 ἐξ
1589 1232 1690 1286 ἱροῦ

431 1309 664 1366 Ἀθηναίης
694 1309 944 1367 Πολιούχου
974 1308 1274 1362 ἀποσπασθεὶς
1311 1308 1398 1354 ὑπὸ
1427 1312 1570 1364 Χίων,
1611 1310 1691 1364 ἐξε-

436 1525 503 1565 vva
523 1540 573 1578 γε
612 1520 903 1576 ἀσεβήσαντες]
944 1526 1027 1564 Ste-

380 1594 469 1631 gero
487 1582 606 1619 Praef.
624 1582 671 1618 ad
691 1582 829 1619 Herod.
846 1596 882 1632 p.
902 1582 935 1619 X
951 1595 1028 1619 ma-

381 1639 437 1686 gis
467 1651 508 1675 ex
539 1637 712 1686 loquendi
745 1651 811 1674 usu
847 1639 1028 1675 Herodoti

381 1694 540 1731 videtur:
577 1694 645 1732 ἵνα
678 1707 726 1732 τε
755 1689 1028 1745 ἀσεβήσαντες.

382 1750 493 1793 Quod
518 1755 661 1796 tamen,
690 1762 750 1786 me
773 1755 939 1798 auctore,
964 1751 1031 1787 mi-

382 1806 478 1843 nime
500 1805 756 1856 recipiendum.

579 1888 612 1925 C
625 1901 645 1926 a
656 1901 693 1939 p.
723 1887 838 1926 CLX.

385 2011 395 2031 ¹
427 1969 468 2019 ἒς
485 1967 726 2022 Μυτιλήνην
747 1993 795 1999 -
821 1971 863 2012 οἵ
880 1969 923 2012 δὲ
941 1974 1032 2011 Μυ-

381 2031 599 2078 τιληναῖοι]
639 2027 698 2066 De
727 2029 824 2066 vocis
854 2029 1031 2079 scriptura

380 2087 522 2133 egimus
540 2086 587 2122 ad
608 2084 645 2132 I,
665 2087 793 2126 27.—
812 2085 1030 2123 Universam

378 2141 506 2179 Nostri
548 2141 792 2179 narrationem
822 2142 868 2179 de
894 2141 1029 2190 Pactya

377 2197 752 2247 Mytilenaeorumque
787 2202 823 2235 et
857 2198 1029 2235 Chiorum

378 2267 490 2304 prava
510 2253 643 2303 agendi
672 2254 813 2292 ratione
832 2254 1028 2304 reprehen-

379 2311 433 2347 dit
451 2310 659 2346 Plutarchus
692 2311 750 2358 (ll
771 2325 807 2361 p.
828 2313 931 2358 859,
954 2310 1028 2359 A),

377 2367 477 2415 quod
495 2366 706 2404 Herodotus
734 2367 770 2403 in
793 2367 1027 2414 Graecorum,

377 2422 604 2473 popularium
635 2436 801 2471 suorum,
827 2423 933 2461 rebus
952 2427 1027 2460 tra-

379 2479 508 2516 dendis
531 2492 605 2515 nou
622 2479 708 2515 satis
727 2479 864 2516 illorum
888 2479 1027 2528 gloriae

381 2534 608 2572 consuluerit.
646 2533 700 2572 Ac
717 2535 893 2573 Charonis
916 2534 1027 2572 Lam-

380 2592 526 2640 psaceni
565 2593 720 2641 opponit
767 2593 1028 2639 auctoritatem,

382 2646 468 2682 nihil
487 2648 533 2685 de
547 2647 717 2686 Chiorum
728 2661 795 2686 nec
812 2648 1028 2697 Mytilenae-

382 2713 483 2738 orum
523 2704 656 2741 scelere
694 2706 893 2742 referentis.
951 2704 1027 2742 Sed

384 2756 495 2805 ipsius
516 2759 692 2796 Charonis
722 2762 830 2799 verba
857 2774 929 2797 uon
959 2761 1026 2798 rite

381 2812 529 2862 intelligi
557 2820 748 2864 poterunt,
782 2818 849 2854 nisi
873 2817 1027 2868 copiosi-

1095 1539 1195 1565 orem
1218 1527 1435 1565 adsumseris
1460 1526 1641 1565 Herodoti
1661 1540 1745 1564 nar-

1096 1584 1290 1630 rationem,
1321 1597 1387 1621 nec
1406 1584 1474 1620 iste
1495 1585 1646 1634 scriptor
1672 1584 1745 1622 fide

1096 1653 1359 1689 usquequaque
1380 1639 1512 1688 diguus
1527 1669 1538 1688 ‚
1567 1653 1675 1690 quem
1698 1641 1744 1678 ab

1096 1696 1287 1733 Herodoto
1314 1697 1351 1732 in
1383 1696 1532 1732 historia
1560 1708 1626 1733 sua
1658 1709 1745 1733 cou-

1100 1752 1289 1788 scribenda
1321 1752 1522 1789 consultum
1550 1757 1613 1788 aut
1647 1756 1746 1790 certe

1098 1806 1146 1843 illi
1176 1808 1403 1844 obversatum
1435 1821 1516 1845 esse
1547 1821 1591 1846 eo
1628 1808 1746 1846 minus

1099 1863 1323 1901 crediderim.
1381 1863 1464 1901 vid.
1503 1864 1675 1902 Creuzer.
1709 1865 1746 1902 in

1098 1919 1265 1968 sragmm.
1295 1919 1472 1957 historice.
1507 1933 1544 1970 p.
1565 1923 1645 1962 100
1670 1934 1746 1970 seq.

1099 1979 1136 2013 et
1169 1975 1387 2014 Dahlmann.
1410 1976 1590 2014 Herodot.
1607 1990 1646 2028 p.
1665 1979 1746 2019 117

1099 2044 1177 2081 seq.

1151 2083 1486 2138 παρεσκευάζοντο
1516 2086 1580 2127 ε’πὶ
1609 2090 1746 2142 μισθῷΙ

1096 2140 1189 2197 ’ὅσῳ
1210 2140 1291 2194 δή]
1314 2144 1337 2181 i.
1358 2157 1389 2180 e.
1407 2173 1431 2191 „
1441 2157 1498 2180 um
1517 2146 1612 2181 einen
1629 2143 1745 2192 Lolm,

1096 2202 1160 2236 wie
1187 2212 1285 2248 grass
1317 2200 1395 2237 oder
1422 2202 1548 2248 get-ing
1581 2213 1617 2237 er
1653 2200 1745 2237 ancli

1095 2268 1177 2305 seyn
1199 2256 1367 2292 mochtef‘
1414 2256 1469 2293 lta
1489 2257 1745 2307 interpretatur

1094 2311 1182 2349 haec
1212 2311 1387 2349 Matthiae
1420 2325 1464 2350 eo
1505 2312 1606 2360 loco,
1636 2325 1745 2363 quem

1093 2367 1165 2404 iam
1185 2368 1327 2405 laudavi
1349 2368 1396 2405 ad
1424 2368 1464 2416 I,
1485 2370 1576 2410 157.
1635 2370 1743 2407 Conf.

1095 2423 1150 2472 Π,
1183 2426 1274 2465 103.

1151 2478 1190 2528 ἐξ
1207 2480 1299 2532 ἱροῦ
1328 2474 1549 2531 Ἀθηναίης
1571 2476 1745 2520 Πολιού-

1096 2551 1168 2587 χου
1191 2532 1469 2583 ἀποσπασθεὶς
1483 2552 1519 2576 κ.
1541 2552 1573 2575 τ.
1591 2539 1638 2582 λ.]
1669 2537 1743 2575 Mi-

1096 2605 1242 2630 nervam
1266 2593 1487 2631 Athenarum
1516 2594 1554 2630 in
1575 2606 1658 2631 arce
1681 2595 1743 2645 pie

1095 2649 1224 2686 cultam
1248 2645 1428 2688 Πολιάδα
1449 2664 1478 2688 s.
1503 2651 1741 2701 Πολιοῦχον,

1095 2706 1200 2742 deam
1222 2706 1408 2744 tutelarem
1425 2720 1532 2744 nemo
1544 2707 1618 2744 sere
1636 2708 1741 2756 igno-

1094 2767 1157 2797 rut.
1221 2763 1307 2800 lude
1326 2762 1418 2800 hanc
1445 2764 1550 2800 (leam
1569 2762 1675 2800 lones
1698 2776 1740 2801 ex

1093 2818 1209 2854 Attica
1230 2832 1349 2858 secum
1364 2820 1400 2857 in
1414 2819 1572 2857 colonias
1582 2820 1739 2867 duxisse,

1754 922 1809 961 77
