1909 3228
684 233 980 272 CL10.1.

178 344 236 388 Ξὸ
263 347 421 388 τοῦτον
458 344 730 388 καταινέουσι
768 342 947 398 βασιλέα
983 344 1107 399 σφίσι
1143 340 1266 386 εἶναι.

1373 232 1454 275 251

1333 342 1383 386 Ὁ
1413 342 1451 386 ὁ,

204 423 368 467 ἐκέλευε
399 422 558 474 αὐτοὺς
589 424 703 467 οἰκία
731 439 775 466 τε
805 422 950 482 ἑωυτῷ
990 421 1086 474 ἄξια
1119 424 1192 479 τῆς
1230 424 1455 479 βασιληΐης

206 505 511 559 οἰκοδομῆσαι,

177 587 379 627 3ποιεῦσι
408 583 461 638 δὴ
497 585 632 626 ταῦτα
672 583 716 626 οἱ
744 583 907 637 Μῆδοι.

574 504 648 546 καὶ
704 506 913 557 κρατῦναι
970 500 1102 546 αὐτὸν
1152 499 1454 556 δορυφόροισι.

967 581 1271 637 οἰκοδομέουσί
1301 596 1344 623 τε
1372 578 1453 635 γὰρ

208 660 325 721 αὐτῷ
351 663 466 704 οἰκία
492 660 656 717 μεγάλα
684 677 728 703 τε
757 661 830 703 καὶ
863 659 1042 716 ἰσχυροὶ,
1075 661 1147 702 ἴνα
1177 658 1306 711 αὐτὸς
1327 659 1510 714 ἔφρα-45

207 753 254 784 σε
283 744 357 795 τῆς
385 740 545 796 χώρης·
590 741 663 783 καὶ
703 739 984 796 δορυφόρους
1025 738 1143 797 αὐτῷ
1181 738 1456 792 ἐπιτρέπουσι

180 819 260 862 4ἐκ
286 817 461 862 πάντων
491 818 659 874 Μήδων
697 819 1022 871 καταλέξασθαι.
1078 817 1126 860 Ὃ
1157 818 1224 870 δὲ,
1267 813 1326 868 ὦς
1362 817 1453 871 ἔσχε

205 897 284 953 τήν
314 896 470 953 ἀρχὴν,
500 897 603 949 τοὺς
629 897 813 954 Μήδους
841 896 1055 954 ἠνάγκασε
1078 899 1127 941 ἓν
1151 896 1340 952 πόλισμα
1362 910 1453 939 ποι-

204 975 417 1031 ήσασθαι,
447 977 520 1019 καὶ
548 981 679 1021 τοῦτο
712 977 1082 1032 περιστέλλοντας,
1114 980 1199 1020 τῶν
1221 977 1365 1020 ἄλλων
1387 969 1456 1032 ἧσ-

178 1063 199 1097 5
210 1067 289 1099 σον
327 1054 609 1111 ἐπιμέλεσθαι.

675 1056 945 1112 πειθομένων
994 1056 1039 1099 δὲ
1077 1055 1150 1099 καὶ
1187 1059 1323 1098 ταῦτα
1368 1057 1457 1097 τῶν

206 1133 401 1190 Μήδων,
439 1136 681 1190 οἰκοδομέει
709 1138 844 1191 τείχεα
883 1133 1045 1191 μεγάλα
1082 1151 1126 1178 τε
1156 1134 1229 1179 καὶ
1256 1132 1457 1189 καρτεροὶ,
1471 1139 1514 1173 50

206 1216 340 1255 ταῦτα
379 1212 431 1256 τὰ
469 1217 553 1256 νῦν
587 1212 827 1269 Ἀγβάτανα
867 1213 1088 1270 κέκληται,
1144 1213 1291 1269 ἕτερον
1324 1211 1454 1267 ἑτέρῳ

179 1298 201 1330 6
210 1291 354 1350 κύκλῳ
385 1293 624 1336 ἐνεστεῶτα.

207 1473 274 1513 καὶ
307 1478 425 1515 τοῦτο
459 1474 797 1528 περιστέλλοντας]

151 1533 174 1569 i.
196 1546 228 1570 e.
259 1531 320 1568 hoc
348 1536 536 1584 praecipue
567 1537 727 1571 curantes
756 1546 800 1571 ac

152 1591 302 1635 tuentes,
329 1589 367 1625 in
396 1602 469 1626 una
494 1590 583 1627 urbe
610 1590 801 1628 condenda

152 1645 381 1695 praecipuam
401 1658 502 1682 suam
522 1659 641 1683 curam
660 1659 801 1696 ponen-

153 1706 221 1738 tes.
279 1701 386 1738 conf.
406 1701 457 1749 ll,
482 1704 572 1742 147.
600 1703 671 1749 lll,
691 1704 756 1743 31.

209 1758 332 1794 ταῦτα
367 1754 415 1795 τοὶ
459 1760 538 1796 νῦν
584 1754 801 1810 Ἀγβάτανα

153 1810 355 1862 κέκληται,
381 1811 512 1864 ἕτερον
535 1812 652 1867 ἑτέρῳ
669 1809 802 1866 κύκλῳ

156 1867 388 1915 ἐνεστεῶτα]
427 1865 644 1920 Ἀγβάτανα
665 1883 686 1907 e
710 1870 803 1906 binis

155 1924 273 1972 libris,
304 1924 470 1962 Mediceo
492 1925 634 1974 alioque
661 1926 805 1962 restitu-

155 1986 251 2028 tum,
280 1985 320 2016 ut
336 1981 374 2029 I,
398 1984 488 2022 110.
512 1983 603 2022 153.
632 1981 705 2028 Ill,
737 1984 802 2022 62.

156 2037 222 2078 64.
268 2040 333 2078 92.
390 2037 535 2086 Reliqui
572 2033 805 2088 Ἐκβάτανα,

156 2093 255 2142 quod
272 2096 368 2130 recte
399 2094 527 2143 opinor
557 2094 678 2131 reiecit
698 2093 807 2130 Wes-

157 2149 353 2197 selingim,
400 2149 611 2187 auctoritate
648 2150 805 2186 confisus

156 2205 333 2254 Stephani
357 2205 551 2253 Byzantini
582 2218 617 2256 p.
636 2208 709 2252 12,
745 2204 807 2253 qui

157 2261 304 2298 alteram
323 2262 534 2311 scripturam
554 2261 694 2311 probat.
722 2260 806 2297 vid.

159 2321 233 2354 not.
271 2321 434 2354 nostram
470 2318 518 2354 ad
549 2318 696 2355 Ctesiae
733 2316 809 2354 Ex-

160 2377 288 2423 cerptt.
309 2373 431 2410 Perss.
458 2371 493 2424 ἓ.
506 2377 532 2414 2
551 2386 637 2423 pag.
657 2374 723 2414 88.
752 2394 807 2400 —-

160 2429 203 2465 In
222 2433 400 2466 structura
423 2442 549 2466 vocum
573 2428 703 2481 ἕτερον
726 2427 808 2468 ἑτέ-

164 2498 219 2536 ρῳ
238 2499 273 2522 κ.
296 2484 414 2523 ἐνεστ.
438 2486 511 2522 110Ιί
532 2486 691 2523 haerere.
721 2485 810 2523 Per-

163 2540 276 2577 tinere
307 2541 472 2578 videntur
500 2542 548 2578 ad
578 2542 667 2578 illud
694 2555 809 2590 genus

165 2600 364 2633 structurae
419 2597 710 2646 participiorum,
764 2598 810 2635 de

165 2664 239 2700 quo
270 2650 399 2688 Matth.
430 2650 467 2702 ᾗ.
495 2654 598 2701 562,
631 2655 653 2694 1
683 2657 757 2690 not.
790 2656 812 2694 1

164 2719 249 2757 pag.
273 2709 392 2748 1109.

222 2762 280 2800 De
309 2763 390 2813 ipsa
409 2763 497 2800 urbe
538 2767 577 2800 ut
604 2764 729 2814 paucis
757 2765 813 2802 ‹li-

168 2831 288 2855 camus
301 2847 312 2864 ,
341 2819 506 2856 videntur
515 2819 706 2858 Ecbatana
721 2822 812 2859 arcis

169 2875 326 2912 inunitae
340 2876 460 2926 potius
481 2889 590 2925 quam
611 2877 710 2914 urbis
729 2891 813 2929 spe-

690 1292 978 1349 μεμηχάνηται
1009 1293 1053 1336 δὲ
1096 1291 1210 1335 οὕτω
1249 1294 1379 1335 τοῦτο
1409 1289 1457 1333 τὸ
1517 1293 1566 1333 51

868 1477 958 1515 ciem
984 1475 1085 1514 initio
1117 1473 1344 1525 praebuisse,
1409 1472 1516 1517 Quae

867 1534 928 1571 ubi
948 1546 990 1570 ex
1014 1533 1150 1570 Deioce
1176 1530 1368 1568 Medorum
1388 1542 1516 1577 regum

869 1591 977 1628 sedes
996 1590 1081 1637 suit,
1110 1586 1232 1624 Persis
1257 1598 1423 1636 quoque,
1455 1585 1517 1633 qui

869 1647 905 1684 in
942 1659 1065 1684 eorum
1102 1643 1219 1680 locum
1245 1644 1515 1687 successerunt,

868 1703 1040 1740 remansit
1058 1700 1158 1750 regia
1171 1700 1278 1737 sedes
1294 1712 1360 1749 per
1371 1710 1516 1734 menses

869 1758 1030 1796 aestivos
1052 1771 1118 1794 nec
1147 1756 1264 1793 minus
1290 1755 1401 1792 crevit
1428 1752 1517 1788 dixi-

871 1815 929 1851 tiis
950 1818 1058 1862 atque
1078 1811 1283 1863 opulentia,
1305 1809 1519 1859 quamSusa

872 1882 914 1907 ae
929 1869 1106 1916 Babylon.
1139 1867 1263 1904 Testis
1284 1869 1341 1903 est
1361 1862 1520 1912 locuple-

872 1925 1032 1961 tissimus
1056 1923 1225 1971 Polybius
1248 1922 1306 1968 X,
1326 1922 1400 1967 27,
1428 1919 1520 1955 mira

873 1992 1046 2018 enarrans
1066 1980 1113 2016 de
1132 1978 1209 2014 auri
1229 1976 1442 2025 argentique
1462 1987 1522 2011 co-

873 2037 935 2086 pia
954 2036 992 2072 in
1020 2035 1169 2072 aedibus
1195 2033 1299 2070 huius
1317 2033 1415 2068 urbis
1436 2043 1522 2067 con-

875 2092 999 2142 spicua
1019 2095 1056 2128 et
1075 2092 1121 2128 de
1141 2089 1256 2126 omnis
1270 2087 1413 2136 generis
1432 2099 1523 2136 opu-

873 2148 1003 2194 lentia,
1053 2159 1126 2195 qua
1167 2145 1225 2182 illa
1272 2144 1341 2180 suit
1376 2143 1519 2180 referta.

874 2203 1068 2241 Alexandri
1102 2205 1222 2239 autem
1252 2202 1372 2237 aetate
1398 2210 1524 2235 eversa

875 2273 959 2298 esse
998 2259 1136 2295 dicitur.
1193 2255 1335 2302 Locus,
1374 2254 1435 2291 ubi
1462 2266 1523 2290 ex-

875 2320 1011 2353 structa
1032 2319 1108 2352 erat
1122 2343 1133 2362 ,
1169 2325 1265 2350 nunc
1284 2311 1372 2347 satis
1398 2309 1523 2358 cogni-

874 2378 951 2417 tus3
964 2371 1100 2421 quippe
1111 2381 1287 2419 perquam
1304 2367 1418 2404 vicina
1428 2378 1524 2402 nune

878 2426 1071 2465 Ηαηιαιῖαιι
1116 2426 1221 2471 urbs,
1280 2427 1317 2461 et
1361 2422 1522 2459 Orontes

876 2497 981 2522 mons
1007 2495 1101 2520 nunc
1125 2481 1281 2518 Almend
1307 2477 1521 2528 appellatus.

878 2541 977 2584 Quin
994 2539 1117 2587 regiae
1134 2536 1226 2573 illius
1246 2536 1344 2573 sedis
1364 2548 1393 2570 S.
1416 2533 1521 2579 arcis,

881 2609 990 2645 quam
1006 2595 1074 2632 hoc
1096 2593 1174 2630 loco
1190 2605 1211 2629 a
1227 2591 1363 2630 Deioce
1383 2594 1521 2627 exstru-

881 2658 974 2690 ctam
1003 2650 1172 2687 describit
1193 2648 1424 2693 Herodotus,
1461 2657 1520 2680 ru—

881 2710 969 2746 dera
987 2707 1103 2744 adhuc
1130 2717 1244 2755 pauca
1262 2702 1439 2752 quaedam
1459 2713 1520 2737 ex-

880 2767 998 2811 stant,
1032 2761 1228 2799 accuratius
1245 2758 1445 2811 perquisita
1474 2756 1521 2792 ab

881 2819 1008 2868 Anglis
1041 2817 1265 2863 hominibus,
1293 2813 1454 2851 Moriero
1480 2824 1522 2848 ac

880 2876 1103 2927 potissimum
1139 2872 1302 2910 Portero.
1361 2869 1434 2914 Qui
1468 2867 1523 2905 lo-
