1909 3228
17 0 27 331 --m—ffl—

76 1009 174 1054 172

568 189 1091 228 EUTERPE.11.

1378 194 1459 233 871

206 312 306 349 τρος
335 302 501 352 τελετῆς
530 297 653 351 πέρι,
682 298 761 353 τήν
792 297 1053 354 οἷἝλληνες
1081 297 1358 353 θεσμοφόρια
1382 315 1460 342 κα-
1522 305 1599 343 187

205 374 377 427 λέουσι,
402 377 475 419 καὶ
506 376 662 432 ταύτης
693 378 823 420 εἰδότι
852 393 926 432 μοι
955 377 1052 432 πέρι
1075 376 1263 433 εὔστομα
1282 379 1458 429 κείσθω,
1474 387 1514 419 17

177 454 320 509 3πλην
351 454 457 497 ὅσον
491 454 621 511 αὐτῆς
651 454 745 512 ὁσίη
776 455 863 498 ἐστὶ
892 455 1041 511 λέγειν.
1091 458 1137 498 αἱ
1161 460 1344 499 Λαναοῦ
1373 462 1456 499 θυ-

203 532 377 588 γατέρες
415 529 524 589 ἦσαν
565 535 610 576 αἱ
643 535 722 590 τὴν
760 535 931 590 τελετὴν
968 533 1131 590 ταύτην
1161 534 1202 586 ἐξ
1231 534 1456 590 Αἰγύπτου

204 612 513 667 ἐξαγαγοῦσαι,
572 612 644 654 καὶ
700 612 926 664 διδάξασαι
982 614 1057 664 τὰς
1109 612 1512 669 Πελασγιώτιδαςὲο

174 695 423 745 4γυναῖκας.
454 690 556 745 μετὰ
587 693 654 742 δὲ,
684 690 972 747 ἐξαναστάσης
1000 690 1140 747 πάσης
1171 691 1455 749 Πελοποννή-

201 781 281 812 σου
309 769 396 812 ὑπό
425 770 652 823 Δωριέων,
684 770 921 821 ἐξαπώλετο
951 769 977 826 ἡ
1007 769 1171 827 τελετή·
1203 773 1246 813 οἱ
1265 772 1310 814 δὲ
1340 769 1452 815 ὑπο-

200 848 446 902 λειφθέντες
485 850 849 905 Πελοποννησίων
906 850 979 892 καὶ
1021 846 1103 893 οὐκ
1150 849 1456 902 ἐξαναστάντες

197 924 418 979 Ἀρκάδες,
460 929 664 980 διέσωζον
695 926 831 984 αὐτὴν
860 932 1032 984 μοῦνοι.

184 1082 388 1140 Ἄμασις,
418 1090 559 1142 νομοῦ
583 1086 661 1142 μὲν
689 1090 856 1130 Σαΐτεω
889 1086 991 1130 ἐών·
1032 1089 1078 1131 ἐκ
1107 1090 1181 1144 τῆς
1212 1087 1256 1131 δὲ
1286 1081 1341 1143 ἦν
1369 1085 1451 1130 πό-

136 1328 174 1366 p.
197 1316 250 1355 33
277 1314 337 1361 (ut
358 1321 480 1354 monet
507 1317 554 1353 ad
573 1316 606 1354 h.
627 1317 650 1353 l.
675 1316 785 1365 Cr.):

137 1365 183 1409 εὖ
206 1366 329 1420 στόμα
350 1372 499 1410 κείσθω
524 1373 546 1409 i.
565 1386 595 1410 e.
628 1376 784 1422 quiescat

134 1427 222 1463 milei
242 1440 301 1473 os,
323 1430 478 1475 taceam,
509 1442 590 1465 cum
613 1426 784 1478 εὔστομα

134 1484 286 1520 denotet
313 1485 366 1519 ori
391 1497 433 1520 ac
458 1485 583 1533 palato
605 1485 783 1528 iucunda5

133 1539 172 1575 id
198 1539 244 1575 ab
281 1539 463 1576 Herodoti
503 1541 601 1577 libris
640 1542 781 1591 scriptis

133 1607 249 1644 aequo
265 1596 402 1633 recedit
421 1609 463 1633 ac
491 1597 665 1634 seriorum
695 1598 783 1634 scri-

131 1656 275 1701 ptorum
289 1680 301 1697 ,
330 1653 393 1700 qui
409 1653 639 1691 Herodotum
654 1654 782 1691 imitati

134 1712 237 1755 sunt,
267 1708 312 1744 ab
338 1721 415 1745 usu.

229 1816 236 1829 x
305 1816 342 1833 „a
700 1815 710 1827 ι

188 1834 261 1869 την
277 1834 315 1858 οι
340 1822 512 1869 Ελληνες
524 1823 780 1869 θεσμοφόρια

132 1874 330 1925 καλέουσι]
360 1876 417 1913 De
438 1876 661 1913 Graecorum
688 1875 780 1912 Tlee-

132 1932 331 1981 smoplwrz'z's
349 1937 591 1981 exposuerunt
603 1933 658 1968 St.
672 1933 782 1969 Croix

130 1988 339 2025 recherches
377 2002 435 2025 sur
475 1989 525 2025 les
565 1991 709 2037 myster.
743 1990 778 2024 d.

130 2056 264 2093 pagan.
284 2050 308 2081 t.
332 2045 347 2081 Ι
371 2058 405 2093 p.
421 2047 498 2085 110
520 2046 657 2081 edsec.
680 2045 780 2082 Wel-

132 2100 241 2137 lauer.
270 2101 317 2138 de
343 2101 658 2150 Thesmophoriis,
688 2101 780 2137 Vra-

130 2156 244 2193 tislaV.
267 2160 374 2197 1820
397 2161 432 2193 et
450 2158 643 2207 praecipue
665 2157 781 2194 Cren-

129 2226 202 2250 zer.
222 2212 382 2260 Symbol.
402 2213 451 2248 lv
470 2214 646 2262 pag.44O
664 2226 780 2262 seqq,

130 2269 191 2316 qui
230 2269 307 2306 iure
340 2270 614 2318 praeferendam
656 2274 780 2306 censet

129 2324 309 2361 Herodoti
327 2326 575 2363 auctoritatem
596 2326 642 2362 ad
655 2326 778 2374 Aegy-

129 2386 231 2430 ptum
261 2381 388 2417 horum
425 2383 674 2430 mysteriorum
706 2383 779 2431 pri-

130 2437 270 2473 mordia
299 2438 512 2474 revocantis.
570 2437 626 2473 Ex
654 2437 778 2486 Aegy-

129 2498 193 2542 pto
242 2499 362 2530 autem
406 2493 776 2543 Thesmophoriorum

129 2548 286 2596 origines
315 2551 532 2598 repetendas
564 2563 643 2587 esse
668 2563 775 2587 nemo

129 2605 332 2651 mirabitur,
363 2606 425 2652 qui
452 2606 676 2643 Graecorum
701 2606 775 2643 Ce—

130 2673 246 2697 rerem
277 2661 375 2696 haud
408 2662 512 2697 aliam
550 2675 627 2699 esse
669 2666 778 2710 atque

128 2716 260 2753 Isidem
294 2718 538 2766 perspexerit,
577 2731 670 2766 quae
699 2730 778 2754 cum

130 2772 411 2820 agriculturam,
443 2774 547 2810 sedes
569 2774 680 2820 fixas,
711 2774 779 2810 alia

132 2841 228 2878 quae
258 2829 327 2866 huc
356 2835 543 2881 spectant,
579 2830 696 2881 prima
723 2831 780 2868 im-

318 1003 497 1061 Ἀπρίεω
545 1007 590 1050 δὲ
632 1001 713 1051 ὦδε
752 1006 1152 1063 καταραιρημένου,
1202 1007 1449 1064 ἐβασίλευσε
1507 1009 1666 1036 Amssfllssab

1508 1050 1595 1076 quain

1676 1016 1704 1036 a.
1714 1008 1782 1036 5⁷0:

1674 1042 1783 1070 callide

1460 1076 1782 1128 25ἰμῑιιοὺί1ἰῑειίειιι,ειιι-

1508 1118 1554 1135 am
1584 1117 1602 1135 a
1633 1113 1782 1137 contemtu

1504 1142 1676 1171 vindicarit.

854 1317 1050 1363 stitnisset,
1092 1316 1292 1353 istiusmodi
1322 1317 1415 1353 festa
1442 1316 1508 1352 sibi

853 1373 976 1409 habuit
994 1377 1215 1409 consecrata.
1247 1373 1352 1409 Conf.
1367 1372 1507 1408 Herod.

852 1429 897 1474 ll,
915 1430 980 1469 59.
1007 1429 1097 1469 158.
1111 1451 1165 1455 -—
1180 1428 1238 1467 De
1262 1428 1392 1465 Danao
1409 1429 1504 1465 conf.

851 1489 926 1521 not.
948 1485 998 1520 ad
1016 1484 1066 1530 ll,
1092 1487 1181 1525 107.

906 1539 972 1578 καὶ
998 1537 1143 1589 ταύτης
1185 1534 1346 1578 εἰδότι
1376 1553 1441 1589 μοι
1471 1553 1505 1576 κ.

849 1611 881 1635 τ.
903 1595 951 1646 λ.]
992 1592 1112 1635 εἰδότι
1150 1609 1170 1633 e
1198 1595 1506 1632 Sancrofti-libro

850 1666 932 1690 cum
956 1657 1103 1690 recentt.
1123 1652 1261 1703 recepi,
1293 1665 1372 1689 cum
1390 1651 1499 1700 vulgo

850 1709 1011 1746 abesset.

909 1763 1095 1810 διέσωζον
1157 1759 1281 1814 αὐτήν
1331 1762 1500 1814 μοῦνοι]

855 1821 1013 1857 Omnino
1054 1821 1249 1857 tenendum
1280 1824 1358 1866 est,
1400 1832 1501 1857 sacra

850 1877 1069 1913 Graecarum
1098 1877 1258 1924 gentium
1297 1876 1499 1924 (Pelasgos

848 1933 956 1981 vulgo
988 1932 1199 1982 appellant)
1236 1933 1498 1981 antiquissima,

847 1989 1007 2026 Doribus
1038 1989 1272 2036 irruentibus,
1302 1989 1499 2025 admodum

848 2058 927 2082 esse
946 2045 1109 2091 turbata,
1140 2058 1257 2093 eoque
1285 2057 1359 2081 rem
1379 2045 1497 2080 addu-

849 2107 941 2138 ctam
961 2114 1059 2147 esse,
1091 2105 1130 2136 nt
1157 2113 1259 2137 sacra
1284 2113 1327 2137 ex
1353 2099 1496 2149 publico

849 2158 951 2206 quasi
977 2157 1071 2194 cultu
1094 2157 1141 2193 ad
1161 2157 1412 2206 mysteriorum
1438 2169 1497 2193 re-

847 2227 968 2251 cessus
1006 2218 1257 2250 revocarentur
1295 2213 1416 2260 ibique
1454 2215 1496 2248 ut

847 2282 978 2307 arcana
991 2274 1290 2319 propagarentur.
1321 2269 1381 2305 Sic
1394 2268 1496 2306 The-

846 2326 1132 2375 smophoriorum
1154 2338 1275 2371 sacra,
1305 2337 1398 2374 quae
1428 2336 1493 2360 an-

842 2382 1046 2431 tiquissimo
1086 2394 1176 2418 aevo
1210 2381 1259 2418 ad
1284 2381 1493 2418 memoriam

844 2438 1081 2486 agriculturae
1110 2438 1277 2474 instituta
1295 2437 1491 2485 quotannis

843 2494 1094 2531 celebrandam
1111 2523 1121 2541 ‚
1163 2507 1207 2531 ex
1236 2492 1404 2542 Aegypto
1435 2493 1491 2529 in-

843 2551 1008 2586 troducta
1039 2554 1161 2595 erant,
1200 2549 1324 2586 relicto
1347 2548 1490 2598 publico

841 2606 936 2643 cultu
955 2606 1002 2642 ad
1020 2606 1272 2655 mysteriorum
1287 2617 1417 2642 arcana
1435 2618 1491 2642 re-

844 2663 917 2698 lata
946 2662 1054 2698 fuisse
1081 2662 1258 2698 videntur.
1316 2661 1377 2698 Tu
1395 2662 1490 2699 conf.

844 2718 1000 2755 Pausan.
1033 2717 1141 2763 vul,
1178 2719 1231 2758 37
1266 2714 1302 2767 ἓ.
1335 2720 1357 2757 1
1401 2721 1438 2754 et
1468 2730 1490 2754 a

846 2774 1029 2811 Creuzero
1053 2773 1239 2811 laudatum
1260 2773 1302 2810 C.
1324 2773 1370 2810 Ο.
1392 2773 1489 2810 Mul-

847 2829 910 2867 lcr.
930 2831 967 2867 in
982 2830 1199 2868 Orchomen.
1217 2842 1303 2881 pag.
1323 2828 1416 2871 453.
