1909 3228
536 215 958 256 EUTERPE.

1016 217 1062 256 ΙΙ.
1351 221 1433 260 481

174 327 452 370 ἐπίστασθαι·
494 324 547 367 τὰ
577 324 620 368 δ’
653 324 708 368 ἂν
737 325 990 382 ἐπιμνησθῶ
1020 325 1188 381 αὐτῶν,
1229 325 1320 371 ’ὑπὸ
1351 331 1430 371 τοῦ
1443 335 1489 369 55

175 404 311 461 λόγου
340 403 735 459 ἐξαναγκαζόμενος
765 403 1151 461 ἐπιμνησθήσομαι.

85 477 119 521 4

146 563 396 619 Ξλογέοντες
435 565 568 618 σφίσι.

176 641 380 686 ἁπάντων
420 642 628 696 ἐξευρὲειν
665 642 740 684 τὸν
775 640 996 693 ἐνιαυτὸν,

176 722 447 777 δασαμένους
476 726 563 764 τῶν
593 719 742 774 (ὁρέων
771 720 813 771 ἐς
843 717 990 762 αὐτόν.
1020 725 1154 763 ταῦτα
1185 721 1229 764 δὲ
1259 721 1454 776 ἔξευρέ-6

146 807 241 844 Serv
269 801 316 844 ἐκ
345 804 431 843 τῶν
461 800 632 854 ἄστρων
661 800 817 854 ἔλεγον.

172 879 368 935 φώτερον
393 877 630 934 Ἑλλήνων,
667 878 758 932 ἐμοὶ
792 879 975 928 δοκέειν,
1015 876 1102 936 ὅσῳ
1121 878 1320 934 “Έλληνες
1346 879 1424 934 μὲν

172 959 243 1001 διὰ
270 960 417 1012 τρίτου
447 958 560 1009 ἔτεος
590 957 825 1014 ἐμβόλιμον
845 956 1178 1014 ἐπεμβάλλουσι,
1208 961 1295 1001 τῶν
1313 956 1421 1013 ὠρέ-

115 1174 269 1229 νόματα
290 1175 425 1217 αὐτῶν
449 1193 496 1216 sc.
524 1181 602 1217 τῶν
624 1178 761 1217 θείων.

114 1235 156 1272 In
175 1249 246 1284 quo
269 1249 416 1282 vercor,
446 1240 485 1272 ut
503 1236 577 1271 viro
596 1236 763 1272 doctissi-

114 1304 174 1327 mo
223 1293 389 1328 assentiri
438 1292 584 1341 possim.
663 1290 762 1328 Nihil

115 1348 210 1384 enim
233 1347 329 1384 aliud
355 1348 439 1384 mihi
458 1348 669 1384 Herodotus
688 1347 764 1383 elo-

114 1405 175 1452 qui
196 1403 355 1439 voluisse
376 1403 538 1448 videtur,
568 1403 637 1438 nisi
655 1403 760 1439 illud:

111 1459 256 1509 placere
276 1459 343 1495 sibi
366 1471 437 1495 una
455 1463 593 1494 tantum
615 1459 760 1494 nomina

113 1516 264 1553 deorum
311 1515 574 1564 Aegyptiorum
611 1516 760 1560 referre,

111 1572 250 1621 quippe
279 1583 372 1620 quae
402 1571 566 1607 omnibus
603 1571 673 1606 sint
700 1584 760 1606 co-

112 1628 230 1676 gnita,
270 1640 362 1676 quae
400 1628 509 1676 igitur
545 1640 763 1663 commemo-

111 1697 233 1730 rasse,
256 1684 400 1721 minime
415 1684 518 1720 nefas
539 1683 651 1720 videri
673 1696 761 1731 que-

112 1744 172 1785 at,
201 1752 285 1776 cum
306 1740 401 1776 nullo
431 1739 541 1776 modo
571 1739 762 1786 mysterio-

111 1808 192 1831 rum
219 1795 418 1832 doctrinam
444 1799 608 1843 tangant.
667 1795 761 1831 Vide

111 1850 329 1887 Dahlmann.
361 1851 500 1888 Herod.
529 1863 613 1899 pag.
639 1850 730 1891 145.

167 1903 214 1943 τὰ
256 1902 294 1944 δ’
330 1902 380 1944 ἂν
418 1906 656 1955 ἐπιμνησθῶ
693 1901 762 1943 ctv’-

112 1961 219 2012 τῶν]
250 1963 292 1998 Ι[ι
312 1963 422 1999 verbo
445 1961 678 2011 ἐπιμνησθῶ
701 1974 763 1998 ea-

113 2019 196 2055 dem
226 2020 302 2055 fere
331 2018 609 2068 praepositionis
641 2016 761 2064 (ἐπὶ)

113 2076 207 2111 inest
224 2075 297 2120 vis,
327 2087 420 2123 quae
451 2087 559 2124 supra
585 2075 620 2109 in
651 2074 761 2110 verbo

113 2130 169 2169 ἐπ
183 2127 346 2180 εκρτὲτεε
366 2130 421 2176 II,
445 2133 463 2169 1
481 2160 490 2176 ,
511 2130 571 2166 ubi
591 2130 662 2164 vid.
693 2129 762 2165 Est

114 2187 208 2224 enim
234 2187 323 2223 haec
353 2187 533 2223 Herodoti
564 2185 759 2222 sententia:

112 2242 252 2290 „Quae
270 2255 348 2279 vero
363 2246 545 2291 praeterea
566 2242 633 2289 (sc.
655 2254 762 2291 prae-

113 2303 168 2335 ter
188 2299 267 2348 ipsa
287 2299 437 2335 deorum
449 2299 606 2345 nomina,
628 2299 663 2333 in
681 2296 761 2345 qui-

112 2355 181 2390 bus
208 2355 291 2391 solis
310 2359 434 2404 utpote
455 2354 649 2390 notissimis
666 2365 760 2389 nunc

113 2423 172 2446 me
209 2411 402 2447 subsistere
440 2412 610 2460 oportet)
649 2409 689 2445 cle
715 2411 760 2444 ιἰἐ

115 2465 355 2513 disputavero,
385 2479 425 2502 ea
444 2479 510 2502 non
530 2468 599 2502 nisi
618 2469 759 2501 coactus

114 2521 157 2557 ab
191 2523 269 2569 ipsa
294 2524 491 2558 narratione
527 2523 582 2569 (s.
610 2535 649 2558 re
680 2522 760 2570 ipsa

115 2577 322 2626 postulante
342 2582 377 2614 et
388 2579 556 2625 cogente)
569 2577 757 2626 proferam.

115 2633 189 2668 Ubi
232 2645 276 2669 ea
321 2634 544 2682 potissimum
578 2632 760 2679 intellexit,

116 2701 211 2736 quae
257 2689 505 2736 mysteriorum
550 2689 760 2734 doctrinam,

114 2745 186 2792 qua
202 2744 280 2793 ipse
306 2745 458 2781 imbutus
489 2748 586 2791 erat,
617 2744 761 2780 minime

113 2799 372 2848 evulgandam,
410 2806 561 2849 tangere
595 2800 762 2837 videren-

115 2859 183 2891 tur.

159 2910 368 2949 Hssnonow.
399 2910 429 2949 Ι.

278 483 390 527 ”Οσα
420 484 465 527 δὲ
496 482 753 539 ἀνθρωπήϊα
782 485 1031 539 πρήγματα,
1059 479 1137 527 ὦδε
1155 485 1299 540 ἔλεγον
1318 482 1423 540 ὁμο-

1055 641 1251 685 δυωδεκα
1298 641 1425 697 μέρεα

878 798 1033 853 ἄγουσι
1073 800 1118 843 δὲ
1155 803 1315 855 τοσῷδε
1344 812 1419 843 σο-

1480 659 1560 685 nisse
1579 681 1587 692 ,

1479 692 1517 718 xii
1537 695 1566 719 et
1584 692 1710 727 nomina,
1725 697 1756 721 et

1456 731 1565 761 Oaras,
1587 728 1617 752 et
1634 726 1755 753 simula-

1478 766 1545 790 cra,
1581 762 1610 785 et
1631 758 1755 787 delubra.

1479 480 1594 508 Primos
1614 481 1757 519 Aegypti-

1481 522 1513 541 os
1531 522 1640 542 aunum
1668 522 1699 545 ct
1716 518 1757 546 xii

628 561 838 616 Πρώτους
875 564 1141 616 Αἰγυπτίους
1179 561 1427 617 ἀνθρώπων
1486 562 1564 604 105

1482 625 1546 652 eius
1565 628 1663 660 partes
1673 626 1755 653 inve-

1634 660 1757 694 Diisque

1486 793 1625 825 insanisse,
1643 793 1754 819 anima-

1489 825 1576 859 iaque
1605 826 1635 851 in
1655 826 1754 860 lapide

1480 859 1622 885 caelasse:
1634 858 1754 887 Meuem

1480 899 1513 918 ex
1523 891 1754 932 homiuibuspri-

1479 933 1558 951 muln
1591 925 1754 952 Thebaidis

1476 965 1593 991 regeuu
1603 962 1752 986 caeteram

1478 993 1642 1025 Aegyptum
1668 993 1751 1027 palu-

1478 1024 1545 1052 dem
1561 1025 1665 1053 fuisso.

1041 1178 1072 1213 C
1095 1189 1117 1213 a
1135 1190 1171 1227 p.
1212 1176 1274 1213 IV.

887 1256 962 1300 ὅσα
980 1258 1022 1300 δὲ
1041 1255 1286 1311 εἷνθρωπήϊα
1301 1255 1479 1310 πρήγμα-

829 1315 903 1367 τα]
937 1317 1009 1354 scil.
1027 1316 1131 1361 ἐστι’,
1162 1318 1284 1354 ταῦτα
1307 1311 1382 1354 ὦδε
1402 1315 1480 1354 ἔλε-

828 1388 911 1425 γον.
951 1374 1004 1410 Ita
1035 1372 1138 1409 facile
1166 1372 1327 1422 suppleri
1352 1376 1390 1409 et
1417 1385 1481 1409 ex-

828 1430 952 1480 plicari
971 1432 1093 1478 potest
1113 1427 1221 1464 Iocus.

886 1495 1066 1538 δυώδεκα
1087 1496 1203 1547 μέρεα
1233 1493 1480 1547 δασαμένους

829 1576 886 1584 --
915 1555 953 1601 ἐς
981 1550 1128 1603 αὐτόν]
1170 1553 1252 1590 Alia
1288 1554 1479 1590 verborum

829 1611 1010 1649 dividendi
1037 1614 1214 1647 structura
1241 1609 1279 1655 I,
1311 1608 1387 1655 94,
1419 1609 1479 1645 ubi

828 1670 899 1705 vid.
920 1681 1013 1717 quae
1035 1666 1270 1703 laudavimus.
1298 1685 1353 1691 —
1379 1659 1479 1716 ὧραι

830 1729 913 1762 sunt
935 1726 1022 1761 anni
1041 1725 1274 1771 tempestates,
1305 1733 1394 1769 quas
1415 1734 1478 1757 eo-

829 1782 912 1818 dem
950 1781 1060 1816 modo
1089 1779 1190 1814 horas
1217 1776 1376 1826 appellat
1404 1776 1478 1812 Pli-

827 1837 908 1873 nius
928 1836 976 1872 H.
992 1835 1041 1871 N.
1060 1834 1150 1880 ΧΠ,
1167 1835 1205 1874 3.
1236 1833 1308 1878 ΙΧ,
1328 1832 1393 1873 35.

888 1901 1170 1957 ὅσῳ”Έλληνες
1202 1899 1273 1952 μὲν
1300 1897 1366 1938 διὰ
1390 1901 1477 1950 τρί-

830 1977 899 2000 του
922 1960 1022 2009 ἔτεος
1045 1955 1258 2009 ἐμβόλιμον
1287 1953 1475 2006 ἐπεμβάλ-

830 2015 966 2066 λουσι]
1008 2013 1072 2054 διὰ
1110 2015 1241 2064 τρίτον
1284 2011 1386 2058 ἔτεος
1422 2017 1477 2049 est

831 2076 932 2110 tertio
982 2084 1112 2121 quoque
1160 2083 1270 2115 αηηο,
1327 2072 1477 2105 notante

829 2129 958 2166 Matth.
988 2127 1024 2178 ἓ.
1045 2128 1144 2171 580,
1176 2139 1196 2163 e
1224 2139 1260 2175 p.
1284 2125 1390 2166 1150
1419 2123 1477 2161 vel

828 2186 948 2236 potius
959 2186 1095 2220 ineunte
1112 2183 1212 2218 tertio
1231 2193 1333 2227 αηηο,
1348 2193 1474 2228 quem-

828 2241 1024 2278 admodum
1055 2238 1224 2275 Petavius
1256 2236 1473 2285 interpreta-

828 2302 885 2334 tur
905 2296 1047 2332 Auctar.
1070 2294 1176 2331 Doct.
1200 2293 1331 2341 Temp.
1352 2291 1415 2338 IV,
1433 2292 1471 2331 3.

827 2352 886 2390 Ad
905 2353 1019 2402 ipsam
1038 2363 1112 2387 rein
1129 2348 1319 2386 Censorini
1339 2347 1473 2383 adscri-

827 2410 911 2446 bam
930 2408 1045 2445 loeum
1067 2407 1113 2443 de
1133 2405 1191 2442 die
1210 2403 1318 2440 natal.
1339 2416 1394 2452 cp.
1418 2405 1470 2443 18

829 2463 866 2515 ἓ.
890 2468 936 2505 2:
975 2463 1136 2510 „Itaque
1164 2459 1361 2508 (Graeciae
1387 2459 1473 2495 civi-

827 2525 919 2557 tates
937 2519 1029 2567 scil.)
1059 2529 1173 2553 annos
1196 2515 1313 2552 civiles
1334 2514 1384 2550 sic
1400 2517 1474 2550 sta-

826 2580 991 2622 tuerunt,
1032 2578 1073 2609 ut
1105 2571 1348 2609 intercalando
1375 2571 1472 2606 face-

827 2637 908 2668 rent
926 2632 1082 2668 alternos
1102 2628 1173 2665 XII
1193 2626 1390 2671 mensium,
1420 2624 1473 2660 al-

826 2691 949 2724 ternos
978 2686 1085 2732 XIII,
1121 2688 1311 2731 utrumque
1338 2693 1472 2718 annum

829 2743 1024 2793 separatim
1060 2743 1279 2783 vertentem3
1334 2737 1473 2773 iunctos

829 2800 955 2836 ambos¹
985 2810 1116 2833 annum
1141 2806 1311 2843 magnum
1340 2804 1470 2829 vocan-

829 2859 905 2902 tes,
942 2854 1052 2904 idque
1085 2857 1227 2903 tempus
1253 2847 1474 2902 τριετηρίδα
