1877 3223
439 254 524 294 200

852 250 1319 291 HERODOTI

441 378 528 415 ων,
571 361 600 419 ἦ
629 377 672 405 τε
701 361 749 406 ἐν
776 364 830 417 τῇ
859 358 1020 418 ἠπείρῳ
1053 359 1191 415 χώρη,
1231 360 1303 403 καὶ
1331 358 1359 415 ἡ
1394 361 1594 417 Κυθηρίη
1623 362 1696 418 νῆ’-

412 449 546 493 Βσος,
592 441 667 483 καὶ
705 441 752 483 αἱ
788 440 933 484 λοιπαὶ
969 444 1057 483 τῶν
1085 438 1246 495 νήσων.
1304 438 1622 495 βοηθησάντων
1652 439 1698 483 δὲ

437 519 641 575 Ἀργείων
669 523 721 575 τῇ
752 517 936 575 σφετέρῃ
967 517 1325 574 ἀποταμνομένῃ,
1357 517 1548 561 ἐνθαῦτα
1577 519 1697 562 συνέ-

440 602 582 655 βησαν
612 596 656 648 ές
685 596 844 652 λόγους
880 596 1187 647 συνελθόντες,
1244 595 1304 647 ὥς
1341 612 1385 639 τε
1423 599 1699 652 τριηκοσίους

439 675 656 730 ἑκατέρων
682 675 966 731 μαχέσασθαι·
999 673 1196 728 ὁκότεροι
1227 672 1269 718 δ’
1301 674 1356 718 ἂν
1379 675 1755 730 περιγένωνται,ἓο

438 753 611 802 τούτων
640 752 752 798 εἶναι
777 754 858 798 τόν
885 758 1048 810 χῶρον·
1096 753 1146 798 τὸ
1177 753 1223 798 δὲ
1259 758 1425 810 πλῆθος
1463 758 1544 798 τοῦ
1574 767 1699 809 στρα-

439 838 518 878 τοῦ
550 831 900 878 ἀπαλλάσσεσθαι
931 833 1135 889 ἑκάτερον
1174 834 1216 884 ἐς
1252 833 1331 889 τὴν
1361 833 1549 885 ἑωυτοῦ,
1589 833 1697 890 μηδὲ

439 912 703 968 παραμένειν
734 910 1091 968 ἀγωνιζομένων,
1138 914 1274 956 τῶνδε
1304 914 1490 964 εἵνεκεν,
1539 914 1611 956 ἵνα
1640 912 1699 969 μή

439 989 699 1047 παρεόντων
725 995 816 1035 τῶν
846 991 1168 1045 στρατοπέδων,
1201 989 1387 1045 ὁρῶντες
1418 994 1460 1034 οἱ
1479 991 1617 1047 ἕτεροι
1638 991 1701 1035 έσ-

410 1071 687 1128 4σουμένους
715 1070 819 1122 τούς
849 1070 1110 1127 σφετέρους,
1139 1069 1415 1125 ἐπαμύνοιεν.

439 1167 511 1196 νοι
541 1147 602 1195 ὧν
630 1154 792 1204 ταῦτα,
827 1148 1178 1194 α’παλλάσσοντο·
1212 1147 1396 1205 λογάδες
1422 1148 1467 1192 δὲ
1489 1147 1705 1204 ἑκατέρων
1770 1161 1822 1204 41

1476 1069 1695 1126 Συνθέμε-
1712 1076 1757 1112 85

434 1229 771 1286 ὑπολειφθέντες
822 1229 1105 1285 συνέβαλλον.
1162 1227 1419 1285 μαχομένων
1457 1228 1502 1272 δέ
1541 1239 1703 1284 σφεων,

437 1310 510 1354 καὶ
541 1310 784 1366 γινομένων
813 1307 1079 1358 ἰσοπαλέων,
1127 1306 1411 1353 ὑπελείποντο
1454 1306 1497 1360 ἐξ
1526 1305 1704 1363 ἀνδρῶν

384 1494 503 1543 magis
529 1492 639 1531 dubia
663 1492 952 1540 videbantur‚ut
971 1490 1040 1529 Ar·-

385 1551 550 1599 givorum
576 1550 767 1599 imperium
790 1549 902 1586 litoris
921 1548 1041 1586 Laco-

383 1607 456 1644 uici
473 1610 558 1644 ante
587 1605 732 1656 Olymp.
757 1605 784 1646 4
817 1607 894 1643 sere
924 1617 1040 1655 pone-

384 1667 452 1700 ret.
509 1661 591 1700 Nos
616 1663 653 1699 in
678 1662 734 1698 his
763 1661 871 1699 rebus
904 1660 1041 1709 disqui-

384 1719 529 1765 rendis,
568 1731 663 1767 quae
703 1722 854 1769 propter
875 1717 1041 1755 testimo-

384 1775 525 1811 niorum
545 1774 704 1824 inopiam
724 1787 767 1810 ac
795 1778 961 1823 tempora
983 1773 1040 1808 ni-

384 1831 453 1868 mis
475 1834 613 1868 remota
632 1830 842 1878 incertaque
854 1840 1038 1877 nunquam

384 1887 433 1923 ad
462 1886 636 1936 liquidum
666 1886 816 1936 perduci
855 1888 1039 1935 poterunt,

384 1942 548 1980 nolumus
581 1943 692 1978 otium
723 1941 888 1992 perdere.
944 1940 1039 1977 Illud

384 1998 501 2036 solum
523 1999 713 2046 addimus,
746 1996 940 2043 Mansoni,
961 1996 1038 2033 viro

386 2056 515 2102 docto,
559 2055 629 2092 hoc
665 2052 881 2103 Argivorum
921 2053 1039 2103 impe-

386 2112 476 2148 rium
496 2112 533 2147 in
561 2110 723 2149 Laconia
748 2123 768 2148 e
788 2109 1039 2146 coniunctione

385 2167 567 2217 Argorum
602 2171 639 2204 et
673 2167 851 2217 Spartae,
903 2165 1038 2202 Oreste

386 2237 496 2273 rege,
509 2224 748 2274 repetendum
764 2220 878 2260 videri
893 2221 1035 2272 (Spart.

385 2279 403 2316 Ι
422 2293 457 2331 p.
476 2279 563 2328 72).

442 2335 509 2375 καὶ
533 2352 559 2386 η
599 2333 788 2398 Κυθηρίη
819 2336 942 2383 νῆσος
969 2347 1037 2371 και

389 2391 434 2431 αἱ
452 2390 587 2432 λοιπαὶ
613 2393 694 2430 τῶν
715 2387 874 2441 νησων]
905 2405 931 2440 η
955 2391 1036 2426 Κυ-

387 2448 514 2501 θηρίη
526 2451 649 2499 νῆσος
667 2461 747 2485 cum
767 2447 855 2484 alias
876 2445 1037 2482 invenia-

389 2509 447 2541 tur
480 2501 701 2555 Κύθηρα
730 2515 861 2541 nomen
888 2501 1034 2539 insulae.

388 2560 470 2597 Vid.
490 2561 578 2608 vll,
598 2560 678 2603 235
705 2559 786 2597 coll.
807 2559 846 2606 I,
871 2557 960 2599 105.
980 2576 1036 2585 -·

389 2615 435 2655 αἱ
470 2616 606 2656 λοιπαὶ
643 2618 723 2655 τῶν
758 2611 895 2667 νήσων
932 2617 1037 2651 erunt

390 2673 551 2722 proxime
576 2674 666 2710 sitae
685 2673 794 2709 maris
819 2670 958 2719 Aegaei
980 2669 1036 2706 in-

390 2727 510 2773 sulae3
539 2729 587 2765 ad
607 2741 697 2778 quas
725 2730 832 2766 etiam
857 2726 1035 2775 Aeginam

390 2785 569 2834 pertinere
591 2797 612 2821 a
634 2785 796 2822 Phidone
824 2783 1037 2832 Argivorum

392 2840 517 2876 ditioni
536 2840 618 2877 olim
638 2841 835 2886 adiectam,
864 2844 899 2876 et
921 2838 1037 2875 omni-

392 2908 439 2933 uo
465 2900 561 2934 arcte
591 2909 670 2934 cum
708 2895 850 2946 Argivis
888 2895 1036 2933 coniun-

1108 1496 1201 1529 ctam
1220 1492 1424 1541 suspicatur
1443 1490 1486 1528 C.
1511 1491 1556 1529 Ο.
1579 1489 1757 1529 Miillerus

1106 1548 1262 1597 Aeginn.
1289 1560 1373 1598 pag.
1396 1547 1462 1588 53.

1162 1599 1250 1643 τού
1264 1618 1361 1641 των
1395 1600 1496 1642 εἶναι
1515 1598 1593 1642 ’τόν
1613 1601 1756 1654 χῶρον]

1107 1659 1285 1698 Dedimus
1324 1673 1403 1697 cum
1449 1660 1566 1697 Gaisf.
1606 1656 1759 1698 τούτων

1105 1730 1173 1767 pro
1192 1716 1288 1764 vulg.
1310 1714 1491 1754 τουτέων.
1550 1716 1635 1759 Qua
1651 1716 1698 1753 de
1719 1728 1759 1752 re

1105 1773 1205 1822 prius
1252 1773 1323 1809 iam
1363 1772 1555 1822 aliquoties
1584 1772 1760 1809 monitum

1107 1832 1173 1866 est.

1162 1881 1405 1935 παραμένειν
1438 1878 1757 1936 ἀγωνιζομένων]

1106 1941 1127 1977 i.
1149 1953 1179 1978 e.
1193 1953 1286 1987 „uec
1311 1944 1568 1990 permanerent,
1598 1940 1682 1977 dum
1699 1940 1759 1977 illi

1106 1997 1222 2034 relicti
1237 1997 1481 2034 dimicarent.“
1540 1997 1652 2041 Quod
1691 1997 1759 2033 im-

1105 2055 1234 2091 merito
1256 2053 1438 2092 Larchero
1472 2053 1673 2104 displicuit,
1701 2053 1757 2090 cui
1790 2095 1801 2110 ι

1105 2110 1316 2147 vertendum
1335 2110 1543 2147 videbatur:
1573 2121 1668 2156 „nec
1688 2107 1755 2144 ad-

1105 2166 1253 2202 siderent
1271 2165 1553 2202 dimicantibusf‘
1592 2164 1650 2200 Ad
1672 2176 1757 2202 sen-

1104 2235 1184 2258 sum
1201 2226 1297 2259 recte
1309 2249 1320 2268 ‚
1351 2222 1400 2258 ad
1420 2222 1531 2259 verba
1558 2221 1676 2257 minus
1694 2233 1755 2257 ac-

1104 2281 1236 2315 curate.
1295 2277 1412 2314 Vertit
1450 2281 1573 2314 tamen
1625 2277 1756 2313 eodem

1103 2334 1213 2370 modo
1252 2333 1420 2384 Toupius
1471 2333 1680 2381 (Emendd.
1708 2332 1757 2370 ad

1103 2389 1206 2426 Suid.
1236 2390 1286 2426 ΙΙΙ
1315 2402 1401 2440 pag.
1434 2390 1557 2437 328):
1597 2388 1757 2426 adsidere

1103 2445 1372 2494 dimicantibus,
1432 2449 1589 2483 eventum
1632 2445 1758 2495 proelii

1103 2506 1321 2551 exspectare,
1361 2505 1414 2539 z'ta
1442 2506 1484 2539 ut
1513 2505 1650 2553 praesto
1685 2504 1757 2539 sint

1104 2561 1178 2595 suis
1191 2559 1429 2596 laborantibus
1441 2571 1646 2596 succurrere.
1658 2558 1755 2596 Nam

1105 2614 1344 2666 παραμένειν
1370 2615 1456 2653 alias
1487 2615 1524 2652 in
1540 2615 1755 2652 athletarum

1104 2672 1212 2708 rebus
1238 2673 1335 2709 idem
1355 2685 1438 2710 esse
1455 2670 1529 2709 vult
1554 2676 1663 2720 atque
1680 2685 1754 2709 πα-

1106 2729 1336 2777 ρακαθίζειν
1379 2732 1415 2766 et
1452 2726 1669 2779 έφεδρίζειν
1707 2727 1755 2764 de

1106 2797 1149 2820 eo
1188 2784 1340 2832 athleta,
1390 2784 1451 2833 qui
1485 2796 1559 2820 non
1589 2784 1668 2833 ipse
1685 2795 1755 2833 pu·-

1106 2853 1223 2888 gnans
1234 2870 1245 2888 ,
1264 2841 1458 2891 postmodo
1477 2838 1652 2877 laboranti
1672 2849 1753 2873 suc-

1105 2901 1243 2945 currat,
1282 2898 1434 2949 ipseque
1463 2895 1625 2948 ἕφεδρος
1654 2893 1753 2930 dica-
