1909 3228
442 203 526 243 734

858 199 1329 238 HERODOTI

107 321 292 363 lisAcgyvtii
310 323 385 362 tenp—
442 309 541 365 περὶ
565 308 761 365 Ἑλένην,
790 307 996 363 γενέσθαι
1017 302 1121 351 ὦδε·
1149 307 1429 363 Ἀλέξανδρον
1447 307 1704 363 ἁρπάσαντα

106 357 386 426 Ψὲῗιὲῐέζᾛῗέἔέὲῖ

104 425 267 487 1(ι)ξὲι(ἳ.οιιιίο
287 423 386 451 Cano-

414 387 615 444 Q‘Easlqu
644 386 692 430 ἐκ
720 385 950 443 Σπάρτης,
982 384 1213 430 ἀποπλέειν
1243 388 1285 438 ἐς
1313 386 1393 443 τήν
1424 387 1602 430 ἑωυτοῦ.
1632 388 1761 430 καί7ο

439 485 537 523 μιν,
569 464 628 516 ὥς
658 464 823 521 ἐγένετο
856 466 901 508 ἐν
930 469 991 524 τῷ
1022 467 1212 521 Αἰγαίῳ,
1244 466 1421 517 ἐξῶσται
1453 465 1603 521 ἄνεμοι
1633 467 1703 510 ἐκ-

438 545 643 604 βάλλουσι
691 545 733 595 ἐς
770 544 818 587 τό
862 544 1104 600 Αἰγύπτιον
1150 545 1356 599 πέλαγος·

1417 545 1619 588 ἐνθεῦτεν
1658 545 1703 588 δὲ

442 623 514 680 (οὐ
543 622 625 680 γάρ
658 621 768 667 ἀνίει
797 622 848 667 τοὶ
879 624 1118 680 πνεύματα)
1142 621 1388 668 ἀπικνέεται
1407 624 1448 674 ἐς
1466 626 1704 680 Αἴγυπτον,

383 821 581 858 admodum
600 832 622 856 a
640 818 802 869 pluribus
821 820 906 856 viris
922 820 1038 857 doctis

383 879 419 915 in
441 890 592 915 examen
624 881 679 913 est
698 880 847 922 vocata,
878 877 913 913 in
942 877 1040 914 hisce

380 935 609 986 potissimum
629 933 675 969 ab
694 933 880 970 Heinisch.
902 934 936 969 in
956 946 1042 983 pro—

382 994 573 1040 grammat.
611 989 658 1026 de
695 988 858 1038 Euripid.
905 990 1039 1027 Helen.

382 1046 593 1093 (vratislaw
617 1045 724 1086 1825
747 1059 832 1096 pag.
850 1045 1037 1094 4—23)‚

382 1105 429 1141 ab
467 1103 537 1139 Ed.
582 1101 725 1138 Miiller.
755 1102 792 1137 in
824 1103 1036 1152 scriptione:

382 1159 612 1209 „Euripides
634 1162 835 1195 contemtor
851 1163 917 1195 etc.
932 1159 1037 1205 (ibid.

385 1218 493 1257 1826
522 1228 607 1264 pag·
628 1216 835 1262 29—32)
866 1228 908 1252 ac
934 1216 1039 1252 deni-

383 1286 455 1322 que
470 1284 491 1308 a
512 1271 694 1309 Welcker.
710 1271 747 1307 in
769 1271 883 1309 lahnii
903 1272 1036 1309 annall.

379 1328 516 1380 philoll.
546 1328 619 1375 IX,
642 1329 668 1367 3
707 1341 794 1377 pag.
825 1331 905 1370 276
937 1342 1040 1378 seqq.

379 1385 501 1434 Atque
519 1384 732 1422 Welckerus
761 1386 810 1421 ad
835 1384 1039 1436 Aegyptios

381 1442 561 1479 Helenam
582 1441 802 1491 pertinuisse
819 1447 955 1490 negat3
984 1442 1039 1478 sa-

381 1497 503 1535 bulam
523 1498 570 1534 de
589 1496 733 1534 Helena
757 1510 800 1534 ex
820 1498 901 1549 ipsa
922 1498 1041 1535 Grae-

381 1555 436 1591 cia
453 1554 495 1600 (a
517 1554 680 1590 Crotone
706 1554 863 1591 fortasse
893 1559 955 1590 aut
972 1554 1040 1590 Hi-

382 1623 506 1657 mera,
535 1610 598 1646 ubi
626 1609 823 1647 Stesichori
854 1609 1039 1660 palinodia

382 1667 491 1704 suerit
535 1665 686 1710 audita)
746 1667 783 1703 in
829 1666 1039 1716 Aeg>ptum

382 1722 601 1760 translatam
626 1723 752 1770 ibique
784 1723 914 1772 cupide
941 1736 1040 1759 arre-

381 1784 485 1830 ptam
503 1791 582 1816 esse
601 1790 623 1815 a
642 1780 889 1816 sacerdotibus
907 1779 1039 1815 statuit

383 1836 551 1883 adeoque
595 1839 878 1884 exaggeratam,
929 1838 1038 1884 prout

380 1893 542 1942 ipsorum
599 1892 753 1928 consiliis
807 1891 1038 1928 commodum

382 1948 503 1985 fuerit.
563 1947 666 1990 Quos
695 1949 858 1985 homines
890 1948 1036 1984 callidos

382 2005 494 2041 verba
517 2005 661 2041 dedisse
691 2009 799 2055 putat
830 2005 1037 2050 Herodoto,

381 2060 527 2098 credulo
554 2060 718 2108 homini,
760 2061 822 2110 qui
854 2073 927 2109 qua
956 2063 1036 2098 erat

383 2117 637 2167 simplicitate,
669 2130 712 2154 ea
736 2130 811 2155 non
833 2117 948 2154 solum
967 2129 1034 2167 pro

380 2174 474 2211 veris
515 2174 680 2211 habuerit
699 2203 710 2220 ,
769 2174 834 2211 sed
878 2174 1037 2210 rationes

384 2231 493 2267 etiam
511 2231 766 2279 conquisierit,
796 2231 928 2279 quibus
951 2243 1037 2280 pro-

383 2287 562 2323 babiliora
578 2287 786 2323 viderentur
806 2287 1037 2323 sacerdotum

381 2343 533 2380 istorum
565 2344 766 2380 mendacia.
825 2344 932 2386 Quae
959 2342 1039 2379 nol-

382 2399 453 2437 lem
478 2400 695 2437 excidissent
721 2401 797 2436 viro
830 2400 1038 2436 doctissimo

383 2460 420 2493 et
438 2456 483 2493 de
505 2457 639 2493 nostris
662 2456 772 2493 literis
790 2456 1038 2493 meritissimo!

382 2513 523 2550 Vereor
542 2513 656 2559 enim,
687 2526 754 2560 ne,
785 2525 878 2561 quae
899 2513 936 2548 in
960 2512 1040 2549 He-

384 2570 553 2606 rodotum
570 2571 731 2620 profert,
753 2569 809 2606 vel
829 2570 943 2618 magis
956 2569 1039 2605 ficta

383 2625 584 2663 videantur.
652 2627 882 2663 Herodotum
919 2628 1038 2662 autem

383 2685 421 2716 ut
450 2681 601 2719 habeam
633 2682 815 2719 hominem
844 2681 1039 2728 credulum,

384 2737 447 2785 qui
477 2739 577 2776 facile
600 2752 639 2776 se
669 2739 786 2789 decipi
815 2752 945 2789 passus
977 2738 1037 2784 sit,

385 2805 569 2841 nunquam
603 2808 625 2832 a
650 2808 707 2833 me
731 2797 926 2845 impetrare
952 2808 1041 2845 pos-

388 2861 477 2886 sum.
523 2850 642 2900 Atque
661 2852 697 2888 in
719 2852 786 2889 hae
806 2852 973 2889 universa
984 2852 1039 2888 fa-

1107 820 1192 858 bula
1220 819 1308 856 illud
1332 820 1479 857 minime
1504 818 1573 856 erit
1600 821 1761 869 praeter—

1108 877 1347 924 mittendum,
1377 880 1495 912 utrum
1515 876 1575 912 illo
1595 880 1762 925 tempore

1109 933 1301 983 Aegyptiis
1340 932 1486 969 omnino
1521 933 1626 970 suerit
1664 945 1762 968 com-

1109 991 1280 1028 mercium
1308 1003 1387 1026 cum
1416 990 1572 1036 exteris,
1609 989 1761 1025 Graecis

1106 1047 1350 1097 praesertim,
1387 1058 1514 1082 necne.
1578 1045 1761 1093 Equidem

1107 1103 1156 1140 nil
1183 1104 1409 1148 discernam,
1440 1115 1519 1137 cum
1551 1101 1588 1136 in
1624 1106 1761 1138 utram-

1107 1173 1179 1209 que
1209 1164 1349 1209 partem
1378 1162 1475 1194 certa
1512 1158 1632 1194 desint
1656 1157 1762 1194 testi-

1106 1216 1250 1262 monia,
1271 1215 1400 1264 quibus
1416 1227 1473 1251 res
1493 1214 1619 1250 confici
1637 1217 1759 1262 queat.

1108 1274 1216 1310 Conf.
1249 1276 1430 1308 caeterum
1457 1270 1615 1308 Heeren.
1648 1270 1762 1308 ldeen

1106 1329 1161 1377 Il,
1179 1333 1205 1369 2
1234 1342 1270 1378 p.
1294 1329 1389 1368 378.

1164 1384 1330 1432 ἐξῶσται
1356 1381 1497 1434 ἄνεμοι
1526 1379 1761 1434 ἐκβάλλουσι

1107 1440 1146 1488 ἔς
1166 1439 1208 1480 τὸ
1223 1436 1448 1493 Αἰγύπτιον
1461 1438 1654 1491 πέλαγος]
1667 1438 1761 1485 ἐξῶ-

1109 1510 1196 1537 σται
1216 1495 1357 1548 ἄνεμοι
1388 1499 1484 1533 venti
1515 1496 1712 1546 expulsores
1737 1495 1759 1531 i.

1108 1568 1139 1592 e.
1181 1567 1223 1592 ex
1253 1554 1433 1590 contrario
1475 1566 1502 1589 s.
1532 1565 1576 1590 ex
1606 1553 1759 1589 adverso

1107 1612 1238 1648 ssantes
1256 1622 1474 1658 cursumque
1493 1613 1629 1646 rectum
1649 1609 1760 1658 impe-

1108 1667 1250 1704 dientes
1271 1667 1413 1715 alioque
1426 1666 1641 1714 navigantes
1663 1677 1761 1702 com-

1107 1724 1296 1774 pellentes.
1327 1744 1382 1749 —-
1402 1718 1624 1772 Αἰγύπτιον
1646 1719 1762 1759 πέλα-

1108 1794 1176 1830 γος
1198 1780 1283 1815 dicit
1304 1790 1404 1815 mare
1424 1777 1532 1824 illud,
1563 1778 1663 1826 quod
1687 1776 1762 1813 Ae-

1108 1840 1263 1885 gyptum
1283 1840 1319 1871 et
1339 1835 1518 1883 utrimque
1530 1834 1665 1870 vicinas
1679 1845 1761 1870 oras

1106 1892 1249 1938 adluit,
1297 1895 1338 1927 ut
1362 1891 1522 1940 pluribus
1549 1890 1764 1927 monstravit

1106 1947 1381 1996 W'esselingius.
1451 1947 1559 1984 Conf.
1600 1946 1762 1996 inprimis

1105 2006 1279 2041 Strabon.
1305 2004 1335 2040 ll
1365 2017 1400 2054 p.
1424 2006 1525 2051 182,
1555 2004 1598 2040 C.
1621 2003 1653 2040 D
1688 2004 1762 2040 sive

1105 2076 1141 2111 p.
1165 2063 1266 2109 121,
1290 2060 1324 2097 D
1351 2060 1430 2097 coll.
1461 2073 1497 2110 p.
1522 2062 1600 2100 187
1619 2059 1761 2105 s.125‚

1104 2118 1153 2156 D.
1188 2139 1244 2144 -—
1291 2117 1485 2154 Caeterum
1523 2118 1560 2152 in
1599 2117 1761 2153 oratione

1107 2175 1189 2225 ipsa
1202 2174 1440 2210 animadverti
1453 2173 1564 2210 debet
1583 2173 1758 2209 transitus

1107 2231 1247 2267 subitus
1271 2229 1315 2266 ab
1334 2229 1509 2266 indirecta
1526 2230 1572 2265 ad
1586 2230 1759 2266 directam

1106 2300 1214 2337 quam
1253 2290 1387 2322 vocant
1429 2286 1651 2331 orationem3
1687 2285 1760 2321 vid.

1107 2356 1201 2393 quae
1226 2343 1348 2379 monui
1377 2342 1425 2378 ad
1451 2341 1633 2379 Plutarchi
1652 2341 1761 2378 Arta-

1106 2411 1203 2436 xerx.
1226 2412 1281 2449 cp.
1304 2402 1330 2439 2
1362 2400 1399 2435 in
1426 2398 1599 2436 Creuzeri
1618 2397 1759 2436 Melett.

1105 2456 1157 2493 ΙΙΙ
1190 2469 1226 2506 p.
1252 2457 1304 2495 12
1323 2468 1399 2504 seq.

1165 2506 1215 2550 ου’
1241 2507 1314 2562 γάρ
1341 2507 1446 2550 ἆυίει
1463 2507 1510 2550 τὰ
1537 2507 1758 2561 πνεύματα]

1108 2570 1132 2605 i.
1158 2581 1188 2605 e.
1219 2580 1324 2617 neque
1343 2570 1432 2604 enim
1454 2569 1633 2605 cessabant
1652 2570 1758 2605 venti.

1107 2625 1165 2662 De
1186 2626 1303 2661 forma
1329 2621 1433 2663 ᾰυίει
1453 2627 1567 2674 (quae
1584 2638 1760 2675 praesen-

1107 2683 1154 2718 tis
1175 2681 1357 2718 indicativi
1377 2686 1432 2719 est
1458 2694 1614 2732 persona
1633 2682 1759 2729 tertia)

1109 2738 1263 2774 diximus
1292 2739 1340 2775 ad
1363 2738 1396 2785 1,
1414 2740 1461 2783 63
1492 2738 1634 2788 ellipsin
1655 2737 1758 2775 facile

1109 2794 1303 2844 suppleas,
1339 2795 1449 2831 modo
1476 2795 1672 2844 cogitando
1694 2794 1760 2830 ad-

1108 2852 1174 2888 das
1197 2851 1255 2899 id,
1293 2852 1393 2902 quod
1424 2863 1467 2889 ex
1495 2852 1574 2902 ipso
1594 2850 1757 2887 subiecto
