<?xml version="1.0" encoding="UTF-8"?>
<!DOCTYPE html PUBLIC "-//W3C//DTD XHTML 1.0 Transitional//EN"
    "http://www.w3.org/TR/xhtml1/DTD/xhtml1-transitional.dtd">
<html xmlns="http://www.w3.org/1999/xhtml" xml:lang="en" lang="en">
 <head>
  <title>
</title>
<meta http-equiv="Content-Type" content="text/html;charset=utf-8" />
  <meta name='ocr-system' content='tesseract 3.04.00' />
  <meta name='ocr-capabilities' content='ocr_page ocr_carea ocr_par ocr_line ocrx_word'/>
</head>
<body>
  <div class='ocr_page' id='page_1' title='image "./musaeherodoto01hero/musaeherodoto01hero_0768.png"; bbox 0 0 1909 3228; ppageno 0'>
   <div class='ocr_carea' id='block_1_1' title="bbox 525 224 610 264">
    <p class='ocr_par' dir='ltr' id='par_1_1' title="bbox 525 224 610 264">
     <span class='ocr_line' id='line_1_1' title="bbox 525 224 610 264; baseline 0 0"><span class='ocrx_word' id='word_1_1' title='bbox 525 224 610 264; x_wconf 69' lang='lat'><strong><em>754</em></strong></span> 
     </span>
    </p>
   </div>
   <div class='ocr_carea' id='block_1_2' title="bbox 915 220 1390 259">
    <p class='ocr_par' dir='ltr' id='par_1_2' title="bbox 915 220 1390 259">
     <span class='ocr_line' id='line_1_2' title="bbox 915 220 1390 259; baseline 0.002 -1"><span class='ocrx_word' id='word_1_2' title='bbox 915 220 1390 259; x_wconf 83' lang='lat' dir='ltr'>HERODOTI</span> 
     </span>
    </p>
   </div>
   <div class='ocr_carea' id='block_1_3' title="bbox 524 326 1788 387">
    <p class='ocr_par' dir='ltr' id='par_1_3' title="bbox 524 326 1788 387">
     <span class='ocr_line' id='line_1_3' title="bbox 524 326 1788 387; baseline 0.001 -13"><span class='ocrx_word' id='word_1_3' title='bbox 524 329 766 387; x_wconf 73' lang='grc' dir='ltr'><strong><em>γάσασθαι,</em></strong></span> <span class='ocrx_word' id='word_1_4' title='bbox 805 329 878 371; x_wconf 88' lang='grc' dir='ltr'><strong><em>καὶ</em></strong></span> <span class='ocrx_word' id='word_1_5' title='bbox 906 326 1066 379; x_wconf 87' lang='grc' dir='ltr'><strong><em>ταύτας</em></strong></span> <span class='ocrx_word' id='word_1_6' title='bbox 1092 328 1192 382; x_wconf 86' lang='grc' dir='ltr'><strong><em>περὶ</em></strong></span> <span class='ocrx_word' id='word_1_7' title='bbox 1220 327 1272 371; x_wconf 85' lang='grc' dir='ltr'><strong><em>τά</em></strong></span> <span class='ocrx_word' id='word_1_8' title='bbox 1301 326 1478 384; x_wconf 78' lang='grc' dir='ltr'><strong><em>ἀγγήῖα,</em></strong></span> <span class='ocrx_word' id='word_1_9' title='bbox 1519 330 1565 373; x_wconf 82' lang='grc' dir='ltr'><strong><em>ἐν</em></strong></span> <span class='ocrx_word' id='word_1_10' title='bbox 1593 335 1707 374; x_wconf 85' lang='grc' dir='ltr'><strong><em>τοῖσι</em></strong></span> <span class='ocrx_word' id='word_1_11' title='bbox 1736 331 1788 374; x_wconf 83' lang='grc' dir='ltr'><strong><em>τὰ</em></strong></span> 
     </span>
    </p>
   </div>
   <div class='ocr_carea' id='block_1_4' title="bbox 470 406 1844 465">
    <p class='ocr_par' dir='ltr' id='par_1_4' title="bbox 470 406 1844 465">
     <span class='ocr_line' id='line_1_4' title="bbox 470 406 1844 465; baseline 0.001 -16"><span class='ocrx_word' id='word_1_12' title='bbox 470 406 717 464; x_wconf 65' lang='grc' dir='ltr'><strong><em>14χρήματα</em></strong></span> <span class='ocrx_word' id='word_1_13' title='bbox 749 407 870 462; x_wconf 78' lang='grc' dir='ltr'><strong><em>ἐνῆν,</em></strong></span> <span class='ocrx_word' id='word_1_14' title='bbox 911 411 1075 462; x_wconf 84' lang='grc' dir='ltr'><strong><em>στῆσαι.</em></strong></span> <span class='ocrx_word' id='word_1_15' title='bbox 1133 411 1222 450; x_wconf 74' lang='grc' dir='ltr'><strong><em>τῶν</em></strong></span> <span class='ocrx_word' id='word_1_16' title='bbox 1253 408 1298 451; x_wconf 80' lang='grc' dir='ltr'><strong><em>δὲ</em></strong></span> <span class='ocrx_word' id='word_1_17' title='bbox 1328 410 1514 463; x_wconf 75' lang='grc' dir='ltr'><strong><em>φωρῶν,</em></strong></span> <span class='ocrx_word' id='word_1_18' title='bbox 1569 409 1709 465; x_wconf 72' lang='grc' dir='ltr'><strong><em>ὥσπερ</em></strong></span> <span class='ocrx_word' id='word_1_19' title='bbox 1743 410 1844 454; x_wconf 82' lang='grc' dir='ltr'><strong><em>έν65</em></strong></span> 
     </span>
    </p>
   </div>
   <div class='ocr_carea' id='block_1_5' title="bbox 522 485 1790 543">
    <p class='ocr_par' dir='ltr' id='par_1_5' title="bbox 522 485 1790 543">
     <span class='ocr_line' id='line_1_5' title="bbox 522 485 1790 543; baseline 0.002 -14"><span class='ocrx_word' id='word_1_20' title='bbox 522 490 583 542; x_wconf 76' lang='grc' dir='ltr'><strong><em>τῷ</em></strong></span> <span class='ocrx_word' id='word_1_21' title='bbox 611 486 696 541; x_wconf 87' lang='grc' dir='ltr'><strong><em>πρὸ</em></strong></span> <span class='ocrx_word' id='word_1_22' title='bbox 733 491 813 529; x_wconf 89' lang='grc' dir='ltr'><strong><em>τοῦ</em></strong></span> <span class='ocrx_word' id='word_1_23' title='bbox 852 485 1022 543; x_wconf 74' lang='grc' dir='ltr'><strong><em>χρόνῳ,</em></strong></span> <span class='ocrx_word' id='word_1_24' title='bbox 1062 486 1311 537; x_wconf 73' lang='grc' dir='ltr'><strong><em>ἐλθόντων,</em></strong></span> <span class='ocrx_word' id='word_1_25' title='bbox 1361 487 1434 529; x_wconf 87' lang='grc' dir='ltr'><strong><em>καὶ</em></strong></span> <span class='ocrx_word' id='word_1_26' title='bbox 1474 486 1679 539; x_wconf 81' lang='grc' dir='ltr'><strong><em>ἐνδύντος</em></strong></span> <span class='ocrx_word' id='word_1_27' title='bbox 1709 492 1790 532; x_wconf 84' lang='grc' dir='ltr'><strong><em>τοῦ</em></strong></span> 
     </span>
    </p>
   </div>
   <div class='ocr_carea' id='block_1_6' title="bbox 524 563 1790 621">
    <p class='ocr_par' dir='ltr' id='par_1_6' title="bbox 524 563 1790 621">
     <span class='ocr_line' id='line_1_6' title="bbox 524 563 1790 621; baseline 0.001 -13"><span class='ocrx_word' id='word_1_28' title='bbox 524 565 674 619; x_wconf 77' lang='grc' dir='ltr'><strong><em>ἑτέρου</em></strong></span> <span class='ocrx_word' id='word_1_29' title='bbox 708 563 878 617; x_wconf 77' lang='grc' dir='ltr'><strong><em>αὐτῶν,</em></strong></span> <span class='ocrx_word' id='word_1_30' title='bbox 909 564 997 609; x_wconf 80' lang='grc' dir='ltr'><strong><em>ἐπεὶ</em></strong></span> <span class='ocrx_word' id='word_1_31' title='bbox 1019 566 1128 620; x_wconf 88' lang='grc' dir='ltr'><strong><em>πρὸς</em></strong></span> <span class='ocrx_word' id='word_1_32' title='bbox 1153 565 1199 609; x_wconf 89' lang='grc' dir='ltr'>τό</span> <span class='ocrx_word' id='word_1_33' title='bbox 1226 565 1358 621; x_wconf 77' lang='grc' dir='ltr'><strong><em>ἄγγος</em></strong></span> <span class='ocrx_word' id='word_1_34' title='bbox 1386 569 1632 621; x_wconf 79' lang='grc' dir='ltr'><em>προσῆλθε,</em></span> <span class='ocrx_word' id='word_1_35' title='bbox 1661 566 1790 618; x_wconf 77' lang='grc' dir='ltr'><strong><em>ἰθέως</em></strong></span> 
     </span>
    </p>
   </div>
   <div class='ocr_carea' id='block_1_7' title="bbox 522 643 1006 701">
    <p class='ocr_par' dir='ltr' id='par_1_7' title="bbox 522 643 1006 701">
     <span class='ocr_line' id='line_1_7' title="bbox 522 643 1006 701; baseline 0.002 -14"><span class='ocrx_word' id='word_1_36' title='bbox 522 649 573 701; x_wconf 75' lang='grc' dir='ltr'><strong><em>τῇ</em></strong></span> <span class='ocrx_word' id='word_1_37' title='bbox 604 643 720 700; x_wconf 71' lang='grc' dir='ltr'><strong><em>πάγῃ</em></strong></span> <span class='ocrx_word' id='word_1_38' title='bbox 761 644 1006 699; x_wconf 81' lang='grc' dir='ltr'><strong><em>ένέχεσθαι’</em></strong></span> 
     </span>
    </p>
   </div>
   <div class='ocr_carea' id='block_1_8' title="bbox 1066 643 1789 702">
    <p class='ocr_par' dir='ltr' id='par_1_8' title="bbox 1066 643 1789 702">
     <span class='ocr_line' id='line_1_8' title="bbox 1066 643 1789 702; baseline 0.001 -14"><span class='ocrx_word' id='word_1_39' title='bbox 1066 643 1125 696; x_wconf 67' lang='grc' dir='ltr'><strong><em>οἷς</em></strong></span> <span class='ocrx_word' id='word_1_40' title='bbox 1163 645 1208 688; x_wconf 81' lang='grc' dir='ltr'><strong><em>δὲ</em></strong></span> <span class='ocrx_word' id='word_1_41' title='bbox 1245 648 1409 701; x_wconf 79' lang='grc' dir='ltr'><strong><em>γνῶναι</em></strong></span> <span class='ocrx_word' id='word_1_42' title='bbox 1448 643 1587 688; x_wconf 83' lang='grc' dir='ltr'><strong><em>αὐτὸν</em></strong></span> <span class='ocrx_word' id='word_1_43' title='bbox 1625 645 1673 688; x_wconf 80' lang='grc' dir='ltr'><strong><em>ἐν</em></strong></span> <span class='ocrx_word' id='word_1_44' title='bbox 1711 647 1789 702; x_wconf 83' lang='grc' dir='ltr'><strong><em>οἴῳ</em></strong></span> 
     </span>
    </p>
   </div>
   <div class='ocr_carea' id='block_1_9' title="bbox 522 719 1791 780">
    <p class='ocr_par' dir='ltr' id='par_1_9' title="bbox 522 719 1791 780">
     <span class='ocr_line' id='line_1_9' title="bbox 522 719 1791 780; baseline 0.001 -14"><span class='ocrx_word' id='word_1_45' title='bbox 522 727 644 779; x_wconf 76' lang='grc' dir='ltr'><strong><em>κακῷ</em></strong></span> <span class='ocrx_word' id='word_1_46' title='bbox 677 719 754 780; x_wconf 75' lang='grc' dir='ltr'><strong><em>ἦν,</em></strong></span> <span class='ocrx_word' id='word_1_47' title='bbox 785 723 915 775; x_wconf 80' lang='grc' dir='ltr'><strong><em>ἰθέως</em></strong></span> <span class='ocrx_word' id='word_1_48' title='bbox 945 723 1114 767; x_wconf 80' lang='grc' dir='ltr'><strong><em>καλέειν</em></strong></span> <span class='ocrx_word' id='word_1_49' title='bbox 1144 723 1222 767; x_wconf 82' lang='grc' dir='ltr'><strong><em>τόν</em></strong></span> <span class='ocrx_word' id='word_1_50' title='bbox 1251 722 1492 780; x_wconf 80' lang='grc' dir='ltr'><strong><em>ἀδελφεὸν,</em></strong></span> <span class='ocrx_word' id='word_1_51' title='bbox 1522 724 1595 768; x_wconf 86' lang='grc' dir='ltr'><strong><em>καὶ</em></strong></span> <span class='ocrx_word' id='word_1_52' title='bbox 1626 725 1791 780; x_wconf 81' lang='grc' dir='ltr'><strong><em>δηλοῦν</em></strong></span> 
     </span>
    </p>
   </div>
   <div class='ocr_carea' id='block_1_10' title="bbox 523 799 1787 860">
    <p class='ocr_par' dir='ltr' id='par_1_10' title="bbox 523 799 1787 860">
     <span class='ocr_line' id='line_1_10' title="bbox 523 799 1787 860; baseline 0.002 -16"><span class='ocrx_word' id='word_1_53' title='bbox 523 799 642 857; x_wconf 75' lang='grc' dir='ltr'><strong><em>αὐτῷ</em></strong></span> <span class='ocrx_word' id='word_1_54' title='bbox 670 801 722 845; x_wconf 83' lang='grc' dir='ltr'><strong><em>τά</em></strong></span> <span class='ocrx_word' id='word_1_55' title='bbox 752 801 991 855; x_wconf 81' lang='grc' dir='ltr'><strong><em>παρεόντα,</em></strong></span> <span class='ocrx_word' id='word_1_56' title='bbox 1046 803 1120 846; x_wconf 87' lang='grc' dir='ltr'><strong><em>καὶ</em></strong></span> <span class='ocrx_word' id='word_1_57' title='bbox 1157 802 1348 848; x_wconf 82' lang='grc' dir='ltr'><strong><em>κελεύειν</em></strong></span> <span class='ocrx_word' id='word_1_58' title='bbox 1377 803 1457 860; x_wconf 79' lang='grc' dir='ltr'><strong><em>τὴν</em></strong></span> <span class='ocrx_word' id='word_1_59' title='bbox 1485 805 1687 860; x_wconf 83' lang='grc' dir='ltr'><strong><em>ταχίστην</em></strong></span> <span class='ocrx_word' id='word_1_60' title='bbox 1717 803 1787 847; x_wconf 79' lang='grc' dir='ltr'><strong><em>έσ-</em></strong></span> 
     </span>
    </p>
   </div>
   <div class='ocr_carea' id='block_1_11' title="bbox 522 878 1844 940">
    <p class='ocr_par' dir='ltr' id='par_1_11' title="bbox 522 878 1844 940">
     <span class='ocr_line' id='line_1_11' title="bbox 522 878 1844 940; baseline 0.001 -17"><span class='ocrx_word' id='word_1_61' title='bbox 522 878 680 932; x_wconf 83' lang='grc' dir='ltr'><strong><em>δύντα,</em></strong></span> <span class='ocrx_word' id='word_1_62' title='bbox 722 880 987 937; x_wconf 71' lang='grc' dir='ltr'><strong><em>ἀποτάμνειν</em></strong></span> <span class='ocrx_word' id='word_1_63' title='bbox 1027 879 1167 925; x_wconf 82' lang='grc' dir='ltr'><strong><em>αὐτοῦ</em></strong></span> <span class='ocrx_word' id='word_1_64' title='bbox 1205 883 1284 940; x_wconf 83' lang='grc' dir='ltr'><strong><em>τὴν</em></strong></span> <span class='ocrx_word' id='word_1_65' title='bbox 1320 884 1538 940; x_wconf 83' lang='grc' dir='ltr'><strong><em>κεφαλήν·</em></strong></span> <span class='ocrx_word' id='word_1_66' title='bbox 1587 882 1700 934; x_wconf 84' lang='grc' dir='ltr'><strong><em>ὅκως</em></strong></span> <span class='ocrx_word' id='word_1_67' title='bbox 1729 883 1844 940; x_wconf 78' lang='grc' dir='ltr'><strong><em>μὴΊΟ</em></strong></span> 
     </span>
    </p>
   </div>
   <div class='ocr_carea' id='block_1_12' title="bbox 523 957 1787 1020">
    <p class='ocr_par' dir='ltr' id='par_1_12' title="bbox 523 957 1787 1020">
     <span class='ocr_line' id='line_1_12' title="bbox 523 957 1787 1020; baseline 0.003 -18"><span class='ocrx_word' id='word_1_68' title='bbox 523 957 654 1010; x_wconf 74' lang='grc' dir='ltr'><strong><em>αὐτὸς</em></strong></span> <span class='ocrx_word' id='word_1_69' title='bbox 687 959 867 1015; x_wconf 83' lang='grc' dir='ltr'><strong><em>ὀφθεὶς,</em></strong></span> <span class='ocrx_word' id='word_1_70' title='bbox 905 962 978 1005; x_wconf 86' lang='grc' dir='ltr'><strong><em>καὶ</em></strong></span> <span class='ocrx_word' id='word_1_71' title='bbox 1006 963 1266 1016; x_wconf 73' lang='grc' dir='ltr'><strong><em>γνωρισθεὶς</em></strong></span> <span class='ocrx_word' id='word_1_72' title='bbox 1306 963 1354 1015; x_wconf 82' lang='grc' dir='ltr'><strong><em>ὃς</em></strong></span> <span class='ocrx_word' id='word_1_73' title='bbox 1386 966 1470 1020; x_wconf 89' lang='grc' dir='ltr'><strong><em>εἰἠ,</em></strong></span> <span class='ocrx_word' id='word_1_74' title='bbox 1514 962 1787 1017; x_wconf 87' lang='grc' dir='ltr'><strong><em>προσαπολέ-</em></strong></span> 
     </span>
    </p>
   </div>
   <div class='ocr_carea' id='block_1_13' title="bbox 468 1037 1784 1099">
    <p class='ocr_par' dir='ltr' id='par_1_13' title="bbox 468 1037 1784 1099">
     <span class='ocr_line' id='line_1_13' title="bbox 468 1037 1784 1099; baseline 0.005 -20"><span class='ocrx_word' id='word_1_75' title='bbox 468 1046 507 1079; x_wconf 82' lang='lat'><strong><em>15</em></strong></span> <span class='ocrx_word' id='word_1_76' title='bbox 522 1050 576 1095; x_wconf 80' lang='grc' dir='ltr'><strong><em>σῃ</em></strong></span> <span class='ocrx_word' id='word_1_77' title='bbox 606 1039 679 1081; x_wconf 85' lang='grc' dir='ltr'><strong><em>καὶ</em></strong></span> <span class='ocrx_word' id='word_1_78' title='bbox 708 1039 887 1084; x_wconf 81' lang='grc' dir='ltr'><strong><em>ἐκεῖνον.</em></strong></span> <span class='ocrx_word' id='word_1_79' title='bbox 944 1043 1006 1096; x_wconf 73' lang='grc' dir='ltr'><strong><em>τῷ</em></strong></span> <span class='ocrx_word' id='word_1_80' title='bbox 1037 1040 1082 1083; x_wconf 80' lang='grc' dir='ltr'><strong><em>δὲ</em></strong></span> <span class='ocrx_word' id='word_1_81' title='bbox 1113 1040 1236 1093; x_wconf 79' lang='grc' dir='ltr'><strong><em>δόξαι</em></strong></span> <span class='ocrx_word' id='word_1_82' title='bbox 1266 1037 1316 1085; x_wconf 78' lang='grc' dir='ltr'><strong><em>εὖ</em></strong></span> <span class='ocrx_word' id='word_1_83' title='bbox 1354 1042 1516 1098; x_wconf 80' lang='grc' dir='ltr'><strong><em>λέγειν,</em></strong></span> <span class='ocrx_word' id='word_1_84' title='bbox 1553 1043 1627 1085; x_wconf 90' lang='grc' dir='ltr'><strong><em>καὶ</em></strong></span> <span class='ocrx_word' id='word_1_85' title='bbox 1655 1046 1784 1099; x_wconf 88' lang='grc' dir='ltr'><strong><em>ποιῆ-</em></strong></span> 
     </span>
    </p>
   </div>
   <div class='ocr_carea' id='block_1_14' title="bbox 520 1119 1178 1251">
    <p class='ocr_par' dir='ltr' id='par_1_14' title="bbox 520 1119 1178 1251">
     <span class='ocr_line' id='line_1_14' title="bbox 521 1119 1157 1174; baseline 0.005 -14"><span class='ocrx_word' id='word_1_86' title='bbox 521 1119 595 1160; x_wconf 88' lang='grc' dir='ltr'><strong><em>σαί</em></strong></span> <span class='ocrx_word' id='word_1_87' title='bbox 622 1135 697 1174; x_wconf 92' lang='grc' dir='ltr'><strong><em>μιν</em></strong></span> <span class='ocrx_word' id='word_1_88' title='bbox 731 1119 962 1163; x_wconf 79' lang='grc' dir='ltr'><strong><em>πεισθέντα</em></strong></span> <span class='ocrx_word' id='word_1_89' title='bbox 1001 1123 1157 1163; x_wconf 84' lang='grc' dir='ltr'><strong><em>ταῦτα·</em></strong></span> 
     </span>
     <span class='ocr_line' id='line_1_15' title="bbox 520 1197 1178 1251; baseline 0.005 -11"><span class='ocrx_word' id='word_1_90' title='bbox 520 1198 673 1250; x_wconf 85' lang='grc' dir='ltr'><strong><em>λίθον,</em></strong></span> <span class='ocrx_word' id='word_1_91' title='bbox 724 1197 895 1242; x_wconf 77' lang='grc' dir='ltr'><strong><em>ἀπιέναι</em></strong></span> <span class='ocrx_word' id='word_1_92' title='bbox 936 1198 998 1242; x_wconf 80' lang='grc' dir='ltr'><strong><em>ἐπ’</em></strong></span> <span class='ocrx_word' id='word_1_93' title='bbox 1030 1200 1178 1251; x_wconf 79' lang='grc' dir='ltr'><strong><em>οἴκου,</em></strong></span> 
     </span>
    </p>
   </div>
   <div class='ocr_carea' id='block_1_15' title="bbox 1215 1119 1786 1257">
    <p class='ocr_par' dir='ltr' id='par_1_15' title="bbox 1215 1119 1786 1257">
     <span class='ocr_line' id='line_1_16' title="bbox 1215 1119 1786 1176; baseline -0.002 -12"><span class='ocrx_word' id='word_1_94' title='bbox 1215 1121 1289 1164; x_wconf 90' lang='grc' dir='ltr'><strong><em>καὶ</em></strong></span> <span class='ocrx_word' id='word_1_95' title='bbox 1334 1120 1669 1176; x_wconf 86' lang='grc' dir='ltr'><strong><em>καταρμόσαντα</em></strong></span> <span class='ocrx_word' id='word_1_96' title='bbox 1707 1119 1786 1164; x_wconf 87' lang='grc' dir='ltr'><strong><em>τὸν</em></strong></span> 
     </span>
     <span class='ocr_line' id='line_1_17' title="bbox 1239 1199 1786 1257; baseline 0 -14"><span class='ocrx_word' id='word_1_97' title='bbox 1239 1200 1433 1255; x_wconf 90' lang='grc' dir='ltr'><strong><em>φέροντα</em></strong></span> <span class='ocrx_word' id='word_1_98' title='bbox 1471 1199 1551 1257; x_wconf 78' lang='grc' dir='ltr'><strong><em>τήν</em></strong></span> <span class='ocrx_word' id='word_1_99' title='bbox 1590 1199 1786 1255; x_wconf 79' lang='grc' dir='ltr'><strong><em>κεφαλήν</em></strong></span> 
     </span>
    </p>
   </div>
   <div class='ocr_carea' id='block_1_16' title="bbox 410 1274 1841 1335">
    <p class='ocr_par' dir='ltr' id='par_1_16' title="bbox 410 1274 1841 1335">
     <span class='ocr_line' id='line_1_18' title="bbox 410 1274 1841 1335; baseline 0.001 -17"><span class='ocrx_word' id='word_1_100' title='bbox 410 1279 438 1318; x_wconf 75' lang='lat'><strong>3</strong></span> <span class='ocrx_word' id='word_1_101' title='bbox 471 1279 604 1319; x_wconf 81' lang='grc' dir='ltr'><strong><em>16τοῦ</em></strong></span> <span class='ocrx_word' id='word_1_102' title='bbox 642 1274 874 1333; x_wconf 86' lang='grc' dir='ltr'><strong><em>ἀδελφεοῦ.</em></strong></span> <span class='ocrx_word' id='word_1_103' title='bbox 928 1275 1004 1329; x_wconf 78' lang='grc' dir='ltr'><strong><em>Ὡς</em></strong></span> <span class='ocrx_word' id='word_1_104' title='bbox 1047 1278 1094 1322; x_wconf 80' lang='grc' dir='ltr'><strong><em>δὲ</em></strong></span> <span class='ocrx_word' id='word_1_105' title='bbox 1129 1276 1266 1335; x_wconf 81' lang='grc' dir='ltr'><strong><em>ἡμέρη</em></strong></span> <span class='ocrx_word' id='word_1_106' title='bbox 1305 1279 1501 1334; x_wconf 80' lang='grc' dir='ltr'><strong><em>ἐγένετο,</em></strong></span> <span class='ocrx_word' id='word_1_107' title='bbox 1550 1278 1841 1322; x_wconf 82' lang='grc' dir='ltr'><strong><em>έσελθόντα75</em></strong></span> 
     </span>
    </p>
   </div>
   <div class='ocr_carea' id='block_1_17' title="bbox 189 1327 467 1358">
    <p class='ocr_par' dir='ltr' id='par_1_17' title="bbox 189 1327 467 1358">
     <span class='ocr_line' id='line_1_19' title="bbox 189 1327 467 1358; baseline 0.014 -4"><span class='ocrx_word' id='word_1_108' title='bbox 189 1327 281 1355; x_wconf 84' lang='lat' dir='ltr'><strong>Dolor</strong></span> <span class='ocrx_word' id='word_1_109' title='bbox 303 1328 406 1356; x_wconf 67' lang='lat' dir='ltr'>matria</span> <span class='ocrx_word' id='word_1_110' title='bbox 431 1330 467 1358; x_wconf 92' lang='lat' dir='ltr'><strong><em>ob</em></strong></span> 
     </span>
    </p>
   </div>
   <div class='ocr_carea' id='block_1_18' title="bbox 189 1355 1785 1431">
    <p class='ocr_par' dir='ltr' id='par_1_18' title="bbox 189 1355 1785 1431">
     <span class='ocr_line' id='line_1_20' title="bbox 189 1355 1785 1422; baseline 0.003 -24"><span class='ocrx_word' id='word_1_111' title='bbox 189 1360 415 1422; x_wconf 53' lang='lat' dir='ltr'><strong><em>ffijmgiladaver</em></strong></span> <span class='ocrx_word' id='word_1_112' title='bbox 450 1373 467 1391; x_wconf 83' lang='lat' dir='ltr'>e</span> <span class='ocrx_word' id='word_1_113' title='bbox 523 1356 602 1399; x_wconf 84' lang='grc' dir='ltr'><strong><em>τὸν</em></strong></span> <span class='ocrx_word' id='word_1_114' title='bbox 626 1355 805 1412; x_wconf 79' lang='grc' dir='ltr'><strong><em>βασιλέα</em></strong></span> <span class='ocrx_word' id='word_1_115' title='bbox 843 1357 885 1408; x_wconf 79' lang='grc' dir='ltr'><strong><em>ἐς</em></strong></span> <span class='ocrx_word' id='word_1_116' title='bbox 922 1355 972 1400; x_wconf 86' lang='grc' dir='ltr'><em>τό</em></span> <span class='ocrx_word' id='word_1_117' title='bbox 1015 1359 1196 1413; x_wconf 79' lang='grc' dir='ltr'><strong><em>οἴκημα,</em></strong></span> <span class='ocrx_word' id='word_1_118' title='bbox 1248 1359 1560 1414; x_wconf 82' lang='grc' dir='ltr'><strong><em>ἐκπεπλῆχθαι,</em></strong></span> <span class='ocrx_word' id='word_1_119' title='bbox 1602 1356 1785 1413; x_wconf 87' lang='grc' dir='ltr'><strong><em>ὁρέοντα</em></strong></span> 
     </span>
     <span class='ocr_line' id='line_1_21' title="bbox 317 1404 465 1431; baseline 0.02 -9"><span class='ocrx_word' id='word_1_120' title='bbox 317 1404 465 1431; x_wconf 69' lang='lat' dir='ltr'>speneum.</span> 
     </span>
    </p>
   </div>
   <div class='ocr_carea' id='block_1_19' title="bbox 521 1434 1782 1493">
    <p class='ocr_par' dir='ltr' id='par_1_19' title="bbox 521 1434 1782 1493">
     <span class='ocr_line' id='line_1_22' title="bbox 521 1434 1782 1493; baseline 0.002 -16"><span class='ocrx_word' id='word_1_121' title='bbox 521 1434 569 1478; x_wconf 81' lang='grc' dir='ltr'><strong><em>τό</em></strong></span> <span class='ocrx_word' id='word_1_122' title='bbox 601 1439 725 1490; x_wconf 78' lang='grc' dir='ltr'><strong><em>σῶμα</em></strong></span> <span class='ocrx_word' id='word_1_123' title='bbox 753 1439 834 1479; x_wconf 84' lang='grc' dir='ltr'><strong><em>τοῦ</em></strong></span> <span class='ocrx_word' id='word_1_124' title='bbox 864 1435 1014 1491; x_wconf 83' lang='grc' dir='ltr'><strong><em>φωρὸς</em></strong></span> <span class='ocrx_word' id='word_1_125' title='bbox 1045 1436 1091 1479; x_wconf 83' lang='grc' dir='ltr'><strong><em>έν</em></strong></span> <span class='ocrx_word' id='word_1_126' title='bbox 1119 1440 1173 1492; x_wconf 84' lang='grc' dir='ltr'><strong><em>τῇ</em></strong></span> <span class='ocrx_word' id='word_1_127' title='bbox 1203 1435 1320 1493; x_wconf 79' lang='grc' dir='ltr'><strong><em>πάγῃ</em></strong></span> <span class='ocrx_word' id='word_1_128' title='bbox 1352 1436 1458 1481; x_wconf 78' lang='grc' dir='ltr'><strong><em>ἄνευ</em></strong></span> <span class='ocrx_word' id='word_1_129' title='bbox 1487 1442 1562 1492; x_wconf 88' lang='grc' dir='ltr'><strong><em>τῆς</em></strong></span> <span class='ocrx_word' id='word_1_130' title='bbox 1591 1440 1782 1492; x_wconf 82' lang='grc' dir='ltr'><strong><em>κεφαλῆς</em></strong></span> 
     </span>
    </p>
   </div>
   <div class='ocr_carea' id='block_1_20' title="bbox 519 1512 615 1556">
    <p class='ocr_par' dir='ltr' id='par_1_20' title="bbox 519 1512 615 1556">
     <span class='ocr_line' id='line_1_23' title="bbox 519 1512 615 1556; baseline 0 0"><span class='ocrx_word' id='word_1_131' title='bbox 519 1512 615 1556; x_wconf 79' lang='grc' dir='ltr'><strong><em>ἐόν·</em></strong></span> 
     </span>
    </p>
   </div>
   <div class='ocr_carea' id='block_1_21' title="bbox 667 1512 1780 1570">
    <p class='ocr_par' dir='ltr' id='par_1_21' title="bbox 667 1512 1780 1570">
     <span class='ocr_line' id='line_1_24' title="bbox 667 1512 1780 1570; baseline 0.002 -14"><span class='ocrx_word' id='word_1_132' title='bbox 667 1513 715 1557; x_wconf 82' lang='grc' dir='ltr'><strong><em>τὸ</em></strong></span> <span class='ocrx_word' id='word_1_133' title='bbox 745 1514 790 1557; x_wconf 77' lang='grc' dir='ltr'><strong><em>δὲ</em></strong></span> <span class='ocrx_word' id='word_1_134' title='bbox 821 1516 999 1570; x_wconf 79' lang='grc' dir='ltr'><strong><em>οἴκημα,</em></strong></span> <span class='ocrx_word' id='word_1_135' title='bbox 1049 1512 1215 1568; x_wconf 76' lang='grc' dir='ltr'><strong><em>ἀσινὲς,</em></strong></span> <span class='ocrx_word' id='word_1_136' title='bbox 1258 1517 1332 1559; x_wconf 84' lang='grc' dir='ltr'><strong><em>καὶ</em></strong></span> <span class='ocrx_word' id='word_1_137' title='bbox 1361 1517 1460 1559; x_wconf 85' lang='grc' dir='ltr'><strong><em>οὔτε</em></strong></span> <span class='ocrx_word' id='word_1_138' title='bbox 1491 1517 1647 1561; x_wconf 77' lang='grc' dir='ltr'><strong><em>ἔσοδον</em></strong></span> <span class='ocrx_word' id='word_1_139' title='bbox 1679 1514 1780 1559; x_wconf 79' lang='grc' dir='ltr'><strong><em>οὔτε</em></strong></span> 
     </span>
    </p>
   </div>
   <div class='ocr_carea' id='block_1_22' title="bbox 465 1591 1779 1652">
    <p class='ocr_par' dir='ltr' id='par_1_22' title="bbox 465 1591 1779 1652">
     <span class='ocr_line' id='line_1_25' title="bbox 465 1591 1727 1636; baseline -0.002 -27"><span class='ocrx_word' id='word_1_140' title='bbox 465 1599 505 1632; x_wconf 78' lang='grc'><strong><em>17</em></strong></span> <span class='ocrx_word' id='word_1_141' title='bbox 522 1592 540 1609; x_wconf 78' lang='lat'><strong><em>&gt;¹</em></strong></span> <span class='ocrx_word' id='word_1_142' title='bbox 568 1595 591 1636; x_wconf 77' lang='grc' dir='ltr'>δ</span> <span class='ocrx_word' id='word_1_143' title='bbox 767 1591 777 1607; x_wconf 68' lang='lat'>5</span> <span class='ocrx_word' id='word_1_144' title='bbox 865 1594 875 1609; x_wconf 85' lang='grc' dir='ltr'><strong><em>Ι</em></strong></span> <span class='ocrx_word' id='word_1_145' title='bbox 968 1594 986 1610; x_wconf 77' lang='lat'><strong><em>51</em></strong></span> <span class='ocrx_word' id='word_1_146' title='bbox 1149 1591 1159 1608; x_wconf 70' lang='lat'><em>5</em></span> <span class='ocrx_word' id='word_1_147' title='bbox 1288 1594 1298 1608; x_wconf 87' lang='grc' dir='ltr'><em>Ι</em></span> <span class='ocrx_word' id='word_1_148' title='bbox 1482 1596 1508 1609; x_wconf 72' lang='grc' dir='ltr'><strong><em>,ι</em></strong></span> <span class='ocrx_word' id='word_1_149' title='bbox 1718 1594 1727 1607; x_wconf 82' lang='grc' dir='ltr'><strong><em>Ι</em></strong></span> 
     </span>
     <span class='ocr_line' id='line_1_26' title="bbox 519 1594 1779 1652; baseline 0.002 -17"><span class='ocrx_word' id='word_1_150' title='bbox 519 1609 563 1635; x_wconf 83' lang='grc' dir='ltr'><strong><em>εκ</em></strong></span> <span class='ocrx_word' id='word_1_151' title='bbox 594 1604 695 1636; x_wconf 87' lang='grc' dir='ltr'><strong><em>υσιν</em></strong></span> <span class='ocrx_word' id='word_1_152' title='bbox 724 1594 932 1649; x_wconf 86' lang='grc' dir='ltr'><strong><em>ονδεμιαν</em></strong></span> <span class='ocrx_word' id='word_1_153' title='bbox 964 1610 1073 1650; x_wconf 90' lang='grc' dir='ltr'><strong><em>εχον.</em></strong></span> <span class='ocrx_word' id='word_1_154' title='bbox 1132 1611 1433 1652; x_wconf 87' lang='grc' dir='ltr'><strong><em>απορευμενον</em></strong></span> <span class='ocrx_word' id='word_1_155' title='bbox 1463 1597 1509 1639; x_wconf 82' lang='grc' dir='ltr'><strong><em>δε</em></strong></span> <span class='ocrx_word' id='word_1_156' title='bbox 1540 1612 1638 1651; x_wconf 88' lang='grc' dir='ltr'><strong><em>μιν,</em></strong></span> <span class='ocrx_word' id='word_1_157' title='bbox 1679 1597 1779 1638; x_wconf 86' lang='grc' dir='ltr'><strong><em>ταδε</em></strong></span> 
     </span>
    </p>
   </div>
   <div class='ocr_carea' id='block_1_23' title="bbox 455 1798 1116 2923">
    <p class='ocr_par' dir='ltr' id='par_1_23' title="bbox 455 1798 1116 2923">
     <span class='ocr_line' id='line_1_27' title="bbox 462 1798 1116 1847; baseline 0.002 -12"><span class='ocrx_word' id='word_1_158' title='bbox 462 1799 604 1835; x_wconf 83' lang='lat' dir='ltr'>cutione</span> <span class='ocrx_word' id='word_1_159' title='bbox 625 1802 792 1846; x_wconf 76' lang='lat' dir='ltr'>utuntur,</span> <span class='ocrx_word' id='word_1_160' title='bbox 823 1798 885 1847; x_wconf 90' lang='lat' dir='ltr'><strong><em>qui</em></strong></span> <span class='ocrx_word' id='word_1_161' title='bbox 906 1798 1037 1836; x_wconf 85' lang='lat' dir='ltr'>similes</span> <span class='ocrx_word' id='word_1_162' title='bbox 1060 1800 1116 1835; x_wconf 84' lang='lat' dir='ltr'><strong><em>fa-</em></strong></span> 
     </span>
     <span class='ocr_line' id='line_1_28' title="bbox 463 1854 1116 1904; baseline 0 -12"><span class='ocrx_word' id='word_1_163' title='bbox 463 1854 575 1892; x_wconf 84' lang='lat' dir='ltr'>bellas</span> <span class='ocrx_word' id='word_1_164' title='bbox 596 1855 736 1892; x_wconf 79' lang='lat' dir='ltr'>Graece</span> <span class='ocrx_word' id='word_1_165' title='bbox 757 1855 997 1904; x_wconf 84' lang='lat' dir='ltr'>scripserunt,</span> <span class='ocrx_word' id='word_1_166' title='bbox 1019 1855 1116 1892; x_wconf 90' lang='lat' dir='ltr'>Pau-</span> 
     </span>
     <span class='ocr_line' id='line_1_29' title="bbox 464 1911 1115 1958; baseline 0.003 -12"><span class='ocrx_word' id='word_1_167' title='bbox 464 1911 583 1947; x_wconf 83' lang='lat' dir='ltr'>sanias</span> <span class='ocrx_word' id='word_1_168' title='bbox 606 1911 680 1957; x_wconf 83' lang='lat' dir='ltr'><strong><em>lx,</em></strong></span> <span class='ocrx_word' id='word_1_169' title='bbox 699 1912 779 1958; x_wconf 84' lang='lat'><strong><em>37,</em></strong></span> <span class='ocrx_word' id='word_1_170' title='bbox 817 1911 877 1947; x_wconf 88' lang='lat' dir='ltr'><strong><em>ubi</em></strong></span> <span class='ocrx_word' id='word_1_171' title='bbox 905 1913 1000 1948; x_wconf 90' lang='lat' dir='ltr'>conf.</span> <span class='ocrx_word' id='word_1_172' title='bbox 1033 1912 1115 1949; x_wconf 86' lang='lat' dir='ltr'>Sie-</span> 
     </span>
     <span class='ocr_line' id='line_1_30' title="bbox 463 1967 1113 2017; baseline 0 -13"><span class='ocrx_word' id='word_1_173' title='bbox 463 1967 564 2004; x_wconf 88' lang='lat' dir='ltr'>belis.</span> <span class='ocrx_word' id='word_1_174' title='bbox 577 1980 612 2017; x_wconf 91' lang='lat' dir='ltr'><strong><em>p.</em></strong></span> <span class='ocrx_word' id='word_1_175' title='bbox 632 1969 709 2008; x_wconf 82' lang='lat'><strong><em>126</em></strong></span> <span class='ocrx_word' id='word_1_176' title='bbox 737 1972 775 2004; x_wconf 85' lang='lat' dir='ltr'><strong><em>et</em></strong></span> <span class='ocrx_word' id='word_1_177' title='bbox 788 1967 933 2004; x_wconf 78' lang='lat' dir='ltr'>Charax</span> <span class='ocrx_word' id='word_1_178' title='bbox 950 1968 986 2004; x_wconf 91' lang='lat' dir='ltr'><strong><em>in</em></strong></span> <span class='ocrx_word' id='word_1_179' title='bbox 1003 1967 1113 2005; x_wconf 85' lang='lat' dir='ltr'>schol.</span> 
     </span>
     <span class='ocr_line' id='line_1_31' title="bbox 459 2023 1112 2073; baseline 0.003 -14"><span class='ocrx_word' id='word_1_180' title='bbox 459 2023 557 2060; x_wconf 87' lang='lat' dir='ltr'>laud.</span> <span class='ocrx_word' id='word_1_181' title='bbox 584 2044 639 2051; x_wconf 90' lang='lat'><strong><em>—-</em></strong></span> <span class='ocrx_word' id='word_1_182' title='bbox 678 2023 720 2060; x_wconf 90' lang='lat' dir='ltr'><strong><em>In</em></strong></span> <span class='ocrx_word' id='word_1_183' title='bbox 753 2037 854 2073; x_wconf 86' lang='lat' dir='ltr'><strong>seqq.</strong></span> <span class='ocrx_word' id='word_1_184' title='bbox 884 2037 965 2061; x_wconf 88' lang='lat' dir='ltr'><strong><em>cum</em></strong></span> <span class='ocrx_word' id='word_1_185' title='bbox 996 2025 1112 2061; x_wconf 86' lang='lat' dir='ltr'>Gaisf.</span> 
     </span>
     <span class='ocr_line' id='line_1_32' title="bbox 461 2077 1111 2133; baseline 0.005 -16"><span class='ocrx_word' id='word_1_186' title='bbox 461 2080 581 2117; x_wconf 88' lang='lat' dir='ltr'>edidi:</span> <span class='ocrx_word' id='word_1_187' title='bbox 612 2078 653 2118; x_wconf 79' lang='grc' dir='ltr'><strong><em>ἐν</em></strong></span> <span class='ocrx_word' id='word_1_188' title='bbox 674 2081 732 2133; x_wconf 75' lang='grc' dir='ltr'><strong><em>τῷ</em></strong></span> <span class='ocrx_word' id='word_1_189' title='bbox 758 2077 836 2131; x_wconf 76' lang='grc' dir='ltr'><strong><em>πρό</em></strong></span> <span class='ocrx_word' id='word_1_190' title='bbox 863 2082 934 2119; x_wconf 84' lang='grc' dir='ltr'><strong><em>τοῦ</em></strong></span> <span class='ocrx_word' id='word_1_191' title='bbox 966 2077 1111 2133; x_wconf 81' lang='grc' dir='ltr'><strong><em>χρόνῳ,</em></strong></span> 
     </span>
     <span class='ocr_line' id='line_1_33' title="bbox 460 2135 1110 2190; baseline 0.006 -18"><span class='ocrx_word' id='word_1_192' title='bbox 460 2149 541 2173; x_wconf 90' lang='lat' dir='ltr'><strong><em>cum</em></strong></span> <span class='ocrx_word' id='word_1_193' title='bbox 567 2136 677 2185; x_wconf 83' lang='lat' dir='ltr'>vulgo</span> <span class='ocrx_word' id='word_1_194' title='bbox 703 2141 818 2174; x_wconf 87' lang='lat' dir='ltr'>esset:</span> <span class='ocrx_word' id='word_1_195' title='bbox 849 2135 891 2175; x_wconf 80' lang='grc' dir='ltr'><strong><em>ἐν</em></strong></span> <span class='ocrx_word' id='word_1_196' title='bbox 917 2139 974 2190; x_wconf 77' lang='grc' dir='ltr'><strong><em>τῷ</em></strong></span> <span class='ocrx_word' id='word_1_197' title='bbox 999 2153 1110 2188; x_wconf 85' lang='grc' dir='ltr'><strong><em>προ-</em></strong></span> 
     </span>
     <span class='ocr_line' id='line_1_34' title="bbox 460 2188 1110 2246; baseline 0.002 -16"><span class='ocrx_word' id='word_1_198' title='bbox 460 2194 549 2231; x_wconf 81' lang='grc' dir='ltr'><strong><em>τοῦ</em></strong></span> <span class='ocrx_word' id='word_1_199' title='bbox 577 2188 715 2246; x_wconf 78' lang='grc' dir='ltr'><strong><em>χρόνῳ.</em></strong></span> <span class='ocrx_word' id='word_1_200' title='bbox 783 2193 894 2236; x_wconf 85' lang='lat' dir='ltr'>Quod</span> <span class='ocrx_word' id='word_1_201' title='bbox 923 2207 1006 2230; x_wconf 89' lang='lat' dir='ltr'><strong><em>mox</em></strong></span> <span class='ocrx_word' id='word_1_202' title='bbox 1032 2194 1110 2231; x_wconf 90' lang='lat' dir='ltr'><strong><em>He—</em></strong></span> 
     </span>
     <span class='ocr_line' id='line_1_35' title="bbox 459 2245 1108 2304; baseline 0.006 -19"><span class='ocrx_word' id='word_1_203' title='bbox 459 2249 590 2285; x_wconf 85' lang='lat' dir='ltr'>rodoto</span> <span class='ocrx_word' id='word_1_204' title='bbox 619 2253 674 2286; x_wconf 88' lang='lat' dir='ltr'>est</span> <span class='ocrx_word' id='word_1_205' title='bbox 697 2251 747 2303; x_wconf 82' lang='grc' dir='ltr'><strong><em>τῇ</em></strong></span> <span class='ocrx_word' id='word_1_206' title='bbox 762 2245 868 2304; x_wconf 75' lang='grc' dir='ltr'><strong><em>πάγῃ</em></strong></span> <span class='ocrx_word' id='word_1_207' title='bbox 891 2248 1108 2300; x_wconf 81' lang='grc' dir='ltr'><strong><em>ἐνέχεσθαι,</em></strong></span> 
     </span>
     <span class='ocr_line' id='line_1_36' title="bbox 461 2305 1110 2358; baseline 0.008 -18"><span class='ocrx_word' id='word_1_208' title='bbox 461 2305 499 2341; x_wconf 86' lang='lat' dir='ltr'><strong><em>id</em></strong></span> <span class='ocrx_word' id='word_1_209' title='bbox 523 2305 676 2343; x_wconf 85' lang='lat' dir='ltr'>Characi</span> <span class='ocrx_word' id='word_1_210' title='bbox 698 2309 755 2343; x_wconf 88' lang='lat' dir='ltr'>est</span> <span class='ocrx_word' id='word_1_211' title='bbox 784 2306 923 2358; x_wconf 79' lang='grc' dir='ltr'><strong><em>παγίσι</em></strong></span> <span class='ocrx_word' id='word_1_212' title='bbox 951 2320 1110 2356; x_wconf 85' lang='grc' dir='ltr'><strong><em>περιπε-</em></strong></span> 
     </span>
     <span class='ocr_line' id='line_1_37' title="bbox 461 2362 1110 2410; baseline 0 -10"><span class='ocrx_word' id='word_1_213' title='bbox 461 2364 568 2410; x_wconf 65' lang='grc' dir='ltr'><strong><em>σεῖν,</em></strong></span> <span class='ocrx_word' id='word_1_214' title='bbox 612 2362 811 2399; x_wconf 84' lang='lat' dir='ltr'>Pausanias</span> <span class='ocrx_word' id='word_1_215' title='bbox 850 2376 936 2400; x_wconf 87' lang='lat' dir='ltr'>vero</span> <span class='ocrx_word' id='word_1_216' title='bbox 970 2363 1110 2401; x_wconf 82' lang='lat' dir='ltr'>scribit:</span> 
     </span>
     <span class='ocr_line' id='line_1_38' title="bbox 459 2415 1070 2469; baseline 0.003 -15"><span class='ocrx_word' id='word_1_217' title='bbox 459 2417 687 2466; x_wconf 86' lang='lat' dir='ltr'>Agamedem</span> <span class='ocrx_word' id='word_1_218' title='bbox 706 2416 730 2458; x_wconf 79' lang='grc' dir='ltr'>ὁ</span> <span class='ocrx_word' id='word_1_219' title='bbox 748 2415 890 2469; x_wconf 75' lang='grc' dir='ltr'><strong><em>δεσμός</em></strong></span> <span class='ocrx_word' id='word_1_220' title='bbox 910 2422 1070 2469; x_wconf 84' lang='grc' dir='ltr'><strong><em>κατεῖχε.</em></strong></span> 
     </span>
     <span class='ocr_line' id='line_1_39' title="bbox 509 2471 1107 2530; baseline 0.005 -18"><span class='ocrx_word' id='word_1_221' title='bbox 509 2471 610 2520; x_wconf 69' lang='grc' dir='ltr'><strong><em>ὅκως</em></strong></span> <span class='ocrx_word' id='word_1_222' title='bbox 638 2471 693 2525; x_wconf 76' lang='grc' dir='ltr'><strong><em>μη“</em></strong></span> <span class='ocrx_word' id='word_1_223' title='bbox 718 2495 775 2503; x_wconf 93' lang='lat'>—</span> <span class='ocrx_word' id='word_1_224' title='bbox 805 2474 1107 2530; x_wconf 79' lang='grc' dir='ltr'><strong><em>προσαπολέσῃ]</em></strong></span> 
     </span>
     <span class='ocr_line' id='line_1_40' title="bbox 456 2529 1109 2586; baseline 0.003 -19"><span class='ocrx_word' id='word_1_225' title='bbox 456 2529 684 2579; x_wconf 86' lang='lat' dir='ltr'>Reliquimus</span> <span class='ocrx_word' id='word_1_226' title='bbox 702 2531 979 2586; x_wconf 81' lang='grc' dir='ltr'><strong><em>προσαπολέσῃ</em></strong></span> <span class='ocrx_word' id='word_1_227' title='bbox 992 2561 1003 2580; x_wconf 87' lang='lat'>‚</span> <span class='ocrx_word' id='word_1_228' title='bbox 1030 2546 1109 2569; x_wconf 89' lang='lat' dir='ltr'><strong><em>mu-</em></strong></span> 
     </span>
     <span class='ocr_line' id='line_1_41' title="bbox 456 2587 1109 2638; baseline 0.003 -15"><span class='ocrx_word' id='word_1_229' title='bbox 456 2590 570 2624; x_wconf 80' lang='lat' dir='ltr'>tatum</span> <span class='ocrx_word' id='word_1_230' title='bbox 598 2589 635 2624; x_wconf 89' lang='lat' dir='ltr'><strong><em>in</em></strong></span> <span class='ocrx_word' id='word_1_231' title='bbox 666 2587 952 2638; x_wconf 83' lang='grc' dir='ltr'><strong><em>προσαπολέσει</em></strong></span> <span class='ocrx_word' id='word_1_232' title='bbox 978 2601 1021 2626; x_wconf 88' lang='lat' dir='ltr'><strong><em>ex</em></strong></span> <span class='ocrx_word' id='word_1_233' title='bbox 1048 2602 1109 2625; x_wconf 87' lang='lat' dir='ltr'><strong><em>ca-</em></strong></span> 
     </span>
     <span class='ocr_line' id='line_1_42' title="bbox 458 2644 1105 2691; baseline 0.005 -12"><span class='ocrx_word' id='word_1_234' title='bbox 458 2656 554 2681; x_wconf 88' lang='lat' dir='ltr'>none</span> <span class='ocrx_word' id='word_1_235' title='bbox 584 2644 782 2681; x_wconf 84' lang='lat' dir='ltr'>Davisiano</span> <span class='ocrx_word' id='word_1_236' title='bbox 803 2674 814 2691; x_wconf 89' lang='lat'><strong><em>,</em></strong></span> <span class='ocrx_word' id='word_1_237' title='bbox 850 2646 904 2682; x_wconf 87' lang='lat' dir='ltr'><strong><em>cui</em></strong></span> <span class='ocrx_word' id='word_1_238' title='bbox 931 2645 999 2682; x_wconf 90' lang='lat' dir='ltr'><strong><em>hoc</em></strong></span> <span class='ocrx_word' id='word_1_239' title='bbox 1025 2645 1105 2682; x_wconf 91' lang='lat' dir='ltr'>loco</span> 
     </span>
     <span class='ocr_line' id='line_1_43' title="bbox 460 2700 1104 2750; baseline 0.005 -15"><span class='ocrx_word' id='word_1_240' title='bbox 460 2700 569 2737; x_wconf 83' lang='lat' dir='ltr'>etiam</span> <span class='ocrx_word' id='word_1_241' title='bbox 581 2700 661 2737; x_wconf 82' lang='lat' dir='ltr'>libri</span> <span class='ocrx_word' id='word_1_242' title='bbox 680 2702 827 2750; x_wconf 82' lang='lat' dir='ltr'>quidam</span> <span class='ocrx_word' id='word_1_243' title='bbox 847 2702 1104 2750; x_wconf 84' lang='lat' dir='ltr'>suffragantur.</span> 
     </span>
     <span class='ocr_line' id='line_1_44' title="bbox 457 2756 1104 2795; baseline 0.006 -5"><span class='ocrx_word' id='word_1_244' title='bbox 457 2756 533 2792; x_wconf 86' lang='lat' dir='ltr'><strong><em>Sed</em></strong></span> <span class='ocrx_word' id='word_1_245' title='bbox 572 2761 696 2794; x_wconf 80' lang='lat' dir='ltr'>monet</span> <span class='ocrx_word' id='word_1_246' title='bbox 722 2756 900 2795; x_wconf 79' lang='lat' dir='ltr'>Matthiae</span> <span class='ocrx_word' id='word_1_247' title='bbox 935 2758 1000 2794; x_wconf 88' lang='lat' dir='ltr'><strong><em>Gr.</em></strong></span> <span class='ocrx_word' id='word_1_248' title='bbox 1039 2758 1104 2794; x_wconf 87' lang='lat' dir='ltr'><strong><em>Gr.</em></strong></span> 
     </span>
     <span class='ocr_line' id='line_1_45' title="bbox 459 2813 1104 2859; baseline 0.008 -14"><span class='ocrx_word' id='word_1_249' title='bbox 459 2823 493 2859; x_wconf 91' lang='lat' dir='ltr'><strong><em>p.</em></strong></span> <span class='ocrx_word' id='word_1_250' title='bbox 515 2814 594 2852; x_wconf 87' lang='lat'><strong><em>999</em></strong></span> <span class='ocrx_word' id='word_1_251' title='bbox 628 2813 657 2849; x_wconf 87' lang='lat' dir='ltr'>si</span> <span class='ocrx_word' id='word_1_252' title='bbox 692 2814 849 2851; x_wconf 84' lang='lat' dir='ltr'>futurum</span> <span class='ocrx_word' id='word_1_253' title='bbox 876 2819 972 2852; x_wconf 83' lang='lat' dir='ltr'>esset</span> <span class='ocrx_word' id='word_1_254' title='bbox 999 2814 1104 2851; x_wconf 82' lang='lat' dir='ltr'>resti-</span> 
     </span>
     <span class='ocr_line' id='line_1_46' title="bbox 455 2868 1102 2923; baseline 0.011 -20"><span class='ocrx_word' id='word_1_255' title='bbox 455 2868 654 2916; x_wconf 85' lang='lat' dir='ltr'><strong><em>tuendum,</em></strong></span> <span class='ocrx_word' id='word_1_256' title='bbox 681 2871 809 2920; x_wconf 87' lang='lat' dir='ltr'>reponi</span> <span class='ocrx_word' id='word_1_257' title='bbox 830 2870 965 2908; x_wconf 88' lang='lat' dir='ltr'>debere</span> <span class='ocrx_word' id='word_1_258' title='bbox 983 2881 1102 2923; x_wconf 84' lang='grc' dir='ltr'><strong><em>προσ-</em></strong></span> 
     </span>
    </p>
   </div>
   <div class='ocr_carea' id='block_1_24' title="bbox 1172 1798 1836 2808">
    <p class='ocr_par' dir='ltr' id='par_1_24' title="bbox 1181 1798 1836 2073">
     <span class='ocr_line' id='line_1_47' title="bbox 1183 1798 1836 1849; baseline 0 -11"><span class='ocrx_word' id='word_1_259' title='bbox 1183 1798 1364 1845; x_wconf 82' lang='grc' dir='ltr'><strong><em>απολέει,</em></strong></span> <span class='ocrx_word' id='word_1_260' title='bbox 1400 1800 1438 1836; x_wconf 87' lang='lat' dir='ltr'><strong><em>id</em></strong></span> <span class='ocrx_word' id='word_1_261' title='bbox 1473 1800 1571 1849; x_wconf 84' lang='lat' dir='ltr'>quod</span> <span class='ocrx_word' id='word_1_262' title='bbox 1600 1800 1717 1838; x_wconf 88' lang='lat' dir='ltr'>nullus</span> <span class='ocrx_word' id='word_1_263' title='bbox 1747 1800 1836 1838; x_wconf 90' lang='lat' dir='ltr'>liber</span> 
     </span>
     <span class='ocr_line' id='line_1_48' title="bbox 1181 1856 1835 1906; baseline 0.003 -14"><span class='ocrx_word' id='word_1_264' title='bbox 1181 1858 1343 1906; x_wconf 77' lang='lat' dir='ltr'>praebet.</span> <span class='ocrx_word' id='word_1_265' title='bbox 1381 1856 1506 1900; x_wconf 87' lang='lat' dir='ltr'>Quare</span> <span class='ocrx_word' id='word_1_266' title='bbox 1528 1857 1564 1893; x_wconf 89' lang='lat' dir='ltr'><strong><em>in</em></strong></span> <span class='ocrx_word' id='word_1_267' title='bbox 1582 1857 1729 1906; x_wconf 73' lang='lat' dir='ltr'>vulgata</span> <span class='ocrx_word' id='word_1_268' title='bbox 1747 1858 1835 1894; x_wconf 91' lang='lat' dir='ltr'>sub-</span> 
     </span>
     <span class='ocr_line' id='line_1_49' title="bbox 1182 1913 1834 1961; baseline 0 -12"><span class='ocrx_word' id='word_1_269' title='bbox 1182 1914 1401 1958; x_wconf 85' lang='lat' dir='ltr'>sistendum,</span> <span class='ocrx_word' id='word_1_270' title='bbox 1433 1925 1526 1961; x_wconf 84' lang='lat' dir='ltr'>quae</span> <span class='ocrx_word' id='word_1_271' title='bbox 1548 1914 1658 1950; x_wconf 88' lang='lat' dir='ltr'>etiam</span> <span class='ocrx_word' id='word_1_272' title='bbox 1684 1914 1754 1950; x_wconf 88' lang='lat' dir='ltr'>alio</span> <span class='ocrx_word' id='word_1_273' title='bbox 1779 1913 1834 1949; x_wconf 92' lang='lat' dir='ltr'><strong><em>lo-</em></strong></span> 
     </span>
     <span class='ocr_line' id='line_1_50' title="bbox 1181 1965 1833 2021; baseline 0.006 -16"><span class='ocrx_word' id='word_1_274' title='bbox 1181 1982 1222 2005; x_wconf 90' lang='lat' dir='ltr'><strong><em>co</em></strong></span> <span class='ocrx_word' id='word_1_275' title='bbox 1246 1969 1301 2016; x_wconf 86' lang='lat' dir='ltr'><strong><em>ll,</em></strong></span> <span class='ocrx_word' id='word_1_276' title='bbox 1326 1971 1406 2009; x_wconf 77' lang='lat'><strong><em>120</em></strong></span> <span class='ocrx_word' id='word_1_277' title='bbox 1432 1970 1492 2005; x_wconf 82' lang='lat' dir='ltr'><strong><em>fin.</em></strong></span> <span class='ocrx_word' id='word_1_278' title='bbox 1522 1965 1833 2021; x_wconf 70' lang='grc' dir='ltr'><strong><em>(ὅκως-ποιή-</em></strong></span> 
     </span>
     <span class='ocr_line' id='line_1_51' title="bbox 1182 2026 1562 2073; baseline -0.005 -9"><span class='ocrx_word' id='word_1_279' title='bbox 1182 2026 1298 2073; x_wconf 89' lang='grc' dir='ltr'><strong><em>σωσι)</em></strong></span> <span class='ocrx_word' id='word_1_280' title='bbox 1321 2026 1562 2063; x_wconf 82' lang='lat' dir='ltr'>confirmatur.</span> 
     </span>
    </p>

    <p class='ocr_par' dir='ltr' id='par_1_25' title="bbox 1175 2079 1833 2363">
     <span class='ocr_line' id='line_1_52' title="bbox 1234 2079 1833 2134; baseline -0.005 -13"><span class='ocrx_word' id='word_1_281' title='bbox 1234 2080 1471 2134; x_wconf 79' lang='grc' dir='ltr'><strong><em>γνωρισθεὶς</em></strong></span> <span class='ocrx_word' id='word_1_282' title='bbox 1494 2079 1540 2128; x_wconf 78' lang='grc' dir='ltr'><strong><em>ὃς</em></strong></span> <span class='ocrx_word' id='word_1_283' title='bbox 1562 2080 1637 2131; x_wconf 81' lang='grc' dir='ltr'><strong><em>εἴη]</em></strong></span> <span class='ocrx_word' id='word_1_284' title='bbox 1651 2083 1671 2118; x_wconf 87' lang='lat' dir='ltr'><strong><em>i.</em></strong></span> <span class='ocrx_word' id='word_1_285' title='bbox 1686 2095 1716 2119; x_wconf 90' lang='lat' dir='ltr'><strong><em>e.</em></strong></span> <span class='ocrx_word' id='word_1_286' title='bbox 1727 2083 1833 2129; x_wconf 81' lang='lat' dir='ltr'>agni-</span> 
     </span>
     <span class='ocr_line' id='line_1_53' title="bbox 1179 2135 1831 2189; baseline 0 -15"><span class='ocrx_word' id='word_1_287' title='bbox 1179 2142 1236 2175; x_wconf 76' lang='lat' dir='ltr'><strong><em>tus</em></strong></span> <span class='ocrx_word' id='word_1_288' title='bbox 1261 2142 1338 2189; x_wconf 79' lang='lat' dir='ltr'>quis</span> <span class='ocrx_word' id='word_1_289' title='bbox 1358 2142 1453 2175; x_wconf 79' lang='lat' dir='ltr'>esset.</span> <span class='ocrx_word' id='word_1_290' title='bbox 1514 2138 1590 2175; x_wconf 82' lang='lat' dir='ltr'><strong><em>Ubi</em></strong></span> <span class='ocrx_word' id='word_1_291' title='bbox 1618 2135 1662 2184; x_wconf 71' lang='grc' dir='ltr'><strong><em>ὃς</em></strong></span> <span class='ocrx_word' id='word_1_292' title='bbox 1686 2151 1753 2188; x_wconf 89' lang='lat' dir='ltr'><strong><em>pro</em></strong></span> <span class='ocrx_word' id='word_1_293' title='bbox 1775 2139 1831 2174; x_wconf 86' lang='lat' dir='ltr'><strong><em>in-</em></strong></span> 
     </span>
     <span class='ocr_line' id='line_1_54' title="bbox 1177 2195 1830 2244; baseline 0 -13"><span class='ocrx_word' id='word_1_294' title='bbox 1177 2195 1399 2243; x_wconf 83' lang='lat' dir='ltr'>terrogativo</span> <span class='ocrx_word' id='word_1_295' title='bbox 1426 2195 1640 2244; x_wconf 86' lang='lat' dir='ltr'>pronomine</span> <span class='ocrx_word' id='word_1_296' title='bbox 1667 2195 1830 2244; x_wconf 86' lang='lat' dir='ltr'>accipere</span> 
     </span>
     <span class='ocr_line' id='line_1_55' title="bbox 1176 2250 1827 2297; baseline 0 -11"><span class='ocrx_word' id='word_1_297' title='bbox 1176 2250 1281 2297; x_wconf 79' lang='lat' dir='ltr'>licet3</span> <span class='ocrx_word' id='word_1_298' title='bbox 1315 2252 1408 2288; x_wconf 86' lang='lat' dir='ltr'>cons.</span> <span class='ocrx_word' id='word_1_299' title='bbox 1436 2250 1568 2287; x_wconf 79' lang='lat' dir='ltr'><strong>Matth.</strong></span> <span class='ocrx_word' id='word_1_300' title='bbox 1601 2251 1664 2287; x_wconf 91' lang='lat' dir='ltr'><strong><em>Gr.</em></strong></span> <span class='ocrx_word' id='word_1_301' title='bbox 1696 2251 1827 2288; x_wconf 89' lang='lat' dir='ltr'>Graec.</span> 
     </span>
     <span class='ocr_line' id='line_1_56' title="bbox 1175 2305 1595 2363; baseline -0.012 -14"><span class='ocrx_word' id='word_1_302' title='bbox 1175 2320 1260 2358; x_wconf 81' lang='lat' dir='ltr'>pag.</span> <span class='ocrx_word' id='word_1_303' title='bbox 1282 2310 1362 2349; x_wconf 88' lang='grc'><strong><em>907</em></strong></span> <span class='ocrx_word' id='word_1_304' title='bbox 1388 2305 1422 2357; x_wconf 80' lang='lat'><strong><em>§-</em></strong></span> <span class='ocrx_word' id='word_1_305' title='bbox 1443 2307 1536 2348; x_wconf 81' lang='lat'>485.</span> <span class='ocrx_word' id='word_1_306' title='bbox 1579 2355 1595 2363; x_wconf 79' lang='lat'>-</span> 
     </span>
    </p>

    <p class='ocr_par' dir='ltr' id='par_1_26' title="bbox 1172 2358 1829 2808">
     <span class='ocr_line' id='line_1_57' title="bbox 1235 2358 1828 2418; baseline -0.003 -16"><span class='ocrx_word' id='word_1_307' title='bbox 1235 2365 1289 2418; x_wconf 76' lang='grc' dir='ltr'><strong><em>τῷ</em></strong></span> <span class='ocrx_word' id='word_1_308' title='bbox 1306 2361 1348 2402; x_wconf 80' lang='grc' dir='ltr'><strong><em>δὲ</em></strong></span> <span class='ocrx_word' id='word_1_309' title='bbox 1374 2358 1495 2410; x_wconf 78' lang='grc' dir='ltr'><strong><em>δόξα</em></strong></span> <span class='ocrx_word' id='word_1_310' title='bbox 1509 2377 1522 2401; x_wconf 89' lang='grc' dir='ltr'><strong><em>ι</em></strong></span> <span class='ocrx_word' id='word_1_311' title='bbox 1550 2364 1592 2401; x_wconf 84' lang='grc' dir='ltr'><strong><em>εὐ</em></strong></span> <span class='ocrx_word' id='word_1_312' title='bbox 1613 2359 1755 2414; x_wconf 83' lang='grc' dir='ltr'><strong><em>λέγειν]</em></strong></span> <span class='ocrx_word' id='word_1_313' title='bbox 1786 2362 1828 2399; x_wconf 84' lang='lat' dir='ltr'><strong><em>In</em></strong></span> 
     </span>
     <span class='ocr_line' id='line_1_58' title="bbox 1178 2415 1829 2468; baseline -0.002 -12"><span class='ocrx_word' id='word_1_314' title='bbox 1178 2433 1249 2457; x_wconf 91' lang='lat' dir='ltr'><strong><em>uno</em></strong></span> <span class='ocrx_word' id='word_1_315' title='bbox 1281 2420 1371 2457; x_wconf 89' lang='lat' dir='ltr'>libro</span> <span class='ocrx_word' id='word_1_316' title='bbox 1403 2425 1459 2457; x_wconf 81' lang='lat' dir='ltr'><strong><em>est</em></strong></span> <span class='ocrx_word' id='word_1_317' title='bbox 1491 2415 1632 2467; x_wconf 83' lang='grc' dir='ltr'><strong><em>δόξαν,</em></strong></span> <span class='ocrx_word' id='word_1_318' title='bbox 1667 2420 1767 2468; x_wconf 90' lang='lat' dir='ltr'>quod</span> <span class='ocrx_word' id='word_1_319' title='bbox 1798 2419 1829 2456; x_wconf 89' lang='lat' dir='ltr'>si</span> 
     </span>
     <span class='ocr_line' id='line_1_59' title="bbox 1176 2477 1829 2525; baseline -0.002 -13"><span class='ocrx_word' id='word_1_320' title='bbox 1176 2490 1298 2514; x_wconf 84' lang='lat' dir='ltr'>verum</span> <span class='ocrx_word' id='word_1_321' title='bbox 1320 2480 1436 2524; x_wconf 81' lang='lat' dir='ltr'>esset,</span> <span class='ocrx_word' id='word_1_322' title='bbox 1468 2477 1599 2513; x_wconf 85' lang='lat' dir='ltr'>eodem</span> <span class='ocrx_word' id='word_1_323' title='bbox 1626 2477 1736 2513; x_wconf 89' lang='lat' dir='ltr'>modo</span> <span class='ocrx_word' id='word_1_324' title='bbox 1761 2488 1829 2525; x_wconf 88' lang='lat' dir='ltr'><strong><em>po-</em></strong></span> 
     </span>
     <span class='ocr_line' id='line_1_60' title="bbox 1176 2532 1828 2581; baseline -0.003 -11"><span class='ocrx_word' id='word_1_325' title='bbox 1176 2534 1282 2570; x_wconf 85' lang='lat' dir='ltr'>situm</span> <span class='ocrx_word' id='word_1_326' title='bbox 1300 2534 1418 2581; x_wconf 86' lang='lat' dir='ltr'>soret,</span> <span class='ocrx_word' id='word_1_327' title='bbox 1448 2546 1521 2581; x_wconf 88' lang='lat' dir='ltr'><strong><em>quo</em></strong></span> <span class='ocrx_word' id='word_1_328' title='bbox 1542 2532 1596 2579; x_wconf 86' lang='grc' dir='ltr'><strong><em>ΙῘ,</em></strong></span> <span class='ocrx_word' id='word_1_329' title='bbox 1621 2533 1711 2573; x_wconf 85' lang='grc'><strong>148.</strong></span> <span class='ocrx_word' id='word_1_330' title='bbox 1751 2532 1828 2568; x_wconf 90' lang='lat' dir='ltr'>Eu·-</span> 
     </span>
     <span class='ocr_line' id='line_1_61' title="bbox 1175 2588 1826 2640; baseline -0.003 -14"><span class='ocrx_word' id='word_1_331' title='bbox 1175 2590 1240 2639; x_wconf 88' lang='lat' dir='ltr'>rip.</span> <span class='ocrx_word' id='word_1_332' title='bbox 1258 2589 1386 2640; x_wconf 88' lang='lat' dir='ltr'>Suppl.</span> <span class='ocrx_word' id='word_1_333' title='bbox 1410 2592 1500 2630; x_wconf 79' lang='lat'><strong>129.</strong></span> <span class='ocrx_word' id='word_1_334' title='bbox 1528 2588 1713 2626; x_wconf 85' lang='lat' dir='ltr'>Heraclid.</span> <span class='ocrx_word' id='word_1_335' title='bbox 1732 2590 1826 2636; x_wconf 86' lang='lat'>187,</span> 
     </span>
     <span class='ocr_line' id='line_1_62' title="bbox 1174 2644 1824 2695; baseline 0 -13"><span class='ocrx_word' id='word_1_336' title='bbox 1174 2659 1266 2695; x_wconf 87' lang='lat' dir='ltr'>quos</span> <span class='ocrx_word' id='word_1_337' title='bbox 1297 2646 1394 2683; x_wconf 91' lang='lat' dir='ltr'>locos</span> <span class='ocrx_word' id='word_1_338' title='bbox 1417 2646 1523 2683; x_wconf 84' lang='lat' dir='ltr'>affert</span> <span class='ocrx_word' id='word_1_339' title='bbox 1544 2644 1824 2694; x_wconf 85' lang='lat' dir='ltr'>Wesselingius.</span> 
     </span>
     <span class='ocr_line' id='line_1_63' title="bbox 1172 2699 1826 2751; baseline 0.002 -12"><span class='ocrx_word' id='word_1_340' title='bbox 1172 2703 1249 2740; x_wconf 91' lang='lat' dir='ltr'><strong><em>Sed</em></strong></span> <span class='ocrx_word' id='word_1_341' title='bbox 1277 2707 1374 2740; x_wconf 80' lang='lat' dir='ltr'>vetat</span> <span class='ocrx_word' id='word_1_342' title='bbox 1414 2714 1571 2751; x_wconf 85' lang='lat' dir='ltr'>sequens</span> <span class='ocrx_word' id='word_1_343' title='bbox 1599 2699 1683 2740; x_wconf 86' lang='grc' dir='ltr'><strong><em>καὶ</em></strong></span> <span class='ocrx_word' id='word_1_344' title='bbox 1711 2703 1826 2751; x_wconf 81' lang='grc' dir='ltr'><strong><em>ποιῆ-</em></strong></span> 
     </span>
     <span class='ocr_line' id='line_1_64' title="bbox 1172 2757 1822 2808; baseline -0.005 -11"><span class='ocrx_word' id='word_1_345' title='bbox 1172 2770 1260 2808; x_wconf 74' lang='grc' dir='ltr'><strong><em>σαις</em></strong></span> <span class='ocrx_word' id='word_1_346' title='bbox 1294 2764 1331 2796; x_wconf 91' lang='lat' dir='ltr'><strong><em>ut</em></strong></span> <span class='ocrx_word' id='word_1_347' title='bbox 1361 2759 1454 2796; x_wconf 85' lang='lat' dir='ltr'>bene</span> <span class='ocrx_word' id='word_1_348' title='bbox 1474 2761 1598 2795; x_wconf 87' lang='lat' dir='ltr'>monet</span> <span class='ocrx_word' id='word_1_349' title='bbox 1619 2757 1822 2806; x_wconf 85' lang='lat' dir='ltr'>Schweigh.</span> 
     </span>
    </p>
   </div>
   <div class='ocr_carea' id='block_1_25' title="bbox 1227 2863 1821 2921">
    <p class='ocr_par' dir='ltr' id='par_1_27' title="bbox 1227 2863 1821 2921">
     <span class='ocr_line' id='line_1_65' title="bbox 1227 2863 1821 2921; baseline -0.005 -11"><span class='ocrx_word' id='word_1_350' title='bbox 1227 2869 1385 2910; x_wconf 76' lang='grc' dir='ltr'><strong><em>ἔκδυσιν</em></strong></span> <span class='ocrx_word' id='word_1_351' title='bbox 1406 2867 1596 2921; x_wconf 85' lang='grc' dir='ltr'><strong><em>ου’δεμίαν</em></strong></span> <span class='ocrx_word' id='word_1_352' title='bbox 1620 2867 1723 2920; x_wconf 77' lang='grc' dir='ltr'><strong><em>ἕχον]</em></strong></span> <span class='ocrx_word' id='word_1_353' title='bbox 1754 2863 1821 2908; x_wconf 87' lang='grc' dir='ltr'><strong><em>ου’-</em></strong></span> 
     </span>
    </p>
   </div>
  </div>
 </body>
</html>
