1909 3228
433 205 519 245 390
844 200 1303 240 HERODOTI

434 312 630 369 γίνονται
677 308 941 360 συνάπαντες
990 306 1241 363 ὀγδώκοντα
1284 308 1357 352 καὶ
1403 308 1739 365 τετρακόσιοι.30

409 389 490 434 4τὸ
519 391 597 448 μέν
627 406 711 433 νυν
738 387 932 444 μέγαθος
959 386 1171 432 τοσοῦτόν
1206 387 1294 430 ἐστι
1313 390 1394 431 τοῦ
1421 388 1571 439 ἄστεος
1599 392 1682 432 τοῦ

434 470 732 524 Βαβυλωνίου.
761 465 1022 523 ἐκεκόσμητο
1054 466 1100 510 δὲ
1131 464 1190 517 ὥς
1219 463 1350 510 οὐδὲν
1369 465 1471 510 ἄλλο
1496 466 1684 524 πόλισμα

408 551 529 590 sva-521
555 545 676 602 ἡμεῖς
703 546 838 602 ἴδμεν,
895 542 1062 600 τάφρος
1089 545 1168 600 μὲν
1195 543 1344 599 πρῶτά
1373 561 1448 601 μιν
1474 546 1612 598 βαθέα
1641 563 1685 590 τε

436 624 511 668 καὶ
538 622 669 678 εὐρέα
697 624 770 667 καὶ
798 623 904 681 πλέη
932 623 1092 674 ὕδατος
1118 623 1329 678 περιθέει·
1371 623 1476 679 μεεοὶ
1507 623 1575 677 δὲ,
1605 629 1686 668 τεῖ-

380 819 593 866 conveniat3
621 817 743 870 qualia
761 831 802 857 re
819 830 903 857 vera
927 831 947 856 a
967 831 1028 857 ve-

379 876 515 914 teribus
534 876 570 913 in
594 875 818 914 exstruendis
841 875 1027 921 aedificiis,

379 932 526 973 urbibus
546 931 642 969 haud
655 931 821 981 neglecta
839 932 949 969 fuisse
965 944 1030 969 ne-

379 1001 440 1026 mo
459 989 582 1026 nescit.
618 988 727 1025 Conf.
747 987 786 1035 l,
817 989 908 1028 189.
937 989 1028 1028 190·

379 1044 483 1083 Haec
501 1045 529 1082 si
549 1056 634 1082 vera
647 1048 742 1091 sunt,
763 1043 861 1080 urbis
877 1043 1030 1081 ambitus

379 1100 552 1151 aequabit
598 1112 717 1137 novem
755 1099 836 1150 fere
869 1098 1032 1137 milliaria

380 1156 644 1207 geographica,
683 1160 854 1194 monente
890 1156 1030 1193 Wurm.

380 1214 428 1251 de
446 1213 583 1263 pondd.
605 1216 687 1250 ratt.
709 1225 746 1262 p.
770 1214 861 1253 112.
920 1210 1032 1256 Quod

379 1281 429 1308 ne
454 1268 509 1306 cui
528 1268 675 1306 nimium
697 1272 734 1306 et
751 1269 796 1306 ab
825 1267 923 1306 omni
945 1281 1032 1305 vero

380 1324 580 1363 abhorrens
609 1325 793 1372 videatur,
840 1325 871 1362 is
897 1325 1033 1373 cogitet

381 1380 485 1418 veiim
505 1381 651 1418 omnino
670 1382 829 1427 modum,
849 1393 921 1430 quo
934 1379 1032 1430 apud

382 1437 529 1476 orientis
546 1441 674 1485 gentes
689 1437 796 1473 urbes
819 1441 854 1474 et
880 1436 965 1473 oriri
995 1440 1032 1473 et

381 1490 535 1529 habitari
557 1490 707 1529 soleant.
765 1491 822 1528 Ex
837 1492 1032 1542 imperato-

381 1558 462 1585 rum
487 1548 611 1585 castris
639 1547 907 1597 nomadumqne
935 1547 1031 1585 sedi-

383 1604 450 1641 bus
470 1604 540 1640 iam
559 1604 670 1642 firmis
690 1604 728 1640 in
748 1604 920 1640 victarum
940 1615 1032 1652 gen-

382 1660 471 1698 tium
496 1660 602 1697 terris
630 1661 792 1696 oriuntur
818 1660 925 1697 urbes
954 1672 1032 1696 am-

382 1716 584 1767 plissimae,
612 1715 746 1752 nostris
775 1720 896 1753 tamen
934 1716 1032 1751 urbi-

382 1772 452 1809 bus
469 1771 725 1808 dissimillimae
747 1771 783 1807 in
808 1772 951 1809 aedium
972 1783 1033 1807 ex-

382 1828 634 1866 struendarum
686 1839 788 1864 more
846 1826 1033 1875 multoque

384 1884 503 1942 spatio
528 1883 623 1921 inter
655 1881 815 1931 singulas
842 1883 951 1920 aedes
976 1882 1033 1918 in-

383 1939 544 1977 teriecto.
600 1938 711 1976 Unde
737 1938 854 1976 minor
887 1950 1034 1988 quoque

384 1994 582 2032 incolarum
609 1994 798 2032 multitudo
831 2007 900 2045 pro
931 1998 1033 2031 tanto

384 2052 480 2088 urbis
497 2051 644 2088 ambitu.
685 2051 821 2088 Forma
841 2051 937 2088 urbis
956 2050 1034 2100 ple-

383 2120 538 2157 rumque
573 2107 844 2157 quadrangula,
890 2107 1034 2157 qualem

384 2164 564 2213 hodieque
574 2164 781 2201 Sinensium
798 2163 905 2200 urbes
922 2175 1035 2213 quae-

385 2221 468 2257 dam
487 2224 775 2270 repraesentant.
804 2219 914 2256 Plura
933 2219 1034 2257 Ren-

386 2276 457 2313 nel.
478 2275 500 2313 l.
519 2276 542 2313 l.
563 2289 649 2326 pag.
670 2275 752 2317 535
774 2288 850 2325 seq.
872 2276 1033 2314 Heeren.

386 2330 498 2370 Ideen
530 2336 597 2370 etc.
629 2346 667 2383 p.
693 2332 771 2374 155
791 2345 867 2381 seq.
904 2336 941 2370 et
959 2332 1034 2369 Bu-

385 2387 590 2437 ckingham.
605 2388 626 2426 l.
649 2387 670 2426 l.
692 2401 777 2438 pag.
797 2388 880 2430 614
898 2400 975 2437 seq.

440 2467 595 2522 τάφρος
630 2492 685 2500 -—
723 2469 870 2523 βαθέα
897 2484 938 2510 τε
966 2468 1035 2510 καὶ

387 2522 520 2579 εὐρέα
541 2543 574 2566 κ,
596 2543 626 2567 τ.
646 2526 693 2578 L]
724 2528 783 2566 De
804 2528 859 2566 his
884 2528 1034 2565 adiecti·

387 2610 510 2635 vorum
539 2599 575 2636 in
600 2597 796 2637 foeminino
834 2598 956 2637 formis
989 2613 1034 2638 εα

387 2680 454 2715 pro
475 2682 533 2706 εια
553 2683 595 2706 ex
615 2669 741 2706 Ionum
762 2681 883 2715 more,
903 2680 1033 2705 consu-

387 2721 480 2759 iatur
510 2724 637 2762 Matth.
669 2726 733 2762 Gr.
755 2725 820 2762 Gr.
850 2737 935 2775 pag.
966 2724 1030 2765 54.

389 2780 481 2817 241.
510 2801 562 2808 —
599 2781 637 2816 ln
666 2782 844 2826 numeris,
883 2781 944 2829 qui
972 2794 1031 2818 se-

390 2838 571 2882 qunntur,
615 2836 737 2873 itidem
769 2838 907 2873 variant
945 2838 1031 2874 scri-

1095 822 1219 870 ptores
1249 818 1357 856 iidem
1382 818 1520 867 ferme,
1548 831 1640 869 quos
1665 830 1746 856 mo·

1097 876 1145 912 do
1169 876 1204 912 in
1225 875 1474 924 magnitudine
1497 875 1594 913 urbis
1614 875 1746 913 defini-

1097 932 1193 969 enda
1229 932 1484 968 dissentientes
1533 932 1744 981 reperimus.

1097 987 1129 1024 V
1134 988 1181 1024 id.
1202 987 1382 1035 tabulam,
1411 1000 1519 1036 quam
1549 992 1634 1038 post
1651 987 1745 1025 Lar-

1098 1043 1243 1081 cherum
1281 1043 1344 1091 (in
1371 1048 1536 1080 annotat.
1563 1043 1610 1080 ad
1641 1043 1678 1080 h.
1700 1043 1745 1092 l.)

1097 1100 1177 1151 ipse
1195 1099 1280 1136 dedi
1310 1099 1347 1135 in
1371 1099 1537 1147 sragmm.
1558 1098 1745 1136 Ctesiann.

1097 1168 1184 1207 pag.
1205 1156 1286 1196 403
1315 1155 1400 1204 ibiq.
1431 1155 1528 1192 laud.
1561 1154 1675 1192 Orelli
1698 1155 1747 1193 ad

1098 1212 1240 1250 Philon.
1276 1212 1367 1261 Byz.
1414 1209 1451 1262 ἓ.
1487 1211 1512 1252 5
1550 1224 1637 1262 pag.
1667 1210 1747 1253 114

1100 1268 1182 1306 coll.
1214 1270 1306 1310 112.
1373 1266 1609 1305 Altitudinem
1646 1280 1748 1306 moe-

1098 1325 1198 1362 nium
1223 1325 1365 1362 Ctesias
1389 1323 1411 1361 l.
1432 1323 1478 1371 l.,
1517 1325 1580 1373 qui
1603 1329 1749 1375 praeter

1099 1381 1188 1418 alios
1222 1380 1279 1417 hic
1314 1380 1553 1418 consulendus
1593 1385 1630 1417 et
1668 1392 1747 1417 cum

1098 1436 1236 1474 Nostro
1255 1437 1517 1486 comparandus
1538 1440 1611 1483 est,
1636 1437 1748 1474 fuisse

1097 1493 1263 1543 perhibet
1282 1493 1545 1541 quinquaginta
1562 1486 1747 1544 ὄργυιᾶςς

1098 1548 1161 1598 qui
1189 1560 1356 1585 numerus
1386 1549 1551 1598 apprime
1577 1549 1747 1586 conveni-

1098 1608 1155 1642 ret
1179 1616 1257 1641 cum
1289 1604 1470 1641 Herodoti
1495 1606 1688 1652 mensura,
1716 1605 1746 1641 si

1099 1662 1230 1710 πῆχυς
1267 1661 1464 1697 communis
1510 1660 1609 1710 apud
1653 1661 1747 1698 hunc

1099 1718 1195 1754 foret
1223 1716 1488 1764 intelligendus.
1525 1715 1622 1753 Nam
1638 1711 1747 1769 ὄργυ-

1102 1770 1145 1810 cti
1182 1771 1447 1820 quinquaginta
1485 1771 1647 1809 efficiunt
1681 1785 1748 1823 pe-

1102 1829 1167 1865 des
1195 1832 1395 1876 trecentos,
1435 1831 1473 1865 et
1501 1822 1642 1879 πήχεις
1679 1829 1748 1866 du-

1101 1884 1196 1922 centi
1219 1884 1333 1934 pedes
1364 1884 1539 1932 totidem,
1582 1898 1661 1922 cum
1686 1880 1748 1937 ὀρ-

1101 1937 1195 1993 ymo}
1216 1939 1322 1989 vulgo
1342 1953 1405 1978 sex
1425 1941 1559 1990 pedum
1580 1941 1645 1988 sit,
1674 1943 1749 1992 πῆ·

1101 2011 1173 2047 χυς
1190 1997 1296 2032 unius
1329 2001 1365 2034 et
1387 1996 1534 2034 alterius
1559 1997 1747 2035 dimidiati.

1103 2054 1162 2089 Cf.
1177 2052 1305 2090 Ukert.
1328 2053 1538 2104 Geograph.
1552 2054 1588 2091 d.
1602 2054 1747 2092 Griech.

1101 2109 1177 2145 und
1195 2108 1302 2145 Rom.
1326 2109 1364 2156 1,
1385 2113 1412 2150 2
1430 2122 1515 2159 pag.
1538 2111 1604 2151 75.
1642 2109 1749 2153 Quae

1100 2177 1180 2202 cum
1206 2165 1257 2201 ita
1290 2165 1383 2212 sint,
1429 2165 1588 2202 Ctesiam
1624 2165 1750 2203 volunt

1101 2233 1166 2257 sua
1183 2221 1228 2257 ab
1249 2220 1442 2257 Herodoto
1462 2221 1677 2259 desumsisse
1698 2222 1749 2258 ita

1100 2280 1222 2314 tamen
1235 2305 1245 2324 ‚
1274 2281 1313 2313 ut
1335 2277 1473 2314 cubitos
1493 2277 1673 2315 Herodoti
1691 2291 1748 2316 re-

1101 2333 1182 2381 gios
1208 2345 1282 2369 non
1312 2333 1398 2370 satis
1435 2335 1652 2382 attenderit,
1682 2334 1749 2372 sed

1099 2389 1249 2427 eosdem
1283 2402 1488 2428 communes
1524 2391 1572 2427 ad
1603 2391 1751 2440 orgyia-

1100 2457 1179 2482 rum
1207 2458 1412 2483 mensuram
1447 2447 1632 2484 revocarit.
1690 2446 1750 2486 De

1101 2513 1173 2551 quo
1194 2502 1361 2550 equidem
1391 2503 1501 2540 nolim
1530 2503 1749 2551 discernere,

1102 2569 1320 2607 quamquam
1331 2559 1387 2595 vix
1398 2559 1565 2597 credibile
1578 2564 1633 2597 est
1653 2573 1748 2606 eum,

1102 2614 1164 2663 qui
1193 2614 1422 2652 Herodotum
1446 2615 1681 2654 refellendum
1711 2619 1749 2654 et

1099 2670 1353 2718 corrigendum
1373 2673 1440 2709 sibi
1459 2676 1648 2720 sumserat,
1669 2672 1748 2722 qui-

1100 2739 1172 2775 que
1189 2727 1337 2765 meliora
1357 2729 1404 2766 de
1428 2729 1482 2766 his
1516 2729 1641 2777 utique
1668 2729 1748 2779 ipse

1101 2783 1244 2820 edoceri
1272 2788 1464 2834 potuerat,
1494 2797 1537 2823 ex
1567 2783 1636 2822 hoc
1660 2784 1746 2822 scri-

1098 2844 1203 2887 ptore
1223 2852 1288 2876 sua
1304 2841 1463 2879 hausisse
1485 2839 1540 2879 vel
1556 2841 1745 2890 negligen-
