1909 3228
534 202 955 245 EUTERPE.
1013 205 1060 244 11.
1346 207 1431 249 533

173 315 218 367 ἐς
245 313 426 370 λόγους,
466 312 609 366 οὐδεὶς
647 312 851 370 ὑπέσχετο
893 314 1071 364 εἰδέναι,
1120 315 1157 358 εἰ
1185 314 1242 372 μή
1271 315 1318 359 ἐν
1347 316 1723 389 AB-Qofsstgffiigffima

1477 394 1592 421 frustra
1632 395 1752 430 inquisi-

219 393 229 407 Ι
356 393 368 408 7
484 393 514 407 Ι..
588 392 597 405 Ι
681 392 693 407 P
1004 393 1013 406 ἱ
1115 398 1131 405 -ι
1254 398 1270 406 —1

171 410 321 452 γυπτῳ
351 410 397 437 εν
425 397 511 436 Σαι
540 398 642 436 πολι
672 411 695 436 o
723 405 1042 450 γραμματιστης
1071 411 1159 437 των
1189 396 1298 450 ἷρων
1318 411 1421 451 χρη·
1477 431 1536 455 tam
1554 436 1630 456 esse.

146 471 331 528 Ξμάτων
367 476 443 529 τῆς
475 470 715 528 Ἀθηναίης.
777 467 908 523 οὗτος
944 471 990 516 δ’
1029 473 1126 529 ἐμοί
1169 489 1217 529 γε
1263 475 1434 526 παίζειν

174 551 334 604 ἐδόκεε,
375 551 568 607 φάμενος
607 551 766 595 εἰδέναι,
806 550 1026 606 ἀτρεκέως.
1087 551 1199 608 ἔλεγε
1238 552 1284 595 δὲ
1323 546 1428 595 ὦδε·

173 627 340 682 ,,Εἶναι
371 629 452 674 δύο
483 628 617 684 οὔρεα
657 630 698 681 ἐς
736 627 812 682 ὀξὺ
852 630 929 680 τὰς
967 631 1168 687 κορυφᾶς
1199 629 1427 686 ἀπιγμένα,

173 709 366 765 ,,μεταξύ
398 707 576 766 Συήνης
604 724 647 752 τε
683 707 834 759 πόλιος
871 710 1045 764 κείμενοι
1082 712 1158 765 τῆς
1199 711 1434 766 Θηβαΐδος,

116 951 192 977 rem
201 938 587 990 proxime-habitarint,
600 939 767 977 occiden-

116 999 191 1032 tem
208 1008 345 1042 versus,
363 1007 383 1032 a
397 996 578 1044 Cambyse
588 1009 676 1044 rege
685 999 770 1046 post

116 1051 308 1098 subactos,
366 1064 439 1101 quo
478 1056 641 1101 tempore
679 1051 767 1101 ipsis

114 1108 274 1158 praefuit
294 1106 330 1144 T
332 1107 526 1155 hannyras,
545 1108 639 1144 lnari
661 1107 768 1145 filius.

116 1163 172 1200 Eo
191 1164 285 1200 enim
304 1176 419 1212 usque
436 1164 666 1200 Herodotum
685 1177 769 1214 per-

115 1219 258 1257 venisse
287 1220 436 1266 statuit,
471 1220 595 1269 ibique
626 1220 768 1269 quaesi-

115 1276 211 1313 visse
221 1276 267 1312 de
276 1275 352 1313 Nili
364 1276 534 1313 fontibus.
563 1276 643 1314 Nee
653 1277 769 1312 omni-

116 1344 165 1368 no
191 1332 451 1378 dubitandum,
488 1332 574 1380 quin
610 1332 768 1381 aliquam

116 1392 215 1425 certe
224 1387 367 1435 Libyae
378 1392 520 1436 partem
531 1400 703 1436 oramque
712 1389 767 1424 in-

114 1443 238 1494 primis
266 1444 480 1480 maritimam
507 1443 644 1480 Noster
664 1443 767 1480 adie-

113 1499 170 1536 rit.
199 1498 282 1535 Vid.
302 1499 428 1547 Heyse
456 1499 609 1541 Quaest.
626 1500 767 1536 Herod.

114 1555 131 1593 I
150 1567 235 1605 pag.
250 1554 328 1596 115
347 1568 423 1603 seq.
442 1554 623 1592 Heerenio
638 1554 694 1592 hic
712 1556 768 1592 in·

115 1611 301 1660 telligendi
324 1611 492 1648 videntur
517 1611 674 1660 Libyes,
705 1611 767 1660 qui

115 1667 317 1706 commercii
335 1679 442 1704 causa
461 1679 505 1704 ex
520 1667 605 1716 ipsis
628 1667 693 1704 illis
713 1667 768 1704 lo-

116 1723 166 1761 cis
178 1723 324 1760 Thebas
344 1723 508 1760 venerint
526 1736 641 1772 eaque
659 1724 694 1759 in
708 1736 768 1759 ur-

116 1779 164 1816 be
189 1779 234 1815 ab
255 1778 445 1815 Herodoto
465 1779 597 1814 suerint
622 1779 767 1815 consul-

117 1836 165 1879 ti·‚
194 1834 264 1870 vid.
283 1834 393 1870 ldeen
410 1839 478 1870 etc.
501 1834 530 1870 ll
545 1862 555 1880 ,
574 1837 600 1874 2
625 1847 660 1884 p.
683 1834 768 1875 439

117 1889 196 1929 coll.
214 1889 259 1936 II,
280 1892 302 1930 1
321 1902 406 1939 pag.
431 1889 522 1930 195.

173 1945 209 1984 εἰ
239 1942 293 1995 μή
325 1943 368 1984 ἐν
396 1940 585 1997 Αἰγύπτῳ
617 1942 659 1983 ἐν
687 1939 771 1982 Σοῖϊ

116 1998 204 2041 πόλι
223 1999 246 2040 ὁ
264 1998 554 2052 γραμματιστής
573 2002 648 2038 τῶν
668 1999 767 2047 ἱρῶν

116 2055 326 2109 χρημάτων
336 2059 407 2107 τῆς
418 2052 645 2106 Ἀθηναίης]
662 2056 768 2099 Quae

116 2115 227 2152 verba
247 2114 362 2150 citans
376 2112 504 2149 Pollux
523 2114 560 2149 in
577 2113 766 2149 Onomast.

116 2170 180 2217 IV,
202 2172 252 2211 19
277 2165 566 2221 γραμματιστὴς
591 2168 648 2205 hic
670 2168 768 2205 idem

119 2239 201 2264 esse
213 2225 263 2262 ait
280 2230 389 2274 atque
399 2219 656 2276 γραμματεύς.
675 2223 768 2260 Lar-

118 2282 256 2328 cherus‚
276 2282 337 2330 qui
351 2282 448 2331 prius
467 2281 692 2319 intellexerat
711 2292 769 2316 sa-

118 2339 299 2375 cerdotem
340 2350 440 2374 sacro
479 2338 617 2375 aerario
658 2340 769 2385 atque

120 2393 355 2443 suppellectili
372 2394 591 2443 praefectum
608 2392 664 2439 „le
678 2405 766 2440 gar-

120 2449 161 2485 de
177 2449 234 2484 des
252 2450 378 2485 tre'sors
398 2451 553 2496 sacr6's‚“
582 2453 681 2499 post,
696 2448 769 2484 Mi-

121 2504 279 2541 chaelem
312 2509 451 2542 secutus
481 2506 516 2541 in
548 2505 767 2541 Commentt.

123 2561 246 2597 societ.
275 2559 379 2596 Gott.
401 2561 418 2596 I
436 2574 471 2609 p.
494 2563 570 2601 271
601 2563 766 2608 interpre-

121 2620 188 2652 tem
221 2616 379 2652 reddidit
413 2615 710 2666 hieroglyplwrum
739 2629 767 2652 s.

120 2683 297 2709 sacrarum
317 2673 577 2720 scripturarum.
634 2672 675 2708 In
695 2684 768 2720 quo

120 2728 169 2764 illi
187 2728 317 2764 merito
336 2727 542 2776 obloquitur
563 2726 767 2775 Schweigh.

120 2784 217 2820 Satis
248 2783 342 2820 enim
370 2784 480 2820 verba
511 2783 656 2820 addita:
687 2784 768 2821 τῶν

123 2839 222 2891 ἱρῶν
237 2834 457 2891 χρημάτων,
475 2839 633 2876 indicare
643 2839 768 2877 viden-

835 941 914 987 tur,
944 936 1052 988 quale
1066 936 1172 975 huius
1190 937 1389 976 sacerdotis
1406 939 1489 978 fue·

835 996 882 1032 rit
913 1008 1066 1042 munus,
1108 995 1171 1044 qui
1206 995 1346 1032 aerario
1386 1008 1487 1032 sacro

835 1051 1159 1100 communibusque
1170 1051 1403 1089 sacerdotalis
1415 1052 1486 1088 col-

835 1107 919 1156 legii
940 1107 1115 1145 reditibus
1147 1120 1227 1144 cum
1256 1107 1486 1157 praepositus

838 1168 947 1210 esset,
978 1163 1024 1201 ab
1042 1163 1227 1200 Heerenio
1249 1162 1379 1210 (Ideen
1399 1163 1444 1211 II,
1458 1166 1488 1205 2

834 1233 870 1270 p.
896 1220 993 1267 132)
1023 1223 1171 1255 vocatur
1206 1218 1293 1266 „der
1307 1218 1490 1256 Rentmei-

834 1280 903 1312 ster
948 1275 1006 1311 cles
1046 1274 1401 1323 Pn'estercollegiums
1440 1288 1486 1312 zu
1534 1299 1536 1301 >

836 1331 974 1368 Sais.“
1020 1331 1079 1368 De
1107 1330 1272 1367 BIz'nerva
1290 1332 1427 1368 Saitica
1450 1336 1487 1369 et

836 1388 883 1424 de
902 1387 990 1423 urbe
1014 1386 1085 1423 δαί
1101 1388 1194 1423 conf.
1208 1391 1285 1423 not.
1303 1387 1350 1423 ad
1363 1387 1405 1433 Π,
1419 1386 1486 1428 59.

835 1444 901 1483 62.
938 1436 1072 1487 ,,Σοὲϊν
1094 1440 1358 1480 αἰθαλοέσσαν
1387 1442 1488 1478 novit

834 1497 1020 1535 Nicander
1043 1498 1081 1534 in
1100 1497 1285 1534 Theriacc.
1308 1511 1360 1534 VS.
1389 1499 1485 1544 566,

834 1554 898 1591 ubi
917 1554 990 1590 vid.
1001 1553 1119 1590 Schol.
1131 1567 1166 1602 p.
1180 1556 1233 1594 90
1245 1554 1301 1590 ed.
1315 1553 1485 1591 Schneid.

836 1614 874 1647 et
896 1610 1057 1647 eiusdem
1074 1608 1303 1648 Animadvss.
1316 1623 1351 1660 p.
1367 1609 1487 1651 148.“

837 1666 902 1704 Cr.

890 1719 1033 1772 μεταξύ
1045 1717 1134 1771 Συή
1139 1736 1208 1771 νης
1215 1735 1254 1759 τε
1264 1716 1401 1766 πόλιος
1408 1719 1484 1759 κεί-

834 1791 933 1827 μενα
950 1780 1019 1827 τῆς
1033 1775 1247 1827 Θηβαΐδος]
1259 1777 1379 1824 Syene
1395 1778 1483 1813 urbs

833 1845 949 1882 prope
977 1833 1243 1882 Elephantinen
1266 1833 1336 1868 sita
1355 1833 1392 1868 in
1408 1831 1484 1868 Nih

834 1889 913 1937 ripa
932 1889 1115 1935 orientali,
1145 1888 1206 1925 ubi
1225 1889 1306 1937 ipsa
1323 1887 1482 1937 Aegypti

836 1944 924 1980 ditio
947 1945 1072 1994 incipit
1089 1943 1323 1993 Aegyptique
1340 1947 1424 1979 sunt
1439 1942 1485 1979 fi-

835 2012 912 2037 nes.
943 1999 1017 2037 Ubi
1040 2013 1121 2037 cum
1137 2000 1244 2036 Nilus
1268 1999 1361 2035 bene
1385 1998 1485 2034 navi-

835 2055 965 2103 gabilis
997 2056 1062 2092 fiat
1093 2054 1313 2104 Aegyptiam
1351 2058 1485 2091 terram

835 2113 940 2160 quasi
957 2112 1142 2161 aperiens,
1170 2111 1288 2160 ipsum
1309 2110 1404 2146 urbis
1418 2123 1486 2146 no-

834 2179 918 2204 men
959 2167 1040 2204 hinc
1081 2167 1276 2204 deductum
1318 2166 1484 2211 credunt,

835 2224 936 2272 quod
951 2223 1150 2273 Coptarum
1167 2227 1204 2260 et
1221 2222 1482 2271 Aegyptiorum

836 2292 1001 2317 sermone
1021 2284 1076 2316 est
1091 2279 1213 2316 Souan
1243 2278 1292 2325 (i.
1310 2290 1341 2314 e.
1365 2279 1483 2326 aperi-

835 2348 910 2382 ens,
942 2335 1031 2384 quod
1050 2334 1234 2385 aperz'zmdi
1261 2333 1361 2370 habet
1387 2337 1482 2383 pote-

834 2394 997 2439 statem),
1044 2391 1204 2427 Arabum
1255 2389 1378 2437 lingua
1416 2390 1482 2425 As-

835 2461 964 2491 souan;
994 2448 1059 2484 sed
1079 2447 1250 2483 hodierna
1272 2445 1356 2481 urbs
1373 2445 1481 2494 paulo

834 2504 949 2552 magis
971 2503 1251 2553 septentrionem
1275 2513 1398 2538 versus
1422 2513 1484 2537 ex-

835 2564 972 2597 structa
1005 2563 1060 2597 est
1090 2559 1135 2595 ab
1166 2557 1359 2606 antiquiori
1393 2557 1482 2593 urbe

834 2617 972 2652 dudum
993 2617 1187 2653 destructa.
1219 2613 1277 2650 De
1296 2613 1482 2661 utriusque

834 2672 954 2719 urbis,
985 2676 1023 2708 et
1054 2669 1265 2719 antiquioris
1293 2673 1328 2705 et
1358 2681 1481 2705 recen-

834 2727 957 2774 tioris,
987 2728 1079 2773 situ,
1111 2730 1149 2763 et
1175 2728 1424 2774 quantoquere
1451 2724 1482 2760 is

834 2783 1031 2820 adverterit
1060 2782 1278 2819 Graecorum
1318 2784 1481 2817 astrono-

833 2851 910 2876 mos
933 2843 970 2876 et
991 2838 1240 2888 geographos,
1267 2835 1479 2873 Eratosthe-
