1909 3228
142 807 268 848 Smyrna
292 818 325 838 cx
344 810 381 838 iis

140 849 257 870 amissa.

445 237 528 277 316

856 233 1315 273 HERODOTI

445 361 513 392 αι,
547 342 749 398 Μύρινα,
774 341 983 396 Γρύνεια·
1013 336 1140 385 αὗται
1160 343 1310 385 ἕνδεκα
1332 344 1524 388 Αἰολέων
1551 345 1693 397 πόλιες

444 425 490 466 αἱ
521 422 705 478 ἀρχαῖαι.
750 422 827 476 μία
855 419 940 476 γάρ
971 431 1118 475 σφεων
1154 420 1376 478 παρελύθη
1411 421 1496 467 ὑπὸ
1522 422 1690 475 Ἰώνων,

414 502 640 557 ΞΣμύρνη.
698 495 809 556 ἦσαν
848 499 929 555 γὰρ
969 500 1040 542 καὶ
1079 494 1204 542 αὗται
1248 498 1445 543 δυώδεκα
1485 504 1529 545 αἱ
1565 503 1612 546 έν
1639 507 1749 559 τῇθο

441 581 614 638 ἠπείρῳ.
648 573 770 622 οὗτοι
801 577 848 621 δὲ
877 579 921 621 οἱ
948 578 1121 629 Αἰολέες
1149 577 1294 634 χώρην
1322 578 1401 634 μὲν
1431 578 1581 635 ἔτυχον
1610 583 1691 624 κτί-

439 670 587 709 σαντες
616 655 775 713 ἀμείνω
800 654 983 709 Ἰώνων,
1014 656 1162 713 (ὁρέων
1192 659 1237 701 δὲ
1259 657 1454 714 ἥκουσαν
1473 657 1555 702 οὐκ
1575 657 1692 714 ὁμοί-

283 744 382 791 150
440 755 511 789 ως.
541 736 755 793 Σμύρνην
786 737 831 781 δὲ
861 731 944 780 ὦδε
981 734 1200 794 ἀπέβαλον
1229 736 1413 789 Αἰολέες.
1473 740 1691 794 Κολοφω-

437 818 558 868 νίους
598 816 761 871 ἄνδρας
796 815 942 860 στάσει
981 815 1272 868 ἑσσωθέντας,
1322 816 1392 860 καὶ
1433 814 1692 868 ἐκπεσόντας

407 896 487 940 Ξέκ
516 899 591 952 τῆς
619 896 844 950 πατρίδος,
872 894 1144 947 ὑπεδέξαντο.
1192 895 1297 952 μετὰ
1322 896 1387 948 δὲ,
1428 898 1472 940 οἰ
1500 895 1746 951 φυγάδες95

434 978 523 1019 τῶν
553 976 857 1032 Κολοφωνίων
886 974 1151 1030 φυλάξαντες
1179 974 1282 1026 τούς
1302 976 1584 1031 Σμυρναίους
1612 972 1689 1029 ὁρ-

433 1055 512 1110 τὴν
541 1054 618 1107 ἔξω
648 1055 803 1110 τείχεος
841 1053 1129 1109 ποιευμένους
1165 1051 1396 1114 Διονύσῳ,
1444 1053 1519 1104 τὰς
1547 1053 1690 1104 πύλας

405 1132 794 1189 3άποκληΐσαντες,
835 1132 962 1189 ἔσχον
989 1132 1069 1190 τὴν
1096 1131 1236 1177 πόλιν.
1296 1131 1613 1190 βοηθησάντων
1642 1131 1690 1174 δὲ

430 1213 606 1257 πάντων
634 1212 848 1265 Αἰολέων,
893 1212 1102 1269 ὁμολογίῃ
1140 1212 1401 1270 ἐχρήσαντο,
1448 1211 1500 1256 τοὶ
1531 1211 1688 1255 ἔπιπλα

429 1290 688 1337 ἀποδόντων
715 1295 804 1337 τῶν
824 1290 1004 1346 Ἰώνων,
1036 1292 1223 1337 ἐκλιπεῖν
1247 1291 1461 1349 Σμύρνην
1490 1290 1686 1341 Αἰολέας.

370 1474 559 1530 γειρούση
587 1477 686 1527 apud
715 1476 931 1514 Strabonem
967 1475 1021 1513 IX

368 1547 406 1585 p.
424 1536 506 1576 394
537 1548 566 1571 S.
586 1533 689 1580 604,
718 1533 762 1570 C.
788 1532 836 1570 D.
895 1532 1021 1575 Quare

369 1594 567 1640 quaerunt,
597 1602 644 1626 an
675 1589 731 1626 hic
758 1589 878 1639 potius
900 1588 1019 1626 Elaea

367 1646 415 1683 sit
440 1646 673 1695 intelligenda
700 1638 886 1693 (Ἐλαία),
910 1657 1017 1694 quam

368 1703 495 1740 urbem
511 1701 695 1740 Aeolicam
710 1730 721 1748 ‚
751 1702 788 1738 in
807 1701 875 1739 hoc
895 1701 1018 1738 Hero-

369 1758 447 1794 doti
476 1770 626 1795 recensu
654 1758 844 1804 omissam,
884 1757 1016 1793 Strabo

368 1813 558 1863 aliquoties
588 1815 750 1851 nominat
788 1817 898 1862 atque
932 1812 1017 1850 Ste-

367 1869 510 1920 phanus
541 1870 695 1918 Byzant.
737 1868 1017 1918 Schweighaeu-

365 1939 449 1963 sero
470 1926 555 1963 olim
574 1926 708 1976 placuit
721 1926 878 1963 scribere
894 1920 1016 1976 Ἀργι-

366 1978 534 2030 νόεσσα,
557 1987 597 2019 ut
610 1995 681 2019 una
692 1995 807 2032 eaque
824 1986 1015 2032 praestan-

365 2039 436 2076 tior
465 2038 725 2088 intelligeretur
757 2039 1016 2087 Arginusarum

364 2095 505 2143 insula,
535 2108 625 2145 quas
652 2096 699 2132 ad
719 2095 903 2134 Aeolicam
922 2107 1014 2144 gen-

364 2157 439 2190 tem
474 2153 694 2203 pertinuisse
736 2155 887 2189 constat.
956 2150 1015 2188 De

363 2208 418 2245 his
448 2211 542 2246 conf.
572 2209 704 2259 Poppo
736 2209 783 2245 ad
807 2207 1012 2258 Thucydid.

364 2264 439 2302 P.1
470 2265 552 2302 Vol.
575 2265 609 2302 ll
638 2279 674 2317 p.
696 2264 778 2306 448
803 2277 880 2314 seq.
938 2263 1014 2301 Sed

363 2321 482 2372 ipsum
500 2322 614 2359 virum
639 2323 784 2359 doctum
808 2333 881 2358 non
905 2320 1011 2369 fugit,

361 2379 545 2415 adversari
575 2379 644 2416 hoc
673 2378 853 2416 Herodoti
876 2376 1008 2422 verbis,

362 2435 422 2482 qui
440 2434 506 2471 has
533 2434 694 2473 civitates
714 2447 840 2472 omnes
866 2433 904 2470 in
924 2444 1009 2471 con-

360 2491 486 2528 tinenti
506 2492 678 2541 posuerit.
691 2513 746 2518 --
758 2491 799 2528 In
817 2502 920 2539 seqq.
939 2502 1006 2540 pro

360 2546 526 2598 Αἰγαῖαι
543 2561 635 2584 unus
655 2547 745 2586 liber
760 2547 919 2599 Αἰγαία,
940 2558 1006 2583 nec

358 2603 461 2641 aliter
481 2603 586 2640 Valla
603 2604 829 2655 exprimens:
850 2603 1003 2651 Aegaea.

415 2660 485 2709 μία
520 2656 594 2713 γάρ
628 2673 763 2710 σφεων
797 2654 1004 2711 παρελύθη

357 2712 437 2754 ύπὸ
467 2711 628 2766 Ἰώνων]
678 2717 701 2754 i.
739 2731 770 2756 e.
811 2717 901 2754 haec
935 2728 1008 2753 una

358 2771 499 2808 ademta
518 2778 574 2811 est
594 2773 661 2810 illis
683 2772 857 2821 (Aeolicis
882 2773 1006 2811 civita-

358 2828 481 2873 tibus)
513 2842 542 2866 s.
571 2834 760 2880 separata,
789 2831 931 2869 divulsa
959 2829 1005 2867 ab

359 2884 514 2922 Ionibus.

1147 1472 1283 1527 ω’ρὲων
1312 1471 1355 1514 δὲ
1385 1470 1565 1525 ἥκουσαν
1593 1467 1667 1513 οὐκ
1696 1469 1738 1512 ὅ-

1087 1533 1234 1584 μοίως]
1267 1532 1289 1567 i.
1315 1544 1345 1568 e.
1377 1531 1502 1581 (quae
1521 1543 1605 1567 vero
1620 1531 1737 1577 terra)

1086 1590 1173 1626 coeli
1196 1589 1354 1637 temperie
1374 1600 1448 1624 non
1475 1586 1649 1636 aequabat
1677 1584 1737 1621 Io-

1083 1658 1165 1682 num
1182 1646 1364 1693 regionem.
1422 1643 1480 1682 De
1499 1640 1630 1694 ω’ρέων
1645 1642 1737 1678 vidi-

1084 1715 1163 1739 mus
1185 1702 1232 1738 ad
1261 1700 1298 1747 Ι,
1325 1700 1416 1742 142.
1457 1700 1516 1738 De
1546 1699 1656 1737 verbo
1683 1694 1736 1749 ἥ-

1083 1771 1168 1797 κειν
1189 1757 1238 1794 ad
1255 1755 1292 1804 Ι,
1323 1757 1389 1798 30.

1304 1894 1414 1946 Cap.
1446 1894 1524 1933 CL.

1139 1975 1332 2032 Σμύρνην
1363 1977 1406 2018 δὲ
1426 1973 1503 2018 ὦδε
1533 1973 1733 2029 ἐπέβαλον

1082 2035 1265 2084 Αἰολέες]
1298 2037 1460 2082 Eadem,
1492 2048 1586 2085 quae
1606 2035 1662 2071 hic
1680 2034 1732 2072 le-

1082 2095 1198 2144 gimus
1211 2122 1221 2140 ‚
1253 2093 1450 2129 Pausanias
1473 2094 1583 2129 refert
1602 2090 1730 2137 V11‚5‚

1081 2151 1137 2188 cui
1159 2150 1328 2186 strabon.
1350 2149 1458 2197 iunge
1480 2148 1566 2184 XlV
1586 2159 1622 2196 p.
1635 2147 1730 2193 940,

1080 2207 1123 2244 B.
1146 2207 1189 2244 C.
1238 2206 1345 2242 Conf.
1374 2218 1468 2254 quae
1503 2205 1550 2241 ad
1577 2203 1615 2249 l,
1651 2203 1730 2244 149

1080 2263 1146 2300 hac
1165 2263 1210 2300 de
1231 2275 1269 2299 re
1287 2266 1377 2298 nott.
1399 2266 1492 2297 sunt.
1554 2259 1592 2295 ln
1623 2273 1727 2308 seqq.

1079 2319 1221 2357 Schaef.
1241 2330 1393 2366 eumque
1405 2322 1550 2355 secutus
1562 2316 1728 2364 Schwgh.

1079 2379 1115 2413 et
1136 2375 1253 2412 Gaisf.
1273 2375 1493 2412 refluxerunt
1516 2367 1652 2419 στάσι,
1676 2373 1728 2408 uti

1076 2433 1129 2484 τῇ
1144 2427 1234 2471 πόλι
1265 2431 1317 2477 ll,
1351 2433 1415 2471 67.
1450 2430 1540 2470 137.
1607 2428 1729 2477 Vulgo

1077 2484 1209 2527 στάσει
1228 2501 1294 2526 nec
1317 2487 1387 2524 ulla
1406 2487 1560 2524 varietas
1584 2499 1605 2524 e
1626 2485 1726 2522 libris

1075 2550 1260 2592 enotatur,
1292 2544 1361 2580 nisi
1384 2543 1481 2592 quod
1498 2556 1589 2579 nnus
1617 2541 1726 2579 habet

1075 2598 1215 2640 στεῖσιϊ.
1269 2601 1363 2637 Hinc
1404 2600 1534 2637 retinui
1577 2594 1726 2645 στάσει,

1074 2659 1173 2706 quod
1205 2662 1241 2695 et
1268 2658 1347 2708 ipse
1387 2657 1618 2694 Gaisfordius
1649 2655 1724 2693 iure

1074 2715 1219 2752 retinuit
1239 2714 1277 2762 l,
1300 2716 1366 2755 60.

1129 2823 1175 2864 τά
1208 2826 1350 2866 ἔπιπλα
1379 2821 1630 2875 ἀποδόντων]
1661 2825 1719 2862 Cf.

1074 2884 1120 2920 ad
1145 2884 1181 2931 Ι,
1201 2883 1268 2925 94.
