<?xml version="1.0" encoding="UTF-8"?>
<!DOCTYPE html PUBLIC "-//W3C//DTD XHTML 1.0 Transitional//EN"
    "http://www.w3.org/TR/xhtml1/DTD/xhtml1-transitional.dtd">
<html xmlns="http://www.w3.org/1999/xhtml" xml:lang="en" lang="en">
 <head>
  <title>
</title>
<meta http-equiv="Content-Type" content="text/html;charset=utf-8" />
  <meta name='ocr-system' content='tesseract 3.04.00' />
  <meta name='ocr-capabilities' content='ocr_page ocr_carea ocr_par ocr_line ocrx_word'/>
</head>
<body>
  <div class='ocr_page' id='page_1' title='image "./musaeherodoto01hero/musaeherodoto01hero_0522.png"; bbox 0 0 1909 3228; ppageno 0'>
   <div class='ocr_carea' id='block_1_1' title="bbox 359 582 423 627">
    <p class='ocr_par' dir='ltr' id='par_1_1' title="bbox 359 582 423 627">
     <span class='ocr_line' id='line_1_1' title="bbox 359 582 423 627; baseline 0.016 -1"><span class='ocrx_word' id='word_1_1' title='bbox 359 582 423 627; x_wconf 83' lang='lat'><strong>15</strong></span> 
     </span>
    </p>
   </div>
   <div class='ocr_carea' id='block_1_2' title="bbox 153 644 429 675">
    <p class='ocr_par' dir='ltr' id='par_1_2' title="bbox 153 644 429 675">
     <span class='ocr_line' id='line_1_2' title="bbox 153 644 429 675; baseline 0.014 -3"><span class='ocrx_word' id='word_1_2' title='bbox 153 644 256 673; x_wconf 82' lang='lat' dir='ltr'><strong>Ionum</strong></span> <span class='ocrx_word' id='word_1_3' title='bbox 279 649 429 675; x_wconf 74' lang='lat' dir='ltr'><strong>sententia</strong></span> 
     </span>
    </p>
   </div>
   <div class='ocr_carea' id='block_1_3' title="bbox 153 678 426 742">
    <p class='ocr_par' dir='ltr' id='par_1_3' title="bbox 153 678 426 741">
     <span class='ocr_line' id='line_1_3' title="bbox 154 678 426 718; baseline 0.023 -14"><span class='ocrx_word' id='word_1_4' title='bbox 154 678 191 705; x_wconf 86' lang='lat' dir='ltr'><strong>de</strong></span> <span class='ocrx_word' id='word_1_5' title='bbox 209 681 341 718; x_wconf 70' lang='lat' dir='ltr'><strong>Aegypto</strong></span> <span class='ocrx_word' id='word_1_6' title='bbox 380 690 426 710; x_wconf 89' lang='lat' dir='ltr'><strong>rc</strong></span> 
     </span>
     <span class='ocr_line' id='line_1_4' title="bbox 153 710 276 742; baseline 0.009 -3"><span class='ocrx_word' id='word_1_7' title='bbox 153 710 276 742; x_wconf 76' lang='lat' dir='ltr'><strong>fellitur.</strong></span> 
     </span>
    </p>
   </div>
   <div class='ocr_carea' id='block_1_4' title="bbox 483 232 567 273">
    <p class='ocr_par' dir='ltr' id='par_1_4' title="bbox 483 232 567 273">
     <span class='ocr_line' id='line_1_5' title="bbox 483 232 567 273; baseline 0 0"><span class='ocrx_word' id='word_1_8' title='bbox 483 232 567 273; x_wconf 81' lang='lat'><strong>5⁰8</strong></span> 
     </span>
    </p>
   </div>
   <div class='ocr_carea' id='block_1_5' title="bbox 870 231 1337 273">
    <p class='ocr_par' dir='ltr' id='par_1_5' title="bbox 870 231 1337 273">
     <span class='ocr_line' id='line_1_6' title="bbox 870 231 1337 273; baseline 0.006 -3"><span class='ocrx_word' id='word_1_9' title='bbox 870 231 1337 273; x_wconf 87' lang='lat' dir='ltr'><strong>HERODOTI</strong></span> 
     </span>
    </p>
   </div>
   <div class='ocr_carea' id='block_1_6' title="bbox 485 337 1728 399">
    <p class='ocr_par' dir='ltr' id='par_1_6' title="bbox 485 337 1728 399">
     <span class='ocr_line' id='line_1_7' title="bbox 485 337 1728 399; baseline 0.002 -14"><span class='ocrx_word' id='word_1_10' title='bbox 485 341 530 385; x_wconf 79' lang='grc' dir='ltr'><strong>δὲ</strong></span> <span class='ocrx_word' id='word_1_11' title='bbox 559 337 835 396; x_wconf 79' lang='grc' dir='ltr'><em>καταπατήσῃ</em></span> <span class='ocrx_word' id='word_1_12' title='bbox 863 343 960 397; x_wconf 83' lang='grc' dir='ltr'><em>τῇσι</em></span> <span class='ocrx_word' id='word_1_13' title='bbox 989 340 1064 383; x_wconf 80' lang='grc' dir='ltr'><strong>ὑσὶ</strong></span> <span class='ocrx_word' id='word_1_14' title='bbox 1092 341 1140 383; x_wconf 85' lang='grc' dir='ltr'><strong>τὸ</strong></span> <span class='ocrx_word' id='word_1_15' title='bbox 1161 340 1351 397; x_wconf 81' lang='grc' dir='ltr'><em>σπέρμα,</em></span> <span class='ocrx_word' id='word_1_16' title='bbox 1382 341 1547 399; x_wconf 78' lang='grc' dir='ltr'><em>ἄμητον</em></span> <span class='ocrx_word' id='word_1_17' title='bbox 1570 343 1619 388; x_wconf 82' lang='grc' dir='ltr'>τὸ</span> <span class='ocrx_word' id='word_1_18' title='bbox 1642 342 1728 388; x_wconf 72' lang='grc' dir='ltr'><strong>ἀπὸ</strong></span> 
     </span>
    </p>
   </div>
   <div class='ocr_carea' id='block_1_7' title="bbox 482 416 851 552">
    <p class='ocr_par' dir='ltr' id='par_1_7' title="bbox 482 416 851 552">
     <span class='ocr_line' id='line_1_8' title="bbox 482 416 808 473; baseline -0.009 -10"><span class='ocrx_word' id='word_1_19' title='bbox 482 419 641 463; x_wconf 86' lang='grc' dir='ltr'><em>τούτου</em></span> <span class='ocrx_word' id='word_1_20' title='bbox 677 416 808 473; x_wconf 85' lang='grc' dir='ltr'><em>μένει.</em></span> 
     </span>
     <span class='ocr_line' id='line_1_9' title="bbox 482 497 851 552; baseline -0.005 -10"><span class='ocrx_word' id='word_1_21' title='bbox 482 497 595 542; x_wconf 84' lang='grc' dir='ltr'><em>οὕτω</em></span> <span class='ocrx_word' id='word_1_22' title='bbox 625 498 851 552; x_wconf 81' lang='grc' dir='ltr'><em>κομίζεται.</em></span> 
     </span>
    </p>
   </div>
   <div class='ocr_carea' id='block_1_8' title="bbox 428 706 703 714">
    <p class='ocr_par' dir='ltr' id='par_1_8' title="bbox 428 706 703 714">
     <span class='ocr_line' id='line_1_10' title="bbox 428 706 703 714; baseline 0 0"><span class='ocrx_word' id='word_1_23' title='bbox 428 706 703 714; x_wconf 95' lang='lat' dir='ltr'><strong> </strong></span> 
     </span>
    </p>
   </div>
   <div class='ocr_carea' id='block_1_9' title="bbox 413 793 1070 2919">
    <p class='ocr_par' dir='ltr' id='par_1_9' title="bbox 413 793 1070 2919">
     <span class='ocr_line' id='line_1_11' title="bbox 422 793 1068 846; baseline 0.006 -17"><span class='ocrx_word' id='word_1_24' title='bbox 422 805 530 842; x_wconf 89' lang='lat' dir='ltr'><strong>quam</strong></span> <span class='ocrx_word' id='word_1_25' title='bbox 555 793 591 830; x_wconf 86' lang='lat' dir='ltr'><strong>in</strong></span> <span class='ocrx_word' id='word_1_26' title='bbox 612 793 732 832; x_wconf 90' lang='lat' dir='ltr'><strong>limum</strong></span> <span class='ocrx_word' id='word_1_27' title='bbox 758 795 955 833; x_wconf 85' lang='lat' dir='ltr'><strong>recondere</strong></span> <span class='ocrx_word' id='word_1_28' title='bbox 981 809 1068 846; x_wconf 92' lang='lat' dir='ltr'><strong>pro-</strong></span> 
     </span>
     <span class='ocr_line' id='line_1_12' title="bbox 423 849 1069 900; baseline 0.006 -14"><span class='ocrx_word' id='word_1_29' title='bbox 423 849 541 887; x_wconf 80' lang='lat' dir='ltr'><strong>babile</strong></span> <span class='ocrx_word' id='word_1_30' title='bbox 569 850 615 886; x_wconf 90' lang='lat' dir='ltr'><strong>sit</strong></span> <span class='ocrx_word' id='word_1_31' title='bbox 633 851 832 900; x_wconf 86' lang='lat' dir='ltr'><strong>cademque</strong></span> <span class='ocrx_word' id='word_1_32' title='bbox 861 853 976 890; x_wconf 87' lang='lat' dir='ltr'><strong>bestia</strong></span> <span class='ocrx_word' id='word_1_33' title='bbox 1004 853 1069 890; x_wconf 85' lang='lat' dir='ltr'><strong>‹le-</strong></span> 
     </span>
     <span class='ocr_line' id='line_1_13' title="bbox 424 906 1069 958; baseline 0.006 -16"><span class='ocrx_word' id='word_1_34' title='bbox 424 906 577 955; x_wconf 85' lang='lat' dir='ltr'><strong>spicatui</strong></span> <span class='ocrx_word' id='word_1_35' title='bbox 616 907 722 944; x_wconf 90' lang='lat' dir='ltr'><strong>fuerit</strong></span> <span class='ocrx_word' id='word_1_36' title='bbox 746 907 958 958; x_wconf 82' lang='lat' dir='ltr'><strong>Aegyptiis,</strong></span> <span class='ocrx_word' id='word_1_37' title='bbox 991 908 1069 946; x_wconf 86' lang='lat' dir='ltr'><strong>He-</strong></span> 
     </span>
     <span class='ocr_line' id='line_1_14' title="bbox 423 962 1069 1014; baseline 0.008 -17"><span class='ocrx_word' id='word_1_38' title='bbox 423 963 590 999; x_wconf 88' lang='lat' dir='ltr'><strong>rodotum</strong></span> <span class='ocrx_word' id='word_1_39' title='bbox 608 967 643 999; x_wconf 89' lang='lat' dir='ltr'><strong>et</strong></span> <span class='ocrx_word' id='word_1_40' title='bbox 661 962 727 1000; x_wconf 89' lang='lat' dir='ltr'><strong>hoc</strong></span> <span class='ocrx_word' id='word_1_41' title='bbox 748 964 827 1001; x_wconf 90' lang='lat' dir='ltr'><strong>loco</strong></span> <span class='ocrx_word' id='word_1_42' title='bbox 850 970 884 1002; x_wconf 83' lang='lat' dir='ltr'><strong>et</strong></span> <span class='ocrx_word' id='word_1_43' title='bbox 905 965 1069 1014; x_wconf 84' lang='lat' dir='ltr'><strong>proxime</strong></span> 
     </span>
     <span class='ocr_line' id='line_1_15' title="bbox 421 1019 1069 1072; baseline 0.01 -18"><span class='ocrx_word' id='word_1_44' title='bbox 421 1019 588 1068; x_wconf 82' lang='lat' dir='ltr'><strong>sequenti</strong></span> <span class='ocrx_word' id='word_1_45' title='bbox 608 1020 793 1069; x_wconf 80' lang='lat' dir='ltr'><strong>scripsisse</strong></span> <span class='ocrx_word' id='word_1_46' title='bbox 813 1021 912 1072; x_wconf 83' lang='grc' dir='ltr'>βοῦς</span> <span class='ocrx_word' id='word_1_47' title='bbox 929 1026 963 1058; x_wconf 92' lang='lat' dir='ltr'><strong>et</strong></span> <span class='ocrx_word' id='word_1_48' title='bbox 976 1022 1069 1071; x_wconf 78' lang='grc' dir='ltr'><em>βου-</em></span> 
     </span>
     <span class='ocr_line' id='line_1_16' title="bbox 424 1073 1069 1127; baseline 0.002 -14"><span class='ocrx_word' id='word_1_49' title='bbox 424 1073 464 1113; x_wconf 86' lang='grc' dir='ltr'><strong>σὶ</strong></span> <span class='ocrx_word' id='word_1_50' title='bbox 499 1075 667 1124; x_wconf 89' lang='lat' dir='ltr'><strong>suspicati</strong></span> <span class='ocrx_word' id='word_1_51' title='bbox 709 1081 813 1123; x_wconf 91' lang='lat' dir='ltr'><strong>sunt,</strong></span> <span class='ocrx_word' id='word_1_52' title='bbox 859 1077 1069 1127; x_wconf 87' lang='lat' dir='ltr'><strong>praesertim</strong></span> 
     </span>
     <span class='ocr_line' id='line_1_17' title="bbox 423 1131 1070 1171; baseline 0.002 -3"><span class='ocrx_word' id='word_1_53' title='bbox 423 1144 503 1168; x_wconf 90' lang='lat' dir='ltr'><strong>cum</strong></span> <span class='ocrx_word' id='word_1_54' title='bbox 522 1131 706 1169; x_wconf 90' lang='lat' dir='ltr'><strong>Diodorus</strong></span> <span class='ocrx_word' id='word_1_55' title='bbox 729 1134 856 1171; x_wconf 89' lang='lat' dir='ltr'><strong>eadem</strong></span> <span class='ocrx_word' id='word_1_56' title='bbox 885 1134 921 1170; x_wconf 93' lang='lat' dir='ltr'><strong>in</strong></span> <span class='ocrx_word' id='word_1_57' title='bbox 947 1146 986 1171; x_wconf 91' lang='lat' dir='ltr'><strong>re</strong></span> <span class='ocrx_word' id='word_1_58' title='bbox 1014 1134 1070 1170; x_wconf 90' lang='lat' dir='ltr'><strong>di-</strong></span> 
     </span>
     <span class='ocr_line' id='line_1_18' title="bbox 422 1184 1069 1239; baseline 0.002 -14"><span class='ocrx_word' id='word_1_59' title='bbox 422 1189 513 1225; x_wconf 84' lang='lat' dir='ltr'><strong>xerit</strong></span> <span class='ocrx_word' id='word_1_60' title='bbox 531 1184 782 1239; x_wconf 75' lang='grc' dir='ltr'><em>βοσκήματα,</em></span> <span class='ocrx_word' id='word_1_61' title='bbox 812 1203 879 1228; x_wconf 90' lang='lat' dir='ltr'><strong>nec</strong></span> <span class='ocrx_word' id='word_1_62' title='bbox 896 1203 977 1226; x_wconf 89' lang='lat' dir='ltr'><strong>sues</strong></span> <span class='ocrx_word' id='word_1_63' title='bbox 1004 1190 1069 1227; x_wconf 90' lang='lat' dir='ltr'><strong>bo-</strong></span> 
     </span>
     <span class='ocr_line' id='line_1_19' title="bbox 420 1245 1069 1296; baseline 0.003 -15"><span class='ocrx_word' id='word_1_64' title='bbox 420 1256 557 1293; x_wconf 88' lang='lat' dir='ltr'><strong>vesque</strong></span> <span class='ocrx_word' id='word_1_65' title='bbox 577 1245 757 1293; x_wconf 81' lang='lat' dir='ltr'><strong>sigillatim</strong></span> <span class='ocrx_word' id='word_1_66' title='bbox 771 1246 978 1296; x_wconf 86' lang='lat' dir='ltr'><strong>designarit.</strong></span> <span class='ocrx_word' id='word_1_67' title='bbox 992 1247 1069 1284; x_wconf 88' lang='lat' dir='ltr'><strong>Sed</strong></span> 
     </span>
     <span class='ocr_line' id='line_1_20' title="bbox 420 1302 1063 1352; baseline 0.002 -14"><span class='ocrx_word' id='word_1_68' title='bbox 420 1305 544 1338; x_wconf 91' lang='lat' dir='ltr'><strong>contra</strong></span> <span class='ocrx_word' id='word_1_69' title='bbox 555 1302 715 1339; x_wconf 87' lang='lat' dir='ltr'><strong>codicum</strong></span> <span class='ocrx_word' id='word_1_70' title='bbox 729 1303 849 1351; x_wconf 82' lang='lat' dir='ltr'><strong>fidem,</strong></span> <span class='ocrx_word' id='word_1_71' title='bbox 862 1303 922 1352; x_wconf 91' lang='lat' dir='ltr'><strong>qui</strong></span> <span class='ocrx_word' id='word_1_72' title='bbox 938 1315 1063 1341; x_wconf 88' lang='lat' dir='ltr'><strong>omnes</strong></span> 
     </span>
     <span class='ocr_line' id='line_1_21' title="bbox 419 1356 1065 1408; baseline 0.008 -16"><span class='ocrx_word' id='word_1_73' title='bbox 419 1357 457 1393; x_wconf 86' lang='lat' dir='ltr'><strong>in</strong></span> <span class='ocrx_word' id='word_1_74' title='bbox 475 1356 620 1405; x_wconf 86' lang='lat' dir='ltr'><strong>vulgata</strong></span> <span class='ocrx_word' id='word_1_75' title='bbox 640 1359 854 1408; x_wconf 88' lang='lat' dir='ltr'><strong>persistunt,</strong></span> <span class='ocrx_word' id='word_1_76' title='bbox 884 1359 952 1396; x_wconf 89' lang='lat' dir='ltr'><strong>hoc</strong></span> <span class='ocrx_word' id='word_1_77' title='bbox 969 1363 1065 1397; x_wconf 87' lang='lat' dir='ltr'><strong>certe</strong></span> 
     </span>
     <span class='ocr_line' id='line_1_22' title="bbox 419 1412 1064 1463; baseline 0.003 -14"><span class='ocrx_word' id='word_1_78' title='bbox 419 1412 499 1450; x_wconf 93' lang='lat' dir='ltr'><strong>loco</strong></span> <span class='ocrx_word' id='word_1_79' title='bbox 528 1413 614 1449; x_wconf 88' lang='lat' dir='ltr'><strong>nihil</strong></span> <span class='ocrx_word' id='word_1_80' title='bbox 642 1415 809 1463; x_wconf 82' lang='lat' dir='ltr'><strong>equidem</strong></span> <span class='ocrx_word' id='word_1_81' title='bbox 839 1420 979 1452; x_wconf 87' lang='lat' dir='ltr'><strong>mutare</strong></span> <span class='ocrx_word' id='word_1_82' title='bbox 1000 1428 1064 1452; x_wconf 92' lang='lat' dir='ltr'><strong>au-</strong></span> 
     </span>
     <span class='ocr_line' id='line_1_23' title="bbox 420 1469 1064 1519; baseline 0.005 -14"><span class='ocrx_word' id='word_1_83' title='bbox 420 1469 538 1506; x_wconf 87' lang='lat' dir='ltr'><strong>deam.</strong></span> <span class='ocrx_word' id='word_1_84' title='bbox 608 1469 787 1507; x_wconf 79' lang='lat' dir='ltr'><strong>Graviora</strong></span> <span class='ocrx_word' id='word_1_85' title='bbox 824 1476 928 1517; x_wconf 89' lang='lat' dir='ltr'><strong>sunt,</strong></span> <span class='ocrx_word' id='word_1_86' title='bbox 969 1483 1064 1519; x_wconf 90' lang='lat' dir='ltr'><strong>quae</strong></span> 
     </span>
     <span class='ocr_line' id='line_1_24' title="bbox 419 1523 1062 1575; baseline 0.006 -14"><span class='ocrx_word' id='word_1_87' title='bbox 419 1525 458 1561; x_wconf 91' lang='lat' dir='ltr'><strong>in</strong></span> <span class='ocrx_word' id='word_1_88' title='bbox 486 1526 718 1574; x_wconf 86' lang='lat' dir='ltr'><strong>sequentibus</strong></span> <span class='ocrx_word' id='word_1_89' title='bbox 749 1526 936 1575; x_wconf 86' lang='lat' dir='ltr'><strong>leguntur:</strong></span> <span class='ocrx_word' id='word_1_90' title='bbox 967 1523 1062 1565; x_wconf 73' lang='grc' dir='ltr'><em>α’πο·</em></span> 
     </span>
     <span class='ocr_line' id='line_1_25' title="bbox 420 1578 1062 1634; baseline 0.002 -15"><span class='ocrx_word' id='word_1_91' title='bbox 420 1578 584 1631; x_wconf 76' lang='grc' dir='ltr'><em>δινήσας</em></span> <span class='ocrx_word' id='word_1_92' title='bbox 603 1579 645 1620; x_wconf 78' lang='grc' dir='ltr'><strong>δὲ</strong></span> <span class='ocrx_word' id='word_1_93' title='bbox 663 1584 752 1634; x_wconf 76' lang='grc' dir='ltr'><em>τῇσι</em></span> <span class='ocrx_word' id='word_1_94' title='bbox 767 1582 832 1621; x_wconf 74' lang='grc' dir='ltr'><strong>ὗσὶ</strong></span> <span class='ocrx_word' id='word_1_95' title='bbox 849 1580 915 1622; x_wconf 78' lang='grc' dir='ltr'><strong>τὸν</strong></span> <span class='ocrx_word' id='word_1_96' title='bbox 935 1586 1062 1631; x_wconf 87' lang='grc' dir='ltr'><em>σῖτον,·</em></span> 
     </span>
     <span class='ocr_line' id='line_1_26' title="bbox 420 1638 1064 1687; baseline 0.003 -15"><span class='ocrx_word' id='word_1_97' title='bbox 420 1649 514 1687; x_wconf 91' lang='lat' dir='ltr'><strong>quae</strong></span> <span class='ocrx_word' id='word_1_98' title='bbox 534 1638 580 1674; x_wconf 88' lang='lat' dir='ltr'><strong>‹le</strong></span> <span class='ocrx_word' id='word_1_99' title='bbox 599 1639 766 1676; x_wconf 82' lang='lat' dir='ltr'><strong>frumenti</strong></span> <span class='ocrx_word' id='word_1_100' title='bbox 790 1640 916 1675; x_wconf 88' lang='lat' dir='ltr'><strong>tritura</strong></span> <span class='ocrx_word' id='word_1_101' title='bbox 935 1638 1064 1677; x_wconf 86' lang='lat' dir='ltr'><strong>intelli-</strong></span> 
     </span>
     <span class='ocr_line' id='line_1_27' title="bbox 418 1694 1064 1742; baseline 0 -12"><span class='ocrx_word' id='word_1_102' title='bbox 418 1694 541 1742; x_wconf 85' lang='lat' dir='ltr'><strong>genda</strong></span> <span class='ocrx_word' id='word_1_103' title='bbox 561 1707 641 1731; x_wconf 86' lang='lat' dir='ltr'><strong>esse</strong></span> <span class='ocrx_word' id='word_1_104' title='bbox 658 1708 764 1732; x_wconf 91' lang='lat' dir='ltr'><strong>nemo</strong></span> <span class='ocrx_word' id='word_1_105' title='bbox 785 1696 973 1732; x_wconf 86' lang='lat' dir='ltr'><strong>dubitabit.</strong></span> <span class='ocrx_word' id='word_1_106' title='bbox 1006 1695 1064 1731; x_wconf 88' lang='lat' dir='ltr'><strong>Ad</strong></span> 
     </span>
     <span class='ocr_line' id='line_1_28' title="bbox 415 1750 1066 1788; baseline 0.002 -2"><span class='ocrx_word' id='word_1_107' title='bbox 415 1750 580 1786; x_wconf 85' lang='lat' dir='ltr'><strong>trituram</strong></span> <span class='ocrx_word' id='word_1_108' title='bbox 599 1763 682 1788; x_wconf 87' lang='lat' dir='ltr'><strong>vero</strong></span> <span class='ocrx_word' id='word_1_109' title='bbox 711 1751 786 1788; x_wconf 91' lang='lat' dir='ltr'><strong>sive</strong></span> <span class='ocrx_word' id='word_1_110' title='bbox 806 1752 852 1787; x_wconf 92' lang='lat' dir='ltr'><strong>ad</strong></span> <span class='ocrx_word' id='word_1_111' title='bbox 870 1751 1066 1788; x_wconf 85' lang='lat' dir='ltr'><strong>exterenda</strong></span> 
     </span>
     <span class='ocr_line' id='line_1_29' title="bbox 418 1806 1065 1855; baseline -0.003 -11"><span class='ocrx_word' id='word_1_112' title='bbox 418 1819 440 1844; x_wconf 87' lang='lat' dir='ltr'><strong>e</strong></span> <span class='ocrx_word' id='word_1_113' title='bbox 484 1806 589 1855; x_wconf 89' lang='lat' dir='ltr'><strong>spicis</strong></span> <span class='ocrx_word' id='word_1_114' title='bbox 620 1810 760 1842; x_wconf 89' lang='lat' dir='ltr'><strong>matura</strong></span> <span class='ocrx_word' id='word_1_115' title='bbox 796 1819 910 1855; x_wconf 85' lang='lat' dir='ltr'><strong>grana</strong></span> <span class='ocrx_word' id='word_1_116' title='bbox 946 1806 1065 1842; x_wconf 73' lang='lat' dir='ltr'><strong>suibus</strong></span> 
     </span>
     <span class='ocr_line' id='line_1_30' title="bbox 416 1861 1064 1912; baseline 0 -14"><span class='ocrx_word' id='word_1_117' title='bbox 416 1861 618 1911; x_wconf 88' lang='lat' dir='ltr'><strong>Aegyptios</strong></span> <span class='ocrx_word' id='word_1_118' title='bbox 638 1875 722 1898; x_wconf 89' lang='lat' dir='ltr'><strong>usos</strong></span> <span class='ocrx_word' id='word_1_119' title='bbox 737 1863 868 1909; x_wconf 83' lang='lat' dir='ltr'><strong>fuisse,</strong></span> <span class='ocrx_word' id='word_1_120' title='bbox 898 1863 1064 1912; x_wconf 81' lang='lat' dir='ltr'><strong>nuspiam</strong></span> 
     </span>
     <span class='ocr_line' id='line_1_31' title="bbox 415 1917 1065 1969; baseline 0 -15"><span class='ocrx_word' id='word_1_121' title='bbox 415 1917 565 1955; x_wconf 88' lang='lat' dir='ltr'><strong>relatum</strong></span> <span class='ocrx_word' id='word_1_122' title='bbox 591 1918 752 1964; x_wconf 82' lang='lat' dir='ltr'><strong>inveni03</strong></span> <span class='ocrx_word' id='word_1_123' title='bbox 781 1919 879 1955; x_wconf 78' lang='lat' dir='ltr'><strong>boves</strong></span> <span class='ocrx_word' id='word_1_124' title='bbox 905 1931 972 1969; x_wconf 91' lang='lat' dir='ltr'><strong>per</strong></span> <span class='ocrx_word' id='word_1_125' title='bbox 993 1919 1065 1955; x_wconf 89' lang='lat' dir='ltr'><strong>ori-</strong></span> 
     </span>
     <span class='ocr_line' id='line_1_32' title="bbox 417 1973 1064 2012; baseline -0.003 0"><span class='ocrx_word' id='word_1_126' title='bbox 417 1978 537 2012; x_wconf 91' lang='lat' dir='ltr'><strong>entem</strong></span> <span class='ocrx_word' id='word_1_127' title='bbox 574 1974 621 2010; x_wconf 90' lang='lat' dir='ltr'><strong>ad</strong></span> <span class='ocrx_word' id='word_1_128' title='bbox 656 1973 749 2012; x_wconf 89' lang='lat' dir='ltr'><strong>hanc</strong></span> <span class='ocrx_word' id='word_1_129' title='bbox 784 1987 859 2012; x_wconf 92' lang='lat' dir='ltr'><strong>rem</strong></span> <span class='ocrx_word' id='word_1_130' title='bbox 902 1974 1064 2012; x_wconf 87' lang='lat' dir='ltr'><strong>adhiberi</strong></span> 
     </span>
     <span class='ocr_line' id='line_1_33' title="bbox 415 2030 1064 2080; baseline -0.002 -13"><span class='ocrx_word' id='word_1_131' title='bbox 415 2031 466 2068; x_wconf 87' lang='lat' dir='ltr'><strong>sic</strong></span> <span class='ocrx_word' id='word_1_132' title='bbox 484 2030 569 2066; x_wconf 88' lang='lat' dir='ltr'><strong>satis</strong></span> <span class='ocrx_word' id='word_1_133' title='bbox 588 2034 728 2068; x_wconf 88' lang='lat' dir='ltr'><strong>constat</strong></span> <span class='ocrx_word' id='word_1_134' title='bbox 743 2034 852 2080; x_wconf 90' lang='lat' dir='ltr'><strong>atque</strong></span> <span class='ocrx_word' id='word_1_135' title='bbox 870 2031 1064 2068; x_wconf 82' lang='lat' dir='ltr'><strong>etiamnum</strong></span> 
     </span>
     <span class='ocr_line' id='line_1_34' title="bbox 414 2086 1063 2135; baseline 0 -12"><span class='ocrx_word' id='word_1_136' title='bbox 414 2087 454 2123; x_wconf 88' lang='lat' dir='ltr'><strong>in</strong></span> <span class='ocrx_word' id='word_1_137' title='bbox 486 2086 656 2135; x_wconf 82' lang='lat' dir='ltr'><strong>Aegypto</strong></span> <span class='ocrx_word' id='word_1_138' title='bbox 685 2087 847 2125; x_wconf 83' lang='lat' dir='ltr'><strong>adhiberi</strong></span> <span class='ocrx_word' id='word_1_139' title='bbox 879 2099 1063 2124; x_wconf 89' lang='lat' dir='ltr'><strong>common-</strong></span> 
     </span>
     <span class='ocr_line' id='line_1_35' title="bbox 414 2142 1064 2193; baseline 0 -13"><span class='ocrx_word' id='word_1_140' title='bbox 414 2142 540 2180; x_wconf 87' lang='lat' dir='ltr'><strong>stravit</strong></span> <span class='ocrx_word' id='word_1_141' title='bbox 559 2142 775 2180; x_wconf 86' lang='lat' dir='ltr'><strong>Hartmann.</strong></span> <span class='ocrx_word' id='word_1_142' title='bbox 799 2143 821 2180; x_wconf 89' lang='lat'><strong>1.</strong></span> <span class='ocrx_word' id='word_1_143' title='bbox 834 2143 856 2180; x_wconf 93' lang='lat' dir='ltr'><strong>l.</strong></span> <span class='ocrx_word' id='word_1_144' title='bbox 871 2155 956 2193; x_wconf 88' lang='lat' dir='ltr'><strong>pag.</strong></span> <span class='ocrx_word' id='word_1_145' title='bbox 971 2146 1064 2185; x_wconf 89' lang='grc'><strong>227.</strong></span> 
     </span>
     <span class='ocr_line' id='line_1_36' title="bbox 414 2197 1064 2249; baseline -0.002 -13"><span class='ocrx_word' id='word_1_146' title='bbox 414 2197 547 2248; x_wconf 88' lang='lat' dir='ltr'><strong>Neque</strong></span> <span class='ocrx_word' id='word_1_147' title='bbox 570 2199 607 2235; x_wconf 90' lang='lat' dir='ltr'><strong>in</strong></span> <span class='ocrx_word' id='word_1_148' title='bbox 628 2204 788 2237; x_wconf 88' lang='lat' dir='ltr'><strong>veterum</strong></span> <span class='ocrx_word' id='word_1_149' title='bbox 804 2199 1064 2249; x_wconf 82' lang='lat' dir='ltr'><strong>Aegyptiorum</strong></span> 
     </span>
     <span class='ocr_line' id='line_1_37' title="bbox 415 2254 1064 2305; baseline -0.002 -13"><span class='ocrx_word' id='word_1_150' title='bbox 415 2254 653 2305; x_wconf 82' lang='lat' dir='ltr'><strong>anaglyphis,</strong></span> <span class='ocrx_word' id='word_1_151' title='bbox 694 2268 788 2304; x_wconf 89' lang='lat' dir='ltr'><strong>quae</strong></span> <span class='ocrx_word' id='word_1_152' title='bbox 827 2260 881 2292; x_wconf 85' lang='lat' dir='ltr'><strong>tot</strong></span> <span class='ocrx_word' id='word_1_153' title='bbox 921 2255 988 2292; x_wconf 88' lang='lat' dir='ltr'><strong>alia</strong></span> <span class='ocrx_word' id='word_1_154' title='bbox 1017 2256 1064 2292; x_wconf 87' lang='lat' dir='ltr'><strong>ad</strong></span> 
     </span>
     <span class='ocr_line' id='line_1_38' title="bbox 414 2311 1064 2362; baseline 0.002 -15"><span class='ocrx_word' id='word_1_155' title='bbox 414 2323 585 2360; x_wconf 89' lang='lat' dir='ltr'><strong>agrorum</strong></span> <span class='ocrx_word' id='word_1_156' title='bbox 630 2311 800 2349; x_wconf 87' lang='lat' dir='ltr'><strong>culturam</strong></span> <span class='ocrx_word' id='word_1_157' title='bbox 848 2312 1064 2362; x_wconf 89' lang='lat' dir='ltr'><strong>pertinentia</strong></span> 
     </span>
     <span class='ocr_line' id='line_1_39' title="bbox 416 2367 1063 2414; baseline -0.003 -9"><span class='ocrx_word' id='word_1_158' title='bbox 416 2367 602 2414; x_wconf 88' lang='lat' dir='ltr'><strong>exhibent,</strong></span> <span class='ocrx_word' id='word_1_159' title='bbox 632 2381 714 2405; x_wconf 88' lang='lat' dir='ltr'><strong>sues</strong></span> <span class='ocrx_word' id='word_1_160' title='bbox 742 2381 782 2406; x_wconf 90' lang='lat' dir='ltr'><strong>se</strong></span> <span class='ocrx_word' id='word_1_161' title='bbox 806 2369 940 2405; x_wconf 87' lang='lat' dir='ltr'><strong>vidisse</strong></span> <span class='ocrx_word' id='word_1_162' title='bbox 960 2371 1063 2404; x_wconf 85' lang='lat' dir='ltr'><strong>notat</strong></span> 
     </span>
     <span class='ocr_line' id='line_1_40' title="bbox 415 2422 1060 2475; baseline 0.003 -15"><span class='ocrx_word' id='word_1_163' title='bbox 415 2423 564 2461; x_wconf 89' lang='lat' dir='ltr'><strong>Costaz.</strong></span> <span class='ocrx_word' id='word_1_164' title='bbox 584 2422 606 2460; x_wconf 93' lang='lat' dir='ltr'><strong>l.</strong></span> <span class='ocrx_word' id='word_1_165' title='bbox 629 2436 737 2475; x_wconf 90' lang='lat' dir='ltr'><strong>supra</strong></span> <span class='ocrx_word' id='word_1_166' title='bbox 756 2423 853 2461; x_wconf 90' lang='lat' dir='ltr'><strong>laud.</strong></span> <span class='ocrx_word' id='word_1_167' title='bbox 879 2436 964 2474; x_wconf 82' lang='lat' dir='ltr'><strong>pag.</strong></span> <span class='ocrx_word' id='word_1_168' title='bbox 985 2425 1060 2467; x_wconf 75' lang='lat'><strong>603</strong></span> 
     </span>
     <span class='ocr_line' id='line_1_41' title="bbox 414 2479 1060 2518; baseline -0.002 -2"><span class='ocrx_word' id='word_1_169' title='bbox 414 2480 510 2517; x_wconf 88' lang='lat' dir='ltr'><strong>unde</strong></span> <span class='ocrx_word' id='word_1_170' title='bbox 543 2492 679 2517; x_wconf 89' lang='lat' dir='ltr'><strong>morem</strong></span> <span class='ocrx_word' id='word_1_171' title='bbox 707 2480 813 2518; x_wconf 90' lang='lat' dir='ltr'><strong>istum</strong></span> <span class='ocrx_word' id='word_1_172' title='bbox 840 2481 876 2517; x_wconf 89' lang='lat' dir='ltr'><strong>in</strong></span> <span class='ocrx_word' id='word_1_173' title='bbox 902 2479 1060 2518; x_wconf 85' lang='lat' dir='ltr'><strong>inferiori</strong></span> 
     </span>
     <span class='ocr_line' id='line_1_42' title="bbox 413 2534 1058 2586; baseline -0.003 -13"><span class='ocrx_word' id='word_1_174' title='bbox 413 2534 584 2586; x_wconf 87' lang='lat' dir='ltr'><strong>Aegypto</strong></span> <span class='ocrx_word' id='word_1_175' title='bbox 617 2537 737 2586; x_wconf 86' lang='lat' dir='ltr'><strong>potius</strong></span> <span class='ocrx_word' id='word_1_176' title='bbox 772 2537 970 2573; x_wconf 85' lang='lat' dir='ltr'><strong>obtinuisse</strong></span> <span class='ocrx_word' id='word_1_177' title='bbox 999 2549 1058 2571; x_wconf 90' lang='lat' dir='ltr'><strong>su-</strong></span> 
     </span>
     <span class='ocr_line' id='line_1_43' title="bbox 413 2592 1056 2641; baseline 0 -14"><span class='ocrx_word' id='word_1_178' title='bbox 413 2592 581 2641; x_wconf 83' lang='lat' dir='ltr'><strong>spicatur.</strong></span> <span class='ocrx_word' id='word_1_179' title='bbox 642 2593 784 2639; x_wconf 84' lang='lat' dir='ltr'><strong>Quare,</strong></span> <span class='ocrx_word' id='word_1_180' title='bbox 815 2593 883 2629; x_wconf 86' lang='lat' dir='ltr'><strong>nisi</strong></span> <span class='ocrx_word' id='word_1_181' title='bbox 904 2604 1056 2629; x_wconf 83' lang='lat' dir='ltr'><strong>consen-</strong></span> 
     </span>
     <span class='ocr_line' id='line_1_44' title="bbox 414 2648 1064 2686; baseline 0.002 -3"><span class='ocrx_word' id='word_1_182' title='bbox 414 2648 507 2685; x_wconf 87' lang='lat' dir='ltr'><strong>tiens</strong></span> <span class='ocrx_word' id='word_1_183' title='bbox 528 2652 623 2686; x_wconf 89' lang='lat' dir='ltr'><strong>esset</strong></span> <span class='ocrx_word' id='word_1_184' title='bbox 648 2648 818 2685; x_wconf 90' lang='lat' dir='ltr'><strong>librorum</strong></span> <span class='ocrx_word' id='word_1_185' title='bbox 843 2652 1064 2686; x_wconf 86' lang='lat' dir='ltr'><strong>vetustorum</strong></span> 
     </span>
     <span class='ocr_line' id='line_1_45' title="bbox 415 2702 1062 2755; baseline 0.005 -17"><span class='ocrx_word' id='word_1_186' title='bbox 415 2702 542 2750; x_wconf 85' lang='lat' dir='ltr'><strong>lectio,</strong></span> <span class='ocrx_word' id='word_1_187' title='bbox 562 2705 683 2741; x_wconf 87' lang='lat' dir='ltr'><strong>haud&#39;</strong></span> <span class='ocrx_word' id='word_1_188' title='bbox 677 2705 804 2742; x_wconf 80' lang='lat' dir='ltr'><strong>invitus</strong></span> <span class='ocrx_word' id='word_1_189' title='bbox 822 2704 1062 2755; x_wconf 85' lang='lat' dir='ltr'><strong>scripsissem:</strong></span> 
     </span>
     <span class='ocr_line' id='line_1_46' title="bbox 416 2753 1063 2814; baseline 0.006 -19"><span class='ocrx_word' id='word_1_190' title='bbox 416 2753 662 2809; x_wconf 71' lang='grc' dir='ltr'><em>ἀποδινήσας</em></span> <span class='ocrx_word' id='word_1_191' title='bbox 681 2763 741 2814; x_wconf 82' lang='grc' dir='ltr'><strong>τῇ</strong></span> <span class='ocrx_word' id='word_1_192' title='bbox 753 2773 797 2799; x_wconf 89' lang='grc' dir='ltr'><strong>σι</strong></span> <span class='ocrx_word' id='word_1_193' title='bbox 829 2761 994 2811; x_wconf 88' lang='grc' dir='ltr'><em>βουσι.</em></span> <span class='ocrx_word' id='word_1_194' title='bbox 1007 2780 1063 2788; x_wconf 85' lang='grc'><strong>-·</strong></span> 
     </span>
     <span class='ocr_line' id='line_1_47' title="bbox 413 2801 1062 2856; baseline 0.006 -8"><span class='ocrx_word' id='word_1_195' title='bbox 413 2813 446 2848; x_wconf 79' lang='lat' dir='ltr'>V</span> <span class='ocrx_word' id='word_1_196' title='bbox 450 2814 572 2851; x_wconf 81' lang='lat' dir='ltr'><strong>erbum</strong></span> <span class='ocrx_word' id='word_1_197' title='bbox 590 2801 796 2856; x_wconf 72' lang='grc' dir='ltr'><em>ἄποδινεῖν</em></span> <span class='ocrx_word' id='word_1_198' title='bbox 823 2817 871 2855; x_wconf 88' lang='lat' dir='ltr'><strong>ad</strong></span> <span class='ocrx_word' id='word_1_199' title='bbox 900 2817 1062 2854; x_wconf 81' lang='lat' dir='ltr'><strong>trituram</strong></span> 
     </span>
     <span class='ocr_line' id='line_1_48' title="bbox 415 2870 1062 2919; baseline 0.008 -15"><span class='ocrx_word' id='word_1_200' title='bbox 415 2870 569 2919; x_wconf 85' lang='lat' dir='ltr'><strong>pertinet</strong></span> <span class='ocrx_word' id='word_1_201' title='bbox 591 2872 664 2909; x_wconf 91' lang='lat' dir='ltr'><strong>sive</strong></span> <span class='ocrx_word' id='word_1_202' title='bbox 690 2873 737 2909; x_wconf 87' lang='lat' dir='ltr'><strong>ad</strong></span> <span class='ocrx_word' id='word_1_203' title='bbox 757 2874 971 2911; x_wconf 78' lang='lat' dir='ltr'><strong>frumentum</strong></span> <span class='ocrx_word' id='word_1_204' title='bbox 1002 2884 1062 2911; x_wconf 86' lang='lat' dir='ltr'><strong>ex-</strong></span> 
     </span>
    </p>
   </div>
   <div class='ocr_carea' id='block_1_10' title="bbox 868 416 1730 476">
    <p class='ocr_par' dir='ltr' id='par_1_10' title="bbox 868 416 1730 476">
     <span class='ocr_line' id='line_1_49' title="bbox 868 416 1730 476; baseline 0.005 -15"><span class='ocrx_word' id='word_1_205' title='bbox 868 416 1132 475; x_wconf 76' lang='grc' dir='ltr'><em>ἀποδινήσας</em></span> <span class='ocrx_word' id='word_1_206' title='bbox 1175 420 1220 464; x_wconf 82' lang='grc' dir='ltr'><strong>ὁὲ</strong></span> <span class='ocrx_word' id='word_1_207' title='bbox 1255 423 1353 476; x_wconf 78' lang='grc' dir='ltr'><em>τῇσι</em></span> <span class='ocrx_word' id='word_1_208' title='bbox 1381 419 1452 465; x_wconf 77' lang='grc' dir='ltr'><strong>ὑσὶ</strong></span> <span class='ocrx_word' id='word_1_209' title='bbox 1481 423 1558 466; x_wconf 83' lang='grc' dir='ltr'><strong>τόν</strong></span> <span class='ocrx_word' id='word_1_210' title='bbox 1589 428 1730 476; x_wconf 79' lang='grc' dir='ltr'><em>σῖτον,</em></span> 
     </span>
    </p>
   </div>
   <div class='ocr_carea' id='block_1_11' title="bbox 590 570 1728 635">
    <p class='ocr_par' dir='ltr' id='par_1_11' title="bbox 590 570 1728 635">
     <span class='ocr_line' id='line_1_50' title="bbox 590 570 1728 635; baseline 0.005 -17"><span class='ocrx_word' id='word_1_211' title='bbox 590 576 649 618; x_wconf 80' lang='grc' dir='ltr'><strong>Εἰ</strong></span> <span class='ocrx_word' id='word_1_212' title='bbox 679 570 741 618; x_wconf 75' lang='grc' dir='ltr'><strong>ὦν</strong></span> <span class='ocrx_word' id='word_1_213' title='bbox 779 577 1032 634; x_wconf 81' lang='grc' dir='ltr'><em>βουλόμεθα</em></span> <span class='ocrx_word' id='word_1_214' title='bbox 1071 576 1266 634; x_wconf 73' lang='grc' dir='ltr'><em>γνώμῃσι</em></span> <span class='ocrx_word' id='word_1_215' title='bbox 1301 582 1400 635; x_wconf 83' lang='grc' dir='ltr'><em>τῇσι</em></span> <span class='ocrx_word' id='word_1_216' title='bbox 1434 578 1590 623; x_wconf 76' lang='grc' dir='ltr'><em>Ἰώνων</em></span> <span class='ocrx_word' id='word_1_217' title='bbox 1626 583 1728 635; x_wconf 78' lang='grc' dir='ltr'><strong><em>χρᾶ-</em></strong></span> 
     </span>
    </p>
   </div>
   <div class='ocr_carea' id='block_1_12' title="bbox 1134 796 1787 1353">
    <p class='ocr_par' dir='ltr' id='par_1_12' title="bbox 1134 796 1787 1353">
     <span class='ocr_line' id='line_1_51' title="bbox 1136 796 1787 844; baseline -0.005 -8"><span class='ocrx_word' id='word_1_218' title='bbox 1136 797 1351 836; x_wconf 87' lang='lat' dir='ltr'><strong>cutiendum.</strong></span> <span class='ocrx_word' id='word_1_219' title='bbox 1382 796 1479 835; x_wconf 88' lang='lat' dir='ltr'><strong>Nam</strong></span> <span class='ocrx_word' id='word_1_220' title='bbox 1499 798 1610 844; x_wconf 82' lang='grc' dir='ltr'><em>δῖνος</em></span> <span class='ocrx_word' id='word_1_221' title='bbox 1629 797 1713 834; x_wconf 91' lang='lat' dir='ltr'><strong>olim</strong></span> <span class='ocrx_word' id='word_1_222' title='bbox 1731 798 1787 834; x_wconf 90' lang='lat' dir='ltr'><strong>di-</strong></span> 
     </span>
     <span class='ocr_line' id='line_1_52' title="bbox 1137 850 1786 902; baseline -0.005 -10"><span class='ocrx_word' id='word_1_223' title='bbox 1137 854 1283 892; x_wconf 88' lang='lat' dir='ltr'><strong>cebatur</strong></span> <span class='ocrx_word' id='word_1_224' title='bbox 1325 850 1448 902; x_wconf 77' lang='grc' dir='ltr'><em>ἅλως,</em></span> <span class='ocrx_word' id='word_1_225' title='bbox 1494 859 1663 892; x_wconf 86' lang='lat' dir='ltr'><strong>monente</strong></span> <span class='ocrx_word' id='word_1_226' title='bbox 1700 853 1786 890; x_wconf 83' lang='lat' dir='ltr'><strong>Val-</strong></span> 
     </span>
     <span class='ocr_line' id='line_1_53' title="bbox 1137 909 1784 960; baseline 0.006 -12"><span class='ocrx_word' id='word_1_227' title='bbox 1137 909 1239 948; x_wconf 87' lang='lat' dir='ltr'><strong>cken.</strong></span> <span class='ocrx_word' id='word_1_228' title='bbox 1261 923 1303 947; x_wconf 84' lang='lat' dir='ltr'><strong>ex</strong></span> <span class='ocrx_word' id='word_1_229' title='bbox 1321 910 1449 947; x_wconf 83' lang='lat' dir='ltr'><strong>Athen.</strong></span> <span class='ocrx_word' id='word_1_230' title='bbox 1466 911 1517 947; x_wconf 88' lang='lat' dir='ltr'><strong>Xl</strong></span> <span class='ocrx_word' id='word_1_231' title='bbox 1547 924 1583 960; x_wconf 87' lang='lat' dir='ltr'><strong>p.</strong></span> <span class='ocrx_word' id='word_1_232' title='bbox 1603 909 1708 957; x_wconf 84' lang='lat'><strong>467,</strong></span> <span class='ocrx_word' id='word_1_233' title='bbox 1729 909 1784 955; x_wconf 90' lang='lat' dir='ltr'><strong>F;</strong></span> 
     </span>
     <span class='ocr_line' id='line_1_54' title="bbox 1137 939 1785 1013; baseline 0.002 -12"><span class='ocrx_word' id='word_1_234' title='bbox 1137 966 1232 1002; x_wconf 90' lang='lat' dir='ltr'><strong>unde</strong></span> <span class='ocrx_word' id='word_1_235' title='bbox 1252 961 1458 1005; x_wconf 81' lang='grc' dir='ltr'><em>οἷποδινεῖν</em></span> <span class='ocrx_word' id='word_1_236' title='bbox 1471 967 1662 1004; x_wconf 86' lang='lat' dir='ltr'><strong>Herodoto</strong></span> <span class='ocrx_word' id='word_1_237' title='bbox 1675 939 1785 1013; x_wconf 80' lang='lat' dir='ltr'><strong>idem,</strong></span> 
     </span>
     <span class='ocr_line' id='line_1_55' title="bbox 1137 1017 1783 1072; baseline 0.003 -14"><span class='ocrx_word' id='word_1_238' title='bbox 1137 1023 1238 1071; x_wconf 89' lang='lat' dir='ltr'><strong>quod</strong></span> <span class='ocrx_word' id='word_1_239' title='bbox 1258 1022 1334 1059; x_wconf 77' lang='lat' dir='ltr'><strong>·1liis</strong></span> <span class='ocrx_word' id='word_1_240' title='bbox 1361 1018 1553 1061; x_wconf 78' lang='grc' dir='ltr'><em>α’παλοᾶν.</em></span> <span class='ocrx_word' id='word_1_241' title='bbox 1592 1022 1664 1059; x_wconf 93' lang='lat' dir='ltr'><strong>Pro</strong></span> <span class='ocrx_word' id='word_1_242' title='bbox 1687 1017 1783 1072; x_wconf 74' lang='grc' dir='ltr'><em>ἄμη-</em></span> 
     </span>
     <span class='ocr_line' id='line_1_56' title="bbox 1136 1064 1783 1128; baseline -0.006 -11"><span class='ocrx_word' id='word_1_243' title='bbox 1136 1075 1202 1117; x_wconf 86' lang='grc' dir='ltr'><strong>τόν</strong></span> <span class='ocrx_word' id='word_1_244' title='bbox 1224 1091 1301 1115; x_wconf 90' lang='lat' dir='ltr'><strong>cum</strong></span> <span class='ocrx_word' id='word_1_245' title='bbox 1320 1078 1484 1115; x_wconf 73' lang='lat' dir='ltr'><strong>Schwei&lt;</strong></span> <span class='ocrx_word' id='word_1_246' title='bbox 1461 1064 1519 1128; x_wconf 65' lang='lat' dir='ltr'><strong>gf»</strong></span> <span class='ocrx_word' id='word_1_247' title='bbox 1541 1083 1577 1117; x_wconf 84' lang='lat' dir='ltr'><strong>et</strong></span> <span class='ocrx_word' id='word_1_248' title='bbox 1599 1079 1783 1115; x_wconf 86' lang='lat' dir='ltr'><strong>Gaisford.</strong></span> 
     </span>
     <span class='ocr_line' id='line_1_57' title="bbox 1137 1131 1785 1185; baseline 0 -14"><span class='ocrx_word' id='word_1_249' title='bbox 1137 1135 1302 1185; x_wconf 86' lang='lat' dir='ltr'><strong>rescripsi</strong></span> <span class='ocrx_word' id='word_1_250' title='bbox 1325 1131 1498 1184; x_wconf 71' lang='grc' dir='ltr'><em>ἄμητον,</em></span> <span class='ocrx_word' id='word_1_251' title='bbox 1530 1148 1609 1172; x_wconf 89' lang='lat' dir='ltr'><strong>cum</strong></span> <span class='ocrx_word' id='word_1_252' title='bbox 1633 1147 1785 1171; x_wconf 89' lang='lat' dir='ltr'><strong>monen-</strong></span> 
     </span>
     <span class='ocr_line' id='line_1_58' title="bbox 1134 1187 1785 1241; baseline -0.002 -14"><span class='ocrx_word' id='word_1_253' title='bbox 1134 1191 1230 1227; x_wconf 89' lang='lat' dir='ltr'><strong>tibus</strong></span> <span class='ocrx_word' id='word_1_254' title='bbox 1268 1191 1517 1228; x_wconf 87' lang='lat' dir='ltr'><strong>Grammaticis</strong></span> <span class='ocrx_word' id='word_1_255' title='bbox 1551 1187 1701 1241; x_wconf 71' lang='grc' dir='ltr'><em>ἄμητον</em></span> <span class='ocrx_word' id='word_1_256' title='bbox 1738 1191 1785 1227; x_wconf 88' lang='lat' dir='ltr'><strong>sit</strong></span> 
     </span>
     <span class='ocr_line' id='line_1_59' title="bbox 1135 1242 1783 1297; baseline 0.002 -14"><span class='ocrx_word' id='word_1_257' title='bbox 1135 1247 1283 1284; x_wconf 68' lang='lat' dir='ltr'><strong>metenda·</strong></span> <span class='ocrx_word' id='word_1_258' title='bbox 1322 1251 1473 1297; x_wconf 78' lang='lat' dir='ltr'><strong>tempus,</strong></span> <span class='ocrx_word' id='word_1_259' title='bbox 1513 1242 1666 1297; x_wconf 79' lang='grc' dir='ltr'><em>α’μητόν</em></span> <span class='ocrx_word' id='word_1_260' title='bbox 1695 1246 1783 1297; x_wconf 78' lang='lat' dir='ltr'><strong>fru-</strong></span> 
     </span>
     <span class='ocr_line' id='line_1_60' title="bbox 1134 1303 1698 1353; baseline -0.002 -12"><span class='ocrx_word' id='word_1_261' title='bbox 1134 1316 1194 1353; x_wconf 82' lang='lat' dir='ltr'><strong>ges</strong></span> <span class='ocrx_word' id='word_1_262' title='bbox 1213 1304 1405 1349; x_wconf 80' lang='lat' dir='ltr'><strong>demessae;</strong></span> <span class='ocrx_word' id='word_1_263' title='bbox 1435 1305 1528 1341; x_wconf 89' lang='lat' dir='ltr'><strong>conf.</strong></span> <span class='ocrx_word' id='word_1_264' title='bbox 1553 1303 1615 1352; x_wconf 88' lang='lat' dir='ltr'><strong>lv,</strong></span> <span class='ocrx_word' id='word_1_265' title='bbox 1634 1304 1698 1344; x_wconf 83' lang='lat'><strong>18.</strong></span> 
     </span>
    </p>
   </div>
   <div class='ocr_carea' id='block_1_13' title="bbox 1338 1387 1586 1439">
    <p class='ocr_par' dir='ltr' id='par_1_13' title="bbox 1338 1387 1586 1439">
     <span class='ocr_line' id='line_1_61' title="bbox 1338 1387 1586 1439; baseline 0.004 -13"><span class='ocrx_word' id='word_1_266' title='bbox 1338 1388 1370 1426; x_wconf 89' lang='lat' dir='ltr'><strong>c</strong></span> <span class='ocrx_word' id='word_1_267' title='bbox 1388 1401 1409 1426; x_wconf 80' lang='lat' dir='ltr'><strong>a</strong></span> <span class='ocrx_word' id='word_1_268' title='bbox 1429 1402 1467 1439; x_wconf 86' lang='lat' dir='ltr'><strong>p.</strong></span> <span class='ocrx_word' id='word_1_269' title='bbox 1505 1387 1586 1427; x_wconf 86' lang='lat' dir='ltr'><strong>xv.</strong></span> 
     </span>
    </p>
   </div>
   <div class='ocr_carea' id='block_1_14' title="bbox 1125 1466 1780 2924">
    <p class='ocr_par' dir='ltr' id='par_1_14' title="bbox 1125 1466 1780 2924">
     <span class='ocr_line' id='line_1_62' title="bbox 1187 1466 1778 1523; baseline -0.005 -12"><span class='ocrx_word' id='word_1_270' title='bbox 1187 1471 1223 1511; x_wconf 82' lang='grc' dir='ltr'><strong>εἰ</strong></span> <span class='ocrx_word' id='word_1_271' title='bbox 1256 1466 1313 1510; x_wconf 72' lang='grc' dir='ltr'><strong>ὦν</strong></span> <span class='ocrx_word' id='word_1_272' title='bbox 1351 1467 1582 1523; x_wconf 80' lang='grc' dir='ltr'><em>βουλόμεθα</em></span> <span class='ocrx_word' id='word_1_273' title='bbox 1608 1485 1644 1509; x_wconf 84' lang='grc' dir='ltr'><strong>κ.</strong></span> <span class='ocrx_word' id='word_1_274' title='bbox 1669 1486 1700 1509; x_wconf 91' lang='grc' dir='ltr'><strong>τ.</strong></span> <span class='ocrx_word' id='word_1_275' title='bbox 1730 1469 1778 1520; x_wconf 54' lang='lat' dir='ltr'><strong>L]</strong></span> 
     </span>
     <span class='ocr_line' id='line_1_63' title="bbox 1131 1527 1780 1579; baseline -0.006 -12"><span class='ocrx_word' id='word_1_276' title='bbox 1131 1528 1377 1579; x_wconf 81' lang='grc' dir='ltr'><em>βουλοίμεθα</em></span> <span class='ocrx_word' id='word_1_277' title='bbox 1401 1527 1535 1564; x_wconf 83' lang='lat' dir='ltr'><strong>mavult</strong></span> <span class='ocrx_word' id='word_1_278' title='bbox 1560 1528 1780 1565; x_wconf 89' lang='lat' dir='ltr'><strong>Benedictus</strong></span> 
     </span>
     <span class='ocr_line' id='line_1_64' title="bbox 1131 1583 1779 1633; baseline -0.002 -12"><span class='ocrx_word' id='word_1_279' title='bbox 1131 1586 1167 1621; x_wconf 88' lang='lat' dir='ltr'><strong>in</strong></span> <span class='ocrx_word' id='word_1_280' title='bbox 1218 1584 1311 1621; x_wconf 91' lang='lat' dir='ltr'><strong>Actt.</strong></span> <span class='ocrx_word' id='word_1_281' title='bbox 1362 1584 1498 1621; x_wconf 87' lang='lat' dir='ltr'><strong>Semin.</strong></span> <span class='ocrx_word' id='word_1_282' title='bbox 1546 1583 1630 1633; x_wconf 88' lang='lat' dir='ltr'><strong>phil.</strong></span> <span class='ocrx_word' id='word_1_283' title='bbox 1676 1583 1779 1633; x_wconf 84' lang='lat' dir='ltr'><strong>Lips.</strong></span> 
     </span>
     <span class='ocr_line' id='line_1_65' title="bbox 1132 1640 1780 1691; baseline -0.003 -14"><span class='ocrx_word' id='word_1_284' title='bbox 1132 1640 1201 1677; x_wconf 84' lang='lat' dir='ltr'><strong>vol.</strong></span> <span class='ocrx_word' id='word_1_285' title='bbox 1233 1640 1262 1676; x_wconf 94' lang='lat' dir='ltr'><strong>ll</strong></span> <span class='ocrx_word' id='word_1_286' title='bbox 1299 1654 1336 1691; x_wconf 86' lang='lat' dir='ltr'><strong>p.</strong></span> <span class='ocrx_word' id='word_1_287' title='bbox 1364 1640 1395 1676; x_wconf 91' lang='lat' dir='ltr'><strong>ll</strong></span> <span class='ocrx_word' id='word_1_288' title='bbox 1425 1653 1510 1689; x_wconf 86' lang='lat' dir='ltr'><strong>pag.</strong></span> <span class='ocrx_word' id='word_1_289' title='bbox 1537 1642 1642 1686; x_wconf 83' lang='grc'><strong>286,</strong></span> <span class='ocrx_word' id='word_1_290' title='bbox 1681 1641 1780 1688; x_wconf 86' lang='lat' dir='ltr'><strong>quod</strong></span> 
     </span>
     <span class='ocr_line' id='line_1_66' title="bbox 1131 1696 1779 1744; baseline 0 -12"><span class='ocrx_word' id='word_1_291' title='bbox 1131 1696 1476 1744; x_wconf 74' lang='lat' dir='ltr'><strong>Schweighaeusero</strong></span> <span class='ocrx_word' id='word_1_292' title='bbox 1532 1696 1667 1733; x_wconf 89' lang='lat' dir='ltr'><strong>arridet</strong></span> <span class='ocrx_word' id='word_1_293' title='bbox 1732 1696 1779 1732; x_wconf 93' lang='lat' dir='ltr'><strong>ob</strong></span> 
     </span>
     <span class='ocr_line' id='line_1_67' title="bbox 1133 1747 1780 1800; baseline 0.002 -12"><span class='ocrx_word' id='word_1_294' title='bbox 1133 1752 1357 1800; x_wconf 87' lang='lat' dir='ltr'><strong>subsequens</strong></span> <span class='ocrx_word' id='word_1_295' title='bbox 1377 1747 1708 1800; x_wconf 65' lang='grc' dir='ltr'><em>ἀποδεικνύοιμεν</em></span> <span class='ocrx_word' id='word_1_296' title='bbox 1729 1747 1780 1789; x_wconf 69' lang='grc' dir='ltr'><strong>ἂν</strong></span> 
     </span>
     <span class='ocr_line' id='line_1_68' title="bbox 1134 1807 1780 1857; baseline 0.003 -15"><span class='ocrx_word' id='word_1_297' title='bbox 1134 1807 1281 1855; x_wconf 85' lang='lat' dir='ltr'><strong>(quibus</strong></span> <span class='ocrx_word' id='word_1_298' title='bbox 1304 1808 1422 1845; x_wconf 86' lang='lat' dir='ltr'><strong>verbis</strong></span> <span class='ocrx_word' id='word_1_299' title='bbox 1441 1808 1612 1856; x_wconf 89' lang='lat' dir='ltr'><strong>apodosis</strong></span> <span class='ocrx_word' id='word_1_300' title='bbox 1624 1807 1780 1857; x_wconf 88' lang='lat' dir='ltr'><strong>incipit),</strong></span> 
     </span>
     <span class='ocr_line' id='line_1_69' title="bbox 1134 1862 1780 1914; baseline 0 -14"><span class='ocrx_word' id='word_1_301' title='bbox 1134 1875 1201 1900; x_wconf 88' lang='lat' dir='ltr'><strong>nec</strong></span> <span class='ocrx_word' id='word_1_302' title='bbox 1222 1864 1324 1900; x_wconf 93' lang='lat' dir='ltr'><strong>nobis</strong></span> <span class='ocrx_word' id='word_1_303' title='bbox 1344 1862 1531 1914; x_wconf 88' lang='lat' dir='ltr'><strong>displicet,</strong></span> <span class='ocrx_word' id='word_1_304' title='bbox 1561 1876 1780 1912; x_wconf 90' lang='lat' dir='ltr'><strong>quamquam</strong></span> 
     </span>
     <span class='ocr_line' id='line_1_70' title="bbox 1131 1919 1778 1969; baseline 0.003 -14"><span class='ocrx_word' id='word_1_305' title='bbox 1131 1919 1230 1956; x_wconf 90' lang='lat' dir='ltr'><strong>libris</strong></span> <span class='ocrx_word' id='word_1_306' title='bbox 1285 1919 1498 1969; x_wconf 84' lang='lat' dir='ltr'><strong>praesertim</strong></span> <span class='ocrx_word' id='word_1_307' title='bbox 1553 1921 1778 1958; x_wconf 88' lang='lat' dir='ltr'><strong>obstantibus</strong></span> 
     </span>
     <span class='ocr_line' id='line_1_71' title="bbox 1131 1975 1778 2024; baseline 0.005 -13"><span class='ocrx_word' id='word_1_308' title='bbox 1131 1975 1229 2012; x_wconf 91' lang='lat' dir='ltr'><strong>haud</strong></span> <span class='ocrx_word' id='word_1_309' title='bbox 1247 1976 1488 2013; x_wconf 88' lang='lat' dir='ltr'><strong>necessarium</strong></span> <span class='ocrx_word' id='word_1_310' title='bbox 1506 1977 1668 2024; x_wconf 83' lang='lat' dir='ltr'><strong>videtur,</strong></span> <span class='ocrx_word' id='word_1_311' title='bbox 1699 1990 1778 2014; x_wconf 88' lang='lat' dir='ltr'><strong>cum</strong></span> 
     </span>
     <span class='ocr_line' id='line_1_72' title="bbox 1132 2031 1778 2081; baseline 0.003 -13"><span class='ocrx_word' id='word_1_312' title='bbox 1132 2031 1213 2081; x_wconf 89' lang='lat' dir='ltr'><strong>ipsa</strong></span> <span class='ocrx_word' id='word_1_313' title='bbox 1235 2036 1412 2069; x_wconf 88' lang='lat' dir='ltr'><strong>structura</strong></span> <span class='ocrx_word' id='word_1_314' title='bbox 1437 2032 1528 2070; x_wconf 88' lang='lat' dir='ltr'><strong>haec</strong></span> <span class='ocrx_word' id='word_1_315' title='bbox 1547 2045 1614 2069; x_wconf 92' lang='lat' dir='ltr'><strong>nec</strong></span> <span class='ocrx_word' id='word_1_316' title='bbox 1635 2032 1778 2070; x_wconf 89' lang='lat' dir='ltr'><strong>insolita</strong></span> 
     </span>
     <span class='ocr_line' id='line_1_73' title="bbox 1134 2088 1778 2125; baseline 0 0"><span class='ocrx_word' id='word_1_317' title='bbox 1134 2088 1180 2125; x_wconf 91' lang='lat' dir='ltr'><strong>sit</strong></span> <span class='ocrx_word' id='word_1_318' title='bbox 1190 2102 1257 2125; x_wconf 86' lang='lat' dir='ltr'><strong>nec</strong></span> <span class='ocrx_word' id='word_1_319' title='bbox 1275 2088 1391 2125; x_wconf 85' lang='lat' dir='ltr'><strong>aliena</strong></span> <span class='ocrx_word' id='word_1_320' title='bbox 1411 2089 1556 2125; x_wconf 89' lang='lat' dir='ltr'><strong>omnino</strong></span> <span class='ocrx_word' id='word_1_321' title='bbox 1577 2089 1621 2125; x_wconf 89' lang='lat' dir='ltr'><strong>ab</strong></span> <span class='ocrx_word' id='word_1_322' title='bbox 1643 2089 1711 2125; x_wconf 92' lang='lat' dir='ltr'><strong>hoc</strong></span> <span class='ocrx_word' id='word_1_323' title='bbox 1725 2089 1778 2125; x_wconf 94' lang='lat' dir='ltr'><strong>lo-</strong></span> 
     </span>
     <span class='ocr_line' id='line_1_74' title="bbox 1133 2144 1775 2193; baseline 0 -12"><span class='ocrx_word' id='word_1_324' title='bbox 1133 2156 1174 2181; x_wconf 81' lang='lat' dir='ltr'><strong>co</strong></span> <span class='ocrx_word' id='word_1_325' title='bbox 1199 2144 1312 2181; x_wconf 76' lang='lat' dir='ltr'><strong>videri</strong></span> <span class='ocrx_word' id='word_1_326' title='bbox 1340 2149 1460 2193; x_wconf 87' lang='lat' dir='ltr'><strong>queat.</strong></span> <span class='ocrx_word' id='word_1_327' title='bbox 1519 2144 1627 2181; x_wconf 86' lang='lat' dir='ltr'><strong>Conf.</strong></span> <span class='ocrx_word' id='word_1_328' title='bbox 1658 2145 1705 2181; x_wconf 89' lang='lat' dir='ltr'><strong>de</strong></span> <span class='ocrx_word' id='word_1_329' title='bbox 1732 2157 1775 2182; x_wconf 89' lang='lat' dir='ltr'><strong>ea</strong></span> 
     </span>
     <span class='ocr_line' id='line_1_75' title="bbox 1132 2199 1773 2250; baseline 0.002 -13"><span class='ocrx_word' id='word_1_330' title='bbox 1132 2199 1262 2237; x_wconf 89' lang='lat' dir='ltr'><strong>Matth.</strong></span> <span class='ocrx_word' id='word_1_331' title='bbox 1286 2201 1350 2236; x_wconf 93' lang='lat' dir='ltr'><strong>Gr.</strong></span> <span class='ocrx_word' id='word_1_332' title='bbox 1370 2200 1436 2236; x_wconf 85' lang='lat' dir='ltr'><strong>Gr.</strong></span> <span class='ocrx_word' id='word_1_333' title='bbox 1465 2212 1549 2250; x_wconf 86' lang='lat' dir='ltr'><strong>pag.</strong></span> <span class='ocrx_word' id='word_1_334' title='bbox 1573 2201 1678 2240; x_wconf 87' lang='lat'>1015</span> <span class='ocrx_word' id='word_1_335' title='bbox 1697 2214 1773 2249; x_wconf 88' lang='lat' dir='ltr'><strong>seq.</strong></span> 
     </span>
     <span class='ocr_line' id='line_1_76' title="bbox 1133 2255 1776 2304; baseline 0.002 -12"><span class='ocrx_word' id='word_1_336' title='bbox 1133 2255 1250 2304; x_wconf 84' lang='lat' dir='ltr'><strong>(‚‚Ac</strong></span> <span class='ocrx_word' id='word_1_337' title='bbox 1276 2256 1369 2293; x_wconf 91' lang='lat' dir='ltr'><strong>bene</strong></span> <span class='ocrx_word' id='word_1_338' title='bbox 1390 2255 1504 2292; x_wconf 91' lang='lat' dir='ltr'><strong>locum</strong></span> <span class='ocrx_word' id='word_1_339' title='bbox 1526 2262 1644 2293; x_wconf 88' lang='lat' dir='ltr'><strong>tuetur</strong></span> <span class='ocrx_word' id='word_1_340' title='bbox 1664 2256 1776 2293; x_wconf 88' lang='lat' dir='ltr'><strong>Stall-</strong></span> 
     </span>
     <span class='ocr_line' id='line_1_77' title="bbox 1132 2311 1773 2363; baseline 0.002 -14"><span class='ocrx_word' id='word_1_341' title='bbox 1132 2312 1293 2349; x_wconf 87' lang='lat' dir='ltr'><strong>baumius</strong></span> <span class='ocrx_word' id='word_1_342' title='bbox 1332 2312 1378 2348; x_wconf 88' lang='lat' dir='ltr'><strong>ad</strong></span> <span class='ocrx_word' id='word_1_343' title='bbox 1411 2311 1570 2348; x_wconf 87' lang='lat' dir='ltr'><strong>Platonis</strong></span> <span class='ocrx_word' id='word_1_344' title='bbox 1603 2313 1773 2363; x_wconf 89' lang='lat' dir='ltr'><strong>Sympos.</strong></span> 
     </span>
     <span class='ocr_line' id='line_1_78' title="bbox 1129 2368 1774 2418; baseline 0.005 -13"><span class='ocrx_word' id='word_1_345' title='bbox 1129 2380 1208 2418; x_wconf 84' lang='lat' dir='ltr'><strong>cap.</strong></span> <span class='ocrx_word' id='word_1_346' title='bbox 1229 2371 1281 2409; x_wconf 90' lang='grc'><strong>27</strong></span> <span class='ocrx_word' id='word_1_347' title='bbox 1301 2381 1337 2418; x_wconf 89' lang='lat' dir='ltr'><strong>p.</strong></span> <span class='ocrx_word' id='word_1_348' title='bbox 1357 2370 1435 2408; x_wconf 83' lang='lat'><strong>120</strong></span> <span class='ocrx_word' id='word_1_349' title='bbox 1452 2369 1488 2404; x_wconf 90' lang='lat' dir='ltr'><strong>in</strong></span> <span class='ocrx_word' id='word_1_350' title='bbox 1516 2368 1600 2405; x_wconf 87' lang='lat' dir='ltr'><strong>bibl.</strong></span> <span class='ocrx_word' id='word_1_351' title='bbox 1616 2368 1774 2407; x_wconf 78' lang='lat' dir='ltr'><strong>Graec.“</strong></span> 
     </span>
     <span class='ocr_line' id='line_1_79' title="bbox 1130 2423 1774 2475; baseline -0.003 -14"><span class='ocrx_word' id='word_1_352' title='bbox 1130 2423 1161 2461; x_wconf 88' lang='lat' dir='ltr'>C</span> <span class='ocrx_word' id='word_1_353' title='bbox 1167 2425 1216 2470; x_wconf 86' lang='lat' dir='ltr'><strong>r.)</strong></span> <span class='ocrx_word' id='word_1_354' title='bbox 1246 2424 1285 2460; x_wconf 95' lang='lat' dir='ltr'><strong>ln</strong></span> <span class='ocrx_word' id='word_1_355' title='bbox 1306 2424 1385 2474; x_wconf 88' lang='lat' dir='ltr'><strong>ipsa</strong></span> <span class='ocrx_word' id='word_1_356' title='bbox 1406 2424 1590 2472; x_wconf 88' lang='lat' dir='ltr'><strong>oratione,</strong></span> <span class='ocrx_word' id='word_1_357' title='bbox 1610 2437 1652 2461; x_wconf 88' lang='lat' dir='ltr'><strong>ac</strong></span> <span class='ocrx_word' id='word_1_358' title='bbox 1669 2438 1774 2475; x_wconf 74' lang='lat' dir='ltr'><strong>prae-</strong></span> 
     </span>
     <span class='ocr_line' id='line_1_80' title="bbox 1126 2480 1774 2530; baseline 0.005 -13"><span class='ocrx_word' id='word_1_359' title='bbox 1126 2480 1231 2530; x_wconf 89' lang='lat' dir='ltr'><strong>cipue</strong></span> <span class='ocrx_word' id='word_1_360' title='bbox 1258 2481 1294 2516; x_wconf 90' lang='lat' dir='ltr'><strong>in</strong></span> <span class='ocrx_word' id='word_1_361' title='bbox 1330 2480 1447 2517; x_wconf 90' lang='lat' dir='ltr'><strong>verbis</strong></span> <span class='ocrx_word' id='word_1_362' title='bbox 1474 2480 1697 2530; x_wconf 85' lang='lat' dir='ltr'><strong>interpositis</strong></span> <span class='ocrx_word' id='word_1_363' title='bbox 1726 2495 1774 2520; x_wconf 89' lang='lat' dir='ltr'><strong>ne</strong></span> 
     </span>
     <span class='ocr_line' id='line_1_81' title="bbox 1125 2535 1774 2584; baseline 0.006 -13"><span class='ocrx_word' id='word_1_364' title='bbox 1125 2536 1206 2584; x_wconf 88' lang='lat' dir='ltr'><strong>quis</strong></span> <span class='ocrx_word' id='word_1_365' title='bbox 1225 2535 1391 2583; x_wconf 87' lang='lat' dir='ltr'><strong>haereat,</strong></span> <span class='ocrx_word' id='word_1_366' title='bbox 1421 2536 1490 2573; x_wconf 91' lang='lat' dir='ltr'><strong>hoc</strong></span> <span class='ocrx_word' id='word_1_367' title='bbox 1515 2537 1687 2574; x_wconf 89' lang='lat' dir='ltr'><strong>monitum</strong></span> <span class='ocrx_word' id='word_1_368' title='bbox 1710 2551 1774 2575; x_wconf 83' lang='lat' dir='ltr'><strong>vo-</strong></span> 
     </span>
     <span class='ocr_line' id='line_1_82' title="bbox 1126 2592 1773 2645; baseline 0.008 -17"><span class='ocrx_word' id='word_1_369' title='bbox 1126 2592 1263 2639; x_wconf 87' lang='lat' dir='ltr'><strong>lumus,</strong></span> <span class='ocrx_word' id='word_1_370' title='bbox 1324 2592 1549 2642; x_wconf 87' lang='lat' dir='ltr'><strong>participium</strong></span> <span class='ocrx_word' id='word_1_371' title='bbox 1596 2592 1773 2645; x_wconf 82' lang='grc' dir='ltr'><em>λέγοντες</em></span> 
     </span>
     <span class='ocr_line' id='line_1_83' title="bbox 1130 2648 1773 2700; baseline 0.006 -17"><span class='ocrx_word' id='word_1_372' title='bbox 1130 2650 1311 2698; x_wconf 85' lang='lat' dir='ltr'><strong>pertinere</strong></span> <span class='ocrx_word' id='word_1_373' title='bbox 1330 2649 1378 2685; x_wconf 88' lang='lat' dir='ltr'><strong>ad</strong></span> <span class='ocrx_word' id='word_1_374' title='bbox 1396 2648 1438 2687; x_wconf 75' lang='grc' dir='ltr'><strong>οἵ</strong></span> <span class='ocrx_word' id='word_1_375' title='bbox 1447 2661 1544 2697; x_wconf 84' lang='grc' dir='ltr'><em>φασι</em></span> <span class='ocrx_word' id='word_1_376' title='bbox 1555 2649 1622 2696; x_wconf 90' lang='lat' dir='ltr'><strong>(sc.</strong></span> <span class='ocrx_word' id='word_1_377' title='bbox 1634 2650 1773 2700; x_wconf 87' lang='lat' dir='ltr'><strong>Iones),</strong></span> 
     </span>
     <span class='ocr_line' id='line_1_84' title="bbox 1131 2703 1773 2758; baseline 0.01 -17"><span class='ocrx_word' id='word_1_378' title='bbox 1131 2717 1197 2743; x_wconf 91' lang='lat' dir='ltr'><strong>nec</strong></span> <span class='ocrx_word' id='word_1_379' title='bbox 1214 2704 1286 2741; x_wconf 88' lang='lat' dir='ltr'><strong>alio</strong></span> <span class='ocrx_word' id='word_1_380' title='bbox 1307 2705 1533 2743; x_wconf 87' lang='lat' dir='ltr'><strong>referendum</strong></span> <span class='ocrx_word' id='word_1_381' title='bbox 1551 2719 1632 2744; x_wconf 87' lang='lat' dir='ltr'><strong>esse</strong></span> <span class='ocrx_word' id='word_1_382' title='bbox 1642 2703 1773 2758; x_wconf 77' lang='grc' dir='ltr'><em>λεγόν-</em></span> 
     </span>
     <span class='ocr_line' id='line_1_85' title="bbox 1130 2752 1771 2813; baseline 0.002 -15"><span class='ocrx_word' id='word_1_383' title='bbox 1130 2775 1227 2808; x_wconf 84' lang='grc' dir='ltr'><em>των,</em></span> <span class='ocrx_word' id='word_1_384' title='bbox 1250 2752 1337 2798; x_wconf 87' lang='lat' dir='ltr'><strong>ubi</strong></span> <span class='ocrx_word' id='word_1_385' title='bbox 1329 2773 1364 2796; x_wconf 83' lang='lat' dir='ltr'><strong>in</strong></span> <span class='ocrx_word' id='word_1_386' title='bbox 1380 2761 1578 2798; x_wconf 88' lang='lat' dir='ltr'><strong>absolutam</strong></span> <span class='ocrx_word' id='word_1_387' title='bbox 1596 2763 1771 2813; x_wconf 83' lang='lat' dir='ltr'><strong>participii</strong></span> 
     </span>
     <span class='ocr_line' id='line_1_86' title="bbox 1128 2817 1770 2856; baseline 0.002 -3"><span class='ocrx_word' id='word_1_388' title='bbox 1128 2821 1341 2854; x_wconf 86' lang='lat' dir='ltr'><strong>structuram</strong></span> <span class='ocrx_word' id='word_1_389' title='bbox 1373 2817 1490 2855; x_wconf 89' lang='lat' dir='ltr'><strong>subito</strong></span> <span class='ocrx_word' id='word_1_390' title='bbox 1522 2818 1679 2856; x_wconf 85' lang='lat' dir='ltr'><strong>deflectit</strong></span> <span class='ocrx_word' id='word_1_391' title='bbox 1707 2831 1770 2855; x_wconf 90' lang='lat' dir='ltr'><strong>au-</strong></span> 
     </span>
     <span class='ocr_line' id='line_1_87' title="bbox 1129 2871 1769 2924; baseline 0.003 -15"><span class='ocrx_word' id='word_1_392' title='bbox 1129 2878 1224 2920; x_wconf 86' lang='lat' dir='ltr'><strong>ctor,</strong></span> <span class='ocrx_word' id='word_1_393' title='bbox 1253 2871 1365 2924; x_wconf 89' lang='lat' dir='ltr'><strong>priori</strong></span> <span class='ocrx_word' id='word_1_394' title='bbox 1383 2873 1555 2910; x_wconf 84' lang='lat' dir='ltr'><strong>orationis</strong></span> <span class='ocrx_word' id='word_1_395' title='bbox 1581 2878 1769 2921; x_wconf 81' lang='lat' dir='ltr'><strong>structura,</strong></span> 
     </span>
    </p>
   </div>
  </div>
 </body>
</html>
