1909 3228
435 236 519 278 644
827 227 1297 269 HERODoTl

437 359 482 387 τε
514 339 661 396 Θήβας
689 339 761 382 καὶ
799 337 879 393 τήν
921 338 1109 391 Μοίριος
1149 337 1304 392 λίμνην
1341 335 1578 386 οἰκέοντες,
1623 334 1697 377 καὶ

410 421 581 475 Ξκάρτα
609 418 791 474 ἥγηνται
821 415 981 467 αὐτοὺς
1022 413 1133 459 εἶναι
1164 413 1296 469 ἷρούς.
1355 414 1401 457 ἐκ
1437 412 1611 456 πάντων
1650 411 1696 456 δὲ

439 500 517 544 ἕνα
555 496 752 552 ἑκάτεροι
788 495 1002 553 τρέφουσι
1038 493 1348 550 κροκόδειλον,
1389 491 1696 548 δεδιδαγμένον

385 752 453 790 pro
471 738 576 787 signo
597 736 766 788 ποτίμου
777 733 923 782 ὕδατος
941 735 1036 783 (Eu-

387 796 462 833 seb.
481 795 523 832 P.
546 794 590 831 E.
609 794 682 841 Ill,
712 795 775 834 11.
813 792 927 829 Clcm.
951 791 1036 828 Ale-

386 852 512 890 xandr.
523 852 658 888 Strom.
670 850 702 887 V
722 863 758 900 p.
772 851 854 891 632
867 848 946 886 coll.
961 848 1037 885 Lu-

387 908 478 946 cian.
511 906 563 944 111
589 920 626 958 p.
654 908 720 948 78.
741 906 823 947 425
851 906 909 942 ed.
933 904 1037 954 Bip.)

386 964 484 1002 Hinc
501 963 563 1013 qui
582 976 698 1014 nuper
718 963 755 998 in
775 962 1038 1011 Aegyptiarum

386 1034 506 1059 rerum
524 1019 684 1057 indolem
703 1019 966 1067 inquisiverunt
986 1017 1039 1052 vi-

388 1078 418 1115 ri
437 1077 556 1124 docti,
593 1076 639 1113 ab
667 1088 790 1113 earum
819 1074 959 1111 urbium
985 1073 1041 1109 in-

389 1133 476 1171 colis
503 1131 722 1170 crocodilum
748 1130 942 1181 praecipue
967 1128 1041 1166 cul-

389 1194 466 1228 tum
481 1190 591 1226 fuisse
610 1188 852 1239 suspicantur,
881 1186 942 1234 qui
962 1185 1042 1221 lon-

390 1247 492 1295 giore
528 1245 714 1294 aliquanto
748 1242 935 1281 intervallo
977 1242 1043 1278 abs

390 1303 465 1341 Nili
482 1301 560 1352 ripa
577 1302 766 1348 distarent,
785 1299 961 1338 eiusmodi
978 1297 1045 1334 ho-

390 1359 545 1398 minibus
585 1356 786 1395 crocodilos
822 1357 1043 1393 adnatantes

391 1413 629 1466 praenuntios
651 1414 763 1450 fuisse
783 1413 963 1449 undarum
985 1424 1044 1447 sa-

391 1471 566 1518 lubrium,
596 1469 726 1518 quibus
752 1473 789 1506 et
809 1469 902 1505 sitim
932 1466 1046 1517 pelle-

393 1532 487 1574 rent,
518 1530 554 1564 et
571 1537 658 1562 arva
672 1525 873 1573 irrigarent.
895 1523 935 1560 In
948 1523 1045 1559 hisce

394 1583 596 1621 hominibus
618 1581 822 1618 censendos
851 1593 931 1617 esse
954 1582 1045 1628 puto

395 1639 563 1677 Ombitas
582 1637 777 1687 superioris
794 1635 964 1686 Aegypti,
986 1634 1047 1683 qui

395 1696 474 1734 eius
492 1694 759 1744 superstitionis
783 1693 891 1730 etiam
908 1703 1046 1741 poenas

396 1751 495 1789 luere
520 1754 688 1788 tenentur
707 1750 955 1786 Romanorum
977 1748 1046 1782 Sa-

397 1808 490 1845 tirae
519 1804 704 1853 (luvenal.
729 1805 838 1841 Satir.
867 1803 954 1850 XV,
992 1804 1045 1842 28

397 1876 501 1913 seqq.
518 1863 642 1911 ibique
666 1861 823 1911 Ruperti
849 1859 926 1896 coll.
949 1858 1047 1895 Cha-

399 1919 487 1957 brol.
502 1923 542 1957 et
571 1918 726 1955 lomard.
750 1918 787 1954 in
808 1916 976 1965 descript.
1000 1915 1048 1952 de

398 1975 421 2013 l'
431 1976 501 2025 Eg.
517 1975 532 2012 I
553 1987 609 2024 cp.
628 1976 654 2015 4
672 1987 707 2024 p.
728 1975 753 2014 8
771 1985 872 2021 seqq.
886 1971 1047 2020 antiqq.)

398 2030 452 2070 Ac
471 2032 616 2069 fuerunt
640 2043 706 2081 per
730 2029 939 2079 Aegyptum
969 2027 1049 2077 plu-

400 2101 458 2126 res
478 2087 600 2134 urbes,
610 2087 740 2136 quibus
754 2099 775 2123 a
786 2084 971 2122 crocodilis
984 2096 1051 2119 no·

400 2157 483 2182 men
500 2148 610 2182 esset.
639 2143 796 2180 Primam
818 2142 855 2178 in
871 2140 1051 2188 Labyrin-

401 2201 465 2238 tho
493 2199 735 2238 describendo
766 2201 944 2235 memorat
971 2195 1052 2233 No-

401 2260 477 2295 ster
495 2255 561 2304 (11,
581 2255 660 2296 148
679 2255 742 2291 ubi
758 2255 830 2291 vid.
850 2252 984 2291 Nutriti
1002 2252 1052 2289 ibi

401 2312 543 2365 publice
579 2313 615 2348 in
652 2311 801 2348 lacubus
842 2309 1050 2356 crocodili).

404 2369 574 2407 Secunda
603 2367 673 2405 sita
707 2371 785 2404 erat
816 2366 854 2403 in
883 2366 1052 2415 Aegypto

403 2425 522 2464 media
549 2423 730 2474 (Atripe),
750 2424 855 2461 tertia
881 2422 917 2458 in
947 2434 1053 2471 supe-

402 2482 511 2528 riore,
533 2482 608 2518 sive
619 2480 808 2518 Thebaide
823 2478 1053 2528 (Tuplaeuz'm).

405 2537 528 2586 Atque
546 2538 582 2574 in
606 2537 710 2574 huius
736 2536 833 2572 urbis
864 2534 1053 2572 ruderibus

407 2606 447 2631 se
466 2593 644 2643 reperisse
673 2593 783 2630 refert
808 2593 953 2629 Costaz.
980 2591 1053 2627 duo

406 2649 604 2686 crocodilos
627 2649 664 2686 in
693 2648 815 2698 lapide
845 2647 1053 2697 insculptos,

408 2717 559 2753 quorum
578 2705 668 2742 alter
688 2705 807 2754 capite
824 2703 972 2741 falconis
1000 2703 1055 2739 in-

410 2760 525 2808 signis
551 2766 648 2799 esset
675 2761 820 2808 (deser.
843 2761 890 2798 de
914 2759 1010 2808 l'Eg.
1037 2759 1053 2796 I

409 2827 488 2864 cap.
507 2816 532 2854 8
551 2829 635 2865 pag.
655 2819 704 2857 17
731 2817 910 2865 antiqq.);
952 2816 1053 2864 quod

411 2869 611 2920 symbolum
628 2872 677 2908 ad
697 2871 794 2922 ipsas
818 2872 883 2908 has
908 2871 1053 2920 religio-

1103 748 1168 772 nes
1186 740 1352 787 spectare
1372 746 1478 771 nemo
1491 732 1661 781 ambiget.
1691 730 1758 768 At-

1105 806 1177 842 que
1197 797 1234 829 ut
1253 793 1288 828 in
1310 791 1504 828 Thebaicis
1516 788 1659 839 templis
1673 801 1758 839 spe-

1105 849 1265 898 laeisque
1293 849 1572 896 frequentantur
1596 845 1760 882 crocodi-

1104 905 1217 942 lorum
1237 906 1429 953 imagines:
1456 905 1506 940 sic
1523 902 1678 939 dubitari
1695 914 1759 939 ne-

1107 963 1185 1011 quit
1206 975 1285 998 eam
1313 974 1388 998 rem
1409 973 1474 1010 per
1500 960 1615 995 varias
1636 958 1760 1007 Acgy-

1106 1019 1159 1068 pti
1195 1018 1326 1053 veteris
1357 1016 1556 1066 provincias
1587 1015 1759 1052 latissime

1106 1075 1288 1125 patuisse,
1320 1075 1369 1109 ita
1387 1077 1508 1109 tamen
1522 1102 1532 1119 ‚
1563 1076 1602 1108 ut
1621 1072 1666 1108 ab
1691 1072 1759 1108 ini-

1107 1132 1158 1168 tio
1183 1129 1434 1167 tantummodo
1466 1127 1588 1165 localis
1626 1128 1655 1164 is
1688 1126 1764 1163 cul-

1111 1192 1171 1224 tus
1192 1186 1331 1223 belluae
1354 1189 1449 1223 esset
1473 1189 1582 1233 atque
1607 1184 1764 1221 fortasse

1111 1243 1267 1281 solorum
1295 1243 1526 1292 piscatorum.
1585 1239 1765 1277 Paulatim

1111 1305 1234 1337 tamen
1252 1299 1362 1336 etiam
1383 1298 1471 1335 haec
1487 1310 1546 1334 res
1564 1310 1643 1334 cum
1666 1309 1766 1334 com-

1110 1357 1280 1394 munibus
1305 1355 1408 1392 Isidis
1431 1358 1466 1391 et
1483 1353 1636 1390 Osiridis
1654 1353 1764 1390 sacris

1111 1412 1383 1462 quodammodo
1404 1408 1581 1447 coaluisse
1610 1409 1765 1447 videtur.

1112 1468 1162 1506 ,Ni
1187 1468 1311 1514 fallor,
1348 1470 1563 1515 argumento
1597 1469 1653 1502 est
1685 1466 1765 1515 ipse

1112 1524 1238 1561 Nostri
1262 1524 1360 1559 locus
1385 1523 1478 1559 alter
1500 1521 1548 1568 Il,
1575 1523 1673 1566 1483
1703 1521 1765 1558 ubi

1112 1581 1147 1617 in
1168 1581 1244 1629 ipso
1262 1579 1486 1627 Labyrintho
1508 1577 1612 1614 loculi
1629 1590 1767 1615 memo-

1112 1642 1236 1673 rantur
1255 1637 1362 1685 positi
1392 1646 1572 1671 sacrorum
1603 1635 1767 1671 crocodi-

1112 1692 1237 1728 lorum.
1281 1691 1519 1729 Lueulentior
1549 1691 1654 1728 etiam
1682 1703 1768 1727 nar-

1112 1749 1204 1785 ratio
1226 1747 1404 1784 Plutarchi
1432 1748 1478 1783 de
1506 1747 1588 1783 Isid.
1618 1753 1654 1784 et
1683 1748 1768 1784 Osi-

1113 1805 1178 1840 rid.
1222 1817 1305 1853 pag.
1347 1804 1429 1844 358
1474 1816 1503 1840 5.
1542 1802 1624 1843 467
1661 1802 1770 1852 Wyt-

1113 1861 1240 1898 tenb.“
1259 1881 1314 1887 —

1173 1913 1453 1967 δεδιδαγμένον
1483 1910 1584 1954 εἶναι
1611 1909 1769 1965 χειροή-

1115 1970 1208 2023 θεα]
1242 1973 1351 2016 Quod
1371 1973 1444 2009 duo
1465 1972 1548 2008 olim
1568 1975 1772 2009 statuerunt

1117 2029 1377 2067 crocodilorum
1396 2029 1633 2065 Niloticormn
1657 2041 1771 2076 gene-

1116 2099 1177 2132 ra,
1217 2085 1369 2123 alterum
1392 2085 1509 2121 mitius
1539 2089 1574 2122 et
1603 2097 1772 2122 mansue-

1117 2143 1213 2189 tius,
1243 2142 1342 2190 quod
1361 2141 1464 2178 facile
1484 2140 1623 2177 domari
1651 2140 1771 2190 possit

1119 2197 1284 2244 (Zuclws
1304 2211 1331 2234 s.
1348 2197 1483 2233 Suchos
1502 2201 1650 2240 vocant3
1674 2197 1771 2233 conf.

1119 2255 1242 2290 Strab.
1277 2253 1379 2289 xvll
1414 2265 1498 2303 pag.
1544 2254 1649 2293 1165
1684 2253 1772 2301 ibiq.

1120 2309 1322 2348 Tzschuck.
1343 2322 1426 2359 pag.
1450 2308 1579 2355 580),
1618 2308 1772 2346 alterum

1119 2367 1229 2404 serius
1264 2370 1373 2414 atque
1410 2365 1586 2403 crudelius
1621 2377 1773 2414 eamque

1121 2423 1168 2459 ob
1185 2434 1329 2459 causam
1347 2421 1518 2471 Typhoni
1536 2434 1686 2468 sacrum,
1704 2421 1773 2458 hoc

1120 2478 1250 2516 salsum
1279 2491 1360 2515 esse
1389 2478 1556 2527 probavit
1575 2478 1714 2515 Cuvier.
1735 2478 1773 2514 in

1121 2533 1263 2572 Annali.
1285 2535 1335 2571 du
1358 2534 1453 2571 Mus.
1483 2535 1517 2571 d’
1529 2534 1613 2570 hist.
1641 2538 1715 2570 nat.
1739 2532 1774 2570 X

1122 2604 1156 2640 p.
1179 2592 1233 2631 43
1259 2604 1361 2639 seqq.
1409 2590 1505 2627 Add.
1533 2589 1773 2627 Tiedemann.

1123 2647 1145 2683 l.
1175 2646 1198 2683 l.
1223 2660 1306 2695 pag.
1338 2650 1392 2688 72
1433 2652 1468 2684 et
1502 2646 1671 2683 Minutoli
1703 2645 1724 2682 l.
1751 2645 1774 2683 l.

1122 2717 1157 2753 p.
1188 2705 1265 2743 164
1277 2731 1288 2749 ‚
1320 2703 1383 2739 ubi
1402 2707 1568 2740 narratur
1586 2703 1633 2739 de
1650 2714 1775 2738 croco-

1123 2759 1196 2795 dilo
1216 2764 1289 2796 tam
1309 2759 1438 2804 cicure‚
1459 2764 1497 2795 ut
1513 2764 1664 2806 tangere
1677 2757 1774 2794 illum

1121 2828 1323 2863 manusque
1344 2815 1507 2852 eiusdem
1523 2814 1684 2851 faucibus
1696 2814 1772 2849 sine

1120 2871 1189 2908 ullo
1207 2870 1366 2921 periculo
1386 2872 1579 2909 admovere
1597 2869 1744 2906 licuerit.
