1909 3228
469 243 553 283 474

740 240 1152 279 HERODOTI
1211 242 1464 281 CL10.1.

469 349 753 400 συνελθόντες
791 348 955 393 θύουσί
993 365 1090 404 μιν,
1147 349 1222 392 καὶ
1259 349 1366 393 ἄλλα
1407 351 1603 409 πρόβατα
1634 354 1723 409 ἅμα

469 428 606 488 αὐτῷ·
642 428 876 484 ἑψήσαντες
906 428 951 471 δὲ
981 429 1032 471 τὰ
1061 427 1186 482 κρέα,
1218 431 1568 486 κατευωχέονται.
1622 436 1720 476 ταῦ-

438 512 524 551 4τα
551 508 629 563 μὲν
658 506 710 550 τοὶ
741 506 983 563 ὀλβιώτατά
1017 519 1095 562 σφι
1125 507 1386 563 νενόμισται.
1435 510 1511 553 τὸν
1540 512 1585 554 δὲ
1614 510 1716 555 νού-
1765 515 1842 554 102

467 599 528 643 σῳ
558 585 869 642 τελευτήσαντα
909 586 964 630 οὐ
1003 586 1348 638 κατασιτέονται,
1401 586 1507 631 ἀλλὰ
1535 593 1590 645 γῇ
1620 589 1749 644 κού-2

464 676 644 718 πτουσι,
676 665 909 722 συμφορὴν
938 665 1213 722 ποιεύμενοι,
1243 666 1309 710 ὅτι
1341 664 1423 710 οὐκ
1454 669 1567 711 ἵκετο
1599 668 1643 719 ἐς
1672 668 1721 711 τὸ

435 749 668 801 5τυθῆναι.
727 747 970 799 Σπείρουσι
1008 746 1054 788 δὲ
1092 744 1241 798 οὐδὲν,
1290 745 1385 789 ἀλλ’
1418 746 1502 791 ἀπὸ
1531 747 1722 803 κτηνέων

463 821 622 875 ζώουσι
652 824 723 867 καὶ
750 822 941 880 ἰχθύων·

1001 826 1044 868 οἱ
1083 825 1154 877 δὲ,
1196 824 1393 882 ἄφθονοί
1434 838 1514 882 σφι
1552 826 1598 869 ἐκ
1639 829 1721 869 τοῦ

457 899 640 955 Ἀράξεω
677 908 878 960 ποταμοῦ
917 906 1254 960 παραγίνονται·
1311 904 1632 962 γαλακτοπόται
1669 905 1748 948 δὲ5

433 989 454 1022 6
465 982 558 1025 εἶσί.

620 986 742 1025 Θεῶν
772 982 816 1026 δὲ
847 987 1018 1039 μοῦνον
1047 983 1172 1040 ’ἥλιον
1201 985 1427 1042 σέβονται,
1466 988 1527 1042 τῷ
1555 984 1719 1029 θύουσι

462 1062 635 1112 ἵππους.
678 1060 812 1117 νόμος
841 1062 887 1106 δὲ
917 1057 1045 1114 οὗτος
1075 1067 1150 1120 τῆς
1177 1066 1356 1121 θυσίης·
1393 1068 1482 1108 τῶν
1512 1067 1630 1107 θεῶν
1657 1067 1719 1120 τῷ

460 1141 643 1198 ταχίστῳ
660 1173 670 1190 ,
710 1140 886 1186 πάντων
916 1147 1004 1186 τῶν
1032 1147 1211 1200 θνητῶν
1238 1143 1286 1189 τὰ
1315 1141 1518 1200 τάχιστον
1548 1141 1719 1187 δατέον-

459 1236 542 1263 ται.

402 1394 550 1432 aliarum
577 1396 738 1444 gentium
765 1408 884 1434 mores
915 1401 1056 1434 exstant

401 1450 525 1501 plures
551 1456 702 1489 notante
720 1451 901 1490 Larchero
920 1455 967 1490 ad
985 1454 1018 1490 h.
1031 1454 1054 1490 l.

403 1507 477 1550 Qui
522 1508 674 1557 primum
731 1509 1053 1558 Hyperboreormn

400 1563 563 1600 meminit
584 1577 627 1601 ex
647 1564 834 1601 Hellanico
856 1566 953 1615 apud
965 1566 1051 1604 Cle-

400 1624 510 1657 ment.
551 1619 784 1657 Alexandrin.
823 1622 995 1659 stromat.
1036 1623 1051 1660 I

399 1689 437 1726 p.
461 1675 542 1717 359
566 1690 593 1712 s.
622 1677 683 1713 fin.
714 1682 750 1714 et
778 1690 814 1727 p.
841 1680 945 1725 360,
976 1684 1051 1715 turn

401 1731 545 1769 Timaei
562 1733 609 1769 de
631 1733 822 1770 Sardiniae
842 1734 979 1771 insulae
997 1736 1052 1770 in-

399 1787 488 1826 colis
510 1788 606 1826 idem
631 1790 708 1827 sere
734 1791 900 1826 testantis
932 1790 1053 1840 (apud

400 1843 437 1882 T
439 1847 530 1881 zetz.
548 1844 596 1880 ad
613 1843 845 1895 Lycophron.
857 1845 1052 1883 Alexandr.

399 1913 450 1937 vs.
474 1901 588 1949 796).
647 1901 705 1938 De
727 1902 811 1938 Ceis
833 1903 1051 1951 quibusdam

397 1955 502 2007 paria
530 1962 680 1994 narrant
696 1957 872 2008 Stephan.
896 1959 1049 2007 Byzant.

399 2027 427 2050 s.
440 2025 472 2050 v.
493 2007 629 2059 Ἰουλὶς
649 2017 684 2051 et
696 2014 828 2051 Strabo
850 2015 885 2052 X
905 2028 940 2065 p.
955 2014 1050 2063 745,

396 2067 441 2106 A.
487 2068 567 2107 Nec
595 2069 649 2106 his
677 2075 886 2119 contentus,
925 2084 1050 2108 recen-

396 2125 500 2162 tioris
540 2127 633 2164 adeo
671 2127 799 2164 aetatis
846 2127 1050 2177 exemplum

396 2183 538 2233 profert
558 2181 774 2220 Larcherus.
806 2183 935 2221 Incolis
954 2184 1050 2220 enim

395 2238 501 2287 regni
547 2238 690 2276 Aracan
736 2241 893 2278 eundem
938 2241 1051 2278 ferme

395 2307 534 2332 morem
564 2295 600 2331 in
632 2309 698 2331 usu
729 2310 810 2334 esse
837 2297 986 2334 tradunt
1013 2297 1049 2333 in

395 2349 492 2388 Hist.
515 2355 632 2388 natur.
647 2356 682 2389 et
694 2352 783 2390 civil.
804 2354 852 2390 du
877 2365 1049 2400 royaume

396 2407 443 2444 de
471 2407 571 2444 Siam
607 2412 633 2444 t.
651 2407 684 2445 11
716 2422 752 2459 p.
772 2410 866 2450 371.
926 2407 978 2445 Ut
1001 2409 1048 2445 ad

394 2460 625 2501 Herodotum
654 2465 821 2513 redeam,
859 2465 946 2502 scite
968 2478 1048 2501 cum

395 2517 487 2556 illius
508 2519 575 2557 hac
606 2521 653 2557 de
672 2520 894 2570 Massagetis
922 2533 1048 2557 narra-

395 2575 494 2612 tione
515 2575 663 2613 contulit
681 2577 902 2627 WVesseling.
920 2579 1047 2626 fragm.

396 2629 594 2680 Pythagor.
615 2645 700 2682 pag.
726 2636 809 2675 713
829 2635 886 2672 ed.
902 2633 983 2669 Gal.
1005 2646 1047 2670 ac

397 2686 444 2723 de
462 2687 542 2736 ipso
561 2702 662 2726 more
682 2690 768 2727 citat
796 2690 822 2727 1.
839 2689 883 2727 A.
903 2689 1046 2727 Fabric.

1124 1399 1173 1435 ad
1203 1398 1303 1435 Sext.
1342 1397 1551 1447 philosoph.
1583 1397 1773 1448 Hypotyp.

1123 1454 1192 1501 ΙΙΙ,
1213 1455 1267 1495 24
1291 1467 1376 1503 pag.
1402 1456 1492 1495 179.

1179 1513 1231 1563 γῇ
1253 1506 1495 1561 κρύπτουσι]
1526 1509 1566 1545 In
1597 1508 1664 1544 hoc
1693 1508 1772 1557 ipso

1121 1567 1277 1613 Strabo,
1318 1566 1406 1603 alius
1449 1566 1575 1603 Nostri
1621 1564 1774 1612 vestigia

1119 1636 1288 1673 premens
1304 1652 1314 1668 ,
1372 1622 1534 1659 nonnihil
1586 1621 1773 1658 discedere

1121 1680 1262 1716 videtur
1279 1678 1328 1714 >41
1348 1693 1384 1728 p.
1408 1680 1486 1719 781
1501 1707 1511 1726 ,
1538 1678 1580 1715 A.
1598 1698 1655 1705 —
1680 1688 1773 1726 συμ-

1121 1732 1228 1784 φορή
1249 1736 1284 1770 in
1308 1748 1410 1783 seqq.
1437 1748 1508 1782 quo
1532 1735 1642 1770 modo
1669 1733 1771 1770 intel-

1121 1790 1330 1838 ligendum,
1369 1791 1551 1827 docebunt
1592 1789 1650 1827 alii
1682 1788 1773 1835 loci,

1120 1851 1160 1883 ut
1184 1846 1219 1893 l,
1241 1846 1310 1887 35.
1336 1845 1391 1886 42
1413 1850 1480 1883 etc.

1177 1905 1232 1956 τῷ
1261 1897 1414 1941 θύουσι
1442 1900 1613 1952 ἵππους]
1663 1899 1772 1952 Apud

1119 1958 1253 1997 Persas
1275 1971 1421 2008 quoque
1445 1972 1562 2008 equos
1585 1957 1663 1994 Soli
1689 1970 1773 1994 con-

1122 2020 1281 2053 secratos
1303 2020 1339 2053 et
1357 2019 1533 2052 mactatos
1563 2015 1696 2052 docent
1712 2027 1774 2051 ve-

1118 2076 1237 2119 teres,
1268 2076 1307 2108 ut
1324 2071 1446 2108 monui
1469 2072 1516 2108 ad
1533 2071 1572 2119 Ι,
1598 2072 1687 2112 189.
1717 2092 1772 2098 -—

1120 2129 1160 2165 In
1183 2141 1284 2177 seqq.
1311 2124 1356 2166 το“
1374 2124 1530 2177 θνητόν
1551 2127 1696 2163 omnino
1717 2130 1772 2163 est

1118 2184 1250 2221 animal
1289 2183 1459 2234 quoclvz's;
1514 2195 1626 2232 quare
1679 2182 1772 2220 bene

1117 2240 1327 2277 Eustathius
1362 2240 1408 2276 ad
1434 2239 1534 2275 lliad.
1564 2251 1648 2288 pag.
1676 2239 1770 2285 257,

1121 2298 1171 2337 15
1196 2297 1253 2333 ed.
1278 2295 1387 2332 Basil.
1410 2295 1558 2345 exponit
1581 2291 1622 2333 τὸ
1639 2294 1680 2334 ἐν
1701 2290 1771 2341 ζεό-

1118 2367 1178 2398 οις
1225 2348 1416 2401 τάχιστον.
1457 2373 1513 2379 --
1560 2349 1771 2390 δατὲεσθαι

1117 2409 1319 2457 Schweigh.
1339 2409 1375 2445 in
1404 2407 1493 2445 Lex.
1513 2407 1692 2446 Herodot.
1716 2408 1771 2444 in-

1115 2470 1354 2515 terpretatur:
1384 2465 1542 2500 tribuere.

1172 2517 1294 2572 νόμος
1314 2518 1355 2559 δὲ
1382 2515 1497 2566 οὗτος
1519 2522 1590 2571 τῆς
1606 2518 1770 2570 θυσίης]

1115 2576 1304 2615 Pertinent
1343 2578 1432 2614 haec
1471 2577 1518 2613 ad
1568 2577 1770 2625 sequentia,

1115 2638 1213 2671 recte
1232 2639 1404 2671 monente
1426 2633 1593 2670 Wersero
1615 2633 1651 2668 in
1673 2632 1766 2670 Actt.

1114 2689 1217 2740 phill.
1242 2689 1406 2726 Monacc.
1426 2690 1443 2726 l
1463 2702 1549 2740 pag.
1571 2691 1636 2731 99.

706 2831 1025 2879 ἽΣΤΟΡΙῼΝ
1051 2831 1388 2878 ἩΡΟΛΟΤΟΤ
1412 2836 1462 2874 Α.
