1909 3228
443 175 529 214 826

838 176 1308 216 HERODOTI

443 284 496 326 τὰ
524 283 604 340 μὲν
623 316 635 336 ,
683 282 878 338 ὑπόγαια
898 316 909 335 ,
955 285 1008 328 τὰ
1046 285 1090 328 δὲ
1115 317 1126 337 ,
1166 286 1356 341 μετέωρα
1388 288 1449 331 ἐπ’
1478 289 1699 340 ἐκείνοισι,

441 364 652 418 τρισχίλια
683 360 896 418 ἀριθμὸν,
947 367 1245 409 πεντακοσίων
1278 367 1350 409 καὶ
1378 370 1526 422 χιλίων
1555 369 1698 412 ἑκάτε-

441 459 511 496 ρα.
540 440 592 483 τοὶ
622 440 702 495 μέν
729 457 815 484 νυν
854 442 1046 497 μετέωρα
1088 448 1172 487 τῶν
1213 444 1460 502 οἰκημάτων
1497 444 1622 490 αὐτοί
1654 463 1696 491 τε

441 519 622 574 ὁρέομεν
653 518 902 572 διεξιόντες,
949 523 1021 564 καὶ
1052 523 1175 566 αὐτοὶ
1203 524 1463 580 θεησάμενοι
1493 525 1695 580 λέγομεν·

410 597 493 641 5τᾶ
535 598 581 641 δὲ
622 596 769 641 αὐτῶν
805 597 998 654 ὑπόγαια
1038 602 1205 657 λόγοισι
1243 602 1594 660 ἐπυνθανόμεθα.
1655 606 1698 647 οἱ

437 676 521 732 γὰρ
553 677 803 729 ἐπεστεῶτες
831 682 917 721 τῶν
944 681 1193 736 Αἰγυπτίων
1223 681 1448 726 δεικνύναι
1479 682 1587 726 αὐτὰ
1619 683 1753 727 ου’-30

437 758 586 812 δαμῶς
616 756 799 813 ἤθελον,
848 758 1037 815 φάμενοι
1073 759 1214 817 θήκας
1255 759 1413 806 αὐτόθι
1457 760 1569 806 εἶναι
1606 767 1695 806 τῶν

379 966 495 1012 guunt
524 962 659 1011 οἴκους
697 965 784 1014 (cles
818 966 923 1004 salles
951 980 1033 1016 spa-

379 1021 575 1066 cz‘euses).“
635 1022 666 1059 C
680 1035 709 1059 r.
769 1023 845 1060 Sed
884 1022 1031 1070 οἴκους,

377 1088 470 1124 quos
499 1077 534 1113 in
560 1077 752 1127 labyrinthi
788 1080 1031 1129 descriptione

376 1136 483 1169 vocat
511 1133 666 1183 Strabo,
710 1149 784 1173 non
819 1135 909 1173 alios
948 1149 1029 1174 esse

375 1192 487 1237 atque
516 1185 715 1240 οἰκήματα
734 1193 834 1242 apud
859 1192 1030 1230 Herodo-

376 1248 451 1281 tum
470 1250 595 1283 monet
613 1247 834 1287 Letronnel.
849 1248 920 1298 1.p.
935 1248 1026 1295 147,

376 1301 437 1349 qui
457 1301 553 1339 idem
580 1316 616 1353 p.
643 1304 721 1345 143
753 1317 877 1342 vocem
903 1304 1027 1344 ἔνεστι

374 1356 409 1393 h.
429 1356 451 1394 l.
470 1358 615 1397 minime
635 1361 682 1397 ad
702 1361 892 1398 duodecim
911 1361 1025 1408 aulas,

375 1414 441 1450 sed
468 1415 516 1450 ad
548 1415 788 1464 labyrinthum
821 1419 1025 1455 universum

374 1474 537 1520 spectare
565 1476 712 1518 censet,
740 1473 789 1510 ita
819 1477 857 1510 ut
885 1475 1025 1511 duode-

374 1525 442 1563 cim
464 1526 568 1564 aulae
585 1528 621 1564 in
640 1529 762 1566 medio
775 1529 939 1566 aedificio
952 1531 1025 1567 sint

373 1580 617 1630 collocandae,
641 1585 777 1622 cinctae
797 1586 1024 1623 circumcirca

372 1637 427 1674 his
448 1638 542 1675 mille
554 1640 762 1689 quingentis
782 1641 1022 1689 conclavibus,

371 1706 438 1744 per
466 1706 561 1743 quae
583 1697 630 1732 ad
658 1697 755 1746 ipsas
785 1697 884 1733 aulas
914 1698 1023 1734 fuerit

371 1749 550 1787 introitus.
588 1749 639 1788 At
660 1753 836 1801 refragari
856 1753 1025 1790 videntur

370 1806 502 1843 verba:
539 1804 608 1845 διοῖ
638 1809 720 1846 τῶν
752 1804 905 1847 αὐλέων
928 1837 938 1856 ,
977 1810 1024 1847 de

370 1862 501 1911 quibus
522 1862 626 1900 infra.

426 1917 636 1969 τρισχίλια]
681 1917 771 1957 Tria
794 1920 908 1958 millia
932 1934 1021 1958 con-

369 1974 482 2012 clavia
503 1979 668 2026 spectare
687 1977 854 2014 videntur
876 1978 923 2014 ad
943 1979 1022 2015 ani-

367 2044 450 2068 mae
486 2038 643 2069 meatum
680 2033 755 2070 sive
789 2034 946 2071 reditum
975 2047 1020 2071 ex

367 2086 525 2124 humano
569 2101 723 2138 corpore
761 2090 798 2126 in
847 2090 1016 2138 regiones

366 2143 562 2190 coelestes·,
584 2145 645 2194 qui
658 2145 792 2183 reditus
812 2148 919 2182 trium
938 2147 1018 2183 mil-

365 2199 451 2236 lium
472 2212 650 2238 annorum
669 2203 787 2252 spatio
806 2202 1016 2240 absolvitur.

365 2255 474 2293 Conf.
494 2255 538 2303 11,
560 2258 638 2299 123
657 2257 742 2306 ibiq.
764 2263 854 2296 nott.
884 2258 1016 2296 Creuz.

364 2311 527 2360 Symbol.
548 2312 564 2349 Ι
585 2327 620 2363 p.
639 2315 734 2354 377.
762 2335 818 2342 —
844 2315 884 2352 In
913 2328 1015 2365 seqq.

364 2381 445 2405 cum
467 2368 654 2407 Gaisford.
675 2370 762 2408 dedi
783 2366 855 2410 αὐτ
868 2373 900 2410 ὦ
911 2386 934 2410 ν
947 2385 1014 2422 pro

364 2419 540 2463 αὐτέων.

419 2476 596 2531 φάμενοι
623 2477 758 2533 θήκας
789 2477 934 2521 αὐτόθι
963 2479 1013 2522 εἶ-

363 2551 430 2576 ναι
463 2552 496 2576 κ.
516 2552 547 2576 τ.
572 2536 622 2589 L]
658 2533 793 2590 θήκας
820 2539 1014 2577 conditoria

363 2593 452 2630 dicit
469 2622 480 2641 ‚
509 2595 678 2644 sepulcra.
748 2595 830 2632 Vid.
859 2596 918 2643 lI,
947 2598 1012 2637 67.

362 2647 626 2697 Labyrinthum
657 2652 804 2700 regibus
834 2651 1014 2702 sepeliun-

363 2705 419 2741 dis
458 2705 675 2744 destinatum
715 2708 825 2744 fuisse
854 2708 1012 2757 indeque

361 2763 605 2799 monumentis
650 2762 915 2814 Aegyptiorum
952 2778 1012 2802 se-

362 2815 578 2866 pulcralibus
619 2820 886 2857 accensendum
929 2833 1009 2860 esse

1100 966 1220 1017 plures
1250 967 1476 1015 retulerunt,
1530 982 1748 1018 quamquam

1099 1029 1227 1060 nostra
1257 1029 1376 1063 aetate
1410 1024 1467 1061 alii
1488 1025 1593 1063 aliter
1613 1030 1749 1063 statue-

1097 1085 1192 1116 runt.
1250 1080 1332 1116 Vid.
1353 1081 1462 1118 modo
1488 1081 1598 1119 Beck.
1635 1082 1748 1119 welt-

1099 1136 1219 1185 gesch.
1245 1149 1330 1186 pag,
1350 1141 1443 1178 722.
1473 1136 1659 1175 Letronne
1679 1138 1702 1175 l.
1722 1139 1744 1176 1.

1096 1205 1181 1243 pag.
1204 1192 1294 1234 154.
1335 1193 1528 1243 Templum
1555 1200 1591 1231 et
1612 1194 1747 1233 curiam

1096 1249 1207 1286 fuisse
1227 1253 1331 1299 putat
1356 1250 1484 1298 Zoega
1508 1250 1555 1287 de
1580 1250 1745 1288 obelisco.

1094 1317 1181 1355 pag.
1203 1305 1284 1346 417
1309 1311 1384 1343 not.
1397 1309 1420 1347 9
1434 1336 1444 1353 ,
1462 1311 1661 1343 commotus
1679 1321 1746 1356 po-

1094 1363 1270 1399 tissimum
1289 1363 1479 1399 Strabonis
1501 1363 1618 1399 verbis
1641 1363 1743 1399 XVII

1093 1431 1129 1467 p.
1157 1419 1272 1459 1165.
1306 1420 1411 1459 1135
1444 1424 1479 1456 et
1511 1419 1613 1455 Plinii
1643 1419 1676 1455 h.
1707 1432 1742 1455 n.

1092 1473 1274 1520 XXXVI,
1301 1476 1377 1520 13,
1419 1474 1504 1510 illud
1531 1488 1616 1512 vero
1651 1476 1743 1512 adii-

1093 1530 1203 1575 ciens,
1221 1531 1425 1579 quicunque
1443 1530 1634 1578 labyrinthi
1655 1545 1741 1567 con-

1090 1586 1187 1622 ditor
1203 1587 1330 1633 fuerit,
1351 1599 1432 1624 eum
1457 1587 1657 1636 sepulcrum
1676 1588 1741 1624 ha-

1091 1642 1214 1679 buisse
1262 1643 1376 1680 videri
1425 1643 1490 1679 sub
1539 1644 1739 1692 pyramide,

1093 1710 1187 1745 quae
1205 1698 1369 1734 aedificio
1389 1702 1469 1736 erat
1492 1700 1634 1736 adiecta
1646 1699 1738 1746 (vid.

1092 1766 1127 1802 p.
1142 1752 1223 1794 417
1242 1758 1319 1790 not.
1342 1756 1392 1794 10
1411 1753 1432 1790 l.
1456 1753 1512 1802 l.).
1543 1754 1739 1793 Mannerto

1092 1809 1251 1858 (Geogr.
1276 1811 1311 1846 d.
1345 1810 1409 1846 Gr.
1438 1823 1472 1846 u.
1496 1810 1604 1848 Rom.
1630 1811 1689 1859 X,
1713 1813 1736 1851 1

1090 1878 1175 1915 pag.
1196 1865 1308 1914 440)
1336 1866 1508 1916 palatium
1537 1867 1635 1904 haud
1661 1867 1738 1904 vul-

1089 1934 1177 1971 gare
1188 1923 1301 1960 fuisse
1312 1923 1451 1960 videtur
1461 1943 1509 1950 —
1519 1924 1577 1960 ein
1588 1923 1737 1961 Pracht·

1089 1979 1258 2027 gebaude
1269 1992 1339 2015 von
1352 1992 1447 2028 ganz
1459 1978 1659 2027 eignerArt
1667 2000 1735 2026 ——‚

1086 2035 1186 2083 quod
1205 2039 1326 2072 tamen
1343 2048 1448 2084 reges
1472 2036 1616 2073 minime
1633 2036 1735 2073 habi-

1084 2091 1206 2137 tarint,
1220 2105 1299 2128 cum
1313 2091 1591 2141 haudquaquam
1607 2098 1733 2141 aptum

1083 2147 1190 2183 fuerit
1209 2148 1257 2183 ad
1275 2147 1521 2184 habitandum.
1549 2148 1644 2185 Galli
1663 2149 1732 2185 do-

1083 2203 1130 2239 cti
1149 2202 1240 2250 (vid.
1258 2203 1279 2240 l.
1296 2203 1318 2239 l.
1340 2217 1424 2254 pag.
1439 2204 1513 2252 40)
1533 2204 1630 2242 haud
1653 2206 1730 2253 qui-

1082 2258 1166 2296 dem
1195 2265 1332 2308 negant
1361 2265 1397 2298 et
1420 2273 1526 2309 reges
1555 2266 1592 2298 et
1609 2273 1732 2298 croco-

1082 2315 1176 2352 dilos
1201 2328 1320 2352 sacros
1349 2316 1386 2352 in
1405 2316 1607 2365 labyrintho
1625 2330 1731 2367 sepe-

1080 2370 1135 2407 liri
1161 2372 1322 2421 potuisse
1351 2373 1518 2421 adeoque
1540 2373 1730 2411 nonnullos

1081 2440 1209 2465 revera
1235 2428 1395 2478 sepultos
1421 2429 1554 2475 videri3
1583 2430 1730 2467 minime

1082 2487 1204 2521 tamen
1234 2498 1315 2522 eum
1342 2485 1378 2521 in
1410 2498 1513 2522 usum
1540 2487 1645 2523 unice
1664 2499 1728 2523 ex-

1082 2544 1254 2577 structum
1294 2541 1408 2578 videri
1425 2569 1436 2587 ‚
1490 2555 1568 2579 cum
1606 2542 1727 2592 potius

1080 2600 1282 2647 temporum
1300 2598 1451 2634 decursu
1470 2598 1518 2634 ad
1537 2599 1652 2635 varias
1669 2611 1726 2636 res

1080 2653 1157 2690 eius
1203 2666 1288 2690 usus
1345 2655 1504 2691 revocari
1557 2654 1725 2704 potuerit.

1079 2709 1184 2752 Quae
1212 2722 1292 2746 cum
1320 2709 1370 2747 ita
1396 2710 1467 2746 sint
1486 2739 1496 2757 ,
1536 2710 1725 2760 probabile

1078 2766 1222 2802 videtur
1257 2766 1340 2803 viris
1380 2765 1535 2813 iisdem,
1567 2766 1723 2814 labyrin-

1076 2821 1176 2859 thum
1193 2821 1303 2860 fuisse
1331 2821 1470 2871 locum,
1499 2823 1535 2860 in
1558 2834 1630 2871 quo
1649 2821 1721 2860 Ae-
