1909 3228
81 323 179 368 112

564 205 1092 245 EUTERPE.11.
1381 206 1463 245 731

202 391 341 449 ἄνδρα
367 397 620 452 Μεμφίτην,
651 399 710 453 τῷ
740 395 849 439 κατὰ
877 394 957 451 τήν
978 398 1066 438 τῶν
1089 393 1305 450 Ἑλλήνων
1324 397 1465 449 γλῶσ-

322 314 493 360 Τούτου
535 317 580 360 δὲ
627 316 881 368 ἐκδέξασθαι
927 314 1005 371 τήν
1053 316 1279 371 βασιληίην
1319 313 1518 370 ἔλεγον55

1522 319 1650 346 Proteus
1662 340 1669 352 ,
1706 319 1742 346 ab
1770 327 1798 346 a.

1524 353 1718 380 129111111237:
1734 353 1799 380 eius

1524 387 1624 413 fanum
1637 407 1645 421 ⁷
1672 387 1798 413 circum-

1523 420 1689 459 habitatum
1708 428 1726 446 a
1736 419 1800 453 Ty-

1520 462 1574 480 rus
1595 475 1603 488 ‚

1644 453 1799 480 continens

204 485 286 515 σαν
316 472 485 530 οὕνομα
516 474 695 532 Πρωτέα
725 473 856 518 εἶναι·
889 478 971 518 τοῦ
998 477 1081 517 νῦν
1109 473 1283 530 τέμενός
1301 473 1390 517 ἐστι
1417 473 1463 517 ἐν
1520 486 1800 556 ῗῖθῆοέξιωθνωωῑυ

145 660 257 696 seruit
290 659 419 707 Zofiga
455 660 492 696 in
522 660 712 697 immortali
741 659 800 696 illo

146 730 279 765 opere,
311 717 410 753 cuius
433 717 501 752 iam
527 718 670 766 sac-pius
700 730 801 753 men-

144 774 281 809 tionem
291 773 437 809 secimus
450 773 574 819 (Rom.
590 776 694 814 1797
706 773 799 819 t'ol.).

145 829 216 872 Qui
265 830 311 865 de
354 834 474 878 ῥίψω
518 830 614 867 vocis
663 830 801 866 monuit

144 898 229 934 pag.
254 888 332 926 129
359 899 435 934 seq.

348 969 379 1006 C
393 982 450 1020 ap.
483 969 596 1007 CXII.

200 1055 254 1107 τῷ
277 1050 375 1092 και-(ἒ
402 1050 475 1102 τήν
498 1056 577 1092 τῶν
597 1048 799 1103 Ἑλλήνων

144 1132 198 1137 -—
220 1109 385 1159 Πρωτέα
407 1107 530 1161 εἶναι]
577 1110 798 1159 Λοςῃήίιυι]

145 1180 277 1204 nomeu
306 1167 410 1203 Ceten
435 1168 545 1204 fuisse
568 1169 688 1217 prodit
707 1166 799 1203 Dio-

144 1224 222 1259 dor.
246 1224 285 1269 l,
305 1226 380 1270 62,
420 1225 481 1272 qui
514 1229 635 1261 tamen
660 1224 722 1269 (l,
744 1226 797 1264 60

144 1281 241 1328 seq.)
268 1280 362 1316 intra
385 1281 601 1317 Sesostridis
632 1280 741 1316 [ilium
762 1283 798 1315 et

141 1337 280 1374 huncce
296 1336 467 1373 Proteum
488 1351 516 1372 s.
538 1339 654 1373 Ceten
677 1336 796 1386 plures

142 1392 297 1429 collocat
316 1406 442 1440 reges,
472 1393 664 1429 Herodoto
694 1406 797 1442 pror-

142 1462 202 1484 sus
231 1449 389 1497 ignotos.
447 1448 647 1486 Larcherus
677 1450 798 1486 Hero—

142 1506 268 1542 dotum
305 1510 448 1542 secutus
483 1505 655 1542 Proteum
693 1505 798 1554 ponit

142 1562 180 1598 in
201 1575 285 1598 ann.
302 1562 451 1603 129421.
466 1562 550 1598 Chr.
575 1563 623 1598 ad
642 1575 794 1610 regnum

141 1622 324 1665 evectum,
346 1620 446 1667 quod
466 1632 531 1667 per
551 1619 797 1667 quinquagin-

140 1680 180 1711 ta
199 1687 314 1711 annos
331 1676 499 1712 tenuerit.
544 1675 602 1712 De
620 1675 689 1711 hoc
709 1688 797 1723 rege

141 1743 235 1779 quae
253 1731 406 1780 plurima
424 1731 594 1779 leguntur
608 1736 684 1768 tum
699 1731 800 1781 apud

142 1787 231 1823 alios
254 1800 372 1824 rerum
404 1788 619 1837 scriptores,
659 1787 716 1823 hic
741 1800 798 1824 re-

143 1849 269 1892 petere
296 1857 369 1879 non
391 1845 530 1880 attinet.
588 1844 682 1879 Sunt
702 1844 798 1880 enim

142 1898 246 1945 talia,
277 1899 313 1935 iu
341 1901 471 1949 quibus
501 1899 630 1936 salsum
663 1913 683 1936 a
712 1913 798 1937 vero

144 1956 349 1994 discernere
369 1969 542 2004 nequeas.
600 1955 657 1992 De
674 1956 800 2004 siugu-

144 2012 185 2048 lis
215 2013 310 2048 conf.
332 2013 444 2049 Beck.
476 2012 609 2049 Anleit.
629 2026 661 2048 z.
684 2012 799 2049 welt-

143 2068 266 2116 gesch.
288 2068 303 2104 Ι
322 2082 407 2118 pag.
430 2070 511 2109 714
530 2083 607 2118 seq.
669 2070 801 2105 Graeci

142 2125 319 2161 Proteum
360 2126 472 2162 fuisse
502 2127 651 2162 tradunt
677 2125 801 2174 Aegy-

142 2181 260 2231 ptium
288 2194 444 2230 eumque
474 2183 584 2218 modo
609 2182 716 2219 deum
737 2196 801 2218 vo-

142 2242 224 2274 cant
237 2266 248 2283 ,
278 2238 388 2274 modo
408 2251 531 2287 regem
554 2251 595 2275 ac
614 2239 802 2275 mortalem

143 2295 315 2341 (Homer.
338 2294 410 2330 Od.
431 2295 494 2342 IV,
510 2295 603 2335 384.
634 2295 800 2344 Euripid.

142 2350 276 2387 Helen.
298 2349 351 2390 46
365 2364 466 2399 seqq.
489 2351 569 2387 coll.
599 2352 798 2388 Stesichori

143 2407 308 2454 sragmm.
328 2420 363 2455 p.
385 2409 438 2447 92
459 2421 535 2456 seq.
558 2409 616 2444 ed.
633 2408 797 2455 Kleine).

143 2461 197 2498 Ac
218 2462 377 2498 nonnulli
410 2464 427 2507 (
442 2469 523 2500 sunt
542 2466 656 2501 verba
681 2464 799 2501 Creu-

145 2518 219 2553 zeri
249 2531 375 2555 comm.
404 2520 493 2557 Her.
529 2534 565 2569 p.
596 2523 690 2561 313.
715 2521 797 2560 333

146 2574 232 2621 ibiq.
266 2574 477 2612 Eustathius
499 2577 545 2612 ad
567 2577 721 2613 Homeri
745 2576 799 2611 lo-

146 2643 227 2666 cum
247 2630 269 2666 l.
299 2631 394 2667 Add.
418 2632 582 2679 Symbol.
601 2632 617 2668 I
647 2645 681 2681 p.
697 2632 798 2680 425)

146 2687 319 2723 Proteum
358 2687 588 2724 Homericum
633 2689 801 2736 adeoque

147 2743 369 2793 Aegyptium
388 2745 435 2780 ad
448 2745 712 2781 xicissitudines
725 2758 802 2781 ma-

146 2800 259 2836 teriae
280 2800 518 2850 primigeniae
538 2801 719 2850 pertinere
738 2814 801 2837 vo-

148 2855 321 2903 luerunt,
361 2870 455 2906 quae
486 2857 603 2894 varias
629 2857 800 2909 deinceps

868 659 1002 695 formas
1025 659 1169 696 subiret.
1200 658 1269 696 Alii
1287 658 1523 706 (vid.Creuz.

869 716 1032 763 Symbol.
1053 716 1102 751 lll
1123 716 1257 765 1).254
1272 718 1370 764 seq.)
1389 716 1526 752 doctri-

869 784 953 807 nam
988 773 1023 808 in
1053 784 1097 808 eo
1132 773 1243 809 latere
1272 773 1525 809 existimabant

868 841 984 864 rerum
1004 828 1162 864 omnium
1184 842 1226 865 ex
1247 842 1342 876 aqua
1364 834 1522 864 ortarum

869 889 905 920 et
924 887 1178 934 prosectarum.
1220 885 1439 921 Recentiore
1461 897 1523 922 ae-

870 945 945 978 tate
963 942 1194 988 exstiterunt,
1217 942 1278 990 qui
1300 941 1386 977 talia
1407 953 1427 977 a
1441 941 1523 990 phi-

868 997 1027 1047 losophis
1056 1004 1226 1047 posterae
1255 999 1386 1034 aetatis
1417 1010 1522 1034 exco—

867 1055 983 1103 gitata
1013 1054 1233 1101 clamantes,
1271 1053 1522 1090 Herodoteam

867 1111 1110 1148 narrationem
1131 1109 1321 1160 Aegyptiis
1354 1110 1522 1146 sacerdo-

866 1168 964 1204 tibus
983 1167 1138 1204 adscribi
1159 1168 1293 1204 debere
1320 1167 1519 1204 contende-

865 1229 946 1260 rent
973 1252 983 1270 ,
1025 1224 1161 1273 quippe
1193 1224 1254 1271 qui
1285 1223 1461 1269 Graecis,
1500 1236 1522 1260 a

866 1281 994 1329 quibus
1018 1293 1127 1329 saepe
1146 1280 1358 1327 interrogati
1376 1280 1522 1326 fuerint,

864 1337 975 1373 verba
1011 1336 1179 1373 dederint
1199 1365 1209 1383 ,
1254 1341 1522 1384 nautarumque

865 1393 1004 1429 fabulas
1031 1393 1148 1440 magis
1176 1393 1269 1428 adeo
1294 1393 1459 1429 auxerint
1484 1396 1523 1428 et

865 1449 1073 1485 exornarint
1091 1477 1101 1494 ,
1163 1461 1286 1496 regem
1342 1448 1522 1496 fingentes

864 1505 1040 1541 Proteum
1073 1505 1335 1541 remotissimae
1371 1504 1524 1541 Troica—

864 1574 945 1597 rum
971 1574 1091 1598 rerum
1121 1562 1278 1607 aetatis,
1308 1561 1407 1597 miris
1439 1560 1525 1596 viri-

864 1618 930 1654 bus
950 1618 1168 1667 praeditum.
1200 1618 1282 1654 Vid.
1304 1617 1330 1653 l.
1353 1617 1401 1653 H.
1413 1616 1522 1653 Voss.

866 1687 888 1710 a
914 1673 977 1711 Cr.
1004 1673 1190 1710 laudatum
1222 1675 1270 1710 ad
1296 1673 1423 1722 virgil.
1448 1674 1525 1710 Ge-

867 1744 944 1779 org.
965 1731 1027 1777 IV,
1042 1730 1125 1771 384
1149 1744 1184 1780 p.
1200 1732 1282 1771 862
1298 1743 1401 1779 seqq.
1431 1729 1523 1767 Inde

867 1787 1110 1835 navigationis
1148 1800 1215 1836 per
1249 1787 1364 1823 maria
1396 1787 1525 1834 ignota

866 1844 1063 1892 imaginem
1087 1843 1211 1879 Protei
1232 1843 1353 1879 fabula
1376 1842 1525 1879 indicari

868 1899 976 1947 x'ulgo
997 1899 1057 1935 isti
1080 1899 1320 1935 arbitrantur!
1339 1898 1419 1935 Nec
1431 1897 1524 1935 mul-

869 1960 943 1992 tum
967 1956 1051 1992 inde
1070 1956 1247 1992 recedunt
1264 1956 1414 1991 aliorum
1425 1968 1524 1991 com-

868 2015 1011 2058 menta,
1042 2025 1136 2060 quae
1154 2011 1274 2048 retulit
1296 2012 1523 2048 doctissimus

869 2068 1033 2106 lN‘itzsch.
1056 2069 1102 2104 ad
1120 2068 1272 2104 Homeri
1292 2069 1426 2117 Odyss.
1454 2067 1476 2105 l.
1500 2067 1523 2104 l.

869 2138 953 2175 pag.
977 2128 1070 2165 271.
1090 2146 1146 2150 —
1176 2125 1282 2160 Conf.
1305 2125 1413 2161 etiam
1430 2136 1525 2173 quae

870 2182 918 2218 ad
947 2181 1001 2228 ΙΙ,
1025 2182 1103 2220 113
1130 2180 1374 2230 disputantur.

927 2239 999 2276 τοῦ
1030 2239 1105 2275 νῦν
1133 2233 1291 2287 τέμενός
1321 2235 1401 2275 ἔστι
1431 2251 1465 2275 κ.
1487 2251 1521 2274 τ.

871 2293 919 2343 λ.]
952 2292 1113 2344 τέμενος
1133 2294 1179 2331 de
1198 2294 1324 2343 quovis
1343 2306 1431 2342 agro
1454 2293 1524 2329 dici

866 2351 1016 2396 locove,
1046 2351 1108 2398 qui
1137 2364 1204 2387 usu
1236 2350 1375 2398 vulgari
1403 2363 1525 2387 exem-

867 2412 923 2443 tus
972 2406 1148 2454 religione
1186 2411 1417 2443 consecratus
1454 2410 1525 2453 est,

868 2464 954 2500 satis
983 2468 1133 2500 constat.
1202 2464 1309 2500 Conf.
1340 2463 1414 2508 IX,
1445 2465 1524 2503 116

866 2521 953 2568 ibiq.
974 2519 1130 2556 livessel.
1152 2519 1207 2565 ΙΙ,
1232 2518 1321 2559 155.
1344 2519 1408 2565 ΙΙΙ,
1432 2519 1523 2560 142.

866 2597 923 2604 --
945 2576 986 2612 In
1006 2589 1108 2624 seqq.
1140 2576 1268 2623 reliqui
1296 2573 1525 2625 Ἡφαιστηΐ-

869 2647 940 2679 ου,
981 2632 1143 2681 quamvis
1171 2632 1244 2668 bini
1276 2631 1357 2668 libri
1386 2630 1523 2679 Ἡφαι-

870 2688 997 2735 στίου,
1029 2688 1086 2724 alii
1110 2686 1378 2739 Ἡφαιστείου.
1408 2688 1525 2725 Nam-

869 2758 940 2794 que
970 2745 1207 2781 Grammatici
1228 2774 1238 2792 ,
1277 2745 1339 2794 qui
1376 2746 1523 2782 omnino

869 2801 1017 2838 multam
1057 2814 1206 2851 operam
1246 2801 1283 2839 in
1320 2802 1523 2839 istiusmodi

870 2858 1018 2895 vocibus
1067 2858 1253 2896 temenicis
1303 2858 1520 2897 definiendis
