1909 3228
468 240 553 280 382
863 236 1328 278 HERODOTI

442 346 552 392 Go’cuo'
588 350 677 392 τῶν
711 344 922 400 πατέρων.
981 345 1207 401 εἰρομένου
1245 347 1292 391 δὲ
1331 347 1479 404 ἑτέρου
1514 349 1590 394 τόν
1625 354 1726 407 πλη-

471 430 592 479 σίον,
619 428 684 477 τίς
713 427 797 481 εἴη,
829 423 1050 476 καταλέξει
1081 423 1247 469 ἑωυτόν
1276 426 1517 483 μητρόθεν,
1547 429 1621 473 καὶ
1650 433 1727 486 τῆς

443 505 632 563 7μητρός
664 503 941 558 ἀνανεμέεται
969 502 1045 554 τοὶς
1073 504 1267 560 μητέρας.
1297 506 1372 548 καὶ
1399 505 1453 562 ἢν
1482 508 1559 562 μέν
1579 525 1627 564 γε
1650 526 1723 564 γυ-

471 587 526 642 νὴ
558 582 664 640 ἀστὴ
695 582 840 639 δούλῳ
871 581 1136 640 συνοικήσῃ,
1162 589 1341 639 γενναῖα
1369 585 1423 628 τὰ
1450 585 1577 629 τέκνα
1605 586 1725 630 νενό-

470 675 637 720 μισται·
695 661 750 719 ἢν
776 662 822 706 δὲ
858 661 968 719 α’νήρ
1010 661 1162 716 ἀστός,
1209 663 1282 706 καὶ
1313 663 1335 707 ὁ
1366 668 1535 719 πρῶτος
1566 663 1723 713 αὐτῶν,
1737 672 1782 706 65

467 745 656 800 γυναῖκα
693 742 836 798 ξείνην
871 740 900 799 ἢ
936 742 1158 799 παλλακὴν
1196 741 1291 800 ἔχῃ,
1337 741 1470 800 ἄτιμα
1507 744 1560 787 τοὶ
1597 743 1727 788 τέκνα

467 823 642 879 γίνεται.

140 959 231 986 Caria
274 894 408 985 ειέἶιῖῐζιι

139 994 247 1054 {trgum
269 967 416 1054 4οὲξαῖἓί
473 980 719 1038 δεξάμενοι,
750 979 1063 1036 ἐδουλώθησαν
1091 979 1179 1024 ὑπὸ
1203 979 1445 1037 Ἀρπάγου·
1477 979 1579 1026 οὔτε
1600 981 1728 1026 αὐτοὶ

166 1035 173 1053 Ι
196 1036 204 1054 Ι
251 1035 266 1052 n
303 1035 318 1052 ΙΙ
354 1035 367 1053 8
404 1042 417 1047 -

139 1061 178 1088 ¹¹¹5
202 1059 400 1097 ⁰⁶¹¹'0ffi211‘15-
472 1063 517 1106 οἱ
542 1063 685 1117 Κᾶρες
716 1058 1030 1116 ἀποδεξάμενοι
1058 1058 1212 1114 οὐδὲν,
1261 1059 1361 1104 οὔτε
1389 1059 1487 1105 ὅσοι
1509 1059 1729 1117 Ἑλλήνων

579 902 633 945 Οἱ
661 899 742 956 μέν
769 916 855 944 νυν
887 903 1028 956 Κᾶρες
1056 899 1185 945 οὐδὲν
1221 902 1420 958 λαμπρὸν
1450 901 1580 959 ἔργον
1619 899 1727 947 ἄπο-

438 1141 634 1198 2ταύτην
661 1139 741 1197 τὴν
769 1138 916 1197 χώρην
945 1140 1151 1185 οἰκέουσι.
1189 1140 1382 1184 οἰκέουσι
1411 1141 1456 1184 δὲ
1485 1140 1560 1184 καὶ
1590 1138 1727 1191 ἄλλοι,
1738 1147 1784 1181 70

466 1220 541 1265 καὶ
569 1221 928 1276 Λακεδαιμονίων
957 1218 1135 1263 ἄποικοι
1163 1220 1359 1272 Κνίδιοι,
1389 1224 1465 1276 τῆς
1491 1218 1634 1276 χώρης
1651 1222 1729 1276 τῆς

469 1299 677 1357 σφετέρης
715 1299 1004 1355 τετραμμένης
1042 1299 1086 1349 ές
1113 1299 1302 1352 πόντον,
1349 1297 1399 1343 τὸ
1427 1299 1480 1356 δὴ
1516 1296 1728 1353 Τριόπιον

440 1379 679 1423 3καλέεται.
728 1378 945 1435 ἀργμένης
974 1378 1020 1422 δὲ
1047 1376 1095 1422 ἐκ
1131 1380 1207 1436 τῆς
1242 1377 1510 1436 χερσονήσου
1540 1381 1616 1436 τῆς
1643 1381 1728 1421 Βυ·

412 1593 460 1632 tis
485 1593 651 1630 nationes
678 1591 773 1629 hunc
795 1602 934 1628 morem
959 1602 1062 1628 secu-

411 1655 468 1687 tas
487 1663 588 1696 esse,
617 1648 702 1686 mihi
721 1660 794 1684 non
820 1647 943 1696 liquet.
984 1646 1061 1683 Ad-

411 1707 518 1744 vertit
538 1710 656 1743 tamen
669 1733 679 1751 ‚
709 1704 809 1752 quod
835 1704 878 1740 C.
899 1704 945 1740 Ο.
966 1702 1062 1738 Mill-

411 1762 474 1800 ler.
507 1761 688 1809 (Etruscc.
712 1760 728 1796 l
755 1771 841 1809 pag.
858 1759 941 1799 403
962 1756 1060 1807 seq.)

411 1817 530 1856 attulit
559 1830 579 1855 e
608 1815 864 1866 sepulcralibus
891 1814 1065 1850 Etrusco-

412 1887 493 1911 rum
526 1871 838 1923 inscriptionibus,
866 1871 904 1907 in
932 1870 1060 1919 quibus

409 1930 522 1968 multo
554 1929 712 1967 crebrius
748 1927 872 1965 matris
905 1939 1063 1964 comme-

409 1990 569 2024 moratur
597 1996 754 2030 nomen,
792 1995 902 2033 quam
934 1982 1061 2033 patris.

412 2043 523 2086 Quod
539 2042 596 2080 ille
622 2042 670 2079 ad
693 2041 925 2090 praecipuum
949 2051 1063 2088 quen-

411 2100 497 2136 dam
516 2099 615 2149 apud
629 2098 802 2134 Etruscos
819 2096 995 2134 honorem
1006 2096 1061 2133 fe-

410 2156 588 2193 minarum
633 2154 754 2191 refert.
823 2152 930 2196 Quae
967 2151 1062 2190 Lar-

410 2212 538 2250 cherus
568 2212 615 2248 ad
645 2208 826 2246 Herodoti
854 2208 970 2246 locum
995 2208 1062 2244 ad-

409 2268 552 2318 scripsit
574 2268 621 2305 de
640 2266 781 2314 origine
811 2265 913 2302 istius
939 2264 1061 2311 moris,

408 2325 586 2362 malumus
611 2322 752 2361 silentio
771 2321 978 2372 praeterire.
1005 2340 1061 2348 —-

409 2381 452 2418 In
474 2382 596 2418 futuro
611 2376 810 2425 καταλέξει
836 2379 930 2416 inest
948 2376 1062 2426 signi-

409 2437 530 2474 ficatio
547 2438 641 2483 eius,
663 2435 764 2485 quod
784 2434 861 2472 fieri
877 2433 977 2471 solet.
1000 2432 1061 2470 Tu

410 2494 505 2531 conf.
522 2492 651 2530 Matth.
673 2491 739 2529 Gr.
763 2491 830 2528 Gr.
852 2490 888 2542 ἓ.
913 2491 1007 2537 502,
1021 2491 1059 2530 3.

409 2570 466 2577 -—·
485 2549 557 2586 Pro
577 2544 831 2598 ἀνανεμέεται
850 2547 948 2584 haud
968 2559 1058 2597 opus

409 2604 531 2654 legere
553 2601 788 2656 ἅναμνέεται
806 2604 848 2652 (i.
861 2616 892 2642 e.
912 2615 1056 2640 comme-

409 2663 554 2709 morat),
582 2666 621 2699 ut
647 2661 792 2699 volebat
819 2660 868 2698 Η.
900 2659 1059 2710 Stepha-

409 2729 489 2753 nus.
547 2717 643 2755 Nam
675 2713 970 2768 οἷνανέμεσθαι,
999 2727 1061 2753 ex-

410 2772 566 2822 plicante
576 2774 702 2821 Suida,
722 2775 818 2812 idem
836 2772 934 2812 valet
950 2776 1061 2820 atque

411 2828 657 2881 καταλέγειν,
687 2842 874 2869 recensere
889 2858 904 2878 ‚
927 2839 1062 2866 enume-

411 2895 501 2922 rare.

1296 1618 1327 1655 c
1338 1630 1359 1655 a
1369 1631 1405 1669 p.
1438 1615 1641 1654 chx1v,

1184 1700 1254 1740 καὶ
1295 1701 1631 1751 Λακεδαιμονίων
1669 1697 1784 1740 ὅποι-

1128 1772 1193 1796 κοι
1226 1756 1409 1807 Κνίδιοι]
1447 1757 1665 1795 Heraclidae
1692 1758 1784 1796 duce

1128 1813 1296 1864 Hippota
1315 1814 1472 1851 Cnidum
1492 1813 1575 1850 olim
1600 1814 1784 1851 condidis-

1130 1883 1171 1908 se
1189 1871 1373 1917 seruntur,
1399 1884 1418 1907 e
1438 1869 1693 1920 Peloponneso
1712 1870 1783 1908 hue

1129 1927 1294 1977 profecti.
1320 1927 1390 1963 Cui
1409 1927 1528 1964 famae
1545 1927 1652 1964 etiam
1673 1927 1782 1964 fidem

1130 1983 1268 2021 addere
1296 1983 1502 2020 existimant
1529 1983 1680 2021 Veneris
1707 1982 1783 2020 cul-

1129 2043 1206 2076 tum
1234 2040 1272 2076 in
1299 2039 1513 2076 Cnidiorum
1539 2040 1649 2087 urbe,
1688 2052 1782 2088 quae

1127 2095 1186 2132 vix
1212 2095 1281 2132 alia
1303 2096 1349 2132 sit
1373 2100 1483 2144 atque
1502 2096 1688 2144 Cytherea
1708 2095 1781 2132 Ve-

1128 2163 1218 2198 nus,
1258 2165 1281 2188 a
1317 2151 1505 2188 Laeonum
1538 2151 1674 2189 colonis
1712 2151 1781 2188 huc

1128 2207 1290 2244 advecta.
1349 2207 1457 2243 Conf.
1485 2207 1638 2244 Diodor.
1669 2207 1778 2244 Sicul.

1127 2263 1174 2310 V,
1195 2265 1233 2303 9.
1261 2263 1327 2304 53.
1371 2264 1416 2300 C.
1445 2263 1492 2300 Ο.
1526 2263 1688 2302 Manen:
1720 2264 1780 2301 die

1128 2319 1269 2366 Dorer,
1290 2319 1306 2356 Ι
1333 2333 1369 2369 p.
1393 2321 1472 2361 123
1493 2333 1569 2369 seq.
1601 2320 1680 2357 coll.
1702 2319 1779 2357 Ra-

1129 2374 1405 2413 oul-Rochette
1435 2376 1532 2413 Hist.
1567 2378 1615 2414 de
1644 2376 1778 2414 l'etabl.

1128 2432 1164 2469 d.
1182 2431 1297 2469 colon.
1321 2432 1454 2481 Grecq.
1475 2433 1525 2470 111
1537 2435 1607 2484 p.8
1620 2446 1695 2483 seq.
1710 2436 1776 2475 72.

1183 2484 1225 2528 τό
1254 2485 1306 2539 δή
1349 2487 1533 2540 Τριόπιον
1573 2488 1774 2536 καλέεται]

1126 2545 1149 2582 ἰ.
1169 2558 1200 2582 e.
1231 2558 1360 2594 „quae
1387 2546 1533 2594 quidem
1551 2547 1653 2595 regio
1681 2545 1777 2593 (sive

1121 2603 1414 2652 promontorium)
1444 2601 1648 2653 appellatur
1665 2602 1701 2639 Τ
1703 2602 1777 2638 rio-

1124 2659 1263 2709 pium.“
1303 2659 1412 2696 Conf.
1440 2658 1601 2709 supral‚
1628 2657 1717 2699 144.

1183 2709 1380 2766 οἷργμὲνης
1408 2712 1451 2753 δὲ
1478 2714 1520 2754 ἐκ
1551 2716 1622 2765 τῆς
1645 2725 1774 2765 χερσο-

1126 2767 1255 2820 νήσου
1285 2773 1357 2822 τῆς
1385 2769 1634 2822 Βυβασσίης]
1673 2769 1774 2807 Libri

1129 2828 1377 2877 Βυβλησίης,
1424 2828 1524 2877 quod
1564 2826 1662 2864 nihili
1705 2831 1772 2863 est.

1130 2883 1362 2935 Receperunt
1379 2883 1464 2922 inde
1484 2883 1652 2929 editores,
1673 2881 1774 2931 quod
