1909 3228
464 208 547 248 592
851 205 1330 245 HERODOTI

430 317 664 372 4σὲβονται
695 315 740 358 δὲ
776 313 938 365 πάντας
972 312 1074 364 τούς
1110 311 1232 368 αἶγας
1263 315 1306 357 οἱ
1346 315 1611 371 Μενδήσιοι,
1642 314 1715 356 καὶ

464 400 628 451 μᾶλλον
656 393 761 443 τούς
801 393 977 447 ἔρσενας
1014 395 1102 434 τῶν
1132 391 1327 446 θηλέων,

1376 394 1447 435 καὶ
1475 393 1641 436 τούτων
1672 393 1715 433 οἱ

465 472 635 517 αἰπόλοι
663 470 787 526 τιμὰς
815 471 992 525 μέζονας
1021 470 1187 526 ἔχουσι·
1219 471 1266 514 ἐκ
1296 471 1340 514 δὲ
1361 470 1528 514 τούτων
1554 469 1612 521 εἷς
1632 470 1712 525 μά-

462 556 610 602 λιστα,
652 549 768 601 ὅστις
806 549 936 592 ἐπεάν
976 546 1206 605 ἀποθάνῃ,
1265 550 1428 600 πένθος
1457 549 1564 604 μέγα
1590 550 1716 592 παντὶ

435 633 526 685 5τῷ
560 631 790 684 Μενδησίῳ
819 632 942 687 νομῷ
970 630 1149 672 τίθεται.
1187 628 1381 672 καλέεται
1411 629 1456 671 δὲ
1487 626 1512 671 ὅ
1540 643 1583 670 τε
1613 626 1770 681 moi-15

461 724 539 763 γος
568 709 641 751 καὶ
671 707 694 751 ὁ
726 706 827 750 Ποὶν
856 709 1130 763 Αἰγυπτιστὶ,
1162 707 1349 763 Μένδης.

461 790 520 843 τῷ
549 791 670 844 νομῷ
700 785 839 844 τούτῳ
869 784 938 830 ἐπ’
971 787 1072 843 ἐμεῦ
1102 791 1232 831 τοῦτο
1265 787 1314 830 τό
1343 786 1490 841 τέρας·

459 989 610 1039 πάντας
619 990 712 1040 τούς
724 989 852 1046 αἶγας]
881 992 942 1031 Cr.
961 993 1055 1030 conf.

404 1050 591 1087 Villoison.
601 1051 648 1087 ad
662 1050 826 1100 Apollon.
842 1050 928 1087 Lex.
944 1050 1052 1086 Hom.

404 1119 489 1157 pag.
509 1109 590 1147 468
604 1106 713 1153 T011.‚
726 1107 786 1143 ubi
804 1108 850 1144 de
870 1119 956 1143 voce
976 1105 1052 1152 αἲξ,

404 1176 499 1212 quae
513 1163 709 1200 masculino
730 1175 865 1212 genere
881 1162 1054 1200 adhibea-

403 1224 472 1256 tur.

461 1273 690 1326 καὶμᾶλλον
701 1272 794 1323 τούς
807 1273 964 1327 ἔρσενας
972 1276 1052 1313 τῶν

403 1330 586 1382 θηλέων]
631 1333 769 1382 Captos
800 1333 961 1369 hircosve
991 1344 1052 1367 cur

403 1389 519 1436 magis
548 1389 781 1435 honorarint,
810 1389 904 1425 haud
929 1387 1055 1424 latebit

405 1458 498 1492 eum,
529 1445 603 1492 qui,
624 1457 718 1493 quae
735 1445 782 1480 de
799 1444 907 1480 Panis
926 1448 1055 1479 natura

404 1513 514 1550 supra
541 1501 693 1536 diximus
720 1499 898 1550 prolifica,
939 1499 1055 1534 omui-

404 1570 537 1605 umque
565 1569 683 1593 rerum
711 1555 882 1603 genitrice
907 1559 1054 1604 reputa-

404 1613 505 1649 verit.
536 1612 575 1647 In
587 1612 702 1649 verbis
717 1611 949 1659 sequentibus
967 1610 1053 1647 hae-

404 1672 527 1705 serunt
545 1668 760 1717 interpretes
778 1668 947 1715 variaque
971 1670 1053 1702 ten-

403 1729 535 1761 tarunt.
574 1725 661 1760 Sine
682 1735 807 1769 causa,
839 1728 879 1758 ut
898 1722 983 1758 inihi
1001 1722 1054 1757 vi-

403 1780 521 1817 detur.
568 1779 665 1816 Nam
688 1779 843 1828 primum
873 1778 909 1814 in
937 1777 1053 1814 verbis

384 1835 471 1883 ικαὶ
504 1830 654 1874 τούτων
683 1834 724 1873 οἱ
754 1830 911 1872 αἰπόλοι
938 1847 1054 1897 τιμας

404 1891 568 1943 μέζονας
608 1889 759 1941 ε’,χουσι
810 1894 937 1940 aperte
964 1883 1053 1927 τού-

402 1964 480 1987 των
500 1947 655 1997 pertinet
683 1947 731 1984 ad
749 1942 862 1998 αἶγας
882 1944 1054 1996 ἔρσενας,

402 2009 443 2041 ut
476 2005 653 2040 hircorum
689 2007 853 2053 pastores
882 2002 1054 2038 maiorem

403 2074 511 2109 quam
533 2072 720 2110 caprarum
739 2059 913 2096 honorem
931 2063 1055 2095 tenere

404 2118 579 2153 dicantur.
620 2115 772 2152 Locutio
801 2110 966 2160 αἰπόλος
996 2113 1054 2152 αι’-

402 2175 486 2225 γῶν
507 2171 592 2209 nihil
618 2172 727 2209 habet
757 2172 904 2217 absoni,
944 2182 1053 2219 quum

403 2229 589 2278 aliquoties
618 2228 661 2265 ea
682 2241 766 2265 usus
787 2228 893 2265 fuerit
914 2227 1053 2264 Home-

402 2299 486 2332 rus,
515 2298 548 2321 v.
570 2298 599 2321 c.
623 2284 757 2332 Odyss.
779 2279 824 2335 ρ’,
844 2283 936 2325 246.
955 2285 1048 2323 269.

402 2342 505 2378 llaec
523 2341 633 2390 igitur
655 2342 765 2377 verba
792 2339 878 2387 (καὶ
898 2335 1049 2378 τούτων

402 2418 457 2424 -
478 2397 634 2447 ἔχουσι)
669 2397 697 2433 si
724 2410 791 2447 per
818 2396 1047 2446 parenthesin

403 2455 505 2502 quasi
534 2453 720 2491 interiecta
749 2453 924 2502 accipias,
960 2450 1049 2488 nihil

403 2510 438 2545 iu
457 2522 500 2547 eo
528 2510 714 2556 offendes,
743 2509 841 2558 quod
861 2509 972 2545 verba
991 2521 1048 2545 se-

403 2566 548 2614 quentia
565 2565 606 2605 ἐκ
626 2563 668 2604 δὲ
689 2561 839 2604 τούτων
863 2560 918 2610 εἷς
937 2561 1047 2615 μα’λι-

404 2633 472 2659 στα
495 2637 528 2660 κ.
548 2636 578 2660 τ.
597 2624 628 2660 λ.
656 2622 703 2658 ad
722 2622 838 2658 hircos
860 2620 1050 2658 reserenda

404 2682 499 2724 sunt,
529 2691 548 2715 e
566 2678 693 2727 quibus
706 2691 814 2714 unum
826 2678 1050 2727 potissimum

405 2744 483 2768 esse
513 2734 561 2769 ait
588 2734 740 2782 Noster,
778 2735 860 2783 qui,
902 2733 1049 2782 quaudo

404 2788 511 2823 suerit
539 2794 723 2836 mortuus,
752 2790 900 2826 multum
925 2789 1050 2837 lugea-

404 2847 462 2879 tur
480 2856 501 2879 a
513 2843 721 2882 Mendesiis.
742 2845 869 2895 Itaque
882 2846 1050 2895 equidem

1399 707 1563 762 ἐγένετο
1595 703 1635 749 δ’
1669 704 1716 748 ἐν

1539 784 1715 842 γυναικὶ

1122 993 1171 1030 nil
1208 994 1245 1031 in
1274 993 1487 1041 Herodoto,
1526 994 1622 1030 cuius
1656 993 1771 1028 oratio

1123 1051 1341 1099 quibusdam
1366 1051 1462 1086 haud
1492 1050 1577 1087 satis
1602 1050 1772 1098 expedita

1122 1112 1234 1155 atque
1253 1106 1409 1143 dilucida
1428 1110 1485 1143 est
1504 1106 1599 1151 visa,
1628 1110 1770 1141 mutan-

1121 1164 1208 1200 dum
1230 1176 1384 1207 cens‹·;o
1411 1163 1564 1199 maxime
1583 1173 1668 1198 vero
1697 1161 1770 1197 dis-

1118 1219 1250 1270 plicet,
1297 1219 1397 1268 quod
1436 1231 1502 1268 pro
1541 1217 1582 1256 οἷ
1617 1212 1772 1255 αἰπόλοι

1119 1276 1333 1313 Schaeserus
1354 1274 1437 1311 olim
1458 1273 1619 1325 reposuit
1648 1272 1689 1311 οἵ
1710 1269 1770 1312 κό-

1120 1334 1201 1379 λοι,
1230 1336 1268 1368 ut
1300 1331 1547 1380 intelligantur
1575 1330 1666 1366 larci
1694 1343 1768 1366 cor—

1121 1402 1193 1425 mm
1220 1401 1284 1424 non
1315 1388 1499 1434 habentes,
1538 1386 1618 1423 coll.
1648 1385 1771 1423 Theo-

1123 1444 1313 1490 crit.V111‚
1334 1445 1384 1484 51
1408 1456 1488 1479 cuin
1507 1442 1616 1479 schol.

1177 1497 1350 1537 καλέεται
1371 1496 1682 1548 (Σὲ-Μένδης]
1712 1479 1769 1535 De

1121 1569 1161 1592 re
1177 1556 1257 1606 ipsa
1272 1556 1341 1591 iarn
1354 1567 1462 1605 supra
1472 1555 1654 1591 monitum.
1675 1555 1770 1590 Sunt

1120 1625 1226 1657 vero,
1259 1612 1318 1660 qui
1339 1610 1483 1647 Tlimue's
1511 1611 1603 1659 (quo
1624 1612 1770 1647 nominc

1121 1668 1298 1705 invenitur
1327 1668 1412 1703 urbs
1443 1670 1479 1703 in
1506 1667 1664 1703 inferiori
1691 1667 1767 1703 Ae-

1123 1729 1238 1773 gypto
1280 1728 1390 1771 atque
1419 1735 1567 1768 nomus,
1617 1735 1722 1771 quem
1747 1736 1768 1759 a

1120 1779 1312 1815 Mendesio
1345 1777 1484 1816 Noster
1512 1778 1705 1827 distinguit
1726 1778 1770 1824 ll,

1125 1836 1223 1881 166)
1256 1834 1517 1884 Aegyptiorum
1544 1834 1668 1883 lingua
1693 1835 1767 1871 ln'r-

1123 1904 1199 1928 cum
1217 1891 1439 1940 significasse
1451 1890 1680 1938 arbitrentur,
1689 1904 1768 1928 cum

1122 1947 1180 1985 alii
1201 1947 1307 1983 leonis
1327 1947 1442 1983 urbem
1461 1947 1529 1983 hoc
1543 1947 1688 1984 nomine
1704 1947 1768 1984 de-

1124 2004 1259 2052 signari
1301 2003 1522 2040 contendant
1541 2031 1552 2050 ‚
1617 2003 1768 2054 ipseque

1121 2059 1348 2109 Champollio
1377 2059 1512 2096 insulae
1537 2059 1769 2108 significatio-

1120 2129 1204 2153 nem
1226 2117 1260 2151 in
1280 2116 1349 2152 hac
1363 2129 1450 2153 voce
1479 2116 1597 2152 inesse
1618 2119 1766 2152 statuat.

1120 2173 1178 2209 Cf.
1197 2171 1368 2208 Creuzer.
1388 2171 1551 2220 Symbol.
1574 2171 1588 2207 Ι
1616 2185 1652 2220 p.
1670 2170 1764 2211 477.

1159 2226 1316 2278 γυναικὶ
1328 2223 1471 2277 τράγος
1481 2225 1655 2278 ἐμίσγετο
1669 2221 1764 2264 α’να-

1119 2279 1297 2333 φανδόν]
1329 2283 1510 2320 Mendetis
1530 2283 1566 2320 in
1584 2284 1672 2320 urbe
1689 2283 1763 2320 hir-

1116 2354 1176 2377 cos
1196 2340 1400 2376 uuilieribus
1428 2352 1467 2377 se
1499 2340 1649 2377 miscere
1678 2339 1764 2376 Pin-

1116 2397 1225 2433 darus
1261 2408 1406 2444 quoque
1436 2395 1615 2433 cecinerat
1654 2396 1764 2443 (vide

1114 2453 1236 2488 Strab.
1261 2452 1362 2488 XVll
1388 2465 1424 2502 p.
1448 2451 1588 2498 1154),
1619 2464 1662 2489 ex
1691 2465 1765 2501 quo

1116 2508 1176 2545 alii
1195 2509 1415 2558 repetierunt
1435 2507 1569 2545 laudati
1582 2507 1764 2545 aSchnei-

1116 2565 1204 2602 dero
1227 2565 1274 2601 ad
1294 2564 1441 2600 Pindari
1463 2565 1591 2613 fragm.
1622 2577 1657 2613 p.
1683 2566 1763 2606 122

1117 2621 1174 2657 ed.
1195 2621 1314 2668 Heyn.
1339 2625 1425 2657 tom.
1449 2620 1495 2657 ΙΙΙ
1522 2625 1559 2658 et
1590 2620 1761 2657 Bochart.

1116 2677 1264 2714 Hieroz.
1299 2676 1350 2723 ll,
1376 2677 1439 2717 53.
1498 2676 1599 2713 ldem
1624 2676 1762 2712 facinus

1117 2733 1164 2770 de
1176 2733 1210 2769 T
1213 2733 1356 2769 hmuitis
1377 2733 1435 2769 alii
1457 2732 1672 2777 retulerunt3
1690 2732 1760 2768 vid.

1117 2789 1231 2826 Clem.
1252 2788 1444 2826 Alexandr.
1463 2802 1499 2839 p.
1523 2791 1587 2830 27.
1618 2787 1671 2826 Ac
1686 2792 1762 2824 tur-

1115 2845 1252 2895 pissimi
1280 2845 1384 2882 huius
1403 2844 1534 2882 amoris
1563 2855 1706 2881 causam
1737 2854 1759 2879 a
