1909 3228
586 231 1108 272 EUTERPE.11.
1380 232 1465 272 615

201 344 249 388 ἐν
279 342 447 400 Θήβῃσι
479 342 577 397 ἷρὸν
606 341 736 394 Διός,
762 342 869 386 ἔνθα
898 340 1097 392 ἀπίκετο,
1137 340 1330 383 ἐνθαῦτα
1352 337 1462 396 μνή-

173 429 293 479 Ξμην
322 421 461 467 αὐτοῦ
491 423 610 479 ἔχειν.
660 422 707 466 ἐκ
733 422 778 465 δὲ
807 420 993 473 τούτου,
1033 417 1298 477 χρηστήριον
1327 434 1461 475 κατη-

201 500 387 559 γήσατο,
446 502 537 546 ἐπεί
576 518 619 546 τε
660 502 868 557 συνέλαβε
911 500 990 556 τὴν
1024 497 1207 542 Ἐλλάδα
1246 502 1518 554 γλῶσσαν.70

173 580 344 637 Βφάναι
383 580 428 625 δέ
471 583 514 625 οἱ
552 581 764 637 ἀδελφεὴν
803 581 849 624 ἐν
896 578 1040 636 Λιβύῃ
1080 582 1328 633 πεπρῆσθαι
1373 575 1460 621 ὑπὸ

200 665 291 704 τῶν
322 659 469 704 αὐτῶν
512 662 751 711 Φοινίκων,
797 657 870 702 ὑπ’
913 653 975 701 ὧν
1013 657 1085 700 καὶ
1129 656 1237 711 αὐτή
1277 655 1461 712 ἐπρήθη.

77 746 144 794 57
202 738 429 790 Πελειάδες
467 740 512 784 δέ
554 756 629 795 μοι
669 738 870 783 δοκέουσι
913 741 1130 793 κληθῆναι
1159 735 1266 789 πρὸς
1294 738 1458 779 Δωδω-

1516 733 1673 761 Columbae
1699 742 1718 761 a
1735 734 1795 761 Do-

1516 768 1638 795 ‹ionaeis
1655 768 1796 795 mulieres

1516 802 1663 829 barbaras
1701 801 1796 829 dictas

200 820 338 863 ναίων
363 819 432 862 ἐπὶ
459 820 588 862 τοῦδε
618 820 664 861 αἱ
690 823 914 874 γυναῖκες,
945 816 1058 860 διότι
1087 815 1305 872 βάρβαροι
1321 810 1455 872 ἦσαν·
1516 835 1622 864 videri.

141 1027 353 1065 narratione
400 1030 524 1064 essent
572 1026 791 1076 accipienda.

143 1079 274 1134 φηγὸς
293 1088 412 1120 autem
432 1084 490 1119 vix
506 1087 602 1120 recte
622 1082 794 1130 intelligi-

142 1144 204 1177 tur
227 1139 366 1189 fagus,
399 1153 476 1176 cum
505 1140 626 1188 potius
649 1152 794 1188 quercus

142 1196 279 1233 esculus
306 1197 373 1242 sit,
404 1196 501 1232 cuius
524 1197 658 1232 fructus
676 1200 712 1232 et
735 1195 794 1232 edi

142 1256 298 1303 possunt
327 1257 363 1290 et
389 1265 513 1289 revera
542 1251 707 1300 Pelasgis
734 1264 795 1287 ru-

143 1310 273 1354 dibus,
312 1309 372 1358 qui
394 1307 471 1344 illas
496 1309 662 1356 regiones
693 1309 795 1344 inco-

142 1365 287 1411 lebant,
316 1366 446 1401 victum
468 1365 724 1413 suppeditasse
742 1363 798 1399 di-

144 1427 282 1458 cuntur.
320 1420 417 1458 Hinc
440 1433 539 1456 sacra
562 1420 680 1465 arbor,
702 1432 797 1467 quae

140 1478 257 1528 prima
275 1476 361 1513 olim
395 1476 567 1513 alimenta
588 1476 795 1512 hominibus

139 1533 373 1584 praebuerit,
390 1532 472 1569 hinc
495 1533 615 1582 ipsum
637 1532 712 1569 eius
728 1543 795 1567 no-

141 1603 249 1636 men,
269 1589 369 1638 quod
390 1589 434 1625 ab
457 1589 601 1626 edendo
622 1589 664 1635 (a
682 1588 794 1625 verbo

141 1647 306 1697 φαγεῖν)
329 1646 473 1682 ductum
499 1645 555 1681 vix
575 1645 740 1682 dubitare
752 1643 795 1680 li-

141 1703 251 1749 cebit,
280 1702 363 1738 hinc
392 1713 435 1739 ex
467 1702 586 1738 sonitu
615 1702 793 1747 foliorum,

143 1771 187 1796 ex
207 1759 331 1794 avibus
349 1758 696 1803 circumvolantibus,
717 1757 794 1793 aliis

142 1815 322 1852 eiusmodi
353 1814 460 1850 rebus
491 1813 635 1850 oracula
663 1814 794 1863 petita,

143 1870 266 1919 qualia
282 1869 338 1906 vel
356 1870 454 1919 apud
476 1873 622 1905 nostros
641 1870 796 1905 maiores

144 1927 182 1963 in
202 1926 465 1963 Germanorum
485 1930 521 1962 et
540 1925 723 1962 Celtarum
741 1924 797 1960 lu-

143 1983 196 2020 cis
231 1985 429 2018 occurrunt.
488 1981 597 2018 Plura
628 1981 797 2018 Creuzer.

144 2038 306 2087 Syinbol.
339 2038 369 2073 ll
401 2050 484 2086 pag.
514 2038 596 2078 476
615 2050 690 2085 seq.
716 2036 795 2073 coll.

143 2096 266 2132 Kruse
287 2093 411 2131 Hellas
433 2094 446 2129 l
471 2108 505 2143 p.
526 2094 618 2134 443.
652 2094 692 2130 ln
712 2106 795 2142 pro-

143 2151 306 2189 verbium
328 2150 421 2187 adeo
453 2151 563 2187 cessit
593 2150 686 2186 lovis
718 2149 796 2185 Do-

144 2209 276 2245 donaei
309 2207 437 2250 arbor,
466 2207 509 2242 cf.
533 2206 623 2242 Plat.
643 2206 797 2242 Phaedr.

143 2276 230 2315 pag.
251 2262 352 2310 275,
380 2262 412 2298 B
454 2263 577 2312 ibique
600 2262 798 2299 Heindorf.

202 2372 400 2424 ἀδελφεὴν
422 2374 464 2414 ἐν
489 2370 628 2429 Λιβύῃ
651 2375 801 2424 πεπρῆ-

147 2430 260 2480 σθαι]
280 2430 365 2468 Noli
385 2432 538 2469 scribere
559 2430 606 2477 ἐς
623 2426 800 2481 Λιβύην.

145 2487 310 2524 Indicare
328 2488 420 2524 enim
440 2487 551 2524 voluit
572 2487 719 2533 mulier,
740 2501 800 2523 so-

146 2556 266 2580 rorem
295 2555 316 2578 a
346 2543 584 2580 Phoenicibus
615 2544 799 2580 venditam

149 2613 231 2637 esse
260 2599 296 2634 in
322 2598 500 2646 Libyam,
530 2612 601 2648 qua
635 2601 671 2635 in
703 2604 800 2636 terra

147 2656 233 2692 dein
261 2660 551 2692 commoraretur.
609 2656 718 2691 Haud
746 2656 802 2691 in-

145 2713 320 2760 frequens
371 2711 520 2748 Graeeis
568 2712 800 2761 scriptoribus

147 2767 239 2805 haec
278 2767 453 2804 orationis
504 2767 802 2816 breviloquentia,

148 2836 224 2873 qua
252 2827 398 2874 praeter
423 2828 540 2860 motus
570 2824 802 2872 significatio-

149 2893 235 2919 nem
255 2880 363 2918 etiam
373 2880 607 2918 commoratio
626 2880 664 2917 in
683 2880 804 2930 aliquo

861 1025 940 1062 loco
960 1025 1138 1062 indicatur
1163 1022 1437 1074 praepositione
1463 1020 1517 1060 ἐν.

868 1082 925 1119 Cf.
945 1082 1074 1118 Matth.
1098 1082 1163 1117 Gr.
1186 1081 1249 1117 Gr.
1264 1093 1300 1129 p.
1318 1078 1422 1120 1141
1441 1091 1517 1127 seq.

866 1160 913 1165 —
939 1138 980 1175 In
1003 1138 1119 1175 verbis
1141 1131 1381 1187 χρηστήριον
1402 1150 1519 1184 κατη-

861 1191 1008 1246 γήσατο
1031 1194 1230 1239 (oraculum
1251 1195 1428 1239 instituit)
1456 1192 1522 1227 mi-

863 1251 959 1288 nime
989 1251 1218 1287 scribendum
1257 1248 1521 1299 χρηστηρίου.

862 1308 984 1356 Supra
1022 1307 1118 1344 enim
1157 1306 1211 1353 II,
1250 1309 1304 1346 49
1348 1305 1519 1353 legimus:

862 1360 951 1401 τόν
983 1359 1185 1411 φαλλόν
1205 1384 1262 1388 —-
1280 1360 1361 1399 ἐστὶ
1393 1359 1418 1400 ὁ
1445 1375 1522 1398 κα-

862 1413 1219 1471 τηγησάμενος
1240 1433 1277 1456 κ.
1296 1431 1330 1455 τ.
1348 1420 1382 1455 λ.

1062 1501 1174 1552 cap.
1205 1500 1319 1538 LVII.

919 1581 1123 1632 πελειάδες
1146 1583 1189 1624 δέ
1211 1582 1419 1636 μοι-ἐπὶ
1431 1586 1520 1623 τοῦ-

864 1643 906 1682 δε
928 1643 972 1681 αἰ
995 1643 1202 1695 γυναῖκες]
1233 1641 1292 1693 De
1318 1654 1384 1678 usu
1413 1654 1521 1691 prae-

863 1700 1053 1750 positionis
1085 1697 1149 1737 ἐπὶ
1176 1698 1380 1735 monuimus
1410 1698 1458 1734 ad
1489 1697 1520 1744 I,

866 1757 929 1797 14.
957 1756 1016 1792 Ad
1037 1769 1112 1792 rem
1132 1756 1248 1805 ipsam
1261 1755 1364 1803 quodv
1378 1755 1519 1800 attinet,

865 1816 949 1848 sunt
981 1812 1043 1860 qui
1069 1811 1213 1848 fabulae
1241 1811 1403 1858 origines
1434 1810 1520 1846 inde

864 1868 981 1917 repeti
1006 1866 1138 1913 velint,
1168 1867 1291 1914 quod,
1326 1879 1404 1902 cum
1418 1865 1517 1914 apud

864 1924 1034 1973 Epirotas
1059 1923 1240 1967 πελείους
1265 1922 1379 1958 dictos
1407 1921 1519 1958 fuisse

867 1993 971 2017 senes
998 1979 1197 2027 Hesychius
1221 1982 1364 2024 narret,
1389 1977 1519 2014 Dodo-

865 2048 1038 2072 naeorum
1067 2048 1212 2083 quoque
1238 2046 1420 2070 sacrorum
1454 2046 1520 2069 an-

864 2092 999 2129 tistites
1036 2090 1178 2128 vetulae
1219 2090 1288 2126 dici
1335 2089 1520 2139 potuerint

867 2147 1039 2191 πέλειαι,
1082 2148 1182 2195 quod
1212 2159 1400 2183 commune
1430 2145 1518 2182 alias

866 2205 932 2242 suit
953 2203 1196 2240 columbarum
1216 2202 1437 2238 vocabulum.
1470 2201 1519 2239 Et

866 2261 988 2299 scribit
1006 2260 1152 2296 Servius
1179 2259 1227 2295 ad
1248 2258 1374 2307 virgil.
1389 2257 1517 2306 Eclog.

867 2317 932 2363 lX,
959 2320 1006 2357 13
1029 2315 1240 2352 Thessalica
1267 2314 1390 2363 lingua
1405 2313 1519 2363 pelia-

867 2374 925 2410 des
942 2373 1011 2409 dici
1034 2376 1069 2409 et
1087 2371 1269 2408 columbas
1288 2375 1322 2407 et
1346 2371 1517 2406 vaticina-

867 2431 975 2467 trices
997 2427 1175 2465 mulieres.
1233 2426 1315 2464 Nec
1331 2431 1453 2463 tamen
1476 2439 1519 2463 ea

868 2486 1046 2524 sufficient
1065 2485 1113 2521 ad
1131 2482 1274 2520 fabulae
1292 2495 1435 2519 sensum
1450 2482 1519 2519 rite

868 2542 1138 2590 intelligendum
1151 2569 1161 2587 ,
1172 2552 1281 2588 quem
1295 2552 1338 2576 ex
1357 2538 1519 2575 interiori

868 2600 997 2636 horum
1030 2609 1212 2634 sacrorum
1239 2595 1361 2632 indole
1390 2607 1516 2631 cruere

868 2655 1007 2693 studuit
1029 2654 1200 2690 Creuzer.
1217 2652 1254 2687 in
1283 2651 1444 2700 Symbol.
1467 2649 1517 2687 IV

868 2726 903 2761 p.
922 2713 998 2751 161
1025 2722 1126 2757 seqq.
1142 2710 1219 2748 165
1240 2720 1314 2755 seq.
1345 2707 1516 2755 Namque

868 2767 1049 2805 Dodonae
1066 2766 1101 2801 in
1121 2763 1353 2813 religionibus
1367 2763 1440 2799 lovi
1453 2763 1518 2799 ad-

871 2824 950 2860 dita
970 2826 1049 2859 erat
1071 2821 1184 2858 Dione
1207 2819 1337 2867 Venus,
1374 2819 1430 2856 cui
1458 2831 1519 2855 co-

870 2879 993 2917 lumba
1009 2881 1090 2916 erat
1107 2879 1338 2923 consecrata,
1368 2888 1463 2925 quae
1481 2874 1517 2911 in
