1909 3228
137 920 251 980 ἰῐεκᾱε

473 196 558 235 442

444 302 521 346 8τό
550 303 728 358 χρυσίον
753 299 890 344 ἐκέετο
919 300 1068 356 νόμος.

883 193 1347 233 HERODOTI

1126 302 1222 359 ἐξῆν
1253 303 1299 346 δὲ
1329 305 1401 347 καὶ
1430 304 1472 357 ἐξ
1503 304 1632 361 ἄλλης
1659 304 1748 348 {LI

470 380 610 425 θόντα
639 379 785 435 κώμης
812 379 891 422 τόν
920 380 1190 436 βουλόμενον
1221 380 1444 425 ω’νὲεσθαι.
1479 382 1503 427 ὁ
1534 384 1614 439 μέν
1640 400 1724 426 νυν

468 460 693 509 κάλλιστος
720 456 876 512 νόμος,
914 453 1043 510 οὗτός
1073 471 1152 515 σφι
1181 455 1254 515 ἦν·
1307 460 1361 503 οὐ
1389 462 1535 517 μέντοι
1563 467 1647 506 νῦν
1674 478 1722 518 γε

439 541 673 583 9διετὲλεσε
702 535 796 579 ἐών.
856 536 960 581 ἄλλο
991 539 1036 582 δέ
1065 555 1107 582 τι
1143 537 1397 596 ἐξευρήκασι
1428 541 1582 584 νεωστὶ
1611 541 1724 597 γενέ-

1314 617 1534 633 ’’’’’

465 700 536 738 λιν
565 693 775 751 ἄγωνται·
818 698 908 741 ἐπεί
941 714 986 741 τε
1014 696 1098 754 γὰρ
1128 697 1302 749 ἁλόντες
1333 698 1619 755 ἐκακώθησαν
1650 698 1752 742 καὶὸ

469 774 885 832 οἰκοφθορήθησαν,
915 780 1000 828 πᾶς
1028 793 1092 828 τις
1120 781 1200 821 τοῦ
1231 776 1398 834 δήμου,
1437 780 1538 835 βίου
1568 778 1724 822 σπανί-

310 857 410 901 197
468 857 579 907 ζων,
625 856 943 911 καταπορνεύει
978 873 1032 899 τα
1074 855 1211 913 θήλεα
1239 856 1378 901 τέκνα
1436 859 1651 913 Δεύτερος
1679 857 1725 901 δὲ

150 954 232 1014 1ιν
235 962 299 982 οων
277 928 351 990 ᾝῖνῖ
351 920 412 982 ἶὲηῗ
469 934 604 989 σοφίῃ
635 933 709 978 ὅδε
740 934 869 986 ἄλλος
908 947 986 991 σφι
1024 934 1162 992 νόμος
1199 936 1461 993 κατεστήκεε.
1513 954 1618 989 τους
1649 934 1723 980 κά-

464 1028 654 1069 μνοντας
693 1030 734 1064 ες
771 1013 852 1070 τὴν
892 1013 1057 1072 ἀγορὴν
1106 1015 1394 1071 ἐκφο9έου6ι’

1452 1015 1507 1061 οὐ
1546 1016 1629 1073 γὰρ
1670 1015 1723 1073 δή

437 1092 675 1148 Ξχρὲωνται
703 1094 898 1150 ἰητροῖσι.
927 1094 1184 1151 προσιόντες
1213 1090 1276 1139 ὦν
1303 1094 1413 1152 πρὸς
1441 1096 1517 1141 τὸν
1536 1095 1723 1152 κάμνον·
1736 1103 1780 1137 1ο

407 1328 649 1374 reposuerunt
697 1325 1059 1376 Schweighaeuserus

407 1384 445 1417 et
470 1380 719 1427 Gaisfordius3
748 1383 876 1431 quibus
896 1384 1061 1421 lubenter

407 1436 715 1485 obtemperassem
728 1467 738 1485 ,
760 1440 869 1476 modo
892 1452 986 1488 quae
1004 1439 1058 1475 his

405 1491 453 1528 sit
472 1492 524 1528 vis
545 1493 741 1542 particulae
759 1490 830 1541 ἂν,
852 1494 1057 1544 intelligere

403 1560 562 1598 possem.
621 1549 745 1592 Quare
784 1551 870 1587 dedi
909 1546 1057 1603 ἄπαγε-

406 1607 525 1651 σθαι,
557 1606 657 1652 quod
686 1606 782 1643 idem
806 1607 976 1644 intactum
999 1621 1057 1645 re-

403 1658 508 1708 liquit
543 1659 730 1699 Matthiae.
770 1682 826 1690 -
863 1662 922 1701 De
954 1660 1057 1703 οὕτω

405 1715 615 1764 eleganter,
653 1718 851 1781 participiis
876 1719 934 1757 vel
969 1720 1056 1770 ipsis

403 1771 564 1822 periodis
591 1774 838 1822 praegressiS,
874 1776 1060 1826 postposi-

403 1833 443 1864 to
460 1828 611 1865 laudant
637 1829 675 1877 1,
705 1829 771 1870 94.
802 1830 948 1877 l[,92.
979 1834 1058 1873 100

404 1887 473 1921 etc.
509 1912 533 1931 „
545 1884 653 1922 Plura
684 1885 983 1934 lVyttenbachius
1011 1888 1061 1925 ad

403 1940 547 1978 Platon.
583 1941 770 1979 Phaedon.
801 1956 839 1993 p.
873 1946 953 1984 164
981 1958 1057 1994 seq.

403 1995 597 2034 Heindorf.
617 1998 665 2034 ad
684 1998 800 2048 Gorg.
823 2013 860 2050 p.
879 2003 960 2041 209
978 2014 1056 2050 seq.

405 2052 555 2101 Taylor.
574 2054 622 2090 ad
640 2054 877 2094 Demosthen.
902 2056 1055 2095 Midian.

404 2122 442 2160 p.
461 2111 543 2151 628
559 2109 714 2148 Reiskf‘
744 2111 809 2148 Cr.

462 2162 556 2204 ἄλλο
577 2164 619 2204 δέ
640 2181 677 2205 τι
697 2162 930 2220 ἐξευρήκασι
950 2183 1054 2208 νεω-

405 2219 467 2260 στὶ
484 2220 697 2274 γενέσθαι]
728 2224 750 2261 i.
771 2238 802 2262 e.
832 2224 934 2262 almd
952 2225 1056 2275 φαά-

404 2277 488 2315 dam
523 2281 794 2328 excogitarunt,
833 2282 934 2331 quod
960 2295 1056 2319 nunc

405 2334 442 2371 in
463 2347 529 2371 usu
549 2339 630 2384 est,
659 2349 706 2374 ne
722 2337 789 2374 illis
809 2337 1009 2388 (puellis)
1000 2351 1057 2374 m-

403 2390 533 2428 iuriam
553 2391 729 2431 inferrent
747 2406 838 2432 neve
860 2394 952 2432 istae
967 2394 1054 2431 alias

403 2448 441 2483 in
474 2448 581 2485 urbes
621 2450 896 2489 abducerentur.
962 2449 1056 2498 „Ad

405 2503 516 2541 verba
540 2501 773 2557 ἐξευρήκασι
792 2528 848 2535 —-
870 2504 1057 2558 γενέσθαι

405 2558 503 2596 haud
527 2561 605 2600 sine
623 2563 738 2600 fructu
757 2563 946 2601 adhibebis
960 2562 1058 2601 Mat-

407 2615 504 2653 thiae
533 2617 600 2654 Gr.
628 2618 694 2655 Gr.
733 2632 822 2670 pag.
855 2619 974 2661 1051
1002 2639 1058 2647 -·

408 2669 452 2707 ln
480 2684 605 2722 seqq.:
637 2689 703 2713 ινα
732 2672 785 2726 μὴ
817 2670 1058 2715 αδικοῖεν

409 2724 578 2778 -μήδ’
605 2752 652 2757 -
674 2727 897 2782 ὄῖγωνται
927 2733 1058 2770 eodem

411 2783 521 2818 modo
544 2783 718 2824 Nostrum
736 2788 934 2827 variantem
958 2790 1059 2828 inve-

412 2836 552 2887 nimus,
582 2853 655 2890 quo
678 2855 790 2894 supra
807 2843 847 2893 I,
870 2844 962 2887 185.

1185 1324 1476 1379 καταπορνεύει
1497 1324 1545 1367 τοῖ
1574 1322 1705 1378 θήλεα
1723 1323 1780 1365 τὲ-

1127 1383 1230 1434 κνα]
1279 1385 1379 1421 Idem
1405 1385 1619 1421 vocabulum
1651 1384 1780 1422 eadem

1127 1440 1165 1476 in
1186 1453 1224 1477 re
1247 1441 1293 1477 de
1314 1440 1428 1488 Lydis
1451 1441 1477 1487 l,
1502 1442 1556 1482 94
1579 1441 1653 1477 init.
1684 1440 1781 1477 Cae-

1126 1499 1241 1532 terum
1263 1494 1426 1544 Heynins
1456 1496 1478 1532 l.
1498 1496 1519 1534 l.
1551 1510 1587 1547 p.
1605 1497 1659 1538 35
1691 1509 1779 1532 con-

1122 1552 1261 1598 tendit,
1291 1551 1481 1600 Bal›)l‹›nii
1509 1566 1588 1590 cum
1615 1557 1779 1601 egestate

1123 1608 1346 1658 potissimum
1396 1609 1515 1645 adacti
1559 1610 1692 1646 suerint
1731 1608 1778 1645 ad

1124 1677 1273 1714 pravum
1294 1665 1428 1701 huncce
1458 1677 1593 1703 morem
1625 1665 1779 1713 vulgan-

1127 1721 1254 1756 dorum
1271 1721 1468 1770 puellarum
1481 1734 1686 1771 corporum,
1703 1733 1778 1757 non

1125 1789 1353 1813 communem
1384 1777 1543 1814 omnium
1564 1778 1778 1815 seminarum

1126 1845 1265 1870 morem
1280 1833 1389 1870 fuisse
1401 1861 1413 1880 ‚
1442 1834 1508 1870 sed
1527 1838 1666 1870 tantum
1685 1846 1778 1883 pau-

1126 1901 1251 1939 perem
1273 1893 1311 1926 et
1332 1890 1568 1936 deformium3
1597 1890 1696 1927 haud
1713 1889 1779 1927 ali-

1127 1949 1183 1983 ter
1219 1949 1329 1994 atque
1372 1947 1471 1996 apud
1510 1946 1660 1995 Lydos,
1703 1947 1778 1994 ubi,

1127 2013 1223 2050 quae
1250 2001 1386 2039 Noster
1420 2007 1545 2040 narrat
1579 2002 1616 2050 Ι,
1647 2005 1701 2044 93
1730 2003 1778 2040 de

1125 2057 1328 2096 horninibus
1357 2070 1401 2096 ex
1427 2058 1536 2109 plebe
1567 2059 1692 2109 egenis
1721 2058 1779 2095 in-

1126 2113 1325 2163 telligenda
1343 2115 1426 2152 sint.

1291 2253 1404 2305 Cap.
1435 2253 1620 2293 cxcvii.

1178 2333 1272 2384 τούς
1290 2333 1517 2388 κάμνοντας
1537 2337 1576 2385 ἐς
1596 2334 1671 2390 τὴν
1685 2333 1776 2390 οἴγο-

1124 2389 1202 2445 ρῆν
1221 2392 1480 2446 ἐκφορέουσι]
1510 2395 1654 2434 Eadem
1674 2395 1778 2433 Stra-

1124 2451 1173 2488 bo
1194 2450 1280 2488 XVI
1301 2464 1387 2502 pag.
1413 2453 1521 2493 1082
1547 2464 1576 2489 S.
1595 2463 1681 2502 pag.
1693 2450 1777 2493 746

1126 2507 1212 2544 Cas.
1244 2506 1323 2544 coll.
1370 2507 1550 2545 Plutarch.
1582 2507 1712 2545 Moral.
1743 2506 1778 2544 11

1125 2575 1212 2614 pag.
1246 2565 1374 2611 1128,
1407 2564 1451 2601 E.
1508 2564 1566 2601 Ex
1591 2565 1689 2602 hisce
1711 2575 1779 2601 au-

1126 2625 1201 2657 tem
1232 2620 1335 2657 rudia
1370 2620 1455 2657 artis
1493 2621 1658 2659 medicae
1697 2619 1776 2670 pri-

1125 2676 1267 2714 mordia
1293 2676 1390 2714 haud
1408 2677 1513 2727 pauci
1531 2677 1646 2728 repeti
1665 2688 1776 2726 posse

1125 2733 1352 2780 existimant,
1382 2745 1474 2782 quos
1490 2733 1601 2770 citant
1616 2730 1776 2770 Almelo-

1124 2801 1227 2826 veen.
1250 2789 1298 2826 ad
1319 2789 1489 2826 Strabon.
1509 2788 1532 2826 l.
1551 2788 1574 2826 l.
1595 2792 1633 2826 et
1647 2787 1771 2827 Davis.

1123 2845 1174 2883 ad
1185 2843 1331 2883 Maxim.
1343 2844 1433 2895 Tyr.
1444 2844 1542 2884 Diss,
1554 2844 1666 2896 Xle.
1676 2840 1770 2884 540.
