1877 3223
40 559 106 606 80

639 216 935 256 cL10.1.

1332 219 1413 259 201

162 328 217 382 τῇ
242 324 356 382 Ἀσίῃ
387 323 486 370 οὕτε
517 323 840 380 ἀνδρειότερον,
873 324 974 369 οὔτε
1007 322 1306 382 ἀλκιμώτερον
1333 331 1415 371 τοῦ

161 406 342 448 Λυδίου.
395 403 422 461 ἡ
455 405 500 449 δὲ
529 405 642 462 μάχη
672 406 818 458 σφέων
847 401 904 461 ἦν
930 402 1000 448 ἀπ’
1030 406 1191 457 ἵππων,
1222 405 1417 461 δούρατά

161 500 206 528 τε
235 483 424 540 ἐφόρεον
452 483 635 540 μεγάλα,
672 485 743 528 καὶ
774 482 897 527 αὐτοὶ
929 480 1041 539 ἦσαν
1071 482 1329 528 ἱππεύεσθαι
1359 482 1412 527 ἀ-
1426 491 1472 525 30

161 646 244 686 τοῦ
274 641 423 694 ἄστεός
458 643 547 686 ἐστι
576 648 656 687 τοῦ
686 644 965 698 Σαρδιηνοῦ,
1011 641 1084 685 ἐὸν
1119 642 1228 697 μέγα
1265 658 1309 686 τε
1337 642 1411 686 καὶ

163 720 316 773 ψιλὸν,
355 721 454 777 (διὰ
492 722 538 765 δὲ
578 722 716 766 αὐτοῦ
753 721 936 778 ποταμοὶ
974 719 1146 777 ῥέοντες
1183 721 1258 765 καὶ
1286 719 1411 765 ἄλλοι
1469 739 1628 776 opponenti

1496 780 1574 798 orum
1594 780 1620 797 Vl

161 892 192 944 ἦ
216 892 259 933 δὲ
293 889 398 946 μάχη
443 894 578 946 σφέων
605 890 660 948 ἧν
693 892 758 936 ἄπ’

106 949 264 1001 ἵππων]
297 947 506 990 ἄπ’ἴππων
525 954 646 1003 plures
658 954 756 1003 iique

106 1006 287 1044 meliores.
323 1007 393 1044 Alii
414 1004 485 1058 ἐφ’
506 1009 650 1049 ἳππων.
679 1010 756 1047 Lo-

106 1063 251 1100 cutione
280 1063 361 1112 ipsa
383 1078 542 1114 pugnam
571 1070 756 1116 equestrem

108 1119 257 1156 indicari
280 1121 348 1156 iam
373 1121 467 1159 bene
487 1123 626 1159 monuit
646 1123 756 1160 IVes-

108 1176 281 1224 selingius
294 1205 304 1223 ‚
334 1177 395 1225 qui
414 1178 460 1215 de
475 1177 662 1226 Lydorum
680 1183 758 1216 arte

108 1232 293 1280 equitandi
324 1238 509 1283 comparat
548 1235 758 1271 Philostrati

106 1287 230 1324 Iconn.
254 1287 292 1334 Ι,
315 1291 366 1329 17
394 1303 481 1339 pag.
500 1292 582 1331 788
614 1296 648 1328 et
677 1291 757 1326 Ho-

107 1356 195 1381 mer.
216 1343 256 1380 Il.
275 1344 322 1391 X,
346 1347 439 1385 431.
492 1346 590 1389 Quin
609 1347 646 1382 in
667 1347 757 1395 ipsis

106 1399 320 1449 anaglyphis
332 1400 487 1438 Persicis
508 1402 673 1440 videntur
680 1402 756 1450 Ly-

107 1456 145 1493 di
169 1458 431 1505 repraesentati
448 1471 527 1494 cum
547 1459 650 1507 equis
663 1471 755 1506 quos

107 1512 229 1548 tributi
248 1511 328 1549 loco
348 1514 425 1561 regi
445 1514 612 1551 offerunt.
671 1514 754 1551 Vid.

108 1568 323 1606 Grotefend.
345 1570 382 1606 in
396 1570 574 1619 Bottiger.
596 1569 753 1607 Amalth.

107 1624 143 1661 Π
171 1638 207 1674 p.
233 1627 298 1666 98.
356 1626 453 1662 Hinc
484 1639 559 1664 non
591 1627 755 1676 improbo

110 1680 210 1729 quod
222 1680 397 1720 Matthiae
414 1683 539 1720 vertit:
560 1696 606 1719 zze
627 1683 757 1733 Pferde

112 1736 279 1786 (proprie
306 1749 372 1774 von
415 1738 479 1774 den
507 1738 663 1788 Pferden
690 1753 757 1776 aus

113 1792 202 1828 oder
213 1792 334 1840 herab)
346 1796 495 1830 strez‘ten.
526 1795 558 1831 V
560 1796 607 1833 id.
623 1794 659 1846 ἓ.
675 1794 757 1836 572

112 1860 198 1898 pag.
220 1851 338 1889 1128.
368 1870 424 1877 —
450 1850 492 1886 In
515 1864 617 1900 seqq.
643 1845 672 1901 ἧ
684 1863 758 1889 σαν

113 1917 134 1941 e
154 1903 252 1940 libris
262 1904 422 1953 plurimis
440 1906 614 1943 dedimus.
639 1907 757 1955 Vulgo

116 1958 227 1998 ἕσαν.
258 1961 407 2010 Spectat
425 1961 494 1998 huc
515 1963 639 1999 forsan
660 1962 759 2010 glos-

115 2028 156 2052 sa
186 2016 224 2052 in
259 2016 419 2054 Bekkeri
450 2016 612 2055 Anecdd.
654 2019 719 2055 Gr.
744 2017 762 2054 I

113 2084 199 2122 pag·
255 2074 358 2119 100,
420 2074 489 2114 15:
562 2069 764 2113 ἱππεύε-

115 2131 214 2193 σθα
227 2139 260 2166 ι·
291 2131 544 2179 παθητικῶς·
562 2126 765 2183 Ἡρόδοτος

114 2197 274 2240 πρωτῳ.

293 2268 324 2306 C
336 2281 357 2306 a
365 2283 403 2321 p.
431 2268 588 2309 LXXX.

172 2347 236 2392 ἐὸν
248 2349 345 2403 μέγα
365 2368 404 2393 τε
414 2352 481 2394 καὶ
492 2350 631 2404 ψιλόν]
645 2349 768 2404 ψιλὸν

118 2405 141 2443 i.
167 2419 199 2444 e.
228 2408 427 2458 arboribus,
460 2411 595 2461 plantis
620 2424 688 2448 non
715 2414 767 2446 te-

121 2464 235 2510 ctum,
274 2465 430 2504 obsitum.
467 2488 524 2495 —
559 2467 619 2505 De
656 2466 768 2517 Hyllo

123 2518 230 2555 fluvio
280 2523 414 2559 consul.
465 2524 634 2560 Strabon.
678 2523 765 2560 XIII

121 2586 157 2622 p-
191 2576 272 2615 626
309 2590 337 2614 S.
367 2591 452 2628 pag.
481 2582 585 2626 928,
614 2579 668 2626 C,
707 2579 767 2628 qui

127 2628 304 2667 Herodoti
336 2635 578 2672 testimonium
619 2636 768 2684 profert.

120 2682 223 2722 Livio
236 2687 331 2724 idem
350 2691 475 2726 fluvius
494 2691 621 2727 dicitur
632 2689 767 2741 Phryx,

121 2752 228 2788 quem
258 2747 377 2781 tamen
409 2746 455 2782 ab
485 2745 598 2796 Hyllo
639 2747 768 2783 distin-

121 2798 197 2843 guit
230 2798 364 2836 Plinius
395 2800 488 2838 Hist.
520 2802 605 2839 Nat.
636 2803 680 2847 V,
704 2805 767 2844 29.

121 2852 218 2902 Hylli
238 2856 334 2891 ssuvii
358 2856 514 2907 piscibus
542 2858 638 2909 pleni
669 2871 769 2897 men-

1471 604 1540 639 des,

1467 639 1529 664 546.
1550 637 1622 671 Cyri
1634 636 1747 663 callidi»

1469 675 1546 703 mss
1562 670 1690 697 hostium
1717 678 1748 696 e—

163 565 308 619 γαθοί.
364 563 428 614 Ἐς
458 563 506 607 τὸ
535 566 686 607 πεδίον
713 563 759 607 δὲ
791 562 1094 606 συνελθόντων
1111 566 1241 607 τοῦτο
1260 562 1308 606 τὸ
1328 563 1412 618 πρό
1470 569 1739 597 Praeliumadsar-

1581 603 1685 630 eodem
1719 611 1747 630 a.

1468 704 1599 739 quitatui
1619 703 1748 730 camelos

1473 772 1491 799 d

1631 746 1656 763 s.
1689 737 1733 770 Ly

1626 774 1698 803 rtus,

1720 752 1749 796 εἰ

1473 805 1511 833 ad
1529 810 1690 832 extremum
1703 803 1746 830 tu-

1474 847 1524 874 ga.

823 897 875 934 tio
903 895 944 932 fit
978 895 1078 945 apud
1106 895 1329 942 Homerum,
1370 894 1473 931 Iliad.

823 953 914 998 XX,
948 952 1052 999 392,
1079 952 1140 988 ubi
1171 951 1306 988 consul.
1339 951 1474 999 Heynii

824 1010 1032 1046 Observatt.
1052 1008 1159 1045 Tom.
1189 1007 1273 1044 VIII
1302 1020 1386 1057 pag.
1407 1010 1474 1048 92.

825 1065 935 1108 Quod
955 1064 1037 1100 huic
1053 1064 1171 1101 versui
1190 1064 1398 1113 adpositum
1419 1067 1476 1100 est

825 1120 997 1157 scholium
1010 1148 1020 1166 ,
1051 1121 1088 1156 in
1107 1133 1149 1157 eo
1167 1124 1411 1156 memorantur
1432 1132 1475 1156 ex

824 1177 1013 1214 Herodoto
1033 1189 1110 1223 res,
1141 1188 1231 1225 quas
1262 1176 1299 1211 in
1330 1189 1373 1212 eo
1393 1176 1475 1225 ipso

824 1233 1018 1282 scriptore,
1070 1233 1212 1282 qualem
1241 1245 1336 1268 nunc
1363 1232 1476 1269 habe-

824 1301 924 1335 mus,
966 1290 1099 1325 frustra
1132 1289 1341 1337 quaesieris.
1400 1287 1476 1325 Re-

822 1345 936 1381 fertur
970 1345 1064 1380 enim
1098 1345 1144 1381 de
1172 1344 1360 1393 Iphitionis
1399 1356 1476 1389 ara,

823 1399 1040 1449 lapideaque
1063 1401 1181 1436 statua
1201 1399 1351 1447 antiquo
1374 1412 1476 1436 more

824 1455 1009 1493 elaborata
1055 1455 1206 1504 aliisque
1255 1455 1301 1491 de
1352 1455 1476 1501 rebus,

823 1524 976 1561 quarum
993 1511 1050 1548 hic
1068 1511 1165 1548 nulla
1182 1511 1329 1548 mentio,
1349 1532 1405 1538 —
1417 1510 1477 1547 De

822 1567 975 1615 Hermo,
1005 1568 1042 1603 in
1062 1581 1169 1617 quem
1198 1567 1328 1615 Hyllus
1358 1579 1477 1616 prope

822 1623 1056 1673 Magnesiam
1089 1638 1172 1661 sese
1194 1624 1373 1669 infundit,
1404 1623 1476 1659 vid.

822 1681 857 1728 I,
876 1681 927 1721 55
951 1685 986 1717 et
1003 1681 1171 1717 Strabon.
1195 1679 1217 1716 l.
1232 1679 1276 1726 1.,
1305 1679 1367 1728 qui
1380 1679 1477 1716 idem
1530 1677 1535 1684 “

822 1737 955 1774 montis
983 1737 1074 1773 sacri
1099 1736 1334 1785 Dindymenes
1353 1736 1478 1772 memi-

823 1794 897 1839 nit,
943 1793 1041 1829 unde
1083 1793 1242 1830 Hermus
1277 1792 1476 1842 proveniat.

824 1848 883 1886 De
896 1861 968 1896 quo
990 1853 1112 1885 monte
1123 1848 1271 1897 longum
1293 1851 1349 1885 est
1366 1859 1479 1896 quae-

827 1917 918 1941 rere.
1003 1902 1204 1941 Larcherus
1261 1902 1479 1952 Dindymum

828 1960 941 1996 fuisse
952 1960 1153 2008 suspicatur
1168 1972 1284 2009 prope
1292 1959 1477 2007 Cyzicum.

829 2014 950 2052 Mater
985 2014 1218 2065 Dindymene,
1249 2026 1342 2063 quae
1371 2015 1479 2052 etiam

831 2070 1038 2121 simpliciter
1081 2076 1227 2108 vocatur
1264 2070 1480 2121 Dindymene

834 2127 885 2174 (v.
913 2140 942 2163 c.
969 2128 1067 2177 apud
1088 2127 1217 2165 Horat.
1247 2127 1318 2164 Od.
1342 2127 1381 2174 Ι,
1413 2129 1480 2174 16,

833 2183 894 2230 5),
923 2188 978 2220 est
1009 2183 1169 2232 Cybele,
1205 2187 1320 2220 mater
1345 2183 1480 2229 Deum,

834 2251 929 2288 quae
944 2239 1126 2288 Phrygiae
1145 2240 1182 2276 in
1210 2238 1390 2276 montibus
1419 2251 1482 2275 co-

833 2295 926 2333 litur.
983 2295 1124 2332 Catullo
1154 2294 1300 2343 (Lxx,
1322 2296 1395 2342 91)
1424 2297 1483 2332 est

835 2351 915 2389 Dea
933 2350 1120 2402 Dindymi,
1148 2355 1188 2388 ut
1208 2351 1254 2388 ab
1277 2350 1344 2387 hoc
1365 2349 1483 2399 Phry-

835 2408 918 2457 giae
937 2413 1059 2446 monte
1086 2419 1288 2456 cognomen
1310 2410 1482 2457 repeten-

836 2466 921 2501 dum
938 2464 1121 2511 videatur,
1143 2464 1239 2500 cuius
1257 2467 1379 2500 tamen
1390 2462 1483 2499 aliae

834 2533 981 2570 quoque
1003 2521 1162 2557 rationes
1182 2520 1227 2556 ab
1257 2519 1335 2556 aliis
1358 2519 1483 2568 profe-

833 2581 970 2613 runtur.
1027 2577 1103 2613 Sed
1123 2576 1192 2612 hoc
1209 2588 1231 2612 a
1250 2579 1377 2613 nostro
1400 2574 1480 2611 loco

837 2633 1002 2670 alienum.
1050 2632 1204 2677 Videat,
1235 2633 1297 2680 qui
1317 2633 1480 2680 quaerat,

836 2690 934 2726 locos
955 2689 1000 2724 ab
1014 2688 1265 2737 interpretibus
1276 2687 1418 2724 Horatii
1429 2685 1479 2723 al-

838 2746 944 2791 latos,
955 2748 991 2780 et
1001 2757 1092 2793 quae
1105 2744 1239 2780 dudum
1249 2745 1318 2780 iam
1330 2755 1483 2791 conges-

837 2805 933 2837 serat
963 2800 1144 2848 Gyraldus
1174 2800 1209 2836 in
1238 2803 1366 2850 quarto
1396 2810 1481 2846 syn-

837 2862 946 2906 tagm.
960 2857 1006 2894 de
1018 2857 1085 2894 diis
1105 2859 1216 2905 gcntt.
1226 2869 1262 2907 p.
1277 2869 1323 2893 m.
1336 2854 1415 2896 135
1426 2866 1480 2903 sq,
