1909 3228
432 196 516 236 264

826 193 1288 234 HERODOT!

431 302 517 359 γὰρ
546 302 594 348 vd
623 303 670 347 ἐν
698 304 863 360 Κύπρῳ
893 301 990 358 ἷρόν
1019 303 1221 348 ἐνθεῦτεν
1250 302 1438 357 ἐγένετο,
1468 302 1527 355 ὠς
1556 303 1680 347 αὐτοὶ

433 382 607 437 λέγουσι
634 381 845 436 Κύπριοι·
875 383 949 424 καὶ
974 381 1022 425 τὸ
1051 383 1097 426 ἐν
1126 380 1375 437 Κυθήροισι
1402 383 1600 434 Φοίνικές
1625 385 1678 426 εἰ·
1692 386 1734 422 45

433 472 478 503 σι
507 463 551 504 οἱ
585 458 886 516 ἱδρυσάμενοι,
934 459 980 502 ἐκ
1019 459 1175 517 ταύτης
1215 465 1288 515 τῆς
1320 461 1486 516 Συρίης
1527 461 1677 512 ἐόντες

405 543 547 582 ὅτοῖσι
583 539 628 583 δὲ
656 543 743 582 τῶν
773 538 988 582 Σκυθέων
1017 538 1226 595 συλησασι
1263 540 1311 582 τὸ
1341 538 1440 593 ἱρὸν
1466 538 1514 582 τὸ
1545 539 1591 582 ἐν
1616 539 1681 582 'A—

434 616 643 670 σκοὲλωνι,
681 617 755 662 καὶ
783 621 893 662 τοῖσι
923 617 1092 662 τούτων
1122 618 1201 662 αἰεὶ
1231 617 1469 674 ἐκγόνοισι,
1515 616 1680 674 ἐνέσκη·

376 811 424 848 ad
447 823 555 861 quem
577 811 694 849 locum
718 810 822 862 plura
841 813 1022 851 adscribe-

375 880 468 904 muS.
522 868 1024 919 Vid.C1euzer.S)1nbol.

375 921 408 961 Il
429 937 466 975 p.
490 925 543 966 23
563 936 667 973 seqq.
693 923 746 964 75
769 937 872 990 seqq.

432 979 500 1018 καὶ
520 984 622 1019 τοῖσι
639 994 792 1018 τουτων
811 979 889 1019 aaz
910 977 1022 1032 ἐκγό-

375 1034 505 1086 νοισι]
551 1032 702 1076 τούτων
732 1036 903 1086 rescripsi
942 1050 1022 1074 cum

376 1092 494 1129 Gaisf.
517 1105 585 1142 pro
612 1092 708 1141 vulg.
729 1091 935 1130 τουτέων.
965 1113 1023 1120 -—

375 1147 418 1185 In
439 1160 542 1198 seqq.
573 1161 639 1198 pro
661 1144 831 1197 θήλειαν
856 1149 1021 1186 Koenius

375 1204 425 1241 ad
449 1204 606 1252 Gregor.
627 1204 790 1241 Corinth.
810 1206 858 1242 de
878 1205 1020 1242 dialect.

375 1259 453 1297 Ion.
483 1257 520 1311 ἓ.
543 1260 596 1301 41
622 1260 728 1298 scribi
756 1260 830 1298 vult
857 1259 1023 1312 θηλέην,

376 1316 478 1365 quod
520 1316 642 1366 ipsum
684 1320 869 1367 receptum
906 1321 963 1355 est
1001 1331 1024 1355 a

375 1371 593 1420 Schaefem,
638 1376 783 1422 praeter
827 1374 1025 1410 necessita-

376 1431 470 1473 tem,
509 1427 539 1463 si
578 1428 666 1476 quid
693 1428 822 1475 video,
861 1432 898 1466 et
925 1429 1023 1466 libris

378 1482 545 1520 omnibus
571 1484 848 1532 refragantibus.
888 1485 1025 1522 Occur-

376 1538 423 1575 rit
439 1551 509 1575 vox
528 1537 717 1588 aliquoties
736 1540 833 1589 apud
850 1539 1024 1577 Nostrum

376 1608 457 1632 cum
473 1594 571 1632 brevi
589 1595 700 1631 vocali
722 1600 738 1634 Ξ
753 1597 789 1632 in
803 1597 920 1633 medio
938 1597 1025 1633 scri-

376 1654 441 1701 pta
464 1650 559 1698 (ΙΙΙ,
582 1652 669 1698 20),
687 1652 754 1688 sed
769 1653 922 1689 occurrit
933 1666 1025 1701 quo-

377 1719 448 1755 que
468 1701 598 1756 θήλεα
622 1711 657 1743 et
683 1704 835 1757 θήλεαν
856 1708 928 1754 Ill,
959 1710 1025 1748 86.

380 1764 482 1809 102,
513 1775 580 1799 nec
600 1762 701 1798 aliter
719 1763 787 1800 hoc
807 1776 953 1811 quoque
974 1763 1026 1798 lo-

378 1830 420 1857 co
444 1818 672 1854 scribendum
693 1832 774 1856 esse
791 1820 1028 1856 monetButt-

377 1885 498 1910 mann.
523 1874 560 1909 in
582 1874 742 1911 Grumm.
767 1875 831 1911 Gr.
855 1875 977 1911 maior.
1011 1875 1026 1912 I

378 1941 464 1979 pag.
491 1930 572 1971 253
592 1934 667 1966 not.
707 1931 905 1977 „Tiberius
926 1931 1025 1968 Rhe·

378 1991 435 2022 tor
466 1986 512 2023 de
545 1985 632 2034 figg.
663 2000 718 2036 cp.
750 1988 828 2034 35,
866 1987 924 2023 ubi
948 1987 981 2023 h.
1004 1987 1023 2024 l.

379 2042 484 2088 citat,
515 2041 657 2079 exhibet
685 2038 936 2094 θήλειαν.“
962 2043 1026 2080 Cr.

434 2095 628 2147 ἐνέσκηψε
665 2096 694 2149 ἦ
734 2097 852 2149 θεός]
884 2095 1027 2148 ἐνσκή-

379 2167 491 2193 πτειν
514 2157 551 2190 ct
578 2151 866 2206 κατασκήπτειν
883 2156 1028 2206 proprie

380 2211 427 2247 de
441 2209 654 2259 fulminibus
676 2213 859 2258 immissis,
879 2213 963 2248 dein
981 2212 1028 2249 de

381 2267 558 2316 quibusvis
578 2267 679 2304 malis
697 2269 917 2315 gravioribus
935 2268 1028 2305 divi-

379 2324 474 2359 nitus
486 2321 655 2372 fulminis
672 2325 719 2360 ad
736 2326 848 2361 instar
866 2327 1027 2361 immissis

380 2377 436 2416 vel
454 2379 490 2415 in
508 2377 659 2429 aliquem
684 2394 760 2417 cum
786 2383 914 2430 impeta
935 2382 1026 2417 irru-

380 2435 523 2472 entibus.
592 2435 744 2474 Notavit
777 2436 941 2475 Siebelis.
978 2436 1026 2473 ad

382 2489 538 2529 Pausan.
558 2491 631 2540 111,
654 2495 707 2533 12
735 2490 771 2543 ἓ.
795 2494 832 2533 6.

438 2545 633 2598 ἐνέσκηψε
665 2546 693 2598 ἦ
731 2545 823 2594 θεὸς
856 2543 1025 2598 θήλειαν

384 2601 554 2654 νοῦσον]
585 2604 713 2641 Citans
729 2604 819 2642 haec
834 2605 942 2642 verba
959 2604 994 2641 T
997 2604 1026 2640 i-

385 2658 544 2696 beriusl
563 2658 586 2696 l.
605 2660 725 2698 addit:
756 2655 843 2699 ἀντὶ
869 2662 962 2710 τοῦ,
991 2657 1026 2698 ἒ·

387 2713 552 2762 ποίησεν
585 2711 891 2766 ἅνδρογύνους
872 2731 898 2765 η
921 2729 1027 2754 κατε-

389 2763 535 2818 cqowg.
591 2771 758 2809 Pluribus
778 2786 853 2809 iem
880 2772 1031 2809 illustrat

388 2824 632 2876 Hippocrates
653 2827 700 2865 de
714 2826 797 2866 Aer.
809 2827 877 2877 Aq.
897 2828 1028 2867 etLoc.

1089 827 1126 864 p.
1143 816 1223 857 293
1237 812 1294 866 (g.
1310 816 1397 856 106.
1415 816 1493 855 109
1507 814 1561 851 ed.
1577 814 1738 861 corais),

1090 871 1151 907 ubi
1181 873 1227 909 de
1257 872 1385 908 iisdem
1404 871 1547 918 ScJthis
1566 870 1738 919 loquens:

1091 923 1294 978 εὐνουχίαι
1338 927 1531 977 γίνονται,
1600 927 1736 975 inquit,

1089 981 1157 1020 καὶ
1176 987 1384 1034 γυναικεῖα
1419 979 1644 1032 ἐργάζονται
1670 983 1738 1021 καὶ

1091 1037 1143 1084 ὥς
1166 1039 1209 1076 αῖ
1228 1042 1410 1089 γυναῖκες
1433 1037 1679 1089 διαλέγονταί
1698 1052 1738 1077 τε

1090 1093 1235 1145 ὁμοίως
1257 1095 1467 1133 καλεῦνταί
1496 1109 1535 1132 τε
1554 1094 1594 1132 οἱ
1612 1096 1740 1133 τοιοῦ-

1089 1166 1151 1190 τοι
1170 1147 1407 1201 ἄνανδριεῖς.
1464 1150 1625 1197 lncolas,
1655 1164 1739 1200 per-

1090 1208 1166 1256 git,
1187 1221 1333 1244 causam
1352 1207 1466 1243 morbi
1488 1208 1536 1243 ad
1554 1207 1662 1244 deum
1683 1220 1739 1244 re-

1090 1266 1185 1301 ferre
1207 1270 1242 1301 et
1260 1264 1461 1300 istiusmodi
1481 1263 1643 1301 homines
1665 1263 1740 1300 val-

1384 1320 1488 1363 Quae
1508 1319 1579 1355 alia
1611 1320 1657 1356 ‹le
1684 1319 1739 1356 his

1091 1377 1192 1413 addit
1229 1377 1383 1425 scriptor
1428 1374 1740 1421 luculentissimus,

1090 1431 1210 1469 malim
1245 1432 1344 1481 apud
1382 1431 1499 1480 ipsum
1540 1430 1624 1479 legi.
1681 1430 1740 1467 Ad

1091 1500 1185 1535 quae
1205 1500 1278 1523 non
1302 1487 1389 1524 satis
1419 1487 1647 1524 attendentes
1675 1487 1739 1523 viri

1092 1544 1187 1580 docti
1202 1544 1318 1580 varius
1337 1544 1383 1580 de
1402 1541 1565 1579 muliebri
1586 1543 1740 1592 Scytha-

1092 1612 1169 1636 rum
1199 1600 1324 1635 morbo
1357 1596 1741 1648 opiniones¹protule-

1092 1660 1201 1702 runt,
1245 1655 1371 1692 citatas
1395 1660 1470 1691 tum
1495 1668 1517 1691 a
1541 1654 1741 1693 wesselin-

1094 1712 1154 1759 gio
1175 1724 1216 1747 ac
1233 1710 1415 1748 Larcbero
1438 1711 1474 1746 in
1496 1716 1585 1748 nott.
1604 1713 1651 1748 ad
1668 1711 1739 1748 h.l.

1093 1771 1167 1803 tuin
1202 1779 1224 1803 a
1261 1767 1405 1802 δῖοι-ΜΟ
1451 1766 1488 1803 in
1533 1768 1741 1818 scriptione,

1095 1835 1188 1871 quae
1230 1823 1364 1872 prodiit
1404 1823 1472 1859 hoe
1508 1824 1574 1860 sub
1618 1823 1740 1860 titulo:

1094 1878 1182 1925 „De
1204 1873 1334 1931 νούσῳ
1363 1878 1508 1931 θηλείᾳ
1541 1880 1640 1929 apud
1663 1880 1741 1916 He-

1093 1934 1259 1970 rodotum
1279 1935 1457 1984 prolusio,
1473 1935 1581 1973 lenae
1599 1936 1741 1977 1827·⁴‘

1094 1990 1215 2026 Nolim
1237 1990 1318 2027 hinc
1343 1996 1528 2041 repetere,
1567 2005 1660 2040 quae
1679 2005 1741 2028 va-

1094 2046 1147 2081 ria
1168 2047 1259 2082 lianc
1280 2048 1315 2082 in
1336 2060 1410 2084 rem
1426 2049 1654 2085 connnentati
1670 2048 1742 2083 sint

1094 2102 1158 2137 viri
1174 2103 1287 2148 docti,
1317 2116 1484 2151 quaeque
1501 2104 1638 2152 opinati
1657 2103 1741 2149 sint,

1094 2170 1177 2194 nam
1209 2158 1322 2207 pudet
1347 2158 1478 2194 tulibus
1499 2159 1663 2208 plagulas
1685 2172 1740 2195 re-

1093 2213 1212 2263 plere3
1240 2214 1429 2250 continebo
1446 2228 1503 2251 ine
1522 2215 1555 2250 in
1569 2215 1625 2261 iis,
1646 2227 1741 2263 (luae

1093 2269 1176 2305 olim
1208 2269 1253 2304 ab
1280 2270 1503 2317 Hieronymo
1535 2270 1740 2307 Mercuriali

1094 2326 1217 2371 (Varr.
1242 2323 1358 2361 Leett.
1378 2326 1446 2372 lll,
1467 2328 1513 2373 7)
1539 2327 1679 2376 prolata
1699 2340 1741 2363 ac

1093 2379 1357 2429 lVesselingiQ
1398 2382 1741 2431 Schweighaeusero

1092 2437 1265 2487 probata,
1304 2437 1455 2487 amplius
1494 2439 1683 2487 disquisita
1718 2451 1741 2476 a

1093 2492 1240 2529 Starkio
1261 2494 1306 2529 ud
1325 2506 1445 2531 veram
1464 2494 1666 2533 Herodotei
1685 2495 1740 2531 lo-

1094 2550 1125 2586 ci
1189 2549 1460 2597 intelligentiam
1527 2552 1738 2601 perducant.

1093 2606 1398 2642 Couunonstravit
1437 2606 1600 2644 nimirum
1642 2607 1740 2645 hicce

1095 2661 1146 2697 vir
1166 2662 1395 2699 doctissimus
1408 2693 1418 2710 ‚
1436 2665 1583 2701 νοῦσον
1603 2658 1739 2714 θήλει-

1097 2732 1145 2755 αν
1163 2718 1334 2767 primaria
1363 2731 1405 2755 ac
1431 2719 1578 2769 propria
1608 2732 1673 2756 sua
1704 2719 1737 2755 vi

1097 2773 1289 2822 designare
1314 2774 1489 2812 virilitatis
1506 2775 1675 2812 iacturam
1701 2779 1737 2810 et

1097 2830 1204 2867 virilis
1248 2835 1396 2869 naturae
1424 2833 1736 2870 commutationem

1091 1321 1139 1358 de
1162 1321 1326 1358 revereri.
