1909 3228
503 145 926 184 EUTERPE.

985 145 1031 183 Π.
1319 145 1402 185 771

140 259 229 298 τῶν
259 254 327 297 ἐπὶ
358 259 438 298 τοῦ
468 254 634 310 λόφου,
685 252 752 298 ἐπ’
786 250 841 298 οὗ
883 255 1030 297 ἑστᾶσι
1070 255 1117 297 αἱ
1151 254 1404 308 πυραμίδες,

139 339 228 378 τῶν
255 333 342 378 ὑπὸ
373 339 456 390 γῆν
487 334 757 390 οἰκημάτων,
796 334 872 384 τάς
902 335 1090 377 ἐποιέετο
1119 332 1262 390 θήκας
1293 331 1400 376 ἑωυ-

119 418 209 470 8τῷ
248 414 293 456 ἐν
323 414 464 470 νήσῳ,
496 413 687 469 διώρυχα
717 418 795 456 τοῦ
822 416 986 456 Νείλου
1017 412 1251 467 ἐσαγαγών.
1282 415 1335 468 τῇ
1353 413 1429 455 δὲ5

140 495 355 548 πυραμίδι
380 492 489 549 αὐτῇ
520 492 682 548 χρόνον
710 491 912 546 γενέσθαι
942 491 1097 534 ἐείκοσι
1128 491 1221 534 ἔτεα
1251 508 1401 534 ποιευ-

140 573 270 629 μένῃ·

137 766 207 815 τας
238 764 409 807 ἐποιέετο
432 764 564 818 θήκας
589 764 734 820 ἑωυτῷ]

81 826 182 863 Cave
217 825 351 862 scribas
382 820 439 862 τὰ
476 837 542 873 pro
566 820 656 870 τὰς,
695 827 736 859 ut

80 882 227 918 Pauwio
247 882 284 916 in
305 885 462 917 mentem
480 886 638 917 venerat.
674 880 733 916 Cf.

80 938 257 974 Matthiae
280 937 344 973 Gr.
359 937 423 973 Gr.
444 950 478 986 p.
492 939 584 978 822.
607 938 735 986 θῆκαι

78 999 164 1031 sunt
190 1007 356 1031 camerae
384 994 432 1030 ad
459 998 619 1030 mortuos
644 994 735 1030 reci-

77 1051 234 1101 piendos
258 1051 482 1095 destinatae3
513 1050 584 1086 vid.
611 1050 662 1096 ll,
681 1052 734 1090 67

78 1108 202 1156 ibique
223 1112 314 1143 nott.
364 1107 431 1143 Est
451 1120 536 1144 vero
561 1107 646 1143 satis
670 1119 735 1155 per

78 1164 282 1201 universam
303 1163 556 1212 antiquitatem
576 1163 735 1200 celebra-

79 1225 117 1257 ta
148 1221 349 1267 sententia,
387 1225 590 1257 exstructas
624 1220 734 1256 fuisse

76 1277 313 1327 pyramides,
351 1276 498 1324 regibus
536 1282 574 1312 ut
611 1280 734 1313 essent

79 1334 256 1383 sepulcro.
315 1333 390 1369 Ubi
430 1333 654 1381 potissimum
686 1333 733 1369 de

75 1390 119 1426 iis
169 1390 316 1438 regibus
355 1390 590 1437 cogitandum
638 1401 733 1435 esse,

76 1459 229 1495 quorum
246 1446 354 1482 sedes
374 1445 537 1494 Memphi
556 1449 644 1490 erat,
675 1445 734 1480 vix

76 1515 226 1539 monere
254 1503 405 1547 attinet3
450 1514 533 1538 nam
567 1502 603 1537 in
630 1501 732 1538 The-

76 1559 185 1596 baide
206 1572 234 1595 s.
255 1561 426 1608 Aegypto
447 1558 622 1608 superiori
649 1570 732 1594 suas

78 1628 226 1665 quoque
255 1616 403 1663 regibus
432 1615 544 1652 fuisse
584 1619 730 1664 cryptas

76 1673 253 1708 norimus.
311 1670 392 1707 Alia
417 1672 463 1707 de
484 1671 732 1721 pyramidibus

77 1729 205 1765 lubens
250 1740 346 1764 nunc
390 1732 593 1776 praetereo,
650 1726 735 1763 Mo-

77 1788 233 1821 nuerunt
254 1784 426 1820 Creuzer.
459 1784 496 1819 in
526 1783 687 1831 Symbol.
717 1782 733 1819 I

77 1853 161 1891 pag.
183 1841 278 1880 379.
327 1839 456 1888 Zo'ega
487 1840 533 1877 de
562 1839 731 1876 obeliscc.

78 1910 163 1947 pag.
184 1898 266 1937 380
291 1909 395 1944 seqq.
453 1896 566 1932 Beck.
599 1894 732 1933 Anleit.

78 1967 109 1990 z.
136 1952 357 1999 Weltgesch.
385 1952 397 1988 Ι
423 1964 507 2002 pag.
526 1953 620 1992 708.

134 2011 204 2058 τῆς
233 2007 313 2046 ἐστι
343 2010 528 2058 navitam}
550 2006 732 2058 μέτωπον

79 2087 134 2093 -
164 2063 231 2103 καὶ
256 2061 365 2114 ὕψος
395 2063 506 2114 ἴσον]
547 2064 732 2102 Herodoti

78 2123 168 2159 haec
201 2124 258 2158 est
285 2123 482 2159 sententia:
519 2121 730 2171 pyramidis,

79 2191 168 2228 quae
188 2177 364 2227 quadrata
385 2181 444 2224 sit,
469 2178 624 2228 frontem
643 2191 732 2227 qna-

79 2247 269 2284 quaversus
302 2247 372 2271 esse
402 2238 477 2271 octo
504 2234 731 2283 pletlzrorum,

78 2291 170 2328 latus
189 2291 361 2339 quodque
376 2304 457 2328 esse
478 2296 559 2327 octo
572 2290 732 2341 plethro-

78 2361 157 2383 rum
179 2348 220 2394 (i.
236 2360 266 2384 e.
282 2348 575 2396 octingentorum
596 2348 732 2397 pedum

77 2405 172 2440 conf.
199 2403 253 2449 H,
286 2402 396 2451 149)
446 2405 481 2440 in
509 2403 732 2440 latitudinem

78 2471 196 2507 aeque
213 2464 321 2507 atque
340 2461 376 2496 in
396 2460 635 2497 altitudinem.
657 2460 733 2497 Sed

78 2516 115 2552 in
135 2516 190 2551 his
209 2516 387 2552 mensuris
402 2530 469 2553 nec
486 2521 625 2553 veteres
645 2516 732 2552 scri-

76 2576 203 2622 ptores
225 2584 291 2608 nec
311 2572 540 2619 recentiores,
563 2573 624 2621 qui
642 2573 734 2608 hanc

77 2628 306 2678 pyramidem
342 2629 460 2665 adhuc
499 2629 731 2678 superstitem

79 2685 213 2721 emensi
239 2688 347 2731 sunt,
389 2685 476 2720 satis
504 2697 581 2720 cum
613 2684 733 2721 Hero-

78 2741 167 2777 doto
188 2741 429 2777 consentiunt.
491 2740 652 2788 Collegit
669 2754 732 2777 eo-

77 2809 157 2834 rum
175 2796 386 2834 testimonia
403 2809 548 2846 unoque
568 2797 633 2834 sub
646 2809 733 2834 con-

332 576 406 628 τῆς
443 572 530 615 ἐστι
569 576 767 626 παντακῆ
805 570 1007 625 μέτωπον
1054 570 1238 614 ἕκαστον
1287 569 1402 614 ὀκτώ

805 771 931 816 spectu
963 767 1084 816 posuit
1111 767 1240 816 Zoega
1274 768 1321 804 de
1351 767 1456 806 obell.

802 836 888 873 pag.
922 823 1002 863 401
1042 828 1120 860 not.
1147 828 1202 865 22
1239 824 1317 861 coll.
1346 824 1458 862 Beck.

804 879 827 915 l.
847 879 868 916 l.
900 893 985 928 pag.
1009 883 1091 921 712
1122 885 1157 916 et
1174 880 1343 917 Larcher.
1364 886 1456 918 nott.

803 937 850 973 ad
876 935 971 972 hunc
995 935 1017 973 l.
1065 935 1311 973 Latc'iutle'nem
1341 936 1458 986 (quae

803 993 1093 1041 octingentorum
1142 994 1275 1043 pedum
1316 998 1372 1029 est
1413 1005 1458 1031 ex

802 1049 983 1086 Herodoti
1003 1052 1143 1094 mente)
1164 1052 1457 1099 septingentorum

802 1106 937 1155 pedum
965 1119 1044 1143 esse
1072 1108 1194 1143 scribit
1215 1106 1397 1143 Diodorus
1426 1106 1458 1153 I,

803 1164 876 1209 63,
907 1166 1142 1199 sexcentorum
1167 1163 1300 1199 Strabo
1329 1161 1455 1210 (XVII

802 1231 886 1269 pag·
913 1222 1061 1267 1161);
1093 1219 1228 1256 Plinius
1248 1219 1351 1268 ponit
1373 1220 1454 1259 883

801 1276 916 1325 pedes
937 1276 991 1323 (h.
1011 1289 1046 1312 11.
1070 1275 1241 1322 XXXVI,
1261 1276 1331 1323 12)
1353 1275 1457 1311 Philo

801 1332 958 1379 Byzant.
980 1332 1073 1372 750.
1106 1333 1212 1368 Unus
1233 1331 1457 1381 Pomponius

802 1388 921 1433 Mela,
942 1388 1169 1424 Herodotum
1189 1392 1344 1432 secutus,
1367 1388 1457 1424 scri-

804 1444 854 1480 bit
879 1444 926 1491 (Ι,
946 1446 990 1491 9)
1018 1449 1172 1492 quatuor
1198 1445 1275 1481 fere
1308 1443 1374 1480 soli
1403 1444 1459 1479 iu-

802 1512 890 1548 gera
932 1501 1159 1550 pyramidem
1195 1501 1387 1536 maximam
1417 1499 1456 1536 in

802 1557 890 1594 sede
910 1570 975 1592 sua
996 1569 1197 1606 occupare,
1227 1557 1456 1604 totidemque

802 1614 839 1649 in
865 1613 1090 1650 altitudinem
1128 1613 1238 1662 erigi3
1278 1612 1339 1648 ubi
1367 1610 1455 1650 πλέ-

801 1673 907 1719 θρον
936 1683 1002 1719 pro
1026 1670 1174 1705 dimidio
1205 1669 1322 1717 iugeri
1352 1681 1456 1706 acce-

801 1727 865 1776 pit.
896 1726 1132 1762 Recentiores
1155 1725 1353 1774 pyramidis
1374 1725 1456 1761 lon-

803 1783 1002 1831 gitudinem
1024 1782 1072 1817 ad
1090 1784 1322 1830 septingentos
1343 1782 1457 1818 ferme.

800 1839 916 1888 pedes
952 1838 1163 1888 plerumque
1210 1837 1456 1882 constituunt3

800 1895 976 1931 Niebuhr.
994 1894 1097 1944 ponit
1115 1897 1196 1935 710
1216 1894 1344 1944 pedeS,
1358 1894 1457 1929 Gro-

800 1952 890 1988 bert.
916 1952 1010 1991 728.
1068 1949 1178 1986 Docti
1205 1949 1299 1986 Galli
1318 1950 1455 1996 (deser.

800 2008 815 2043 I
834 2021 868 2057 p.
892 2007 993 2054 514)
1017 2006 1282 2054 longitudinem
1301 2006 1455 2043 dimensi

799 2069 884 2101 sunt
910 2066 991 2103 716
1008 2063 1142 2112 pedum
1166 2065 1235 2104 et6
1249 2063 1455 2110 digitorum.

799 2121 875 2157 Sed
896 2120 935 2155 in
963 2118 1153 2156 altitudine
1174 2119 1371 2169 pyramidis
1390 2119 1456 2156 de-

799 2177 982 2222 finienda,
1013 2188 1120 2225 quam
1140 2175 1325 2213 Diodorus
1343 2178 1455 2224 atque

799 2234 933 2269 Strabo
955 2236 1130 2269 sexcentos
1148 2232 1263 2282 pedes
1279 2232 1456 2268 excedere

800 2293 984 2336 statuunt,
1023 2288 1126 2325 Philo
1151 2292 1272 2325 autem
1297 2288 1344 2324 ad
1371 2286 1454 2328 450

799 2347 912 2397 pedes
938 2347 1068 2392 refert,
1107 2345 1163 2381 vel
1194 2344 1310 2393 magis
1343 2344 1454 2380 iidem

799 2403 975 2439 recedunt
1003 2402 1048 2438 ab
1074 2401 1280 2437 Herodoto.
1338 2400 1454 2437 Pleri-

800 2472 873 2508 que
908 2460 1176 2508 quingentorum
1207 2458 1342 2507 pedum
1374 2455 1454 2492 alti-

799 2515 962 2552 tudinem
983 2527 1065 2552 esse
1085 2513 1265 2559 scribunt,
1295 2517 1332 2550 et
1346 2525 1454 2562 prae-

800 2575 903 2608 terea
946 2571 1082 2619 aliquot
1129 2569 1268 2606 addunt
1315 2569 1452 2618 pedes;

800 2632 927 2664 contra
949 2625 1124 2663 Niebuhr.
1145 2624 1225 2665 440
1244 2626 1357 2675 pedes
1385 2637 1453 2674 po-

800 2685 872 2730 nit,
915 2682 1104 2719 Chazelles
1137 2681 1241 2727 465,
1281 2681 1453 2718 Grobert.

801 2739 903 2779 448!
938 2740 1043 2783 Quae
1063 2742 1101 2774 ut
1121 2737 1353 2774 concilientur
1370 2750 1452 2774 cum

800 2800 960 2832 veterum
979 2793 1355 2845 scriptorumindiciis,
1373 2806 1452 2830 mo-

1092 2849 1179 2890 49*

1466 254 1545 296 164
