1909 3228
457 217 541 257 364

853 212 1316 251 HERODOTI

458 329 643 376 „nomm
675 322 887 372 Φωκαιέες
915 324 1201 376 προμαχεῶνα
1229 319 1305 362 ἕνα
1334 323 1504 374 μοῦνον
1533 323 1611 364 τοῦ
1628 319 1708 363 τεί-

430 412 585 458 2,,χεος
617 403 804 457 ἐρεῖψαι,
854 398 927 442 καὶ
967 401 1125 454 οἴκημα
1161 401 1209 442 ἓν
1247 402 1526 451 κατιρῶσαι.“

1583 401 1626 442 οἱ
1662 399 1707 442 δὲ

462 481 696 531 Φωκαιέες,
746 478 1118 534 περιημεκτέοντες
1156 481 1209 533 τῇ
1254 477 1502 532 δουλοσύνῃ
1541 478 1708 532 ἔφασαν

459 559 636 612 ,,θέλειν
682 555 1006 613 βουλεύσασθαι
1053 555 1221 612 ἡμέρην
1265 557 1393 611 μίαν,

1457 556 1531 598 καὶ
1568 556 1710 599 ἔπειτα

460 635 844 690 ,,ὑποκρινέεσθαι.
892 635 938 678 έν
970 630 1003 694 ᾦ
1034 636 1079 679 δὲ
1110 633 1398 691 βουλεύονται
1427 632 1572 684 αὐτοὶ,
1603 632 1710 677 α’πα-

460 719 644 771 ,,γαγεῖν
681 714 848 758 ἐκεῖνον
893 714 1088 758 ἐκέλευον
1136 713 1216 770 τήν
1255 712 1459 769 στρατιήν
1498 710 1584 755 ἀπὸ
1630 717 1735 756 τοῦ1

429 802 451 836 3
463 827 487 846 ,,
499 795 694 849 τείχεος.“

748 791 796 836 Ὁ
826 792 869 838 δ’
899 793 1114 850 ’Ἅρπαγος
1144 794 1226 849 ἔφη
1256 827 1279 845 ,,
1294 794 1450 837 εἰδέναι
1479 791 1558 847 μὲν
1582 786 1630 835 εὖ
1657 790 1710 834 τοὶ

457 872 653 926 »ἐκεῖνοι
692 872 888 926 μέλλοιεν
925 873 1114 925 ποιέειν,
1165 872 1281 928 ὅμως
1320 873 1366 915 δέ
1401 882 1480 927 σφι
1511 870 1713 927 παριέναι

429 953 485 1004 4„
498 950 862 1009 βουλεύσασθαι.“

917 950 987 995 Ἐν
1016 948 1050 1012 ᾦ
1092 948 1154 995 ὧν
1193 951 1216 996 ὁ
1254 951 1472 1006 ’Ἅρπαγος
1509 947 1595 993 ἀπὸ
1630 951 1712 992 τοῦ

458 1032 618 1087 τείχεος
643 1028 833 1087 α’πήγαγε
862 1031 940 1089 τὴν
971 1030 1193 1088 στρατιήν,
1223 1032 1266 1074 οἱ
1296 1028 1511 1080 Φωκαιέες
1539 1029 1586 1071 έν
1616 1027 1714 1071 τού-

457 1126 518 1167 τῳ
553 1109 903 1162 κατασπάσαντες
940 1110 1017 1162 τοὶς
1053 1110 1437 1166 πεντηκοντέρους,
1486 1106 1715 1162 ἐσθέμενοι

457 1188 587 1232 τέκνα
615 1189 687 1233 καὶ
715 1195 927 1246 γυναῖκας
956 1190 1028 1233 καὶ
1058 1190 1213 1233 ἔπιπλα
1244 1186 1407 1240 πάντα,
1436 1186 1544 1240 πρὸς
1574 1187 1620 1231 δὲ
1638 1186 1741 1230 καὶὸ

457 1267 511 1310 τὰ
540 1265 762 1325 ἀγάλματα
791 1268 843 1312 τὰ
872 1268 919 1313 ἐκ
948 1273 1036 1313 τῶν
1065 1270 1196 1324 ἱρῶν,
1225 1268 1297 1313 καὶ
1325 1268 1378 1312 τὰ
1407 1266 1515 1311 ἄλλα
1545 1264 1713 1323 ἀναθή-

404 1464 452 1489 ne
472 1451 615 1500 obliqua
632 1452 826 1488 traduntur
846 1465 915 1490 res.
942 1453 1052 1489 Cons.

403 1507 534 1544 Matth.
569 1505 605 1557 ἓ.
634 1507 738 1554 529,
765 1508 790 1549 5
826 1521 912 1558 pag
932 1510 1051 1549 1030

403 1562 485 1602 Nec
506 1576 549 1601 eo
570 1576 644 1599 non
665 1564 842 1613 pertinet,
862 1564 961 1613 quod
973 1577 1051 1614 cap

404 1619 632 1658 antecedenti
662 1619 792 1668 legitur
826 1619 985 1671 οἰκῆσαι
1015 1616 1053 1659 ὅ·

403 1691 477 1715 κου
514 1671 737 1727 βουλοιται.
775 1697 830 1704 —
856 1691 1053 1728 καταχραν

405 1736 460 1769 est
484 1731 659 1781 sufficere,
688 1735 777 1770 satis
806 1745 896 1781 esse,
927 1737 966 1769 ut
992 1731 1056 1780 lv,

406 1789 498 1829 118.
537 1787 627 1835 vn,
647 1790 714 1828 70.

462 1900 723 1951 προμαχεῶνα
785 1896 854 1937 ἕνα
904 1899 1056 1949 μοῦνον

403 1957 477 1994 τοῦ
505 1954 649 2005 τείχεος
679 1953 858 2006 ἐρεῖψαι]
904 1969 1056 2007 προμα-

405 2013 553 2062 χεῶνας
572 2012 642 2047 iam
663 2011 826 2048 novimus
848 2012 875 2058 l,
888 2013 952 2053 98.
972 2012 1055 2049 Hoc

406 2068 484 2104 loco
513 2066 621 2116 vulgo
644 2067 820 2105 reddunt:
847 2080 1053 2117 propugna-

407 2123 542 2168 culum5
563 2124 696 2160 Suidas
714 2124 863 2174 exponit
883 2123 1054 2171 ἔπαλξιν,

405 2179 607 2229 Hesychius
661 2184 852 2229 utrumque
901 2180 1055 2229 explicat

405 2232 579 2287 πύργοςς
608 2236 696 2285 quin
733 2237 832 2285 apud
872 2236 1054 2273 Pollucem

406 2293 443 2329 in
465 2293 654 2329 Onomast.
672 2291 711 2339 Ι,
730 2295 782 2332 10
815 2290 851 2342 §.
880 2295 958 2333 170
986 2291 1056 2328 tria

406 2348 496 2386 haec
531 2347 704 2385 vocabula
725 2349 893 2385 continua
911 2360 1054 2398 ponun-

407 2408 487 2452 tur,
507 2403 602 2441 nullo
623 2404 777 2441 indicato
793 2417 914 2442 eorum
931 2403 1054 2440 discri-

409 2461 516 2498 mine.
575 2460 698 2503 Quare
747 2474 826 2497 cum
872 2459 1054 2498 Larchero

408 2516 466 2553 hic
487 2518 610 2554 turrim
632 2520 672 2553 ut
688 2516 893 2553 munitionis
917 2527 1056 2552 s.moe-

408 2572 504 2609 nium
527 2576 667 2623 partem
697 2587 724 2609 s.
747 2571 1055 2623 propugnaculum

410 2641 520 2666 unum
546 2628 749 2678 intelligere
770 2629 862 2666 licet.

466 2736 533 2777 καὶ
569 2737 715 2790 οἴκημα
741 2739 787 2779 ἓν
823 2740 1057 2791 κατιρῶσαι]

413 2795 436 2829 i.
458 2807 490 2831 e.
511 2807 599 2831 unas
618 2796 716 2832 aedes
746 2809 941 2833 consecrare
970 2797 1058 2844 regi,

413 2852 450 2887 in
489 2850 696 2889 obedientiae
739 2857 979 2901 argumentum
1028 2856 1060 2889 ct

1121 1451 1284 1489 Persicae
1301 1451 1556 1488 dominationis.
1576 1449 1678 1488 Haec
1690 1450 1771 1499 qui-

1121 1509 1205 1545 dem
1225 1508 1408 1545 verissima
1428 1508 1570 1545 videtur
1591 1508 1771 1556 interpre-

1120 1564 1208 1601 tatio
1236 1564 1462 1613 maximeque
1491 1569 1526 1602 et
1544 1564 1596 1601 rei
1627 1567 1664 1600 et
1690 1562 1770 1600 loco

1120 1624 1387 1666 consentanea3
1430 1633 1512 1656 narn
1555 1620 1771 1669 κατιρῶσαι

1120 1676 1208 1714 alias
1237 1677 1284 1713 de
1311 1676 1401 1723 diis,
1433 1677 1561 1725 quibus
1583 1675 1770 1724 quidpiam

1123 1732 1310 1770 dedicatur
1329 1737 1439 1781 atque
1453 1735 1693 1778 consecratur,
1712 1731 1769 1768 hic

1123 1787 1172 1824 ad
1187 1800 1310 1836 regem
1326 1788 1442 1837 ipsum
1452 1788 1678 1833 transfertur,
1690 1799 1769 1824 cum

1123 1843 1302 1893 quidquid
1350 1843 1398 1880 ad
1434 1856 1514 1881 eum
1560 1843 1770 1893 pertineret,

1123 1899 1227 1948 quasi
1246 1912 1385 1936 sacrum
1413 1899 1616 1937 haberetur.
1674 1899 1771 1937 Hinc

1124 1955 1221 1992 nulla
1250 1968 1342 2006 opus
1373 1956 1595 2002 mutatione,
1626 1967 1694 1993 nec
1713 1968 1771 2003 ea,

1122 2024 1230 2060 quam
1276 2011 1445 2049 Reiskius
1491 2011 1700 2063 proposuit,
1748 2023 1772 2048 a

1121 2067 1366 2116 VVesselingio
1396 2068 1483 2105 satis
1511 2069 1582 2105 iam
1604 2068 1771 2114 refutata,

1122 2137 1188 2162 nec
1216 2123 1329 2160 alter-21
1359 2124 1442 2172 illa,
1481 2136 1502 2160 a
1525 2123 1769 2172 lVesselingio

1121 2180 1201 2231 ipso
1220 2180 1428 2229 profmsitz‘t:
1461 2177 1529 2218 καὶ
1554 2178 1700 2229 οἴκημα
1723 2179 1770 2217 ’ὲν

1122 2237 1424 2285 κατειρῦσαι
1453 2236 1475 2272 i.
1507 2248 1537 2273 e.
1568 2247 1674 2271 unam
1705 2235 1770 2271 Ιια-

1121 2292 1319 2328 ὁίίαἰίοιιειη
1341 2291 1527 2329 detrahere.
1584 2290 1663 2329 Nec
1691 2291 1770 2328 libri

1122 2347 1304 2384 addicunt.
1345 2369 1399 2376 —
1438 2348 1478 2383 ln
1511 2359 1612 2396 seqq.
1644 2348 1770 2397 scripsi

1122 2403 1216 2455 μίαν
1239 2416 1317 2439 cum
1333 2404 1448 2441 Gaisl'.
1463 2416 1529 2454 pro
1547 2403 1655 2454 μίην,
1671 2404 1769 2454 quod

1123 2471 1167 2498 ex
1195 2458 1288 2495 Aldo
1312 2464 1555 2510 propagatum
1577 2460 1654 2496 suit.
1710 2458 1769 2496 Ad

1125 2514 1524 2564 e'mrxtcccons.1‚94.
1554 2517 1644 2557 150.
1673 2515 1767 2553 Ver-

1120 2573 1176 2609 bis
1207 2570 1249 2610 έν
1279 2573 1308 2610 (ὁ
1336 2573 1557 2622 respondent
1587 2572 1694 2610 verba
1725 2570 1770 2611 ἔν

1124 2624 1268 2680 τούτω,
1311 2630 1410 2678 quod
1440 2629 1649 2667 Herodotus
1671 2628 1769 2665 haud

1125 2670 1232 2722 semel
1266 2685 1371 2732 feeit,
1398 2688 1619 2722 monstrante
1637 2684 1770 2722 struve

1124 2741 1280 2791 Specim.
1299 2741 1448 2784 Quaest.
1477 2741 1613 2778 Herod.
1642 2753 1678 2790 p.
1699 2742 1765 2781 39.

1127 2798 1202 2842 41,
1234 2798 1293 2845 qui
1310 2797 1433 2833 laudat
1448 2797 1516 2843 ΠΙ,
1540 2799 1602 2837 19.
1617 2795 1678 2841 W,
1699 2795 1766 2836 95.

1131 2853 1260 2902 vl,89.
1293 2853 1431 2901 lX,23.
1461 2852 1765 2899 J‚186.x'11,26.
