1877 3223
443 227 528 269 118

853 219 1319 262 HERODOTI

443 330 750 388 ἑξαπάλαιστα·
801 331 870 375 ἐπὶ
917 331 964 376 δὲ
1000 329 1053 375 τοὶ
1092 329 1354 388 βραχύτερα,
1406 327 1716 383 τριπάλαιστα·

421 412 557 465 Βῦψος
585 411 653 464 δὲ,
682 414 977 454 παλαιστιαῖα·
1010 409 1204 466 ἀριθμόν
1235 408 1304 462 δὲ,
1335 406 1619 451 ἑπτακαίδεκα
1646 406 1718 451 καὶ

444 489 620 536 ἑκατόν·
652 489 727 533 καὶ
754 488 959 543 τουτέων,
987 487 1191 546 ἀπέφθου
1211 488 1380 544 χρυσοῦ
1405 484 1607 541 τέσσαρα,
1633 486 1720 541 τρί-

402 670 480 722 psit
508 663 619 717 ὕψος
635 694 647 714 ,
684 666 722 704 in
755 666 1052 705 antecedentibus
1114 679 1175 704 rus
1195 665 1307 713 XVI,
1328 664 1383 707 56
1404 668 1538 702 centum
1551 665 1687 713 viginti
1700 675 1767 714 po-

401 738 477 763 non
492 725 539 761 sit
555 735 643 760 usus
669 722 846 760 similibus
882 723 1055 760 substan-

403 782 559 818 tivorum
592 778 803 816 accusativis
841 778 903 826 (v.
934 792 963 816 c.
991 777 1055 830 με’-

402 839 547 889 γαθος,
580 829 721 886 ευρος)
751 833 839 871 alias
866 835 903 871 in
920 834 989 872 hoc
1003 835 1058 871 di-

403 892 510 931 cendi
559 903 697 940 genere
743 890 1057 939 frequentissimis.

405 947 538 998 Neque
552 947 659 995 illud,
687 945 872 994 vulgarem
895 946 925 981 si
945 947 1057 983 inter-

404 1004 646 1056 pretationem
667 1002 853 1051 sequaris,
876 1002 1059 1052 explican-

406 1062 515 1108 dum,
545 1072 606 1097 cur
622 1059 833 1096 Herodotus
859 1071 933 1094 non
957 1058 1058 1095 dixe-

405 1117 454 1154 rit
476 1129 543 1166 pro
564 1128 665 1153 more
686 1127 773 1152 suo:
818 1110 866 1152 τὰ
886 1111 959 1165 μὲν
983 1128 1061 1165 μα-

407 1167 595 1238 πρότερα,
624 1171 691 1209 sed
716 1167 796 1210 ἐπὶ
817 1167 888 1221 μὲν
912 1167 960 1209 τοὶ
990 1185 1062 1221 μα-

410 1223 577 1280 κρότερα
598 1242 633 1266 κ.
655 1242 688 1265 τ.
699 1229 747 1275 L,
775 1226 838 1264 ubi
858 1226 1061 1276 Schweigh.

408 1282 507 1337 μέρη
526 1256 816 1322 subaudiendum
828 1296 910 1321 esse
928 1286 1062 1320 censet.

407 1341 469 1379 De
495 1353 567 1390 qua
601 1339 720 1390 ellipsi
742 1339 849 1389 plura
877 1338 1063 1377 Lambert.

409 1396 501 1435 Bos.
520 1396 568 1433 de
585 1395 719 1447 ellipss.
739 1394 786 1433 L.
801 1395 866 1432 Gr.
882 1407 969 1447 pag.
981 1396 1064 1436 288

410 1463 515 1501 seqq·

468 1503 618 1546 ποιέων
639 1500 905 1553 ἑξαπάλαιστα
923 1520 957 1545 κ.
967 1520 999 1545 τ.
1010 1507 1044 1544 λ.
1049 1503 1064 1556 ]

410 1563 495 1602 Bini
515 1563 598 1600 libri
615 1563 767 1628 probati
772 1563 960 1601 exhibent:
982 1561 1064 1609 ἑξα-

412 1615 619 1667 utalaam,
648 1614 913 1671 τριπάλαστα,
943 1621 1066 1657 παλα-

413 1678 567 1724 στιαῖας
597 1687 705 1723 quam
736 1676 949 1726 scripturam
969 1687 1066 1712 com-

412 1732 562 1770 mendat
594 1730 818 1780 Phrynichus
852 1732 889 1767 in
911 1730 1065 1780 Eclogg.

413 1800 445 1824 s.
462 1800 496 1824 v.
521 1781 714 1838 παλαστή.
771 1787 848 1824 Sed
867 1787 973 1824 huius
991 1789 1067 1825 for-

413 1855 496 1881 mae
525 1842 680 1891 vestigia
707 1855 826 1894 paene
849 1843 971 1880 omnia
1001 1843 1067 1880 ob-

414 1899 558 1937 literata
582 1910 683 1946 esse,
752 1899 861 1936 docet
902 1897 1066 1937 Lobeck.

413 1967 503 2006 pag.
537 1953 631 1995 295.
690 1953 759 1990 Cui
793 1958 938 2004 praeter
977 1954 1013 1991 h.
1041 1953 1065 1991 l.

414 2015 526 2060 atque
543 2009 679 2058 odyss,
695 2008 735 2057 I,
761 2010 844 2051 252
873 2009 964 2058 (ubi
986 2010 1067 2060 qui-

415 2067 571 2104 busdam
593 2065 727 2115 placuit
745 2062 942 2116 παλαιστή
947 2067 1066 2115 σασα)

417 2126 761 2171 monumentumque
777 2121 933 2160 Atticum
944 2122 1068 2160 Chan-

418 2178 511 2216 dleri
540 2177 596 2228 (p.
624 2179 679 2219 38
706 2178 769 2215 ubi
798 2183 915 2216 exstat
939 2191 1070 2218 πεντε-

418 2229 663 2282 admoveas),
692 2234 828 2271 nullum
854 2235 949 2272 aliud
978 2234 1069 2272 illius

419 2292 559 2329 formae
593 2289 785 2339 vestigium
812 2290 970 2328 oblatum
1001 2295 1070 2338 est,

419 2345 591 2394 vulgatae
610 2350 730 2384 autem
757 2348 894 2386 formae
915 2346 1071 2398 plurima

421 2400 607 2451 exempla3
635 2406 674 2439 ut
697 2415 776 2441 eam
805 2403 841 2441 h.
857 2402 882 2440 l.
901 2404 1070 2440 deserere

419 2457 591 2507 equidem
611 2469 685 2495 non
703 2460 867 2497 audeam.
914 2458 974 2497 De
990 2457 1069 2509 plu-

421 2513 486 2551 rali
515 2525 666 2551 numero
693 2515 729 2552 in
762 2514 860 2553 hisce
887 2514 1069 2552 vocabulis

423 2570 521 2607 idem
547 2570 685 2607 monuit
720 2570 884 2610 Lobeck.
914 2584 951 2622 p.
975 2569 1070 2617 540,

423 2625 605 2663 deforma
633 2626 698 2673 (in
726 2626 856 2677 ιαῐος)
884 2639 969 2679 pag·
986 2625 1069 2669 644

424 2692 503 2729 seq.
581 2679 643 2719 Tu
676 2683 761 2721 add.
809 2683 971 2722 Fischer.
1021 2681 1069 2720 ad

425 2735 573 2774 Weller.
604 2737 638 2774 ll
663 2751 749 2789 pag.
775 2742 977 2782 166167.

472 2786 647 2843 ἀριθμὸν
666 2792 720 2842 δὲ,
736 2791 1072 2835 ἕπτακαίὸεκακαὶ

427 2844 592 2897 ἕκατον]
607 2848 730 2888 Minus
745 2855 916 2891 accurate
932 2850 1071 2891 Diodo-

1117 724 1170 761 nit
1191 722 1345 769 lateres,
1370 734 1557 759 numerum
1575 720 1769 759 rotundum

1117 780 1247 845 opinor
1263 780 1485 828 praeferens.

1177 830 1368 901 απέφθρυ
1405 845 1552 885 χρυσου
1581 831 1771 883 τέσσαρα]

1124 892 1224 936 Quid
1241 891 1288 927 sit
1309 887 1498 939 ἅπεφθος
1510 886 1651 941 χρυσος
1664 917 1674 937 ,
1695 888 1771 925 val·

1125 948 1173 985 de
1208 947 1429 996 disceptatur
1454 948 1549 985 inter
1582 946 1678 982 viros
1706 945 1772 982 do-

1125 1007 1214 1040 ctos.
1270 1002 1469 1038 Salmasius
1507 1003 1574 1050 (in
1600 1001 1772 1040 Exercitt.

1125 1058 1244 1096 Plinn.
1264 1060 1457 1108 pag.762.
1481 1059 1584 1106 791)
1613 1070 1657 1095 ac
1670 1062 1775 1108 post-

1127 1116 1236 1153 modo
1250 1113 1559 1153 Larcherusidem
1576 1125 1701 1150 aurum
1719 1113 1775 1149 in-

1128 1171 1239 1220 telligi
1258 1169 1402 1218 volunt,
1431 1171 1531 1220 quod
1559 1169 1649 1206 alias
1678 1169 1775 1206 dica-

1128 1231 1188 1265 tur
1219 1223 1397 1279 ὅῖπυρον,
1430 1239 1561 1278 purum
1592 1225 1691 1276 quod
1719 1237 1777 1263 re-

1129 1284 1290 1335 periatur
1328 1283 1407 1321 sine
1449 1283 1629 1329 coctione,
1668 1279 1777 1330 quale

1129 1351 1163 1376 v.
1185 1353 1214 1376 c.
1236 1351 1279 1376 ex
1300 1338 1471 1386 Pactolo,
1499 1338 1642 1388 Lydiae
1668 1338 1778 1375 fluvio

1130 1396 1305 1442 aurifero,
1351 1395 1487 1443 acquiri
1533 1393 1663 1445 possit.
1729 1392 1778 1430 At

1130 1465 1236 1488 usum
1255 1451 1432 1488 sermonis
1452 1451 1643 1501 ipsamque
1653 1449 1780 1487 analo-

1132 1508 1230 1557 giam
1265 1508 1419 1558 opponit
1457 1506 1780 1556 Schweighaeuse-

1131 1577 1213 1611 rus‚
1246 1564 1307 1613 qui
1326 1564 1406 1614 ipse
1425 1563 1474 1600 ad
1495 1576 1575 1601 eam
1600 1563 1779 1612 interpre-

1132 1621 1306 1658 tationem
1321 1620 1490 1667 inclinat,
1508 1632 1616 1669 quam
1629 1619 1780 1667 dudum,

1132 1681 1227 1713 teste
1249 1676 1279 1714 C
1285 1689 1337 1724 r.‚
1368 1675 1570 1727 protulerat
1602 1675 1780 1712 Graevius

1134 1733 1171 1769 in
1189 1731 1308 1771 Lectt.
1327 1732 1507 1770 Hesiodd.
1534 1744 1613 1782 cap.
1652 1733 1706 1772 20
1732 1730 1782 1768 ad

1133 1802 1225 1826 vers.
1265 1790 1359 1830 208.
1438 1788 1676 1826 Purissimum
1720 1787 1782 1825 ille

1133 1844 1303 1893 intelligit
1331 1856 1457 1881 aurum
1487 1845 1510 1881 i.
1533 1856 1565 1881 e.
1594 1844 1690 1882 bene
1721 1856 1783 1882 ex-

1134 1905 1275 1939 coctum
1287 1929 1298 1948 ‚
1326 1900 1413 1950 igne
1423 1901 1559 1952 optime
1571 1903 1781 1951 purgatum,

1133 1969 1258 1995 aurum
1278 1956 1327 1994 ad
1344 1957 1555 2005 obrussam,
1584 1961 1625 1994 ut
1650 1957 1784 1994 Sueto„

1133 2013 1214 2051 nius
1230 2012 1389 2062 loquitur
1407 2014 1446 2050 in
1464 2013 1603 2051 Neron.
1614 2012 1682 2061 44,
1702 2024 1782 2051 cum

1135 2066 1328 2119 ἄπεφθον
1337 2070 1375 2106 id
1385 2070 1504 2120 ipsum
1515 2070 1654 2109 dicatur
1664 2069 1782 2107 Grae-

1135 2125 1185 2163 cis
1207 2138 1355 2173 aurmn,
1385 2126 1486 2174 quod
1525 2137 1638 2175 saepe
1676 2137 1782 2162 exco-

1135 2185 1230 2218 ctum
1251 2181 1318 2228 sit,
1347 2185 1388 2218 ut
1412 2181 1499 2218 inde
1526 2181 1590 2217 fiat
1608 2181 1782 2229 obryzum

1137 2236 1227 2283 (vid.
1258 2236 1378 2273 Schol.
1407 2236 1613 2285 Thucydid.
1642 2237 1696 2284 ll,
1729 2239 1782 2279 13

1136 2291 1216 2330 coll.
1241 2291 1342 2329 Suid.
1371 2306 1401 2329 s.
1431 2305 1464 2329 v.
1482 2291 1639 2341 Etymol.
1659 2305 1782 2343 magn.

1137 2361 1173 2399 p
1210 2348 1314 2395 650,
1349 2348 1403 2390 35
1456 2353 1493 2387 et
1527 2349 1619 2386 Plin.
1653 2348 1703 2386 H.
1731 2348 1782 2387 N.

1137 2403 1356 2456 xxxu1§.
1385 2406 1468 2453 19).
1523 2404 1620 2443 Nam
1635 2417 1784 2470 compo-

1136 2460 1207 2496 sita
1229 2464 1286 2497 est
1310 2473 1381 2497 vox
1407 2474 1451 2499 ex
1483 2457 1608 2510 ἑφθός
1630 2464 1667 2498 et
1693 2456 1781 2502 οἷπό.

1136 2515 1179 2553 In
1199 2528 1309 2565 quam
1329 2518 1543 2555 sententium
1554 2518 1691 2568 optime
1709 2519 1785 2555 dis-

1136 2573 1293 2623 putavit,
1322 2578 1493 2612 monente
1521 2573 1609 2622 Cr.‚
1637 2573 1785 2612 Locella

1136 2629 1185 2665 ad
1202 2628 1352 2667 Eckhel.
1368 2629 1531 2668 Doctrin.
1547 2642 1681 2669 numm.
1698 2634 1783 2668 vett.

1136 2684 1152 2722 1
1177 2683 1347 2735 Prolegg.
1374 2699 1460 2737 pag.
1485 2686 1621 2724 XXIII.
1679 2686 1783 2730 Quae

1137 2753 1218 2778 cum
1240 2742 1292 2779 ita
1309 2743 1402 2791 sint,
1431 2743 1478 2781 ab
1506 2742 1658 2792 antiqua
1684 2741 1783 2780 Lau-

1137 2797 1243 2834 rentii
1262 2798 1390 2836 Vallae
1403 2803 1440 2838 et
1456 2798 1597 2836 Aemilii
1618 2797 1782 2836 Portiin-

1137 2855 1415 2906 terpretatione,
1433 2867 1543 2906 quam
1562 2854 1714 2894 eandem
1723 2865 1782 2892 se-
