1909 3228
434 235 519 276 354
826 228 1290 268 HERODOTI

411 341 585 400 6,,μήτε
626 339 761 384 δεινοί
803 353 872 380 τοι
910 337 1020 379 ἔωσι.
1076 335 1226 379 ἄπειπε
1264 335 1343 391 μέν
1395 347 1473 392 σφι
1516 336 1687 392 πέμψας

436 455 462 474 ,,
475 420 588 465 ὅπλα
621 418 749 474 ἀρήϊα
778 416 836 472 μὴ
865 415 1095 470 ἐκτῆσθαι·
1146 413 1290 457 κέλευε
1320 413 1365 457 δέ
1396 427 1530 470 σφεας
1558 419 1686 459 κιθῶ-

438 499 551 553 „vois
589 513 632 541 τε
670 493 907 539 ὑποδύνειν
948 498 1062 537 τοῖσι
1108 494 1274 548 εἵμασι,
1331 493 1404 536 καὶ
1440 494 1687 548 κοθόρνους

411 576 769 631 7,,ύποδέεσθαι·
799 571 978 627 πρόειπε
1015 570 1059 616 δ’
1090 572 1260 615 αὐτοῖσι
1290 573 1527 624 κιθαρίζειν
1554 588 1598 615 τε
1615 573 1689 615 καὶ

439 655 656 708 ,,ψάλλειν
693 653 766 696 καὶ
813 651 1075 707 καπηλεύειν
1112 649 1336 695 παιδεύειν
1375 650 1478 701 τούς
1521 652 1745 701 ataldus-80

439 734 546 788 »καὶ
574 733 732 788 ταχέως
759 732 916 788 σφέας,
947 727 982 773 ὦ
1010 734 1209 787 βασιλεῦ,
1250 735 1460 786 γυναῖκας
1489 728 1584 773 α’ντ’
1616 728 1690 771 ἄν-

439 814 598 867 ,,δρῶν
637 811 766 864 ὄψεαι
810 809 1065 867 γεγονότας,

111 945 249 973 Mazaren
276 944 384 972 Medus
471 972 485 987 e
529 968 540 983 ρ
628 970 637 986 r
830 970 841 985 a·
941 966 950 980 r
1151 973 1169 980 Ν
1286 967 1296 981 ‹-
1337 970 1345 984 ν
1619 972 1633 979 ἢ

111 987 130 1006 n
148 979 227 1013 Cyro
245 978 384 1012 inleydoe
441 988 483 1015 οι
511 975 765 1022 υπετιθετο,
796 984 1058 1022 αιρετωτερα
1087 985 1222 1012 ταυτα
1251 980 1464 1022 ευρισκων
1493 969 1689 1014 Λυδοισι,

111 1013 247 1043 mittitur.

1129 810 1237 854 ὥστε
1278 809 1409 854 οὐδὲν
1451 810 1586 853 δεινοί
1623 824 1691 851 τοι

282 879 382 925 156
438 892 645 945 ,,ἓ’σονται
677 889 733 946 μὴ
765 888 1048 933 ἀποστέωσι-(ι
1105 893 1297 944 Κροῖσος
1345 890 1423 945 μὲν
1463 888 1515 945 δὴ
1555 885 1691 932 ταῦτα

436 1049 465 1107 ἢ
493 1047 924 1104 ἀνδραποδισθέντας
953 1051 1180 1104 πρηθῆναι
1209 1048 1365 1103 σφέας·
1411 1045 1692 1101 ἐπιστάμενος
1705 1052 1749 1086 85

438 1128 506 1173 ὅτι
535 1127 590 1184 ἢν
619 1126 676 1184 μὴ
708 1125 943 1183 ἀξιόχρεων
971 1125 1195 1183 πρόφασιν
1221 1128 1447 1183 προτείνῃ,
1482 1122 1562 1169 οὐκ
1591 1122 1694 1167 ἀνα-

437 1208 571 1251 πείσει
599 1224 674 1262 μιν
703 1204 1152 1262 μεταβουλεύσασθαι·
1185 1203 1420 1260 ἆῤῥωδέων
1443 1204 1512 1255 δὲ,
1542 1203 1598 1259 μὴ
1621 1203 1696 1246 καὶ

436 1285 622 1340 ὕστερόν
650 1301 748 1329 κοτε
779 1287 822 1328 οἱ
850 1286 1013 1337 Λυδοὶ,
1053 1285 1109 1340 ἢν
1137 1283 1186 1327 τὸ
1216 1283 1381 1338 παρεὸν
1411 1282 1693 1338 ὑπεκδράμω-

404 1372 505 1418 Ξσι,
534 1363 795 1415 ἀποστάντες
824 1362 910 1407 ἀπὸ
941 1366 1028 1406 τῶν
1062 1363 1265 1418 Περσέων
1295 1361 1556 1407 ἀπόλωνται.
1601 1363 1689 1403 Κῦ-

437 1459 514 1498 ρος
540 1444 586 1487 δὲ
611 1443 761 1500 ἡσθεὶς
797 1445 852 1499 τῇ
887 1440 1120 1497 ὑποθήκῃ,
1169 1442 1242 1485 καὶ
1279 1441 1402 1492 ὑπεὶς
1438 1445 1514 1497 τῆς
1550 1438 1694 1495 ὀργῆς,

380 1638 456 1676 Sed
475 1638 569 1675 bene
590 1637 625 1675 h.
648 1636 672 1674 l.
701 1637 800 1673 istud
820 1636 1030 1682 tenendum,

380 1694 516 1742 Cyrum
534 1694 601 1731 hoc
618 1706 742 1741 agere,
758 1697 904 1731 auctore
916 1694 1032 1730 Croe-

380 1762 446 1797 so,
479 1750 540 1798 qui
561 1762 604 1787 co
637 1751 718 1800 ipso
745 1749 920 1798 populum
948 1748 1030 1783 olim

380 1817 484 1842 fluum
502 1818 646 1842 servare
673 1804 844 1849 voluerit,
874 1817 921 1841 ne
943 1803 1031 1839 alias

382 1861 418 1897 in
438 1861 545 1897 sedes
575 1861 877 1897 transduceretur.
935 1859 1032 1896 Nam

381 1916 451 1954 hoc
471 1929 615 1966 quoque
644 1916 847 1952 istiusmodi
877 1917 1032 1966 impera-

384 1976 483 2010 tores
517 1973 645 2009 iisdem
678 1973 725 2009 de
755 1973 871 2008 causis
898 1971 1033 2008 inducti

385 2029 569 2075 factitant,
615 2032 654 2064 ut
689 2033 818 2077 gentes
855 2029 1033 2065 subiectas

387 2085 463 2121 suis
483 2085 586 2122 terris
607 2085 734 2134 patriis
755 2085 883 2122 cedere
901 2089 1034 2134 cogant

388 2140 425 2177 in
454 2140 540 2177 alias
580 2140 727 2177 multum
767 2142 852 2178 inde
876 2144 1033 2178 remotas

386 2200 514 2233 terras.
574 2197 687 2233 Cuius
708 2198 851 2245 generis
872 2195 1034 2246 exempla

388 2252 527 2301 aliquot
547 2253 582 2289 in
596 2252 788 2290 Persarum
806 2254 1035 2291 inveniuntur

390 2307 549 2346 historia.
605 2308 687 2345 Vid.
708 2310 866 2347 Hecren.
888 2309 910 2346 l.
937 2309 958 2346 l.
983 2329 1031 2335 --

391 2365 452 2402 Sic
494 2365 703 2413 Babyloniis
752 2366 1035 2403 desciscentibus

391 2419 484 2458 hanc
495 2433 650 2470 poenam
669 2433 691 2457 a
702 2421 822 2459 Xerxe
841 2422 1035 2470 irrogatam

391 2489 474 2514 csse
490 2476 642 2525 legimus
671 2479 770 2527 apud
796 2477 973 2514 Plutarch.
1002 2476 1037 2512 ll

390 2545 427 2582 p.
450 2534 546 2578 1733
577 2533 623 2569 dc
644 2532 759 2582 Lydis
787 2537 931 2584 praeter
958 2532 1036 2569 He-

391 2588 511 2625 rodoti
536 2588 651 2625 locum
675 2591 768 2626 conf.
800 2590 923 2626 lustin.
950 2588 988 2633 l,
1012 2590 1037 2628 6

395 2646 432 2680 ct
459 2643 630 2692 Polyaen.
656 2645 746 2693 Vll,
774 2648 820 2693 6,
854 2644 891 2686 4.
947 2645 1040 2680 For-

395 2710 488 2734 mam
519 2700 730 2738 coniunctivi
766 2701 922 2737 Ionicum
949 2698 1040 2737 ἔωσι

396 2753 561 2802 explicuit
581 2755 709 2793 Matth.
733 2758 797 2793 Gr.
823 2757 886 2793 Gr.
909 2754 944 2806 ἓ.
959 2758 1038 2796 217

396 2820 480 2857 pilg—
504 2810 585 2850 414
598 2824 686 2859 seq„
705 2814 765 2860 qui
783 2814 877 2850 idem
898 2811 1039 2863 §.534,

397 2863 437 2909 4,
457 2866 476 2903 1
501 2877 586 2913 Pag-
612 2867 716 2907 1046
748 2881 824 2917 seq.
853 2868 1042 2906 consulen-

1100 1635 1168 1671 dus
1199 1636 1245 1673 dc
1280 1635 1459 1674 locutione
1489 1632 1553 1674 ὄπ
1568 1649 1583 1673 ε
1597 1649 1676 1674 ιπε
1696 1655 1752 1663 -

1101 1689 1161 1741 μή
1185 1691 1388 1742 ἐκτῆσθαι.
1410 1688 1649 1742 καπηλεύειν
1665 1691 1754 1740 quid

1100 1748 1165 1793 sit,
1211 1753 1247 1784 ct
1267 1762 1339 1797 quo
1361 1750 1500 1786 dicatur
1519 1761 1649 1796 sensu,
1674 1761 1753 1785 mo-

1100 1803 1242 1839 nuinms
1260 1805 1307 1840 ad
1327 1804 1363 1850 l,
1385 1805 1449 1845 94.

1159 1855 1256 1898 ὥστε
1276 1856 1396 1899 οὐδὲν
1420 1859 1545 1899 δεινοί
1563 1874 1624 1899 τοι
1647 1858 1753 1900 ἔσον-

1100 1929 1162 1953 ται
1183 1913 1236 1967 μὴ
1259 1912 1503 1967 ἅποστὲωσι]
1527 1916 1668 1953 Dictum
1686 1918 1755 1954 hoc

1101 1985 1188 2021 pro:
1235 1969 1332 2012 ὥστε
1367 1969 1483 2013 οὐδὲν
1524 1968 1658 2013 δεινόν
1694 1988 1755 2012 τοι

1103 2027 1230 2076 ἔσται,
1267 2026 1321 2079 μή
1357 2029 1500 2069 ἐκεῖνοι
1525 2024 1753 2069 α’ποστὲωσι.

1102 2084 1185 2122 vid.
1204 2085 1334 2123 Matth.
1354 2085 1390 2137 ξ.
1414 2088 1494 2126 297
1519 2099 1604 2136 pag.
1623 2086 1716 2128 595-

1297 2169 1407 2219 Cap.
1439 2168 1568 2206 CLVI.

1157 2248 1334 2301 Κροῖσος
1367 2249 1438 2302 μὲν
1475 2249 1523 2300 δὴ
1559 2247 1684 2291 ταῦτα
1714 2251 1757 2292 οἷ

1102 2305 1336 2353 ύπετίθετο]
1369 2308 1582 2345 Particulam
1605 2323 1644 2347 τε
1661 2310 1754 2347 male

1103 2369 1187 2414 post
1217 2368 1341 2402 ταῦτα
1369 2377 1391 2401 a
1421 2365 1608 2401 Gronovio
1637 2366 1753 2403 inser-

1104 2426 1175 2456 tam
1191 2449 1200 2466 ,
1242 2434 1321 2457 cum
1360 2426 1509 2457 recentt.
1556 2421 1752 2459 delevimus

1103 2476 1274 2513 librorum
1305 2477 1538 2527 plurimorum
1560 2478 1669 2515 iussu.
1698 2499 1753 2505 —-

1105 2533 1162 2568 Ad
1182 2531 1298 2580 ύπεὶς
1315 2535 1386 2582 τῆς
1405 2528 1522 2585 ὀργῆς
1547 2535 1640 2571 cons.
1656 2533 1754 2571 Mat-

1105 2589 1199 2626 thiae
1221 2591 1285 2625 Gr.
1307 2589 1371 2625 Gr.
1396 2587 1433 2639 ξ.
1453 2591 1534 2630 338
1554 2602 1638 2639 pag.
1658 2591 1752 2631 646.

1105 2666 1161 2672 ——
1178 2644 1244 2683 καὶ
1270 2642 1366 2697 πρὸς
1406 2646 1472 2692 (in
1496 2646 1567 2684 fine
1593 2647 1753 2696 capitis),

1106 2704 1263 2751 insuper,
1310 2705 1515 2751 practerea,
1573 2701 1752 2738 nonnullis

1108 2758 1279 2807 exemplis
1320 2758 1506 2794 illustravit
1533 2757 1752 2805 Wcsseling.

1107 2814 1154 2848 ad
1174 2813 1207 2849 h.
1230 2814 1250 2850 l.
1282 2813 1343 2850 Tu
1360 2814 1430 2849 vid.
1449 2814 1571 2862 Vigor.
1599 2814 1646 2851 de
1661 2813 1753 2850 idio-

1107 2870 1200 2905 tism.
1224 2882 1309 2919 pag.
1330 2871 1420 2910 175.
1443 2871 1535 2910 662·
