1909 3228
456 243 540 282 326

846 236 1314 275 HERODOTI

431 351 519 408 3δὴ
547 346 609 394 ὦν
637 348 715 393 τόν
749 346 881 390 νέκυν
922 345 1103 398 Πέρσαι,
1158 348 1213 401 γῇ
1249 342 1499 397 κρύπτουσι.
1559 343 1709 398 Μάγοι

462 430 508 474 δὲ
544 429 825 483 κεχωρίδαται
865 422 1027 467 πολλὸν
1062 427 1150 466 τῶν
1189 438 1233 465 τε
1271 420 1412 464 ἄλλων
1448 421 1710 477 ἀνθρώπων,

460 509 534 552 καὶ
561 511 646 550 τῶν
676 506 722 548 ἐν
757 501 959 560 Αἰγύπτῳ
991 500 1131 556 ἱρέων.
1175 503 1219 543 οἱ
1257 500 1335 555 μὲν
1368 500 1450 556 γὰρ
1481 501 1710 556 ἁγνεύουσι

433 589 653 642 Λιέμψυχον
681 583 814 640 μηδὲν
843 583 1044 632 κτείνειν,
1091 582 1126 622 εἰ
1163 579 1221 635 μή
1252 579 1334 623 ὅσα
1365 579 1535 622 θύουσι.
1597 582 1639 623 οἱ
1669 581 1767 624 ὸὲὸο

462 663 515 720 δή
544 662 676 720 μάγοι
715 660 961 717 αὐτοχειρίῃ
999 658 1162 710 πάντα,
1210 658 1322 721 πλὴν
1368 658 1501 709 κυνὸς
1537 659 1611 702 καὶ
1640 659 1711 703 ἆν-

1289 722 1303 737 O

408 858 558 902 Quaest.
582 857 622 905 Ι,
639 856 693 898 45
724 857 742 903 (
751 856 921 903 „Persae
946 856 1056 893 etiam

407 926 489 952 cera
523 913 736 951 circumlitos
777 913 958 958 condunt,
1016 915 1056 947 ut

407 982 516 1020 quam
535 970 689 1007 maxime
718 972 956 1018 permaneant
975 967 1056 1003 ‹liu-

407 1031 514 1064 tuma
533 1028 748 1076 corpora“),
777 1025 909 1062 Sextus
927 1023 1055 1072 Empi—

407 1082 500 1121 ricus
546 1081 722 1130 Pyrrhon.
769 1081 956 1131 Hypotyp.
1004 1078 1057 1115 ΙΙΙ

408 1152 470 1189 op.
489 1137 543 1180 24
566 1151 652 1188 pag.
680 1138 781 1185 185,
819 1137 880 1185 qui
908 1148 1056 1172 narrare

408 1195 586 1244 quosdam
611 1194 752 1241 scribit,
781 1205 804 1230 a
829 1193 948 1230 Persis
980 1205 1059 1228 sus-

408 1250 520 1300 pendi
542 1254 703 1287 mortuos
735 1254 771 1288 et
799 1250 892 1285 nitro
921 1247 1059 1285 condiri

408 1311 518 1356 atque
541 1307 591 1343 ita
625 1307 745 1343 fasciis
773 1305 924 1343 obvolvi.
981 1304 1060 1341 He-

408 1363 577 1399 rodotum
605 1362 663 1399 hic
689 1376 767 1399 mos
786 1375 831 1399 eo
849 1361 966 1410 magis
996 1361 1062 1397 ad-

409 1422 550 1455 vertere
575 1422 739 1468 poterat,
769 1430 842 1466 quo
859 1417 952 1454 aliae
971 1429 1061 1465 gen-

409 1478 463 1510 tes
479 1473 655 1523 plurimae
672 1478 833 1510 mortuos
853 1473 1062 1510 comburere

409 1528 585 1566 solebant.
643 1530 720 1566 Sed
741 1528 808 1565 hoc
838 1530 941 1566 nefas
960 1527 1061 1564 vide-

411 1586 517 1623 batur
549 1584 690 1631 Persis,
748 1585 810 1633 qui
848 1585 1061 1621 cadaverum

410 1640 660 1678 combustione
677 1641 797 1689 ignem
826 1639 1062 1677 contaminari

410 1696 600 1747 putabant.
657 1696 727 1733 vid
749 1701 839 1733 nott.
866 1697 915 1732 ad
937 1696 974 1742 1,
996 1697 1062 1736 86.

409 1752 568 1789 Heeren.
599 1752 712 1789 Ideen
739 1752 777 1798 I,
805 1756 826 1792 1
856 1765 942 1799 pag.
965 1751 1059 1792 254.

409 1807 531 1856 Atque
553 1808 687 1844 exstitit
703 1820 819 1856 nuper
836 1806 980 1853 Rhode,
998 1806 1060 1855 qui

410 1862 452 1911 (l.
472 1862 494 1899 l.
516 1875 602 1914 pag.
625 1864 715 1904 132.
743 1863 853 1910 133)
885 1867 963 1898 tota
983 1875 1061 1898 cor-

408 1930 521 1969 pora,
552 1920 634 1955 ecrit
654 1919 834 1966 obducta,
862 1919 974 1955 fuisse
994 1918 1060 1954 hu-

409 1978 510 2012 mata
535 1980 689 2023 negaret
724 1974 867 2023 aliaque
896 1975 1061 2025 disputa-

410 2034 486 2078 ret,
526 2031 656 2080 quibus
695 2031 911 2068 sententiam
959 2043 1060 2067 suam

410 2087 583 2137 probaret
602 2087 685 2123 viris
711 2087 836 2123 doctis.
880 2087 986 2130 Quae
1006 2091 1061 2123 ta-

411 2155 494 2180 men
513 2156 592 2180 cum
615 2155 683 2180 nec
693 2143 872 2180 Herodoti
889 2156 955 2179 nec
973 2142 1062 2179 ulio-

410 2212 488 2235 rum
501 2199 715 2236 testimoniis
726 2200 797 2236 sint
807 2203 1061 2245 consentanea,

410 2255 593 2292 mittamus
632 2268 719 2292 sane
754 2269 821 2292 nec
846 2255 988 2304 longius
1019 2255 1060 2290 iis

410 2312 652 2348 immoremur.
699 2311 822 2360 Magis
844 2312 994 2348 forsitan
1013 2310 1059 2345 ad

411 2367 638 2404 Herodomm
677 2368 765 2404 illud
806 2368 912 2413 facit,
962 2367 1062 2415 quod

410 2422 610 2461 Larcherus
638 2426 799 2474 profert,
829 2422 937 2471 Angli
963 2421 1060 2469 regis

411 2479 564 2517 cadaver
611 2481 692 2517 cerii
730 2481 922 2517 obductum
964 2490 1060 2514 anno

414 2535 518 2575 1307
557 2549 593 2585 p.
623 2536 710 2572 Chr.
739 2550 774 2572 n.
812 2540 848 2573 et
882 2535 1060 2582 integrum

412 2596 589 2628 servatum
609 2591 655 2628 ad
685 2598 842 2629 nostram
870 2603 982 2639 usque
999 2603 1060 2627 ae-

411 2651 532 2684 tatem.
575 2648 682 2685 Conf.
711 2648 868 2697 denique
895 2650 983 2683 nott.
1013 2646 1059 2683 ad

413 2701 445 2748 l,
477 2704 566 2743 198.

468 2759 519 2810 γῇ
536 2754 778 2809 κρύπτουσι]
811 2762 832 2797 i.
852 2775 882 2797 e.
912 2762 948 2796 in
966 2763 1057 2795 terra

412 2817 597 2859 reponunt,
627 2816 789 2852 condunt.
819 2817 959 2853 Eodem
979 2829 1057 2852 mo-

413 2867 460 2903 do
486 2868 518 2914 l,
540 2871 620 2910 216
650 2876 684 2907 et
711 2873 808 2921 apud
838 2872 1054 2922 Sophoclem

1123 850 1236 907 ταφῳ
1257 850 1411 906 κρύψαι
1434 854 1470 891 in
1484 853 1657 904 Antigon.
1681 856 1772 897 182.

1123 912 1216 952 957.

1180 965 1222 1005 οἱ
1243 964 1284 1005 ὸὲ
1317 963 1366 1016 δή
1400 962 1518 1018 μάγοι
1549 962 1772 1020 αὐτοχειρίῃ

1123 1018 1254 1060 πάντα
1290 1044 1338 1049 —-
1366 1021 1586 1072 κτείνουσι]
1649 1022 1775 1072 Expli-

1125 1079 1241 1115 canda
1256 1078 1345 1116 haec
1365 1083 1447 1115 suut
1466 1092 1509 1116 ex
1521 1079 1684 1116 doctrina
1693 1079 1774 1116 Ma-

1125 1148 1253 1184 gorum
1279 1148 1320 1172 ac
1342 1134 1532 1172 Persarum
1561 1135 1608 1172 de
1635 1135 1776 1172 duobus

1126 1191 1264 1241 geniis,
1302 1191 1399 1228 bono
1440 1204 1512 1227 uno
1541 1191 1786 1240 (Ormuzd)

1127 1247 1240 1285 altero
1262 1260 1373 1297 pravo
1403 1246 1655 1297 (Ahriman),
1685 1260 1776 1298 quo—

1128 1317 1204 1341 rum
1229 1304 1286 1341 ille
1306 1304 1465 1340 omnium
1493 1304 1692 1351 bonorum,
1722 1304 1778 1341 hic

1128 1361 1288 1397 omnium
1332 1360 1505 1397 malorum
1548 1362 1630 1397 sons
1666 1364 1777 1409 atque

1127 1417 1351 1467 principium.
1419 1417 1482 1453 llle
1525 1417 1628 1454 bonis
1674 1417 1779 1453 adest

1127 1472 1351 1519 homiuibus,
1381 1472 1438 1509 hic
1465 1485 1596 1522 pravos
1630 1473 1723 1521 regit
1742 1476 1778 1509 et

1129 1528 1177 1565 ad
1204 1542 1306 1565 suum
1334 1528 1519 1564 arbitrium
1549 1529 1656 1565 ducit.
1715 1528 1779 1565 llle

1130 1585 1226 1620 bona
1260 1584 1328 1621 sibi
1370 1584 1478 1621 habet
1512 1584 1700 1631 animalia,
1730 1585 1778 1621 ad

1129 1640 1319 1678 utilitatem
1353 1640 1536 1677 hominum
1576 1645 1778 1690 procreata,

1129 1695 1185 1733 hie
1203 1695 1303 1733 malis
1322 1701 1490 1746 praeest,
1520 1697 1669 1743 bestiis,
1694 1697 1777 1733 seris

1129 1752 1285 1788 humano
1305 1752 1429 1799 generi
1441 1752 1575 1790 nocivis
1591 1753 1780 1789 damnum-

1128 1820 1200 1856 que
1221 1808 1668 1857 plurimuminserentibus.
1686 1809 1781 1846 Cum

1128 1876 1214 1901 vero
1263 1877 1556 1914 unumquemque
1598 1865 1780 1902 hominem

1129 1924 1297 1969 oporteat
1324 1920 1458 1957 bonum
1495 1921 1642 1969 genium
1670 1921 1780 1969 (Or-

1128 1977 1263 2024 muzd)
1305 1976 1430 2025 sequi,
1468 1977 1658 2027 ipsumque
1695 1977 1781 2015 inde

1128 2033 1282 2082 probum
1314 2033 1410 2080 sieri,
1449 2034 1570 2070 onmia
1598 2034 1666 2072 iste
1693 2038 1780 2083 agat

1130 2101 1278 2126 necesse
1308 2093 1382 2136 est,
1424 2090 1662 2138 omnibusque
1690 2103 1779 2140 ope-

1130 2145 1201 2180 rari
1221 2145 1341 2191 debet,
1361 2145 1489 2193 quibus
1509 2146 1610 2195 pravi
1629 2146 1778 2182 daemo-

1129 2200 1183 2236 nis
1202 2213 1354 2248 reguum
1372 2202 1571 2247 minuatur,
1599 2201 1777 2239 eiusdem—

1129 2268 1201 2304 que
1219 2257 1269 2292 vis
1291 2256 1326 2292 in
1347 2269 1403 2294 res
1423 2257 1624 2294 mundanus
1645 2270 1687 2294 ac
1705 2263 1779 2295 ter-

1128 2315 1259 2349 restres
1279 2317 1495 2350 coerceatur.
1525 2312 1696 2362 Semper,
1717 2314 1777 2362 qui

1127 2368 1261 2417 probus
1279 2381 1319 2405 ac
1339 2370 1413 2405 sere
1432 2369 1560 2406 beatus
1582 2370 1659 2406 fieri
1678 2370 1775 2417 velit,

1130 2423 1280 2472 vigilare
1310 2425 1419 2462 debet
1451 2438 1668 2475 semperque
1697 2439 1779 2464 esse

1129 2480 1286 2517 intentus
1300 2509 1310 2528 ‚
1327 2493 1393 2518 nec
1411 2494 1569 2530 unquam
1590 2483 1778 2520 socordiae

1129 2541 1191 2572 aut
1226 2537 1392 2586 ignaviae
1425 2538 1590 2584 deditus3
1635 2551 1778 2589 semper

1128 2598 1368 2641 persequatur
1402 2593 1515 2640 mala,
1554 2607 1648 2643 quae
1693 2595 1777 2632 mali

1129 2649 1224 2696 genii
1245 2650 1296 2685 xis
1318 2651 1520 2699 procreavit
1540 2655 1650 2699 atque
1676 2650 1776 2698 aluit,

1129 2717 1270 2754 semper
1288 2706 1477 2744 insidietur
1496 2707 1614 2756 pravis
1640 2707 1777 2753 bestiis,

1128 2773 1172 2797 ne
1202 2761 1247 2797 illi
1277 2763 1324 2799 de
1346 2762 1450 2799 bonis
1477 2762 1691 2809 detrahant,
1720 2776 1776 2800 rc-

1126 2830 1282 2863 gmunve
1301 2819 1401 2867 pravi
1424 2819 1478 2855 sui
1498 2819 1596 2867 genii
1615 2819 1774 2865 adauge-

1126 2877 1196 2909 uut.
1258 2875 1332 2911 Sed
1365 2874 1506 2923 Magis,
1536 2874 1596 2923 qui
1622 2874 1774 2924 proximi
