1877 3223
648 198 859 238 cLlo.
914 199 942 239 Ι.
1354 204 1432 244 111

47 312 113 359 4Ί
158 311 274 351 σθαι.

156 401 292 442 πεμπε
328 385 370 437 ἐς
410 385 488 443 τὴν
528 386 756 443 διάπειραν
801 392 887 431 τῶν
926 389 1220 445 χρηστηρίων·

336 305 653 363 Ἐντειλοὲμενος
698 308 744 352 δὲ
783 315 896 353 τοῖσι
938 310 1122 367 Λυδοῖσι
1158 309 1285 363 τάδε,
1337 309 1435 356 ἆπέ-
1484 312 1756 376 tenffgssgssggoe‘g'fflg

1485 381 1615 408 oracula..
1636 382 1756 416 Delphi-

1485 422 1552 442 cum
1569 423 1755 451 responsum.

1269 387 1345 432 ἀπ’
1385 393 1436 446 ῆς

155 465 212 509 ἂν
239 464 399 522 ἡμέρης
429 464 675 522 ὁρμηθέωσι
704 467 750 510 ἐκ
781 469 1006 522 Σαρδίων,
1037 466 1121 511 ἀπὸ
1153 468 1312 526 ταύτης
1338 467 1435 526 ἦμε-
1482 478 1539 517 22

155 546 440 601 ρολογέοντας
484 546 561 590 τὸν
603 546 759 590 λοιπὸν
803 544 988 602 χρόνον,
1041 547 1249 603 ἑκατοστῇ
1297 547 1484 607 ἡμέρῃῑό

154 628 344 681 χρῆσθαι
366 631 476 669 τοῖσι
491 627 796 682 χρηστηρίοισι,
823 625 1153 682 ἐπειρωτέοντας
1169 626 1194 670 ὅ
1215 645 1256 671 τι
1277 627 1439 672 ποιέων

154 704 361 760 τυγχάνοι
398 702 422 747 ὁ
461 706 621 747 Λυδῶν
659 704 860 760 βασιλεύς
899 709 1089 760 Κροῖσος
1131 703 1156 749 ὁ
1190 704 1439 752 Ἀλυάττεω.

133 782 270 827 Ξὲίσσα
300 781 342 827 δ’
376 783 432 827 ἂν
470 783 628 827 ἕκαστα
668 786 754 827 τῶν
781 786 1053 840 χρηστηρίων
1091 787 1297 843 θεσπίσῃ,
1339 798 1438 844 συγ-

133 861 464 919 3γραψαμένους
493 860 734 919 ἀναφέρειν
762 860 872 918 παρ’
903 863 1077 908 ἑωυτόν.
1104 863 1160 907 “O
1188 882 1228 909 τι
1256 864 1336 921 μέν
1354 883 1439 911 νυν

113 1021 422 1077 στρατεύεσθαι]
460 1024 667 1063 Werserum
698 1026 764 1074 (in

113 1082 207 1119 Aett.
239 1082 337 1132 phill.
366 1082 530 1119 Monaoe.
562 1082 580 1119 I
610 1096 646 1132 p.
670 1086 765 1130 230,

114 1139 173 1174 ubi
200 1142 363 1175 nostrum
394 1138 532 1185 locum,
582 1140 765 1188 probante

113 1194 330 1242 Schweigh„
361 1195 413 1231 sic
431 1195 556 1232 vertit:
587 1209 633 1231 αη
664 1208 765 1245 ατρα-

114 1250 278 1286 ditionem
301 1253 471 1299 suscipere
486 1251 510 1286 (l
521 1264 536 1287 e
546 1251 564 1286 b
576 1264 592 1287 e
601 1264 619 1287 r
629 1265 644 1288 e
657 1253 690 1299 t)
710 1253 766 1288 of-

116 1307 233 1344 sendit
261 1308 443 1356 optativus
472 1305 700 1359 ἐπιχειρέοι,
729 1307 767 1343 in

115 1362 403 1410 coniuncfivum,
445 1367 574 1412 utpote
618 1364 767 1400 modum

114 1418 413 1466 deliberativum,
462 1420 656 1455 mutandus
686 1418 766 1457 ἐπι-

113 1473 255 1529 χειρέῃ.
339 1475 398 1512 De
433 1488 506 1524 quo
542 1476 766 1512 coniunctivo

113 1532 184 1568 vid.
216 1532 262 1568 ad
292 1531 331 1579 Ι,
365 1531 417 1572 53
447 1536 484 1569 et
511 1533 604 1568 conf.
635 1532 680 1578 V,
702 1534 766 1572 67.

116 1589 182 1629 82.
211 1588 310 1635 VIII,
331 1590 400 1635 67,
421 1588 483 1625 ubi
503 1589 767 1625 coniunctivmn

117 1643 304 1681 W'erferus
325 1644 522 1694 repositum
552 1645 650 1692 vult,
680 1658 767 1694 pro-

117 1699 170 1735 uti
204 1700 311 1737 etiam
346 1701 530 1750 placuerat
570 1701 767 1738 Schaesero

120 1756 168 1792 ad
205 1755 389 1793 Lambert.
425 1757 512 1794 Bos.
541 1758 587 1794 de
618 1757 767 1808 Ellipss.

119 1823 205 1862 pag.
242 1811 334 1853 754.
403 1811 543 1849 Nostro
576 1813 656 1850 loco
696 1827 768 1862 quo

119 1868 236 1905 minus
258 1869 470 1918 recipiamus
486 1868 692 1923 ἐπιχειρέῃ,
703 1871 769 1906 ob-

118 1928 216 1960 stant
235 1923 313 1960 libri
334 1925 478 1974 scripti‚
508 1938 660 1973 quorum
682 1938 769 1962 con-

118 1981 241 2017 sensui
259 1981 297 2029 in
318 1980 521 2016 huiusmodi
541 1982 650 2017 rebus
674 1993 768 2016 non-

118 2035 204 2072 nihil
221 2037 449 2072 tribuendum
467 2050 548 2073 esse
560 2049 768 2081 censemus3

118 2092 241 2128 obstat
259 2093 339 2141 ipsa
370 2092 439 2129 loci
460 2092 571 2139 ratio,
601 2105 709 2141 quem
737 2092 767 2127 si

119 2149 319 2197 acceperis:
354 2161 401 2184 an
421 2148 669 2197 expeditionffln
689 2162 766 2184 sus-

121 2206 232 2254 cipere
264 2208 401 2253 posset,
449 2204 549 2240 nulla
570 2205 701 2255 opinor
729 2218 767 2241 e-

120 2261 353 2298 mendatione
373 2261 440 2297 erit
460 2274 562 2310 opus.
604 2260 665 2297 Tu
685 2273 771 2296 con-

121 2316 188 2353 sul.
199 2316 337 2366 optime
351 2321 558 2354 monentem
571 2316 774 2354 Hermann.

121 2373 170 2409 ad
191 2373 314 2422 Viger.
336 2386 422 2424 pag.
441 2375 535 2414 947.

302 2452 412 2501 Cap.
442 2450 592 2488 XLVH.

177 2503 511 2570 ’ἡμερολογέοντας
538 2504 604 2546 τὸν
634 2504 772 2547 λοιπόν

124 2558 293 2614 χρόνον,
342 2562 598 2617 ἑκατοστῇ
643 2561 770 2618 ’ἡμέρῃ

124 2618 322 2687 χρησθαι]
351 2618 452 2656 Libri
473 2620 595 2669 scripti
624 2632 769 2658 omnes:

126 2674 289 2720 ἕκαστος
327 2677 375 2729 τῇ
411 2675 467 2712 vel
503 2674 664 2713 ἕκαστον
700 2691 772 2730 τῃ;

126 2731 224 2779 quod
250 2743 328 2767 cum
365 2731 451 2767 ferri
477 2743 551 2767 non
581 2732 772 2780 potuisset,

125 2787 223 2822 vario
258 2787 366 2823 modo
391 2786 505 2823 locum
539 2784 772 2825 sanare'stu-

126 2844 280 2880 duerunt
296 2843 360 2879 viri
373 2843 468 2880 docti
481 2872 492 2891 ,
523 2856 674 2892 quorum
685 2857 770 2882 con-

834 1028 987 1065 iecturas
1012 1026 1130 1064 retulit
1151 1026 1371 1077 W⁷esseling.
1401 1027 1484 1066 Nos

833 1098 913 1121 cum
930 1084 1059 1120 eodem
1070 1083 1317 1133 WVesselingio
1332 1084 1484 1134 aliisque

834 1141 1031 1178 editoribus
1059 1140 1172 1177 secuti
1202 1153 1326 1177 sumus
1346 1140 1487 1191 palma-

834 1198 923 1233 riam
934 1196 1099 1245 Bergleri
1119 1198 1409 1234 emendationem
1428 1198 1486 1245 (in

836 1252 930 1290 Actt.
951 1252 1074 1302 Lipss⁴
1107 1255 1214 1293 1716
1248 1266 1334 1303 pag.
1356 1253 1486 1302 421):

835 1307 1026 1362 ἑκατοστῇ
1046 1306 1174 1362 ’ἡμέρῃ
1204 1309 1227 1345 i.
1249 1322 1280 1346 e.
1302 1312 1486 1347 centesima

835 1365 890 1401 die
910 1364 988 1400 illos
1011 1364 1192 1400 oraculum
1212 1365 1400 1403 consulere
1412 1367 1487 1402 ius-

835 1421 903 1467 sit,
942 1424 983 1456 ut
1011 1419 1145 1457 scilicet
1172 1433 1245 1456 una
1284 1422 1487 1471 eademque

836 1477 1003 1513 omnibus
1033 1480 1132 1513 esset
1160 1475 1365 1513 sciscitandi
1391 1478 1485 1525 dies,

835 1533 891 1571 vel
910 1533 953 1569 iis
965 1562 975 1579 ,
996 1533 1126 1581 quibus
1145 1531 1290 1581 longius
1302 1534 1369 1570 iter
1390 1538 1489 1572 esset

834 1590 1053 1626 faciundum.
1093 1610 1149 1616 -Ν
1198 1589 1270 1625 Pro
1311 1592 1487 1641 χρῆσθαι

834 1646 1012 1683 Matthiae
1050 1645 1186 1682 mavult
1220 1648 1394 1696 χρᾶσθαι
1429 1647 1486 1684 vel

835 1701 1042 1753 χρέεσθαι,
1071 1702 1123 1738 uti
1144 1702 1234 1739 alias
1260 1703 1367 1741 Iones
1389 1704 1487 1741 dice-

835 1772 875 1796 re
909 1758 1048 1805 solent,
1094 1759 1248 1808 ipseque
1273 1759 1488 1807 Pausanias,

835 1816 934 1864 apud
959 1827 1067 1863 quem
1097 1816 1268 1863 frequens
1297 1829 1340 1853 ex
1367 1817 1490 1854 Hero-

836 1871 912 1907 doti
933 1871 1130 1907 imitatione
1151 1873 1346 1920 χρᾶσθαι,
1365 1876 1404 1908 ut
1420 1873 1488 1908 be-

836 1939 884 1963 ne
912 1927 1049 1962 notavit
1074 1926 1239 1962 Siebelis.
1268 1928 1315 1963 ad
1342 1927 1401 1973 II,
1432 1928 1488 1968 28

837 1980 873 2032 ἓ.
897 1983 935 2021 3.
995 1981 1089 2017 Cum
1108 1993 1192 2017 vero
1212 1981 1246 2018 h.
1266 1982 1288 2018 l.
1309 1983 1425 2019 nullus
1443 1983 1486 2018 li-

835 2038 901 2074 ber
920 2037 1014 2073 hanc
1034 2037 1185 2074 formam
1208 2039 1398 2087 praebeat,
1411 2039 1490 2075 vul-

836 2098 961 2143 gatam
979 2096 1119 2130 mutare
1149 2106 1224 2130 non
1253 2107 1376 2131 sumus
1398 2096 1488 2133 ausi.

892 2169 1219 2223 ἐπειρωτέοντας]
1269 2173 1386 2211 Valde
1428 2173 1487 2210 hic

838 2229 979 2265 codices
1025 2228 1186 2275 variant,
1236 2241 1391 2278 quorum
1425 2230 1486 2267 alii

839 2284 1131 2335 ἐπειρωτῶντας
1188 2284 1290 2332 (sive
1329 2285 1487 2338 ἐπειρω-

840 2341 1035 2387 τῶντες),
1085 2340 1145 2377 alii
1183 2339 1485 2394 ἐπηρωτέοντας.

841 2398 900 2435 De
924 2397 980 2433 his
1000 2396 1123 2433 formis
1157 2396 1222 2434 Cr.
1251 2398 1388 2435 consuli
1410 2399 1487 2436 vult

842 2455 999 2501 Gregor.
1011 2453 1171 2489 Corinth.
1194 2455 1240 2491 de
1253 2455 1393 2492 dialect.
1407 2455 1484 2493 Ion.

841 2509 878 2561 §
900 2513 952 2551 73
977 2522 1061 2558 pag·
1081 2509 1163 2550 482
1185 2510 1274 2559 ibiq.
1301 2509 1486 2548 Schaefer.

839 2587 894 2594 —
935 2565 1048 2602 Paulo
1090 2569 1175 2615 post
1204 2579 1271 2616 pro
1299 2581 1486 2631 τυγχανοι

838 2622 932 2659 male
968 2621 1045 2658 libri
1082 2622 1229 2670 quidam
1263 2637 1485 2675 τυγχανει,

843 2691 922 2716 cum
953 2678 1152 2728 optativum
1188 2678 1269 2728 ipsa
1306 2680 1485 2716 sententia

839 2735 990 2783 flagitet.
1049 2734 1117 2770 Est
1134 2735 1227 2771 enim
1245 2735 1312 2772 loci
1334 2748 1484 2773 sensus:

839 2791 951 2839 „quid
972 2789 1072 2839 forte
1090 2795 1207 2840 ageret
1231 2792 1390 2830 Croesus
1408 2791 1484 2840 Ly-

839 2847 966 2883 dorum
985 2848 1088 2885 rex.“
