1909 3228
104 577 274 626 Aegyptios·
282 577 375 612 origi-

102 614 375 680 ffiyz‘affliz'fflffict
784 662 794 676 ,
1063 662 1071 675 .
1136 663 1145 675 ,
1649 660 1659 673 ,

100 663 379 740 ἓὲῒαὴξῶςιιωειηό
404 664 611 709 Ξπάντων
640 662 900 718 ἀνθρωπων.
933 662 1077 719 ἐπειδη
1107 665 1152 707 δε
1189 664 1455 720 Ψαμμίτιχος
1483 665 1683 718 βασιλευ-
1697 667 1740 701 15

435 244 520 284 476

825 238 1301 278 HERODOTl

432 351 621 396 ἐποιέετο
653 348 989 405 στρατηλασίην,
1043 346 1200 397 ἄλλους
1227 363 1272 390 τε
1300 348 1567 404 παραλαβών
1595 350 1682 390 τῶν

430 426 551 488 ἦρχε,
582 428 650 472 καὶ
683 427 735 483 δὴ
763 427 836 470 καὶ
861 423 1095 481 Ἑλλήνων,
1125 429 1212 469 τῶν
1241 423 1474 479 ἐπεκράτεε.

545 509 599 550 Οἱ
623 505 668 549 δὲ
687 504 943 561 Αἰγύπτιοι,
977 505 1081 559 πρὶν
1101 503 1179 559 μὲν
1199 503 1226 560 ἢ
1249 506 1520 560 Ψαμμίτιχον
1537 503 1683 560 σφέων

431 589 704 644 βασιλεῦσαι,
765 583 965 640 ἐνόμιζον
1012 582 1200 634 ἑωυτούς
1248 585 1447 639 πρώτους
1481 582 1684 638 γενέσθαι

427 756 506 795 σας
533 742 717 800 ἠθέλησε
747 742 906 786 εἰδέναι
937 744 983 786 οἳ
1007 758 1118 793 τινες
1145 743 1344 798 γενοίατο
1374 745 1557 797 πρῶτοι,
1599 737 1682 783 dno*

428 821 589 866 τούτου
618 823 843 879 νομίζουσι
874 820 1050 878 Φρύγας
1078 821 1322 877 προτέρους
1351 820 1552 877 γενέσθαι
1577 818 1683 862 ἑωυ-

401 904 543 955 3τῶν,
587 903 674 944 τῶν
713 901 758 945 δὲ
796 900 939 945 ἄλλων
977 900 1178 953 ἑωυτούς.

373 1089 464 1127 haec
479 1089 690 1139 adscripsit:
715 1116 740 1134 „
752 1086 860 1124 Conf.
872 1087 1022 1125 Homer.

375 1146 449 1183 Od.
477 1145 603 1193 XVII,
631 1146 712 1186 448
741 1144 827 1193 ibiq.
852 1143 1021 1181 Eustath.

375 1215 460 1253 pag.
480 1202 583 1249 641,
615 1203 666 1242 18
697 1212 800 1249 seqq.
831 1204 867 1237 et
886 1201 1021 1249 Odyss.

375 1258 482 1305 xiv,
512 1257 593 1299 246
624 1270 702 1295 cum
728 1255 909 1306 Apollonii
931 1256 1020 1294 Lex.

373 1313 524 1353 Homer.
549 1327 633 1364 pag.
654 1313 708 1354 52
728 1326 805 1361 seq.
825 1313 883 1350 ed.
895 1312 1021 1350 Toll.“

431 1372 511 1409 τῶν
532 1366 764 1420 ἐπεκράτεε]
786 1367 1023 1420 ἐπικρατεῖν,

374 1431 546 1465 monente
564 1424 846 1474 wyttenbachio
859 1425 1025 1473 (Selectt.

374 1482 532 1520 Historr.
549 1494 635 1533 pag.
655 1482 757 1529 370)
774 1494 847 1517 uon
868 1486 943 1518 tam
961 1484 1028 1518 z'm-

370 1551 515 1590 perare,
544 1551 655 1588 quam
684 1539 822 1587 insuper
847 1539 1025 1588 imperare.

598 1677 631 1714 c
650 1689 672 1714 a
690 1690 729 1728 p.
762 1676 808 1714 11.

431 1759 474 1802 ot
502 1758 546 1801 δὲ
570 1755 805 1813 Αἰγύπτιοι,
833 1758 929 1811 πρὶν
955 1757 1026 1810 μὲν

373 1813 405 1869 ἢ
420 1817 667 1869 Ψαμμίτιχου
690 1815 823 1865 σφέων
844 1817 1026 1866 βασιλεῦ-

376 1873 464 1925 σαι]
503 1873 750 1925 Ψαμμίτιχον
760 1871 923 1922 plerique
945 1872 1024 1909 libri

375 1931 554 1977 offerunt,
594 1942 686 1979 quos
718 1941 799 1966 cum
822 1929 1025 1978 Schweigh.

376 1990 414 2025 et
432 1986 550 2023 Gaisf.
566 1985 677 2023 secuti
699 1997 819 2022 sumus
832 2013 842 2031 ‚
861 1998 1028 2034 praeser-

377 2044 441 2080 tim
456 2055 536 2080 cum
555 2041 594 2090 I,
613 2042 692 2082 105
710 2042 747 2077 in
765 2041 893 2078 eadem
906 2041 1027 2079 lectio-

376 2111 425 2137 ne
441 2111 566 2136 omnes
585 2098 794 2148 conspirent
810 2097 900 2134 libri.
957 2097 1028 2134 Alii

377 2155 545 2192 hocloco
572 2154 731 2192 offerunt
756 2148 1026 2205 Ψαμμήτιχος,

376 2212 475 2249 unde
503 2210 612 2259 vulgo
644 2210 816 2248 exhibent
863 2206 1027 2261 Ψαμμή-

377 2282 506 2317 τιχον,
546 2267 705 2304 editione
733 2266 864 2303 Aldina
891 2280 1029 2317 propa-

376 2328 513 2374 gatum.
571 2321 670 2360 Nam
705 2318 962 2374 Ψαμμήτιχος
991 2323 1027 2359 in

377 2379 598 2417 nominativo
634 2383 731 2416 stare
759 2380 906 2428 nequit,
936 2379 1029 2415 iudi-

379 2440 484 2473 cante
513 2435 755 2484 Wesselingio
784 2439 822 2473 et
854 2434 1028 2472 Dorviilio

378 2493 427 2528 ad
444 2491 631 2528 Chariton.
663 2505 699 2542 p.
721 2493 800 2533 231
831 2491 889 2529 ed.
922 2490 1025 2541 Lips.

378 2546 500 2597 Ipsam
521 2548 734 2597 scripturam
763 2550 885 2598 Ψαμμ
896 2547 910 2586 ί
921 2562 1028 2597 τιχον

381 2603 468 2652 (pro
495 2599 772 2654 Ψαμμήτιχον)
790 2605 826 2639 in
846 2604 1029 2652 sequenti-

380 2659 448 2696 bus
471 2659 545 2706 (11,
567 2659 643 2700 151
664 2662 761 2709 seq.)
780 2672 925 2709 quoque
944 2660 1030 2696 reti-

381 2715 546 2761 nuimus,
575 2729 623 2753 ne
646 2716 892 2753 inconstantes
924 2716 1029 2754 nobis

381 2770 604 2816 videremur3
633 2773 733 2820 quod
752 2772 862 2810 semel
883 2772 939 2810 hic
963 2785 1029 2809 no-

383 2829 482 2862 tasse
513 2827 677 2864 sufficiat.
732 2827 813 2866 Alia
839 2829 910 2866 vid.
930 2828 1029 2879 apud

382 2880 665 2930 Wesselingium
684 2884 733 2920 ad
762 2883 874 2922 Diod.
904 2885 942 2934 1,
963 2887 1029 2927 66.

1245 902 1511 957 Ψαμμίτιχος
1551 899 1596 943 δὲ
1627 894 1685 949 ὦς

1091 1086 1296 1125 Tzschuck.
1330 1088 1379 1124 ad
1399 1086 1578 1136 Pompon.
1603 1083 1689 1122 Mel.
1707 1082 1740 1119 V

1089 1158 1126 1195 p-
1148 1145 1241 1185 288.
1257 1166 1312 1172 —
1340 1144 1452 1188 Quod
1479 1143 1525 1180 ad
1546 1143 1664 1192 ipsum
1683 1151 1741 1176 ar-

1091 1204 1300 1249 gumentum
1332 1200 1478 1247 attinet,
1529 1198 1634 1235 huius
1670 1195 1739 1233 loci

1090 1270 1163 1293 non
1185 1261 1240 1294 est
1262 1254 1644 1305 quaerere,Aegyptii
1664 1253 1740 1289 iure

1088 1317 1208 1350 utrum
1226 1313 1275 1349 ita
1303 1313 1535 1363 praedicent,
1565 1324 1604 1348 se
1625 1308 1741 1347 omni-

1090 1382 1151 1406 um
1171 1369 1373 1405 mortalium
1395 1381 1478 1407 esse
1495 1368 1651 1418 primos,
1673 1377 1741 1402 nec

1091 1438 1161 1471 ne3
1189 1425 1276 1462 illud
1300 1438 1384 1463 vero
1412 1430 1621 1470 teneamus,
1648 1422 1741 1458 hane

1092 1486 1189 1518 certe
1217 1485 1442 1518 constantem
1477 1479 1591 1516 videri
1628 1477 1741 1514 fuisse

1093 1537 1301 1586 opinionem
1325 1535 1610 1586 Aegyptiorum,
1638 1533 1742 1571 testi-

1095 1594 1163 1630 bus
1191 1597 1350 1631 veterum
1385 1594 1431 1630 de
1461 1591 1631 1641 Aegypto
1655 1589 1742 1626 scri-

1093 1649 1267 1699 ptoribus.
1297 1650 1392 1686 Hinc
1404 1649 1557 1686 Cosmes
1575 1651 1610 1684 et
1622 1647 1743 1682 Cnos-

1095 1719 1155 1742 sus
1168 1734 1178 1752 ‚
1200 1706 1260 1754 qui
1278 1705 1324 1741 de
1337 1704 1505 1753 Aegypto
1524 1708 1634 1752 atque
1654 1701 1742 1738 Asia

1094 1762 1312 1811 scripserant
1358 1761 1489 1806 libros,
1540 1758 1742 1807 Aegyptios

1092 1818 1252 1853 omniurn
1294 1816 1509 1866 populorum
1550 1828 1632 1852 esse
1660 1826 1744 1850 nar-

1092 1878 1175 1909 rant
1210 1873 1479 1921 antiquissimos
1519 1871 1742 1919 Thebasque

1092 1929 1291 1979 principem
1331 1929 1455 1966 urbem
1498 1929 1536 1964 in
1571 1927 1742 1976 Aegypto

1094 1986 1287 2022 conditam.
1344 1985 1425 2023 Nec
1449 1985 1552 2022 aliter
1581 1983 1743 2021 tradide-

1094 2046 1177 2078 runt
1216 2041 1376 2078 Nicanor
1396 2071 1407 2089 ,
1461 2038 1741 2085 Archemachus,

1093 2098 1240 2148 Hippys
1252 2127 1262 2145 ‚
1293 2098 1508 2147 Xenagoras
1522 2126 1532 2143 ,
1548 2097 1608 2146 qui
1625 2096 1741 2146 primo

1096 2154 1357 2191 Chronicorum
1379 2154 1469 2190 libro
1482 2154 1647 2190 evincere
1667 2156 1742 2188 stu-

1095 2210 1242 2257 duerat,
1273 2223 1346 2247 non
1379 2210 1543 2258 Phryges
1574 2209 1639 2245 sed
1669 2207 1742 2244 Ae-

1094 2267 1240 2316 gyptios
1269 2267 1405 2316 primos
1436 2266 1546 2302 fuisse
1572 2263 1740 2301 omnium.

1094 2322 1149 2359 lta
1192 2327 1288 2359 certe
1329 2321 1519 2359 Scholiast.
1571 2320 1739 2372 Apollon.

1093 2376 1213 2415 Rhod.
1236 2379 1283 2414 ad
1308 2378 1371 2425 IV,
1389 2380 1483 2419 262.

1152 2430 1332 2482 ἐνόμιζον
1364 2431 1533 2480 ἑωυτούς
1556 2455 1612 2461 --
1637 2430 1741 2485 γενέ-

1097 2489 1216 2541 σθαι]
1248 2491 1396 2527 Praeter
1412 2504 1546 2528 morem
1567 2490 1743 2527 accusati-

1094 2560 1176 2583 vum
1205 2547 1439 2591 (nominativi
1462 2547 1567 2595 loco)
1589 2559 1667 2584 cum
1687 2546 1741 2582 in-

1094 2603 1230 2640 finitivo
1249 2604 1305 2641 hic
1326 2604 1455 2653 posuit.
1494 2603 1552 2640 De
1578 2616 1649 2653 qno
1672 2602 1739 2640 Cr.

1094 2659 1219 2697 laudat
1253 2660 1458 2697 Heindorfii
1508 2659 1656 2710 disputt.
1693 2659 1742 2695 ad

1095 2714 1236 2753 Platon.
1273 2716 1488 2764 Euthydem.
1534 2728 1618 2766 pag.
1658 2714 1741 2756 414

1096 2784 1199 2821 seqq.
1259 2772 1319 2809 Tu
1345 2773 1438 2808 conf.
1463 2772 1571 2809 etiam
1598 2770 1739 2810 Herod.

1094 2826 1133 2875 1,
1156 2830 1246 2869 171.
1262 2850 1316 2856 -
1329 2823 1411 2868 α’πό
1426 2823 1568 2867 τούτου
1586 2829 1622 2866 in
1637 2838 1739 2876 seqq.

1096 2889 1171 2922 est:
1200 2885 1244 2922 ab
1260 2898 1297 2922 eo
1315 2884 1393 2923 inde
1412 2888 1567 2935 tempore.
