1909 3228
127 515 178 533 cor

127 539 227 566 fabula

126 574 201 600 ουλε.

331 408 396 453 45
455 398 709 454 ἐναγίζουσι.

128 472 290 500 nefouitur
307 473 403 502 Grae-

182 515 227 532 um
256 507 400 538 «praedam

257 540 293 568 dc
325 541 402 569 ller-

454 211 540 252 588

844 211 1317 252 HERODOTI

454 322 538 378 πίῳ
570 321 615 363 δὲ
644 320 914 374 ἐπωνυμίην,
945 320 1128 363 θύουσι·
1169 325 1228 379 τῷ
1259 322 1303 364 δὲ
1333 322 1482 380 ἑτέρῳ,
1514 325 1571 375 ὠς
1600 324 1712 380 ἥρωϊ

769 398 956 451 Λέγουσι
996 398 1041 441 δὲ
1079 400 1218 442 πολλοὶ
1249 401 1321 443 καὶ
1352 399 1458 443 ἄλλα
1488 402 1709 446 &vement-
1723 410 1766 443 85

458 494 573 524 πτως
603 475 876 531 οἱ”Έλληνες.
918 475 1080 532 εὐήθης
1121 479 1166 521 δὲ
1197 477 1342 521 αὐτῶν
1371 479 1441 521 καὶ
1473 479 1543 523 ὅδε
1576 480 1598 524 ὁ
1628 485 1708 536 μῦ-

458 555 540 604 θός
571 555 681 606 ἐστι,
711 554 787 598 τόν
816 555 912 608 περὶ
940 559 1020 598 τοῦ
1044 555 1275 609 Ἡρακλέος
1294 557 1486 612 λέγουσι·
1518 557 1576 609 ὥς
1603 558 1709 609 „azi—

453 632 567 685 »τόν
598 631 863 688 ἀπικόμενον
903 633 946 683 ἐς
983 635 1206 689 Αἴγυπτον
1247 635 1473 686 στέψαντες
1506 639 1547 680 οἱ
1577 637 1710 692 Αἰγύ-

453 728 624 764 ,,πτιοι,
667 711 754 755 ὑπὸ
784 715 958 767 πομπῆς
995 712 1147 768 ἐξῆγον
1189 713 1247 765 ὠς
1284 714 1497 766 θύσοντες
1525 720 1584 772 τῷ
1614 718 1709 759 Διΐ·

452 790 561 843 »τόν
600 790 667 842 δὲ,
713 790 817 842 τέως
855 791 931 847 μὲν
970 789 1149 848 ἡσυχίην
1185 793 1315 848 ἔχειν·
1364 794 1454 837 ἐπεὶ
1491 794 1536 838 δὲ
1576 793 1767 838 αὐτοῦ9ο

454 902 479 922 ,,
490 869 602 925 πρὸς
630 874 690 928 τῷ
719 873 851 927 βωμῷ
880 869 1170 926 κατάρχοντο,
1200 872 1242 925 ἐς
1261 871 1398 930 ἀλκὴν
1421 872 1711 929 τραπόμενον,

595 1055 705 1106 Cap.
736 1054 852 1094 XLV.

456 1107 610 1162 εὐήθης
647 1111 689 1151 δὲ
717 1107 847 1151 αὐτῶν
884 1110 952 1152 καὶ
982 1107 1049 1152 ὅδε

399 1166 423 1207 o‘
441 1164 573 1218 μῦθός
585 1167 677 1214 ε’στι]
701 1163 833 1207 αὐτῶν
848 1183 928 1206 culn
941 1169 1049 1207 Gais-

395 1225 515 1261 fordio
536 1226 701 1275 rescripsi
715 1239 780 1274 pro
802 1222 873 1264 αὐτ
885 1224 902 1265 ε’
914 1240 980 1264 ων.
993 1246 1050 1254 —

398 1280 455 1318 De
478 1276 633 1331 εὐήθης
670 1281 855 1329 (stolidus,
885 1283 1047 1332 ineptus)

396 1337 550 1374 vidimus
569 1339 617 1374 ad
635 1337 664 1385 Ι,
684 1341 747 1380 60.
806 1339 848 1375 In
866 1352 969 1388 seqq.
1000 1339 1048 1375 ad

396 1394 509 1430 verba
524 1390 603 1432 ὑπό
626 1396 787 1445 πομπῆς
807 1396 901 1432 conf.
914 1394 1047 1432 Matth.

397 1447 432 1500 ἓ.
455 1450 537 1491 592
555 1450 615 1486 fin.
635 1463 671 1500 p.
694 1453 811 1491 1187.

454 1504 537 1544 ἐπεὶ
567 1503 609 1543 δὲ
633 1501 759 1545 αὐτοῦ
779 1503 874 1555 πρὸς
899 1508 953 1559 τῷ
973 1506 1047 1556 βω-

398 1563 459 1611 μῷ
480 1557 743 1611 κατάρχοντο]
776 1564 798 1598 i.
832 1575 863 1599 e.
896 1575 973 1598 cum
1003 1561 1051 1598 ad

397 1617 512 1653 altare
537 1621 799 1666 auspicarentur
825 1619 1047 1667 sacrificium.

397 1672 453 1709 Ita
469 1673 692 1723 Schweigh.;
724 1669 857 1719 αὐτοῦ,
881 1675 981 1723 quod
1002 1675 1048 1712 de

396 1728 558 1766 Hercule
587 1735 761 1779 tanquam
783 1732 926 1767 xictima
944 1730 1049 1767 iutel-

397 1784 606 1833 ligendum,
635 1787 772 1836 pendet
799 1799 819 1823 a
841 1787 953 1823 verbo
979 1800 1048 1823 κα-

396 1837 597 1892 τάρχοντο.
656 1842 754 1879 Nam
783 1837 1049 1892 κατάρχεσθαι

397 1897 556 1948 (ἱερῶν)
586 1899 759 1935 usitatum
789 1903 844 1935 est
875 1898 912 1934 in
932 1898 1049 1934 Grae-

398 1966 523 1991 corum
557 1955 691 2001 sacris,
720 1956 903 2004 auspicari
933 1967 1049 2002 eaque

398 2010 519 2046 omnia
538 2011 829 2060 comprehendit,
860 2022 954 2060 quae
981 2011 1049 2047 ini-

397 2067 450 2102 tio
473 2067 635 2103 sacrificii
650 2067 751 2113 fiunt,
780 2067 871 2117 pilos
897 2067 1050 2104 efronte

397 2123 564 2160 victimae
603 2123 838 2170 abscindere,
896 2122 1049 2160 lustrare

397 2190 500 2226 eam,
529 2179 609 2216 alia.
668 2179 775 2216 Plura
803 2181 970 2229 interprr.
1000 2179 1049 2216 ad

396 2234 579 2284 Aristoph.
608 2235 704 2273 Aves
742 2238 824 2276 970
862 2240 899 2273 et
940 2248 1049 2284 quem

397 2291 602 2339 Schweigh.
620 2293 658 2328 in
670 2291 759 2329 Lex.
775 2291 953 2329 Herodot.
973 2291 1049 2328 lau-

398 2347 475 2384 dat.
516 2348 647 2396 Heyne
675 2348 834 2397 Opuscc.
865 2347 1004 2385 Acadd.
1035 2348 1049 2384 I

397 2416 432 2453 p.
456 2405 550 2444 326.
581 2404 636 2440 Ex
655 2404 850 2440 Herodoto
874 2405 966 2441 conf.
987 2403 1048 2450 IV,

398 2461 463 2500 60.
491 2460 582 2500 103.
627 2459 835 2497 Forinulam
862 2457 956 2510 πρὸς
983 2455 1049 2498 οἷ).-

397 2512 476 2565 κήν
497 2513 711 2567 τρέπεσθαι
728 2516 900 2553 Aemilius
917 2516 1050 2553 Portus

396 2570 496 2607 haud
527 2572 619 2610 male
659 2572 839 2609 reddidit:
899 2572 946 2609 ad
976 2574 1047 2609 vim

392 2627 666 2676 propulsandam
686 2641 722 2665 se
739 2632 948 2676 convertere3
970 2628 1048 2665 alii:

397 2685 525 2719 virium
543 2697 685 2721 suarum
708 2685 900 2734 periculum
915 2684 1047 2734 facere.

396 2735 560 2776 Recurrit
576 2739 710 2778 locutio
723 2741 782 2787 III,
795 2743 860 2782 68.
880 2740 942 2788 lv,
958 2742 1046 2783 125.

398 2791 472 2839 lX,
495 2796 594 2842 102,
622 2808 732 2845 quam
763 2798 848 2834 inde
876 2797 933 2834 alii
956 2811 1050 2847 quo-

396 2861 470 2898 que
489 2851 679 2900 scriptores
700 2853 876 2891 imitando
901 2867 1048 2905 expres-

1117 1062 1249 1095 serunt.
1280 1059 1361 1096 Vid.
1391 1060 1496 1109 plura
1521 1060 1569 1096 ad
1587 1057 1765 1094 Plutarch.

1115 1115 1338 1164 Philopoem.
1363 1118 1412 1156 10
1432 1129 1516 1165 pag.
1529 1116 1593 1156 41.
1605 1134 1661 1141 —
1673 1113 1767 1151 Cae-

1117 1176 1235 1209 terum
1274 1172 1378 1208 sacile
1413 1173 1448 1208 in
1480 1172 1533 1208 his
1567 1182 1767 1218 cognoscas

1119 1228 1389 1266 celeberrimam
1409 1228 1455 1265 de
1475 1227 1643 1264 Busiride
1663 1226 1769 1263 fabu-

1115 1284 1199 1331 lam,
1232 1286 1294 1333 qui
1324 1284 1485 1333 Aegypti
1515 1283 1599 1320 olim
1634 1294 1696 1320 rex
1726 1295 1769 1320 ex

1116 1341 1261 1378 oraculo
1305 1341 1498 1389 quotannis
1538 1339 1769 1390 peregrinum

1116 1398 1164 1434 ad
1192 1397 1433 1446 Aegyptiacas
1461 1402 1576 1433 terras
1607 1395 1768 1432 delatum

1114 1457 1272 1490 mactare
1288 1452 1414 1488 solitus
1433 1452 1553 1489 suerit.
1585 1451 1656 1494 Qui
1672 1451 1768 1488 idem

1115 1508 1311 1546 Herculem
1351 1508 1529 1544 advenam
1569 1507 1616 1543 ad
1656 1507 1768 1544 altare

1117 1578 1197 1602 cum
1219 1565 1301 1600 duci
1326 1564 1512 1609 iussisset,
1542 1563 1599 1599 ille
1624 1576 1769 1612 compe-

1116 1622 1222 1658 dibus
1252 1620 1374 1656 sractis
1396 1634 1434 1657 se
1461 1620 1609 1656 solvisse
1631 1631 1672 1656 ac
1694 1620 1770 1655 Bu-

1117 1677 1262 1714 siridem
1298 1677 1447 1724 eiusque
1480 1676 1589 1712 filium
1618 1674 1769 1725 Amphi-

1116 1734 1322 1770 damantem
1352 1736 1389 1768 et
1419 1732 1596 1769 Chalbem
1620 1744 1770 1780 praeco-

1116 1802 1198 1825 nem
1227 1787 1450 1824 interemisse
1474 1788 1637 1824 traditur.
1686 1787 1766 1824 vid.

1117 1843 1460 1891 Creuzer.Symbol.
1478 1843 1492 1880 I
1511 1857 1546 1893 p.
1560 1843 1642 1884 353
1665 1856 1767 1892 seqq.

1118 1902 1223 1944 Quae
1243 1900 1388 1948 quidem
1411 1901 1447 1936 in
1471 1900 1662 1937 Graeciam
1684 1901 1769 1937 dein

1115 1956 1292 1994 translata
1327 1957 1383 1993 vel
1420 1957 1466 1993 ab
1497 1956 1691 1994 artificibus
1720 1957 1770 1993 ad

1117 2013 1301 2050 oculorum
1321 2025 1463 2050 sensum
1481 2012 1692 2050 traductain
1704 2025 1768 2050 va-

1119 2083 1239 2107 sorruu
1257 2069 1403 2118 picturis
1425 2073 1768 2118 repraesentantur;

1118 2126 1212 2164 conf.
1242 2125 1434 2162 Peintures
1461 2125 1508 2162 de
1528 2125 1645 2162 Vases
1661 2137 1767 2173 grecs

1116 2194 1184 2232 par
1210 2181 1408 2229 Millingeu.
1427 2180 1534 2217 Rom.
1564 2182 1682 2221 1813.
1713 2193 1767 2218 nr.

1116 2237 1283 2275 XXVIII.
1314 2237 1393 2273 Nec
1405 2237 1536 2273 desunt
1548 2236 1638 2273 aliae
1651 2236 1768 2274 Grae—

1116 2307 1239 2331 cormn
1258 2293 1402 2330 fabulae
1421 2293 1576 2340 similes,
1604 2294 1653 2329 ad
1670 2293 1768 2331 illam

1115 2349 1376 2399 Aegyptiac-am
1423 2349 1624 2396 confictae,
1674 2362 1768 2398 quac

1116 2407 1261 2443 minime
1281 2406 1329 2441 ad
1351 2405 1564 2452 Graeciam,
1595 2409 1634 2441 ut
1654 2406 1697 2442 C.
1719 2407 1767 2443 0.

1116 2462 1271 2499 Miillero
1292 2464 1420 2510 (quem
1440 2461 1502 2499 Cr.
1533 2461 1581 2498 ad
1597 2462 1631 2498 h.
1652 2461 1673 2498 I.
1691 2460 1769 2498 lau-

1118 2519 1237 2564 davit)
1255 2519 1290 2553 in
1313 2518 1534 2555 Orchomen.
1554 2531 1590 2567 p.
1614 2516 1693 2559 164
1715 2518 1767 2554 vi-

1117 2575 1236 2620 detur,
1250 2575 1476 2612 revocandae
1495 2579 1533 2611 et
1551 2573 1683 2610 indein
1694 2572 1769 2611 Ae-

1116 2635 1269 2680 gyptum
1298 2631 1442 2668 deinum
1475 2630 1672 2667 translatae
1701 2630 1766 2667 de-

1115 2688 1203 2724 bent
1220 2687 1424 2724 existimari.
1455 2687 1526 2730 Qui
1553 2686 1699 2722 interior
1719 2686 1767 2723 sit

1116 2743 1257 2780 fabulae
1295 2756 1443 2790 sensus,
1491 2742 1549 2778 hic
1586 2742 1768 2791 explicare

1116 2812 1190 2835 non
1218 2804 1332 2836 vacat.
1383 2799 1467 2836 Vid.
1488 2797 1659 2836 Creuzer.
1688 2797 1712 2834 Ι.
1742 2797 1763 2835 Ι.

1116 2868 1152 2906 p.
1175 2855 1255 2896 355
1279 2868 1382 2905 seqq.
