1909 3228
257 236 341 275 902
729 231 1306 270 EXCURSUSIV

258 352 401 399 ptorem
427 347 577 396 egregie
601 346 742 396 lapsum
776 357 856 382 esse
879 344 1063 391 dicerent,
1103 346 1202 394 quod
1229 345 1436 382 inferiorem
1464 344 1670 394 Aegyptum
1701 357 1768 395 pro

262 415 336 453 Nili
366 415 464 452 dono
493 415 662 461 haberet,
692 426 735 450 ex
760 412 859 449 fluvii
884 411 969 448 limo
998 411 1107 449 allato
1124 417 1159 450 et
1181 416 1357 461 congesto
1384 416 1511 450 ortam.
1568 411 1646 448 Niti
1675 412 1770 449 enim

261 484 353 520 hanc
369 482 576 533 opinionem
598 481 833 518 fundamento
853 492 927 516 non
946 481 1031 517 satis
1050 480 1168 517 valido
1185 481 1231 518 de
1250 481 1425 517 immenso
1447 479 1619 529 temporis
1638 479 1769 529 spatio,

262 553 361 600 quod
381 550 561 588 Herodoti
582 552 738 586 aetatem
755 548 1012 595 antecesserit,
1039 561 1105 585 nec
1123 548 1269 598 probari
1291 561 1400 598 posse
1419 547 1486 584 nisi
1503 551 1635 584 terram
1655 547 1771 596 ipsam

262 617 597 655 commonstraveris
615 615 728 653 multo
747 615 988 664 antiquiorem
1010 630 1092 653 esse
1110 630 1217 666 quam
1239 630 1368 667 reapse
1385 617 1503 653 suerit.
1562 615 1617 651 lta
1631 613 1772 652 Freret.

262 687 300 723 in
319 687 425 723 mem.
444 686 492 723 de
516 685 642 722 l'acad.
659 685 723 721 des
742 683 901 733 inscript.
929 688 954 720 t.
975 684 1062 721 XVI
1091 698 1126 735 p.
1149 686 1230 726 333
1248 697 1324 734 seq.
1359 683 1480 721 XVlll
1509 695 1546 733 p.
1569 683 1649 722 188
1668 695 1771 731 seqq.

263 758 300 791 et
315 758 398 804 post
415 753 503 790 alios
532 752 728 803 praecipue
746 749 949 788 Larcherus
975 750 1013 787 in
1035 752 1184 801 copiosa
1203 752 1251 790 ad
1270 752 1304 788 h.
1320 751 1343 788 l.
1365 751 1622 802 disputatione.
1683 750 1775 795 Qui-

262 822 330 858 bus
352 833 469 871 nuper
497 819 650 858 accessit
671 818 854 855 Manuert.
881 817 1020 866 Geogr.
1044 819 1109 855 der
1128 820 1193 857 Gr.
1219 833 1253 857 u.
1274 819 1383 857 Ram.
1403 818 1439 856 X
1453 848 1463 867 ,
1482 820 1505 858 1
1532 831 1569 869 p.
1592 816 1674 859 245
1696 830 1773 868 seq.

264 888 345 931 525
364 901 457 926 vana
477 901 558 925 esse
584 887 763 932 clamans,
793 898 888 935 quae
908 885 1121 924 Herodotus
1143 892 1180 926 et
1204 888 1238 925 h.
1259 887 1281 924 l.
1311 890 1346 924 et
1371 886 1427 934 ΙΙ,
1449 889 1500 927 10
1518 899 1593 935 seq.
1622 887 1776 937 perscri-

263 957 350 1004 bat,
379 968 458 993 cum
477 956 667 1005 Aegyptus
690 954 788 991 omni
816 957 982 1003 tempore
1011 954 1092 992 talis
1122 956 1250 1001 suerit,
1281 954 1397 1003 qualis
1424 953 1542 991 adhuc
1571 954 1776 992 inveniatur

263 1038 330 1061 nec
353 1024 433 1061 ullis
451 1026 557 1061 aucta
587 1022 838 1066 incrementis,
870 1023 1000 1072 quibus
1030 1023 1145 1060 solum
1176 1021 1302 1059 elatius
1338 1022 1443 1058 suerit
1466 1022 1667 1068 redditum,
1699 1022 1775 1059 fieri

263 1093 389 1142 utique
406 1092 569 1143 potuisse
582 1119 592 1138 ,
622 1094 661 1126 ut
677 1090 759 1126 olim
781 1089 959 1139 paludosa
978 1094 1014 1128 et
1035 1095 1210 1139 stagnosa
1232 1094 1329 1126 terra
1347 1089 1454 1126 suerit
1470 1089 1600 1137 Delta,
1629 1090 1776 1127 minime

263 1172 350 1197 vero
378 1160 546 1210 primitus
576 1159 685 1197 maris
714 1159 824 1195 fuisse
853 1159 982 1195 sinum.
1042 1159 1147 1202 Quae
1181 1170 1380 1206 sauequam
1405 1158 1567 1207 produnt
1593 1162 1777 1195 auctorem

263 1228 410 1266 minime
435 1228 562 1275 talem,
590 1224 697 1273 ὅστις
719 1240 762 1279 γε
783 1221 945 1265 σύνεσιν
967 1223 1042 1277 ἔχει
1055 1255 1064 1273 ,
1096 1230 1135 1262 ut
1153 1225 1334 1262 Herodoti
1357 1228 1436 1261 utar
1456 1225 1586 1262 verbis.
1645 1223 1778 1262 Melius

263 1296 352 1333 vidit
370 1295 525 1333 Rennel.
552 1296 589 1332 in
616 1307 743 1344 geogr.
767 1293 909 1330 Herod.
933 1306 1019 1344 pag.
1043 1294 1123 1334 591
1147 1305 1250 1341 seqq.
1281 1295 1317 1329 et
1336 1292 1497 1342 inprimis
1518 1306 1553 1343 p.
1578 1291 1777 1334 593.594.

263 1364 357 1401 Eam
380 1363 475 1402 enim
495 1364 704 1413 regionem,
737 1374 831 1411 quae
848 1360 958 1398 Delta
975 1364 1144 1407 vocatur,
1174 1360 1324 1397 indubia
1348 1361 1471 1396 scribit
1501 1360 1686 1399 continere
1715 1374 1779 1398 ve-

264 1431 393 1478 stigia,
424 1431 524 1480 quod
556 1431 676 1482 prisco
703 1442 795 1467 aevo
823 1428 922 1466 haud
947 1426 1145 1474 exstiterit,
1187 1428 1253 1463 sed
1282 1431 1488 1478 temporum
1521 1429 1673 1465 decursu
1701 1428 1779 1466 Nili

264 1497 407 1535 adluvie
425 1502 530 1546 nata,
560 1499 755 1536 accedente
784 1496 939 1547 posthac
968 1494 1126 1530 humana
1146 1499 1225 1531 arte
1255 1496 1461 1544 operaque,
1493 1495 1530 1532 in
1557 1500 1689 1532 terram
1720 1496 1779 1532 sir-

265 1578 361 1602 mam
380 1569 416 1602 et
434 1566 678 1603 continentem
699 1565 859 1602 cesserit.
911 1561 1022 1604 Quod
1041 1561 1136 1598 idem
1153 1561 1338 1610 permultis
1361 1563 1583 1610 argumentis
1604 1576 1645 1600 ex
1665 1564 1778 1614 ipsius

267 1632 332 1669 soli
354 1636 484 1669 natura
503 1636 695 1680 terraeque
720 1630 910 1667 universae
932 1628 1054 1666 indole
1082 1629 1244 1678 repetitis
1277 1628 1473 1667 luculenter
1501 1631 1673 1680 probavit
1704 1632 1780 1668 An-

266 1700 417 1749 dreossy
446 1700 483 1736 in
508 1699 680 1748 descript.
706 1699 753 1735 de
779 1697 871 1746 l'Eg.
903 1698 977 1733 etat
1000 1696 1098 1732 mod.
1127 1697 1233 1732 mem.
1256 1696 1271 1731 Ι
1292 1710 1328 1746 p.
1348 1700 1429 1737 272
1450 1711 1525 1746 seq.
1541 1698 1621 1735 coll.
1639 1700 1780 1748 antiqq.

266 1766 335 1803 vol.
360 1766 375 1803 l
397 1779 467 1803 sec.
488 1766 620 1802 livrais.
654 1778 741 1816 pag.
764 1767 818 1805 88
848 1777 966 1813 seqq,
996 1767 1035 1799 ut
1056 1764 1127 1799 iam
1156 1763 1315 1799 dubitari
1340 1769 1519 1813 nequeat,
1550 1779 1636 1803 vera
1661 1767 1783 1806 Hero-

268 1836 392 1871 dotum
412 1833 587 1870 retulisse.
647 1833 759 1877 Quod
783 1832 880 1869 idem
904 1830 1038 1881 placuit
1054 1830 1238 1867 Heerenio
1266 1830 1380 1869 Ideen
1401 1836 1468 1869 etc.
1492 1832 1523 1869 Il
1537 1863 1547 1881 ,
1567 1837 1593 1875 2
1611 1847 1696 1885 pag.
1716 1838 1780 1877 80.

268 1903 317 1942 81
344 1905 421 1938 not.
444 1900 524 1938 coll.
542 1915 578 1952 p.
591 1899 644 1942 55
661 1904 774 1949 atque
795 1898 1064 1948 Champollioni
1082 1897 1242 1948 l'Egypt.
1268 1912 1352 1936 sous
1372 1899 1394 1936 l.
1410 1900 1512 1950 phar.
1533 1901 1567 1938 ll
1590 1905 1663 1953 p.3
1686 1917 1782 1954 sqq.‚

267 1969 329 2018 qui
348 1969 576 2017 antiquorum
599 1969 814 2019 scriptorum
829 1967 1043 2004 testimoniis
1064 1970 1102 2004 et
1131 1967 1323 2016 geologica
1352 1968 1511 2006 locorum
1539 1970 1663 2009 indole
1695 1973 1783 2009 satis

266 2036 335 2073 hoc
353 2036 546 2086 probatum
567 2037 722 2083 iudicat,
752 2035 960 2084 Aegyptum
988 2034 1193 2071 inferiorem
1223 2035 1308 2071 olim
1337 2037 1448 2074 fuisse
1476 2038 1584 2075 maris
1612 2040 1785 2077 mediter-

247 2103 366 2157 ,ranei
390 2103 529 2151 sinum,
554 2104 615 2153 qui
637 2104 685 2141 ad
707 2103 956 2153 Memphidem
983 2115 1096 2150 usque
1115 2107 1151 2139 et
1175 2103 1354 2150 mediam,
1384 2116 1479 2153 quae
1499 2119 1595 2143 nunc
1616 2107 1783 2156 habetur,

268 2171 475 2221 Aegyptum
495 2173 732 2222 pertinuerit,
761 2176 837 2208 tum
857 2183 943 2208 vero
962 2169 1035 2207 Nili
1055 2170 1138 2206 limo
1158 2170 1315 2220 repletus
1342 2172 1378 2207 in
1406 2172 1559 2221 paludes
1584 2186 1626 2211 ac
1651 2181 1783 2225 stagna

269 2239 473 2286 transierit,
501 2239 598 2277 unde
620 2243 716 2277 terra
747 2240 934 2276 continens
962 2238 1158 2287 postmodo
1189 2240 1364 2286 evaserit,
1395 2240 1613 2278 documento
1636 2255 1716 2280 esse
1746 2249 1783 2280 et

269 2306 428 2354 regionis
468 2306 655 2356 planitiem
691 2307 875 2344 montibus
905 2305 1075 2354 utrinque
1107 2307 1219 2344 ferme
1246 2307 1417 2344 inclusam
1444 2314 1479 2345 et
1511 2309 1627 2359 ipsum
1668 2311 1784 2348 solum

269 2373 415 2421 nigrum
451 2372 692 2423 limosumque
713 2404 723 2422 ‚
772 2375 872 2423 quod
902 2374 1000 2410 ssuvii
1037 2374 1181 2410 adluvie
1212 2376 1408 2423 quotannis
1445 2377 1571 2425 adgeri
1598 2381 1783 2427 appareat.

271 2441 443 2477 Omnium
468 2442 732 2479 accuratissime
760 2441 853 2479 hanc
881 2454 957 2479 rem
991 2441 1161 2478 tractavit
1183 2442 1314 2479 Ritter.
1340 2443 1529 2480 Erdkund.
1554 2445 1568 2482 l
1592 2457 1679 2495 pag.
1703 2445 1785 2486 840

271 2519 373 2555 seqq.
404 2508 485 2549 846
506 2522 582 2557 seq.
613 2510 695 2551 852
725 2523 828 2559 seqq.
860 2509 1042 2547 Herodoti
1071 2509 1311 2547 illustraturus
1339 2513 1579 2560 sententiam,
1610 2513 1671 2562 qui
1695 2514 1786 2550 iufe-

271 2574 404 2612 riorem
424 2575 632 2626 Aegyptum
656 2578 755 2615 fluvii
774 2578 910 2615 donum
937 2590 1016 2615 esse
1037 2578 1261 2628 pronuntiat.
1320 2578 1440 2627 Atque
1464 2581 1657 2629 probatum
1683 2581 1711 2617 it
1733 2581 1786 2617 vir

276 2642 423 2689 doctus,
468 2643 545 2679 Nili
576 2646 871 2682 inundationibus
900 2651 936 2683 et
966 2646 1066 2682 fluvii
1098 2646 1240 2683 alveum
1270 2646 1361 2695 erigi
1392 2651 1427 2684 et
1455 2647 1571 2684 solum
1602 2648 1786 2695 adiacens,

273 2709 508 2747 subveniente
535 2713 672 2760 pariter
701 2717 830 2749 natura
858 2717 970 2762 atque
995 2714 1179 2750 hominum
1216 2717 1316 2760 arte,
1356 2715 1546 2752 exstructis
1575 2715 1785 2764 aggeribuS‚

273 2777 391 2813 ductis
412 2776 620 2825 canalibus,
649 2780 894 2829 adhibitisque
913 2781 1096 2817 machinis.
1143 2780 1223 2818 Nec
1244 2795 1329 2818 vero
1349 2783 1477 2819 eodem
1500 2783 1608 2819 modo
1637 2783 1785 2819 iisdem-

274 2857 344 2892 que
363 2844 537 2881 mensuris
564 2859 629 2896 per
652 2859 780 2883 omnes
810 2847 968 2897 Aegypti
997 2854 1119 2898 partes
1151 2854 1189 2885 et
1217 2849 1335 2885 Nilum
1368 2854 1404 2887 et
1432 2849 1545 2886 solum
1577 2849 1688 2898 erigi,
1718 2849 1784 2886 sed
