<?xml version="1.0" encoding="UTF-8"?>
<!DOCTYPE html PUBLIC "-//W3C//DTD XHTML 1.0 Transitional//EN"
    "http://www.w3.org/TR/xhtml1/DTD/xhtml1-transitional.dtd">
<html xmlns="http://www.w3.org/1999/xhtml" xml:lang="en" lang="en">
 <head>
  <title>
</title>
<meta http-equiv="Content-Type" content="text/html;charset=utf-8" />
  <meta name='ocr-system' content='tesseract 3.04.00' />
  <meta name='ocr-capabilities' content='ocr_page ocr_carea ocr_par ocr_line ocrx_word'/>
</head>
<body>
  <div class='ocr_page' id='page_1' title='image "./musaeherodoto01hero/musaeherodoto01hero_0231.png"; bbox 0 0 1877 3223; ppageno 0'>
   <div class='ocr_carea' id='block_1_1' title="bbox 36 308 266 367">
    <p class='ocr_par' dir='ltr' id='par_1_1' title="bbox 36 308 266 367">
     <span class='ocr_line' id='line_1_1' title="bbox 36 308 266 367; baseline -0.013 -1"><span class='ocrx_word' id='word_1_1' title='bbox 36 319 102 366; x_wconf 79' lang='lat'>86</span> <span class='ocrx_word' id='word_1_2' title='bbox 159 308 266 367; x_wconf 73' lang='grc' dir='ltr'><strong><em>ζόης.</em></strong></span> 
     </span>
    </p>
   </div>
   <div class='ocr_carea' id='block_1_2' title="bbox 626 199 1409 243">
    <p class='ocr_par' dir='ltr' id='par_1_2' title="bbox 626 199 1409 243">
     <span class='ocr_line' id='line_1_2' title="bbox 626 199 1409 243; baseline 0.005 -4"><span class='ocrx_word' id='word_1_3' title='bbox 626 201 840 240; x_wconf 89' lang='lat' dir='ltr'><strong>CLIO.</strong></span> <span class='ocrx_word' id='word_1_4' title='bbox 899 202 926 239; x_wconf 92' lang='grc' dir='ltr'>Ι.</span> <span class='ocrx_word' id='word_1_5' title='bbox 1325 199 1409 243; x_wconf 72' lang='lat'>217</span> 
     </span>
    </p>
   </div>
   <div class='ocr_carea' id='block_1_3' title="bbox 327 306 1736 366">
    <p class='ocr_par' dir='ltr' id='par_1_3' title="bbox 327 306 1736 366">
     <span class='ocr_line' id='line_1_3' title="bbox 327 306 1736 366; baseline -0.01 -11"><span class='ocrx_word' id='word_1_6' title='bbox 327 312 381 355; x_wconf 79' lang='grc' dir='ltr'>Οἱ</span> <span class='ocrx_word' id='word_1_7' title='bbox 416 311 461 355; x_wconf 79' lang='grc' dir='ltr'>δὲ</span> <span class='ocrx_word' id='word_1_8' title='bbox 502 311 667 365; x_wconf 80' lang='grc' dir='ltr'><strong><em>Πέρσαι</em></strong></span> <span class='ocrx_word' id='word_1_9' title='bbox 695 311 771 361; x_wconf 77' lang='grc' dir='ltr'>τοὶς</span> <span class='ocrx_word' id='word_1_10' title='bbox 806 327 848 354; x_wconf 83' lang='grc' dir='ltr'>τε</span> <span class='ocrx_word' id='word_1_11' title='bbox 879 309 932 366; x_wconf 69' lang='grc' dir='ltr'>δή</span> <span class='ocrx_word' id='word_1_12' title='bbox 964 307 1130 365; x_wconf 78' lang='grc' dir='ltr'><em>Σάρδις</em></span> <span class='ocrx_word' id='word_1_13' title='bbox 1160 309 1304 365; x_wconf 72' lang='grc' dir='ltr'><em>ἔσχον,</em></span> <span class='ocrx_word' id='word_1_14' title='bbox 1332 310 1404 354; x_wconf 84' lang='grc' dir='ltr'>καὶ</span> <span class='ocrx_word' id='word_1_15' title='bbox 1462 306 1593 334; x_wconf 72' lang='lat'><strong>‘³‘⁰²³¹¹⁸</strong></span> <span class='ocrx_word' id='word_1_16' title='bbox 1620 313 1736 342; x_wconf 77' lang='lat' dir='ltr'>compe-</span> 
     </span>
    </p>
   </div>
   <div class='ocr_carea' id='block_1_4' title="bbox 1461 340 1739 408">
    <p class='ocr_par' dir='ltr' id='par_1_4' title="bbox 1461 340 1739 408">
     <span class='ocr_line' id='line_1_4' title="bbox 1461 340 1739 373; baseline 0.004 -6"><span class='ocrx_word' id='word_1_17' title='bbox 1461 340 1546 368; x_wconf 79' lang='lat' dir='ltr'>dibus</span> <span class='ocrx_word' id='word_1_18' title='bbox 1564 341 1689 373; x_wconf 65' lang='lat' dir='ltr'>vinctim,</span> <span class='ocrx_word' id='word_1_19' title='bbox 1707 344 1739 368; x_wconf 81' lang='lat' dir='ltr'>et</span> 
     </span>
     <span class='ocr_line' id='line_1_5' title="bbox 1461 374 1738 408; baseline 0 -8"><span class='ocrx_word' id='word_1_20' title='bbox 1461 382 1535 408; x_wconf 81' lang='lat' dir='ltr'>rogo</span> <span class='ocrx_word' id='word_1_21' title='bbox 1582 374 1738 408; x_wconf 77' lang='lat' dir='ltr'>impositus</span> 
     </span>
    </p>
   </div>
   <div class='ocr_carea' id='block_1_5' title="bbox 158 388 1737 446">
    <p class='ocr_par' dir='ltr' id='par_1_5' title="bbox 158 388 1737 446">
     <span class='ocr_line' id='line_1_6' title="bbox 158 388 1737 446; baseline 0.001 -14"><span class='ocrx_word' id='word_1_22' title='bbox 158 388 295 433; x_wconf 78' lang='grc' dir='ltr'><em>αὐτὸν</em></span> <span class='ocrx_word' id='word_1_23' title='bbox 326 394 520 445; x_wconf 85' lang='grc' dir='ltr'><em>Κροῖσον</em></span> <span class='ocrx_word' id='word_1_24' title='bbox 549 388 812 446; x_wconf 78' lang='grc' dir='ltr'><em>ἐζώγρησαν,</em></span> <span class='ocrx_word' id='word_1_25' title='bbox 853 388 1040 443; x_wconf 75' lang='grc' dir='ltr'><em>ἄρξαντα</em></span> <span class='ocrx_word' id='word_1_26' title='bbox 1067 389 1161 432; x_wconf 76' lang='grc' dir='ltr'><em>ἔτεα</em></span> <span class='ocrx_word' id='word_1_27' title='bbox 1189 400 1402 444; x_wconf 82' lang='grc' dir='ltr'><em>τεσσερεσ-</em></span> <span class='ocrx_word' id='word_1_28' title='bbox 1460 407 1737 441; x_wconf 77' lang='lat' dir='ltr'>utcombureretur,</span> 
     </span>
    </p>
   </div>
   <div class='ocr_carea' id='block_1_6' title="bbox 156 471 759 684">
    <p class='ocr_par' dir='ltr' id='par_1_6' title="bbox 156 471 759 684">
     <span class='ocr_line' id='line_1_7' title="bbox 156 471 759 523; baseline 0 -11"><span class='ocrx_word' id='word_1_29' title='bbox 156 471 355 522; x_wconf 83' lang='grc' dir='ltr'><em>καίδεκα,</em></span> <span class='ocrx_word' id='word_1_30' title='bbox 401 471 473 513; x_wconf 83' lang='grc' dir='ltr'>καὶ</span> <span class='ocrx_word' id='word_1_31' title='bbox 510 480 759 523; x_wconf 83' lang='grc' dir='ltr'><em>τεσσερεσκα</em></span> 
     </span>
     <span class='ocr_line' id='line_1_8' title="bbox 160 546 738 605; baseline 0.003 -15"><span class='ocrx_word' id='word_1_32' title='bbox 160 564 232 601; x_wconf 86' lang='grc' dir='ltr'>τα,</span> <span class='ocrx_word' id='word_1_33' title='bbox 262 549 372 592; x_wconf 80' lang='grc' dir='ltr'><em>κατὰ</em></span> <span class='ocrx_word' id='word_1_34' title='bbox 399 549 448 593; x_wconf 83' lang='grc' dir='ltr'>τὸ</span> <span class='ocrx_word' id='word_1_35' title='bbox 477 546 738 605; x_wconf 80' lang='grc' dir='ltr'><em>χρηστήριόν</em></span> 
     </span>
     <span class='ocr_line' id='line_1_9' title="bbox 159 627 753 684; baseline -0.002 -13"><span class='ocrx_word' id='word_1_36' title='bbox 159 631 238 671; x_wconf 86' lang='grc' dir='ltr'>τοῦ</span> <span class='ocrx_word' id='word_1_37' title='bbox 267 628 454 684; x_wconf 77' lang='grc' dir='ltr'><em>μεγάλην</em></span> <span class='ocrx_word' id='word_1_38' title='bbox 485 627 641 684; x_wconf 75' lang='grc' dir='ltr'><em>ἀρχήν·</em></span> <span class='ocrx_word' id='word_1_39' title='bbox 673 631 753 684; x_wconf 82' lang='grc' dir='ltr'>λαβ</span> 
     </span>
    </p>
   </div>
   <div class='ocr_carea' id='block_1_7' title="bbox 763 440 1738 642">
    <p class='ocr_par' dir='ltr' id='par_1_7' title="bbox 763 440 1738 606">
     <span class='ocr_line' id='line_1_10' title="bbox 1458 440 1738 467; baseline -0.004 0"><span class='ocrx_word' id='word_1_40' title='bbox 1458 440 1577 467; x_wconf 64' lang='lat' dir='ltr'>Solonis</span> <span class='ocrx_word' id='word_1_41' title='bbox 1599 440 1738 467; x_wconf 82' lang='lat' dir='ltr'>reeorda-</span> 
     </span>
     <span class='ocr_line' id='line_1_11' title="bbox 763 468 1738 534; baseline -0.001 -22"><span class='ocrx_word' id='word_1_42' title='bbox 763 471 882 512; x_wconf 80' lang='grc' dir='ltr'><em>ίδεκα</em></span> <span class='ocrx_word' id='word_1_43' title='bbox 910 468 1070 524; x_wconf 79' lang='grc' dir='ltr'><em>ἡμέρας</em></span> <span class='ocrx_word' id='word_1_44' title='bbox 1098 468 1404 524; x_wconf 79' lang='grc' dir='ltr'><em>πολιορκηθὲν·</em></span> <span class='ocrx_word' id='word_1_45' title='bbox 1458 474 1738 534; x_wconf 53' lang='lat' dir='ltr'>222³„guffissnggffik</span> 
     </span>
     <span class='ocr_line' id='line_1_12' title="bbox 770 540 1738 606; baseline 0 -15"><span class='ocrx_word' id='word_1_46' title='bbox 770 565 812 591; x_wconf 83' lang='grc' dir='ltr'>τε</span> <span class='ocrx_word' id='word_1_47' title='bbox 842 547 1179 591; x_wconf 79' lang='grc' dir='ltr'><em>καταπαύσαντα</em></span> <span class='ocrx_word' id='word_1_48' title='bbox 1198 547 1278 603; x_wconf 77' lang='grc' dir='ltr'>τήν</span> <span class='ocrx_word' id='word_1_49' title='bbox 1295 547 1406 591; x_wconf 77' lang='grc' dir='ltr'><em>ἑωυ-</em></span> <span class='ocrx_word' id='word_1_50' title='bbox 1463 543 1560 606; x_wconf 55' lang='grc' dir='ltr'>’ὸζζζξέ</span> <span class='ocrx_word' id='word_1_51' title='bbox 1583 540 1738 601; x_wconf 47' lang='grc' dir='ltr'>Οᾞέξςζῗὲ</span> 
     </span>
    </p>

    <p class='ocr_par' dir='ltr' id='par_1_8' title="bbox 1461 607 1738 642">
     <span class='ocr_line' id='line_1_13' title="bbox 1461 607 1738 642; baseline 0.007 -9"><span class='ocrx_word' id='word_1_52' title='bbox 1461 607 1599 641; x_wconf 78' lang='lat' dir='ltr'>edoctus,</span> <span class='ocrx_word' id='word_1_53' title='bbox 1632 615 1738 642; x_wconf 84' lang='lat' dir='ltr'>rogum</span> 
     </span>
    </p>
   </div>
   <div class='ocr_carea' id='block_1_8' title="bbox 759 624 1737 682">
    <p class='ocr_par' dir='ltr' id='par_1_9' title="bbox 759 624 1737 682">
     <span class='ocr_line' id='line_1_14' title="bbox 759 624 1737 682; baseline -0.002 -12"><span class='ocrx_word' id='word_1_54' title='bbox 759 626 876 678; x_wconf 79' lang='grc' dir='ltr'><em>ὄντες</em></span> <span class='ocrx_word' id='word_1_55' title='bbox 907 627 952 671; x_wconf 79' lang='grc' dir='ltr'>δὲ</span> <span class='ocrx_word' id='word_1_56' title='bbox 991 624 1124 670; x_wconf 81' lang='grc' dir='ltr'><em>αὐτὸν</em></span> <span class='ocrx_word' id='word_1_57' title='bbox 1163 629 1207 670; x_wconf 78' lang='grc' dir='ltr'>οἱ</span> <span class='ocrx_word' id='word_1_58' title='bbox 1236 626 1737 682; x_wconf 63' lang='grc' dir='ltr'>Πέρσαιόὅὶηωεηᾱρηιεηιει-</span> 
     </span>
    </p>
   </div>
   <div class='ocr_carea' id='block_1_9' title="bbox 760 673 1682 720">
    <p class='ocr_par' dir='ltr' id='par_1_10' title="bbox 760 673 1682 720">
     <span class='ocr_line' id='line_1_15' title="bbox 760 673 1682 720; baseline 0.002 -19"><span class='ocrx_word' id='word_1_59' title='bbox 760 705 771 720; x_wconf 40' lang='grc' dir='ltr'><em>τ</em></span> <span class='ocrx_word' id='word_1_60' title='bbox 1459 673 1570 708; x_wconf 74' lang='lat' dir='ltr'>stingui</span> <span class='ocrx_word' id='word_1_61' title='bbox 1588 674 1682 703; x_wconf 83' lang='lat' dir='ltr'>iubet.</span> 
     </span>
    </p>
   </div>
   <div class='ocr_carea' id='block_1_10' title="bbox 134 703 1410 763">
    <p class='ocr_par' dir='ltr' id='par_1_11' title="bbox 134 703 1410 763">
     <span class='ocr_line' id='line_1_16' title="bbox 134 703 1410 763; baseline 0.002 -15"><span class='ocrx_word' id='word_1_62' title='bbox 134 703 331 762; x_wconf 66' lang='grc' dir='ltr'><em>Ξῆγαγον</em></span> <span class='ocrx_word' id='word_1_63' title='bbox 370 707 488 762; x_wconf 71' lang='grc' dir='ltr'><em>παρά</em></span> <span class='ocrx_word' id='word_1_64' title='bbox 527 711 688 762; x_wconf 80' lang='grc' dir='ltr'><em>Κῦρον.</em></span> <span class='ocrx_word' id='word_1_65' title='bbox 748 724 771 750; x_wconf 92' lang='grc' dir='ltr'>ο</span> <span class='ocrx_word' id='word_1_66' title='bbox 813 707 883 760; x_wconf 76' lang='grc' dir='ltr'>δὲ,</span> <span class='ocrx_word' id='word_1_67' title='bbox 923 706 1140 762; x_wconf 79' lang='grc' dir='ltr'><em>συννήσας</em></span> <span class='ocrx_word' id='word_1_68' title='bbox 1168 706 1313 763; x_wconf 83' lang='grc' dir='ltr'><em>πυρὴν</em></span> <span class='ocrx_word' id='word_1_69' title='bbox 1342 723 1410 763; x_wconf 84' lang='grc' dir='ltr'>με·</span> 
     </span>
    </p>
   </div>
   <div class='ocr_carea' id='block_1_11' title="bbox 256 964 602 1017">
    <p class='ocr_par' dir='ltr' id='par_1_12' title="bbox 256 964 602 1017">
     <span class='ocr_line' id='line_1_17' title="bbox 256 964 602 1017; baseline 0.006 -16"><span class='ocrx_word' id='word_1_70' title='bbox 256 964 288 1001; x_wconf 87' lang='lat' dir='ltr'>c</span> <span class='ocrx_word' id='word_1_71' title='bbox 299 977 320 1002; x_wconf 81' lang='lat' dir='ltr'>a</span> <span class='ocrx_word' id='word_1_72' title='bbox 331 980 366 1017; x_wconf 85' lang='lat' dir='ltr'>p.</span> <span class='ocrx_word' id='word_1_73' title='bbox 397 965 602 1005; x_wconf 81' lang='lat' dir='ltr'><strong>LXXXVI.</strong></span> 
     </span>
    </p>
   </div>
   <div class='ocr_carea' id='block_1_12' title="bbox 104 1045 761 2841">
    <p class='ocr_par' dir='ltr' id='par_1_13' title="bbox 104 1045 761 2841">
     <span class='ocr_line' id='line_1_18' title="bbox 163 1045 751 1101; baseline 0.007 -16"><span class='ocrx_word' id='word_1_74' title='bbox 163 1045 334 1100; x_wconf 63' lang='grc' dir='ltr'><em>ἄρξαντα</em></span> <span class='ocrx_word' id='word_1_75' title='bbox 353 1049 751 1101; x_wconf 74' lang='grc' dir='ltr'><em>ἕτεατεσσερεσκαίδε-</em></span> 
     </span>
     <span class='ocr_line' id='line_1_19' title="bbox 106 1104 752 1159; baseline 0.005 -16"><span class='ocrx_word' id='word_1_76' title='bbox 106 1120 178 1151; x_wconf 79' lang='grc' dir='ltr'>κα,</span> <span class='ocrx_word' id='word_1_77' title='bbox 199 1104 266 1144; x_wconf 72' lang='grc' dir='ltr'>καὶ</span> <span class='ocrx_word' id='word_1_78' title='bbox 295 1109 635 1159; x_wconf 71' lang='grc' dir='ltr'><em>τεσσερεσκαίδεκα</em></span> <span class='ocrx_word' id='word_1_79' title='bbox 661 1106 752 1157; x_wconf 67' lang='grc' dir='ltr'>ἡμέ-</span> 
     </span>
     <span class='ocr_line' id='line_1_20' title="bbox 108 1163 752 1215; baseline 0 -15"><span class='ocrx_word' id='word_1_80' title='bbox 108 1177 179 1213; x_wconf 80' lang='grc' dir='ltr'>ρας</span> <span class='ocrx_word' id='word_1_81' title='bbox 225 1163 567 1215; x_wconf 70' lang='grc' dir='ltr'><em>παλιορκηθὲντα]</em></span> <span class='ocrx_word' id='word_1_82' title='bbox 632 1164 752 1213; x_wconf 73' lang='lat' dir='ltr'>Vulgo</span> 
     </span>
     <span class='ocr_line' id='line_1_21' title="bbox 106 1219 752 1271; baseline 0.003 -17"><span class='ocrx_word' id='word_1_83' title='bbox 106 1219 242 1255; x_wconf 83' lang='lat' dir='ltr'>Sardes</span> <span class='ocrx_word' id='word_1_84' title='bbox 269 1234 289 1257; x_wconf 87' lang='lat' dir='ltr'>a</span> <span class='ocrx_word' id='word_1_85' title='bbox 308 1221 405 1269; x_wconf 70' lang='lat' dir='ltr'>Cyro</span> <span class='ocrx_word' id='word_1_86' title='bbox 432 1225 657 1271; x_wconf 80' lang='lat' dir='ltr'>expugnatas</span> <span class='ocrx_word' id='word_1_87' title='bbox 685 1233 752 1270; x_wconf 92' lang='lat' dir='ltr'>po-</span> 
     </span>
     <span class='ocr_line' id='line_1_22' title="bbox 105 1275 751 1325; baseline 0.011 -15"><span class='ocrx_word' id='word_1_88' title='bbox 105 1279 195 1311; x_wconf 87' lang='lat' dir='ltr'>nunt</span> <span class='ocrx_word' id='word_1_89' title='bbox 213 1275 357 1325; x_wconf 64' lang='lat' dir='ltr'>Olpnp.</span> <span class='ocrx_word' id='word_1_90' title='bbox 378 1279 450 1324; x_wconf 82' lang='grc'>58,</span> <span class='ocrx_word' id='word_1_91' title='bbox 470 1279 597 1319; x_wconf 76' lang='grc'>2-4</span> <span class='ocrx_word' id='word_1_92' title='bbox 619 1290 647 1313; x_wconf 82' lang='lat' dir='ltr'>S.</span> <span class='ocrx_word' id='word_1_93' title='bbox 671 1276 751 1317; x_wconf 78' lang='lat'>546</span> 
     </span>
     <span class='ocr_line' id='line_1_23' title="bbox 104 1330 752 1371; baseline -0.005 0"><span class='ocrx_word' id='word_1_94' title='bbox 104 1330 250 1371; x_wconf 78' lang='grc'>-545</span> <span class='ocrx_word' id='word_1_95' title='bbox 273 1345 304 1370; x_wconf 84' lang='lat' dir='ltr'>a.</span> <span class='ocrx_word' id='word_1_96' title='bbox 323 1333 408 1370; x_wconf 86' lang='lat' dir='ltr'><strong>Chr.</strong></span> <span class='ocrx_word' id='word_1_97' title='bbox 429 1346 464 1370; x_wconf 84' lang='lat' dir='ltr'>n.</span> <span class='ocrx_word' id='word_1_98' title='bbox 523 1334 629 1370; x_wconf 84' lang='lat' dir='ltr'>Conf.</span> <span class='ocrx_word' id='word_1_99' title='bbox 659 1331 752 1368; x_wconf 84' lang='lat' dir='ltr'>Lar-</span> 
     </span>
     <span class='ocr_line' id='line_1_24' title="bbox 105 1387 750 1435; baseline 0 -12"><span class='ocrx_word' id='word_1_100' title='bbox 105 1387 199 1424; x_wconf 86' lang='lat' dir='ltr'>cher.</span> <span class='ocrx_word' id='word_1_101' title='bbox 228 1388 338 1426; x_wconf 74' lang='lat' dir='ltr'>Unde</span> <span class='ocrx_word' id='word_1_102' title='bbox 359 1390 529 1435; x_wconf 80' lang='lat' dir='ltr'>efficitur,</span> <span class='ocrx_word' id='word_1_103' title='bbox 560 1389 750 1434; x_wconf 86' lang='lat' dir='ltr'>Croesum,</span> 
     </span>
     <span class='ocr_line' id='line_1_25' title="bbox 105 1444 751 1492; baseline 0 -13"><span class='ocrx_word' id='word_1_104' title='bbox 105 1444 167 1492; x_wconf 89' lang='lat' dir='ltr'>qui</span> <span class='ocrx_word' id='word_1_105' title='bbox 186 1445 455 1492; x_wconf 86' lang='lat' dir='ltr'>quatuordecim</span> <span class='ocrx_word' id='word_1_106' title='bbox 482 1457 597 1481; x_wconf 85' lang='lat' dir='ltr'>annos</span> <span class='ocrx_word' id='word_1_107' title='bbox 621 1457 751 1492; x_wconf 84' lang='lat' dir='ltr'>regna-</span> 
     </span>
     <span class='ocr_line' id='line_1_26' title="bbox 105 1500 750 1547; baseline 0.014 -12"><span class='ocrx_word' id='word_1_108' title='bbox 105 1500 215 1546; x_wconf 85' lang='lat' dir='ltr'>verit,</span> <span class='ocrx_word' id='word_1_109' title='bbox 245 1500 304 1537; x_wconf 94' lang='lat' dir='ltr'>Ol.</span> <span class='ocrx_word' id='word_1_110' title='bbox 330 1501 396 1547; x_wconf 84' lang='grc'>55,</span> <span class='ocrx_word' id='word_1_111' title='bbox 421 1505 494 1542; x_wconf 77' lang='grc'>1.2</span> <span class='ocrx_word' id='word_1_112' title='bbox 515 1515 544 1537; x_wconf 80' lang='lat' dir='ltr'>S·</span> <span class='ocrx_word' id='word_1_113' title='bbox 561 1501 654 1542; x_wconf 78' lang='lat'><strong>560·</strong></span> <span class='ocrx_word' id='word_1_114' title='bbox 669 1500 750 1542; x_wconf 82' lang='grc'>559</span> 
     </span>
     <span class='ocr_line' id='line_1_27' title="bbox 106 1556 751 1607; baseline 0 -14"><span class='ocrx_word' id='word_1_115' title='bbox 106 1569 138 1593; x_wconf 89' lang='lat' dir='ltr'>a.</span> <span class='ocrx_word' id='word_1_116' title='bbox 161 1556 246 1593; x_wconf 90' lang='lat' dir='ltr'>Chr.</span> <span class='ocrx_word' id='word_1_117' title='bbox 265 1570 418 1605; x_wconf 85' lang='lat' dir='ltr'>regnum</span> <span class='ocrx_word' id='word_1_118' title='bbox 436 1558 631 1607; x_wconf 88' lang='lat' dir='ltr'>accepisse.</span> <span class='ocrx_word' id='word_1_119' title='bbox 675 1557 751 1594; x_wconf 89' lang='lat' dir='ltr'>Sed</span> 
     </span>
     <span class='ocr_line' id='line_1_28' title="bbox 106 1612 752 1662; baseline 0 -12"><span class='ocrx_word' id='word_1_120' title='bbox 106 1612 218 1650; x_wconf 91' lang='lat' dir='ltr'>multa</span> <span class='ocrx_word' id='word_1_121' title='bbox 235 1618 443 1661; x_wconf 81' lang='lat' dir='ltr'>occurrunt,</span> <span class='ocrx_word' id='word_1_122' title='bbox 474 1626 568 1662; x_wconf 89' lang='lat' dir='ltr'>quae</span> <span class='ocrx_word' id='word_1_123' title='bbox 588 1627 667 1651; x_wconf 90' lang='lat' dir='ltr'>cum</span> <span class='ocrx_word' id='word_1_124' title='bbox 684 1613 752 1650; x_wconf 87' lang='lat' dir='ltr'>hac</span> 
     </span>
     <span class='ocr_line' id='line_1_29' title="bbox 106 1669 751 1721; baseline 0.003 -16"><span class='ocrx_word' id='word_1_125' title='bbox 106 1669 214 1717; x_wconf 74' lang='lat' dir='ltr'>vulgo</span> <span class='ocrx_word' id='word_1_126' title='bbox 232 1674 377 1720; x_wconf 85' lang='lat' dir='ltr'>recepta</span> <span class='ocrx_word' id='word_1_127' title='bbox 397 1670 568 1720; x_wconf 88' lang='lat' dir='ltr'>opinione</span> <span class='ocrx_word' id='word_1_128' title='bbox 587 1683 751 1721; x_wconf 88' lang='lat' dir='ltr'>pugnare</span> 
     </span>
     <span class='ocr_line' id='line_1_30' title="bbox 108 1725 753 1773; baseline 0.005 -13"><span class='ocrx_word' id='word_1_129' title='bbox 108 1725 298 1773; x_wconf 72' lang='lat' dir='ltr'>videntur,</span> <span class='ocrx_word' id='word_1_130' title='bbox 355 1731 518 1763; x_wconf 88' lang='lat' dir='ltr'>accurate</span> <span class='ocrx_word' id='word_1_131' title='bbox 550 1732 675 1763; x_wconf 80' lang='lat' dir='ltr'>notata</span> <span class='ocrx_word' id='word_1_132' title='bbox 711 1739 753 1763; x_wconf 89' lang='lat' dir='ltr'>ac</span> 
     </span>
     <span class='ocr_line' id='line_1_31' title="bbox 109 1780 753 1832; baseline 0.002 -15"><span class='ocrx_word' id='word_1_133' title='bbox 109 1780 299 1829; x_wconf 78' lang='lat' dir='ltr'>disquisita</span> <span class='ocrx_word' id='word_1_134' title='bbox 317 1794 339 1819; x_wconf 86' lang='lat' dir='ltr'>a</span> <span class='ocrx_word' id='word_1_135' title='bbox 358 1782 539 1819; x_wconf 83' lang='lat' dir='ltr'>Schultzio</span> <span class='ocrx_word' id='word_1_136' title='bbox 571 1783 606 1818; x_wconf 91' lang='lat' dir='ltr'>in</span> <span class='ocrx_word' id='word_1_137' title='bbox 627 1783 753 1832; x_wconf 88' lang='lat' dir='ltr'>Appa-</span> 
     </span>
     <span class='ocr_line' id='line_1_32' title="bbox 110 1839 755 1887; baseline 0 -14"><span class='ocrx_word' id='word_1_138' title='bbox 110 1841 176 1873; x_wconf 83' lang='lat' dir='ltr'>rat.</span> <span class='ocrx_word' id='word_1_139' title='bbox 199 1843 265 1874; x_wconf 86' lang='lat' dir='ltr'>etc.</span> <span class='ocrx_word' id='word_1_140' title='bbox 289 1851 324 1886; x_wconf 91' lang='lat' dir='ltr'>p.</span> <span class='ocrx_word' id='word_1_141' title='bbox 342 1840 391 1878; x_wconf 84' lang='lat'>16</span> <span class='ocrx_word' id='word_1_142' title='bbox 414 1851 530 1887; x_wconf 74' lang='lat' dir='ltr'>seqq,</span> <span class='ocrx_word' id='word_1_143' title='bbox 563 1851 634 1887; x_wconf 90' lang='lat' dir='ltr'>quo</span> <span class='ocrx_word' id='word_1_144' title='bbox 656 1839 755 1887; x_wconf 89' lang='lat' dir='ltr'>prior</span> 
     </span>
     <span class='ocr_line' id='line_1_33' title="bbox 110 1893 755 1942; baseline 0.003 -14"><span class='ocrx_word' id='word_1_145' title='bbox 110 1894 181 1929; x_wconf 88' lang='lat' dir='ltr'>iam</span> <span class='ocrx_word' id='word_1_146' title='bbox 227 1893 399 1931; x_wconf 70' lang='lat' dir='ltr'>Volneius</span> <span class='ocrx_word' id='word_1_147' title='bbox 451 1895 488 1930; x_wconf 92' lang='lat' dir='ltr'>in</span> <span class='ocrx_word' id='word_1_148' title='bbox 532 1894 755 1942; x_wconf 88' lang='lat' dir='ltr'>Chronolog.</span> 
     </span>
     <span class='ocr_line' id='line_1_34' title="bbox 111 1949 755 1999; baseline -0.002 -13"><span class='ocrx_word' id='word_1_149' title='bbox 111 1949 325 1986; x_wconf 84' lang='lat' dir='ltr'>d&#39;Herodot.</span> <span class='ocrx_word' id='word_1_150' title='bbox 346 1963 382 1998; x_wconf 91' lang='lat' dir='ltr'>p.</span> <span class='ocrx_word' id='word_1_151' title='bbox 401 1951 455 1990; x_wconf 84' lang='lat'>30</span> <span class='ocrx_word' id='word_1_152' title='bbox 469 1963 571 1999; x_wconf 88' lang='lat' dir='ltr'>seqq.</span> <span class='ocrx_word' id='word_1_153' title='bbox 588 1952 641 1990; x_wconf 84' lang='lat'>39</span> <span class='ocrx_word' id='word_1_154' title='bbox 652 1962 755 1998; x_wconf 82' lang='lat' dir='ltr'>seqq.</span> 
     </span>
     <span class='ocr_line' id='line_1_35' title="bbox 112 2005 758 2055; baseline 0 -14"><span class='ocrx_word' id='word_1_155' title='bbox 112 2005 208 2042; x_wconf 89' lang='lat' dir='ltr'>illam</span> <span class='ocrx_word' id='word_1_156' title='bbox 221 2006 573 2055; x_wconf 78' lang='lat' dir='ltr'>chronographorum</span> <span class='ocrx_word' id='word_1_157' title='bbox 583 2007 758 2043; x_wconf 83' lang='lat' dir='ltr'>rationem</span> 
     </span>
     <span class='ocr_line' id='line_1_36' title="bbox 112 2062 758 2111; baseline 0.002 -13"><span class='ocrx_word' id='word_1_158' title='bbox 112 2062 342 2099; x_wconf 72' lang='lat' dir='ltr'>vehementer</span> <span class='ocrx_word' id='word_1_159' title='bbox 360 2066 646 2111; x_wconf 79' lang='lat' dir='ltr'>oppugnaverat,</span> <span class='ocrx_word' id='word_1_160' title='bbox 677 2062 758 2111; x_wconf 86' lang='lat' dir='ltr'>ipse</span> 
     </span>
     <span class='ocr_line' id='line_1_37' title="bbox 109 2118 758 2169; baseline 0.003 -16"><span class='ocrx_word' id='word_1_161' title='bbox 109 2118 265 2169; x_wconf 84' lang='lat' dir='ltr'>probare</span> <span class='ocrx_word' id='word_1_162' title='bbox 289 2119 439 2155; x_wconf 80' lang='lat' dir='ltr'>studens</span> <span class='ocrx_word' id='word_1_163' title='bbox 463 2119 600 2155; x_wconf 71' lang='lat' dir='ltr'>Sardes</span> <span class='ocrx_word' id='word_1_164' title='bbox 618 2131 661 2155; x_wconf 80' lang='lat' dir='ltr'>ex</span> <span class='ocrx_word' id='word_1_165' title='bbox 681 2118 758 2155; x_wconf 88' lang='lat' dir='ltr'>He-</span> 
     </span>
     <span class='ocr_line' id='line_1_38' title="bbox 109 2173 758 2224; baseline 0 -14"><span class='ocrx_word' id='word_1_166' title='bbox 109 2173 229 2210; x_wconf 91' lang='lat' dir='ltr'>rodoti</span> <span class='ocrx_word' id='word_1_167' title='bbox 246 2180 365 2211; x_wconf 89' lang='lat' dir='ltr'>mente</span> <span class='ocrx_word' id='word_1_168' title='bbox 383 2178 507 2224; x_wconf 89' lang='lat' dir='ltr'>captas</span> <span class='ocrx_word' id='word_1_169' title='bbox 525 2187 606 2211; x_wconf 88' lang='lat' dir='ltr'>esse</span> <span class='ocrx_word' id='word_1_170' title='bbox 627 2187 648 2210; x_wconf 90' lang='lat' dir='ltr'>a</span> <span class='ocrx_word' id='word_1_171' title='bbox 660 2174 758 2222; x_wconf 70' lang='lat' dir='ltr'>Cyro</span> 
     </span>
     <span class='ocr_line' id='line_1_39' title="bbox 113 2230 758 2282; baseline -0.009 -9"><span class='ocrx_word' id='word_1_172' title='bbox 113 2230 172 2267; x_wconf 83' lang='lat' dir='ltr'>Ol·</span> <span class='ocrx_word' id='word_1_173' title='bbox 193 2230 275 2282; x_wconf 66' lang='lat'>55}</span> <span class='ocrx_word' id='word_1_174' title='bbox 292 2244 321 2267; x_wconf 81' lang='lat' dir='ltr'>s.</span> <span class='ocrx_word' id='word_1_175' title='bbox 343 2230 422 2271; x_wconf 87' lang='lat'>557</span> <span class='ocrx_word' id='word_1_176' title='bbox 443 2243 474 2267; x_wconf 90' lang='lat' dir='ltr'>a.</span> <span class='ocrx_word' id='word_1_177' title='bbox 495 2230 581 2267; x_wconf 85' lang='lat' dir='ltr'><strong>Chr.</strong></span> <span class='ocrx_word' id='word_1_178' title='bbox 601 2231 758 2279; x_wconf 79' lang='lat' dir='ltr'>indeque</span> 
     </span>
     <span class='ocr_line' id='line_1_40' title="bbox 114 2286 758 2337; baseline -0.002 -14"><span class='ocrx_word' id='word_1_179' title='bbox 114 2287 288 2324; x_wconf 83' lang='lat' dir='ltr'>Croesum</span> <span class='ocrx_word' id='word_1_180' title='bbox 320 2287 378 2324; x_wconf 86' lang='lat' dir='ltr'>Ol.</span> <span class='ocrx_word' id='word_1_181' title='bbox 413 2286 494 2337; x_wconf 40' lang='lat'>525</span> <span class='ocrx_word' id='word_1_182' title='bbox 528 2287 575 2323; x_wconf 91' lang='lat' dir='ltr'>ad</span> <span class='ocrx_word' id='word_1_183' title='bbox 606 2299 758 2335; x_wconf 83' lang='lat' dir='ltr'>regumn</span> 
     </span>
     <span class='ocr_line' id='line_1_41' title="bbox 113 2342 758 2392; baseline -0.005 -11"><span class='ocrx_word' id='word_1_184' title='bbox 113 2347 284 2381; x_wconf 80' lang='lat' dir='ltr'>evectum.</span> <span class='ocrx_word' id='word_1_185' title='bbox 315 2343 428 2379; x_wconf 90' lang='lat' dir='ltr'>Cuius</span> <span class='ocrx_word' id='word_1_186' title='bbox 452 2343 517 2379; x_wconf 79' lang='lat' dir='ltr'>viri</span> <span class='ocrx_word' id='word_1_187' title='bbox 536 2342 758 2392; x_wconf 80' lang='lat' dir='ltr'>sagacissimi</span> 
     </span>
     <span class='ocr_line' id='line_1_42' title="bbox 114 2399 758 2448; baseline -0.002 -12"><span class='ocrx_word' id='word_1_188' title='bbox 114 2400 330 2436; x_wconf 81' lang='lat' dir='ltr'>sententiam</span> <span class='ocrx_word' id='word_1_189' title='bbox 370 2399 573 2436; x_wconf 89' lang='lat' dir='ltr'>Schultzius</span> <span class='ocrx_word' id='word_1_190' title='bbox 615 2412 758 2448; x_wconf 88' lang='lat' dir='ltr'>quoque</span> 
     </span>
     <span class='ocr_line' id='line_1_43' title="bbox 114 2454 759 2505; baseline 0 -14"><span class='ocrx_word' id='word_1_191' title='bbox 114 2454 138 2491; x_wconf 87' lang='lat' dir='ltr'>l.</span> <span class='ocrx_word' id='word_1_192' title='bbox 160 2454 182 2491; x_wconf 93' lang='lat' dir='ltr'>l.</span> <span class='ocrx_word' id='word_1_193' title='bbox 197 2468 281 2505; x_wconf 84' lang='lat' dir='ltr'>pag.</span> <span class='ocrx_word' id='word_1_194' title='bbox 303 2457 353 2496; x_wconf 87' lang='lat'>19</span> <span class='ocrx_word' id='word_1_195' title='bbox 377 2455 546 2503; x_wconf 81' lang='lat' dir='ltr'>vulgatae</span> <span class='ocrx_word' id='word_1_196' title='bbox 572 2460 759 2505; x_wconf 87' lang='lat' dir='ltr'>computa-</span> 
     </span>
     <span class='ocr_line' id='line_1_44' title="bbox 115 2510 759 2560; baseline 0.003 -14"><span class='ocrx_word' id='word_1_197' title='bbox 115 2510 205 2546; x_wconf 88' lang='lat' dir='ltr'>tioni</span> <span class='ocrx_word' id='word_1_198' title='bbox 227 2512 497 2551; x_wconf 78' lang='lat' dir='ltr'>anteferendam</span> <span class='ocrx_word' id='word_1_199' title='bbox 513 2516 648 2559; x_wconf 89' lang='lat' dir='ltr'>censet,</span> <span class='ocrx_word' id='word_1_200' title='bbox 668 2524 759 2560; x_wconf 92' lang='lat' dir='ltr'>quo-</span> 
     </span>
     <span class='ocr_line' id='line_1_45' title="bbox 118 2567 757 2617; baseline 0.003 -16"><span class='ocrx_word' id='word_1_201' title='bbox 118 2567 236 2613; x_wconf 89' lang='lat' dir='ltr'>niam,</span> <span class='ocrx_word' id='word_1_202' title='bbox 265 2579 309 2604; x_wconf 85' lang='lat' dir='ltr'>ea</span> <span class='ocrx_word' id='word_1_203' title='bbox 335 2572 502 2617; x_wconf 89' lang='lat' dir='ltr'>recepta,</span> <span class='ocrx_word' id='word_1_204' title='bbox 530 2567 757 2605; x_wconf 84' lang='lat' dir='ltr'>difficultates</span> 
     </span>
     <span class='ocr_line' id='line_1_46' title="bbox 118 2623 759 2673; baseline 0.003 -15"><span class='ocrx_word' id='word_1_205' title='bbox 118 2626 156 2659; x_wconf 87' lang='lat' dir='ltr'>et</span> <span class='ocrx_word' id='word_1_206' title='bbox 182 2624 465 2672; x_wconf 79' lang='lat' dir='ltr'>repugnantiae,</span> <span class='ocrx_word' id='word_1_207' title='bbox 495 2636 585 2673; x_wconf 89' lang='lat' dir='ltr'>quas</span> <span class='ocrx_word' id='word_1_208' title='bbox 616 2624 654 2660; x_wconf 90' lang='lat' dir='ltr'>in</span> <span class='ocrx_word' id='word_1_209' title='bbox 682 2623 759 2660; x_wconf 88' lang='lat' dir='ltr'>vul-</span> 
     </span>
     <span class='ocr_line' id='line_1_47' title="bbox 118 2679 758 2728; baseline 0.005 -15"><span class='ocrx_word' id='word_1_210' title='bbox 118 2681 205 2726; x_wconf 81' lang='lat' dir='ltr'>gata</span> <span class='ocrx_word' id='word_1_211' title='bbox 235 2679 500 2728; x_wconf 89' lang='lat' dir='ltr'>computatione</span> <span class='ocrx_word' id='word_1_212' title='bbox 530 2680 758 2727; x_wconf 84' lang='lat' dir='ltr'>offendimus,</span> 
     </span>
     <span class='ocr_line' id='line_1_48' title="bbox 118 2733 761 2774; baseline 0.002 -4"><span class='ocrx_word' id='word_1_213' title='bbox 118 2733 295 2770; x_wconf 88' lang='lat' dir='ltr'>tollantur.</span> <span class='ocrx_word' id='word_1_214' title='bbox 316 2735 558 2772; x_wconf 82' lang='lat' dir='ltr'>Conferantur</span> <span class='ocrx_word' id='word_1_215' title='bbox 577 2736 623 2774; x_wconf 89' lang='lat' dir='ltr'>de</span> <span class='ocrx_word' id='word_1_216' title='bbox 633 2736 761 2774; x_wconf 81' lang='lat' dir='ltr'>Croesi</span> 
     </span>
     <span class='ocr_line' id='line_1_49' title="bbox 119 2790 761 2841; baseline 0.006 -16"><span class='ocrx_word' id='word_1_217' title='bbox 119 2790 340 2840; x_wconf 87' lang='lat' dir='ltr'>temporibus</span> <span class='ocrx_word' id='word_1_218' title='bbox 380 2791 593 2829; x_wconf 87' lang='lat' dir='ltr'>definiendis</span> <span class='ocrx_word' id='word_1_219' title='bbox 609 2821 620 2839; x_wconf 91' lang='lat'>,</span> <span class='ocrx_word' id='word_1_220' title='bbox 668 2805 761 2841; x_wconf 89' lang='lat' dir='ltr'>quae</span> 
     </span>
    </p>
   </div>
   <div class='ocr_carea' id='block_1_13' title="bbox 121 2845 764 2900">
    <p class='ocr_par' dir='ltr' id='par_1_14' title="bbox 121 2845 764 2900">
     <span class='ocr_line' id='line_1_50' title="bbox 121 2845 764 2900; baseline 0.006 -18"><span class='ocrx_word' id='word_1_221' title='bbox 121 2845 168 2882; x_wconf 86' lang='lat' dir='ltr'>ad</span> <span class='ocrx_word' id='word_1_222' title='bbox 195 2845 230 2894; x_wconf 90' lang='lat' dir='ltr'>I,</span> <span class='ocrx_word' id='word_1_223' title='bbox 260 2846 313 2887; x_wconf 86' lang='lat'>45</span> <span class='ocrx_word' id='word_1_224' title='bbox 352 2852 388 2884; x_wconf 91' lang='lat' dir='ltr'>et</span> <span class='ocrx_word' id='word_1_225' title='bbox 418 2846 458 2895; x_wconf 86' lang='grc' dir='ltr'>Ι,</span> <span class='ocrx_word' id='word_1_226' title='bbox 487 2849 542 2889; x_wconf 80' lang='lat'>30</span> <span class='ocrx_word' id='word_1_227' title='bbox 581 2848 764 2900; x_wconf 88' lang='lat' dir='ltr'>disputata</span> 
     </span>
    </p>
   </div>
   <div class='ocr_carea' id='block_1_14' title="bbox 818 937 1477 2900">
    <p class='ocr_par' dir='ltr' id='par_1_15' title="bbox 820 937 1467 1031">
     <span class='ocr_line' id='line_1_51' title="bbox 821 937 1467 988; baseline 0.005 -14"><span class='ocrx_word' id='word_1_228' title='bbox 821 941 916 986; x_wconf 83' lang='lat' dir='ltr'>sunt,</span> <span class='ocrx_word' id='word_1_229' title='bbox 937 950 1016 975; x_wconf 90' lang='lat' dir='ltr'>cum</span> <span class='ocrx_word' id='word_1_230' title='bbox 1032 937 1088 976; x_wconf 85' lang='lat' dir='ltr'>his</span> <span class='ocrx_word' id='word_1_231' title='bbox 1100 939 1367 988; x_wconf 88' lang='lat' dir='ltr'>quodammodo</span> <span class='ocrx_word' id='word_1_232' title='bbox 1382 951 1467 977; x_wconf 87' lang='lat' dir='ltr'>con-</span> 
     </span>
     <span class='ocr_line' id='line_1_52' title="bbox 820 994 951 1031; baseline 0.015 -2"><span class='ocrx_word' id='word_1_233' title='bbox 820 994 951 1031; x_wconf 85' lang='lat' dir='ltr'>iuncta.</span> 
     </span>
    </p>

    <p class='ocr_par' dir='ltr' id='par_1_16' title="bbox 818 1045 1477 2900">
     <span class='ocr_line' id='line_1_53' title="bbox 877 1045 1465 1102; baseline -0.002 -12"><span class='ocrx_word' id='word_1_234' title='bbox 877 1049 900 1090; x_wconf 67' lang='lat'>0⁰</span> <span class='ocrx_word' id='word_1_235' title='bbox 918 1048 979 1097; x_wconf 75' lang='grc' dir='ltr'>δὲ,</span> <span class='ocrx_word' id='word_1_236' title='bbox 1008 1045 1208 1101; x_wconf 80' lang='grc' dir='ltr'><em>συννήσας</em></span> <span class='ocrx_word' id='word_1_237' title='bbox 1236 1047 1369 1102; x_wconf 72' lang='grc' dir='ltr'><em>πυρήν</em></span> <span class='ocrx_word' id='word_1_238' title='bbox 1402 1065 1465 1100; x_wconf 84' lang='grc' dir='ltr'>με-</span> 
     </span>
     <span class='ocr_line' id='line_1_54' title="bbox 819 1102 1464 1158; baseline -0.003 -13"><span class='ocrx_word' id='word_1_239' title='bbox 819 1102 945 1158; x_wconf 68' lang='grc' dir='ltr'><em>γάλην</em></span> <span class='ocrx_word' id='word_1_240' title='bbox 965 1102 1199 1157; x_wconf 66' lang='grc' dir='ltr'><em>ἐνεβίβασεν</em></span> <span class='ocrx_word' id='word_1_241' title='bbox 1219 1122 1252 1145; x_wconf 79' lang='grc' dir='ltr'>κ.</span> <span class='ocrx_word' id='word_1_242' title='bbox 1265 1122 1294 1145; x_wconf 84' lang='grc' dir='ltr'>τ.</span> <span class='ocrx_word' id='word_1_243' title='bbox 1304 1106 1353 1157; x_wconf 86' lang='grc' dir='ltr'>λ.]</span> <span class='ocrx_word' id='word_1_244' title='bbox 1368 1107 1464 1144; x_wconf 74' lang='lat' dir='ltr'>Mu]-</span> 
     </span>
     <span class='ocr_line' id='line_1_55' title="bbox 819 1163 1465 1202; baseline 0 -2"><span class='ocrx_word' id='word_1_245' title='bbox 819 1168 895 1200; x_wconf 83' lang='lat' dir='ltr'>tum</span> <span class='ocrx_word' id='word_1_246' title='bbox 915 1164 959 1200; x_wconf 86' lang='lat' dir='ltr'>ab</span> <span class='ocrx_word' id='word_1_247' title='bbox 981 1163 1036 1199; x_wconf 89' lang='lat' dir='ltr'>his</span> <span class='ocrx_word' id='word_1_248' title='bbox 1061 1164 1206 1202; x_wconf 65' lang='lat' dir='ltr'>differre</span> <span class='ocrx_word' id='word_1_249' title='bbox 1217 1164 1364 1201; x_wconf 86' lang='lat' dir='ltr'>Ctesiae</span> <span class='ocrx_word' id='word_1_250' title='bbox 1382 1176 1465 1200; x_wconf 85' lang='lat' dir='ltr'>nar-</span> 
     </span>
     <span class='ocr_line' id='line_1_56' title="bbox 819 1218 1463 1270; baseline 0.002 -15"><span class='ocrx_word' id='word_1_251' title='bbox 819 1220 997 1257; x_wconf 78' lang='lat' dir='ltr'>rationem</span> <span class='ocrx_word' id='word_1_252' title='bbox 1016 1219 1168 1257; x_wconf 87' lang='lat' dir='ltr'>Persice.</span> <span class='ocrx_word' id='word_1_253' title='bbox 1187 1220 1372 1270; x_wconf 73' lang='lat' dir='ltr'>Excerptt.</span> <span class='ocrx_word' id='word_1_254' title='bbox 1385 1218 1422 1270; x_wconf 59' lang='grc' dir='ltr'>ἓ.</span> <span class='ocrx_word' id='word_1_255' title='bbox 1437 1218 1463 1260; x_wconf 84' lang='grc'>4</span> 
     </span>
     <span class='ocr_line' id='line_1_57' title="bbox 819 1276 1465 1324; baseline 0 -12"><span class='ocrx_word' id='word_1_256' title='bbox 819 1276 1002 1324; x_wconf 81' lang='lat' dir='ltr'>multoque</span> <span class='ocrx_word' id='word_1_257' title='bbox 1028 1277 1143 1324; x_wconf 88' lang='lat' dir='ltr'>magis</span> <span class='ocrx_word' id='word_1_258' title='bbox 1165 1276 1307 1314; x_wconf 85' lang='lat' dir='ltr'>Nicolai</span> <span class='ocrx_word' id='word_1_259' title='bbox 1327 1276 1465 1313; x_wconf 84' lang='lat' dir='ltr'>Dama-</span> 
     </span>
     <span class='ocr_line' id='line_1_58' title="bbox 819 1332 1467 1381; baseline 0.002 -13"><span class='ocrx_word' id='word_1_260' title='bbox 819 1332 916 1368; x_wconf 88' lang='lat' dir='ltr'>sceni</span> <span class='ocrx_word' id='word_1_261' title='bbox 943 1332 1146 1381; x_wconf 83' lang='lat' dir='ltr'>ampliantis</span> <span class='ocrx_word' id='word_1_262' title='bbox 1179 1337 1215 1370; x_wconf 87' lang='lat' dir='ltr'>et</span> <span class='ocrx_word' id='word_1_263' title='bbox 1244 1333 1292 1369; x_wconf 92' lang='lat' dir='ltr'>ad</span> <span class='ocrx_word' id='word_1_264' title='bbox 1320 1336 1467 1380; x_wconf 83' lang='lat' dir='ltr'>tragoe-</span> 
     </span>
     <span class='ocr_line' id='line_1_59' title="bbox 819 1388 1466 1436; baseline 0.002 -13"><span class='ocrx_word' id='word_1_265' title='bbox 819 1388 902 1424; x_wconf 85' lang='lat' dir='ltr'>diae</span> <span class='ocrx_word' id='word_1_266' title='bbox 931 1388 1105 1424; x_wconf 77' lang='lat' dir='ltr'>rationem</span> <span class='ocrx_word' id='word_1_267' title='bbox 1137 1389 1342 1425; x_wconf 80' lang='lat' dir='ltr'>exornantis</span> <span class='ocrx_word' id='word_1_268' title='bbox 1373 1388 1466 1436; x_wconf 83' lang='lat' dir='ltr'>(vid.</span> 
     </span>
     <span class='ocr_line' id='line_1_60' title="bbox 819 1443 1464 1494; baseline 0.002 -16"><span class='ocrx_word' id='word_1_269' title='bbox 819 1444 894 1481; x_wconf 83' lang='lat' dir='ltr'>eius</span> <span class='ocrx_word' id='word_1_270' title='bbox 915 1444 1083 1491; x_wconf 88' lang='lat' dir='ltr'>sragmm.</span> <span class='ocrx_word' id='word_1_271' title='bbox 1103 1457 1138 1494; x_wconf 91' lang='lat' dir='ltr'>p.</span> <span class='ocrx_word' id='word_1_272' title='bbox 1166 1444 1244 1484; x_wconf 84' lang='lat'>195</span> <span class='ocrx_word' id='word_1_273' title='bbox 1274 1444 1330 1481; x_wconf 89' lang='lat' dir='ltr'>ed.</span> <span class='ocrx_word' id='word_1_274' title='bbox 1352 1443 1464 1481; x_wconf 85' lang='lat' dir='ltr'>Orell.</span> 
     </span>
     <span class='ocr_line' id='line_1_61' title="bbox 819 1499 1467 1550; baseline -0.002 -13"><span class='ocrx_word' id='word_1_275' title='bbox 819 1503 856 1537; x_wconf 94' lang='lat' dir='ltr'>et</span> <span class='ocrx_word' id='word_1_276' title='bbox 873 1499 1060 1549; x_wconf 87' lang='lat' dir='ltr'>Supplem.</span> <span class='ocrx_word' id='word_1_277' title='bbox 1091 1514 1127 1550; x_wconf 87' lang='lat' dir='ltr'>p.</span> <span class='ocrx_word' id='word_1_278' title='bbox 1147 1501 1201 1541; x_wconf 71' lang='grc'>35</span> <span class='ocrx_word' id='word_1_279' title='bbox 1236 1504 1271 1537; x_wconf 89' lang='lat' dir='ltr'>et</span> <span class='ocrx_word' id='word_1_280' title='bbox 1293 1501 1329 1536; x_wconf 88' lang='lat' dir='ltr'>in</span> <span class='ocrx_word' id='word_1_281' title='bbox 1351 1500 1467 1537; x_wconf 90' lang='lat' dir='ltr'>Creu-</span> 
     </span>
     <span class='ocr_line' id='line_1_62' title="bbox 818 1556 1466 1606; baseline 0.002 -14"><span class='ocrx_word' id='word_1_282' title='bbox 818 1569 891 1593; x_wconf 84' lang='lat' dir='ltr'>zer.</span> <span class='ocrx_word' id='word_1_283' title='bbox 909 1557 1076 1605; x_wconf 78' lang='lat' dir='ltr'>fragmin.</span> <span class='ocrx_word' id='word_1_284' title='bbox 1105 1556 1247 1593; x_wconf 90' lang='lat' dir='ltr'>historr.</span> <span class='ocrx_word' id='word_1_285' title='bbox 1275 1569 1361 1606; x_wconf 87' lang='lat' dir='ltr'>pag.</span> <span class='ocrx_word' id='word_1_286' title='bbox 1384 1559 1466 1598; x_wconf 75' lang='lat'>207</span> 
     </span>
     <span class='ocr_line' id='line_1_63' title="bbox 818 1613 1468 1660; baseline 0.002 -11"><span class='ocrx_word' id='word_1_287' title='bbox 818 1613 956 1660; x_wconf 74' lang='lat' dir='ltr'>seqq),</span> <span class='ocrx_word' id='word_1_288' title='bbox 986 1614 1057 1649; x_wconf 88' lang='lat' dir='ltr'>iam</span> <span class='ocrx_word' id='word_1_289' title='bbox 1076 1613 1111 1649; x_wconf 90' lang='lat' dir='ltr'>in</span> <span class='ocrx_word' id='word_1_290' title='bbox 1132 1614 1228 1649; x_wconf 89' lang='lat' dir='ltr'>notis</span> <span class='ocrx_word' id='word_1_291' title='bbox 1252 1613 1300 1649; x_wconf 90' lang='lat' dir='ltr'>ad</span> <span class='ocrx_word' id='word_1_292' title='bbox 1319 1613 1468 1650; x_wconf 86' lang='lat' dir='ltr'>Ctesiae</span> 
     </span>
     <span class='ocr_line' id='line_1_64' title="bbox 818 1668 1466 1718; baseline -0.002 -12"><span class='ocrx_word' id='word_1_293' title='bbox 818 1669 841 1706; x_wconf 92' lang='lat' dir='ltr'>l.</span> <span class='ocrx_word' id='word_1_294' title='bbox 864 1668 886 1705; x_wconf 92' lang='lat' dir='ltr'>l.</span> <span class='ocrx_word' id='word_1_295' title='bbox 911 1668 1076 1706; x_wconf 85' lang='lat' dir='ltr'>indicavi.</span> <span class='ocrx_word' id='word_1_296' title='bbox 1115 1669 1173 1707; x_wconf 87' lang='lat' dir='ltr'>De</span> <span class='ocrx_word' id='word_1_297' title='bbox 1201 1682 1292 1718; x_wconf 88' lang='lat' dir='ltr'>rogo</span> <span class='ocrx_word' id='word_1_298' title='bbox 1313 1682 1393 1706; x_wconf 90' lang='lat' dir='ltr'>cum</span> <span class='ocrx_word' id='word_1_299' title='bbox 1412 1669 1466 1706; x_wconf 90' lang='lat' dir='ltr'>ni-</span> 
     </span>
     <span class='ocr_line' id='line_1_65' title="bbox 818 1724 1468 1776; baseline 0 -14"><span class='ocrx_word' id='word_1_300' title='bbox 818 1724 867 1762; x_wconf 92' lang='lat' dir='ltr'>hil</span> <span class='ocrx_word' id='word_1_301' title='bbox 888 1724 1029 1773; x_wconf 87' lang='lat' dir='ltr'>legatur</span> <span class='ocrx_word' id='word_1_302' title='bbox 1053 1727 1153 1776; x_wconf 88' lang='lat' dir='ltr'>apud</span> <span class='ocrx_word' id='word_1_303' title='bbox 1183 1726 1348 1763; x_wconf 89' lang='lat' dir='ltr'>Ctesiam</span> <span class='ocrx_word' id='word_1_304' title='bbox 1377 1726 1468 1775; x_wconf 89' lang='lat' dir='ltr'>(qui</span> 
     </span>
     <span class='ocr_line' id='line_1_66' title="bbox 822 1782 1468 1832; baseline -0.002 -14"><span class='ocrx_word' id='word_1_305' title='bbox 822 1782 1001 1818; x_wconf 87' lang='lat' dir='ltr'>Croesum</span> <span class='ocrx_word' id='word_1_306' title='bbox 1042 1786 1166 1818; x_wconf 87' lang='lat' dir='ltr'>narrat</span> <span class='ocrx_word' id='word_1_307' title='bbox 1206 1783 1244 1819; x_wconf 87' lang='lat' dir='ltr'>in</span> <span class='ocrx_word' id='word_1_308' title='bbox 1290 1782 1468 1832; x_wconf 87' lang='lat' dir='ltr'>Apollinis</span> 
     </span>
     <span class='ocr_line' id='line_1_67' title="bbox 821 1838 1469 1887; baseline 0 -14"><span class='ocrx_word' id='word_1_309' title='bbox 821 1838 995 1886; x_wconf 85' lang='lat' dir='ltr'>templum</span> <span class='ocrx_word' id='word_1_310' title='bbox 1013 1839 1296 1887; x_wconf 88' lang='lat' dir='ltr'>perfugientem,</span> <span class='ocrx_word' id='word_1_311' title='bbox 1318 1843 1373 1875; x_wconf 88' lang='lat' dir='ltr'>ter</span> <span class='ocrx_word' id='word_1_312' title='bbox 1391 1839 1469 1875; x_wconf 82' lang='lat' dir='ltr'>vin-</span> 
     </span>
     <span class='ocr_line' id='line_1_68' title="bbox 824 1893 1473 1941; baseline 0.002 -12"><span class='ocrx_word' id='word_1_313' title='bbox 824 1897 919 1929; x_wconf 87' lang='lat' dir='ltr'>ctum</span> <span class='ocrx_word' id='word_1_314' title='bbox 936 1894 983 1930; x_wconf 87' lang='lat' dir='ltr'>ibi</span> <span class='ocrx_word' id='word_1_315' title='bbox 1004 1906 1025 1929; x_wconf 88' lang='lat' dir='ltr'>a</span> <span class='ocrx_word' id='word_1_316' title='bbox 1044 1893 1165 1930; x_wconf 90' lang='lat' dir='ltr'>Persis</span> <span class='ocrx_word' id='word_1_317' title='bbox 1181 1923 1192 1941; x_wconf 93' lang='lat'>,</span> <span class='ocrx_word' id='word_1_318' title='bbox 1211 1898 1266 1931; x_wconf 89' lang='lat' dir='ltr'>ter</span> <span class='ocrx_word' id='word_1_319' title='bbox 1284 1894 1473 1931; x_wconf 85' lang='lat' dir='ltr'>liberatum</span> 
     </span>
     <span class='ocr_line' id='line_1_69' title="bbox 826 1949 1474 1999; baseline 0.002 -13"><span class='ocrx_word' id='word_1_320' title='bbox 826 1961 906 1986; x_wconf 84' lang='lat' dir='ltr'>esse</span> <span class='ocrx_word' id='word_1_321' title='bbox 925 1950 1045 1985; x_wconf 82' lang='lat' dir='ltr'>divina</span> <span class='ocrx_word' id='word_1_322' title='bbox 1072 1949 1205 1987; x_wconf 87' lang='lat' dir='ltr'>scilicet</span> <span class='ocrx_word' id='word_1_323' title='bbox 1231 1962 1325 1999; x_wconf 89' lang='lat' dir='ltr'>ope,</span> <span class='ocrx_word' id='word_1_324' title='bbox 1353 1954 1390 1987; x_wconf 91' lang='lat' dir='ltr'>et</span> <span class='ocrx_word' id='word_1_325' title='bbox 1406 1951 1474 1987; x_wconf 88' lang='lat' dir='ltr'>ite-</span> 
     </span>
     <span class='ocr_line' id='line_1_70' title="bbox 825 2005 1474 2054; baseline 0.005 -15"><span class='ocrx_word' id='word_1_326' title='bbox 825 2017 902 2040; x_wconf 91' lang='lat' dir='ltr'>rum</span> <span class='ocrx_word' id='word_1_327' title='bbox 925 2006 1081 2042; x_wconf 68' lang='lat' dir='ltr'>vinctum</span> <span class='ocrx_word' id='word_1_328' title='bbox 1110 2005 1147 2041; x_wconf 90' lang='lat' dir='ltr'>in</span> <span class='ocrx_word' id='word_1_329' title='bbox 1173 2006 1283 2054; x_wconf 90' lang='lat' dir='ltr'>regiis</span> <span class='ocrx_word' id='word_1_330' title='bbox 1311 2006 1474 2053; x_wconf 89' lang='lat' dir='ltr'>aedibus,</span> 
     </span>
     <span class='ocr_line' id='line_1_71' title="bbox 825 2061 1475 2109; baseline 0.005 -13"><span class='ocrx_word' id='word_1_331' title='bbox 825 2061 945 2097; x_wconf 87' lang='lat' dir='ltr'>denuo</span> <span class='ocrx_word' id='word_1_332' title='bbox 971 2061 1178 2109; x_wconf 75' lang='lat' dir='ltr'>liberatinn,</span> <span class='ocrx_word' id='word_1_333' title='bbox 1216 2063 1383 2098; x_wconf 86' lang='lat' dir='ltr'>immissis</span> <span class='ocrx_word' id='word_1_334' title='bbox 1404 2062 1475 2099; x_wconf 86' lang='lat' dir='ltr'>ful-</span> 
     </span>
     <span class='ocr_line' id='line_1_72' title="bbox 825 2117 1475 2168; baseline 0.002 -15"><span class='ocrx_word' id='word_1_335' title='bbox 825 2117 979 2153; x_wconf 89' lang='lat' dir='ltr'>minibus</span> <span class='ocrx_word' id='word_1_336' title='bbox 1000 2121 1036 2154; x_wconf 90' lang='lat' dir='ltr'>et</span> <span class='ocrx_word' id='word_1_337' title='bbox 1055 2118 1277 2166; x_wconf 87' lang='lat' dir='ltr'>tonitrubus)</span> <span class='ocrx_word' id='word_1_338' title='bbox 1298 2131 1365 2156; x_wconf 88' lang='lat' dir='ltr'>nec</span> <span class='ocrx_word' id='word_1_339' title='bbox 1376 2119 1475 2168; x_wconf 87' lang='lat' dir='ltr'>apud</span> 
     </span>
     <span class='ocr_line' id='line_1_73' title="bbox 827 2172 1477 2223; baseline 0.003 -15"><span class='ocrx_word' id='word_1_340' title='bbox 827 2172 1126 2223; x_wconf 83' lang='lat' dir='ltr'>Xenophontem,</span> <span class='ocrx_word' id='word_1_341' title='bbox 1144 2174 1214 2211; x_wconf 88' lang='lat' dir='ltr'>iam</span> <span class='ocrx_word' id='word_1_342' title='bbox 1229 2174 1477 2222; x_wconf 52' lang='lat' dir='ltr'>iVesselingio</span> 
     </span>
     <span class='ocr_line' id='line_1_74' title="bbox 825 2229 1476 2279; baseline 0.003 -15"><span class='ocrx_word' id='word_1_343' title='bbox 825 2229 982 2278; x_wconf 91' lang='lat' dir='ltr'>suspicio</span> <span class='ocrx_word' id='word_1_344' title='bbox 1005 2235 1082 2267; x_wconf 90' lang='lat' dir='ltr'>erat</span> <span class='ocrx_word' id='word_1_345' title='bbox 1111 2231 1283 2278; x_wconf 88' lang='lat' dir='ltr'>suborta,</span> <span class='ocrx_word' id='word_1_346' title='bbox 1314 2244 1357 2268; x_wconf 80' lang='lat' dir='ltr'>ex</span> <span class='ocrx_word' id='word_1_347' title='bbox 1377 2230 1476 2279; x_wconf 81' lang='lat' dir='ltr'>vulgi</span> 
     </span>
     <span class='ocr_line' id='line_1_75' title="bbox 826 2286 1473 2337; baseline 0.005 -16"><span class='ocrx_word' id='word_1_348' title='bbox 826 2286 917 2321; x_wconf 88' lang='lat' dir='ltr'>mira</span> <span class='ocrx_word' id='word_1_349' title='bbox 936 2286 1112 2336; x_wconf 86' lang='lat' dir='ltr'>captantis</span> <span class='ocrx_word' id='word_1_350' title='bbox 1129 2286 1270 2324; x_wconf 87' lang='lat' dir='ltr'>fabellis</span> <span class='ocrx_word' id='word_1_351' title='bbox 1291 2288 1473 2337; x_wconf 88' lang='lat' dir='ltr'>haecpro-</span> 
     </span>
     <span class='ocr_line' id='line_1_76' title="bbox 824 2342 1473 2393; baseline 0.003 -15"><span class='ocrx_word' id='word_1_352' title='bbox 824 2342 983 2380; x_wconf 74' lang='lat' dir='ltr'>fluxisse.</span> <span class='ocrx_word' id='word_1_353' title='bbox 1041 2342 1090 2379; x_wconf 84' lang='lat' dir='ltr'>Et</span> <span class='ocrx_word' id='word_1_354' title='bbox 1119 2342 1194 2379; x_wconf 87' lang='lat' dir='ltr'>eius</span> <span class='ocrx_word' id='word_1_355' title='bbox 1233 2343 1473 2393; x_wconf 88' lang='lat' dir='ltr'>suspicionem</span> 
     </span>
     <span class='ocr_line' id='line_1_77' title="bbox 827 2399 1473 2446; baseline 0.005 -12"><span class='ocrx_word' id='word_1_356' title='bbox 827 2403 963 2446; x_wconf 80' lang='lat' dir='ltr'>augent</span> <span class='ocrx_word' id='word_1_357' title='bbox 1010 2399 1175 2446; x_wconf 84' lang='lat' dir='ltr'>adeoque</span> <span class='ocrx_word' id='word_1_358' title='bbox 1213 2399 1344 2436; x_wconf 85' lang='lat' dir='ltr'>iustam</span> <span class='ocrx_word' id='word_1_359' title='bbox 1375 2413 1473 2437; x_wconf 92' lang='lat' dir='ltr'>com-</span> 
     </span>
     <span class='ocr_line' id='line_1_78' title="bbox 825 2455 1473 2505; baseline 0.003 -14"><span class='ocrx_word' id='word_1_360' title='bbox 825 2455 1002 2505; x_wconf 83' lang='lat' dir='ltr'>probant,</span> <span class='ocrx_word' id='word_1_361' title='bbox 1032 2467 1127 2503; x_wconf 87' lang='lat' dir='ltr'>quae</span> <span class='ocrx_word' id='word_1_362' title='bbox 1153 2455 1201 2491; x_wconf 88' lang='lat' dir='ltr'>ad</span> <span class='ocrx_word' id='word_1_363' title='bbox 1232 2456 1378 2493; x_wconf 86' lang='lat' dir='ltr'>Ctesiae</span> <span class='ocrx_word' id='word_1_364' title='bbox 1403 2455 1426 2493; x_wconf 92' lang='lat' dir='ltr'>l.</span> <span class='ocrx_word' id='word_1_365' title='bbox 1450 2455 1473 2493; x_wconf 91' lang='lat' dir='ltr'>l.</span> 
     </span>
     <span class='ocr_line' id='line_1_79' title="bbox 824 2511 1472 2562; baseline 0.003 -15"><span class='ocrx_word' id='word_1_366' title='bbox 824 2524 910 2562; x_wconf 85' lang='lat' dir='ltr'>pag.</span> <span class='ocrx_word' id='word_1_367' title='bbox 934 2512 1012 2552; x_wconf 81' lang='lat'>103</span> <span class='ocrx_word' id='word_1_368' title='bbox 1042 2511 1078 2547; x_wconf 88' lang='lat' dir='ltr'>in</span> <span class='ocrx_word' id='word_1_369' title='bbox 1106 2511 1311 2549; x_wconf 86' lang='lat' dir='ltr'>universum</span> <span class='ocrx_word' id='word_1_370' title='bbox 1347 2512 1472 2562; x_wconf 88' lang='lat' dir='ltr'>dispu-</span> 
     </span>
     <span class='ocr_line' id='line_1_80' title="bbox 824 2567 1472 2606; baseline 0.003 -2"><span class='ocrx_word' id='word_1_371' title='bbox 824 2568 907 2605; x_wconf 82' lang='lat' dir='ltr'>tavi.</span> <span class='ocrx_word' id='word_1_372' title='bbox 964 2567 1095 2604; x_wconf 88' lang='lat' dir='ltr'>Parum</span> <span class='ocrx_word' id='word_1_373' title='bbox 1114 2567 1209 2605; x_wconf 86' lang='lat' dir='ltr'>enim</span> <span class='ocrx_word' id='word_1_374' title='bbox 1231 2569 1317 2605; x_wconf 87' lang='lat' dir='ltr'>mihi</span> <span class='ocrx_word' id='word_1_375' title='bbox 1333 2569 1472 2606; x_wconf 87' lang='lat' dir='ltr'>videtur</span> 
     </span>
     <span class='ocr_line' id='line_1_81' title="bbox 824 2623 1473 2675; baseline 0.003 -15"><span class='ocrx_word' id='word_1_376' title='bbox 824 2623 1032 2675; x_wconf 89' lang='lat' dir='ltr'>probabile,</span> <span class='ocrx_word' id='word_1_377' title='bbox 1069 2624 1174 2672; x_wconf 89' lang='lat' dir='ltr'>igne,</span> <span class='ocrx_word' id='word_1_378' title='bbox 1204 2625 1266 2673; x_wconf 93' lang='lat' dir='ltr'>qui</span> <span class='ocrx_word' id='word_1_379' title='bbox 1289 2625 1473 2662; x_wconf 87' lang='lat' dir='ltr'>sanctissi-</span> 
     </span>
     <span class='ocr_line' id='line_1_82' title="bbox 826 2679 1473 2731; baseline -0.002 -12"><span class='ocrx_word' id='word_1_380' title='bbox 826 2695 905 2719; x_wconf 89' lang='lat' dir='ltr'>mus</span> <span class='ocrx_word' id='word_1_381' title='bbox 927 2681 996 2717; x_wconf 79' lang='lat' dir='ltr'>fuit</span> <span class='ocrx_word' id='word_1_382' title='bbox 1024 2679 1169 2727; x_wconf 88' lang='lat' dir='ltr'>Persis,</span> <span class='ocrx_word' id='word_1_383' title='bbox 1205 2685 1246 2717; x_wconf 90' lang='lat' dir='ltr'>ut</span> <span class='ocrx_word' id='word_1_384' title='bbox 1269 2694 1316 2719; x_wconf 88' lang='lat' dir='ltr'>ne</span> <span class='ocrx_word' id='word_1_385' title='bbox 1344 2682 1473 2731; x_wconf 88' lang='lat' dir='ltr'>spiritu</span> 
     </span>
     <span class='ocr_line' id='line_1_83' title="bbox 828 2737 1475 2786; baseline 0.003 -13"><span class='ocrx_word' id='word_1_386' title='bbox 828 2738 974 2786; x_wconf 83' lang='lat' dir='ltr'>quidem</span> <span class='ocrx_word' id='word_1_387' title='bbox 1006 2749 1086 2774; x_wconf 91' lang='lat' dir='ltr'>eum</span> <span class='ocrx_word' id='word_1_388' title='bbox 1127 2737 1359 2773; x_wconf 85' lang='lat' dir='ltr'>contaminari</span> <span class='ocrx_word' id='word_1_389' title='bbox 1400 2738 1475 2775; x_wconf 89' lang='lat' dir='ltr'>vel-</span> 
     </span>
     <span class='ocr_line' id='line_1_84' title="bbox 828 2793 1474 2840; baseline 0.002 -11"><span class='ocrx_word' id='word_1_390' title='bbox 828 2793 924 2840; x_wconf 90' lang='lat' dir='ltr'>lent,</span> <span class='ocrx_word' id='word_1_391' title='bbox 966 2793 1113 2829; x_wconf 74' lang='lat' dir='ltr'>eosdem</span> <span class='ocrx_word' id='word_1_392' title='bbox 1139 2793 1272 2829; x_wconf 86' lang='lat' dir='ltr'>abusos</span> <span class='ocrx_word' id='word_1_393' title='bbox 1310 2807 1390 2831; x_wconf 89' lang='lat' dir='ltr'>esse</span> <span class='ocrx_word' id='word_1_394' title='bbox 1425 2794 1474 2830; x_wconf 90' lang='lat' dir='ltr'>ad</span> 
     </span>
     <span class='ocr_line' id='line_1_85' title="bbox 829 2850 1473 2900; baseline -0.002 -13"><span class='ocrx_word' id='word_1_395' title='bbox 829 2850 1044 2900; x_wconf 90' lang='lat' dir='ltr'>supplicium</span> <span class='ocrx_word' id='word_1_396' title='bbox 1065 2850 1276 2886; x_wconf 88' lang='lat' dir='ltr'>sumendum</span> <span class='ocrx_word' id='word_1_397' title='bbox 1296 2850 1342 2888; x_wconf 89' lang='lat' dir='ltr'>de</span> <span class='ocrx_word' id='word_1_398' title='bbox 1359 2850 1473 2887; x_wconf 88' lang='lat' dir='ltr'>homi-</span> 
     </span>
    </p>
   </div>
  </div>
 </body>
</html>
