1877 3223
651 199 953 241 cL10.1.

1346 199 1429 241 143

175 313 314 358 οἰκία·
376 313 413 357 εἰ
442 312 487 357 δὲ
515 310 715 368 τυγχάνει
754 311 883 367 ἔχων,
924 306 1104 363 δεύτερα
1131 305 1212 364 τὴν
1240 312 1429 364 γυναῖκα

175 392 426 448 ἐκπέμπειν·
457 393 530 435 καὶ
561 393 601 434 εἴ
626 392 690 442 τίς
720 392 763 434 οἱ
791 387 989 446 τυγχάνει
1008 387 1092 431 ἐών
1116 391 1239 439 παῖς,
1270 391 1430 431 τοῦτον
1442 395 1485 428 90

146 470 463 516 4ἆπείπασθαι·
495 471 662 522 οὔκων,
692 472 828 513 ταῦτα
858 465 1197 522 παραινέσαντος
1224 468 1430 518 Χίλωνος,

177 553 407 595 πείθεσθαι
435 551 581 595 θέλειν
610 550 687 594 τὸν
711 546 1013 603 Ἱπποκράτεα·
1040 545 1246 603 γενέσθαι
1265 547 1308 590 οἱ
1324 545 1428 604 μετα

176 635 313 675 ταῦτα
341 632 418 674 τὸν
448 632 757 685 Πεισίστρατον
786 632 970 679 τοῦτον,
1010 626 1081 679 ὃς,
1112 625 1430 680 στασιαζόντων

176 714 266 753 τῶν
303 708 509 765 παράλων
545 711 619 754 καὶ
666 713 756 753 τῶν
791 708 838 753 ἐκ
875 710 956 752 τοῦ
996 708 1149 751 πεδίου
1173 705 1432 764 Ἀθηναίων,

118 888 198 931 tur,
228 885 327 935 apud
363 882 595 920 Plutarchum
620 883 772 922 inveniri

117 940 267 987 παῖδας
287 943 418 979 ποιεῖν
437 953 514 976 cum
535 941 581 978 de
597 941 673 976 viro
693 947 771 977 tum

119 998 165 1034 de
193 997 365 1044 muliere,
415 1000 456 1032 ut
487 997 691 1033 notavimus
723 998 771 1033 ad

117 1053 212 1090 Plut.
235 1053 363 1102 Pyrrh.
391 1065 476 1102 pag.
499 1054 591 1094 233.
650 1053 771 1091 Locu-

117 1110 254 1146 tionem
283 1110 329 1147 de
356 1110 455 1155 viro,
494 1110 555 1157 qui
586 1109 771 1147 mulierem

119 1167 217 1202 ducit
239 1166 276 1202 in
293 1165 557 1202 matrimonium
570 1196 580 1213 ‚
600 1167 771 1203 usitatam

121 1219 289 1275 ἄγεσθαι
321 1221 360 1267 ἐς
391 1218 437 1259 w*
476 1221 582 1260 οἰκία
626 1225 704 1270 (sc.
734 1224 772 1258 z'n

119 1291 219 1314 suam
251 1280 364 1327 ipsius
392 1278 568 1324 domum),
600 1278 770 1328 explicui-

118 1347 198 1371 mus
218 1335 266 1371 ad
289 1334 436 1371 Ctesiae
456 1333 577 1371 Perss.
604 1335 770 1382 sragmm.

117 1404 173 1441 cp.
189 1395 216 1432 2
244 1403 330 1441 pag.
350 1393 404 1431 92
426 1402 503 1439 seq.
541 1390 651 1428 Conf.
663 1401 774 1440 supra

117 1446 155 1495 I,
175 1446 243 1488 34.
272 1447 329 1493 ΙΙ,
353 1446 419 1487 47.

175 1525 339 1581 δεύτερα
378 1526 453 1581 τήν
497 1531 668 1582 γυναῖκα
696 1527 772 1568 ἔκ-

118 1585 216 1637 πέμ
228 1602 256 1625 π
268 1601 284 1626 ε
296 1602 309 1625 ι
321 1585 369 1636 ν]
385 1582 548 1638 δεύτερα
561 1587 693 1623 dietum
704 1598 772 1635 pro

122 1639 286 1695 δεύτερα
319 1642 393 1691 δὲ,·
431 1656 538 1692 quam
562 1642 773 1693 particulam

122 1700 160 1736 in
178 1699 246 1737 hac
268 1699 423 1737 dictione
434 1699 645 1750 plerumque
658 1698 774 1735 omitti

122 1759 247 1793 monet
273 1754 459 1792 VVerferus
494 1757 530 1792 in
561 1756 654 1792 Actt.
676 1754 774 1805 phill.

122 1811 288 1848 Monacc.
322 1811 339 1847 I
367 1824 453 1861 pag.
474 1812 554 1853 253
583 1824 660 1859 seq.
691 1823 776 1860 per-

123 1867 241 1905 multis
282 1867 451 1916 exemplis
489 1867 686 1915 congestis.
720 1887 775 1893 —

124 1921 339 1974 ἐκπέμπειν
366 1923 531 1972 inprimis
556 1924 602 1960 de
621 1923 699 1958 viro
720 1922 777 1957 di·-

125 1980 179 2027 ci,
231 1979 292 2028 qui
329 1979 518 2016 discidium
558 1977 777 2015 matrimonii

126 2036 244 2082 ineat,
273 2048 384 2072 uxore
404 2036 555 2072 aedibus
576 2034 700 2080 eiecta,
731 2028 775 2071 οἷ-

123 2091 328 2130 πολείπειν
341 2093 387 2129 de
402 2104 513 2129 uxore
526 2119 536 2138 ,
564 2103 586 2126 a
605 2090 680 2125 viro
700 2090 776 2125 dis-

125 2148 298 2194 cedente,
343 2147 505 2196 pluribus
544 2146 776 2196 exposuimus

124 2204 162 2240 in
190 2207 281 2241 nott.
312 2204 360 2239 ad
390 2202 570 2239 Plutarch.
598 2201 776 2239 Alcibiad.

125 2272 211 2311 pag.
238 2260 318 2300 103
328 2280 384 2286 -—
398 2259 489 2300 105.

181 2332 323 2370 τοῦτον
363 2325 637 2379 ἀπείπασθαι]
685 2328 710 2365 i.
740 2340 772 2365 e.

128 2386 218 2425 Inmc
242 2387 363 2437 filium
403 2386 586 2433 abdicare,
625 2399 654 2422 s.
685 2384 780 2421 hunc

128 2444 238 2480 filium
255 2455 329 2481 non
357 2455 556 2491 agnoscere
579 2440 779 2491 legitimum

129 2511 286 2548 vereque
307 2512 422 2536 suum.
481 2499 523 2535 In
543 2511 647 2548 seqq.
673 2496 778 2534 facile

131 2554 324 2603 cogitando
355 2554 443 2591 addi
471 2559 535 2591 aut
565 2567 585 2591 e
612 2556 780 2590 contextu

130 2609 292 2660 suppleri
312 2611 446 2660 poterit
465 2609 643 2661 λέγουσι,
667 2607 781 2658 φασὶ,

130 2666 188 2703 vel
208 2665 322 2703 simile
338 2667 436 2714 quid.
494 2666 576 2704 Nec
591 2666 708 2714 magis
724 2677 783 2702 re-

132 2721 265 2759 morari
296 2721 407 2759 debet
439 2721 632 2772 abruptum
665 2722 695 2758 si
725 2720 781 2758 cui

132 2778 312 2815 videbitur
333 2777 477 2815 dicendi
499 2791 627 2826 genuS.

190 2843 472 2896 στασιαζόντων
492 2850 570 2889 τῶν
593 2841 781 2903 παράλιον

838 881 906 922 καὶ
940 884 1018 921 τῶν
1044 880 1086 921 ἐκ
1114 883 1188 921 τοῦ
1208 881 1349 921 πεδίου
1373 875 1488 930 Ἀθη-

838 939 965 978 ναίων
993 954 1028 977 κ.
1058 953 1090 976 τ.
1122 941 1179 984 λ.]
1239 938 1488 976 Memorantur

836 1001 911 1033 tres
928 996 1126 1043 sactiones,
1162 995 1290 1043 quibus
1311 992 1490 1030 Pisistrati

839 1055 958 1089 aetate
981 1051 1099 1088 Attica
1124 1052 1231 1088 fuerit
1251 1051 1387 1096 divisa,
1417 1049 1490 1085 Pa-

837 1108 902 1145 rali
919 1136 930 1154 ‚
971 1107 1143 1154 Pediaei‚
1190 1107 1336 1144 Diacrii.
1403 1105 1489 1142 Vid.

837 1168 997 1202 veterum
1037 1164 1251 1213 scriptorum
1282 1161 1491 1200 testimonia

839 1221 937 1270 apud
986 1219 1187 1257 Meursium
1235 1220 1273 1256 in
1310 1219 1489 1255 Pisistrat.

839 1290 917 1326 cap.
944 1276 1018 1323 III,
1059 1289 1101 1313 ac
1131 1277 1358 1326 potissimum
1396 1274 1490 1311 Plut.

841 1333 966 1368 Solon.
987 1346 1042 1381 cp.
1068 1333 1130 1372 13.
1156 1335 1206 1373 19
1227 1345 1312 1381 pag.
1335 1330 1400 1372 85.
1425 1329 1490 1372 94.

840 1388 960 1424 Schol.
991 1387 1176 1436 Aristoph.
1214 1388 1327 1436 Vesp.
1370 1387 1490 1427 1218.

842 1444 915 1487 Qui
936 1443 1174 1481 enimDiacrii
1196 1443 1240 1480 ab
1261 1443 1339 1479 aliis
1359 1454 1492 1479 vocan-

839 1504 917 1546 tur,
947 1500 1137 1536 Herodoto
1154 1504 1236 1536 sunt
1257 1498 1492 1550 Hyperacrii3

841 1556 877 1593 hi
898 1556 1069 1593 favebant
1090 1555 1225 1593 liberae
1251 1556 1302 1593 rei
1324 1555 1493 1606 publicae

842 1613 968 1661 generi
996 1626 1025 1649 s,
1053 1612 1315 1658 democratiae‚
1345 1610 1493 1649 Pediaei

842 1669 1068 1718 optimatium
1081 1668 1260 1717 regimini,
1271 1667 1391 1704 Parali
1401 1667 1492 1704 mix-

844 1729 920 1762 tum
942 1726 1127 1773 quoddam
1153 1725 1206 1761 rei
1231 1725 1394 1775 publicae
1427 1736 1494 1772 ge-

844 1795 912 1817 nus
953 1782 1208 1830 sequebantur.
1274 1780 1324 1817 Et
1361 1780 1493 1817 mirum

845 1841 925 1882 est,
958 1841 1183 1887 quantopere
1215 1836 1284 1873 hae
1318 1836 1493 1873 factiones

845 1893 1060 1930 conveniant
1099 1905 1177 1928 cum
1197 1892 1355 1940 ‘antiqua
1380 1891 1495 1927 tribu-

844 1961 903 1983 um
953 1948 1129 1984 divisione
1175 1951 1295 1984 terrae
1341 1945 1493 1983 Atticae.

844 2003 1013 2051 Namque
1033 2007 1180 2039 auctore
1200 2002 1346 2040 Polluce
1376 2002 1493 2049 (VIII,

845 2062 870 2100 9
900 2057 936 2109 ἓ
961 2061 1052 2099 109.
1075 2059 1183 2107 110)
1231 2059 1298 2095 sub
1327 2058 1494 2108 Cecrope

845 2128 933 2163 rege
953 2119 1107 2164 quatuor
1127 2116 1227 2152 fuere
1247 2116 1369 2164 φῦλαι
1389 2128 1417 2150 s,
1430 2115 1495 2150 tri-

845 2171 931 2207 bus:
991 2169 1210 2222 Κεκροπὶς,
1267 2165 1493 2220 αὐτόχθων,

846 2223 991 2265 α’κταία
1005 2258 1014 2274 ,
1044 2228 1240 2278 παραλία,
1259 2227 1326 2264 sub
1348 2227 1493 2263 Cranao

847 2283 971 2320 itidem
999 2287 1155 2332 quatuor
1177 2283 1381 2320 nominibus
1415 2295 1496 2319 mu-

846 2339 952 2376 tatis:
984 2339 1185 2391 Κραναῒς,
1217 2335 1354 2386 ἄτθὶς,
1382 2349 1493 2389 μεσο-

846 2395 960 2447 γαία,
1000 2395 1165 2446 διακρίς.
1232 2395 1307 2433 Iam
1360 2395 1494 2432 tribum

846 2451 1043 2503 παραλίαν
1066 2455 1102 2489 et
1134 2452 1317 2504 διακρίδα
1344 2452 1493 2489 easdem

847 2509 1016 2557 regiones
1049 2507 1235 2556 tenuisse,
1272 2520 1362 2557 quas
1389 2510 1494 2558 post-

848 2564 958 2601 modo
978 2563 1099 2601 Parali
1117 2568 1226 2613 atque
1249 2563 1406 2610 Diacrii,
1435 2563 1495 2600 vix

850 2621 996 2657 dubium
1005 2634 1015 2666 3
1025 2621 1181 2669 itemque
1191 2619 1403 2672 μεσογαίαν
1414 2632 1494 2657 eam

849 2677 979 2724 fuisse,
1014 2676 1076 2713 ubi
1120 2681 1250 2726 postea
1299 2676 1495 2713 habitarint

849 2733 1019 2777 Pediaei3
1050 2732 1187 2782 quippe
1203 2745 1355 2781 quorum
1376 2736 1493 2769 terras

848 2789 942 2826 arvis
957 2801 997 2825 ac
1006 2789 1150 2838 pascuis
1160 2788 1370 2838 conspicuas
1381 2788 1494 2824 fuisse

849 2848 997 2882 narrant
1017 2844 1151 2882 Suidas
1168 2848 1277 2896 atque
1287 2843 1493 2895 Harpocra-
