1877 3223
466 237 549 281 130

858 234 1321 276 HERODOTI

467 365 520 392 τα
555 347 602 393 δὲ
636 345 738 392 τάδε
777 343 1210 404 χρηστηριαζόμενος,
1262 345 1300 388 εἴ
1333 345 1377 388 οἱ
1423 344 1774 401 πολυχρόνιοςΒο

438 429 586 472 Noton
604 426 632 483 ἡ
660 428 922 483 μουναρχίη.
952 425 979 482 ἡ
1010 425 1056 470 δὲ
1086 426 1234 481 Πυθίη
1262 425 1304 467 οἱ
1330 427 1410 481 χρᾷ
1437 424 1557 468 τάδε·

539 504 622 543 Ἀλλ’
643 502 697 542 ὅτ’
713 502 760 542 ἄν
777 504 929 551 ἡμίονος
947 505 1116 550 βασιλεύς
1134 504 1299 549 Maejffozat
1318 502 1478 548 γένηται,

545 565 606 600 καὶ
624 562 726 606 τότε,
751 562 848 601 Λυδὲ
869 561 1050 611 ποδαβρὲ,
1072 560 1322 608 πολυψήφιδα
1343 558 1426 606 παρ’
1443 557 1581 606 ΓΈρμον

410 745 608 792 haeusero,
647 746 707 795 qui
739 747 776 784 in
813 747 1058 787 Schellershe-

409 802 528 839 miano
547 801 637 838 libro
666 802 802 851 aliquid
821 809 905 842 ante
930 807 1000 845 τοῦ
1019 818 1058 842 e—

410 870 531 896 rasum
574 858 782 906 invenerat,
837 862 937 910 quod
983 857 1059 912 τήν

410 915 525 952 fuisse
540 915 732 965 suspiceris
749 915 842 952 licet.

470 969 508 1009 εἷ’
537 969 578 1010 οἱ
608 966 865 1022 πολυχρόνιος
892 969 1058 1021 ἔσται]

411 1027 487 1065 Ubi
542 1027 778 1064 deliberatixo
837 1028 1061 1065 coniunctivo

412 1082 526 1132 (conf.
549 1082 588 1130 Ι,
606 1085 672 1124 46.
685 1084 739 1125 53
753 1083 838 1133 ibiq.
861 1085 972 1132 nott.)
986 1096 1062 1120 non

411 1151 503 1189 opus
534 1139 604 1186 sit,
651 1140 881 1177 indicativum
911 1139 1063 1191 reperiri

411 1195 518 1232 docet
556 1194 712 1233 VVerser.
756 1197 794 1233 in
832 1196 927 1233 Actt.
964 1195 1062 1246 phill.

409 1249 575 1288 Monaee.
597 1250 614 1288 Ι
631 1264 667 1301 p.
681 1253 763 1293 232
776 1281 787 1300 ,
815 1252 976 1290 hocloco
996 1264 1063 1302 ap-

410 1307 543 1358 posito.
601 1306 659 1345 De
688 1320 762 1357 quo
805 1307 871 1346 Cr.
908 1308 1063 1346 conferri

410 1363 510 1400 iubet
538 1362 739 1400 Hermann.
781 1365 830 1401 ad
860 1364 984 1413 Viger.
1014 1364 1062 1401 de

411 1418 582 1456 idiotism.
604 1432 640 1468 p.
665 1421 759 1460 947.

467 1471 497 1524 ἦ
531 1471 573 1512 δὲ
601 1474 744 1525 Πυθίη
775 1473 816 1514 οἵ
842 1476 916 1528 χρςῖ
943 1470 1060 1521 τάδε]

411 1529 631 1578 „Graculum
649 1530 760 1568 hocce
779 1532 976 1569 retulerunt
986 1531 1060 1568 Dio

412 1587 660 1634 Chrysostom.
700 1587 788 1624 XIII
835 1601 871 1638 p.
905 1591 986 1629 220
1025 1591 1062 1624 et

411 1641 531 1678 Schol.
564 1641 705 1680 Platon.
749 1656 834 1693 pag.
877 1645 955 1684 188
1005 1644 1062 1681 ed.

411 1696 586 1735 Ruhnk.“
618 1697 681 1735 Cr.
738 1698 922 1736 Invenitur
954 1700 1063 1737 etiam

412 1752 449 1789 in
492 1752 647 1790 Diodori
693 1752 879 1805 Excerptt.
924 1753 961 1805 ἓ.
1008 1757 1062 1797 29

412 1808 520 1845 Tom.
545 1809 580 1846 II
611 1822 647 1859 p.
669 1808 723 1850 25
754 1812 855 1858 (nov.
878 1812 1062 1862 scriptorr.

412 1863 570 1911 collect.)
601 1865 657 1902 ed.
680 1864 768 1902 Mai.
790 1887 846 1894 ——-

465 1919 508 1956 In
529 1920 647 1971 primo
665 1922 840 1959 versiculo
859 1934 938 1960 cum
953 1921 1064 1959 Gais-

411 1975 528 2013 sordio
548 1976 713 2014 dedimus
743 1973 805 2017 ’ὅτ’
835 1973 861 2016 δι’
874 1992 896 2016 ν
913 1999 970 2006 -——-
987 1976 1064 2029 γε’-

411 2046 529 2082 νηται
568 2032 740 2082 (quamlo
772 2055 828 2061 -—
857 2036 1064 2085 progenitus

404 2087 554 2138 suerit),
583 2089 644 2125 ubi
662 2089 756 2127 male
772 2102 864 2126 unus
882 2090 973 2128 liber
989 2090 1062 2141 γί-

411 2159 536 2195 νηται.
555 2143 615 2181 Ad
632 2140 686 2184 ὅτ’
710 2141 762 2185 ὂὶν
777 2146 849 2183 vid.
871 2145 1061 2186 Thiersch.

413 2200 556 2237 Griech.
577 2201 774 2239 Grammat.
798 2201 930 2252 §.322
942 2215 995 2238 nr.
1010 2204 1063 2243 10

411 2268 497 2306 pag·
517 2258 609 2298 616.
667 2257 709 2294 In
735 2258 848 2296 altero
867 2271 974 2295 versu
987 2257 1062 2295 val-

411 2312 459 2349 de
484 2312 588 2349 nobis
623 2314 758 2353 arridet
783 2313 938 2351 Porsoni
965 2312 1062 2362 (Ad-

411 2380 524 2405 verss.
554 2381 590 2418 p.
618 2370 731 2420 311)
765 2370 968 2408 emendatio
1010 2365 1061 2420 δή

411 2418 494 2463 τότε
517 2436 584 2475 pro
621 2425 688 2464 καὶ
716 2421 799 2466 τότε
832 2426 1060 2476 reponentis;

411 2491 522 2528 quam
549 2483 670 2518 tamen
700 2482 819 2520 invitis
849 2481 947 2519 libris
972 2481 1061 2519 scri-

410 2536 482 2585 ptis
518 2548 560 2573 ac
601 2538 876 2588 reprobantibus
925 2536 1060 2574 Rufino

411 2591 531 2637 (cuius
573 2591 688 2631 locum
739 2593 858 2632 attulit
899 2592 966 2630 Cr.
1011 2593 1060 2631 de

410 2645 518 2684 Metr.
547 2647 682 2687 Comic.
703 2651 728 2687 f.
758 2648 916 2697 CXLV,
939 2649 962 2686 b
997 2649 1056 2687 ed.

410 2701 525 2740 Paris.
561 2704 640 2742 coll.
674 2706 776 2744 Bast.
814 2706 1055 2743 commentat.

409 2758 666 2811 palaeograph.
705 2763 752 2799 ad
791 2762 946 2811 Gregor.
982 2761 1057 2798 Co-

409 2813 514 2850 rinth.
557 2829 593 2865 p.
623 2818 734 2865 826)
783 2823 819 2856 et
853 2817 1056 2855 Scholiasta

410 2869 594 2910 Platonico
621 2885 798 2925 reponere
828 2886 901 2912 non
930 2886 1053 2912 sumus

1125 747 1214 785 ausi.
1291 746 1368 785 Sed
1409 746 1618 797 scripsimus
1651 745 1777 783 πολυ-

1124 799 1292 854 ψήφιδα
1312 816 1391 840 cum
1413 807 1562 840 recentt.
1583 801 1697 848 editt„
1717 800 1778 837 ubi

1125 859 1233 908 vulgo
1263 859 1530 909 πολυψηφῖὸα
1569 862 1631 895 aut
1656 859 1776 896 πολυ-

1126 915 1310 964 ψηφίδα,
1359 916 1459 965 quod
1496 916 1592 952 idem
1628 913 1780 964 praebet

1128 971 1314 1008 Diodorus
1338 970 1360 1007 l.
1384 971 1406 1007 l.
1446 970 1666 1017 „Invenitur
1691 969 1780 1005 haec

1130 1026 1286 1064 clausula
1308 1027 1343 1062 in
1365 1025 1495 1063 Athen.
1518 1025 1604 1063 XIV
1632 1039 1667 1075 p.
1685 1026 1777 1066 630.

1129 1082 1264 1120 Euseb.
1296 1082 1468 1132 Praepar.
1499 1081 1639 1129 Evang.
1662 1080 1708 1128 V,
1726 1083 1782 1122 24

1130 1140 1167 1175 in
1201 1138 1342 1175 Platon.
1371 1138 1428 1175 Re
1456 1137 1555 1188 publ.
1590 1136 1698 1184 VIII,
1730 1138 1781 1177 16

1129 1209 1166 1247 p.
1188 1195 1282 1236 566.
1342 1193 1460 1231 Aliam
1483 1208 1503 1232 e
1523 1193 1711 1230 Prisciano
1731 1191 1784 1229 le-

1130 1251 1257 1289 ctionis
1285 1251 1496 1288 varietatem
1523 1249 1668 1287 exhibet
1692 1247 1783 1284 Lin-

1130 1309 1300 1345 demann.
1341 1307 1378 1343 in
1419 1306 1536 1357 Epist.
1581 1304 1782 1356 praemissa

1129 1363 1304 1400 Prisciani
1335 1363 1433 1412 Opp.
1461 1362 1605 1398 minorr.
1645 1359 1780 1408 (Leid.

1133 1421 1259 1466 1818)
1290 1432 1375 1469 pag.
1398 1418 1497 1454 XXI.
1521 1439 1577 1445 ——-
1593 1416 1664 1454 Pro
1683 1413 1783 1467 μηδὲ

1131 1475 1167 1511 ἰη
1191 1475 1297 1512 tertio
1318 1487 1423 1511 versu
1451 1478 1568 1511 exstat
1593 1474 1700 1511 etiam
1726 1468 1781 1524 μή

1131 1529 1196 1579 ὁὲ,
1227 1532 1274 1568 de
1293 1543 1364 1580 quo
1381 1531 1481 1566 Bast.
1506 1531 1528 1568 l.
1550 1530 1601 1567 l.“
1633 1529 1697 1566 Cr.

1186 1585 1355 1637 ἡμίονος
1388 1582 1570 1636 βασιλεὺς
1596 1580 1782 1636 Μήδοισι

1130 1641 1312 1696 γένηται]
1347 1642 1430 1686 Quo
1451 1655 1561 1680 sensu
1581 1642 1699 1690 Cyrus
1726 1642 1783 1677 di-

1134 1705 1232 1737 catur
1254 1698 1422 1749 ήμίονος
1446 1713 1474 1735 s,
1493 1698 1628 1744 malm,
1660 1696 1782 1734 decla-

1131 1760 1229 1793 ratur
1248 1756 1342 1791 infra
1360 1754 1396 1801 I,
1418 1757 1470 1795 91
1484 1782 1495 1800 ‚
1516 1754 1576 1790 ubi
1592 1754 1664 1790 vid.
1702 1752 1784 1790 Alia

1130 1813 1179 1848 ad
1195 1812 1230 1847 h.
1254 1811 1275 1847 l.
1297 1810 1459 1847 Platonis
1481 1810 1643 1860 disputat
1668 1808 1784 1846 Scho-

1129 1868 1254 1913 liasta,
1286 1879 1379 1915 quae
1397 1865 1517 1903 malim
1539 1866 1636 1916 apud
1664 1865 1783 1915 ipsum

1130 1923 1216 1971 legi.
1248 1922 1402 1970 „Simile
1423 1922 1610 1971 quoddam
1629 1922 1664 1958 in
1689 1920 1782 1959 Ara-

1131 1980 1218 2016 bum
1264 1979 1415 2026 fabulis,
1469 1979 1601 2028 quibus
1647 1989 1782 2016 nomen

1136 2034 1300 2072 Tauseml
1328 2034 1401 2071 und
1428 2036 1500 2072 eine
1524 2033 1668 2082 Nackt,
1697 2046 1781 2071 nar-

1129 2095 1229 2128 ratur
1248 2092 1294 2128 de
1316 2091 1450 2137 Hind.‚
1478 2103 1573 2140 quae
1599 2089 1780 2128 Naamani

1130 2151 1187 2184 est
1205 2146 1295 2193 filia,
1325 2146 1586 2192 Hedschacho‚
1603 2144 1779 2194 Mesopo-

1130 2202 1259 2239 tamiae
1283 2203 1469 2251 praefecto
1499 2205 1624 2251 nupta.
1681 2201 1780 2238 Nam

1130 2257 1301 2293 misellum
1332 2270 1374 2293 ex
1399 2270 1433 2294 se
1461 2257 1592 2294 mulum
1617 2269 1781 2307 procrea-

1128 2315 1271 2350 tamiri
1299 2314 1548 2362 conqueritur3
1577 2326 1650 2363 quo
1683 2313 1781 2350 dicto

1128 2370 1210 2420 ipsa
1243 2370 1408 2406 maritum
1438 2383 1540 2407 suum
1567 2383 1647 2407 clun
1678 2369 1781 2406 asino

1128 2430 1411 2475 comparaverat.
1452 2426 1563 2463 Unde
1584 2426 1615 2462 is
1636 2438 1715 2463 cum
1735 2437 1780 2463 eo

1127 2482 1292 2531 protinus
1321 2482 1514 2519 divortium
1540 2482 1635 2519 facit.
1694 2481 1778 2519 Vid.

1129 2537 1165 2574 T
1167 2539 1304 2575 ausend
1334 2551 1369 2574 u.
1397 2551 1428 2576 e.
1451 2537 1572 2575 Nacht
1601 2550 1672 2575 von
1699 2537 1777 2575 Jos.

1126 2605 1158 2630 v.
1178 2593 1355 2631 Hammer
1375 2593 1409 2631 Π
1426 2607 1463 2644 p.
1488 2595 1611 2636 167.“
1645 2592 1710 2631 Cr.

1180 2647 1292 2689 Λυδὲ
1333 2647 1530 2702 ποδαβρὲ]
1574 2645 1779 2702 ποδαβρός

1124 2705 1277 2754 dicitur,
1308 2707 1368 2756 qui
1394 2707 1550 2757 pedibus
1577 2710 1634 2744 est
1660 2710 1776 2753 tener,

1123 2762 1262 2808 mollis3
1280 2775 1362 2800 mox
1378 2776 1463 2801 vero
1485 2763 1532 2801 de
1551 2763 1675 2812 quavis
1686 2760 1776 2799 mol-

1122 2817 1196 2856 litie
1218 2825 1253 2855 et
1273 2818 1409 2856 luxuria
1428 2819 1577 2866 dicitur;
1605 2819 1677 2868 qua
1695 2816 1775 2867 ipsa

1121 2873 1247 2924 Lydos
1278 2875 1371 2914 male
1407 2879 1514 2915 notos
1544 2874 1656 2914 fuisse
1687 2885 1773 2912 con-
