1909 3228
484 209 568 250 752
885 208 1355 248 HERODOT1

152 327 429 388 ξίνέιιὲῗᾈῖἣιᾶὲιῑᾙ
485 317 551 361 λέϊ
576 315 779 372 γενέσθαι
809 314 1004 372 ἀργύρου
1034 317 1190 372 μέγαν,
1220 317 1298 361 τὸν
1328 316 1486 363 οὐδένα
1506 323 1595 363 τῶν
1615 318 1740 363 ὕστε-

152 394 324 422 condendae
339 403 428 431 pecu-

152 429 231 456 niae.

453 480 614 524 ὅσθαι,
646 472 746 517 οὐδ’
784 474 909 530 ἐγγύς
933 474 1088 518 ἐλθεῖν.

486 413 566 451 ρον
605 394 932 451 ἐπιτραφέντων
976 396 1191 452 βασιλέων
1239 395 1460 440 δύνασθαι
1500 397 1741 455 ὑπερβαλέ-

1147 473 1421 530 βουλόμενον
1453 475 1498 519 δὲ
1531 475 1664 520 αὐτὸν
1695 478 1741 520 ἐν

483 553 703 609 ἅσφαληΐῃ
732 553 784 596 τὰ
824 553 1019 609 χρήματα
1056 555 1360 610 θησαυρίζειν,
1410 553 1742 610 οἰκοδομέεσθαι

484 634 642 688 οἴκημα
672 634 868 675 λίθινον·
898 636 977 675 τοῦ
1006 636 1094 675 τῶν
1118 634 1275 688 τοίχων
1306 633 1382 676 ἕνα
1409 633 1451 684 ἐς
1481 636 1530 677 τὸ
1561 634 1638 686 ἔξω
1668 635 1741 689 μέ-

451 720 559 766 6ρος
587 715 661 767 τῆς
689 712 826 767 οἰκίης
856 711 976 767 ἔχειν.
1021 711 1100 754 τὸν
1141 712 1186 754 δὲ
1215 711 1520 768 ἐργαζόμενον,
1560 713 1738 769 ἐπιβου-

481 789 690 842 λεύοντα,
720 789 820 833 τάδε
851 794 1146 847 μηχανᾶσθαι“
1185 795 1274 834 τῶν
1302 793 1439 835 λίθων
1465 793 1797 848 παρασκευά-4Ο

479 874 640 912 σασθαι
678 869 754 912 ἕνα
791 869 1007 924 ἐξαιρετὸν
1047 869 1159 914 εἶναι
1198 870 1244 913 ἐκ
1274 874 1355 914 τοῦ
1384 872 1531 927 τοίχου
1563 873 1739 928 ῥηϊδίως

450 955 471 989 7
541 948 550 964 ἱ
600 946 611 962 θ
662 948 671 962 ἱ
748 948 757 961 Ι
836 949 846 963 ²
947 952 964 961 ’ν
1079 950 1088 965 l
1140 948 1151 962 P
1201 949 1210 962 Ἰ
1251 948 1262 963 Γ
1307 947 1316 961 7
1415 949 1426 962 θ
1509 951 1519 964 ἱ
1559 951 1570 965 Ί
1705 952 1715 966 1

483 964 555 992 και
584 964 670 992 υπο
703 950 784 993 δυο
818 951 992 1004 ανδρων
1021 967 1094 994 και
1123 965 1210 993 υπο
1245 965 1352 1000 ενος.
1393 967 1451 1001 ως
1481 952 1525 993 δε
1554 956 1739 995 ἐπετελέ-

479 1033 565 1083 σθη
605 1026 653 1070 τὸ
695 1030 883 1085 οἴκημα,
941 1029 1018 1073 τὸν
1054 1030 1132 1085 μὲν
1168 1028 1347 1085 βασιλέα
1379 1032 1648 1084 θησαυρίσαι
1685 1030 1738 1073 τοὶ

450 1106 677 1162 ὃχρήματα
707 1106 753 1150 ἐν
784 1107 914 1165 αὐτῷ.
945 1106 1106 1164 χρόνον
1137 1107 1181 1151 δὲ
1212 1105 1478 1161 περιϊόντος,
1511 1109 1589 1151 τὸν
1619 1111 1738 1152 οἰκο-

479 1185 637 1241 δόμον,
688 1187 786 1242 περὶ
815 1187 1017 1242 τελευτὴν
1044 1190 1125 1230 τοῦ
1155 1188 1256 1242 βίον
1286 1186 1435 1239 ἐόντα,
1475 1185 1795 1231 ἀνακαλέσα-45

448 1270 585 1308 9σθαι
614 1264 717 1316 τοὺς
746 1268 928 1317 παῖδας·
961 1263 1089 1316 (εἶναι
1121 1265 1204 1321 γάρ
1236 1263 1354 1323 αὐτῷ
1386 1265 1512 1321 δύο·)
1542 1265 1738 1310 τούτοισι

478 1344 524 1388 δὲ
553 1343 883 1401 ἀπηγήσασθαι,
932 1344 989 1396 ὥς
1020 1345 1195 1389 ἐκείνων
1237 1344 1466 1401 προορέων
1496 1344 1608 1398 ὅκως
1638 1347 1739 1403 βίον

477 1558 623 1602 ου’δένα
652 1565 731 1602 τῶν
762 1559 930 1615 ’ὕστερον
968 1561 1071 1602 ἐπι-

418 1618 721 1670 τραφέντων
752 1618 959 1671 βασιλέων]
983 1619 1068 1656 Noli

417 1676 537 1712 invitis
567 1675 664 1712 libris
693 1677 887 1714 emendare
918 1675 1071 1726 ἐπιτρα-

420 1730 610 1780 φθέντων
638 1746 685 1769 sc.
703 1730 776 1782 τήν
796 1727 925 1783 α’ρχήν
940 1763 950 1779 ,
980 1736 1019 1768 ut
1042 1732 1069 1777 I,

417 1791 468 1835 7,
499 1788 558 1825 ubi
582 1788 653 1824 vid.
685 1793 760 1825 not.
804 1789 900 1825 Nam
918 1787 1070 1837 ἐπιτρα-

419 1842 575 1893 φέντων
618 1844 666 1891 (a
694 1845 805 1882 verbo
847 1842 1070 1896 ἐπιτρέψω)

418 1901 514 1938 idem
534 1901 609 1937 fere
634 1904 690 1937 est
716 1905 826 1949 atque
845 1898 1071 1952 ἐπιγενομέ-

417 1971 500 1996 νων
519 1957 541 1993 i.
559 1970 592 1994 e.
610 1961 732 2007 postea
747 1961 908 1994 natorum
921 1986 932 2004 ,
953 1969 1070 1993 succe-

416 2013 581 2050 dentium.
612 2013 771 2051 Verbum
788 2012 1070 2065 ἐπιτρέφεσθαι

417 2083 527 2119 supra
562 2069 635 2106 iam
667 2070 867 2107 invenimus
906 2070 944 2118 Ι,
975 2071 1067 2111 123.

415 2125 511 2163 Add.
536 2125 598 2171 IV,
618 2127 655 2166 3.
668 2148 723 2153 -—
742 2126 830 2162 Mox
852 2128 899 2163 ad
919 2126 1068 2163 verbum

415 2183 674 2232 θησαυρίζειν
699 2184 822 2220 confer
858 2184 905 2219 ad
932 2183 986 2230 11,
1014 2184 1067 2223 86

416 2240 620 2288 disputata3
668 2237 972 2288 οἰκοδομέεσθαι
1011 2242 1068 2276 est

415 2295 674 2345 aedificandum
694 2308 838 2343 curare,
874 2300 915 2333 ut
942 2298 1067 2334 ποιεῖ-

416 2357 515 2390 σθαι
539 2364 648 2402 supra
668 2351 720 2399 ll,
743 2355 833 2393 100,

468 2410 541 2447 τοῦ
567 2410 647 2446 τῶν
676 2408 817 2459 τοίχων
858 2406 926 2447 ἕνα
955 2406 994 2453 ἐς
1024 2403 1066 2446 τὸ

413 2463 486 2512 ἔξω
510 2462 626 2515 μέρος
651 2466 722 2514 τῆς
749 2464 877 2514 οἰκίης
896 2461 1010 2514 ἔχειν]
1040 2464 1062 2500 i.

413 2534 445 2558 e.
470 2523 606 2568 „cuius
625 2521 819 2570 (aedificii)
846 2533 950 2571 quum
974 2533 1064 2557 unus

408 2579 529 2626 paries
553 2581 744 2614 extrorsum
770 2578 979 2628 spectaret.“
1010 2577 1065 2612 lta

416 2634 801 2682 Schweighaeuserus·,
825 2634 885 2671 ubi
905 2633 1066 2682 neglexit

417 2691 527 2726 verba
556 2692 626 2740 τῆς
649 2690 797 2740 οἰκίης,
828 2703 921 2740 quae
940 2690 986 2726 ad
1006 2703 1064 2726 re-

417 2745 473 2791 gis
500 2746 629 2795 opinor
656 2747 826 2797 palatium
866 2747 1063 2797 pertinent,

417 2801 477 2837 ubi
504 2806 682 2840 exstructa
710 2803 778 2840 fuit
815 2803 884 2841 ista
913 2815 1064 2841 camera.

1138 1563 1338 1601 Larcherus
1357 1565 1494 1601 reddit:
1525 1564 1641 1613 „dont
1659 1577 1704 1601 un
1734 1563 1792 1600 des

1139 1632 1232 1656 murs
1263 1622 1347 1657 e'toit
1373 1621 1450 1657 leors
1475 1620 1515 1658 tle
1543 1621 1718 1658 l'encez'nte
1742 1620 1791 1657 ιῖιι

1132 1676 1302 1725 palaz's‚·“
1332 1677 1377 1713 ad
1398 1691 1543 1714 sensnm
1563 1677 1659 1713 haud
1683 1677 1789 1715 male.

1138 1733 1334 1769 Recentior
1365 1734 1491 1770 Gallus
1522 1734 1724 1783 interpres,
1753 1735 1791 1770 in

1139 1788 1218 1824 aliis
1259 1790 1484 1836 accuratior,
1534 1789 1630 1826 hunc
1673 1789 1791 1826 locum

1138 1857 1284 1893 prorsus
1314 1845 1483 1893 neglexit.
1550 1846 1633 1889 Quo
1663 1845 1790 1883 melius

1138 1900 1248 1937 Italus
1288 1901 1377 1938 haec
1414 1902 1669 1951 interpretatus
1714 1906 1789 1940 est:

1138 1977 1219 2004 „—
1234 1956 1287 2006 fe’
1313 1957 1476 2008 eclvflcare
1503 1971 1575 1994 una
1598 1971 1732 1995 camera
1752 1957 1792 1995 di

1132 2015 1271 2063 pietro,
1295 2013 1389 2051 della
1414 2013 1516 2064 quale
1538 2028 1606 2051 uno
1624 2014 1675 2051 de'
1698 2017 1791 2052 muri

1133 2069 1287 2119 riferiva
1305 2070 1381 2108 alla
1403 2075 1512 2120 parta
1540 2074 1673 2108 esterna
1697 2071 1789 2108 della

1135 2128 1259 2164 casa.“
1286 2146 1343 2154 —-·
1374 2126 1474 2177 ἔχειν
1504 2126 1559 2173 εἴς
1586 2142 1623 2165 τι
1650 2127 1788 2165 inveni-

1134 2196 1213 2220 mus
1255 2183 1290 2230 I,
1322 2185 1411 2223 180.
1453 2185 1554 2231 191,
1597 2184 1660 2220 ubi
1693 2184 1787 2229 vid.;

1134 2236 1200 2278 τὸν
1232 2236 1274 2277 δὲ
1308 2234 1570 2290 ἐργαζόμενον
1609 2240 1646 2276 in
1683 2253 1786 2289 seqq.

1134 2295 1301 2344 intelligit
1336 2296 1526 2345 opificem,
1565 2296 1620 2332 cui
1657 2309 1785 2333 munus

1134 2352 1375 2389 exstruendae
1395 2364 1559 2389 camerae
1577 2364 1698 2401 arege
1719 2353 1787 2390 fuit

1133 2409 1406 2445 demandatum.
1474 2408 1641 2446 Eundem
1677 2408 1785 2459 paulo

1132 2464 1227 2501 infra
1266 2465 1350 2501 dicit
1388 2460 1693 2515 οἰκοδόμον,
1723 2478 1785 2502 ar-

1132 2521 1337 2564 chitectum3
1384 2521 1560 2557 vocabulo
1592 2522 1708 2571 probo
1748 2526 1785 2559 et

1131 2590 1322 2627 perperam
1366 2589 1388 2613 a
1428 2578 1680 2614 Grammaticis
1719 2578 1785 2615 da-

1130 2638 1266 2671 mnato.
1323 2633 1407 2670 vid.
1429 2634 1598 2671 Creuzer.
1625 2635 1672 2670 ad
1699 2633 1784 2670 Plo-

1131 2691 1195 2726 tin.
1215 2703 1250 2740 p.
1267 2689 1359 2736 185,
1389 2690 1451 2738 qui
1472 2703 1567 2727 nune
1587 2690 1690 2726 addit
1708 2689 1783 2727 Lo-

1131 2747 1234 2783 beck.
1258 2747 1306 2783 ad
1335 2745 1525 2795 Phrynich.
1547 2759 1584 2797 p.
1604 2745 1685 2787 487
1704 2759 1780 2795 seq.

1130 2803 1167 2839 in
1185 2807 1260 2840 not.
