1909 3228
72 999 168 1046 139
193 998 308 1041 οὕτω
341 998 434 1053 ἔχει.

576 177 997 216 EUTERPE.
1051 177 1095 214 11.

166 285 239 330 36’
283 283 390 330 αὐτὸ
435 285 611 342 αἷμασιῆ
652 286 966 342 ἐγγεγλυμμένη
1013 283 1201 328 τύποισι.

1373 178 1459 218 805

1274 284 1363 328 ἔστι
1409 285 1455 329 δὲ

194 365 359 409 ἔσωθεν
398 365 527 416 ἄλσος
576 366 793 420 δενδρέων
841 368 1082 422 μεγίστων,
1127 364 1512 420 πεφυτευμένον50

192 446 291 500 περὶ
320 445 429 502 νηόν
459 444 617 500 μέγαν,
650 445 696 488 ἐν
726 449 786 502 τῷ
816 445 869 501 δή
900 444 1104 499 τῶγαλμα
1135 444 1209 486 ἔνι.
1251 438 1378 498 εὖρος
1408 443 1454 487 δὲ

164 525 270 567 4καὶ
301 528 435 580 μῆκος
465 528 546 566 τοῦ
576 526 676 578 ἷροῦ
713 524 853 578 πάντη
884 524 1062 566 σταδίου
1093 522 1190 565 ἐστί.
1232 521 1341 566 κατά
1376 523 1455 578 μὲν

194 603 247 659 δὴ
286 603 365 659 τὴν
406 602 582 653 ἔσοδον,
640 601 883 658 ἐστρωμένη
932 602 1019 644 ἐστὶ
1069 599 1171 652 ὁδὸς
1218 599 1347 644 λίθου
1388 601 1456 644 ἐπὶ

191 684 394 733 σταδίους
422 689 535 738 τρεῖς
564 681 746 739 μάλιστα
775 698 852 737 κη,
883 680 954 723 διοὶ
975 685 1048 737 τῆς
1074 679 1236 737 ἀγορῆς
1256 681 1453 736 φέρουσα

192 760 236 812 ἐς
264 761 312 804 τό
344 762 454 815 πρὸς
483 762 569 818 η’ὦ·
620 758 748 815 εὖρος
787 760 856 811 δὲ,
899 756 958 810 ως
988 760 1200 813 τεσσέρων
1229 759 1456 814 πλέθρων·

191 844 246 897 τῇ
275 841 320 883 δὲ
349 841 420 883 καὶ
449 844 503 897 τῇ
532 844 607 896 τῆς
637 839 747 883 ὁδοῦ
774 838 955 892 δένδρεα
986 836 1295 894 οὐρανομήκεα
1315 839 1455 894 πέφυ-
1467 846 1512 881 55

190 933 262 962 κε·
293 919 414 974 φέρει
448 917 491 962 δ’
523 920 565 971 ές
589 918 750 974 Ἑρμέω
783 918 894 973 ἱρόν.
937 918 985 961 τό
1012 917 1091 973 μὲν
1117 917 1169 973 δὴ
1198 917 1294 971 ἱρὸν
1322 922 1454 961 τοῦτο

162 1072 280 1121 Ξῶδε
320 1077 468 1132 ἔλεγον
508 1078 726 1134 γενέσθαι.
778 1077 884 1130 ὄψιν
932 1075 979 1120 ἐν
1013 1080 1073 1132 τῷ
1116 1075 1238 1133 ὕπνῳ
1276 1075 1451 1131 τοιήνδε

500 999 630 1050 Τέλος
661 999 706 1042 δὲ
735 1003 811 1054 τῆς
841 996 1088 1053 ἀπαλλαγῆς
1130 999 1210 1040 τοῦ
1240 998 1456 1048 Αἰθίοπος

191 1156 342 1201 ἰδόντα
374 1156 531 1209 αὐτὸν,
563 1158 757 1212 οἴχεσθαι
788 1156 1028 1213 φεύγοντα·
1064 1153 1207 1199 ἐδόκεέ
1234 1155 1277 1197 οἱ
1310 1153 1450 1209 ἄνδρα

190 1235 421 1280 ἐπιστάντα
450 1236 789 1292 συμβουλεύειν,
820 1235 925 1286 τούς
957 1234 1073 1290 ἱρέας
1102 1233 1207 1285 τούς
1240 1233 1287 1276 ἐν
1315 1234 1453 1290 Λίγύ-
1466 1243 1510 1276 60

159 1323 284 1373 3πτῳ
317 1314 574 1368 συλλέξαντα
603 1314 790 1369 πάντας,
821 1316 983 1372 μέσους
1002 1313 1270 1370 διαταμέειν·
1304 1312 1456 1357 ἰδόντα

133 1536 256 1584 guitur
281 1535 375 1572 inter
402 1531 500 1584 νηός
523 1538 559 1572 et
581 1528 689 1584 ἱρόν,·
718 1534 789 1571 vid.

134 1604 243 1642 supra
264 1592 317 1638 ΙΙ,
339 1591 402 1633 64.
425 1591 515 1632 104.
540 1590 630 1631 135.

191 1647 270 1686 ἔστι
298 1645 339 1686 δὲ
365 1647 519 1686 ἔσωθεν
551 1643 671 1692 ἄλσος
702 1646 789 1684 δεν-

134 1703 259 1756 δρέων
272 1704 478 1756 μεγίστων,
489 1700 788 1752 πεφυτευμένον

133 1776 168 1801 κ.
182 1777 211 1799 τ.
227 1759 273 1809 λ.]
296 1760 416 1809 Vulgo
442 1757 668 1809 πεφντευμέ
680 1775 701 1796 ν
713 1774 741 1796 ω
751 1774 786 1807 ν,

134 1818 234 1867 quod
257 1829 277 1853 e
293 1816 506 1853 Florentino
532 1816 674 1864 alioque
695 1815 785 1851 libro

134 1879 236 1911 recte
262 1885 357 1909 nunc
386 1877 563 1909 mutatum
598 1876 663 1908 est.
719 1870 787 1907 At-

134 1943 205 1979 que
225 1929 390 1966 videntur
408 1929 607 1965 istiusmodi
628 1928 723 1963 lucos
743 1940 786 1963 ex

133 1999 234 2024 more
269 1986 413 2035 templis
445 1985 630 2021 addidisse
661 1983 785 2031 Aegy-

133 2043 224 2093 ptii3
264 2054 375 2090 quare
397 2041 509 2077 nostri
540 2041 628 2087 loci,
661 2044 699 2076 ut
718 2052 786 2076 no-

133 2103 187 2135 tat
208 2097 277 2135 Cr.
295 2098 343 2134 ad
360 2097 394 2133 h.
411 2097 447 2144 l.,
471 2097 670 2133 admonent
689 2095 783 2132 docti

134 2154 233 2192 Galli
261 2154 451 2204 (descript.
478 2154 524 2190 de
543 2153 634 2201 l'Eg.
660 2152 730 2189 vol.
752 2151 786 2188 II

134 2225 169 2262 p.
188 2212 284 2258 77),
314 2210 376 2247 ubi
403 2210 565 2247 referunt
593 2210 698 2246 etiam
726 2222 786 2245 co-

133 2269 248 2305 lossos
275 2267 380 2303 binos
410 2266 614 2303 ‘shebaicos
641 2265 788 2312 (Tama

136 2329 173 2362 et
193 2323 331 2359 Chama
348 2323 462 2359 dictos
479 2336 595 2372 prope
604 2321 789 2358 Medinat-

139 2380 238 2427 Abu)
261 2379 500 2416 circumdatos
522 2392 602 2416 esse
624 2378 701 2415 luco
720 2379 787 2414 mi-

138 2448 251 2472 mosae
268 2437 433 2484 spinosae.

196 2490 416 2542 ἐστρωμένη
440 2489 519 2530 ἐστὶ
539 2487 633 2536 ὁδός
651 2488 787 2539 λίθου]

140 2549 196 2586 De
214 2548 371 2596 genitivo
398 2548 517 2585 λίθου
537 2548 630 2583 conf.
656 2546 788 2583 Matth.

140 2617 224 2655 pag.
246 2606 326 2645 688
350 2607 386 2641 et
410 2605 457 2640 ad
479 2597 593 2650 εὖρος
610 2603 648 2638 in
671 2603 790 2652 proxi-

142 2675 199 2698 me
221 2673 321 2709 seqq.
339 2660 426 2696 ibid.
448 2673 483 2711 p.
502 2659 594 2700 794.
652 2660 791 2706 „Eius-

141 2717 237 2754 modi
261 2721 380 2753 autem
403 2716 608 2765 pavimenta
634 2716 789 2764 lapidea,

140 2773 379 2810 ambientibus
400 2773 568 2819 utrinque
591 2772 793 2819 arboribus,

142 2830 251 2867 etiam
280 2828 420 2866 Thebis
442 2857 452 2876 ,
488 2840 604 2878 prope
626 2828 792 2874 Karnak,

858 1533 896 1570 in
926 1533 1028 1570 aditu
1062 1530 1282 1581 templorum
1321 1532 1432 1569 fuisse
1457 1532 1510 1568 vi-

859 1591 1011 1636 dentur,
1055 1592 1094 1625 ut
1124 1601 1168 1625 ex
1199 1588 1362 1636 vestigiis
1399 1589 1511 1625 conii-

857 1648 957 1683 ciunt
976 1649 1141 1682 auctores
1172 1644 1313 1694 operis:
1341 1645 1510 1694 descript.

814 1708 818 1709 ⁷
857 1704 904 1740 de
925 1703 1082 1751 l'Egypt.
1107 1701 1175 1737 vol.
1195 1701 1227 1736 ΙΙ
1255 1713 1290 1749 p.
1315 1701 1417 1747 255,
1449 1701 1511 1749 qui

854 1760 964 1795 iidem
985 1758 1053 1794 hoc
1071 1758 1106 1793 in
1127 1756 1205 1793 loco
1228 1757 1418 1803 insistunt,
1451 1757 1511 1793 ubi

857 1815 970 1852 solum
1009 1813 1220 1850 Thebarum
1263 1813 1394 1849 editius
1429 1826 1509 1850 esse

854 1873 988 1908 factum
1026 1869 1187 1919 pluribus
1225 1873 1510 1906 commonstrare

855 1928 1017 1971 student,
1040 1926 1106 1962 vol.
1129 1926 1144 1961 Ι
1169 1925 1335 1973 (second.
1356 1925 1509 1973 livrais.)

852 1997 938 2036 pag.
959 1984 1053 2024 87.“
1086 1983 1151 2020 Cr.

997 2066 1028 2104 c
1040 2079 1062 2103 a
1073 2080 1110 2117 p.
1159 2063 1369 2103 cxxxix.

910 2149 1019 2196 τέλος
1060 2147 1102 2188 δὲ
1142 2151 1212 2198 τῆς
1251 2144 1505 2199 ἀπαλλαγῆς]

855 2205 962 2258 ,,τήν
992 2202 1222 2257 ἀπαλλαγήν
1256 2207 1350 2242 forte
1388 2205 1507 2242 dicere

854 2266 1033 2317 potuisset
1061 2259 1289 2313 α’παλλαγῆς
1310 2259 1439 2307 τέλος,
1468 2266 1508 2297 ut

855 2335 946 2358 mors
978 2321 1108 2358 dieitur
1154 2314 1337 2357 θανάτου
1377 2315 1508 2362 τέλος.·

856 2379 1010 2425 caedes,
1047 2371 1174 2423 φόνου
1203 2373 1351 2420 τέλος.“
1403 2373 1509 2410 Vac-

858 2448 875 2472 c
889 2434 909 2470 Ιι·
923 2447 978 2470 en.
1020 2433 1125 2476 Quae
1144 2431 1212 2468 nisi
1234 2431 1366 2480 probes
1380 2459 1390 2476 ‚
1420 2430 1507 2466 scri-

860 2491 1022 2528 bendum
1045 2490 1186 2525 videtur
1215 2486 1419 2524 Larehero:
1448 2483 1505 2524 τέ-

857 2549 924 2593 λος
942 2544 983 2585 δὲ
996 2575 1005 2592 ,
1036 2542 1110 2595 τήν
1129 2538 1372 2593 ἀπαλλαγήν.

915 2600 1058 2652 μέσους
1090 2597 1338 2649 διαταμέειν]
1391 2595 1505 2634 Addit

857 2659 1060 2703 Diodorus,
1091 2669 1170 2695 eam
1191 2669 1267 2693 rem
1289 2667 1507 2692 commemo-

857 2728 941 2751 rans
961 2715 990 2760 Ῐ,
1011 2714 1084 2754 65:
1114 2711 1180 2751 καὶ
1201 2708 1266 2750 διοέ
1288 2709 1417 2761 μέσων
1439 2704 1506 2748 av'-

858 2773 940 2809 τῶν
969 2771 1143 2809 διελθεῖν
1172 2765 1267 2819 μετὰ
1288 2766 1506 2818 θεραπείας

859 2832 891 2865 et
909 2840 970 2878 per
987 2826 1113 2863 medios
1132 2829 1238 2862 sectos
1258 2837 1335 2862 cum
1352 2823 1505 2861 admini-

1513 998 1674 1026 Sabaoonfn
1687 999 1787 1026 territi

1512 1033 1626 1059 somnio
1640 1032 1787 1060 discessus

1509 1075 1543 1094 ex
1565 1068 1711 1101 Aegypto.
