1909 3228
143 468 248 494 vicinis

143 504 262 529 natura.

467 227 552 268 5⁰2

343 336 408 380 12
464 336 608 390 ταμοῦ
645 332 720 375 καὶ
759 329 901 380 οὕτως
941 330 1173 385 ἐργατικοῦ
1186 345 1200 380 3

143 401 325 442 Arg-:monta
332 400 348 427 h
353 401 381 427 ui
386 408 419 427 un
492 408 508 426 τ

143 442 188 461 rei
216 443 251 461 ex
275 439 375 460 terrae
400 441 419 459 a

283 467 419 494 diversae

476 489 590 533 οὕτω
619 487 758 542 κάρτα
793 487 929 530 δοκέω
968 486 1102 534 εἶναι,

856 220 1325 261 HERODOTI

1261 327 1324 371 Τοὶ
1361 329 1459 383 περὶ
1496 331 1720 384 Αἴγυπτον
1732 335 1777 369 80

473 429 536 456 ων
572 411 645 454 καὶ
679 414 792 453 τοῖσι
828 409 1003 464 λέγουσι
1043 407 1152 451 αὐτοὶ
1196 408 1425 461 πείθομαι,
1481 410 1553 451 καὶ
1591 406 1722 458 αὐτὸς

1161 484 1269 530 ἰδών
1305 502 1348 528 τε
1385 486 1463 541 τήν
1501 489 1722 542 Αἴγυπτον

467 566 754 622 προκειμένην
782 570 858 622 τῆς
888 564 1089 621 ἐχομένης
1118 569 1222 621 γῆς,
1252 562 1460 620 κογχύλιά
1490 580 1534 607 τε
1564 565 1721 620 φαινό-

468 662 578 702 μενα
616 646 686 690 ἐπὶ
723 650 837 689 τοῖσι
875 644 1046 700 οὔρεσι,
1104 644 1177 688 καὶ
1217 643 1355 700 ἅλμην
1391 643 1720 694 ἐπανθέουσαν,

634 868 664 905 C
675 881 742 919 ap.
771 867 852 904 Xll.

470 951 538 991 καὶ
557 954 659 990 τοῖσι
679 949 834 1003 λέγουσι
860 947 958 990 αὐτὰ
983 951 1066 991 πεί-

416 1012 545 1060 θομαι
568 1023 604 1046 κ.
633 1023 665 1046 τ.
689 1006 745 1058 λ.]
778 1008 958 1045 Herodoti
979 1008 1066 1046 haec

417 1070 475 1104 est
486 1065 663 1103 sententia
674 1078 682 1101 ε
698 1078 737 1101 se
751 1077 824 1101 non
834 1065 945 1101 solum
956 1064 1065 1102 fidem

416 1122 550 1160 habere
560 1121 614 1168 iis,
630 1121 730 1170 siqui
744 1120 829 1157 talia
840 1122 886 1159 de
895 1121 1065 1171 Aegypto

416 1181 585 1223 narrent,
625 1190 748 1214 verum
772 1177 892 1227 ipsum
921 1178 988 1213 sibi
1020 1178 1067 1214 de

416 1234 472 1271 his
497 1233 603 1270 valde
638 1234 882 1283 persuasisse,
921 1234 1067 1270 ductum

416 1295 534 1328 terrae
554 1290 666 1340 ipsius
694 1289 816 1327 indole
837 1289 988 1338 aliisque
1006 1303 1069 1326 ve-

416 1346 552 1394 stigiis,
582 1347 678 1383 unde
705 1346 814 1383 maris
840 1346 946 1382 undis
977 1345 1070 1382 hanc

415 1403 604 1451 regionem
620 1402 706 1439 olim
722 1406 854 1440 tectam
872 1402 983 1439 fuisse
1002 1402 1069 1438 ad-

418 1462 557 1509 pareat.

477 1509 574 1552 ἰδών
595 1527 635 1551 τε
654 1510 727 1562 τὴν
745 1512 949 1564 Αἴγυπτον
965 1527 1067 1562 προ·

417 1567 604 1619 κειμένην
614 1571 683 1618 τῆς
696 1568 880 1619 ἐχομένης
891 1566 978 1620 γῆς]
999 1569 1022 1605 i.
1035 1582 1065 1606 e.

419 1626 616 1675 Aegyption
643 1627 885 1674 prominentem
917 1638 940 1660 α
975 1628 1068 1661 terra

420 1683 619 1728 continenti,
639 1694 733 1729 quae
748 1681 880 1718 scilicet
889 1680 1006 1728 Libya
1020 1681 1068 1717 si-

421 1750 466 1775 ve
482 1737 603 1773 Africa
629 1741 684 1775 est
710 1737 894 1787 putanda,
924 1748 968 1773 ex
996 1749 1068 1785 qua

419 1792 607 1842 Aegyptus
651 1793 756 1841 quasi
790 1792 994 1842 promineat
1030 1792 1067 1827 in

420 1861 531 1895 mare,
559 1848 609 1884 ita
626 1854 665 1884 ut
681 1849 760 1897 ipsa
776 1852 871 1884 terra
891 1846 975 1883 olim
991 1860 1069 1884 ma-

420 1905 470 1942 ris
489 1904 594 1941 undis
613 1908 707 1941 tecta
722 1904 836 1941 videri
854 1907 974 1952 queat.

475 1955 661 2011 κογχύλιά
693 1973 734 1997 τε
759 1955 983 2009 φαινόμενα
1004 1957 1068 1998 ἐπὶ

421 2019 524 2055 τοῖσι
545 2013 704 2066 οὔρεσι]
738 2013 872 2067 οὔρεσι
905 2028 985 2052 cum
1012 2028 1069 2052 re-

421 2076 528 2110 centt.
561 2073 727 2110 dedimus
754 2085 820 2122 pro
849 2068 967 2121 ὄρεσι.
1008 2070 1066 2108 Ad

421 2132 673 2176 argumentum
697 2129 790 2165 conf.
816 2127 994 2164 Plutarch.
1021 2128 1067 2164 de

419 2183 506 2221 lsid.
531 2188 642 2233 atque
669 2184 805 2221 Osirid.
834 2198 870 2235 p.
890 2183 1067 2229 367‚A,

418 2241 480 2277 ubi
519 2240 608 2278 haec
648 2239 836 2289 leguntur:
882 2235 1067 2278 θάλασσα

418 2293 493 2348 γὰρ
517 2290 569 2346 ἦν
586 2294 614 2347 ’ἡ
632 2296 851 2348 Αἴγυπτος·
887 2291 950 2334 διο
971 2298 1068 2334 πολ-

419 2349 468 2391 λα
491 2350 562 2403 μὲν
584 2351 626 2391 ἐν
657 2356 739 2398 τοῖς
768 2346 971 2402 μεταλλοις
1002 2351 1068 2389 καὶ

419 2412 503 2455 τοῖς
541 2405 673 2473 ὄρεσιν
711 2405 928 2460 ευρίσκεται
959 2405 1069 2458 μέχρι

421 2467 498 2503 νῦν
516 2459 701 2517 κογχύλια
731 2463 850 2514 ἔχειν·
880 2466 1004 2502 πᾶσαι
1026 2461 1067 2502 ὸὲ

420 2519 545 2572 πηγαὶ
563 2519 630 2559 καὶ
655 2519 806 2571 φρέατα
827 2515 958 2559 πάντα
976 2522 1069 2558 πολ-

421 2579 503 2615 λῶν
551 2573 837 2646 vnapzo'vroev’,
893 2573 1068 2627 ἄλμυρον

421 2629 531 2682 ’ύδωο
558 2631 625 2671 καὶ
657 2630 796 2685 πικρὸν
816 2632 991 2697 ἔχουσιν,
1017 2647 1070 2678 ως

424 2683 476 2725 (ἓν
502 2685 719 2740 υπόλειμμα
745 2704 815 2740 της
842 2684 966 2727 παλαι
995 2692 1069 2726 θα-

423 2739 568 2791 λάσσης
589 2744 709 2784 ἕωλον
726 2744 920 2784 ἐνταυθοῖ
935 2745 1069 2795 συνεῤ-

425 2797 628 2847 όυηκοτος.
685 2801 743 2838 Ad
769 2814 864 2851 quae
892 2801 1069 2838 illustrau-

424 2854 474 2891 da
502 2854 547 2891 W
552 2856 763 2905 esselingius
793 2857 964 2895 normulla
985 2871 1070 2910 pro-

1134 839 1216 879 tulit
1244 839 1290 876 de
1305 838 1519 888 conchyliis,
1547 849 1642 887 quae
1662 836 1780 874 multis

1135 897 1172 933 in
1200 896 1380 933 montibus
1410 895 1636 932 inveniantur
1668 899 1702 931 et
1732 893 1786 934 ad,

1133 951 1381 990 Noachiticain
1422 951 1693 988 inundationem
1724 948 1780 986 vel

1133 1013 1274 1058 tempus
1302 1007 1517 1044 diluvianurn
1548 1006 1656 1055 vulgo
1686 1007 1782 1043 rese-

1133 1069 1269 1101 rantur.
1334 1063 1541 1100 Accuratius
1575 1075 1618 1100 ex
1656 1074 1782 1100 recen-

1131 1121 1263 1157 tiorum
1285 1120 1597 1170 peregrinatorum
1617 1117 1715 1155 libris
1736 1118 1783 1155 de

1133 1177 1188 1214 his
1211 1175 1377 1225 exposuit
1398 1176 1527 1212 Ritter.
1556 1173 1745 1211 Erdkund.
1766 1173 1782 1210 I

1134 1246 1220 1284 pag.
1239 1234 1320 1272 858
1347 1245 1424 1280 seq.
1481 1231 1653 1279 Namque
1673 1242 1784 1280 supra

1137 1302 1218 1327 eum
1251 1288 1389 1334 locum,
1428 1288 1489 1324 ubi
1513 1286 1621 1325 Nilus
1650 1286 1686 1323 in
1710 1287 1783 1323 duo

1137 1345 1282 1383 brachia
1313 1345 1537 1390 dissecatur,
1570 1343 1666 1380 duae
1700 1345 1784 1380 sunt

1137 1400 1337 1448 convalles,
1367 1400 1481 1437 altera
1505 1400 1679 1436 orientem
1703 1411 1784 1435 ver-

1137 1471 1198 1494 sus
1222 1457 1310 1503 sita,
1332 1455 1444 1492 altera
1465 1455 1686 1492 occidentem
1704 1467 1784 1491 ver-

1138 1526 1212 1549 sus.
1280 1511 1364 1558 illa,
1409 1524 1502 1560 quae
1530 1524 1624 1547 nunc
1653 1510 1784 1547 dicitur

1142 1569 1235 1606 Vac-
1252 1566 1328 1604 Tz‘el
1358 1568 1408 1613 (i.
1428 1580 1459 1604 e.
1485 1566 1581 1603 'shal
1608 1567 1674 1603 der
1692 1566 1784 1604 Ver-

1134 1626 1300 1672 irrung)‚
1342 1624 1386 1660 ab
1415 1624 1503 1660 urbe
1531 1623 1640 1659 Cairo
1667 1622 1785 1660 tendit

1134 1695 1201 1731 per
1218 1685 1376 1717 montem
1389 1678 1593 1715 Mokattam
1612 1691 1726 1727 usque
1737 1678 1784 1714 ad

1136 1736 1222 1773 salis
1255 1740 1406 1785 puteos,
1444 1735 1630 1771 meridiem
1661 1747 1784 1772 versus

1136 1805 1216 1829 eain
1263 1791 1448 1839 regionem
1497 1795 1678 1838 tangens,
1729 1789 1785 1826 cui

1135 1861 1231 1885 nunc
1258 1859 1391 1884 nomen
1420 1846 1528 1883 Suez.
1587 1846 1627 1883 ln
1657 1858 1701 1883 ea
1719 1845 1787 1882 ho-

1136 1905 1271 1952 dieque
1324 1915 1459 1950 magua
1518 1901 1785 1951 conchyliorum

1136 1959 1315 1997 invenitur
1351 1959 1476 2009 copia,
1514 1972 1609 2007 quae
1640 1971 1784 1996 omnem

1136 2017 1214 2053 sere
1241 2015 1466 2065 superficiem
1497 2016 1693 2063 obtegunt3
1722 2027 1783 2051 su-

1136 2076 1287 2122 persunt
1308 2072 1400 2108 adeo
1426 2072 1639 2108 concharum
1668 2075 1784 2108 testae

1133 2141 1208 2165 non
1243 2127 1485 2177 petrfficatae,
1542 2139 1635 2175 quae
1663 2126 1784 2162 omnia

1135 2185 1220 2221 satis
1241 2183 1420 2228 evincunt,
1439 2183 1545 2220 maris
1565 2182 1672 2219 undis
1689 2181 1784 2218 hunc

1134 2240 1248 2276 locum
1271 2239 1354 2274 olim
1382 2239 1491 2275 fuisse
1512 2242 1656 2275 tectum.
1713 2238 1782 2275 At-

1135 2309 1205 2344 que
1229 2295 1335 2332 etiam
1363 2293 1510 2332 Dureau
1536 2294 1582 2331 de
1610 2294 1645 2331 la
1670 2293 1782 2332 Malle

1136 2351 1203 2388 1.1.
1237 2363 1322 2401 pag.
1348 2351 1452 2397 154,
1499 2364 1541 2388 eo
1569 2352 1669 2399 quod
1698 2350 1781 2388 11.1.

1136 2404 1322 2459 κογχύλια
1360 2407 1412 2453 (i.
1441 2420 1471 2444 e.
1496 2407 1666 2455 coquilles
1709 2419 1783 2443 non

1135 2463 1305 2511 alteiees)
1326 2476 1445 2511 neque
1473 2458 1654 2513 πετρωόη
1680 2463 1723 2511 (i.
1750 2475 1782 2500 e.

1136 2519 1307 2568 coquilles
1340 2519 1549 2569 petrifiees)
1583 2531 1785 2558 memoren-

1136 2582 1214 2622 tur,
1254 2576 1433 2613 inferioris
1472 2575 1632 2626 Aegypti
1667 2574 1784 2612 solum

1136 2644 1260 2670 recens
1279 2632 1428 2669 indicari
1459 2631 1602 2668 iudicat.
1631 2653 1688 2660 -—-
1724 2630 1784 2669 De

1135 2688 1248 2725 altera
1276 2688 1366 2725 valle
1394 2687 1465 2725 vid.
1484 2693 1559 2725 not.
1585 2687 1697 2735 adli,
1718 2689 1782 2728 10.

1193 2740 1322 2795 ἅλμην
1353 2742 1659 2794 ἐπανθέουσαν]
1712 2743 1783 2780 Per

1136 2814 1279 2838 omnem
1299 2800 1459 2850 Aegypti
1477 2800 1702 2863 superficiem
1713 2799 1780 2835 ho-

1135 2858 1266 2907 dieque
1304 2870 1485 2908 sparsam
1506 2856 1657 2894 inveniri
1698 2853 1780 2891 salis
