1909 3228
655 217 959 258 cL10.1.

1352 225 1433 265 401

187 329 259 377 καὶ
289 329 331 380 ἐς
360 327 430 384 ἐμὲ
458 332 588 374 τοῦτο
618 329 678 374 ἔτι
703 327 800 382 ἐὸν,
844 327 924 374 δύο
954 330 1140 374 σταδίων
1168 329 1335 388 πάντη,
1362 332 1437 379 ἐόν

133 505 310 554 figerent,
334 505 448 554 qualis
472 502 541 540 hoc
567 502 783 552 cognomine

134 563 224 599 deus
251 575 294 598 ex
322 561 483 611 ipsorum
502 560 650 597 notione
668 559 782 606 signi-

134 619 322 664 ficaretur,
352 617 495 653 addidit
513 619 549 654 Λ
564 611 609 654 ιό
624 630 654 662 ς.
685 615 782 652 Nam

135 674 202 712 Bel
240 687 380 710 summo
421 673 499 709 loco
527 673 620 709 inter
647 672 736 708 deos
760 684 783 707 a

134 730 345 779 Babyloniis
364 730 507 766 habitus
526 733 601 774 est,
631 740 698 764 nec
712 726 783 763 alio

136 800 244 836 quam
262 799 333 835 quo
354 788 411 823 Ζε
424 781 449 822 v*
464 799 482 829 ς
505 785 603 833 apud
621 784 783 820 Graecos

137 848 173 881 et
194 841 353 891 Iuppiter
379 841 480 889 apud
506 840 715 885 Romanos3
743 841 784 876 ut

134 898 185 935 nil
207 899 354 944 mirum,
395 897 557 933 Graecos
576 896 785 932 Romanos-

133 968 178 991 ve
200 954 394 1003 scriptores
418 952 471 989 his
490 952 694 989 nominibus
710 952 785 989 Ba-

135 1010 319 1059 bylonium
363 1021 498 1046 nomen
542 1008 783 1058 interpretari.

136 1067 233 1105 Nolo
251 1067 351 1117 ipsos
370 1065 500 1102 afferre
521 1065 633 1113 locos,
643 1078 690 1102 ne
704 1068 785 1101 acta

137 1137 246 1171 agam
273 1126 360 1172 post
397 1126 599 1158 accuratam
634 1120 785 1158 Gesenii

137 1179 419 1229 disputationem
446 1178 482 1213 in
524 1177 788 1214 Commentarr.

138 1237 187 1273 ad
216 1235 320 1272 Iesai.
358 1234 428 1270 vol.
449 1233 483 1269 ΙΙ
512 1247 549 1284 p.
572 1235 652 1275 335
681 1246 785 1282 seqq.

139 1292 218 1329 coll.
235 1290 392 1328 Miinter.
421 1289 442 1326 1.
475 1289 498 1325 l.
525 1302 610 1339 pag.
635 1291 698 1330 18.
723 1291 787 1329 19.

138 1347 198 1385 Ad
216 1348 336 1384 sidera
363 1346 543 1383 Gesenius
572 1345 700 1382 Belum
728 1358 786 1382 re-

137 1405 208 1441 fert
224 1403 394 1451 illumque
407 1401 595 1451 planetam
614 1401 709 1437 Iovis
728 1400 785 1437 vel

138 1461 246 1496 deum
266 1459 303 1494 in
323 1472 366 1495 eo
385 1458 605 1494 habitantem
629 1457 741 1493 fuisse
765 1469 785 1493 e

137 1515 300 1567 pluribus
333 1526 456 1550 sacrae
481 1514 678 1563 scripturae
698 1512 785 1548 locis

137 1572 285 1609 minime
299 1570 446 1607 dubium
460 1583 541 1606 esse
558 1573 692 1607 censet.
713 1569 786 1612 Qui

139 1629 236 1666 idem
269 1627 379 1663 Belus
410 1639 570 1662 summus
597 1626 686 1663 deus
715 1626 787 1662 una

141 1698 220 1722 cum
238 1683 382 1720 Venere
411 1683 568 1719 omnium
608 1683 786 1719 bonorum

140 1741 310 1790 princeps
337 1742 446 1787 atque
483 1743 607 1775 auctor
644 1738 786 1774 habitus

143 1797 354 1843 summaque
371 1795 570 1831 reverentia
581 1793 707 1831 cultus.
730 1793 790 1829 In-

144 1853 190 1888 de
209 1850 466 1900 amplissimum
482 1862 524 1886 ac
539 1849 792 1899 splendidissi-

143 1921 241 1945 mum
288 1906 460 1955 templum
500 1910 602 1942 tanto
646 1905 792 1942 numine

143 1965 306 2015 profecto
335 1963 505 2009 dignum,
545 1960 651 2010 quale
674 1961 794 1997 Hero-

147 2021 253 2057 dotus
268 2020 301 2055 h.
321 2018 357 2063 l.,
370 2018 568 2064 Diodorus,
589 2017 634 2063 ll,
651 2019 702 2056 10
714 2016 791 2053 coll.

145 2075 266 2112 Strab.
287 2074 374 2111 XVI
402 2088 438 2125 p.
459 2075 541 2114 738
567 2087 595 2110 5.
625 2087 660 2123 p.
684 2073 791 2113 1073

145 2131 365 2168 describunt.
433 2129 541 2166 Plura
581 2129 793 2179 praesertim

142 2188 329 2226 Diodorus
348 2186 470 2231 addit,
499 2198 592 2234 quae
618 2186 655 2221 in
670 2185 791 2222 Hero-

144 2243 262 2280 doteis
290 2243 387 2279 haud
408 2242 594 2290 leguntur,
628 2241 794 2291 explicita

144 2301 190 2337 ab
213 2300 373 2336 Gesenio
395 2298 417 2335 l.
436 2298 458 2335 l.
488 2312 523 2348 p.
541 2299 635 2339 356.
682 2297 794 2334 Prae-

145 2360 201 2393 ter
238 2356 435 2392 Gesenium
467 2356 514 2392 de
540 2353 630 2392 Belo
668 2354 794 2403 dispu-

147 2415 268 2447 tarunt
299 2411 484 2448 Berthold.
519 2411 565 2447 ad
595 2410 736 2447 Daniel.
762 2409 791 2456 I,

151 2470 177 2507 2
206 2479 292 2515 pag.
316 2469 395 2507 180
426 2480 502 2516 seq.
540 2467 725 2503 Hammer.
757 2466 795 2502 in

149 2522 298 2559 l‘Viener
323 2523 512 2559 Jahrbiich.
541 2522 577 2559 X
607 2535 691 2572 pag.
713 2524 794 2562 239

151 2583 227 2614 not.
260 2580 305 2623 1,
357 2590 399 2614 ac
441 2591 558 2628 nuper
600 2579 795 2615 admodum

150 2633 340 2670 Miinterus
369 2634 405 2669 in
439 2633 530 2670 libro
560 2634 606 2670 de
636 2634 796 2682 Babylo·-

151 2690 293 2726 niorum
333 2689 509 2738 religione
550 2690 794 2739 (Kopenhag.

154 2743 282 2793 1827)
304 2757 388 2794 pag.
414 2748 476 2786 16.
518 2746 589 2788 Qui
608 2745 702 2782 haud
722 2747 794 2783 scio

151 2815 197 2837 an
219 2801 345 2838 merito
375 2801 534 2838 Gesenio
568 2801 794 2851 obloquatur,

152 2857 281 2895 Belum
292 2857 481 2894 velSolem
499 2858 616 2908 ipsum
637 2859 690 2896 vel
700 2862 794 2896 certe

196 2914 406 2953 Hfinonor.
437 2913 466 2952 I.

849 501 945 538 Solis
963 502 1108 551 genium
1128 516 1234 553 esse,
1249 505 1407 556 indeque
1426 506 1491 545 de·-

849 572 945 596 mum
966 572 1034 609 pro
1061 573 1201 599 summo
1232 562 1300 600 deo
1331 562 1494 613 coelique

849 616 995 652 domino
1022 615 1155 653 cultum
1181 619 1426 666 contendens,
1453 619 1492 656 id

850 673 950 720 quod
969 671 1027 707 vix
1047 672 1083 708 in
1102 686 1197 720 eum,
1216 675 1277 723 qui
1297 674 1390 711 Iovis
1411 679 1495 712 tan-

848 731 926 765 tum
952 727 1099 777 planeta
1128 729 1175 766 sit
1203 730 1368 778 habitus,
1406 744 1495 768 con-

848 783 934 821 ferri
963 784 1131 833 potuerIt.
1186 785 1313 836 Itaque
1340 787 1377 824 in
1402 787 1493 826 Belo

848 839 1129 888 Babyloniorum
1169 843 1418 891 antiquissimo
1454 855 1496 881 a-

849 897 1071 934 stronomiae
1087 898 1205 934 minus
1224 911 1332 948 quam
1352 912 1495 937 cosmo-

851 953 984 1001 goniae
1013 957 1052 990 ut
1083 954 1201 1002 aiunt,
1230 955 1407 994 rationem
1426 956 1495 993 ha-

851 1010 1009 1046 bendam
1037 1023 1118 1048 esse
1141 1023 1208 1060 per
1233 1014 1347 1049 totum
1376 1011 1496 1049 orien-

852 1069 924 1103 tem
941 1065 1127 1114 vulgatae,
1158 1079 1229 1116 qua
1243 1068 1497 1117 primigeniam

853 1122 1035 1171 quandam
1052 1127 1201 1160 naturae
1220 1124 1292 1160 vim
1310 1124 1498 1175 dupliciter

853 1178 1005 1215 divisam
1023 1179 1270 1228 cogitaverint,
1290 1184 1326 1218 et
1340 1181 1496 1230 gignen-

853 1238 927 1272 tem
949 1248 978 1271 8.
998 1239 1227 1273 naturantem
1240 1240 1277 1274 et
1296 1237 1499 1288 suscipien-

853 1295 927 1328 tem
954 1304 983 1327 s,
1014 1295 1227 1328 naturatam.
1295 1292 1395 1330 Illam
1429 1305 1498 1343 pro

852 1346 941 1384 Sole
972 1347 1135 1396 coelique
1161 1347 1308 1385 domino
1339 1349 1499 1386 habitam

851 1402 1003 1450 Belique
1021 1403 1167 1440 nomine
1185 1403 1318 1441 cultum
1345 1404 1427 1442 hinc
1443 1405 1501 1440 in-

852 1463 908 1495 ter
937 1459 1082 1495 numina
1108 1459 1263 1508 primum
1288 1460 1406 1497 locum
1431 1460 1498 1496 ob-

853 1515 1026 1562 tinuisse,
1062 1514 1154 1552 hanc
1180 1528 1248 1565 pro
1274 1515 1381 1553 Luna
1412 1528 1501 1554 ean-

853 1571 1010 1619 demque
1033 1570 1123 1608 coeli
1158 1572 1321 1620 reginam
1340 1573 1500 1609 habitam

854 1631 890 1664 et
912 1627 1052 1664 cultam.
1080 1627 1157 1665 Sed
1174 1629 1220 1665 de
1238 1641 1282 1666 ea
1300 1629 1392 1665 infra
1412 1628 1500 1675 adl,

856 1686 947 1724 199.
1005 1683 1101 1720 Hinc
1132 1696 1199 1734 pro
1226 1684 1324 1731 Sole,
1360 1696 1500 1721 summo

857 1740 927 1776 deo
956 1739 1023 1777 Bel
1059 1741 1187 1790 accipit
1212 1740 1411 1779 Palmblad.
1455 1741 1501 1777 de

857 1795 932 1832 reb.
953 1795 1093 1844 Babyll.
1114 1809 1199 1845 pag.
1219 1798 1273 1837 42
1294 1810 1372 1845 seq.
1420 1796 1501 1833 Beli

857 1863 943 1887 vero
973 1851 1146 1901 templum
1173 1865 1247 1889 non
1273 1853 1372 1889 aliud
1387 1853 1503 1889 fuisse

859 1910 969 1954 atque
994 1906 1161 1943 Niinrodi
1196 1920 1314 1945 arcem
1344 1908 1503 1956 indeque

859 1962 967 1999 etiam
986 1963 1022 1998 in
1039 1963 1250 1999 occidentali
1267 1964 1363 2000 urbis
1385 1967 1502 2013 parte,

861 2030 954 2066 quae
975 2018 1073 2067 prior
1093 2031 1290 2068 sanequam
1308 2019 1374 2056 fuit
1393 2023 1503 2069 atque

859 2074 1052 2120 vetustior,
1091 2074 1322 2123 collocatum,
1349 2087 1503 2126 persua-
1527 2107 1532 2108 ν

860 2130 907 2166 sit
939 2129 1044 2166 nobis
1080 2129 1303 2179 Heerenius,
1363 2131 1504 2169 Porteri

858 2184 968 2234 Angli
983 2186 1264 2235 peregrinatoris
1282 2188 1503 2236 argumentis

859 2241 939 2291 ipse
969 2242 1107 2279 ductus.
1166 2242 1375 2280 Monstrant
1409 2244 1504 2281 enim

858 2298 928 2334 hoc
945 2299 1086 2345 ruinae,
1116 2311 1210 2347 quae
1235 2299 1415 2349 hodieque
1443 2313 1504 2336 su-

861 2359 1011 2404 persunt
1041 2354 1357 2405 testimoniumque
1393 2356 1505 2393 edunt

862 2411 1025 2447 omnibus
1057 2410 1133 2446 aliis
1158 2412 1273 2448 maius
1301 2416 1412 2460 atque
1443 2412 1506 2448 fir-

860 2467 964 2504 mius.
1007 2466 1235 2504 Conveniunt
1257 2480 1447 2505 mensurae
1468 2471 1506 2506 et

863 2523 1097 2570 longitudinis
1119 2528 1154 2560 et
1164 2523 1372 2571 latitudinis,
1389 2536 1506 2573 quan-

861 2583 939 2616 tum
966 2579 1034 2615 hoc
1071 2592 1114 2616 ex
1146 2580 1329 2617 ruinarum
1366 2579 1505 2617 cumulo

860 2635 977 2684 colligi
993 2638 1115 2685 potest
1129 2648 1138 2680 3
1153 2636 1420 2686 conspiciuntur
1439 2636 1506 2673 ad-

862 2691 929 2728 huc
948 2696 1021 2728 tres
1043 2694 1158 2728 turres
1179 2704 1222 2728 ex
1239 2695 1320 2729 octo
1336 2691 1506 2740 turribus,

862 2759 953 2796 quas
979 2747 1189 2783 Herodotus
1219 2752 1405 2794 recenset,
1442 2761 1506 2786 ex-

862 2807 959 2839 stant
976 2803 1068 2839 adeo
1080 2804 1234 2851 vestigia
1249 2804 1403 2840 ambitus
1413 2816 1504 2853 qua-

863 2859 977 2906 drati,
1014 2871 1086 2908 quo
1117 2859 1289 2908 templum
1315 2860 1413 2898 istud
1438 2873 1506 2912 py-

1178 2917 1234 2955 26
