1909 3228
131 395 192 422 gno

132 421 174 448 eis
191 429 208 447 a

132 454 180 481 nis
190 453 214 480 L

131 488 199 514 sula

315 952 409 978 solum

460 169 545 210 802

362 494 408 512 ro-

131 486 408 580 ξὲεεέῐιιῆιζοέἔεὲἓῐιξι
436 510 779 562 3οέποδέξασθαι.
828 510 938 562 ὅκως
968 515 1057 554 τῶν
1087 528 1150 563 τις
1179 513 1430 568 Αἰγυπτίων
1458 511 1644 568 ἁμάρτοι
1671 531 1725 567 τι,

131 588 164 614 95
191 596 198 618 ;
220 586 293 613 Elbo
310 586 409 613 insula

133 621 270 647 omnibus
321 618 409 645 latuit

133 662 226 680 annos
261 653 327 688 plus

133 686 409 759 suffiscus

133 762 161 780 a.
181 754 246 780 450:
265 751 409 779 interval—

132 787 210 814 lum:
229 786 343 813 Sabaeo
354 785 409 811 Ae—

132 820 243 853 thiops,
269 819 305 846 ab
323 817 410 844 a.765

134 854 171 880 ad
198 854 264 880 ¹215:
300 852 412 878 delicta

135 895 193 913 non
209 885 291 921 punit
302 889 407 912 morte:

132 919 377 954 uduggerationi-

134 954 188 981 buu
208 952 285 979 tollit

134 986 171 1013 nd
191 986 279 1013 urbes
297 985 406 1012 altius:

133 1018 294 1054 descriptio
306 1018 408 1054 templi

134 1053 260 1081 Dianae.

404 1181 495 1220 haec
513 1179 626 1219 relata
642 1179 717 1217 vult
733 1179 892 1219 Heeren.
915 1181 1059 1230 (Ideen

404 1243 474 1276 etc.
513 1237 566 1286 lI,
589 1240 611 1278 1
639 1249 725 1287 pag.
746 1237 828 1278 427
854 1238 932 1274 coll.
959 1238 1012 1284 ll,
1034 1242 1060 1280 2

406 1309 443 1346 p.
463 1296 557 1335 331.
579 1295 661 1335 306
684 1295 805 1342 seq),
837 1299 967 1331 octavo
996 1299 1060 1331 aut

407 1351 560 1401 septimo
580 1350 724 1387 saeculo
752 1362 784 1386 a.
805 1350 890 1387 Chr.
909 1365 967 1397 n.‚
998 1352 1057 1387 ubi

407 1411 480 1443 tres
502 1406 716 1455 Aethiopiae
738 1419 845 1454 reges
863 1408 1057 1458 praecipue

406 1462 654 1507 inclaruerint,
694 1462 755 1511 qui
774 1463 980 1513 Aegyptum
1001 1462 1058 1500 vel

408 1522 524 1556 totam
544 1547 554 1565 ,
601 1518 659 1555 vel
698 1522 796 1555 certe
836 1520 1057 1569 superiorem

409 1575 486 1612 eius
513 1579 652 1624 partem
687 1575 794 1610 armis
834 1576 1059 1623 subegerint,

409 1631 548 1668 Sabaeo
568 1659 578 1677 ,
621 1630 794 1667 Seveclms
813 1659 824 1677 ,
875 1631 1057 1675 Tantam,-

408 1687 636 1724 Herodotum
657 1692 776 1723 autem
806 1687 914 1724 hosce
933 1693 1056 1724 ternos

407 1756 514 1791 reges
536 1743 591 1779 vel
613 1742 704 1778 hanc
723 1743 830 1778 trium
849 1756 974 1791 regum
992 1744 1059 1791 dy-

408 1799 560 1837 nastiam
589 1811 661 1835 uno
689 1798 888 1835 Sabaconis
913 1800 1058 1836 nomine

407 1855 724 1905 comprehendisse
743 1854 933 1892 existimat.
951 1855 1059 1899 Quae

407 1912 493 1949 ferri
517 1915 689 1961 possent,
723 1911 832 1947 modo
853 1916 1058 1962 temporum

407 1969 565 2005 rationes
583 1971 812 2013 constarent,
842 1981 885 2004 ex
913 1968 1058 2016 quibus,

408 2024 636 2062 Herodotum
658 2024 686 2059 si
706 2024 882 2072 sequaris,
913 2025 1057 2061 Sabaeo

407 2081 456 2119 ad
478 2080 653 2117 undecimi
670 2079 802 2116 saeculi
820 2082 960 2117 initium
990 2081 1057 2118 erit

405 2137 617 2175 referendus
636 2163 647 2183 ,
694 2149 774 2174 cum
812 2137 860 2174 ad
894 2141 1057 2173 octavum

406 2193 516 2243 vulgo
532 2197 672 2243 ponant
693 2192 909 2244 Aethiopum
939 2194 1058 2230 incur-

409 2250 530 2287 siones
551 2249 587 2285 in
605 2249 824 2299 Aegyptum.
869 2249 965 2286 Nam
980 2249 1058 2287 He-

406 2306 567 2343 rodoteis
599 2319 642 2343 ex
680 2305 823 2343 calculis
846 2304 977 2355 Anysis
1008 2306 1055 2342 ad

405 2375 556 2411 regnum
570 2366 712 2399 evectus
727 2374 822 2398 auno
846 2365 953 2404 1012
971 2367 1055 2399 ante

407 2419 493 2456 Chr.
513 2432 570 2465 n.‚
604 2419 670 2454 sub
699 2431 770 2467 quo
797 2419 832 2454 in
851 2418 1056 2468 Aegyptum

406 2476 507 2511 irruit
525 2476 666 2512 Sabaeo
679 2503 689 2521 ,
708 2475 764 2511 vel
778 2487 873 2511 anno
892 2476 1055 2525 proximo

415 2534 518 2572 1011
543 2531 598 2568 vel
626 2531 926 2579 subsequentibus
953 2531 1055 2568 annis

411 2587 484 2633 (ΙΙ,
509 2589 587 2628 137
609 2588 718 2630 init).
748 2587 830 2624 Vid.
848 2587 959 2624 Beck.
980 2588 1056 2623 An-

410 2643 482 2680 leit.
501 2657 532 2681 z.
551 2643 772 2691 Weltgesch.
794 2657 830 2693 p.
845 2645 1054 2684 717-719.

413 2699 546 2736 Gesen.
568 2701 614 2736 ad
634 2699 734 2736 lesai.
756 2699 843 2736 XIX
864 2700 1054 2737 introduct.

413 2768 447 2803 p.
469 2756 550 2796 593
570 2768 672 2804 seqq.
691 2757 783 2797 599.
843 2756 947 2799 Quae
976 2770 1054 2793 cuin

413 2811 463 2846 ita
486 2811 578 2857 siut,
618 2812 674 2848 vix
702 2812 798 2849 aliud
824 2817 959 2861 restat,
988 2813 1056 2849 nisi

466 910 553 957 λιες
599 905 799 962 ἐγένοντο
847 904 1133 963 ὑψηλότεραι·

876 167 1347 207 HERODOTI

134 287 409 327 nandumeaqesor-
437 275 661 333 Ξβασιλέα.
700 274 779 318 τὸν
815 275 893 330 μὲν
923 274 975 331 δὴ
1004 275 1173 331 τυφλὸν
1201 279 1362 320 τοῦτον
1392 278 1585 332 οἴχεσθαι
1615 277 1724 334 φεύ-

132 322 409 388 emmens:

241 387 408 459 luam:

253 456 299 480 oet
317 461 351 480 ex
363 461 408 479 in-

466 372 600 411 yovw
631 354 673 404 ἐς
701 353 753 396 τοὶ
785 353 906 397 ἕλεα·
945 352 1024 396 τόν
1054 355 1099 397 δὲ
1130 356 1327 398 Αἰθίοπα
1369 356 1615 410 βασιλεύειν
1644 359 1723 400 Αἰ-

464 432 632 489 γύπτου
661 431 727 475 ἐπ’
759 432 852 475 ἔτεα
879 431 1169 488 πεντήκοντα’
1220 433 1268 477 ἐν
1304 439 1418 476 τοῖσι
1458 432 1596 478 αὐτὸν
1625 435 1726 480 τάδε

465 592 646 634 κτείνειν
683 590 764 645 μὲν
799 587 948 633 αὐτῶν
987 589 1148 634 οὐδένα
1186 591 1372 635 ἐθέλειν·
1421 591 1500 635 τὸν
1535 593 1581 636 δὲ
1619 592 1782 636 κατὰ25

465 669 658 725 μέγαθος
688 672 769 711 τοῦ
800 667 1066 725 ἀδικήματος
1103 670 1269 728 ἑκάστῳ
1300 669 1514 724 δικάζειν,
1551 670 1724 714 ἐπιτάσ-

466 760 599 792 σοντα
637 746 814 803 χώματα
851 751 959 804 χοῦν
997 748 1106 802 πρὸς
1142 753 1194 806 τῇ
1236 749 1411 793 ἑωυτῶν
1447 748 1568 802 πόλι,
1619 749 1725 793 ὅθεν

439 827 653 878 4ἕκαστος
690 821 744 882 ἦν
780 830 868 870 τῶν
896 825 1171 872 ἀδικεόντων.
1228 829 1302 872 καὶ
1333 828 1448 872 οὕτω
1479 828 1539 871 ἔτι
1570 830 1616 871 αἱ
1643 827 1726 872 πό-

1193 906 1242 951 τό
1291 908 1370 963 μὲν
1404 906 1486 963 γάρ
1534 912 1724 962 πρῶτον,

464 983 719 1041 ἐχώσθησαν
747 983 834 1029 ὑπὸ
864 990 953 1030 τῶν
981 986 1059 1039 τὰς
1095 985 1311 1042 διώρυχας
1343 984 1618 1042 ὀρυξάντων,
1658 986 1782 1030 ἐπὶ30

1127 1184 1168 1217 ut
1196 1181 1231 1217 in
1252 1181 1333 1231 ipso
1362 1181 1542 1218 Herodoti
1563 1185 1667 1218 textu
1695 1180 1779 1218 olim

1125 1238 1311 1274 turbatum
1353 1251 1433 1275 esse
1471 1237 1648 1288 pluraque
1685 1238 1780 1275 exci-

1127 1295 1224 1331 disse
1256 1299 1410 1341 statuas,
1440 1299 1502 1331 aut
1530 1294 1780 1331 Herodoteam

1124 1352 1370 1387 narrationem
1401 1364 1444 1387 ex
1483 1351 1618 1387 mancis
1647 1351 1779 1400 imper-

1124 1407 1299 1455 fectisque
1319 1407 1580 1456 Aegyptiorum
1609 1407 1779 1443 sacerdo-

1126 1468 1200 1498 tum
1233 1463 1496 1499 narrationibus
1524 1463 1671 1499 fluxisse
1693 1475 1779 1499 con-

1125 1519 1266 1555 tendas.
1327 1520 1433 1555 Conf.
1463 1531 1632 1556 excursus
1662 1519 1710 1555 ad
1734 1518 1777 1563 ll,

1129 1575 1217 1614 141.
1277 1574 1396 1624 lpsum
1424 1575 1619 1612 Sabacomzv
1644 1585 1778 1611 nomen

1123 1631 1400 1680 hierogl)pl1icis
1453 1632 1547 1667 notis
1607 1632 1776 1680 scriptum

1125 1686 1247 1734 Abydi
1275 1688 1311 1722 in
1339 1687 1527 1723 ruderibus
1564 1688 1778 1724 detexerunt

1125 1743 1190 1778 viri
1213 1743 1322 1778 docti.
1362 1742 1443 1778 Vid.
1462 1743 1629 1779 Fritschii
1649 1743 1777 1779 librum

1126 1796 1242 1844 (laud.
1263 1798 1310 1835 ad
1332 1797 1386 1845 ΙΙ,
1406 1798 1478 1845 36)
1501 1811 1585 1849 pag.
1601 1799 1649 1840 51
1684 1811 1777 1847 seq„

1124 1854 1186 1890 ubi
1236 1855 1344 1891 etiam
1385 1855 1432 1892 de
1490 1855 1637 1892 nomine
1681 1856 1778 1903 regis

1128 1909 1299 1957 Tirlicae,
1333 1911 1394 1959 qui
1415 1911 1699 1948 Sanacharibum
1724 1911 1778 1948 vi-

1124 1967 1219 2004 xisse
1238 1969 1372 2013 fertur,
1403 1967 1499 2004 idem
1527 1972 1686 2004 notatur.

1181 2019 1381 2075 φεύγοντα
1409 2022 1448 2068 ἐς
1478 2019 1534 2061 τὰ
1564 2022 1696 2074 ἕλεα]
1727 2021 1775 2063 τὰ

1125 2078 1211 2117 ἕλεα
1230 2092 1411 2128 quaenam
1430 2079 1524 2127 sint,
1556 2080 1708 2117 diximus
1728 2081 1776 2118 ad

1123 2135 1179 2183 II,
1207 2139 1272 2177 92.

1189 2189 1423 2242 ἐχώσθησαν
1459 2189 1539 2231 ὕπὸ
1587 2195 1666 2232 τῶν
1706 2189 1776 2239 τοὶς

1125 2244 1320 2299 διώρυχας
1350 2244 1597 2299 ὀρυξάντων]
1638 2250 1776 2287 Confer

1125 2318 1234 2354 supra
1262 2305 1311 2351 ll,
1334 2308 1423 2346 108.
1452 2327 1507 2333 —
1536 2306 1593 2342 Ad
1619 2305 1687 2342 loci
1717 2318 1776 2342 ar-

1124 2368 1336 2410 gumentum
1358 2362 1440 2398 vide
1464 2362 1511 2398 sis
1532 2361 1685 2399 Reunel.
1704 2361 1726 2398 l.
1750 2361 1773 2399 l.

1124 2431 1207 2468 pag.
1240 2421 1333 2459 609.
1393 2417 1523 2467 Neque
1552 2419 1646 2456 enim
1685 2418 1774 2455 haec

1123 2475 1173 2510 itu
1205 2488 1285 2510 esse
1327 2475 1523 2522 cogitanda
1553 2479 1695 2521 monet,
1733 2478 1774 2511 ut

1123 2531 1295 2567 aedificiis
1311 2531 1502 2567 destructis
1523 2530 1636 2567 solum
1655 2531 1772 2580 ipsum

1121 2587 1345 2624 reddiderint
1373 2587 1477 2624 altius
1502 2600 1544 2624 ac
1566 2587 1771 2632 sublimius3

1123 2644 1189 2680 sed
1215 2644 1427 2693 plerumque
1455 2656 1528 2680 non
1547 2643 1616 2679 nisi
1636 2655 1771 2692 aggere

1122 2700 1249 2737 altiore
1279 2700 1513 2737 circumdatas
1538 2712 1619 2737 esse
1651 2700 1768 2736 urbes.

1122 2757 1196 2793 Sed
1214 2757 1328 2793 minus
1341 2756 1435 2793 hisce
1445 2756 1660 2793 conveniunt
1675 2767 1770 2804 quae

1122 2812 1275 2861 legimus
1303 2813 1356 2859 ll,
1379 2814 1477 2853 133:
1509 2809 1575 2851 ἅτε
1599 2808 1672 2863 γιὶρ
1699 2813 1769 2863 τῆς
