1909 3228
339 647 406 691 80

137 713 183 739 ΙΙιι
168 721 221 739 oon
258 718 332 744 erga
349 718 410 737 ma-

135 745 240 773 iores·
233 749 301 770 nnat
306 744 411 778 satu-

137 779 211 807 tatio
229 765 342 806 niuniu.

460 215 543 255 662

851 210 1320 250 HERODOTI

431 322 629 378 δὲ’φασαν
658 318 705 363 δέ
733 335 809 375 μιν
838 317 1070 375 Αἰγύπτιοι
1100 322 1182 363 τοῦ
1218 319 1397 374 πρώτου
1434 318 1715 376 βασιλεύσαν-

461 417 534 451 τος
564 398 785 454 Αἰγύπτου
823 402 957 442 παῖδα
995 398 1260 455 μουνογενέα
1288 400 1512 455 γενέσθαι·
1543 398 1719 443 ἀποθα-

462 477 595 522 νόντα
633 476 676 521 δ’
718 477 855 522 αὐτόν
894 477 1089 534 ἄνωρον,

1150 477 1355 534 θρήνοισι
1406 479 1599 522 τούτοισι
1635 477 1775 523 ὑπ’8ο

463 557 715 612 Αἰγυπτίων
742 562 1001 614 τιμηθῆναι’
1050 558 1122 601 καὶ
1152 555 1309 613 ἀοιδήν
1336 574 1380 601 τε
1409 558 1574 615 ταύτην
1601 559 1718 612 πρώ-

462 651 542 691 την
570 635 644 679 καὶ
676 635 846 693 μούνην
886 638 1010 692 σφίσι
1053 637 1270 692 γενέσθαι.

1330 636 1645 693 Συμφέρονται
1674 638 1720 680 δὲ

464 716 539 760 καὶ
565 715 665 760 τόδε
703 714 808 760 ἄλλο
845 715 1075 772 Αἰγύπτιοι
1105 714 1320 774 Ἑλλήνων
1348 716 1554 773 μούνοισι
1581 720 1722 761 Λακε-

409 946 513 985 marii
536 946 605 984 loci
625 950 709 984 sunt
724 944 881 983 Pausan.
910 944 984 992 IX,
1006 948 1059 987 29

408 1003 508 1051 (coll.
537 1003 688 1040 Diodor.
717 1002 830 1039 Sicul.
867 1002 940 1049 Ill,
967 1004 1060 1051 66).

412 1060 556 1096 Conon.
584 1062 733 1097 narratt.
759 1062 821 1100 19.
869 1058 987 1096 Schol.
1014 1059 1062 1095 ad

412 1116 563 1153 Homer.
578 1116 618 1153 ll.
643 1112 687 1163 σ’,
709 1116 790 1156 570
809 1115 890 1161 (ubi
911 1115 977 1152 Cr.
998 1116 1064 1151 ad-

413 1173 468 1209 dit
475 1173 596 1221 Heyn.
609 1173 773 1210 observv.
785 1176 811 1208 t.
821 1172 852 1208 V
856 1172 889 1208 11
899 1185 934 1221 p.
949 1172 1064 1219 550).

413 1228 512 1267 Nam
537 1229 604 1266 illis
630 1229 667 1265 in
698 1229 907 1277 regionibus
927 1227 1066 1265 Adoni-

414 1286 520 1333 dem,
550 1286 611 1335 qui
630 1290 667 1323 et
693 1284 774 1336 ipse
796 1284 932 1322 iuvenis
954 1285 1066 1322 inter-

413 1343 529 1379 fectus
555 1342 761 1390 ferebatur,
789 1341 1015 1392 plangebant
1031 1344 1067 1378 et

413 1397 580 1446 lugubria
601 1398 638 1434 in
669 1399 745 1435 eius
773 1398 948 1435 honorem
973 1399 1067 1434 festa

415 1453 600 1491 habebant
616 1455 798 1500 instituta3
828 1454 958 1502 quibus
978 1453 1066 1502 quid

416 1514 558 1547 veteres
584 1509 767 1547 declarare
792 1509 992 1556 voluerint,
1028 1509 1066 1544 id

416 1579 498 1603 eum
519 1578 593 1602 non
610 1565 755 1613 latebit,
778 1566 839 1614 qui
854 1594 864 1612 ,
884 1578 977 1614 quae
994 1564 1067 1601 Ae-

416 1621 624 1671 gyptiorum
647 1623 820 1659 festorum
848 1622 894 1658 de
913 1621 1064 1658 Osiridis

417 1678 518 1714 obitu
538 1679 653 1724 ratio,
683 1678 918 1727 perspexerit.
967 1678 1066 1720 Quid

417 1734 511 1771 enim
540 1733 731 1783 Aegyptiis
761 1734 897 1780 Osiris,
925 1734 963 1770 id
990 1734 1067 1770 sere

416 1789 557 1827 Adonis
590 1789 829 1826 Phoenicibus
858 1793 969 1839 atque
991 1789 1067 1836 Cy-

415 1845 516 1896 priis.
574 1845 635 1883 Ne
667 1845 797 1893 multa,
834 1846 905 1882 vid.
936 1846 1067 1882 Creuz.

416 1902 542 1950 Symb.
571 1901 604 1938 II
632 1915 668 1952 p.
688 1903 741 1942 94
762 1915 838 1951 seq.
896 1901 978 1939 Nec
1004 1902 1068 1938 de-

416 1959 526 2006 nique
542 1957 611 1995 huc
636 1971 710 1995 non
729 1960 887 2008 pertinet
906 1959 1070 1995 Graeco-

417 2027 497 2052 rum
533 2013 592 2051 ille
622 2013 759 2061 Linus,
799 2013 976 2065 Apollinis
1007 2014 1069 2062 qui

417 2071 532 2108 fertur
554 2069 646 2108 filius
658 2100 669 2118 ‚
686 2072 732 2108 ab
753 2071 914 2109 Hercule
930 2071 1068 2108 occisus

420 2131 457 2164 et
467 2126 623 2164 carmine
641 2127 783 2176 lugubri
805 2127 891 2165 inde
909 2127 1071 2165 celebra-

417 2187 487 2220 tus.
546 2182 656 2220 Plura
675 2185 805 2221 Creuz.
822 2183 845 2221 l.
865 2184 887 2221 l.
918 2198 956 2235 p.
975 2183 1069 2224 246.

420 2240 526 2284 Quae
544 2240 686 2288 omnia,
717 2241 746 2277 si
763 2253 938 2278 summam
960 2252 1072 2289 quae-

419 2308 478 2332 ras
490 2324 501 2343 ,
529 2295 579 2332 nil
596 2296 693 2332 aliud
710 2298 787 2335 fere
804 2297 975 2344 indicant,
1004 2296 1072 2333 nisi

421 2352 1071 2403 carmenantiquissimum‚quo‚quae

422 2408 471 2444 dii
501 2408 571 2457 ipsi
596 2408 633 2444 in
660 2410 766 2446 terris
785 2410 862 2460 pati
881 2414 1072 2459 cogantur,

421 2465 497 2500 sata
509 2476 633 2501 eorum
650 2465 767 2503 tristia
781 2466 947 2515 adeoque
961 2478 1073 2512 mors,

423 2532 530 2568 quam
551 2524 588 2556 ut
607 2521 771 2559 homines
792 2523 847 2569 (et
867 2536 934 2573 pro
958 2521 1074 2559 homi-

422 2576 549 2623 nibus)
573 2576 675 2614 obire
701 2579 881 2625 debeant,
911 2579 1075 2616 contine-

423 2635 551 2677 antur3
592 2645 686 2680 quae
714 2634 793 2684 ipsa
831 2635 879 2671 ad
908 2635 1074 2685 physicas

422 2687 580 2724 rationes
599 2694 794 2727 naturaeve
815 2695 946 2727 statum
970 2703 1075 2728 revo-

421 2746 502 2777 cata
545 2744 629 2780 solis
660 2747 881 2783 constituent
918 2760 1076 2784 annuum

423 2809 562 2833 cursum
613 2812 679 2848 per
713 2801 884 2840 hiemales
930 2816 1075 2840 menses

422 2852 525 2900 quasi
568 2855 806 2907 interruptum
843 2872 885 2896 ac
913 2863 1076 2896 naturam

1127 945 1244 996 ipsam
1262 947 1362 995 quasi
1375 947 1576 997 patientem
1599 959 1640 983 ac
1652 945 1778 984 dolen-

1129 1007 1225 1051 tem,
1256 1016 1335 1040 cum
1364 1004 1526 1041 benefica
1553 1002 1636 1039 solis
1664 1003 1698 1038 vi
1720 1015 1781 1039 ca-

1130 1064 1232 1107 reat3
1264 1059 1370 1108 quale
1397 1064 1539 1109 tempus
1566 1059 1780 1107 lugubribus

1131 1115 1234 1152 sestis
1268 1129 1348 1152 cum
1388 1115 1598 1164 significarit
1625 1114 1784 1163 antiqui-

1131 1176 1186 1209 tas
1200 1201 1211 1219 ,
1237 1172 1409 1209 hilaribus
1431 1176 1713 1209 consentaneum
1729 1173 1785 1207 est

1132 1229 1350 1266 celebratum
1366 1229 1480 1266 fuisse
1491 1228 1587 1264 Solis
1606 1226 1700 1263 illam
1713 1227 1784 1263 vim

1131 1286 1331 1332 victricem,
1362 1286 1435 1335 qua
1460 1283 1655 1334 quotannis
1674 1283 1785 1333 perfi-

1133 1343 1204 1379 ciat
1221 1354 1362 1379 cursum
1384 1355 1489 1378 suum
1501 1354 1549 1384 ⁴ae
1567 1352 1677 1377 verno
1693 1345 1785 1376 tem-

1132 1411 1225 1450 pore
1261 1399 1383 1434 omnia
1421 1399 1470 1435 ad
1506 1398 1618 1433 vitam
1664 1396 1784 1433 denuo

1135 1455 1240 1503 quasi
1270 1458 1414 1491 revocat
1444 1458 1479 1491 et
1506 1456 1707 1490 conservat.
1730 1474 1785 1479 ———

1133 1510 1191 1548 De
1219 1523 1257 1546 re
1288 1511 1422 1547 musica
1441 1509 1704 1558 Aegyptiorum
1725 1521 1785 1544 re-

1134 1570 1250 1603 terum
1285 1566 1604 1613 instrumentisque
1638 1564 1784 1601 musicis

1136 1623 1204 1660 Cr.
1227 1622 1363 1660 consuli
1383 1622 1544 1671 inprimis
1568 1621 1642 1657 vult
1668 1622 1784 1657 deser.

1135 1681 1181 1717 de
1198 1679 1293 1727 l'Eg.
1324 1678 1392 1714 vol.
1413 1678 1444 1714 ll
1475 1692 1511 1727 p.
1532 1679 1614 1718 328
1654 1681 1690 1714 et
1720 1677 1788 1723 (de

1133 1736 1237 1787 poesi
1258 1735 1344 1772 ibid.
1369 1748 1406 1784 p.
1422 1735 1524 1781 328)
1546 1734 1651 1770 mem.
1674 1733 1751 1769 livr.
1772 1733 1788 1770 Ι

1134 1806 1171 1843 p.
1196 1792 1274 1832 181
1296 1803 1398 1839 seqq.
1456 1790 1535 1826 Alia
1566 1790 1603 1825 in
1622 1789 1747 1838 Sy.mb
1771 1790 1788 1826 I

1134 1861 1172 1899 p-
1194 1846 1274 1888 447
1300 1860 1375 1895 seq.
1397 1846 1601 1883 laudantur.

1181 1919 1241 1942 κα
1255 1902 1269 1941 ἰ
1295 1898 1437 1953 αόιδήν
1456 1918 1477 1941 τ
1491 1917 1506 1942 ε
1525 1898 1674 1954 ταύτην
1684 1897 1791 1953 ποώ-

1136 1975 1209 2011 την
1228 1958 1295 1998 καὶ
1317 1955 1490 2010 μουνην]
1519 1958 1586 1998 καὶ
1602 1982 1649 1987 -
1663 1973 1703 1998 τε
1722 1959 1791 1996 hoc

1136 2018 1217 2055 loco
1247 2017 1474 2054 abundanter
1509 2018 1629 2067 posita
1663 2016 1792 2052 viden-

1137 2078 1215 2120 tur3
1256 2086 1365 2122 quem
1407 2086 1509 2109 usum
1543 2086 1565 2110 a
1594 2072 1789 2109 Schaefero

1139 2131 1392 2176 observatum,
1427 2130 1472 2166 ab
1502 2130 1579 2166 aliis
1603 2133 1790 2176 negatum,

1139 2188 1259 2224 denuo
1290 2185 1462 2234 exemplis
1499 2185 1651 2222 firmavit
1680 2184 1791 2220 Stall-

1140 2243 1259 2280 baum.
1279 2242 1325 2278 ad
1336 2242 1474 2278 Platon.
1487 2242 1625 2279 Phileb.
1646 2254 1682 2292 p.
1697 2240 1791 2289 144,

1139 2304 1232 2337 teste
1255 2298 1320 2335 Cr.

1321 2381 1352 2419 C
1364 2394 1385 2418 a
1394 2395 1431 2432 p.
1460 2381 1616 2420 LXXX.

1194 2464 1476 2518 Συμφὲρονται
1516 2464 1558 2505 δὲ
1596 2464 1664 2505 καὶ
1699 2460 1791 2505 τόδε

1140 2519 1233 2562 ἄλλο
1274 2538 1309 2561 κ.
1340 2537 1372 2562 τ.
1406 2522 1464 2573 λ.]
1505 2524 1660 2573 Spartae
1697 2535 1792 2572 quae

1139 2580 1247 2617 suerit
1273 2592 1407 2628 magna
1437 2593 1561 2618 senum
1590 2580 1791 2617 reverentia

1140 2636 1330 2685 honosque
1343 2665 1353 2682 ‚
1373 2635 1493 2686 plures
1513 2640 1692 2673 testantur
1707 2635 1794 2672 scri-

1141 2696 1267 2742 ptores
1295 2697 1455 2730 veteres:
1487 2692 1625 2730 Gellius
1646 2692 1694 2728 N.
1716 2692 1791 2728 Att.

1142 2748 1199 2795 ll,
1221 2748 1283 2789 15.
1321 2746 1558 2798 Aristophan.
1580 2747 1676 2785 Nub.
1699 2749 1792 2788 989.

1143 2804 1324 2841 Plutarch.
1355 2803 1389 2840 II
1421 2818 1462 2854 p.
1482 2804 1582 2850 235,
1616 2804 1659 2839 C.
1698 2804 1793 2849 237,

1144 2860 1175 2896 C
1189 2889 1200 2908 ,
1221 2860 1301 2908 alii,
1320 2860 1367 2898 de
1385 2861 1516 2909 quibus
1535 2859 1668 2898 consul.
1682 2857 1790 2896 Wes-
