1909 3228
36 1059 102 1104 77

544 227 961 268 EUTERPE.

1022 228 1068 266 11.
1344 227 1430 268 655

162 338 216 394 δή
245 338 327 381 εἶσι
357 338 403 380 αἱ
430 339 586 393 ἴβιες·)
639 337 742 395 ψιλὴ
773 338 852 394 τήν
881 336 1096 394 κεφαλήν,
1127 335 1200 380 καὶ
1227 334 1309 392 τήν
1340 336 1427 379 δει-

161 418 244 474 ρὴν
274 421 440 461 πᾶσαν·
472 417 601 473 λευκὴ
633 423 850 472 πτεροῖσι,
881 417 992 473 πλὴν
1021 419 1214 472 κεφαλῆς
1243 415 1315 458 καὶ
1345 416 1429 459 τοῦ

162 495 345 553 αὐχένος
375 498 447 540 καὶ
480 498 628 551 ἄκρων
657 501 745 541 τῶν
775 496 1002 552 πτερύγων
1032 497 1105 540 καὶ
1134 499 1214 539 τοῦ
1239 496 1430 550 πυγαίου

161 576 323 632 ἄκρου·

381 581 517 620 ταῦτα
565 579 611 620 ὁὲ
664 576 715 620 τα
757 575 883 620 εἷπον
922 575 1085 626 πάντα,
1123 574 1303 630 μέλαινά
1342 575 1432 618 ἐστι

162 659 338 708 δεινῶς·
382 658 530 699 σκέλεα
562 657 606 699 δὲ
637 657 709 699 καὶ
738 655 1000 710 πρόσωπον,
1041 655 1228 710 ἐμφερής
1256 659 1310 712 τῇ
1340 654 1426 698 έτέ-
1440 662 1484 697 35

132 743 230 794 Seu

291 741 372 780 τοῦ
413 735 458 779 δὲ
505 735 630 791 ὄφιος
667 734 693 792 ἡ
723 735 899 791 μορφή,
942 737 1011 791 οῖή
1041 751 1119 789 περ
1150 738 1237 777 τῶν
1265 734 1430 790 ὕδρων.

161 818 290 859 πτίλα
321 817 365 859 δὲ
393 814 448 859 οὐ
487 814 684 870 πτερωτὰ
723 813 898 871 φορέει,
951 813 1059 858 ἀλλὰ
1092 819 1205 858 τοῖσι
1246 817 1321 870 τῆς
1349 831 1430 858 νυ-

160 898 353 951 κτερίδος
382 900 576 950 πτεροῖσι
597 893 782 951 μάλιστα
803 912 855 951 κη
878 894 1185 951 ἐμφερέστατα.
1222 898 1427 939 Τοσαῦτα

161 976 240 1032 μὲν
269 976 439 1031 θηρίων
469 974 566 1030 πέρι
596 976 706 1029 ἱρῶν
738 974 943 1030 εἰρήσθω.

273 1054 430 1098 Αὐτῶν
480 1056 526 1099 δὲ
575 1055 627 1110 δὴ
675 1056 948 1111 Αἰγυπτίων,
1007 1058 1050 1098 οἳ
1090 1054 1170 1111 μὲν
1205 1054 1304 1109 περὶ
1342 1053 1391 1109 τή

161 1135 451 1191 σπειρομένην
477 1137 702 1190 Αἴγυπτον
732 1133 949 1186 οἰκέουσι,
979 1133 1152 1191 μνήμην
1171 1131 1423 1189 ἀνθρώπων

160 1214 336 1258 πάντων
369 1214 648 1266 ἐπασκέοντες
684 1214 890 1271 μάλιστα,
940 1213 1197 1270 λογιώτατοί
1235 1216 1317 1258 εἰσι
1345 1230 1430 1271 μα-
1489 1215 1569 1257 139

161 1419 263 1472 ψιλή
286 1418 360 1471 τήν
380 1419 581 1473 κεφαλήν,
600 1421 667 1461 καὶ
683 1420 759 1474 τήν

104 1475 241 1528 δειρήν
271 1480 426 1524 πᾶσαν]
473 1475 576 1530 ψιλή
607 1479 664 1516 hic
703 1484 759 1517 est

104 1535 249 1585 depuis,
278 1535 426 1583 glabra,
455 1540 495 1572 ut
515 1540 613 1573 recte
635 1541 759 1574 monet

103 1591 328 1637 Larcherus‚
369 1593 465 1629 idem
494 1597 649 1638 notans,
683 1593 758 1632 δει-

104 1645 180 1699 ρήν
204 1648 322 1686 minus
348 1649 442 1686 bene
471 1649 530 1686 hic
550 1650 654 1687 reddi
685 1649 757 1686 col-

104 1705 195 1752 lum,
226 1718 310 1742 cum
344 1705 389 1742 sit
417 1705 505 1753 gula
533 1705 622 1753 (‚,la
642 1708 759 1756 partie

105 1762 166 1811 qui
195 1765 251 1798 est
282 1774 326 1798 en
358 1763 494 1799 devant
522 1763 569 1798 du
599 1776 666 1798 cou
684 1792 694 1810 ‚
724 1763 759 1800 la

107 1818 277 1866 gorge“)
294 1830 304 1863 3
342 1819 649 1866 quemadmodum
670 1819 759 1855 Am-

104 1873 245 1910 monius
265 1874 310 1911 de
331 1874 447 1911 differ.
468 1887 565 1911 voce.
586 1879 758 1924 pag.27:

109 1925 237 1979 αὐχήν
292 1929 441 1982 λέγεται
489 1927 533 1969 τό
586 1928 757 1970 ὄπισθεν

106 1988 179 2025 τοῦ
198 1983 415 2037 τραχήλου·
449 1985 541 2036 δέρη
566 1984 607 2024 δὲ
630 1984 672 2026 τό
697 1986 758 2038 ἔμ-

106 2046 286 2094 προσθεν
315 2048 352 2080 et
382 2043 545 2080 Thomas
578 2042 760 2093 Magister

104 2112 129 2150 p
162 2151 327 2205 μέλαινά
349 2153 594 2204 ἐστιδεινῶς]
608 2154 757 2193 Lubens

103 2225 170 2262 pro
198 2211 346 2262 μέλανα
367 2212 485 2261 (quod
504 2216 671 2249 neutrum
683 2214 757 2260 est)

104 2269 225 2319 recepi
256 2266 439 2318 μέλαινα,
480 2273 518 2305 ut
545 2269 757 2306 femininum

108 2325 176 2372 sit,
208 2325 514 2373 quemadmodum
531 2322 652 2375 ψιλή,
674 2328 756 2364 λεν-

106 2378 157 2430 κή
179 2386 214 2418 et
235 2378 431 2431 ἐμφερὴς,
452 2382 653 2418 accusativo
667 2395 756 2431 qua-

105 2437 212 2473 litatis
234 2442 275 2473 ut
292 2437 393 2473 aiunt
413 2438 616 2474 addito.—
630 2438 670 2474 ln
684 2439 757 2476 [ine

108 2505 186 2542 cap.
211 2493 259 2528 ad
280 2506 402 2530 voces:
435 2489 604 2542 μάλιστα
628 2510 677 2544 κη
696 2494 758 2544 ε’μ-

109 2547 325 2599 φερέστατα
361 2551 453 2586 conf.
486 2549 664 2588 Matthiae
694 2552 760 2588 Gr.

110 2605 175 2641 Gr.
200 2617 287 2655 pag.
309 2607 402 2646 860.

275 2694 604 2745 Cap.Lxxvu.

167 2773 206 2812 οἳ
235 2770 305 2824 μὲν
333 2772 424 2826 περὶ
457 2770 530 2823 τήν
559 2773 762 2825 σπειρομέ-

109 2843 186 2880 νην
197 2829 405 2882 Αἴγυπτον
427 2829 628 2881 οἰκέουσι]
658 2831 762 2870 Bene

107 2885 217 2935 haec,
250 2899 345 2938 quae
373 2887 569 2926 etiamnum
598 2891 682 2925 sunt
705 2888 762 2925 di-

826 1422 955 1459 stincta
975 1453 986 1469 ‚
1041 1422 1212 1460 discrevit
1258 1421 1483 1460 Herodotus.

826 1478 896 1515 Est
940 1478 1035 1515 enim
1089 1478 1281 1529 Aegyptus
1321 1480 1368 1516 ad
1408 1479 1484 1516 Nili

825 1540 1018 1583 utramque
1044 1535 1161 1585 ripam
1192 1536 1282 1584 sita,
1323 1548 1389 1586 per
1418 1535 1484 1573 ali-

828 1596 917 1641 quot
933 1592 1072 1628 dierum
1094 1592 1223 1630 itinera
1244 1592 1384 1639 fertilis,
1405 1594 1481 1629 fru-

828 1649 1010 1697 gibusque
1038 1648 1198 1686 colendis
1229 1652 1333 1699 apta3
1373 1662 1483 1698 quam

826 1705 949 1742 rustici
974 1704 1112 1743 incolae
1140 1706 1325 1752 habiant,
1364 1719 1484 1743 sacer-

828 1762 955 1798 dotum
994 1762 1147 1812 imperio
1175 1763 1348 1808 subiecti3
1389 1775 1484 1811 quae

829 1821 1030 1866 sequuntur
1054 1819 1223 1867 regiones
1246 1848 1257 1866 ,
1294 1824 1482 1869 pastorum

826 1874 947 1924 potius
992 1879 1075 1910 sunt
1116 1879 1226 1924 atque
1269 1875 1482 1922 nomadum,

826 1943 894 1967 nec
923 1931 1068 1978 frugum
1091 1943 1252 1980 capaces.
1312 1931 1484 1981 Quapro-

827 1991 908 2036 pter
932 1988 1084 2023 rusticos
1104 1986 1306 2037 Aegyptios
1327 1992 1364 2025 et
1383 1987 1483 2036 :igri-

828 2043 923 2080 colas
962 2043 1054 2080 bene
1088 2043 1230 2080 Noster
1264 2044 1430 2081 distinxit
1458 2057 1481 2082 a

826 2099 1068 2146 nomadibus,
1097 2100 1221 2149 procul
1253 2101 1362 2137 dubio
1388 2100 1485 2138 vitae

826 2156 943 2193 minus
968 2156 1164 2194 adstrictae
1183 2170 1224 2194 ac
1246 2170 1394 2195 severae
1417 2157 1485 2194 de-

827 2213 911 2249 ditis
941 2225 1008 2250 nec
1034 2213 1138 2249 simili
1174 2214 1284 2250 modo
1315 2214 1484 2251 sacerdo-

825 2273 903 2306 tum
920 2269 1071 2318 imperio
1089 2271 1310 2319 parentibus.
1372 2271 1482 2308 Conf.

824 2326 984 2363 Heeren.
1014 2325 1127 2364 Ideen
1158 2327 1213 2371 ΙΙ,
1236 2330 1262 2368 2
1290 2340 1376 2378 pag.
1401 2327 1482 2368 148

825 2395 902 2431 seq.
954 2434 963 2447 Ι
1081 2434 1092 2449 ’
1200 2433 1210 2446 Ι
1365 2435 1374 2447 r

884 2453 1047 2490 μνημην
1067 2443 1300 2487 ανθρωπων
1318 2453 1482 2478 παντων

828 2493 1086 2541 ἐπασκέοντες
1116 2493 1305 2546 μάλιστα]
1347 2495 1486 2533 Intelli-

831 2557 922 2600 gunt
950 2552 1060 2600 vulgo
1094 2548 1258 2603 μνήμην
1286 2555 1486 2590 memoriam

833 2609 1107 2656 (Gediichtniss
1125 2637 1136 2655 ,
1223 2608 1486 2647 Gedachtniss-

833 2665 963 2712 kraft),
981 2676 1083 2714 quam
1102 2667 1253 2702 maxime
1267 2667 1357 2701 inter
1372 2679 1484 2703 omnes

831 2721 980 2757 homines
1000 2721 1166 2758 coluerint
1184 2722 1365 2772 Aegyptii.
1403 2723 1482 2760 Sed

830 2777 964 2814 rectius
998 2777 1198 2827 Schweigh.
1234 2779 1379 2826 statuit,
1418 2779 1480 2829 agi

829 2832 886 2869 hic
910 2833 952 2870 de
978 2836 1140 2870 memoria
1166 2847 1278 2871 rerum
1298 2839 1479 2885 gestarum

828 2893 893 2926 aut
943 2890 1201 2929 observaturum
1234 2893 1272 2929 in
1308 2891 1480 2944 futuram

1397 1055 1536 1096 v40Qui
1555 1066 1589 1085 ex
1606 1059 1760 1094 Aegyptiis

1479 1094 1657 1125 campestria
1694 1095 1760 1120 loca

1479 1126 1624 1159 incolunt,
1635 1135 1728 1161 quare
1739 1127 1760 1154 ii

1480 1160 1670 1188 solertissuui
1704 1161 1758 1189 ho-
