1909 3228
343 438 442 482 146
501 439 610 484 κατὰ
654 437 707 481 τὰ
758 437 993 481 ὀκτακόσια
1033 438 1219 494 μάλιστα
1258 440 1299 490 ἐς
1340 439 1421 495 ἐμέ.

175 501 319 530 Herodoti
349 504 447 561 Aegg⁰

173 537 315 596 5302222
343 537 437 595 5:⁹33:

503 176 587 216 82⁰

959 172 1424 212 HERODOTI

502 282 662 339 ταύτης
689 281 772 337 γὰρ
808 280 881 322 καὶ
917 279 1079 337 Ἑρμέω
1109 282 1273 336 λέγεται
1314 282 1520 337 γενέσθαι
1548 281 1634 326 ὑπό
1669 281 1762 326 Ἑλ-

502 361 646 418 λήνων
682 359 705 403 ὁ
740 359 836 402 Πάν
849 375 856 383 ·
871 361 884 414 )

946 359 1110 403 ἐλάσσω
1151 360 1243 403 ἔτεα
1283 361 1371 404 ἐστι
1413 365 1500 404 τῶν
1543 365 1764 416 Τρωϊκῶν,

1485 439 1665 484 Τούτων
1700 435 1762 484 ὦν

505 517 768 574 αμφοτέρων
807 516 987 570 πάρεστι
1022 522 1215 573 χρᾶσθαι
1245 520 1358 561 τοῖσί
1387 535 1451 569 τις
1479 520 1665 562 πείσεται
1695 523 1764 563 λε·

175 603 253 629 ⁰⁸⁰¹
240 610 303 629 rum
371 610 427 637 ψ·
412 578 449 629 αἱ
504 597 729 654 γομένοισι
753 599 942 651 μᾶλλον·
973 597 1069 652 ἐμοὶ
1099 596 1142 640 δ’
1174 593 1238 640 οἷν
1266 597 1293 653 ἡ
1323 598 1421 650 περὶ
1441 596 1588 640 αὐτῶν
1615 595 1821 654 γνώμηὸο

173 636 271 664 Graec
257 643 317 663 c.os

475 673 804 719 Ξοῖποδέδεκται.
856 676 892 717 εἰ
921 691 1000 730 μεν
1033 676 1114 731 γὰρ
1148 677 1333 731 φανεροί
1371 692 1414 719 τε
1451 675 1650 732 ἐγένοντο
1692 677 1767 720 καὶ

504 753 806 810 κατεγήρασαν
852 754 926 796 καὶ
973 749 1097 797 οὗτοι
1136 755 1182 798 ἐν
1224 759 1277 812 τῇ
1321 754 1516 807 Ἑλλάδι,
1575 755 1765 810 κατάπερ

499 832 733 890 ”Ηρακλέης
764 832 788 876 ὁ
820 833 861 885 ἐξ
889 831 1213 889 Ἀμφιτρύωνος
1242 835 1493 891 γενόμενος,
1522 836 1596 880 καὶ
1617 834 1670 891 δή
1692 835 1767 878 καὶ

504 912 727 963 Διόνυσος
758 911 781 955 ὁ
811 911 858 955 ἐκ
888 913 1101 968 Σεμέλης,
1151 914 1223 957 καὶ
1256 915 1355 957 Πάν
1386 914 1408 958 ὁ
1441 916 1487 958 ἐκ
1519 913 1769 971 Πηνελόπης

509 991 764 1049 γενόμενος,
807 991 889 1048 ἔφη
922 991 975 1034 ἄν
1004 1009 1092 1045 τις,
1142 993 1216 1036 καὶ
1245 993 1430 1045 τούτους
1460 994 1643 1045 ἄλλους,
1686 991 1764 1036 ἄν-
1777 999 1822 1034 85

453 1187 525 1224 sius
546 1190 657 1236 atque
678 1187 893 1226 Creuzerus.
944 1187 1004 1226 Tu
1031 1188 1103 1224 vid.

453 1244 616 1294 inprimis
635 1243 785 1281 Luciani
811 1244 926 1282 locum
953 1246 989 1282 111
1026 1246 1104 1281 dia-

453 1299 527 1348 log.
558 1300 657 1337 deor.
685 1301 792 1338 XXII
819 1314 903 1351 pag.
935 1305 988 1343 76
1020 1302 1102 1350 Bip.

452 1356 575 1405 ibique
593 1356 844 1395 Hemsterhus.
864 1372 899 1408 p.
921 1360 1003 1399 319
1026 1371 1102 1406 seq.

452 1417 491 1450 et
515 1425 610 1461 quae
629 1413 675 1450 de
697 1415 864 1451 universo
892 1414 960 1451 hoc
994 1426 1105 1461 argu-

451 1473 574 1505 mento
609 1469 808 1518 disputavit
835 1470 1038 1507 Creuzerus
1069 1470 1105 1505 in

452 1523 614 1573 Symbol.
643 1525 693 1561 Ill
725 1540 763 1576 p.
783 1525 860 1567 241
888 1540 990 1575 seqq.
1023 1525 1105 1567 243

452 1593 555 1629 seqq.
607 1580 675 1617 Est
692 1595 777 1618 vero
793 1582 851 1619 hie
869 1583 1104 1630 cogitandum

452 1637 500 1673 de
527 1635 625 1672 Pane
643 1665 654 1683 ‚
704 1637 843 1686 qualem
872 1639 1104 1674 indicavimus

453 1692 561 1729 deum
583 1692 619 1727 in
641 1697 718 1729 not.
739 1694 787 1729 ad
807 1694 946 1729 Herod.
970 1694 1012 1739 ΙΙ,
1037 1694 1104 1740 46,

451 1752 563 1796 atque
586 1749 632 1784 de
656 1747 835 1785 Mercurio
852 1748 1105 1798 Itleyplmlliw,

452 1805 500 1841 de
523 1816 595 1853 quo
618 1804 771 1841 diximus
790 1806 837 1842 ad
856 1805 909 1851 11,
932 1806 997 1846 51.
1035 1804 1106 1841 Pe-

452 1859 621 1910 nelopam
658 1865 778 1898 autem
810 1862 959 1897 tradunt
996 1861 1106 1909 virgi-

452 1929 557 1963 nem,
585 1920 780 1965 antequam
801 1917 910 1966 Ulyxi
930 1918 1105 1967 nupserit,

451 1973 603 2022 magicis
630 1974 766 2010 artibus
790 1986 811 2010 a
838 1973 1019 2011 Mercurio
1047 1986 1106 2010 ca-

451 2033 553 2080 ptam
582 2033 619 2066 et
656 2030 701 2066 ab
733 2031 884 2077 eodem,
925 2031 985 2079 qui
1016 2031 1107 2067 hirci

452 2085 609 2136 speciem
637 2087 887 2134 assumsisset,
923 2100 1106 2137 compres-

454 2154 531 2179 sam
553 2142 676 2179 fuisse.
722 2143 796 2179 Ubi
821 2142 1005 2193 Penelope
1023 2157 1104 2181 eum

452 2199 528 2236 fere
544 2198 660 2235 locum
681 2203 805 2236 tenere
826 2200 979 2246 videtur,
996 2212 1103 2248 quem

452 2254 490 2291 in
518 2255 642 2292 similis
674 2256 880 2304 argumenti
909 2256 1038 2293 sabulis
1069 2260 1104 2293 et

451 2311 631 2361 Pasiphae
652 2316 687 2348 et
706 2312 922 2362 Proserpina
938 2313 1104 2362 adeoque

451 2367 531 2417 ipsa
576 2367 722 2405 Helena
762 2372 887 2406 tenere
925 2369 1103 2406 dicuntur.

453 2423 552 2461 Nolo
578 2436 674 2460 nunc
701 2424 805 2473 plura
826 2425 978 2472 afferre,
1008 2437 1103 2474 quae

453 2479 578 2517 melius
598 2493 618 2517 e
642 2481 816 2519 Creuzeri
845 2480 936 2519 libro
958 2481 980 2518 l.
999 2482 1022 2518 l.
1043 2495 1103 2518 co-

451 2537 579 2586 gnosci
597 2541 779 2588 poterunt.

507 2645 608 2687 κατοὶ
628 2645 677 2687 to?
699 2643 912 2688 ὀκτακόσια
940 2645 1105 2700 μάλιστα

453 2701 492 2750 ἒς
514 2703 601 2754 ἐμέ]
634 2704 724 2743 Ι11(16
751 2705 852 2743 Pana
875 2720 970 2744 anno
997 2710 1103 2748 1260

454 2772 486 2798 a.
505 2760 590 2797 Chr.
611 2773 645 2797 n.
664 2762 801 2799 editum
818 2764 921 2813 ponit
935 2763 1103 2802 Larcher.

455 2819 480 2851 t.
501 2815 568 2852 vu
584 2828 621 2867 p.
637 2818 730 2859 359.

1351 1189 1382 1226 C
1392 1204 1413 1227 a
1423 1204 1458 1241 p.
1490 1187 1656 1227 CXLVI.

1228 1297 1380 1340 τούτων
1401 1303 1456 1340 nii
1470 1297 1706 1353 α’μφοτέρων
1720 1313 1823 1364 παρ-

1174 1370 1302 1396 εστικ.
1323 1374 1353 1396 τ.
1377 1357 1424 1408 λ.]
1463 1361 1586 1396 ταῦτα
1617 1351 1823 1407 ἀμφότερα

1172 1415 1338 1463 intelligit
1367 1420 1556 1464 utramque
1584 1414 1680 1451 illam
1711 1414 1824 1449 ratio-

1173 1483 1276 1517 nem,
1307 1483 1378 1519 qua
1395 1472 1483 1507 deos
1506 1471 1669 1507 Graecos
1691 1482 1732 1507 ex
1752 1467 1825 1506 Ae-

1172 1531 1286 1577 gypto
1305 1528 1475 1563 advectos
1494 1540 1575 1563 esse
1607 1526 1663 1562 alii
1690 1529 1825 1562 statue-

1173 1584 1285 1629 bant,
1313 1583 1369 1619 alii
1387 1584 1583 1632 negabant.
1614 1582 1696 1618 vid.
1716 1593 1826 1631 supra

1174 1640 1231 1685 11,
1258 1639 1311 1679 43
1344 1652 1445 1687 seqq.
1500 1639 1681 1675 Herodoti
1709 1637 1823 1687 ipsius

1173 1708 1252 1731 eam
1282 1696 1392 1731 fuisse
1430 1695 1644 1731 sententiam
1674 1694 1826 1731 manife-

1175 1755 1269 1786 stum
1289 1757 1367 1797 est,
1412 1755 1451 1786 ut
1480 1750 1718 1798 antiquissimi
1747 1751 1825 1787 fue-

1174 1807 1246 1842 rint
1266 1805 1369 1854 Aeg)
1372 1806 1528 1855 ptiorum
1548 1807 1621 1852 dii,
1653 1807 1689 1842 in
1709 1806 1827 1843 Grae-

1175 1864 1267 1899 ciam
1298 1864 1492 1912 postmodo
1519 1862 1650 1908 delati,
1692 1862 1752 1899 ubi
1781 1875 1827 1900 eo

1174 1919 1253 1969 ipso
1289 1924 1456 1968 tempore
1495 1920 1568 1955 nati
1605 1918 1826 1967 nominaque

1174 1976 1356 2024 accepisse
1382 1976 1604 2025 putabantur
1622 2003 1633 2021 ‚
1678 1987 1751 2024 quo
1781 1987 1826 2012 ex

1173 2032 1344 2081 Aegypto
1375 2032 1474 2068 allati
1496 2032 1639 2068 suerint.
1669 2051 1725 2058 —
1753 2026 1826 2069 αυ’-

1172 2091 1250 2125 τών
1278 2101 1357 2124 cum
1390 2088 1505 2125 Gaisf.
1534 2087 1632 2125 edidi
1659 2099 1726 2138 pro
1756 2083 1825 2126 αὖ·

1172 2158 1281 2182 τεων.

1227 2254 1294 2293 καὶ
1334 2251 1501 2301 τούτους
1542 2253 1716 2303 ἄλλους,
1754 2252 1824 2295 ἅν-

1172 2312 1268 2363 δρας
1286 2310 1537 2362 γενομένους]
1568 2309 1734 2359 τούτους
1757 2310 1823 2351 ἅλ-

1171 2371 1263 2414 λους
1283 2369 1380 2405 hosce
1400 2369 1489 2405 alios
1512 2369 1679 2418 intelligit
1697 2374 1824 2418 poste-

1171 2425 1284 2462 riores
1336 2426 1424 2462 deos
1470 2426 1633 2475 priorum
1680 2424 1822 2463 illorum

1171 2482 1455 2531 (Aegyptiorum
1493 2495 1690 2531 eorumque
1726 2481 1824 2519 anti-

1170 2539 1442 2586 quissimorum)
1459 2539 1704 2586 cognomines.
1728 2539 1821 2576 Cum
1875 2568 1879 2572 ,

1175 2595 1291 2631 Gaisf.
1321 2595 1446 2644 scripsi
1489 2591 1638 2646 ἄνδρας
1663 2592 1804 2646 γενομέ

1173 2665 1268 2696 νους
1283 2651 1323 2695 (ἰ.
1342 2663 1373 2687 6.
1396 2663 1472 2687 cum
1493 2651 1644 2688 homines
1652 2651 1754 2700 facti
1767 2665 1779 2685 ι

1172 2709 1264 2755 sent)
1288 2708 1431 2744 inverso
1451 2707 1588 2745 ordine.
1626 2707 1708 2744 Nec
1729 2704 1775 2743 o*s

1173 2777 1252 2801 cum
1273 2763 1419 2813 Toupio
1438 2763 1528 2811 (vid.
1542 2763 1713 2801 Larcheri
1726 2747 1772 2794 '·)

1173 2820 1313 2869 legere:
1355 2818 1421 2858 καὶ
1460 2816 1623 2865 τούτους
1659 2815 1734 2858 027⁰
1744 2817 1766 2849 ς
