1877 3223
430 221 512 262 186

824 218 1289 258 HERODOTI

429 327 640 380 Εὔξεινον
668 327 845 372 πόντον.
903 328 991 371 ἔστι
1021 327 1066 372 δὲ
1096 325 1235 384 αὐχήν
1272 322 1401 380 οὗτος
1436 332 1512 385 τῆς
1543 327 1683 384 χώρης

428 407 587 463 ταύτης
616 406 784 464 ἁπάσης
795 422 804 431 ·

427 484 583 542 ἡμέραι
612 483 956 544 ἀναισιμοῦνται.

373 684 457 709 vero
486 674 624 707 tractus
648 669 707 708 ille
727 682 750 708 a
770 670 918 708 Ciliciae
940 669 1022 706 fini-

373 728 440 764 bus
465 739 580 775 usque
601 727 648 762 ad
659 726 815 764 Pontum
833 726 1022 776 angustior

372 782 511 821 Nostro
541 783 725 829 videatur,
775 796 847 819 non
879 783 1021 830 mirum,

373 839 471 887 quod
491 841 639 888 quinque
659 838 776 875 diebus
801 839 895 876 illum
914 852 936 876 a
957 852 1022 888 pe-

373 895 447 932 dite
484 895 654 945 expedito
694 896 872 944 permeari
909 908 1021 944 posse

372 951 496 1002 prodit
525 954 561 988 et
596 951 665 987 hoc
691 950 770 988 loco
799 955 835 988 et
854 951 948 986 infra
974 950 1020 998 ll,

373 1006 446 1053 343
500 1019 566 1044 nec
600 1006 702 1043 latuit
729 1006 798 1043 hoc
825 1007 1020 1056 Scymnum

373 1063 526 1110 Chium,
556 1063 616 1112 qui
643 1067 765 1101 tamen
791 1064 871 1113 ipse
897 1066 1021 1112 septem

371 1120 476 1171 ponit
504 1119 583 1157 dies
613 1119 711 1166 (vid.
749 1120 825 1157 eius
852 1120 1019 1168 fragmm.

371 1188 409 1226 p-
438 1177 532 1217 380.
559 1176 673 1224 382).
733 1176 878 1219 Quodsi
902 1180 1023 1212 autem

373 1232 501 1269 diurno
531 1232 649 1269 itineri
679 1232 734 1270 vel
759 1237 900 1269 centum
918 1232 1023 1281 quin-

373 1288 549 1337 quaginta
594 1288 653 1325 vel
698 1289 851 1325 ducenta
903 1288 1023 1325 stadia

373 1344 439 1392 (V,
460 1344 525 1385 53.
564 1344 628 1391 IV,
661 1345 760 1392 101)
790 1345 1022 1381 contribuun-

372 1404 453 1446 tur,
503 1399 693 1448 longitudo
737 1400 841 1437 huius
885 1404 1020 1437 tractus

373 1456 441 1493 erit
459 1455 554 1492 mille
574 1457 781 1492 stadiorum.
812 1456 843 1491 A
863 1469 936 1505 quo
957 1456 1021 1492 ab-

372 1511 521 1548 horrent
535 1515 571 1548 et
590 1511 852 1549 Eratosthenes
874 1512 1015 1559 (Strab.

372 1567 406 1604 II
428 1581 464 1618 p.
485 1568 571 1615 68),
600 1568 661 1616 qui
682 1569 751 1605 tria
767 1568 877 1604 millia
894 1581 1021 1605 nume-

372 1627 430 1660 rat
457 1624 595 1671 stadia,
633 1628 669 1662 et
699 1624 834 1660 Plinius
872 1624 950 1672 (H.
971 1623 1020 1661 N.

372 1679 436 1726 VI,
455 1680 501 1727 2)
531 1680 685 1717 ducenta
703 1680 755 1716 M.
769 1680 810 1717 P.
832 1681 1019 1727 indicans;

372 1736 554 1772 consentit
575 1749 653 1772 cum
680 1737 870 1773 Herodoto
891 1736 1022 1784 Scylax

371 1791 409 1827 in
437 1790 570 1840 Peripl.
611 1806 647 1842 p.
680 1795 733 1833 97
774 1793 830 1829 ed.
859 1792 1019 1829 Gronov.

371 1847 450 1884 Sed
474 1848 711 1884 recentiorum
734 1848 1022 1896 investigationi-

370 1903 439 1939 bus
470 1903 696 1952 exploratum
722 1904 918 1951 habemus,
947 1908 1022 1940 tra-

371 1962 467 1995 ctum
493 1958 591 1995 illum
620 1961 719 1997 recta
745 1961 804 1997 via
833 1961 1022 2008 sexaginta

370 2014 533 2051 milliaria
576 2016 823 2066 geographica
870 2016 1021 2065 longum

371 2084 455 2109 esse
467 2100 477 2119 ,
504 2072 556 2108 ita
575 2076 614 2108 ut
631 2072 669 2108 in
688 2085 797 2109 unum
816 2073 912 2110 diem
929 2074 1022 2109 duo-

371 2127 486 2165 decim
499 2127 660 2165 milliaria
673 2129 787 2179 pediti
797 2131 915 2167 forent
934 2142 1020 2165 con-

370 2183 546 2231 ficienda,
593 2184 649 2222 vel
679 2185 822 2222 omissis
853 2185 1019 2222 omnibus

369 2240 584 2288 ambagibus
605 2253 646 2278 ac
668 2242 782 2279 deviis
794 2241 892 2279 locis.
909 2241 1019 2278 Unde

369 2308 444 2332 non
478 2297 648 2345 defuere,
696 2298 757 2347 qui
788 2298 1018 2335 Herodotum

370 2351 501 2388 erroris
526 2352 754 2402 incusarent,
791 2356 890 2403 quod
912 2354 1018 2391 dimi—

370 2407 469 2443 dium
492 2411 630 2445 tantum
663 2410 898 2459 longitudinis
913 2411 1018 2447 huius

369 2466 504 2500 tractus
522 2464 743 2504 indicaverit.
791 2468 898 2505 Cons.
916 2466 1018 2503 Ren-

370 2518 440 2555 nel.
477 2518 500 2555 l.
529 2519 551 2556 l.
583 2533 668 2570 pag.
693 2522 786 2563 457.
843 2522 1019 2561 Defendit

370 2573 598 2612 Herodotum
634 2579 679 2615 ab
706 2580 838 2617 erroris
874 2579 1019 2616 crimine

370 2629 587 2668 Dahlmann.
600 2632 797 2679 (Herodot.
807 2644 845 2686 p:
856 2637 920 2676 96
933 2634 1019 2682 97).

371 2684 504 2734 Neque
520 2689 613 2724 enim
639 2690 696 2727 hic
715 2691 947 2740 cogitandum
973 2690 1019 2727 dc

373 2741 536 2779 ducentis
565 2748 606 2780 st
600 2746 714 2793 idus
746 2760 838 2796 quae
861 2747 1018 2798 plerum-

374 2808 445 2845 que
470 2799 585 2847 pedes
616 2803 805 2851 expeditus
830 2817 873 2842 ex
899 2804 1018 2840 Hero·

375 2852 451 2890 doti
470 2860 590 2892 mente
611 2858 784 2906 perficere
803 2864 932 2910 queat,
952 2859 1018 2897 sed

863 411 999 463 μῆκος
1025 404 1158 461 ὁδοῦ,
1196 406 1369 464 εὐζώνῳ
1399 405 1528 463 ἀνδρὶ
1557 407 1683 452 πέντε

1087 668 1202 707 videri
1236 682 1440 707 sermonem
1473 681 1555 707 esse
1590 669 1638 706 de
1679 682 1736 717 eo,

1088 726 1188 775 quod
1233 726 1343 763 semel
1382 728 1506 763 forsan
1551 730 1740 775 expertum

1089 783 1197 818 suerit
1213 796 1234 819 a
1254 783 1422 832 quopiam
1445 782 1570 832 pedite
1593 782 1739 831 insigni.

1090 837 1354 875 Testimonium
1376 839 1466 888 petit
1494 851 1537 876 ex
1555 839 1618 885 iis,
1646 851 1740 887 quae

1088 894 1159 940 Vl,
1182 897 1259 935 106
1291 894 1396 941 (coll.
1417 894 1487 942 Vl,
1518 896 1623 942 120)
1645 894 1738 943 legi-

1088 962 1168 986 mus
1180 979 1190 997 ,
1210 950 1451 1000 Philippidem
1463 950 1615 988 Athenis
1625 951 1738 1001 Spar-

1089 1009 1160 1041 tam
1193 1006 1386 1043 advenisse
1413 1007 1525 1043 altero
1545 1007 1628 1053 die,
1658 1019 1738 1043 cum

1088 1061 1156 1099 iter
1184 1066 1279 1099 certe
1305 1063 1433 1110 viginti
1449 1075 1513 1099 sex
1532 1063 1642 1099 suerit
1660 1061 1739 1098 mil-

1087 1116 1227 1154 liarium
1247 1119 1583 1169 geographicorum.
1615 1118 1739 1161 Quare

1088 1173 1185 1210 haud
1222 1188 1372 1225 prorsus
1411 1175 1521 1213 fidem
1563 1175 1738 1212 excedere

1088 1234 1214 1280 putat,
1252 1232 1283 1268 si
1315 1236 1448 1269 tractus
1484 1231 1542 1269 ille
1576 1230 1687 1268 Asiae
1716 1242 1738 1267 a

1088 1287 1212 1336 pedite
1229 1288 1384 1338 probato
1410 1288 1569 1337 quinque
1600 1287 1738 1324 dierum

1087 1343 1216 1380 itinere
1257 1345 1438 1393 permeari
1484 1344 1633 1380 dicatur.
1689 1341 1738 1379 At

1089 1398 1175 1434 nihil
1196 1399 1264 1436 hoc
1295 1400 1374 1436 loco
1402 1401 1449 1437 de
1478 1400 1611 1448 insigni
1631 1399 1737 1449 pedi-

1087 1454 1134 1490 tis
1159 1453 1306 1492 alicuius
1338 1457 1524 1493 conamine
1559 1456 1737 1506 proditur,

1089 1511 1150 1559 qui
1175 1514 1313 1548 tantum
1344 1512 1410 1549 iter
1444 1517 1518 1548 tam
1544 1512 1642 1549 brevi
1673 1510 1737 1547 ali-

1089 1568 1236 1615 quando
1256 1569 1469 1615 confecerit,
1499 1569 1565 1606 sed
1590 1572 1737 1605 senten-

1088 1622 1174 1659 tiam
1197 1637 1298 1661 suam
1317 1626 1462 1660 omuino
1481 1625 1598 1674 aperit
1613 1628 1738 1660 auctor

1089 1679 1136 1716 de
1152 1683 1286 1716 tractus
1314 1680 1404 1716 illius
1424 1681 1671 1728 longitudine,
1699 1679 1737 1716 in

1089 1747 1162 1784 qua
1183 1736 1213 1771 si
1235 1750 1278 1773 ea
1293 1750 1366 1772 non
1387 1737 1477 1773 vidit
1492 1765 1503 1782 ‚
1545 1748 1638 1785 quae
1667 1748 1735 1772 nos

1088 1790 1279 1828 multorum
1297 1792 1520 1829 saeculorum
1539 1791 1736 1840 investiga-

1086 1846 1270 1895 tionibus,
1329 1849 1736 1897 mathematicorumque

1088 1915 1130 1939 ac
1146 1904 1437 1955 geographorum
1451 1905 1736 1942 dimensionibus

1088 1959 1207 1996 edocti
1223 1974 1368 2009 sumuS,
1397 1963 1561 2012 profecto
1582 1960 1642 1999 ille
1668 1961 1736 1998 erit

1087 2018 1317 2055 excusatione
1336 2018 1480 2082 dignus.

1144 2075 1271 2123 μῆκος
1297 2072 1419 2119 ὁδοῦ]
1459 2075 1481 2110 i.
1510 2086 1542 2111 e.
1573 2072 1662 2122 quod
1686 2045 1736 2109 ad

1086 2129 1222 2166 itineres
1234 2130 1487 2178 longitudinem
1507 2131 1643 2165 attinet.
1658 2128 1734 2165 Ab·

1087 2186 1204 2221 sentia
1225 2186 1422 2236 particulae
1444 2183 1506 2233 δὲ,
1527 2197 1634 2234 quam
1652 2184 1732 2233 quis

1085 2241 1209 2277 forsan
1242 2241 1300 2278 hic
1334 2242 1518 2291 requirat,
1575 2241 1734 2289 itemque

1086 2297 1280 2335 omissione
1316 2298 1463 2335 voculae
1501 2311 1577 2345 ως,
1624 2309 1733 2346 quam

1085 2354 1337 2391 antecedentia
1347 2349 1494 2405 (αὕχην
1512 2347 1647 2416 οὗτος)
1664 2365 1734 2403 po-

1085 2408 1219 2447 stulare
1238 2411 1448 2457 videantur,
1465 2410 1600 2447 maiore
1619 2422 1733 2458 quae-

1086 2465 1171 2501 dam
1203 2467 1353 2503 efficitur
1376 2467 1547 2503 orationis
1568 2478 1642 2513 WS,
1680 2465 1732 2502 uti

1086 2523 1224 2559 monuit
1249 2522 1402 2560 Werfer.
1434 2523 1470 2559 in
1500 2521 1594 2559 Actt.
1632 2521 1729 2572 phill.

1086 2577 1250 2616 Monacc.
1274 2579 1291 2615 I
1312 2593 1347 2629 p.
1369 2579 1472 2627 579,
1501 2579 1562 2616 ubi
1581 2577 1616 2614 h.
1636 2578 1658 2614 l.
1679 2578 1731 2615 sic

1086 2635 1211 2672 vertit:
1241 2664 1265 2682 „
1275 2634 1346 2672 Est
1367 2639 1482 2672 autem
1503 2637 1610 2672 omnis
1627 2634 1732 2672 liuius

1087 2694 1199 2728 terrae
1233 2694 1336 2741 quasi
1373 2694 1493 2729 cervix
1523 2704 1566 2728 ea
1595 2692 1731 2728 itineris

1086 2746 1320 2796 longitudine,
1347 2752 1386 2785 ut
1400 2749 1444 2786 ab
1459 2747 1617 2798 expedito
1626 2748 1729 2798 quin·

1087 2816 1150 2854 que
1164 2804 1236 2840 dies
1257 2806 1515 2842 insumanturf‘

1143 2855 1300 2915 εὐζώνῳ
1321 2856 1461 2913 ἀνδρὶ]
1497 2857 1666 2908 εὔζωνος
1685 2854 1727 2898 ἆ-
