1877 3223
339 977 404 1023 32

132 1041 244 1070 Rerum
261 1050 337 1077 quae
354 1041 407 1069 ho·

132 1077 204 1103 mini
222 1076 357 1104 accidant
375 1077 407 1103 in

133 1110 196 1137 vita
253 1110 406 1138 maximam

133 1151 200 1170 esse
209 1145 384 1171 varietatem
396 1152 404 1170 ι

131 1176 251 1204 beatum
261 1178 405 1204 neminem

133 1218 217 1244 esse,
261 1211 316 1237 nisi
352 1210 403 1245 qui

131 1247 278 1279 perpetua
305 1244 403 1271 felici-

133 1281 198 1303 tate
217 1286 297 1310 usur,
316 1279 408 1305 vitam

132 1310 248 1346 placide
265 1311 388 1341 finierit.

451 242 509 280 80
854 237 1317 276 HERODOTI

454 347 560 399 ,,καὶ
580 348 738 390 Βίτωνι
755 379 765 399 ,
795 351 907 390 τοῖσι
934 346 1096 403 ἑωυτῆς
1122 345 1323 398 τέκνοισι,
1354 347 1401 389 οἴ
1426 363 1503 402 μιν
1531 346 1733 403 ἐτίμησαν

454 424 701 481 ,,μεγοέλως,
752 429 907 470 δοῦναι
952 425 1031 482 τήν
1080 424 1188 468 θεόν
1236 425 1284 467 τὸ
1333 423 1553 484 α’νθρεόπῳ
1590 430 1733 481 τυχεῖν

430 512 478 557 8,,
491 505 665 560 ἄριστόν
707 505 807 548 ἐστι.
853 504 957 561 μετὰ
987 504 1150 560 ταύτην
1179 504 1225 548 δὲ
1255 504 1334 560 τὴν
1363 502 1512 559 εὐχὴν,
1544 504 1601 556 ὠς
1632 505 1777 548 {nstv-80

454 583 569 636 »σάν
598 599 641 626 τε
670 584 742 626 καὶ
771 583 1077 640 εὐωχήθησαν,
1118 582 1506 639 κατακοιμηθέντες
1536 582 1583 625 ἐν
1614 581 1732 640 αὐτῷ

452 665 548 719 ,,τῷ
578 664 658 718 ἱρῷ
688 664 730 706 οἱ
758 665 950 719 νεηνίαι,
982 661 1127 705 οὐκέτι
1151 660 1400 718 ἀνέστησαν,
1432 659 1520 704 ἀλλ’
1550 661 1596 705 ἐν
1623 660 1734 704 τέλει

429 739 626 797 9,,τούτῳ
655 740 838 797 ἔσχοντο.
892 740 1077 797 Ἀργεῖοι
1107 741 1152 784 δέ
1185 753 1330 797 σφεων
1360 739 1529 791 εἰκόνας
1558 739 1734 795 ποιησά,

452 836 637 876 ,,μενοι,
668 818 882 864 ἀνέθεσαν
905 821 948 872 ἐς
980 819 1204 876 Δελφοὺς,
1244 817 1304 871 ὥς
1339 818 1516 874 ἀνδρῶν
1545 817 1734 875 ἀρίστων

452 897 771 956 ,,γενομε’νων.“

462 1404 543 1450 ἄλλ’
566 1408 609 1450 ἐν
632 1408 764 1449 τέλει
783 1405 909 1462 τούτῳ
927 1407 1056 1459 ἔσχον-

405 1469 464 1512 το]
496 1468 518 1502 i.
541 1480 572 1503 e.
603 1466 701 1513 „hoc
730 1469 825 1503 vitae
848 1468 945 1501 exitu
975 1469 1056 1501 sunt

399 1524 611 1574 persumtz'f‘
640 1522 787 1560 Laudat
815 1521 877 1558 Cr.
902 1522 1056 1558 adhaec

406 1579 606 1616 Philemon.
625 1577 718 1616 Lex.
743 1579 808 1614 Gr.
835 1591 872 1628 p.
895 1578 948 1619 94
969 1590 1053 1626 sqq.

406 1639 443 1673 et
463 1636 510 1671 ad
530 1635 735 1672 universam
755 1634 973 1671 sententiam
995 1647 1056 1670 ve-

403 1695 592 1739 terumque
620 1691 666 1727 de
688 1695 804 1728 morte
831 1703 873 1727 ac
900 1690 971 1726 vita
1000 1690 1056 1725 iu-

406 1747 554 1783 dicium:
584 1747 723 1783 Platon.
746 1746 895 1784 Lachet.
914 1760 950 1795 p.
964 1746 1056 1791 195,

405 1801 440 1839 D
470 1816 553 1851 sqq.
584 1803 703 1851 Gorg.
729 1815 765 1851 p.
792 1802 946 1848 512‚A
976 1801 1056 1837 coll.

405 1858 547 1895 Criton.
574 1872 603 1895 c.
628 1861 678 1899 16
702 1871 778 1907 seq.
798 1872 837 1908 p.
867 1857 935 1906 54,
951 1858 994 1895 Β.
1011 1858 1053 1894 C.

460 1964 628 2020 Ἀργεῖοι
660 1966 703 2007 δέ
732 1980 865 2015 σφεων
896 1963 1055 2015 εἰκόνας

404 2040 442 2064 κ.
457 2040 488 2063 τ.
514 2028 569 2070 λ.]
600 2025 658 2062 De
683 2024 948 2073 significatione
977 2038 1054 2062 me-

406 2081 456 2117 dii
472 2081 570 2117 verbi
596 2084 803 2120 ποιεῖσθαι
823 2081 1052 2130 (faciendum

406 2139 548 2185 curare)
567 2138 624 2173 vix
641 2142 697 2174 est
713 2138 813 2186 quod
831 2150 1052 2174 moneamus.

406 2194 467 2231 Cf.
488 2193 619 2231 Matth.
658 2192 694 2244 ὃ.
723 2194 825 2239 492,
856 2207 874 2230 c
913 2207 948 2243 p.
971 2193 1052 2234 925

406 2254 443 2287 et
465 2254 554 2285 nott.
581 2250 627 2285 ad
650 2250 702 2296 ll,
726 2252 816 2290 127.
843 2249 958 2285 Addit
987 2250 1051 2286 Cr.

405 2304 550 2341 Ernesti
581 2307 628 2341 ad
669 2305 813 2342 Callim.
859 2305 980 2353 hymn.
1015 2305 1052 2342 in

407 2361 530 2398 Cerer.
537 2364 601 2407 26,
610 2361 698 2399 haec
708 2374 852 2410 qnoque
861 2362 1053 2407 adnotans,

406 2416 472 2453 has
500 2417 675 2465 imagines
700 2419 858 2455 tebenno
888 2416 1052 2467 (τηβέν-

405 2487 482 2526 νῳ,
501 2475 599 2521 quod
617 2474 819 2510 vestimenti
839 2487 952 2521 genus
970 2485 1052 2510 esse

405 2530 575 2577 constat)
606 2529 747 2565 indutas
784 2530 917 2576 fuisse,
957 2533 1051 2565 teste

405 2583 540 2621 Pollue.
563 2584 651 2630 Vll,
677 2588 728 2625 61
759 2585 837 2622 coll.
865 2586 1052 2632 Heringae

407 2639 519 2676 obss.
547 2654 576 2677 c.
593 2640 642 2676 lll
668 2654 703 2690 p.
724 2644 789 2682 29.
811 2643 865 2682 30
892 2646 928 2678 et
955 2640 1051 2677 Pau-

406 2707 484 2732 san.
504 2695 561 2743 11,
593 2699 666 2744 20,
697 2699 757 2745 qui
777 2701 910 2743 narrat,
941 2696 1050 2733 Cleo-

406 2751 478 2788 bim
499 2756 534 2788 et
556 2753 741 2799 Bitonem,
772 2753 880 2801 Argis
899 2754 935 2789 in
959 2757 1049 2790 tem-

405 2807 467 2856 plo
492 2806 666 2856 Apollinis
682 2809 784 2856 Lycii
802 2809 838 2845 in
871 2822 1048 2846 marmore

406 2863 601 2910 exhibitos,
630 2869 779 2904 matrem
797 2865 981 2912 vehentes,
1003 2865 1049 2903 de

563 977 722 1021 Σόλων
750 976 829 1034 μὲν
857 976 904 1021 δὲ
923 974 1202 1032 εὐδαιμονίης
1232 979 1449 1031 δευτερεῖα
1479 977 1600 1032 ἔνεμε
1635 977 1778 1020 τού-85

449 1068 573 1102 τοισι.
604 1060 797 1112 Κροῖσος
818 1056 864 1100 δὲ
882 1055 1118 1111 σπερχθεὶς,
1151 1053 1262 1098 εἶπε·
1293 1050 1367 1107 „³52
1391 1057 1497 1107 ξεῖνε
1513 1053 1732 1111 Ἀθηναῖε,

449 1136 513 1193 ,,ἡ
543 1137 589 1181 δὲ
618 1134 799 1193 ἡμετέρη
838 1132 1093 1190 εὐδαιμονίη
1133 1134 1248 1177 οὕτω
1286 1150 1355 1178 τοι
1393 1133 1656 1189 ἀπέρριπται
1691 1135 1735 1185 ἐς

447 1214 534 1267 ,,τὸ
585 1216 743 1273 μηδὲν,
797 1213 904 1259 ὥστε
951 1211 1055 1257 οὐδὲ
1105 1212 1312 1257 ἰδιωτέων
1364 1211 1541 1269 ἀνδρῶν
1586 1212 1735 1266 ἀξίους

1125 1422 1198 1458 quo
1219 1407 1354 1446 consul.
1376 1408 1554 1458 Bottiger.
1574 1409 1778 1458 Knnstmy-

1124 1466 1210 1501 thol.
1246 1466 1280 1501 d.
1309 1466 1399 1502 luno
1431 1479 1466 1515 p.
1500 1467 1593 1506 132.
1636 1466 1778 1502 Bitonis

1123 1526 1264 1557 taurum
1302 1521 1461 1558 humeris
1490 1523 1668 1570 gestantis
1701 1526 1779 1559 sta-

1123 1581 1221 1614 tuam
1252 1579 1289 1614 in
1317 1578 1446 1615 eodem
1480 1578 1655 1627 Apollinis
1685 1582 1779 1616 tem-

1123 1633 1183 1683 plo
1223 1646 1334 1683 supra
1374 1635 1446 1670 iam
1497 1635 1777 1671 memoravimus

1123 1702 1196 1725 una
1225 1703 1306 1727 cum
1333 1690 1566 1727 celeberrimo
1596 1691 1777 1740 epigram-

1123 1750 1232 1783 mate.

1297 1857 1407 1908 Cap.
1437 1857 1592 1894 xxxn.

1178 1938 1314 1980 Σόλων
1343 1938 1415 1992 μὲν
1439 1938 1481 1980 δὲ
1502 1962 1558 1968 -
1587 1936 1777 1988 τούτοισι]

1122 1997 1144 2033 ἰ.
1164 2010 1194 2033 e.
1222 1997 1428 2044 „secundas
1451 1997 1645 2047 felicitatis
1657 2002 1778 2048 partes

1122 2053 1177 2089 liis
1200 2054 1361 2090 trz'buit.“
1391 2053 1511 2092 Dictio
1541 2055 1680 2091 redolet
1701 2068 1777 2092 cer—

1119 2110 1255 2146 tamina
1283 2110 1506 2146 Graecorum
1527 2111 1695 2158 gymnica
1722 2110 1777 2147 lu-

1120 2166 1261 2214 dosque
1273 2195 1282 2212 ,
1312 2166 1372 2201 ubi
1390 2166 1477 2201 haec
1491 2167 1601 2202 verba
1618 2166 1777 2215 plerum-

1120 2234 1190 2270 que
1223 2222 1269 2257 de
1302 2221 1473 2257 iudicibus
1494 2235 1521 2256 s.
1542 2223 1775 2270 agonothetis

1119 2281 1329 2322 occurrunt,
1369 2277 1428 2325 qui
1455 2279 1610 2327 primas,
1647 2292 1776 2316 secun-

1120 2334 1185 2369 das
1216 2333 1421 2370 decernunt.

1173 2416 1202 2466 η’
1221 2413 1262 2454 δὲ
1278 2414 1446 2468 ἡμετέρη
1467 2412 1697 2470 εὐδαιμονίη
1716 2441 1772 2448 --

1119 2469 1256 2523 μηδὲν]
1288 2473 1309 2509 i.
1328 2486 1358 2509 e.
1377 2478 1495 2510 nostra
1506 2474 1670 2524 felicitas
1688 2476 1774 2513 adeo

1117 2529 1179 2565 abs
1203 2532 1233 2564 te
1255 2530 1291 2564 in
1316 2530 1462 2566 nihilum
1485 2533 1673 2580 proz‘e'cz‘tur
1697 2533 1719 2569 i.
1740 2546 1771 2571 e.

1116 2585 1223 2621 nilee'lc'
1268 2589 1496 2632 aestimatur,
1551 2588 1648 2625 millo
1699 2588 1773 2626 loco

1117 2646 1280 2677 censetur.
1315 2643 1386 2679 Ubi
1411 2643 1586 2692 particula
1607 2643 1649 2683 δὲ
1667 2645 1771 2682 initio

1116 2699 1291 2735 sermonis
1327 2711 1400 2735 non
1423 2699 1684 2738 adversativam
1713 2714 1772 2739 re-

1115 2754 1206 2790 tinet
1244 2756 1335 2801 vim,
1376 2755 1442 2792 sed
1479 2761 1589 2805 auget
1617 2758 1687 2794 vim
1715 2758 1771 2793 in·-

1115 2811 1393 2858 terrogationis,
1434 2824 1541 2860 quam
1579 2826 1640 2850 rex
1675 2813 1769 2850 indi-

1114 2867 1330 2914 gnabundus
1355 2867 1439 2905 edit.
