1877 3223
298 501 364 546 53

93 567 257 601 Utriusque
300 574 364 593 ora-

94 602 152 628 culi
163 602 199 628 de
210 599 285 629 bello
295 600 366 627 Pcr-

94 635 136 662 sis
154 633 309 662 inferendo
320 642 365 661 re-

94 677 212 704 sponsa.

412 223 496 264 126

840 221 1304 264 HERODOTI

411 330 460 375 έν
491 327 682 389 Θήβῃσι,
721 331 795 375 καὶ
832 333 1038 388 Θηβαίων
1072 333 1121 378 ἐν
1156 338 1216 392 τῷ
1245 336 1339 392 νηῷ
1367 337 1446 379 τοῦ
1471 333 1708 393 ’Ῐσμηνίουι

410 409 691 463 Ἀπόλλωνος.

527 495 650 535 Τοῖσι
687 492 732 537 δὲ
767 491 888 549 ἄγειν
926 493 1132 549 μέλλουσι
1169 496 1260 536 τῶν
1286 494 1448 536 Λυδῶν
1474 497 1609 538 ταῦτα
1636 493 1690 539 τὰ

410 573 531 627 δῶρα
562 571 603 623 ἐς
631 570 684 614 τοὶ
714 572 787 628 ἱροὶ
815 572 1048 617 ἐνετέλλετο
1088 572 1112 616 ὁ
1147 575 1337 627 Κροῖσος
1374 572 1610 627 ἐπειρωτᾶν
1637 572 1690 617 τοὶ

409 648 665 707 χρηστήρια,
705 651 742 695 εἰ
771 652 1052 709 στρατεύηται
1079 651 1150 696 ἐπὶ
1176 652 1351 708 Πέρσας
1377 655 1589 708 Κροῖσος,
1618 652 1694 696 καὶ

369 841 414 877 ab
436 840 575 877 urbium
595 838 800 876 nominibus
829 841 877 877 ad
898 853 1020 879 earum

369 896 504 934 incolas
526 896 623 933 haud
645 908 727 932 raro
748 901 944 934 occurrant.
964 918 1020 925 —-

370 952 586 990 Particulam
624 951 689 990 καὶ
747 951 818 1000 (ἐν
851 949 1021 1006 Θήβῃσι,

371 1008 460 1048 καὶ
494 1008 712 1059 Θηβαίων)
742 1020 817 1045 non
847 1008 1021 1059 copulati-

372 1078 453 1103 vam
472 1065 507 1103 h.
530 1065 552 1102 l.
580 1078 662 1103 esse
686 1065 753 1102 sed
775 1065 1022 1115 explicativam

373 1123 519 1172 (idque,
550 1122 683 1172 eaque)
713 1126 837 1160 monet
869 1122 923 1158 vir
957 1122 1024 1158 do-

374 1184 451 1216 ctus
472 1179 508 1215 in
537 1178 646 1216 Mcm.
679 1179 725 1216 de
745 1178 881 1216 l’Acad.
911 1179 945 1215 d.
963 1177 1025 1214 In-

373 1235 498 1285 script.
529 1234 576 1272 T.
605 1234 673 1271 VII
714 1235 859 1282 (Paris.
887 1233 1023 1282 1824)

373 1305 460 1343 pag.
481 1293 546 1332 39.
605 1290 703 1329 Nam
723 1291 863 1329 Thebis
883 1294 914 1327 et
946 1293 1025 1341 qui-

375 1348 450 1386 dem
473 1348 509 1383 in
533 1346 711 1396 Apollinis
729 1348 865 1397 templo
883 1348 1025 1397 reposi-

373 1409 412 1442 ta
442 1417 524 1442 esse
556 1403 716 1440 donaria.
773 1403 832 1440 De
866 1400 1024 1455 Θήβῃσι

375 1461 462 1511 (pro
476 1454 648 1508 Θήβαις)
679 1459 858 1496 ubimodo
880 1459 1024 1496 additur

374 1515 502 1553 vocula
522 1514 564 1554 ἐν
576 1544 587 1562 ,
605 1516 715 1552 modo
732 1516 918 1562 omittitur,
941 1528 1026 1552 con-

377 1572 445 1610 sul.
463 1571 646 1610 Schacfer.
669 1572 717 1608 ad
732 1571 915 1610 Lambert.
935 1572 1024 1609 Bos.

377 1630 425 1666 de
442 1627 571 1677 Ellips.
598 1640 683 1678 pag.
716 1630 808 1669 699.
842 1628 905 1665 Cr.
926 1628 1027 1665 addit

376 1685 478 1724 Bast.
499 1683 626 1722 Lettre
644 1685 758 1734 critiq.
779 1697 864 1734 pag.
888 1684 979 1726 152.

434 1739 476 1779 ἐν
507 1742 562 1792 τῷ
597 1742 684 1794 νηῷ
724 1743 798 1779 τοῦ
828 1736 1026 1791 Ἰσμηνίου

375 1791 644 1846 Ἀπόλλωνος]
714 1797 788 1840 Qui
845 1796 1027 1847 peculiare

377 1852 588 1902 Amphiarai
610 1852 778 1890 sacellum
794 1850 973 1902 Apollinis
994 1853 1029 1889 in

376 1907 512 1958 templo
544 1907 725 1945 Thebano
753 1908 867 1946 fuisse
905 1909 1028 1946 existi-

376 1968 498 2011 mant,
529 1964 571 2000 iis
591 1964 733 2001 videtur
754 1965 938 2001 adversari
948 1964 1028 2001 No-

379 2021 445 2058 stri
465 2020 564 2057 locus
584 2019 688 2067 Vlll,
713 2020 804 2061 134.
837 2020 920 2063 Qua
939 2032 1027 2071 pro-

379 2080 463 2128 pter
480 2076 599 2113 malim
625 2080 804 2123 statuere,
840 2075 931 2114 haec
961 2077 1029 2113 do-

380 2133 482 2170 naria
517 2132 712 2181 antiquitus
747 2133 785 2170 in
819 2131 1028 2182 Amphiarai

380 2188 516 2239 templo
529 2217 540 2236 ‚
573 2189 633 2225 ubi
652 2188 832 2226 oraculum
846 2193 924 2227 erat
934 2188 1025 2236 (vid.

380 2245 417 2293 Ι,
441 2246 515 2292 46)
545 2245 717 2283 collocata
736 2246 865 2292 fuisse,
889 2249 1026 2283 ettem-

383 2314 513 2352 porum
536 2302 688 2338 decursu
718 2300 867 2340 Thebas
907 2300 1027 2338 ablata

384 2358 505 2406 ibique
523 2356 696 2407 Apollinis
717 2358 863 2396 Ismenii
884 2357 920 2394 in
941 2360 1034 2394 tem-

383 2413 470 2464 plo,
500 2413 561 2450 ubi
588 2418 623 2451 et
653 2414 771 2464 ipsum
802 2414 870 2452 fuit
908 2425 1033 2450 oracu-

385 2469 481 2517 lum,
520 2470 680 2520 reposita
709 2476 745 2509 et
773 2469 955 2508 Herodoti
985 2468 1033 2505 ad

386 2530 544 2563 aetatem
589 2539 702 2575 usque
748 2530 902 2565 servata.
974 2523 1033 2562 De

386 2581 545 2631 Apolline
577 2580 724 2619 Ismenia
750 2583 835 2621 alibi
862 2582 1033 2620 dicemus,

601 2683 631 2720 C
645 2696 711 2734 ap.
734 2683 832 2722 LIII.

446 2748 483 2789 εἰ
500 2747 754 2802 στρατεύηται
783 2749 848 2791 ἐπὶ
879 2749 1037 2803 Πέρσας

391 2807 576 2858 Κροῖσος,
599 2806 666 2846 καὶ
693 2808 731 2847 εἴ
753 2823 842 2847 τινα
873 2804 1037 2859 στρατὸν

389 2857 551 2915 ἀνδρῶν
601 2862 838 2916 προσθέοιτο
892 2861 1035 2914 φίλον]

1087 840 1194 879 Unus
1214 839 1305 878 liber
1340 836 1610 892 στρατεύοιτο,
1640 840 1739 890 quod

1088 910 1204 946 aeque
1235 898 1422 935 reiecimus
1458 902 1569 947 atque
1592 909 1740 948 προσ-

1087 952 1304 1002 θέηται,
1332 958 1373 990 ut
1413 953 1496 991 olim
1525 955 1738 1004 impressum

1089 1009 1303 1057 legebatur,
1331 1009 1523 1059 probatum
1543 1010 1739 1048 Schacfero

1089 1066 1135 1102 ad
1175 1064 1361 1102 Lambert.
1391 1065 1478 1102 Bos.
1511 1066 1557 1103 de
1590 1065 1739 1116 Ellipss.

1089 1121 1134 1160 L.
1160 1122 1226 1158 Gr.
1247 1134 1333 1171 pag.
1356 1121 1439 1162 754
1462 1125 1498 1159 et
1515 1121 1671 1159 Werfer.
1702 1122 1741 1158 in

1090 1178 1183 1216 Actt.
1203 1177 1302 1228 phill.
1322 1177 1486 1215 Monacc.
1514 1177 1531 1215 Ι
1548 1190 1634 1228 pag.
1657 1180 1740 1219 231

1088 1235 1218 1271 iisdem
1239 1235 1286 1272 de
1305 1234 1444 1281 causis,
1473 1238 1624 1285 propter
1651 1246 1742 1284 quas

1092 1303 1202 1341 supra
1225 1290 1261 1337 I,
1292 1290 1345 1331 46
1373 1291 1571 1340 optativum
1599 1289 1745 1341 ἐπιχει-

1093 1345 1175 1398 ρέοι
1197 1346 1233 1383 in
1255 1346 1515 1384 coniunctivum
1546 1344 1742 1400 ἐπιχειρέῃ

1090 1407 1266 1440 mutatum
1299 1402 1495 1440 voluerant.
1561 1402 1742 1453 Equidem

1092 1459 1312 1509 optativum,
1355 1471 1378 1495 a
1405 1459 1613 1497 melioribus
1639 1459 1743 1496 libris

1092 1515 1380 1553 commendatum
1396 1544 1407 1562 ‚
1461 1516 1629 1565 praefero
1655 1528 1743 1566 pro-

1093 1576 1177 1622 pter
1209 1572 1280 1608 vim
1304 1571 1563 1621 potentialem,
1592 1585 1673 1609 cum
1706 1572 1744 1608 in

1092 1627 1316 1665 coniunctivo
1344 1628 1404 1677 qui
1425 1628 1625 1676 antecedit,
1655 1627 1745 1666 deli-

1093 1684 1244 1721 berandi
1265 1683 1365 1720 notio
1387 1684 1481 1721 insit.
1516 1684 1644 1733 Itaque
1665 1696 1744 1721 cum

1092 1740 1304 1777 Hermanno
1321 1740 1389 1787 (ad
1405 1739 1528 1788 Viger.
1541 1752 1626 1790 pag.
1641 1740 1745 1789 947)

1095 1797 1147 1833 sic
1174 1800 1295 1833 verto:
1341 1809 1425 1842 „an
1453 1795 1585 1833 deberet
1620 1795 1746 1834 bellum

1094 1852 1225 1902 inferre
1250 1850 1369 1888 Persis
1402 1855 1435 1888 et
1463 1865 1509 1889 an
1534 1856 1651 1902 posset
1678 1853 1748 1890 sibi

1095 1909 1231 1959 aliquos
1254 1910 1362 1944 socios
1378 1907 1609 1957 adiungeref‘
1663 1907 1746 1948 Nec

1095 1964 1198 2002 aliter
1216 1964 1414 2012 Matthiae,
1442 1969 1518 2002 tum
1546 1965 1584 2002 in
1613 1965 1746 2003 Gram-

1094 2025 1180 2059 mat.
1203 2020 1270 2057 Gr.
1300 2019 1342 2072 ἓ.
1367 2022 1469 2069 516,
1489 2022 1516 2062 3
1543 2034 1630 2072 pag·
1649 2021 1745 2069 985,

1093 2082 1169 2114 tum
1191 2077 1228 2113 in
1248 2081 1336 2114 nota
1356 2077 1404 2114 ad
1424 2077 1458 2114 h.
1472 2076 1517 2114 l.:
1546 2106 1572 2124 ‚‚
1586 2077 1622 2116 εἰ
1632 2088 1743 2128 στρα-

1094 2129 1275 2183 τεύηται,
1307 2133 1345 2168 ob
1366 2145 1400 2169 er
1422 2132 1539 2169 zt'elien
1557 2133 1676 2180 sollte,
1697 2147 1745 2170 an

1092 2192 1207 2239 ipsum
1230 2188 1475 2237 expeditionem
1499 2188 1624 2238 facere
1648 2190 1746 2226 iube-

1093 2250 1145 2282 ret
1179 2258 1230 2281 sc.
1259 2245 1370 2291 ‹leus3
1425 2243 1460 2283 εἰ
1486 2243 1738 2295 προσθέοιτο,

1093 2315 1140 2339 an
1149 2302 1236 2351 fieri
1248 2304 1383 2350 posset,
1423 2304 1464 2337 ut
1483 2302 1552 2338 sibi
1570 2302 1748 2352 adiunge-

1099 2362 1151 2396 ret
1181 2359 1311 2401 socios;
1358 2357 1493 2408 quippe
1521 2359 1594 2407 qua
1632 2359 1679 2396 de
1703 2371 1745 2397 re

1099 2414 1217 2452 adhue
1237 2413 1391 2450 dubitari
1407 2417 1571 2464 poterat,
1599 2426 1647 2452 an
1674 2415 1746 2466 ipsi

1100 2470 1317 2507 succederet.
1362 2469 1459 2506 Satis
1476 2471 1607 2520 opinor
1625 2483 1668 2509 cx
1688 2471 1745 2508 his

1099 2530 1273 2577 apparet,
1303 2525 1463 2576 optativo
1485 2527 1522 2563 in
1551 2527 1746 2565 coniuncti-

1100 2596 1185 2619 vum
1203 2587 1340 2619 mutato
1367 2581 1473 2618 aliam
1498 2595 1648 2633 prorsus
1677 2583 1746 2621 loci

1101 2640 1180 2677 fore
1202 2638 1418 2677 sententiam
1447 2651 1599 2689 eamque
1626 2640 1685 2677 vix
1705 2652 1746 2677 a-

1101 2696 1266 2746 ptiorem.
1331 2694 1449 2732 Aliam
1483 2695 1745 2745 interpretandi

1102 2753 1277 2789 rationem
1323 2751 1515 2802 proposuit
1557 2750 1745 2799 Matthiae,

1104 2809 1176 2857 qua
1211 2809 1411 2845 orationem
1453 2807 1634 2858 obliquam
1665 2819 1745 2845 cum

1104 2867 1200 2902 recta
1219 2865 1366 2902 mixtam
1393 2867 1430 2902 et
1450 2865 1634 2902 confusam
1663 2875 1744 2901 esse
