1909 3228
431 165 515 205 792

826 164 1293 204 HERODOTI

102 279 383 350 {gffiesssffssffg
439 273 624 317 ἕκαστον
649 274 785 327 τριῶν
799 271 1025 328 πλέθρων,
1056 271 1215 328 ἐούσης
1234 272 1530 329 τετραγώνου,
1560 276 1690 318 λίθου

105 347 272 374 ladmonem

316 356 382 375 curn

107 382 220 415 Aesopo
230 382 381 410 serviit-ae.

438 353 484 396 δὲ
513 352 557 403 ἐς
585 349 633 394 τό
664 349 797 406 ἥμισυ
820 353 1109 395 Αἰθιοπικοῦ·
1139 351 1218 408 τὴν
1239 353 1292 409 δὴ
1310 354 1566 408 μετεξέτεροί
1585 365 1692 409 φασι

428 429 644 485 Ἑλλήνων
685 427 923 480 Ῥοδώπιος
961 430 1130 486 ἑταίρης
1170 432 1378 485 γυναικὸς
1413 429 1525 475 εἶναι
1548 464 1559 484 ,
1610 432 1747 476 οὐκ45

405 507 586 563 Ωόρθῶς
624 507 831 563 λέγοντες.
890 507 946 553 ov'
978 509 1024 553 δὲ
1054 504 1117 552 ὦν
1146 509 1249 553 οὐδὲ
1287 508 1447 562 εἰδότες
1485 527 1561 566 μοι
1590 513 1691 566 φαί-

434 603 589 631 νονται
618 587 755 650 λέγειν
784 582 908 631 οὗτοι
937 586 1029 644 ἥτις
1053 583 1108 644 ἦν
1134 588 1161 644 ἦ
1187 586 1410 640 Ῥοδῶπις·
1444 588 1497 633 οὐ
1525 589 1610 645 γὰρ
1642 590 1694 633 ἄν

436 667 481 709 οἱ
507 668 731 721 πυραμίδα
762 665 977 712 ἀνέθεσαν
1005 665 1276 725 ποιήσασθαι
1295 667 1526 725 τοιαύτην,
1557 668 1599 720 ἐς
1617 667 1694 725 τήν

382 844 504 877 tamen
523 839 609 876 mihi
629 839 688 876 ille
715 840 906 889 persuasit.
950 839 1034 878 Vid.

382 895 561 933 Matthiae
581 896 646 933 Gr.
666 895 795 933 Graec.
829 894 866 947 ἓ.
886 896 989 944 427,
1012 897 1034 934 b

383 964 470 1003 pag.
490 953 595 999 788,
628 951 688 988 ubi
715 951 820 989 huius
848 953 916 990 loci
942 953 1036 990 ratio

384 1009 576 1058 exponitur
589 1037 600 1055 ,
629 1012 666 1045 et
685 1009 810 1046 confer
833 1021 943 1059 supra
959 1009 1037 1046 He-

384 1065 463 1101 rod.
488 1064 525 1111 I,
544 1065 608 1106 94.
639 1084 695 1092 --
729 1065 840 1108 Quod
862 1066 910 1102 ad
925 1078 1036 1114 argu-

384 1124 545 1158 mentum
587 1120 656 1158 loci
700 1121 857 1168 attinet,
910 1125 1036 1159 monet

384 1176 602 1225 Schweigh.‚
631 1189 832 1225 congruere
849 1189 1035 1215 mensuras

385 1233 432 1270 ab
448 1233 642 1270 Herodoto
671 1233 847 1270 indicatas
873 1247 954 1271 cum
982 1235 1037 1282 iis,

386 1302 476 1338 quas
506 1289 684 1327 invenerit
709 1290 893 1337 Grobert,
921 1291 1038 1341 ipsam

387 1346 610 1396 pyramidem
638 1347 861 1393 demetiens,
890 1347 938 1384 de
966 1360 1039 1395 qua

389 1402 440 1439 sic
457 1402 579 1439 scribit
601 1402 731 1450 Zoega
756 1402 778 1439 l.
799 1402 822 1438 l.
845 1416 932 1453 pag.
955 1403 1039 1444 412

389 1457 503 1505 (nam
549 1458 667 1495 adhuc
706 1457 766 1495 illa
805 1460 1039 1509 superstes):

389 1542 415 1562 „
428 1535 483 1541 —
503 1513 572 1550 hoc
597 1518 845 1563 transgressus
866 1515 966 1552 venis
991 1515 1040 1552 ad

388 1570 635 1621 pyramidem,
673 1583 781 1619 quam
810 1576 942 1608 vocant
970 1575 1040 1607 ter-

388 1628 499 1673 tiam,
519 1626 676 1676 amplam
696 1627 836 1663 circiter
856 1628 1041 1677 pedester

390 1686 562 1719 centenos
581 1710 592 1729 ,
634 1682 886 1719 structionibus
927 1685 1040 1721 ferme

389 1737 617 1788 bipedalibus
665 1739 898 1788 septuaginta
947 1744 1043 1786 octo,

390 1794 569 1842 graduum
589 1794 704 1830 instar
727 1806 917 1830 ascensum
935 1807 1041 1845 prae-

389 1849 558 1887 bentibus
577 1850 624 1886 ad
640 1851 833 1897 verticem,
861 1851 923 1899 qui
947 1864 1043 1888 nunc

389 1906 536 1954 fastigio
549 1917 674 1943 carens
686 1906 778 1943 latus
794 1910 849 1943 est
860 1907 908 1943 ad
923 1908 1042 1945 orien-

389 1966 464 2000 tem
496 1962 610 2012 pedes
645 1962 858 2010 duodecim,
898 1964 946 2000 ad
973 1963 1040 2000 bo-

389 2031 489 2056 ream
514 2019 800 2068 quatuordecim.
838 2020 1041 2057 Aedificata

391 2079 448 2112 est
472 2086 514 2112 ex
535 2075 666 2112 eodem
684 2074 830 2126 lapide,
862 2088 935 2125 quo
959 2079 1042 2113 sunt

390 2131 571 2179 reliquae:
602 2135 639 2168 at
658 2131 912 2169 circumiacent
931 2132 1043 2169 multa

392 2187 558 2237 granitici
588 2188 663 2224 saxi
694 2188 892 2237 fragmina,
931 2199 1044 2238 atque

390 2245 428 2280 in
449 2243 531 2293 ipsa
547 2243 641 2280 mole
657 2243 739 2281 hinc
763 2248 799 2281 et
817 2244 909 2281 illinc
928 2246 1044 2282 offen-

393 2301 527 2336 duntur
565 2300 667 2337 huius
712 2301 855 2350 generis
901 2300 1042 2351 lapides

392 2356 620 2404 longitudine
640 2356 938 2408 quinquepedali:
969 2370 1042 2406 quo

394 2412 557 2449 firmatur
605 2417 768 2450 veterum
827 2413 1044 2464 scriptorum

394 2468 556 2505 narratio
572 2497 583 2516 ,
642 2469 849 2506 inferiorem
905 2474 1044 2519 partem

395 2528 595 2561 contectam
643 2526 752 2563 fuisse
789 2526 879 2562 duro
923 2525 1045 2575 lapide

395 2580 441 2616 ab
459 2579 673 2631 Aethiopiae
695 2582 826 2618 finibus
854 2582 1044 2619 advecto.“

396 2636 505 2673 Conf.
534 2636 686 2674 Diodor.
719 2638 827 2675 Sicul.
855 2637 894 2685 I,
925 2637 978 2679 64
1009 2642 1045 2675 et

396 2690 508 2728 Beck.
536 2691 666 2731 Anleit.
692 2707 758 2731 zur
784 2693 1007 2744 Weltgesch.
1028 2694 1044 2732 Ι

396 2759 483 2797 pag.
503 2750 597 2788 713.

453 2802 572 2842 λίθου
586 2802 628 2843 δὲ
650 2803 689 2852 ἐς
705 2802 746 2845 τὸ
763 2801 888 2857 ἥμισυ
903 2805 1045 2846 Αἰθιο-

1100 838 1244 891 πικοῦ]
1292 840 1352 879 De
1401 840 1517 891 lapide
1553 840 1754 892 Aethiopico

1101 899 1196 936 conf.
1227 901 1318 934 nott.
1347 898 1396 934 ad
1425 898 1478 945 ll,
1500 901 1591 938 127.

1159 949 1207 992 οὗ
1233 951 1274 991 δὲ
1301 947 1356 992 ὦν
1382 950 1475 992 ου’ὁὲ
1496 949 1643 1000 εἰδότες
1664 969 1700 993 κ.
1720 967 1752 992 τ.

1102 1008 1158 1060 λ.]
1208 1010 1292 1047 Hoc
1325 1021 1367 1047 ex
1404 1009 1483 1046 loco
1522 1011 1753 1048 manifestum

1105 1079 1187 1104 esse
1221 1070 1326 1115 putat
1354 1065 1484 1114 Zo'ega
1510 1067 1556 1102 de
1588 1066 1753 1104 obeliscc.

1102 1136 1138 1174 p.
1160 1124 1243 1163 390
1278 1125 1352 1158 not.
1376 1126 1451 1169 22,
1492 1122 1656 1160 Graecos
1684 1123 1755 1159 iam

1103 1183 1190 1216 ante
1218 1178 1447 1215 Herodotum
1473 1178 1656 1215 historiam
1688 1191 1756 1229 py-

1103 1235 1281 1272 ramidum
1305 1235 1410 1272 variis
1445 1235 1561 1271 modis
1589 1235 1756 1272 turbasse

1106 1295 1218 1340 atque
1241 1303 1284 1328 ex
1312 1289 1573 1340 Aegyptiorum
1590 1291 1755 1328 traditio-

1106 1348 1212 1385 nibus
1244 1350 1306 1384 aut
1332 1360 1444 1397 prave
1474 1347 1664 1385 intellectis
1694 1349 1758 1384 aut

1108 1405 1195 1441 data
1234 1415 1347 1452 opera
1388 1405 1614 1440 commutatis
1661 1415 1755 1449 eam,

1109 1472 1203 1509 quae
1219 1460 1267 1496 ad
1285 1472 1350 1495 nos
1370 1460 1589 1509 pervenerit,
1611 1471 1757 1496 consar-

1109 1517 1269 1561 cinasse,
1297 1528 1369 1563 qua
1400 1516 1598 1561 veriorem,
1628 1515 1759 1552 Mane-

1106 1572 1217 1609 thone
1240 1571 1433 1621 deperdito
1448 1600 1459 1619 ,
1494 1572 1653 1608 invenire
1681 1583 1759 1608 am-

1107 1628 1200 1678 plius
1224 1640 1297 1663 non
1323 1627 1437 1664 liceat.
1496 1628 1580 1664 Hoc
1606 1640 1650 1664 ex
1676 1627 1759 1664 Ma-

1107 1683 1276 1720 nethonis
1327 1684 1538 1732 fragmentis
1594 1683 1760 1732 intelligi,

1108 1739 1307 1788 Rhodopin
1324 1738 1419 1775 illam
1437 1739 1481 1775 ab
1501 1740 1759 1788 interpretibus

1108 1799 1266 1832 creatam
1286 1808 1367 1832 esse
1389 1808 1431 1833 ex
1448 1794 1658 1841 Nitocride,
1687 1794 1762 1832 Ae-

1108 1852 1212 1901 gypti
1232 1851 1380 1899 regina,
1410 1852 1465 1887 cui
1490 1851 1652 1887 nonnulli
1667 1851 1760 1888 hanc

1107 1907 1333 1958 pyramidem
1367 1908 1568 1944 tribuerint.
1635 1906 1760 1945 videri

1108 1968 1230 2001 autem
1255 1963 1337 2001 hinc
1353 1963 1492 2001 Arabes
1522 1976 1647 2000 ansam
1669 1964 1759 2000 arri-

1107 2021 1250 2071 puisse,
1275 2024 1316 2056 ut
1342 2020 1377 2056 in
1405 2033 1476 2057 una
1504 2033 1547 2058 ex
1563 2020 1762 2070 pyramidi-

1109 2078 1176 2114 bus
1201 2076 1299 2125 genii
1319 2075 1397 2112 loco
1415 2077 1578 2113 habitare
1597 2076 1760 2113 dicerent

1110 2133 1293 2170 mulierem
1311 2134 1445 2170 nudam
1465 2132 1617 2180 insignis
1628 2132 1760 2182 pulcri-

1109 2189 1266 2236 tudinis,
1304 2201 1399 2238 quae
1425 2193 1572 2239 aspectu
1604 2201 1667 2225 suo
1694 2189 1760 2224 ho-

1110 2245 1225 2283 mines
1272 2258 1394 2282 amore
1437 2245 1594 2282 insanire
1638 2245 1760 2282 faciat.

1108 2300 1212 2339 Haec
1248 2301 1397 2349 Zoega3
1445 2301 1613 2350 equidem
1654 2300 1693 2337 in
1719 2313 1760 2338 re

1110 2357 1216 2395 valde
1240 2357 1374 2394 lubrica
1398 2362 1507 2406 atque
1523 2358 1659 2394 ineerta
1672 2370 1758 2407 pro-

1110 2415 1276 2450 nuntiare
1298 2413 1421 2460 nolim,
1439 2426 1658 2463 quamquam
1675 2426 1759 2463 pro-

1112 2470 1200 2507 clive
1228 2470 1370 2507 videtur
1399 2483 1443 2507 cx
1480 2483 1544 2517 eo,
1582 2471 1681 2518 quod
1713 2470 1761 2507 de

1112 2527 1217 2563 unius
1246 2527 1441 2575 pyramidis
1473 2530 1620 2564 auctore
1648 2527 1762 2563 ambi-

1112 2584 1280 2632 gebatur,
1305 2586 1504 2620 ceterarum
1528 2595 1676 2631 quoque
1694 2595 1762 2632 py-

1111 2639 1288 2676 ramidum
1310 2643 1475 2677 auctores
1505 2640 1659 2676 incertos
1687 2643 1762 2676 sta-

1111 2700 1213 2733 tuere
1230 2724 1241 2743 ,
1281 2707 1398 2744 eaque
1436 2695 1527 2733 salsa
1565 2694 1760 2742 declarare,

1113 2764 1207 2802 quae
1229 2752 1276 2789 de
1299 2752 1342 2788 iis
1361 2752 1575 2803 accepimus.

1170 2802 1220 2847 οὔ
1236 2804 1311 2860 γὰρ
1331 2805 1382 2847 ἄν
1402 2807 1443 2847 οἱ
1459 2806 1664 2859 πυραμίδα
1675 2801 1759 2845 vivi}-
