1845 3223
411 214 438 252 2
820 207 1282 247 HERODOTI

413 318 511 373 ἥδε·
544 315 602 369 ὥς
629 317 734 374 μήτε
771 318 824 361 τὰ
861 316 1072 374 γενόμενα
1109 315 1153 368 ἐξ
1182 315 1431 371 ἀνθρώπων
1458 319 1519 374 τῷ
1546 314 1688 374 χρόνῳ

370 507 630 554 proposuerat,
679 514 773 538 nunc
810 507 849 538 ut
880 500 1023 538 absolu-

373 564 447 595 tum
469 559 543 595 edit
562 558 764 606 vulgatque.
809 558 905 594 Hinc
924 551 1024 596 ἆπό-

374 615 514 661 ὀειξις,
558 619 596 649 ut
637 614 898 662 wyttenbachii
945 618 1025 649 utar

374 671 490 706 verbis
507 669 649 706 Selectt.
670 670 857 706 Historicc.
879 683 914 719 p.
931 670 1027 715 339,

376 732 432 763 est
450 725 620 761 absolutio
632 754 642 771 ,
667 725 810 774 publica
825 728 1026 775 propositio,

379 783 585 831 ostensioque
607 780 758 817 absoluti
779 784 898 831 operis.
929 782 1028 818 Con-

381 840 537 874 serantur
553 837 612 873 alii
627 838 810 887 scriptoris
829 839 940 874 nostri
962 837 1029 873 loci

379 895 407 938 l,
428 897 506 934 207
530 893 590 929 sin.
620 893 666 939 ll,
691 896 780 934 101.
804 894 892 934 148.
936 893 1032 930 Hinc

380 949 622 999 philosophis,
689 950 815 987 eodem
862 953 1031 986 monente

381 1005 668 1053 U‘yttenbachio,
696 1005 951 1052 demonstratio,
972 1018 1030 1042 re-

380 1069 458 1097 mae
506 1062 675 1098 scientiae
721 1062 880 1099 ess'ectrix
921 1074 1030 1110 argu-

381 1118 572 1163 mentatio,
612 1122 667 1154 est
693 1112 896 1165 ἀπόδειξις.
954 1118 1031 1155 Sed

381 1172 631 1223 Sophistarum
647 1178 701 1210 est
717 1173 901 1220 ἐπίδειξις
919 1177 1029 1210 osten-

380 1230 453 1273 sio,
492 1229 604 1264 oratio
642 1229 724 1265 ficta
766 1230 906 1280 publice
944 1243 1030 1280 pro-

379 1284 497 1334 posita
520 1289 555 1320 et
575 1284 623 1320 ad
643 1287 921 1322 ostentationem
933 1299 1030 1323 com-

380 1340 510 1389 posita.
529 1361 584 1367 --
607 1339 757 1392 ἱστορίη
783 1342 969 1389 indagatio
995 1345 1032 1378 et

379 1397 532 1443 cognitio
562 1408 692 1442 reram,
732 1410 824 1445 quae
857 1399 947 1433 fiunt
976 1397 1033 1433 sa-

379 1455 529 1499 etaeque
552 1456 646 1497 sunt,
676 1453 762 1499 sive,
792 1458 831 1489 ut
849 1452 1034 1500 Schweig-

385 1507 582 1544 lneuserus
599 1508 687 1555 xult,
714 1511 853 1554 notitia,
879 1508 1037 1545 doctrina

385 1562 654 1611 contemplando,
685 1565 954 1617 percunctando,
984 1567 1038 1601 in-

386 1616 550 1667 quirendo
571 1624 791 1669 comparata,
819 1634 914 1670 quae
946 1622 1038 1658 rese-

385 1678 484 1710 ratur
499 1679 573 1715 tum
597 1677 643 1712 ad
662 1689 839 1726 ea,q111e
859 1677 938 1726 quis
959 1678 1039 1727 ipse

386 1730 513 1767 viderit
523 1731 699 1780 noritque,
716 1738 789 1769 tuin
803 1734 850 1770 ad
869 1747 923 1780 ea,
945 1746 1039 1783 quae

388 1786 434 1821 ab
455 1786 533 1822 aliis
555 1787 768 1836 inquirendo
783 1793 818 1826 et
831 1790 1039 1838 indagando

387 1842 575 1890 acceperit.
603 1843 753 1881 Arctiori
768 1846 911 1894 quidem
931 1859 1041 1882 sensu

387 1896 596 1934 Herodotus
632 1899 811 1951 ἱστορίην
855 1902 1041 1949 distinguit

388 1951 434 1988 ab
467 1949 580 2000 οψει,
626 1968 697 2003 quo
739 1969 832 2004 quae
859 1958 938 2006 ipse
966 1958 1040 1992 suis

388 2007 498 2044 oculis
517 2023 672 2059 usurpax
675 2011 752 2058 erit,
779 2013 930 2059 indicet,
960 2026 1041 2049 cum

391 2062 542 2112 ἱστορία
570 2067 616 2101 ad
645 2080 688 2103 ea
716 2069 915 2116 pertineat,
947 2082 1041 2117 quae

391 2131 435 2155 ex
455 2119 616 2167 aliorum,
645 2136 737 2171 quos
754 2124 1039 2172 consuluit,nar-

392 2175 530 2213 ratione
566 2179 741 2215 fluxerint.
796 2180 877 2216 Yid.
907 2181 950 2227 ll,
987 2184 1040 2222 99

393 2231 477 2279 ibiq.
498 2237 584 2268 nott.
606 2233 648 2280 ΙΙ,
675 2237 762 2276 118.
793 2237 869 2273 Sed
890 2237 922 2273 h.
945 2237 967 2273 l.
990 2237 1040 2274 la-

394 2286 474 2322 tiori
498 2301 604 2324 sensu
631 2290 791 2328 adhibuit
808 2306 953 2339 vocem,
983 2307 1045 2330 cu-

396 2342 449 2378 ius
460 2344 519 2390 qui
541 2349 622 2393 post
634 2346 737 2383 suerit
747 2361 833 2384 usus
849 2362 892 2386 ac
908 2349 1048 2397 signifi-

397 2398 503 2444 catio,
535 2399 590 2436 hic
614 2414 792 2450 exponere
818 2418 891 2441 non
909 2407 1047 2442 attinet.

397 2452 778 2507 Fluxitin‹1e‚0pinor
797 2462 907 2508 quod,
921 2466 959 2497 ut
973 2475 1050 2497 mo-

398 2509 474 2545 nuit
493 2510 693 2549 Creuzerus
709 2518 822 2563 (conf.
834 2518 889 2554 eti
883 2530 940 2553 ‹un
955 2518 1049 2554 Hist.

399 2564 520 2602 Kunst
537 2567 602 2603 der
623 2569 686 2606 Gr.
705 2584 739 2620 p.
764 2572 842 2613 174
866 2586 919 2621 sq.
921 2575 954 2620 ),
977 2574 1050 2610 Po-

401 2618 514 2667 lybias
545 2636 636 2672 opus
668 2639 770 2663 suum
807 2629 938 2679 appell
938 2634 1052 2668 uerat

399 2674 573 2726 ἱστορίαν
602 2675 877 2734 οἷποδεικτικην
913 2686 972 2735 (I,
1012 2689 1047 2727 1.

402 2731 464 2772 14
491 2732 553 2779 ΠΙ,
573 2736 636 2775 31.
667 2737 709 2774 ἲ
731 2740 815 2786 75.)
843 2741 864 2777 i.
885 2755 915 2779 e.
935 2742 1048 2779 histo-

399 2787 486 2824 riam
517 2789 837 2843 demonstrativam,
868 2811 961 2846 quae
991 2799 1047 2835 ni-

398 2843 524 2882 minum
550 2859 591 2885 ex
611 2848 672 2895 iis,
703 2863 794 2899 quae
824 2859 929 2902 gesta
947 2859 1044 2903 sunt,

1079 500 1228 537 rationis
1265 512 1358 550 ope,
1403 500 1490 548 quid
1520 499 1584 537 fiat
1611 499 1735 538 fierive

1080 556 1234 603 debeat,
1275 555 1521 593 concludendo
1551 568 1735 593 common-

1079 616 1179 649 strat
1236 611 1297 649 Tu
1320 613 1404 649 add.
1422 611 1637 650 Dahlmann.
1655 611 1737 650 He-

1081 669 1198 706 rodot.
1227 680 1314 718 pag.
1344 670 1435 710 108.

1140 739 1193 770 ως
1216 721 1331 787 μήτε
1377 721 1426 763 τὰ
1461 719 1654 788 γενόμενα
1695 722 1736 772 ἐξ

1084 774 1314 832 ἀνθρώπων
1375 783 1430 835 τῷ
1483 776 1612 834 χρόνῳ
1662 779 1737 828 ἐξί-

1084 839 1183 886 τηλα
1233 823 1414 888 γένηται]
1486 838 1736 886 lungendum:

1086 908 1134 931 τα
1175 889 1369 945 γενόμενα
1414 892 1454 940 ἐξ
1494 888 1739 944 ἀνθρώπων,

1086 954 1125 985 ut
1163 949 1336 986 hominnm
1366 949 1477 999 facta
1517 963 1546 986 s.
1584 963 1638 986 res
1676 962 1740 998 ge-

1086 1009 1162 1042 stae
1211 1006 1447 1043 declarentur.
1510 1006 1623 1043 Haud
1680 1017 1739 1042 ra-

1085 1075 1126 1099 ro
1164 1062 1259 1099 enim
1297 1063 1510 1100 Herodotus
1549 1061 1741 1112 praeposi-

1083 1119 1218 1155 tionem
1233 1117 1271 1165 ἐξ
1295 1131 1360 1168 pro
1376 1114 1458 1157 ύπό
1478 1122 1640 1168 usurpat.
1679 1116 1743 1154 Tu

1084 1174 1220 1221 vid.11‚
1248 1174 1338 1220 148,
1371 1174 1462 1220 alia,
1491 1186 1585 1222 quae
1605 1173 1743 1210 dudum

1084 1231 1233 1281 protulit
1251 1230 1299 1265 u
1303 1230 1527 1278 esselingius.
1557 1229 1672 1265 Aliis
1664 1241 1745 1265 lun-

1086 1299 1174 1334 gere
1221 1285 1370 1335 placuit.
1429 1285 1468 1332 ἐξ
1514 1279 1745 1337 ανθρωπων

1087 1341 1263 1390 ἐξίτηλα,
1302 1341 1370 1378 hoc
1401 1342 1477 1378 sere
1511 1354 1640 1379 sensu:
1671 1353 1745 1388 „ne

1087 1410 1140 1433 res
1151 1402 1270 1445 gestae
1287 1401 1491 1435 evanescant
1510 1411 1552 1435 ea:
1572 1397 1746 1434 hominum

1089 1456 1249 1490 memoria
1263 1467 1326 1502 per
1352 1457 1510 1504 temporis
1526 1454 1747 1491 diuturnita-

1091 1512 1194 1546 teznf‘
1252 1510 1338 1553 Quo'
1371 1511 1500 1548 rectius
1528 1524 1609 1548 cum
1639 1510 1748 1559 Wyt-

1092 1566 1281 1604 teubachio
1299 1571 1435 1604 vertas:
1466 1570 1532 1614 „ut
1557 1579 1664 1617 neque
1691 1579 1747 1614 ea,

1095 1635 1183 1672 quae
1213 1623 1257 1658 ab
1292 1622 1484 1660 hominibus
1509 1623 1619 1674 facta
1652 1626 1748 1669 sunt,

1093 1678 1243 1716 evanida
1260 1679 1379 1728 fiant,
1409 1681 1430 1716 i.
1451 1693 1482 1718 e.
1503 1684 1546 1717 ut·
1561 1693 1668 1730 neque
1686 1679 1749 1716 lw-

1094 1737 1224 1771 minum
1236 1735 1347 1784 facta
1365 1736 1602 1774 diuturnitate
1620 1740 1749 1784 tempo-

1093 1794 1143 1828 ris
1165 1794 1201 1828 in
1220 1791 1418 1829 oblivionem
1437 1794 1601 1830 abeant.“
1630 1793 1752 1840 Atque

1096 1846 1287 1898 ἐξίτηλος,
1318 1850 1416 1897 quod
1459 1851 1604 1887 ductum
1643 1851 1701 1885 est
1727 1859 1751 1884 a

1095 1905 1206 1940 verbo
1226 1902 1380 1951 ἐξιέναι,
1400 1910 1439 1941 ut
1454 1905 1602 1955 proprie
1619 1904 1667 1941 de
1689 1915 1752 1940 co-

1096 1959 1171 1996 lore
1195 1965 1255 1996 aut
1274 1961 1426 1996 tinctura
1440 1964 1678 1998 evanescente
1689 1972 1751 1997 ac-

1095 2016 1319 2065 cipiendum,
1349 2017 1398 2052 ita
1425 2017 1597 2067 deinceps
1621 2016 1668 2054 de
1694 2016 1753 2062 iis,

1094 2084 1330 2120 quaecunque
1349 2072 1453 2110 facile
1469 2073 1603 2110 abeant
1619 2073 1754 2109 intere—-

1095 2133 1223 2175 antve,
1253 2140 1346 2176 quae
1374 2128 1430 2166 vel
1457 2133 1621 2192 tempore
1652 2127 1754 2166 dele-

1096 2189 1202 2220 antur
1252 2183 1306 2221 xel
1356 2186 1529 2222 memoria
1575 2185 1753 2223 excidant.

1097 2239 1183 2289 Ipse
1203 2239 1414 2278 Herodotus
1449 2242 1495 2289 V,
1521 2243 1596 2283 39:
1640 2239 1754 2293 γένος

1100 2291 1373 2346 Εὕρισθένεος
1406 2297 1594 2349 γενέσθαι
1631 2296 1757 2348 ἐξίτη-

1101 2353 1184 2390 λον.
1233 2354 1373 2396 Quibus
1409 2355 1498 2392 haec
1533 2354 1636 2392 addit
1666 2353 1757 2391 Cr..-

1103 2407 1242 2454 „Philo
1265 2409 1416 2447 Iudaeus
1439 2412 1485 2448 de
1511 2410 1641 2448 Mundi
1662 2410 1757 2460 0Ρί-

1103 2437 1160 2500 tic.
1188 2478 1223 2514 p.
1256 2468 1335 2506 100
1366 2468 1421 2504 ed.
1449 2467 1556 2504 Pseif.
1581 2464 1662 2533 ἤδη
1683 2466 1758 2506 τοῦ

1104 2518 1244 2571 γένους
1262 2519 1327 2560 διὰ
1357 2538 1509 2574 μακρας
1527 2518 1670 2591 χρόνου
1687 2535 1756 2564 πε-

1106 2573 1262 2627 ριόδους
1322 2577 1568 2630 ἐξιτήλου
1626 2576 1755 2626 ὄντος.

1105 2632 1188 2669 Alia
1230 2634 1394 2672 Zonaras
1426 2635 1516 2674 Lex
1557 2636 1688 2674 Graec.
1719 2648 1758 2686 p

1108 2691 1187 2730 163
1228 2691 1313 2740 ibiq.
1361 2691 1564 2730 Tittmann.
1606 2691 1759 2730 Photius

1102 2743 1191 2783 Lex.
1214 2759 1250 2796 p.
1277 2750 1331 2789 90
1361 2752 1397 2786 et
1419 2749 1651 2788 schleusneri
1667 2747 1756 2785 Cur.

1102 2813 1183 2839 nov.
1214 2803 1251 2840 in
1288 2804 1409 2841 Photii
1440 2804 1532 2845 Lex.
1566 2816 1654 2856 pag.
1690 2805 1757 2845 87.

1101 2856 1187 2896 Not.
1226 2860 1274 2899 ad
1323 2859 1455 2900 Plotin.
1519 2861 1567 2901 de
1616 2859 1756 2912 pulerit.
