1909 3228
156 1141 231 1170 Elbo
252 1141 362 1172 insuia.

460 173 545 212 806

870 171 1336 212 HERODOTI

458 280 505 324 δὲ
535 280 612 336 τὴν
642 279 746 330 ὄψιν
774 279 935 334 ταύτην
965 279 1102 336 λέγειν
1133 280 1289 334 αὐτὸν,
1330 282 1389 332 ὦς
1417 283 1643 340 πρόφασίν
1673 285 1717 328 οἱ

459 359 605 403 δοκέοι
638 357 801 414 ταύτην
834 359 938 409 τοὺς
978 360 1112 411 θεοὺς
1141 359 1472 415 προδεικνύναι,
1513 364 1586 406 ἵνα
1617 362 1715 407 ἀσε-

457 436 596 494 βήσας
627 438 725 491 περὶ
763 437 814 480 τὰ
855 437 948 492 ΐροὲ,
996 438 1135 482 κακόν
1173 457 1214 483 τι
1241 439 1350 494 πρὸς
1388 445 1506 484 θεῶν
1542 441 1572 498 ἢ
1608 443 1716 497 πρὸς

459 514 711 569 ἀνθρώπων
755 517 908 573 λα’βοι·
959 517 1106 561 οὔκων
1151 519 1354 576 ποιήσειν
1399 524 1555 564 ταῦτα·
1607 518 1716 565 ἀλλὰ

455 594 539 649 γάρ
571 597 614 638 οἱ
643 594 945 652 ἐξεληλυθέναι
975 596 1052 640 τὸν
1082 597 1264 653 χρόνον,
1297 597 1459 642 ὁκόσον
1479 602 1773 655 κεχρῆσθαι65

427 672 650 728 4ἅρξαντα
679 673 905 731 Αἰγύπτου
935 675 1208 733 ἐκχωρήσειν.
1267 677 1314 721 ἐν
1348 677 1433 734 γὰρ
1472 681 1526 735 τῇ
1558 678 1716 721 Αἰθιο-

455 754 532 810 πίῃ
563 752 677 797 ε’όντι
709 753 827 813 αὐτῷ
854 754 907 798 τὰ
941 756 1149 813 μαντήϊα,
1179 761 1293 800 τοῖσι
1321 757 1532 812 χρέωνται
1558 759 1716 801 Αἰθίο-

455 847 556 884 πες,
598 833 759 884 ἀνεῖλε,
802 832 861 885 ὦς
891 833 983 879 δέοι
1023 834 1161 879 αὐτόν
1191 836 1419 892 Αἰγύπτου
1458 840 1709 893 βασιλεῦσαι

457 911 552 956 ἔτεα
581 912 862 969 πεντήκοντα.
904 914 962 966 ὦς
991 910 1054 959 ὧν
1081 914 1103 959 ὁ
1134 914 1292 971 χρόνος
1322 910 1452 967 οὗτος
1480 915 1612 971 ἐξήϊε,
1643 918 1716 960 καὶ

457 988 594 1035 αὐτὸν
622 990 648 1048 ἡ
671 991 771 1044 ὄψις
797 998 877 1037 τοῦ
898 994 1109 1038 ἐνυπνίου
1133 993 1419 1048 ἐπετάρασσε,
1450 994 1561 1038 ἑκών
1584 993 1719 1038 α’παλ-
1729 1003 1775 1036 70

295 1077 397 1124 14⁰
453 1068 655 1115 λάσσεται
685 1072 732 1116 ἐκ
761 1076 837 1130 τῆς
867 1072 1093 1128 Αἰγύπτου
1125 1071 1148 1116 ὁ
1180 1076 1409 1129 Σαβακῶς.
1445 1071 1523 1124 Ὡς
1553 1071 1596 1116 δ’
1630 1072 1717 1127 ἄρα

454 1151 653 1205 οἴχεσθαι
682 1152 759 1195 τὸν
790 1154 987 1196 Αἰθίοπα
1018 1152 1060 1204 ἐξ
1089 1152 1343 1208 Αἰγύπτου,
1383 1145 1504 1203 αὖτις
1532 1151 1610 1196 τόν
1638 1170 1716 1197 τυ-

454 1229 570 1285 φλόν
603 1229 770 1286 ἄρχειν,
801 1230 848 1275 ἐκ
877 1235 966 1276 τῶν
995 1231 1125 1276 ἑλέων
1156 1229 1449 1286 ἀπικόμενον·
1481 1231 1590 1274 ἔνθα
1614 1248 1718 1276 πεν-

455 1306 645 1364 τήκοντα
674 1311 792 1362 ἔτεα,
820 1314 957 1366 νῆσον
986 1310 1127 1367 χώσας
1156 1312 1305 1366 σποδῷ
1335 1325 1378 1353 τε
1398 1310 1472 1353 καὶ
1491 1314 1572 1368 γῇ,
1593 1313 1718 1357 οἴκεε.

392 1419 396 1421 -
428 1386 574 1439 Ξὸκως
601 1388 686 1445 γάρ
732 1391 776 1432 οἱ
813 1393 971 1445 φοιτᾶν
1002 1395 1124 1433 σῖτον
1162 1389 1346 1445 ἄγοντας
1375 1390 1627 1445 Αἰγυπτίων
1658 1390 1718 1443 οἷς

457 1465 676 1511 ἑκάστοισι
704 1467 1026 1525 προστετάχθαι
1054 1472 1154 1526 σιγῇ
1182 1472 1263 1511 τοῦ
1293 1469 1537 1519 Αἰθίοπος,
1567 1469 1609 1520 ἐς
1637 1470 1718 1526 τήν
1729 1478 1774 1513 75

428 1546 628 1603 Βδωρεὴν
657 1546 847 1590 κελεύειν
878 1548 1013 1603 σφέας
1042 1548 1116 1590 καὶ
1153 1546 1318 1590 σποδὸν
1348 1548 1550 1602 κομίζειν.
1609 1548 1716 1592 ταύ-

455 1641 534 1681 την
570 1625 651 1682 τὴν
689 1629 829 1682 νῆσον
871 1625 1015 1677 οὐδεὶς
1055 1625 1272 1681 πρότερον
1313 1625 1535 1683 ἐδυνάσθη
1560 1625 1717 1684 Ἀμυρ-

457 1705 587 1748 ταίου
624 1704 812 1759 ἐξευρεῖν
828 1721 836 1729 ·

398 1919 482 1954 stris
503 1919 671 1959 transire;
705 1916 907 1953 cuiusmodi
926 1929 1047 1955 exem-

398 1973 500 2024 plum
544 1973 754 2011 Herodotus
801 1972 1050 2010 subministrat

399 2030 490 2077 VII,
514 2031 579 2071 39.
624 2051 672 2056 —
720 2029 792 2066 Pro
825 2028 1050 2080 διαταμέειν

399 2086 501 2136 apud
520 2086 676 2135 Gregor.
694 2085 780 2122 Cor.
804 2085 851 2122 de
871 2086 954 2123 dial.
973 2086 1050 2124 Ion.

400 2140 438 2194 ἓ.
461 2144 515 2184 67
537 2147 655 2181 exstat
676 2138 916 2193 διατάμνειν.

456 2257 558 2294 τοῖσι
605 2252 795 2307 χρέωνται
832 2254 1049 2305 Αἰθίοπες]

402 2310 509 2347 Cons.
528 2325 639 2361 supra
660 2311 703 2355 ll,
717 2313 850 2352 29.—
868 2310 927 2348 Ad
946 2325 1051 2361 seqq.

402 2367 534 2404 Creuz.
562 2368 686 2405 laudat
709 2368 844 2405 Gesen.
867 2368 917 2404 ad
945 2368 1049 2405 lesai.

401 2423 549 2470 XVIII,
580 2426 601 2464 1
632 2437 667 2473 p.
694 2423 788 2464 572.
855 2424 1051 2461 Caeterum

400 2480 449 2516 ad
466 2484 717 2529 argumentum
732 2478 800 2517 loci
817 2481 970 2517 conferri
984 2494 1052 2530 po-

403 2539 476 2572 test
500 2536 653 2574 Diodor.
685 2536 721 2583 1,
744 2538 819 2583 66,
852 2536 913 2585 qui
930 2538 1052 2587 profe-

403 2595 461 2628 cto
503 2592 696 2629 Sabacone
722 2592 927 2629 anarchiam
958 2594 1050 2630 duos

401 2659 467 2697 per
494 2660 609 2685 annos
638 2649 750 2686 fuisse
778 2649 927 2696 scribit,
966 2650 1053 2686 dein

403 2707 565 2741 secutum
593 2717 673 2743 esse
707 2705 898 2741 duodecim
924 2718 1051 2754 regum

403 2758 590 2808 imperium
614 2790 625 2807 ‚
682 2761 744 2809 qui
789 2760 1052 2809 Lab3rinthun1

403 2817 641 2854 communiter
669 2817 922 2854 exstruxerint.

899 1703 1007 1747 ἀλλὰ
1048 1704 1142 1748 ἔτεα
1180 1704 1250 1747 ἐπὶ
1277 1703 1392 1747 πλέω
1423 1703 1452 1760 ἢ
1482 1704 1719 1749 ἑπτακόσιοι

1312 1918 1344 1956 C
1356 1931 1425 1969 ap.
1465 1917 1581 1956 CXL.

1173 2003 1301 2052 νῆσον
1321 1997 1452 2052 χώσας
1473 2003 1611 2057 σποδῷ
1639 2017 1680 2043 τε
1704 2002 1773 2043 καὶ

1117 2057 1186 2112 γῇ]
1207 2059 1386 2105 „Cineres
1405 2063 1507 2109 puto,
1517 2073 1695 2098 coenosae
1704 2061 1773 2098 hu-

1118 2128 1178 2153 mo
1199 2116 1322 2161 mixti,
1343 2115 1461 2164 aptius
1480 2115 1639 2154 culturae
1657 2116 1773 2154 solum

1123 2176 1226 2209 erant
1251 2171 1469 2208 reddituri.“
1510 2171 1570 2209 Sc
1582 2172 1772 2223 hwez'gli.

1121 2227 1180 2265 Ad
1202 2225 1255 2274 ὥς
1277 2223 1473 2266 ἑκάστοισι
1501 2229 1546 2265 cf.
1570 2229 1771 2267 Hermann.

1120 2285 1169 2322 ad
1186 2284 1308 2333 Viget.
1327 2297 1412 2334 pag.
1432 2285 1525 2326 853.

1177 2356 1268 2408 σιγῇ
1287 2356 1359 2393 τοῦ
1372 2353 1588 2406 Αἰθίοπος]
1604 2356 1627 2393 i.
1641 2369 1672 2394 e.
1683 2356 1772 2395 clam

1118 2410 1297 2460 Aethiope,
1318 2413 1427 2447 inscio
1446 2412 1621 2462 Aethiope.
1648 2413 1772 2457 Quare

1119 2467 1281 2504 Thomas
1302 2466 1401 2516 Mag.
1431 2482 1466 2518 p.
1489 2469 1572 2510 572
1600 2471 1694 2523 σιγῇ
1715 2469 1774 2507 hic

1117 2525 1206 2574 poni
1232 2527 1337 2560 notat
1366 2537 1433 2574 pro
1463 2520 1616 2579 ἀγνοίᾳ.
1647 2547 1702 2553 —-
1731 2526 1773 2563 In

1118 2593 1221 2630 seqq.
1261 2593 1341 2616 cum
1375 2579 1490 2618 Gaisf.
1535 2582 1661 2619 addidi
1698 2579 1773 2632 τὴν

1119 2641 1205 2674 ante
1233 2634 1409 2688 δωρὲην,
1439 2638 1499 2675 ubi
1527 2637 1637 2687 vulgo
1658 2638 1771 2676 deest.

1173 2704 1413 2759 Ἀμυρταίου
1433 2706 1620 2760 ἐξευρεῖν]
1640 2709 1770 2759 Amyr-

1119 2767 1218 2800 taeus
1228 2764 1432 2802 Artaxerxis
1444 2764 1664 2814 Longimani
1679 2770 1771 2803 tem-

1120 2833 1209 2871 pore
1239 2821 1331 2858 circa
1357 2819 1438 2862 458
1460 2834 1492 2858 a.
1513 2821 1598 2858 Chr.
1621 2834 1657 2858 n.
1687 2825 1771 2872 post
