1909 3228
427 229 511 267 6⁰2

818 225 1287 265 HERODOTI

428 335 499 379 καὶ
528 333 702 389 Ἱστίης.
736 333 809 375 καὶ
842 333 1019 387 Θέμιος,
1051 333 1123 376 καὶ
1156 336 1377 387 Χαρίτων,
1409 337 1481 379 καὶ
1510 339 1678 392 Νηρηΐ-

427 416 535 464 δων,
575 417 663 455 τῶν
705 411 847 454 ἄλλων
891 416 1008 454 θεῶν
1048 414 1324 467 Αἰγυπτίοισι
1373 415 1455 456 αἰεί
1493 432 1587 458 κοτε
1627 417 1678 458 τὰ

396 490 649 546 ὅούνόματοέ
678 490 764 533 ἐστι
794 490 841 533 ἐν
870 495 921 547 τῇ
950 490 1080 546 χώρῃ.
1111 492 1218 546 λέγω
1249 492 1301 548 δὴ
1327 492 1379 535 τά
1402 493 1574 546 λέγουσι
1599 493 1677 536 αὐ-
1691 503 1735 535 80

424 573 490 613 τοὶ
523 569 765 626 Αἰγύπτιοι.
804 574 893 612 τῶν
923 572 967 612 δὲ
999 569 1055 613 οὕ
1083 582 1190 622 φασι
1219 575 1337 614 θεῶν
1367 570 1595 626 γινώσκειν
1623 572 1674 615 τοὶ

425 649 669 704 οὐνόματα,
717 643 841 692 οὗτοι
880 649 925 693 δέ
970 665 1046 705 μοι
1085 648 1286 693 δοκέουσι
1323 648 1411 694 ὑπὸ
1443 652 1678 705 Πελασγῶν

365 858 448 882 roes
468 845 612 894 fingunt
641 844 798 881 humana
822 844 942 895 specie
963 848 1019 882 at-

365 915 437 950 que
455 901 576 938 indole
594 902 793 951 praeditos,
813 901 922 949 longe
938 901 1018 950 qui-

365 959 448 995 dem
471 958 660 995 discedere
682 958 726 994 ab
748 956 938 1007 Aegyptiis
950 970 1017 994 nu-

363 1014 542 1060 minibus,
583 1027 737 1063 quorum
770 1018 892 1051 tamen
920 1027 1014 1063 quae

363 1071 470 1108 fuerit
487 1071 538 1107 vis
561 1083 604 1107 ac
621 1071 746 1117 notio,
776 1070 814 1107 in
837 1070 1015 1108 humanae

364 1128 514 1176 originis
559 1127 709 1174 heroes,
763 1126 887 1176 quales
931 1131 1014 1163 sunt

364 1183 622 1232 Tyndaridae,
662 1195 742 1221 eam
766 1184 877 1220 fuisse
909 1187 1014 1234 post-

362 1241 473 1277 modo
506 1239 729 1276 translatam.
808 1238 1013 1290 Aegyptios

362 1297 458 1334 enim
477 1296 638 1333 novimus
672 1296 799 1334 heroes
819 1296 1013 1345 agnovisse

361 1357 471 1402 atque
482 1353 632 1390 coluisse
643 1352 770 1389 nullos.
800 1352 885 1389 Vid.
897 1353 1013 1390 Creu-

301 1431 303 1433 ·
361 1422 435 1446 zer.
455 1408 617 1457 Symbol.
640 1408 671 1444 II
695 1422 731 1458 p.
745 1408 825 1449 334
840 1422 931 1457 seq.,
949 1410 1011 1458 qui

360 1465 395 1502 h.
415 1465 436 1502 l.
457 1466 559 1502 addit
579 1465 621 1501 C.
645 1465 690 1500 O.
709 1464 850 1502 Milller.
872 1465 1012 1501 Orcho-

360 1535 455 1559 men.
484 1535 569 1571 pag.
600 1520 682 1561 450
711 1534 786 1569 seq.
824 1520 903 1557 coll.
927 1521 1008 1561 459

360 1582 437 1614 not.
467 1577 500 1614 ls
521 1577 615 1614 enim
634 1575 719 1612 nihil
738 1589 894 1625 unquam
907 1577 1012 1625 quid-

360 1646 470 1682 quam
507 1633 691 1670 Dioscuris
738 1646 818 1669 cum
867 1633 1008 1670 Cabiris

358 1689 551 1739 Aegyptiis
573 1701 761 1726 commune
789 1690 901 1726 fuisse
923 1702 1010 1725 con-

358 1746 497 1792 tendit,
527 1758 607 1782 cum
627 1744 796 1781 Dioscuri
823 1746 870 1782 ad
893 1745 1010 1783 Grae-

358 1802 449 1838 ciam
470 1801 572 1838 unice
593 1801 813 1850 pertineant.

412 1911 480 1952 καὶ
493 1909 645 1965 ’Ἠρης,
674 1910 742 1951 καὶ
757 1910 911 1961 Ἱστίης,
940 1909 1009 1950 καὶ

359 1967 500 2020 Θέμιος
528 1985 563 2008 κ.
594 1984 625 2008 τ.
652 1967 706 2019 L]
747 1968 875 2005 Iunoni
906 1968 1007 2016 quod

354 2025 616 2076 Aegyptiacam
653 2026 829 2075 originem
868 2023 1007 2062 Noster

356 2083 540 2131 denegat,
577 2082 705 2119 mirum
741 2081 854 2118 videri
883 2085 1006 2129 queat,

355 2152 435 2176 cum
455 2139 629 2176 Iunonem
654 2138 916 2188 Aegyptiacam
947 2137 1005 2173 alii

355 2196 546 2245 scriptores
566 2200 629 2232 aut
647 2195 781 2232 diserte
801 2197 1004 2231 memorent

354 2256 416 2288 aut
435 2256 532 2288 certe
560 2251 636 2288 aliis
663 2252 802 2289 deabus
825 2249 921 2286 illam
939 2262 1002 2286 ae-

354 2311 477 2356 quent.
535 2307 667 2357 Neque
702 2307 847 2344 omnino
876 2306 1003 2355 negari

353 2364 510 2414 poterit,
547 2364 645 2401 haud
671 2376 785 2414 pauca
821 2376 925 2410 esse,
964 2362 1001 2399 in

353 2421 482 2469 quibus
498 2419 626 2457 Iunoni
642 2420 806 2457 Graecae
828 2432 908 2456 cum
935 2418 1002 2455 lsi-

353 2477 400 2513 de
417 2475 597 2526 Aegyptia
619 2477 831 2521 conveniat3
861 2476 926 2512 sed
945 2475 1000 2511 in-

353 2532 544 2569 veniuntur
589 2532 676 2579 alia,
723 2545 817 2581 quae
855 2531 1000 2568 aliunde

352 2587 445 2625 hanc
463 2589 569 2626 deam
589 2590 637 2626 ad
645 2589 837 2626 Graeciam
856 2587 998 2625 allatam

352 2644 464 2681 fuisse
481 2645 584 2681 nobis
601 2646 856 2695 persuadeant.
897 2644 998 2680 Sami

354 2700 448 2735 enim
475 2701 522 2736 ad
545 2700 717 2748 insulam,
746 2701 807 2738 ubi
826 2700 1001 2749 antiquis-

354 2755 482 2791 simum
504 2757 572 2792 suit
587 2757 730 2794 lunonis
743 2757 915 2807 templum
934 2769 1000 2806 per

354 2823 497 2847 omnem
528 2812 740 2859 Graeciam,
775 2813 878 2849 huius
909 2813 1001 2850 deae

355 2865 489 2902 cultum
511 2880 532 2904 e
556 2869 799 2917 superioribus
819 2868 927 2907 Asiae
945 2881 1002 2906 re-

1085 845 1254 894 gionibus
1278 857 1358 882 esse
1376 845 1566 882 advectum
1579 844 1654 882 veri
1667 845 1734 882 ad-

1083 904 1231 939 modum
1254 906 1308 938 est
1331 901 1456 948 simile,
1469 906 1507 939 ut
1519 902 1602 939 inde
1614 902 1732 939 Grae-

1083 971 1202 995 corum
1218 958 1306 995 Iuno
1327 959 1368 994 iis
1386 959 1589 995 numinibus
1607 971 1732 995 accen-

1085 1015 1154 1052 seri
1189 1015 1343 1061 debeat‚
1381 1027 1476 1061 quae
1516 1014 1620 1051 variis
1664 1015 1730 1051 sub

1081 1071 1285 1107 nominibus
1307 1071 1487 1119 variisque
1504 1071 1539 1107 in
1560 1070 1645 1107 locis
1665 1083 1732 1120 per

1081 1126 1191 1164 Asiae
1209 1127 1376 1175 regiones
1400 1126 1495 1163 culta
1524 1127 1635 1164 fuisse
1659 1126 1730 1163 iam

1083 1196 1195 1234 supra
1235 1183 1438 1220 monuimus
1476 1184 1524 1219 ad
1554 1183 1591 1230 I,
1637 1184 1730 1223 131.

1080 1239 1192 1282 Plura
1211 1239 1342 1277 CreuZ.
1362 1239 1398 1276 in
1410 1239 1535 1287 Symb.
1552 1239 1585 1276 11
1598 1253 1633 1289 p.
1647 1239 1728 1280 549

1081 1309 1185 1346 seqq.
1205 1297 1311 1343 563,
1341 1296 1402 1345 qui
1427 1308 1521 1332 nunc
1550 1295 1654 1332 addit
1671 1295 1732 1332 In-

1079 1353 1232 1401 ghirami
1249 1351 1476 1389 Monumenti
1501 1351 1666 1389 Etruschi
1681 1352 1730 1388 ad

1079 1408 1189 1445 tabul.
1218 1408 1253 1445 X
1292 1408 1388 1456 degli
1420 1408 1563 1457 specchi
1599 1408 1727 1444 mistici

1077 1477 1162 1515 pag.
1185 1464 1277 1505 234.
1335 1464 1391 1500 Ex
1416 1464 1542 1501 iisdem
1565 1465 1641 1501 sere
1668 1477 1729 1500 su-

1077 1521 1228 1570 perioris
1277 1518 1387 1556 Asiae
1436 1520 1645 1567 regionibus·
1689 1520 1727 1556 in

1078 1577 1268 1614 Graeciam
1302 1575 1423 1612 Vestae
1453 1575 1567 1612 cultus
1598 1589 1726 1626 perve-

1076 1633 1175 1670 nisse
1215 1633 1376 1678 videtur,
1408 1633 1539 1669 eodem
1570 1632 1725 1670 docente

1077 1689 1208 1725 Creuz.
1236 1689 1257 1725 l.
1290 1687 1312 1724 l.
1353 1700 1438 1737 pag.
1462 1689 1554 1729 623.
1614 1689 1726 1732 Quod

1077 1745 1125 1781 ad
1147 1744 1304 1793 reliquas
1330 1744 1419 1781 deas
1449 1745 1603 1790 attinet,
1631 1757 1726 1793 quae

1076 1800 1112 1837 h.
1132 1799 1155 1836 l.
1174 1805 1518 1846 commemorantur,
1547 1799 1646 1837 nulla
1665 1813 1726 1838 ea-

1076 1869 1156 1892 rum
1172 1856 1327 1905 vestigia
1345 1869 1424 1892 cum
1443 1857 1666 1905 reperiantur
1690 1857 1728 1894 in

1077 1911 1341 1962 Aegyptiorum
1357 1911 1609 1961 religionibus,
1627 1913 1725 1949 haud

1075 1970 1148 2005 scio
1173 1981 1220 2005 an
1235 1969 1367 2006 iisdem
1387 1981 1432 2006 ex
1457 1969 1663 2017 regionibus
1684 1969 1725 2005 il-

1072 2025 1124 2062 las
1149 2025 1186 2062 in
1213 2025 1406 2062 Graeciam
1435 2025 1610 2063 deductas
1641 2038 1724 2064 esse

1075 2086 1234 2120 statuere
1266 2081 1380 2119 liceat.
1439 2082 1515 2119 Sed
1549 2081 1660 2118 nolim
1685 2082 1722 2118 in

1072 2152 1111 2175 re
1128 2143 1203 2175 tam
1223 2138 1376 2175 obscura
1399 2138 1598 2186 quidquam
1621 2150 1722 2174 asse-

1070 2207 1162 2232 rere.
1219 2194 1278 2231 De
1299 2194 1437 2230 Gratiis
1467 2193 1580 2230 multa
1605 2194 1721 2231 disse-

1070 2251 1142 2287 ruit
1163 2249 1206 2286 C.
1221 2250 1268 2286 Ο.
1290 2249 1430 2286 Miiller.
1448 2249 1485 2286 in
1501 2249 1720 2287 Orchomen.

1069 2320 1105 2357 p.
1130 2308 1228 2351 1773
1261 2305 1330 2341 alia
1358 2307 1434 2355 ipse
1454 2306 1560 2355 posui
1585 2306 1621 2341 in
1643 2306 1719 2343 An-

1068 2362 1151 2399 nall.
1166 2361 1428 2410 Heidelbergg.
1455 2364 1558 2403 1821
1588 2374 1642 2398 nr.
1664 2365 1719 2404 60

1068 2432 1153 2469 pag.
1172 2419 1274 2464 947,
1311 2419 1348 2454 in
1376 2418 1505 2467 quibus
1534 2431 1629 2456 nunc
1657 2431 1718 2456 ac-

1066 2476 1252 2523 quiescere
1271 2474 1401 2511 malim.
1414 2496 1470 2502 —-
1489 2474 1548 2511 Ad
1564 2476 1718 2512 formam

1069 2530 1212 2581 Θέμιος
1235 2531 1329 2567 conf.
1357 2530 1535 2569 Matthiae
1555 2531 1622 2569 Gr.
1650 2532 1714 2569 Gr.

1064 2601 1101 2639 p.
1127 2587 1206 2629 158
1234 2591 1312 2624 not.
1331 2590 1366 2628 1.

1124 2694 1234 2739 οὗτοι
1260 2698 1312 2739 δέ
1334 2715 1402 2751 μοι
1421 2697 1603 2739 δοκέουσι
1623 2714 1657 2738 κ.
1680 2714 1714 2738 τ.

1067 2754 1116 2806 t]
1146 2756 1338 2806 Repetitur
1361 2755 1425 2802 δέ,
1443 2757 1502 2793 ubi
1520 2757 1591 2793 iam
1609 2768 1716 2807 prae-

1068 2813 1174 2850 cessit
1193 2815 1273 2851 τῶν
1296 2811 1345 2852 δὲ
1377 2809 1426 2852 οὕ
1457 2824 1556 2861 φασι
1581 2828 1616 2851 κ.
1633 2827 1665 2851 τ.
1680 2815 1712 2851 λ.

1068 2869 1177 2906 Conf.
1195 2868 1328 2906 Matth.
1350 2881 1436 2920 pag.
1457 2870 1576 2910 1263.
