1909 3228
541 223 630 261 AD
679 220 1065 260 HERODOT.
1115 220 1172 269 ΙΙ,
1212 222 1275 262 17.
1582 223 1667 263 907

151 347 293 372 cursum
324 340 472 385 postera
500 341 619 375 aetate
650 335 755 374 valde
778 338 954 372 mutatum
990 347 1071 372 esse
1105 337 1241 372 statuas
1268 345 1416 371 necesse
1451 335 1528 371 erit.
1591 335 1666 373 Ubi

152 403 248 440 enim
273 416 316 440 ex
339 404 519 441 Herodoti
546 410 667 442 mente
694 402 957 450 Sebennyticus
978 403 1107 439 fluvius
1136 401 1174 438 in
1206 413 1305 438 mare
1329 401 1459 439 exiisse
1480 404 1666 451 putandus

152 476 227 518 est,
253 484 368 517 nunc,
398 484 491 519 quae
512 473 647 508 dudum
678 476 852 520 stagnosa
878 471 978 507 fuere
1007 469 1086 507 loca
1114 473 1227 518 atque
1255 467 1454 518 paludosa,
1485 469 1522 504 in
1556 483 1669 508 uuum

152 540 265 576 ferme
286 538 400 575 lacum
424 552 453 575 s.
478 538 649 588 paludem
672 551 845 576 conversa
871 542 974 585 sunt,
1007 540 1061 575 cui
1083 550 1216 573 nomen
1237 535 1368 572 Brulos
1400 536 1492 583 (vid.
1513 541 1603 573 nott.
1620 538 1669 574 ad

152 606 206 653 ll,
230 605 322 647 155.
347 606 459 653 156).
518 606 662 644 Nomen
686 606 918 655 Sebennytici
938 606 1035 642 fluvii
1054 606 1100 642 ab
1122 605 1211 642 urbe
1236 603 1429 654 Sebennyto
1460 604 1582 652 (nunc
1600 604 1669 641 Sa-

152 674 338 711 mannoud
358 674 506 721 dicitur)
535 675 680 711 ductum
710 679 848 725 putem.
906 674 1042 711 Strabo
1065 672 1169 709 huius
1191 672 1273 709 ostii
1303 672 1466 709 meminit
1492 672 1565 709 una
1589 685 1669 709 cum

156 740 327 778 Phatnico
340 741 376 789 *)
403 742 517 790 ostio,
548 743 646 792 quod
665 743 778 780 solum
805 743 890 779 dein
912 742 998 779 dicit
1022 741 1212 778 maximum
1244 739 1322 776 Nili
1351 739 1482 777 ostium
1510 742 1668 787 tertium,

153 823 198 847 ex
225 822 298 859 quo
329 809 462 845 canalis
494 809 707 848 Mendesius
738 810 783 847 sit
817 811 1005 848 deductus.
1065 808 1177 845 Cuius
1206 806 1378 844 Plaatnicz·
1415 807 1549 845 canalis
1588 821 1670 844 curn

152 877 251 915 nulla
267 877 332 914 fiat
354 877 452 927 apud
472 878 701 915 Herodotum
724 879 879 926 mentio,
920 879 1075 915 eundem
1103 876 1213 912 fuisse
1241 875 1307 911 viri
1338 875 1434 913 docti
1464 876 1672 913 existimant

153 950 262 995 atque
279 944 509 990 Bucolicum,
540 958 648 994 quem
670 947 806 983 fossum
836 946 975 983 Noster
1003 944 1125 983 scribit
1151 956 1218 981 nec
1253 943 1381 979 natura
1405 947 1535 980 ortum.
1594 943 1669 987 Qui

152 1015 247 1051 enim
268 1013 448 1050 Herodoti
467 1017 588 1049 aetate
609 1014 764 1051 sortasse
783 1014 878 1051 haud
903 1014 1025 1062 magni
1046 1016 1123 1050 erat
1143 1012 1340 1057 momenti,
1372 1011 1493 1060 potuit
1518 1011 1576 1048 ille
1601 1024 1671 1062 po-

151 1086 251 1128 stea,
279 1085 418 1118 mutato
447 1080 521 1118 Nili
553 1094 679 1129 cursu,
714 1082 892 1130 aquisque
915 1080 984 1117 alio
1007 1081 1211 1127 conversis,
1255 1079 1429 1116 maiorem
1469 1092 1670 1128 sanequam

150 1151 315 1200 accipere
342 1162 516 1198 aquarum
545 1150 685 1198 copiam
715 1161 869 1197 eamque
908 1149 993 1185 inde
1023 1148 1210 1197 acquirere
1241 1147 1517 1194 auctoritatem,
1561 1159 1670 1195 quam

151 1218 332 1266 hodieque
350 1218 522 1263 retinuit,
553 1218 612 1254 ubi
643 1222 699 1255 est
721 1217 952 1253 Dmniatoms
980 1218 1128 1263 fluvius,
1161 1217 1223 1265 qui
1250 1228 1365 1266 prope
1392 1215 1602 1252 Damiatam
1632 1214 1670 1249 in

151 1299 249 1322 mare
270 1286 353 1322 exit.
410 1284 618 1321 Bucolicum
641 1298 703 1321 cur
727 1285 863 1321 vocarit
882 1286 1092 1322 Herodotus
1123 1285 1251 1334 (quem
1281 1297 1373 1320 unus
1401 1282 1564 1331 sequitur
1594 1281 1672 1317 Eu-

151 1353 260 1390 st‘dth-
280 1354 327 1389 ad
347 1352 499 1400 Dionys·
524 1351 668 1400 Perleg-
685 1355 786 1401 226)
809 1367 876 1391 nec
895 1354 1130 1400 Phatnicum,
1162 1357 1200 1389 ut
1222 1351 1352 1401 reliqui
1375 1354 1552 1397 auctores,
1584 1349 1671 1385 inde

150 1421 388 1470 repetendum
424 1420 567 1457 videtur
598 1421 865 1470 W‘esselingio⁷
916 1423 1017 1470 quod
1050 1435 1130 1458 cum
1165 1422 1263 1457 iuxta
1302 1420 1517 1456 Phatnicum
1541 1418 1673 1454 ostium

151 1492 272 1526 essent
293 1484 340 1525 τὰ
360 1485 584 1526 Βουκολικεῖ
606 1488 627 1524 i.
645 1502 674 1525 e.
697 1488 777 1525 loca
796 1490 937 1526 famosa
964 1489 1146 1525 latronum
1177 1487 1364 1525 domiciliis
1397 1499 1439 1522 ac
1464 1489 1675 1535 receptacu-

151 1556 213 1601 lis,
244 1567 338 1604 quae
357 1555 615 1604 descripserint
640 1556 831 1593 Heliodor.
852 1556 1047 1606 Aethiopp.
1067 1556 1106 1602 I,
1131 1555 1177 1601 5,
1223 1555 1282 1591 ubi
1311 1555 1405 1590 conf.
1435 1554 1574 1590 Coraes
1596 1555 1623 1589 t.
1641 1552 1674 1589 ΙΙ

150 1636 236 1673 pag.
261 1625 308 1663 11
343 1627 379 1660 et
403 1622 528 1660 Achill.
558 1623 693 1660 Tatius
717 1624 789 1670 ΙΙΙ,
809 1626 846 1665 9.
877 1623 940 1671 IV,
962 1627 1034 1670 12,
1069 1624 1130 1661 ubi
1162 1624 1256 1660 conf.
1290 1622 1431 1658 Iacobs.
1461 1624 1674 1657 commentt.

150 1704 237 1741 pag.
255 1690 349 1732 641.
408 1691 471 1728 'I'u
490 1693 561 1728 vid.
584 1691 854 1728 Schlichtliorst.
879 1691 900 1727 Ι.
926 1692 949 1727 l.
974 1704 1059 1741 pag.
1078 1693 1144 1732 39.
1176 1691 1359 1727 Mannert.
1384 1689 1406 1725 l.
1430 1689 1452 1725 l.
1479 1701 1564 1739 pag.
1590 1686 1673 1729 545

152 1771 254 1807 seqq.
287 1757 367 1799 548
398 1758 476 1794 coll.
497 1759 650 1795 Rennel.
671 1772 707 1808 p.
727 1760 820 1798 618.
858 1759 1076 1796 Hartmann.
1108 1757 1387 1795 Erdbeschreib.
1418 1771 1452 1794 v.
1475 1756 1674 1806 Aegypten

150 1839 235 1876 pag.
261 1828 313 1867 89
333 1829 370 1863 et
390 1825 518 1864 Ritter.
544 1827 564 1863 l.
586 1827 608 1863 l.
630 1840 666 1877 p.
685 1830 765 1867 817
785 1839 889 1875 seqq.
921 1828 1002 1868 833
1027 1840 1103 1875 seq.
1165 1825 1291 1861 Gallus
1324 1825 1453 1861 doctus
1485 1825 1534 1860 du
1566 1825 1674 1860 Bois-

153 1895 268 1942 Ayme
289 1893 310 1931 l.
332 1893 353 1930 l.
374 1908 409 1943 p.
430 1896 511 1935 288
532 1894 739 1931 Bucolicum
762 1894 893 1930 ostium
915 1899 951 1931 et
983 1895 1062 1944 ipse
1087 1894 1186 1931 haud
1216 1893 1365 1930 differre
1388 1893 1438 1928 ait
1456 1904 1477 1928 a
1497 1891 1673 1928 Pltatnz'co

155 1977 184 1998 s.
204 1961 446 2007 Plzatmetz'w,
477 1962 638 2010 illudque
667 1962 859 1998 convenire
886 1975 965 1998 cum
994 1962 1103 1998 fluvio
1130 1961 1347 1998 Dammana.
1407 1960 1504 1997 Nam
1536 1959 1674 1995 Cham-

153 2029 287 2080 pollio‚
332 2030 392 2078 qui
422 2030 704 2079 Sebennyticum
739 2028 923 2065 Herodoti
954 2030 1087 2066 ostium
1113 2043 1179 2080 pro
1214 2028 1439 2065 Phatmetico
1469 2026 1673 2074 eodemque

154 2097 364 2134 Damiatino
392 2097 526 2145 habet,
558 2098 729 2135 Sa'iticum
762 2109 847 2133 vero
874 2096 1054 2134 Herodoti
1085 2098 1214 2134 ostium
1250 2109 1330 2133 cum
1356 2094 1548 2131 Strabonis
1581 2093 1673 2129 ostio

154 2166 397 2214 Sebennytico
428 2165 619 2202 convenire
649 2168 794 2211 censet,
834 2165 1064 2203 difficultates
1100 2166 1216 2214 magis
1248 2165 1392 2201 auxisse
1420 2175 1528 2211 quam
1557 2164 1674 2197 sustu-

153 2233 238 2270 lisse
254 2233 417 2279 videtur,
448 2237 487 2269 ut
514 2233 607 2270 adeo
637 2232 793 2280 erroris,
824 2234 924 2270 cuius
959 2233 1130 2271 historiae
1158 2236 1301 2284 patrem
1328 2232 1486 2277 incusat,
1512 2230 1592 2280 ipse
1614 2241 1674 2265 ac-

208 2449 238 2491 ')
269 2449 392 2482 Strabo
420 2450 618 2483 Phatnz'cum
637 2450 720 2482 dicit
741 2452 883 2492 ostium,
904 2451 994 2494 quod
1020 2451 1077 2484 alii
1100 2451 1316 2484 Phatmicum
1339 2449 1408 2481 sive
1429 2446 1673 2485 Phatniticum,

269 2507 324 2537 alii
349 2505 400 2547 (in
420 2507 540 2548 quibus
558 2506 795 2549 Ptolemaeus)
814 2508 1083 2542 Phatlzmeticum
1108 2512 1241 2540 vocant.
1303 2505 1376 2538 Vid.
1400 2503 1603 2544 Wesseling.
1630 2502 1673 2534 ad

273 2562 413 2596 Diodor.
439 2563 508 2594 Sic.
531 2563 566 2602 Ι,
591 2562 653 2595 33.’
677 2562 936 2597 Schlichthorst.
957 2565 978 2596 l.
999 2566 1019 2596 l.
1043 2576 1074 2606 p.
1097 2562 1154 2597 36.
1187 2581 1241 2586 —
1269 2560 1538 2595 Phathmeticum
1560 2569 1674 2592 verum

275 2618 364 2659 apud
382 2617 568 2660 Aegyptios
589 2619 667 2651 ostii
696 2630 818 2652 nomen
839 2620 942 2653 fuisse
966 2621 1059 2662 ponit
1084 2619 1271 2661 Cliampoll.
1292 2619 1313 2650 l.
1340 2619 1360 2650 l.
1389 2627 1467 2659 pag.
1489 2616 1552 2656 173
1584 2614 1675 2657 quod

274 2675 461 2716 Coptarum
482 2675 586 2706 literis
609 2675 636 2706 si
661 2676 848 2716 scribatur,
871 2681 968 2709 sonet
988 2676 1183 2709 Plzathmcti
1206 2676 1267 2708 i.e.
1289 2675 1319 2707 le
1338 2672 1455 2716 (bras)
1474 2673 1520 2706 du
1538 2673 1675 2710 millen,-

273 2740 347 2761 cum
369 2729 475 2762 hocce
496 2730 669 2762 brachium
689 2731 835 2764 medium
855 2733 942 2765 inter
961 2743 1020 2764 sex
1041 2733 1169 2772 reliqua
1193 2731 1396 2763 inveniatur.
1411 2746 1467 2753 —
1490 2728 1675 2761 Caeterum

275 2786 316 2818 de
340 2786 493 2818 dissensu
515 2786 682 2818 Herodoti
709 2791 810 2828 atque
829 2788 1030 2827 Strabonis,
1064 2788 1119 2829 qui
1149 2798 1189 2819 ex
1218 2792 1347 2819 mutato
1374 2785 1462 2818 fluvii
1492 2793 1593 2817 cursu
1616 2792 1675 2816 ex-

274 2842 392 2884 plicari
419 2842 564 2882 debeat,
596 2843 725 2875 monuit
743 2854 878 2885 quoque
901 2844 945 2876 du
968 2843 1198 2885 Bois-Ayme
1219 2844 1238 2876 l.
1261 2844 1282 2879 l.
1314 2855 1345 2885 p.
1366 2842 1432 2874 269
1455 2851 1528 2882 seq.
