1909 3228
439 243 524 283 634

797 350 809 365 2

441 350 735 401 ἀποθανόντες
792 367 834 401 ες

382 541 462 565 των
482 521 614 564 αὐτῶν
635 523 839 576 κεδρίᾳ-
856 519 1035 563 θάπτου-

384 595 447 621 σιν
465 582 506 620 ἐν
528 582 650 633 ἱεραῖς
675 575 878 631 θήκαις.
938 581 1033 618 Alias

382 652 470 676 vero
500 639 601 688 ipsae
635 650 782 687 quoque
807 637 949 675 arculae
978 639 1035 675 di-

382 700 509 733 cuntur
542 696 682 745 θῆκαι.
746 693 829 731 Vid.
850 694 1033 741 ,Creuzen

381 755 587 789 commentt.
615 750 783 788 Herodd.
817 764 853 801 p.
876 753 929 792 67
958 756 1033 788 not.

383 812 418 845 et
457 809 550 844 infra
580 808 636 853 ΙΙ,
677 809 767 848 136.
839 809 1033 845 Caeterum

381 865 474 901 hanc
507 865 750 901 conditionem
779 868 816 901 et
845 878 1035 902 consecra-

381 922 515 958 tionem
537 921 732 957 bestiarum
745 950 755 968 ‚
780 933 874 969 quae
891 935 956 971 per
976 927 1034 957 to-

381 982 456 1014 tam
492 977 701 1027 Aegyptum
730 977 906 1024 obtinuit,
947 991 1034 1014 con-

381 1034 537 1071 iunctam
563 1048 643 1071 esse
674 1047 755 1070 cum
789 1034 869 1084 ipso
899 1035 1034 1071 bestia-

380 1104 460 1127 rum
482 1091 609 1127 harum
627 1090 740 1137 cultu,
759 1104 865 1127 nemo
887 1104 960 1127 non
978 1092 1034 1127 in-

381 1147 518 1196 telligit.
578 1147 687 1190 Quod
731 1151 771 1183 ut
807 1147 1032 1195 aliquatenus

381 1204 637 1254 perspiciamus
657 1234 667 1251 ,
695 1205 943 1241 astronomicis
973 1216 1033 1240 ra-

380 1261 539 1297 tionibus
588 1261 779 1307 adhibitis,
836 1261 1033 1309 cogitanda

382 1322 465 1354 sunt
487 1318 630 1354 siderea
652 1321 817 1354 armenta
837 1329 878 1353 ac
899 1331 1031 1366 greges

382 1373 481 1410 solis.
523 1374 644 1417 Quum
663 1374 757 1410 enim
777 1374 943 1410 animalia
964 1374 1034 1410 sint

382 1431 534 1467 deorum
553 1431 655 1478 quasi
681 1431 878 1478 imagines,
909 1430 959 1465 dii
972 1443 1034 1467 ve-

382 1500 422 1523 ro
452 1486 717 1535 Aegyptiorum
754 1499 923 1533 magnam
950 1498 1035 1535 par-

382 1547 456 1579 tem
486 1542 718 1588 calendares,
758 1543 819 1589 qui
857 1542 1034 1578 niensium

382 1599 486 1647 signa
505 1599 598 1635 inter
621 1612 658 1635 se
677 1598 955 1644 distribuerunt,
979 1599 1034 1634 sa-

383 1660 479 1692 ctum
500 1659 577 1700 est,
607 1658 665 1700 ut,
696 1654 827 1702 singuli
850 1655 909 1690 ubi
930 1655 1034 1702 signa

383 1725 449 1748 sua
490 1711 739 1759 ingrediantur
767 1724 833 1760 per
858 1712 1033 1747 mensium

383 1766 604 1815 singulorum
627 1768 774 1813 orbem,
803 1767 838 1802 in
859 1766 958 1804 coelo
978 1767 1033 1803 di-

383 1828 510 1860 cantur
537 1823 703 1859 animalia
743 1823 897 1870 ingredi.
954 1822 1032 1858 Iam

382 1880 442 1916 ubi
474 1878 562 1914 illud
589 1879 812 1925 invaluerat,
856 1882 894 1915 ut
927 1878 1031 1915 certis

382 1935 587 1973 animalium
616 1936 743 1983 figuris
780 1939 965 1971 notaretur
996 1938 1032 1972 et

383 1993 543 2030 siderum
570 1992 750 2041 potiorum
779 1991 969 2039 (Zodiaci)
997 1995 1034 2028 et

382 2049 559 2086 mensium
586 2048 682 2085 orbis
704 2078 714 2095 ,
751 2048 787 2084 in
818 2048 919 2084 fastis
947 2061 1033 2085 con-

383 2105 513 2142 dendis
545 2108 799 2142 consecrarunt
834 2104 898 2141 has
933 2104 1032 2153 ipsas

383 2162 516 2211 figuras
538 2162 763 2207 sacerdotes,
794 2174 866 2210 quo
888 2161 1032 2211 penitus

383 2231 448 2256 eae
470 2218 506 2254 in
535 2218 708 2256 memoria
736 2218 921 2254 hominum
940 2217 1031 2253 defi-

383 2278 563 2323 gerentur.
620 2274 686 2311 Est
705 2275 918 2324 praecipuus
934 2273 1031 2309 locus

382 2332 466 2368 solis
480 2358 490 2376 ,
509 2343 530 2367 a
547 2331 645 2368 cuius
658 2344 723 2380 per
742 2331 847 2379 signa
867 2330 955 2367 coeli
977 2329 1032 2364 in-

382 2388 543 2437 signiora
594 2387 748 2424 meantis
784 2400 903 2423 annuo
942 2386 1032 2422 orbe

382 2444 547 2494 pendent
573 2443 738 2494 plurima.
797 2443 921 2480 Solem
946 2453 1032 2478 vero

384 2500 565 2537 Osiridem
596 2513 676 2536 esse
721 2500 855 2536 dictum
882 2499 1035 2540 scimus,

384 2557 446 2605 qui
469 2556 615 2604 quando
644 2555 825 2593 caniculae
842 2555 965 2593 stellae
997 2555 1034 2590 in

384 2612 485 2649 coelo
511 2613 654 2661 signum
675 2612 877 2659 intraverit,
907 2610 1035 2647 dicitur

384 2666 545 2713 Anubis,
586 2680 783 2717 canemque
811 2668 922 2705 habet
948 2679 1032 2703 con-

385 2728 561 2759 secratam
575 2753 586 2769 ,
606 2728 644 2760 ut
664 2725 732 2761 bos
755 2729 792 2761 et
806 2723 936 2761 bucula
947 2723 1032 2759 Osi-

386 2779 455 2814 ridi
475 2783 510 2815 et
532 2779 618 2816 Isidi
633 2784 805 2829 tanquam
824 2780 890 2817 soli
908 2780 1033 2816 lunae-

387 2846 460 2882 que
481 2834 735 2883 adiunguntur.
773 2836 913 2874 Eadem
940 2835 1031 2872 ratio

386 2888 510 2938 gregis
526 2890 745 2939 reliquorum
766 2892 971 2930 animalium
994 2891 1029 2928 in

892 349 989 403 ἱρὰς
1048 351 1198 407 στέγας
1219 385 1230 404 ,

854 241 1320 281 HERODOTI

1296 352 1404 396 ἔνθα
1458 355 1700 399 θάπτονται

1104 524 1188 561 solis
1209 525 1325 561 orbita
1343 527 1633 573 consistentium,
1663 541 1755 577 quo-

1102 594 1180 617 rum
1206 581 1384 619 domicilia
1404 583 1517 620 sicubi
1541 585 1754 632 ingreditur,

1103 642 1285 674 mutuatur
1305 639 1350 674 ab
1368 639 1456 688 ipsis
1470 641 1665 677 eorundem
1678 641 1754 677 vul-

1100 698 1176 730 tum
1196 698 1231 731 et
1257 695 1424 744 speeiem.
1482 696 1580 733 Hinc
1605 697 1755 734 deorum

1102 756 1379 801 personatorum
1418 751 1546 788 chorus
1587 765 1654 802 per
1689 765 1755 790 an-

1101 820 1212 843 nuum
1233 807 1398 845 circulum
1419 809 1636 857 ingrediens.
1657 808 1756 848 Hinc

1100 864 1239 901 bestiae
1257 865 1407 901 deorum
1429 865 1604 914 imagines
1618 869 1653 902 et
1663 878 1755 903 nun-

1101 921 1140 956 tii
1158 948 1168 965 ,
1219 934 1419 970 praecones
1456 923 1540 959 anni
1559 950 1570 970 ,
1614 922 1753 960 indices

1101 980 1367 1026 tempestatum.
1426 978 1523 1015 Hinc
1572 979 1621 1015 dii
1669 979 1754 1029 ipsi,

1101 1034 1306 1071 animalium
1336 1034 1463 1071 horum
1496 1035 1656 1084 partibus
1694 1048 1754 1071 or-

1102 1090 1176 1126 nati
1195 1090 1243 1126 ad
1261 1089 1383 1127 oculos
1402 1091 1585 1128 hominum
1597 1091 1753 1128 traducti

1102 1152 1138 1183 et
1163 1147 1442 1195 repraesentati,
1457 1148 1556 1196 quod
1573 1148 1754 1184 neminem

1100 1203 1309 1250 mirabitur,
1339 1204 1400 1252 qui
1426 1203 1513 1240 haec
1534 1208 1618 1241 ante
1634 1203 1755 1240 omnia

1099 1260 1282 1306 tenuerit,
1329 1259 1501 1296 animalia
1540 1272 1610 1297 esse
1647 1262 1755 1309 signa

1101 1318 1174 1353 sive
1198 1315 1352 1365 symbola
1373 1316 1532 1363 deorum,
1559 1329 1755 1353 summam-

1102 1386 1174 1421 que
1199 1373 1235 1408 in
1259 1373 1313 1409 his
1343 1373 1585 1410 astronomiae
1615 1373 1753 1410 haben-

1103 1430 1187 1465 dam
1208 1441 1289 1465 esse
1309 1430 1495 1466 rationem.
1554 1429 1652 1467 Nam
1669 1442 1752 1465 coe-

1102 1484 1245 1521 lestium
1274 1485 1467 1521 bestiarum
1500 1498 1563 1522 seu
1590 1485 1752 1522 siderea-

1102 1553 1180 1576 rum
1202 1540 1311 1587 (cum
1345 1541 1394 1576 ‹lii
1416 1541 1557 1578 lunares
1571 1569 1582 1587 ,
1613 1541 1750 1578 solares

1102 1609 1143 1633 ac
1153 1596 1357 1646 planetares
1371 1598 1441 1633 sint
1458 1598 1598 1634 siderea
1609 1609 1752 1634 armen-

1100 1654 1157 1699 ta)
1177 1653 1351 1700 imagines
1374 1658 1457 1690 sunt
1476 1654 1613 1690 bestiae
1632 1666 1752 1690 saera-

1100 1713 1160 1745 tae
1179 1709 1215 1744 in
1234 1709 1358 1756 terris,
1389 1722 1482 1758 quae
1502 1723 1564 1746 sua
1584 1722 1751 1758 quaeque

1100 1778 1166 1814 per
1188 1765 1388 1801 universam
1408 1766 1613 1815 Aegyptum
1632 1766 1667 1802 in
1690 1779 1751 1801 ur-

1102 1822 1204 1857 bibus
1236 1822 1343 1857 sacris
1373 1821 1512 1857 stabula
1534 1826 1569 1859 et
1590 1821 1754 1871 sepulcra

1100 1877 1246 1913 habent.
1285 1877 1402 1923 Hinc,
1434 1878 1502 1914 alia
1521 1882 1560 1914 ut
1578 1879 1752 1924 omittam,

1099 1946 1178 1970 mos
1206 1933 1494 1983 sepeliendorum
1512 1934 1694 1971 hominum
1713 1934 1752 1970 in

1100 1990 1307 2026 conditoriis
1334 2003 1514 2028 sacrarum
1545 1991 1751 2028 bestiarum.

1099 2045 1270 2095 Namque
1316 2051 1393 2084 erat
1449 2051 1750 2092 consentaneum,

1099 2103 1188 2140 haec
1206 2103 1371 2139 animalia
1389 2107 1473 2154 post
1492 2108 1643 2139 mortem
1663 2116 1751 2140 con-

1099 2159 1175 2196 dita
1193 2159 1373 2207 sacrisque
1403 2159 1610 2196 conditoriis
1641 2172 1749 2209 repo-

1099 2216 1167 2252 sita
1184 2228 1224 2251 ac
1246 2215 1385 2265 sepulta
1408 2228 1499 2252 esse.
1539 2215 1633 2252 Sunt
1649 2228 1748 2262 vero,

1099 2273 1130 2308 si
1152 2272 1330 2308 Herodoti
1351 2271 1446 2308 locos
1467 2283 1538 2307 una
1555 2271 1746 2320 iungamus

1099 2328 1154 2374 ll,
1185 2328 1370 2369 65-—69
1403 2327 1481 2364 incl.
1506 2329 1570 2367 71.
1591 2331 1655 2369 72.
1679 2328 1746 2376 74,

1097 2385 1168 2420 ibes
1188 2412 1199 2430 ,
1236 2385 1440 2433 accipitres,
1468 2383 1562 2432 seles
1582 2413 1592 2430 ‚
1633 2397 1747 2432 canes,

1097 2440 1352 2486 ichneumones,
1374 2453 1402 2476 m
1410 2453 1505 2487 ures,
1524 2442 1646 2477 aranei
1655 2470 1666 2487 ,
1685 2454 1747 2478 ur-

1099 2498 1150 2544 si,
1181 2496 1277 2546 lupi,
1305 2496 1485 2543 crocodili,
1506 2497 1749 2547 hippopotami,

1101 2553 1235 2599 lutrae,
1264 2553 1426 2602 lepidotz',
1445 2553 1646 2601 anguillae,
1668 2554 1747 2590 vul-

1093 2622 1257 2660 panseres
1286 2610 1475 2660 (phoenix)
1507 2622 1548 2647 ac
1579 2614 1748 2660 serpentes

1100 2666 1268 2715 quidam,
1307 2679 1372 2716 per
1399 2665 1558 2714 singulos
1589 2665 1748 2717 Aegypti

1098 2735 1226 2759 nomos
1249 2721 1380 2771 singuli
1399 2723 1596 2759 consecrati
1619 2735 1661 2760 ac
1679 2723 1747 2760 rite

1097 2779 1242 2815 conditi.
1299 2779 1393 2815 Cum
1419 2778 1549 2827 quibus
1579 2778 1674 2816 enim
1693 2779 1747 2814 vi-

1099 2840 1174 2872 etus
1195 2835 1362 2883 vitaeque
1379 2835 1469 2871 ratio
1490 2839 1567 2872 erat
1585 2847 1744 2872 commu-

1098 2891 1153 2928 nis
1179 2890 1252 2939 (11,
1268 2892 1363 2940 36),
1394 2890 1493 2929 haud
1509 2890 1578 2928 alia
1596 2902 1744 2940 quoque
