1877 3223
414 232 468 271 22
814 226 1271 265 HERODOTI

393 337 558 396 5Μῄων
603 336 873 392 καλεόμενος.
918 335 1037 389 παρὰ
1083 333 1251 378 τούτων
1283 333 1553 387 τΗροωιελεῖόαι
1590 333 1727 376 ἐπι-10

414 416 678 473 τραφθέντες
692 448 702 465 ,

754 415 880 471 ἔσχον
931 412 1012 469 τήν
1050 411 1185 470 ἀρχὴν
1222 412 1267 455 ἐκ
1302 414 1594 466 θεοπροπίου,
1634 412 1681 455 ἐκ

417 495 576 551 δούλης
613 510 657 537 τε
691 498 767 551 τῆς
815 491 1037 549 Ἰαρδάνου
1079 491 1303 549 γεγονότες
1339 491 1412 535 καὶ
1442 490 1681 546 Ἡρακλέος.

370 680 559 719 revertenti
591 678 739 716 insidias
765 683 921 725 struens,
949 677 1017 714 huc

371 738 485 774 minus
528 736 692 785 pertinet.
723 735 780 772 Cf.
823 734 892 781 lv,
921 734 1015 774 393.

371 792 538 843 Apollod.
560 792 630 837 lll,
661 793 698 837 6,
720 793 744 831 6
775 790 855 827 alia.
885 789 1016 838 Neque

371 862 455 886 vero
484 848 552 884 hoc
582 847 903 897 praetereundem,
942 857 1015 893 quo

371 905 479 943 etiam
508 903 573 941 Cr.
604 903 625 939 l.
653 902 675 939 l.
706 916 742 952 p.
768 905 845 943 169
877 901 1015 938 attendi

371 961 493 1008 iubet,
538 959 766 996 Herodotum
796 970 869 994 non
898 956 1014 1004 magis

370 1015 497 1065 Lydos
523 1015 728 1052 distinxisse
748 1027 769 1051 a
786 1013 1014 1058 Maemribus,

372 1085 479 1121 quam
508 1071 713 1118 Xanthum,
741 1082 894 1119 eamque
932 1081 1016 1106 sen-

370 1129 519 1166 tentiam
564 1140 709 1176 quoque
755 1132 795 1163 ut
842 1125 1014 1163 veriorem

370 1183 571 1234 praedicari
592 1196 613 1219 a
630 1183 749 1219 Strab.
763 1182 849 1219 xm
870 1195 906 1231 p.
920 1182 1015 1226 928,

372 1240 436 1286 B.,
457 1239 517 1288 qui
537 1237 664 1286 Lydos
686 1239 731 1275 ab
752 1239 913 1275 Homero
934 1249 1018 1273 nus-

371 1296 470 1346 piam
508 1294 685 1331 nominari
720 1295 849 1332 doceat
879 1292 941 1341 (ll.
972 1292 1018 1339 ΙΙ,

373 1351 488 1398 865).
526 1350 637 1387 Unde
673 1354 847 1399 apparet,
895 1361 1019 1386 eorum

373 1405 591 1444 sententiam
630 1406 688 1441 vix
716 1405 862 1455 probari
896 1417 1020 1454 posse,

375 1462 437 1512 qui
484 1461 706 1511 superiorem
759 1461 835 1498 eius
889 1465 1020 1506 terrae,

375 1530 472 1567 quae
503 1521 633 1567 postea
661 1516 779 1564 Lydia
811 1520 866 1554 est
895 1515 1020 1566 appel-

375 1572 471 1620 lata,
499 1577 640 1623 partem
669 1571 891 1619 ΛΙαευιιίηηι,
931 1572 1021 1609 inse-

378 1630 508 1666 riorem
524 1657 534 1676 ‚
581 1641 688 1678 quam
710 1628 879 1679 Caystrus
905 1627 1021 1675 alluit,

377 1684 534 1736 Lydiam
570 1685 765 1733 antiquitus
804 1698 886 1723 esse
917 1696 1025 1721 voca·

379 1746 453 1779 tam
475 1740 646 1779 dicerent.
675 1741 758 1778 vid.
788 1742 849 1778 Cr.
880 1740 901 1777 l.
924 1740 946 1777 l.

436 1811 543 1848 παρα
580 1792 732 1835 τούτων
780 1795 1024 1847 Ἡρακλεῖδαι.

382 1851 704 1904 ἐπιτραφθέντες]
735 1852 951 1890 Particulam
973 1848 1020 1891 δ
1008 1865 1025 1890 ε

383 1913 468 1961 post
491 1905 642 1947 τούτων
663 1909 842 1956 eiecimus,
869 1909 1028 1959 proban-

383 1965 481 2003 tibus
499 1965 698 2012 Schueigh.
711 1969 747 2001 et
759 1965 876 2002 Gaisf.
880 1976 1028 2026 ,quam-

386 2023 440 2059 vis
461 2021 612 2058 retineat
637 2019 766 2057 Matth.
794 2019 910 2058 Abest
935 2020 1030 2058 enim

386 2077 447 2114 illa
466 2089 488 2113 a
507 2076 605 2112 libris
622 2089 730 2113 manu
751 2077 894 2126 scriptis
913 2081 948 2114 et
967 2077 1031 2113 be-

388 2147 436 2171 ne
464 2133 593 2169 abesse
625 2136 747 2182 potest
781 2145 824 2169 ex
853 2131 1034 2170 Herodoti

388 2187 559 2238 loquendi
577 2201 656 2224 usu.
689 2188 845 2225 Sensum
864 2188 1034 2225 locibene

391 2244 547 2283 reddidit
589 2244 811 2292 Schweigh.:
862 2273 886 2292 ,‚
896 2245 939 2281 ab
980 2243 1034 2280 leis

387 2302 515 2352 priscis
548 2300 687 2348 regibus
718 2302 929 2337 commissum
967 2300 1037 2336 siba·

394 2369 535 2407 regnum
566 2369 608 2391 ex
636 2356 771 2391 oraculi
804 2356 915 2393 edicto
945 2357 1033 2393 obti—

395 2415 543 2450 nuerunt
597 2411 871 2456 Heraclidae;“
938 2412 1036 2461 quod

398 2470 490 2507 hanc
523 2467 570 2504 ob
609 2480 754 2504 causam
788 2481 941 2515 moneo,
990 2480 1036 2504 ne

397 2525 479 2575 quis
511 2523 621 2560 Corai
655 2523 892 2573 adstipuletur
911 2524 1036 2573 lewen-

397 2582 443 2618 ti:
486 2577 805 2629 ἐπιτραφέντες
844 2580 936 2630 (pro
959 2579 1038 2619 ἐπι-

399 2634 702 2689 τραφθέντες)
731 2635 830 2683 quod
871 2636 966 2673 idem
994 2637 1040 2674 sit

401 2697 512 2742 atque
539 2687 852 2743 ἕπιγενόμενοιὶ.
890 2704 920 2728 e.
961 2693 1040 2740 „ab

402 2749 455 2786 lus
475 2747 687 2785 succedentes
708 2746 954 2785 Heraclad‘wze
978 2754 1045 2787 etc.

401 2806 572 2855 quodque
622 2817 710 2842 sane
755 2804 954 2853 reperiatur
998 2805 1046 2853 ll,

408 2863 484 2903 121
515 2860 553 2912 §-
585 2865 627 2907 1,
657 2860 716 2900 ubi
753 2861 823 2899 vid.
862 2861 938 2901 Sed
967 2861 1046 2902 ἐπι-

1082 673 1326 727 τραφθέντες
1366 674 1523 724 pertinet
1560 674 1609 710 ad
1648 685 1727 710 ver-

1083 732 1166 768 bum
1201 729 1443 779 ἐπιτρένεειν,
1493 743 1565 779 quo
1590 728 1727 767 Noster

1083 801 1170 824 usus
1201 792 1257 825 est
1294 787 1361 833 lll,
1403 787 1492 827 157.
1533 786 1602 822 Est
1630 785 1727 822 enim

1082 846 1307 889 committere,
1341 845 1536 893 permittere
1564 853 1726 890 regnum.

1081 899 1160 937 Nec
1201 900 1345 935 insolita
1398 899 1487 936 haec
1536 903 1727 944 structura,

1081 955 1142 991 ubi
1171 956 1372 992 istiusmodi
1390 955 1507 992 verbis
1526 955 1562 991 in
1580 954 1726 1004 passivo

1082 1011 1224 1047 additur
1259 1011 1354 1048 idem
1389 1011 1517 1047 obiecti
1554 1009 1729 1047 accusati-

1080 1078 1157 1105 vus.
1187 1066 1271 1102 vid.
1299 1066 1330 1102 F
1334 1066 1418 1105 isch.
1449 1067 1498 1102 ad
1527 1065 1634 1103 ivell.
1665 1064 1731 1113 lli,

1085 1124 1107 1162 1
1138 1135 1175 1172 p.
1195 1122 1275 1163 437
1305 1135 1361 1171 sq.
1392 1122 1441 1158 Et
1467 1134 1526 1159 res
1562 1121 1643 1171 ipsa
1660 1133 1730 1169 nos

1083 1178 1256 1215 admonet
1313 1191 1508 1226 regnorum
1560 1178 1730 1216 Orienta-

1083 1233 1167 1270 lium
1206 1234 1421 1271 conditionis
1459 1240 1568 1283 atque
1602 1238 1730 1280 status,

1083 1290 1145 1326 ubi
1175 1289 1243 1326 hoc
1269 1291 1379 1326 modo
1405 1302 1599 1337 regnorum
1630 1303 1731 1327 ever-

1085 1346 1207 1382 siones
1248 1346 1340 1382 effici
1371 1345 1556 1392 videmus,
1585 1347 1731 1395 quando

1085 1401 1249 1437 nimirum
1280 1415 1408 1450 reges,
1447 1402 1575 1440 inertia
1611 1415 1652 1439 ac
1679 1401 1733 1438 lu-

1086 1457 1185 1494 xurie
1216 1458 1445 1504 diffluentes,
1488 1458 1731 1507 regnicuram

1086 1512 1164 1550 aliis
1195 1514 1426 1563 permittunt,
1456 1527 1478 1550 a
1506 1514 1636 1564 quibus
1662 1514 1732 1565 ipsi

1087 1569 1258 1619 deinceps
1277 1583 1391 1618 regno
1412 1570 1632 1608 deiiciuntur.
1672 1587 1676 1597 ι

1144 1624 1186 1664 ἐκ
1226 1621 1374 1675 δούλης
1409 1647 1464 1654 -
1499 1624 1731 1679 Ἡρακλέος]

1088 1682 1182 1718 Sunt
1221 1682 1282 1730 qui
1316 1682 1528 1720 Heraclidas
1569 1696 1642 1719 non
1688 1683 1734 1719 ab

1089 1738 1232 1774 Iardani
1254 1751 1369 1786 serva,
1398 1740 1465 1776 sed
1484 1740 1530 1777 ab
1555 1738 1736 1789 Omphale

1090 1794 1166 1831 sive
1208 1807 1319 1832 uxore
1362 1795 1505 1832 Iardani
1545 1795 1620 1833 sive
1663 1794 1737 1832 filia

1093 1850 1265 1886 oriundos
1306 1865 1386 1889 esse
1425 1856 1597 1888 statuant.
1662 1851 1740 1889 Sed

1094 1907 1307 1956 scriptorum
1334 1912 1494 1944 veterum
1533 1907 1740 1945 testimonia

1092 1962 1275 2000 Herodoti
1296 1964 1511 2001 sententiam
1527 1964 1742 2001 confirman-

1094 2019 1146 2056 tia
1174 2017 1297 2055 laudat
1323 2019 1353 2056 C
1359 2033 1385 2056 r.
1417 2020 1608 2070 (frag-mm.
1629 2020 1742 2057 histo-

1096 2075 1177 2112 rice.
1215 2089 1252 2125 p.
1287 2077 1366 2116 186
1405 2077 1514 2125 sq.),
1565 2076 1740 2113 Hellanic.

1099 2144 1157 2182 ap.
1195 2131 1321 2181 Steph.
1361 2131 1450 2179 Byz.
1493 2145 1569 2169 voc.
1607 2126 1741 2181 Ἀκέλη

1100 2188 1293 2234 (fragmm.
1319 2186 1414 2223 Hell.
1453 2200 1489 2237 p.
1520 2187 1626 2235 134)
1665 2188 1743 2224 coll.

1099 2243 1208 2280 Diod.
1240 2242 1310 2278 Sic.
1350 2242 1420 2289 lv,
1457 2244 1510 2283 31
1548 2249 1583 2280 et

1102 2299 1291 2346 Chrysost.
1322 2298 1423 2335 Orat.
1449 2299 1498 2335 lv
1520 2312 1555 2349 p.
1578 2301 1671 2346 236,
1701 2301 1743 2336 B.

1100 2353 1149 2390 Et
1180 2355 1223 2390 cf.
1252 2367 1397 2403 quoque
1417 2355 1573 2393 Wessel.
1603 2357 1650 2392 ad
1667 2357 1701 2394 h.
1722 2355 1745 2394 l.

1102 2409 1182 2448 Nec
1219 2423 1368 2459 prorsus
1401 2413 1577 2460 refragari
1606 2412 1747 2450 videtur

1101 2472 1302 2515 temporum
1317 2468 1418 2504 ratio.
1450 2467 1596 2518 Quippe
1617 2480 1747 2518 regna-

1103 2537 1141 2560 re
1163 2522 1295 2573 incepit
1328 2523 1474 2572 Agron,
1502 2524 1637 2574 primus
1670 2525 1747 2562 He-

1102 2577 1312 2616 raclidarum
1349 2593 1434 2627 rex,
1480 2593 1576 2617 anno
1618 2583 1747 2627 122ος

1106 2635 1203 2672 unde
1233 2648 1348 2684 usque
1377 2637 1426 2673 ad
1445 2637 1638 2675 Herculem
1664 2650 1750 2688 pro-

1108 2691 1307 2741 genitorem
1332 2692 1452 2743 stirpis
1480 2694 1640 2743 quinque
1671 2705 1752 2731 cum

1111 2750 1181 2785 sint
1202 2749 1454 2797 generationes
1470 2750 1545 2788 sive
1567 2752 1645 2791 166
1655 2750 1752 2796 anni,

1113 2805 1278 2842 Herculis
1315 2805 1429 2855 ipsius
1469 2819 1587 2844 annus
1624 2805 1754 2843 natalis

1113 2862 1243 2901 incidet
1270 2863 1305 2899 in
1333 2874 1414 2900 ann.
1447 2864 1553 2904 1386
1580 2874 1614 2900 a.
1644 2861 1755 2907 Chr„

1631 2243 1742 2281 Dion.
1791 2256 1794 2258 ’
