1877 3223
18 492 82 537 39

625 229 836 270 CLIO.
896 231 922 268 Ι.
1356 235 1412 274 99

129 336 242 394 »γάρ
273 353 349 394 μοι
377 343 542 394 μοῦνος
579 338 804 396 τυγχάνεις
833 338 918 383 ἐών
947 342 1073 390 παῖς·

127 450 149 467 ,,
161 417 309 471 ἕτερον
318 452 328 469 ,

1123 338 1201 382 τόν
1240 339 1323 396 γὰρ
1357 342 1411 399 δὴ

377 418 699 476 διεφθαρμένον
736 417 816 474 τὴν
856 417 1020 474 ἀκοὴν,
1062 416 1145 461 οὐκ
1186 416 1298 462 εἷναί
1335 431 1457 475 μοιὲο

125 497 427 551 ,,λογίζομαι.“
451 496 684 554 Ἀμείβεται
720 496 743 540 ὁ
773 499 946 553 νεηνίης
973 499 1136 540 τοῖσδε·
1170 499 1412 553 ,,Συγγνώ-

126 591 218 631 ,,μη
256 575 354 630 μὲν,
395 572 429 619 ὦ
464 576 624 632 πάτερ,
666 577 756 627 τοὶ,
799 575 936 619 ἰδόντί
969 592 1016 631 γε
1057 575 1160 627 ὄψιν
1188 575 1410 634 τοιαύτην,

238 654 247 668 η
288 656 299 669 ,
336 655 346 669 x
545 655 553 668 t
616 656 635 672 ‚f
804 654 812 667 2
878 653 888 667 s
968 652 978 667 2
1147 653 1156 666 ,
1314 654 1324 669 ,
1397 654 1404 665 ,

123 670 252 708 „mot
282 672 353 711 εμε
383 660 583 711 φυλακην
613 667 738 711 εχειν·
769 672 817 698 το
849 656 894 697 δε
923 671 976 697 ου
1008 660 1270 710 μαυθανεις,
1300 660 1409 700 ama

123 732 310 789 ,,λέληθέ
340 745 385 777 σε
414 733 463 778 τό
493 733 693 788 ὄνειρον,
723 733 796 790 ἐμὲ
824 750 892 777 τοι
910 732 1082 777 δίκαιόν
1098 734 1183 778 ἐστι
1213 734 1451 791 φράζειν.25

78 897 210 952 χάνεις
239 900 318 943 ἐών
347 905 465 956 παῖς]
516 902 586 954 εἷς
617 909 729 958 μοῦ-

79 974 166 1006 νος
205 961 378 1010 singulari
419 964 575 1012 quadam
610 965 644 1000 vi
675 964 730 1000 di-

78 1020 192 1061 ctum3
233 1017 280 1055 de
319 1031 391 1067 quo
435 1020 482 1055 ad
518 1019 727 1069 Olympiod.

78 1071 299 1109 Commentt.
352 1075 391 1110 in
426 1074 570 1112 Platon.
610 1076 724 1114 Alcib.

75 1141 112 1177 p.
140 1131 222 1169 220
249 1131 386 1167 monuit
412 1131 542 1168 Creuz.

132 1199 202 1225 τον
245 1200 318 1237 γαο
359 1183 410 1237 5¹1¹
456 1185 609 1239 ἕτερον,
651 1188 727 1227 διε-

76 1239 315 1307 φζὶαομὲνον
332 1239 407 1293 τήν
420 1238 574 1294 α’κοην]
606 1244 729 1282 Verba

73 1293 147 1345 τήν
171 1292 299 1347 οἷκοην
326 1310 348 1334 a
369 1299 573 1347 glossatore
592 1301 727 1349 margi-

73 1352 111 1387 ni
137 1353 320 1403 adscripta
341 1367 384 1391 ac
411 1356 582 1405 deinceps
612 1357 727 1392 textui

73 1407 170 1445 illata
197 1413 320 1446 censet
339 1410 488 1448 Reizius
511 1412 549 1447 in
569 1414 723 1461 praefat.

72 1476 157 1514 pag.
179 1465 296 1503 XXII.
358 1467 610 1504 Glossatorem
629 1468 724 1505 enim

70 1533 195 1558 vocem
215 1519 353 1570 κωφός
365 1553 376 1571 ,
408 1536 479 1572 quo
501 1537 611 1574 supra
631 1523 724 1570 I,34

70 1575 211 1615 Noster
240 1579 368 1626 utitur,
409 1592 482 1615 non
521 1581 725 1629 antiquiore

71 1646 189 1682 eoque
234 1634 448 1673 Herodoteo
487 1649 618 1684 sensu,
658 1636 726 1673 sed

73 1690 270 1728 recentiore
307 1693 512 1742 accepisse,
565 1693 725 1741 indeque

72 1744 141 1782 huc
169 1747 408 1797 adscripsisse
449 1743 600 1799 ἀκοὴν,
651 1761 725 1798 q¹10

73 1802 216 1838 dicendi
257 1804 437 1841 rationem
476 1810 676 1854 exponeret
704 1818 725 1842 e

72 1857 149 1894 loco
182 1857 241 1894 illo
275 1860 452 1909 superiori
480 1860 519 1908 Ι,
540 1862 614 1901 34:
644 1863 725 1899 τῶν

77 1912 286 1965 (παίδων)
307 1911 498 1983 ,οὕτερος
538 1914 609 1966 μὲν
649 1915 724 1954 διέ-

72 1974 253 2021 φθαοτο·
295 1973 347 2021 ἠν
377 1969 450 2023 γεέρ
474 1970 545 2028 δη
574 1968 722 2020 κωφός.

72 2026 119 2062 Et
147 2027 240 2063 infra
269 2026 308 2074 l,
340 2028 413 2068 85.
461 2043 515 2078 ἠν
552 2028 592 2066 οἱ
619 2032 725 2075 παῖς,

70 2085 145 2121 τοῦ
176 2081 243 2121 καὶ
274 2079 467 2134 πρότερον
498 2080 723 2134 ἐμνήσθην,

71 2136 117 2177 τὰ
149 2136 220 2189 μὲν
254 2135 352 2178 α’λλα
383 2137 644 2190 ἐπιεικης,
679 2136 722 2178 ἅ-

74 2210 209 2242 φωνος
231 2193 285 2234 δέ.
343 2196 612 2233 Assentientem
635 2196 724 2232 Rei-

72 2252 149 2287 zius
171 2256 296 2288 nactus
318 2256 374 2289 est
401 2251 633 2297 Lamherum,
657 2265 724 2289 nec

73 2308 176 2344 Schu
181 2308 415 2356 eighaeusero
428 2309 496 2345 tria
515 2308 584 2344 ista
592 2322 613 2344 v
616 2321 654 2345 er
657 2308 721 2344 ba:

73 2361 369 2415 διεφθαρμένον
389 2379 462 2415 την
483 2359 645 2414 οἷκοηνῦ
624 2364 723 2400 ‹rlos-

73 2432 134 2456 sae
158 2420 363 2470 suspicione
385 2433 512 2457 xacare
543 2421 721 2457 videntur.

76 2475 148 2517 Qui
163 2480 285 2513 tamen
316 2477 395 2526 ipse
413 2477 466 2513 vii
492 2477 721 2513 cautissimus

76 2531 175 2566 uncis
194 2532 374 2570 includere
392 2537 454 2569 aut
471 2536 572 2569 textu
594 2533 723 2570 eiicere

75 2587 184 2623 verba
200 2591 337 2623 tentata
365 2589 489 2625 noluit.
545 2588 594 2624 Et
625 2592 723 2626 recte

74 2643 179 2689 fecit,
218 2643 413 2680 rationibus
454 2645 547 2681 bene
594 2643 721 2681 allatis.

74 2698 244 2747 Namque
267 2712 287 2735 e
309 2704 434 2736 neutro
457 2700 635 2736 Herodoti
667 2700 721 2736 lo-

74 2768 115 2791 co
137 2755 230 2791 effici
248 2755 403 2804 poterit,
430 2753 504 2805 τὴν
525 2750 651 2806 οἷκοήν
662 2756 718 2794 hic

73 2810 256 2858 glossema
284 2823 366 2848 esse
412 2824 529 2860 neque
574 2813 718 2848 omnino

74 2867 268 2917 quidquam
293 2867 464 2918 impedit,
496 2880 566 2917 quo
600 2869 715 2906 minus

798 911 952 955 utroque
974 907 1059 944 vitio
1081 909 1245 946 iuvenem
1264 908 1450 946 laborasse

797 963 997 1000 credamus.
1055 964 1137 1001 Vid.
1161 977 1254 1014 quae
1273 964 1373 1011 adl,
1394 963 1448 1005 34

797 1019 998 1055 notavimus
1065 1021 1112 1058 de
1184 1020 1449 1075 significatione

795 1075 942 1112 voculae
974 1072 1134 1124 κωφὸς,
1184 1077 1285 1113 unde
1321 1076 1448 1112 iniuria

797 1130 944 1167 Reizius
993 1135 1246 1180 argumentum
1302 1132 1448 1168 duxisse

796 1187 959 1234 videtur,
989 1201 1061 1237 quo
1084 1189 1195 1226 verba
1223 1185 1298 1240 τήν
1321 1184 1449 1239 οἷκοήν

797 1243 998 1282 damnaret.

962 1327 1072 1379 Cap.
1102 1327 1276 1365 xxxix.

849 1405 946 1448 ἄλλοέ
965 1408 1109 1460 λέληθέ
1126 1422 1168 1449 σε
1195 1407 1241 1449 τό
1260 1407 1444 1462 ὄνειρον]

793 1466 958 1503 Offendit
978 1466 1106 1503 vocula
1126 1462 1171 1505 τό
1194 1463 1352 1518 ὄνειρον
1363 1497 1374 1515 ,
1405 1480 1446 1503 o-

791 1522 933 1558 mnibus
964 1525 1085 1560 tamen
1114 1535 1136 1559 a
1163 1522 1262 1559 libris
1294 1526 1455 1560 retenta.'

793 1577 961 1627 Schwgh.
984 1579 1138 1629 explicat
1158 1575 1256 1617 και-οὶ
1278 1575 1322 1617 τό
1347 1575 1445 1618 ὄνει-

795 1649 890 1686 ρον,
921 1639 1004 1683 aut,
1034 1636 1132 1684 quod
1155 1636 1273 1684 magis
1293 1635 1364 1685 ipsi
1386 1648 1445 1672 ar-

793 1692 910 1738 ridet,
940 1690 1008 1730 καὶ
1037 1688 1134 1730 κατα)
1157 1688 1199 1731 τὸ
1227 1691 1279 1739 (i.
1299 1705 1329 1729 e.
1351 1686 1446 1730 καθ’

793 1743 844 1795 ὃ)
875 1746 1019 1798 λέληθέ
1039 1760 1081 1787 σε
1100 1744 1144 1786 τό
1168 1745 1336 1799 ὄνειρον.
1396 1747 1444 1784 ll-

791 1803 863 1840 lam
882 1808 1004 1841 tamen
1022 1805 1198 1841 rationem
1219 1804 1255 1840 in
1267 1805 1443 1854 interpre-

791 1861 930 1897 tatione
959 1860 1069 1896 latina
1103 1865 1248 1897 secutus
1278 1873 1360 1897 esse
1390 1860 1447 1895 vi-‘

791 1916 916 1961 detur,
947 1916 1007 1951 ubi
1023 1916 1076 1952 sic
1095 1915 1269 1963 legimus:
1285 1915 1444 1964 „quodve

792 1971 918 2006 oblitus
941 1984 975 2006 es
992 1971 1052 2006 hoc
1071 1973 1109 2007 z'n
1132 1973 1272 2008 somnia
1286 1972 1311 1989 ‘⁶
1367 1971 1444 2008 Sed

791 2030 953 2075 praestat
973 2038 1016 2062 ea
1037 2027 1152 2073 ratio,
1172 2027 1243 2074 qua
1259 2055 1269 2073 ,
1290 2027 1444 2064 docente

792 2081 966 2118 Matthiae
989 2080 1025 2131 ᾗ.
1048 2081 1129 2122 476
1154 2095 1191 2132 p.
1213 2085 1294 2123 891
1308 2111 1319 2130 ,
1349 2082 1442 2119 rela-

793 2138 864 2173 tivo
902 2138 1106 2187 pronomini
1155 2139 1274 2188 ipsum
1309 2151 1442 2175 nomen

792 2194 931 2230 adiecto
968 2193 1138 2241 articulo,
1203 2195 1441 2244 appositionis

791 2250 894 2297 quasi
916 2249 1015 2294 loeo,
1035 2250 1207 2300 postponi
1228 2254 1441 2287 statuamus.

791 2305 831 2342 ld
848 2307 947 2353 quod
967 2310 1163 2356 perspectu
1186 2306 1321 2343 facilius
1363 2307 1441 2353 erit,

790 2362 821 2397 si
834 2374 941 2399 voces
971 2358 1013 2400 τὸ
1047 2358 1204 2413 ὄνειρον
1239 2362 1440 2399 distinetio-

788 2418 894 2454 nibus
914 2431 935 2454 a
956 2418 1102 2465 reliquis
1122 2418 1240 2455 verbis
1262 2419 1439 2464 secludes,

790 2477 829 2510 ut
850 2486 915 2511 eae
941 2474 1141 2523 explicandi
1161 2486 1269 2510 causa
1289 2475 1441 2525 apposi-

790 2534 846 2566 tas
869 2543 951 2567 esse
978 2530 1093 2577 magis
1118 2535 1303 2579 appareat.
1344 2531 1438 2567 Sen-

791 2599 852 2622 sus
873 2590 947 2623 est:
979 2615 1002 2632 „
1016 2586 1105 2636 qnod
1123 2589 1155 2622 te
1176 2585 1281 2633 latet,
1311 2588 1438 2622 somni-

789 2655 848 2678 um
869 2642 1001 2678 scilicet
1031 2642 1173 2679 istudf‘
1227 2643 1325 2679 Hine
1355 2642 1441 2678 nihil

789 2699 1018 2735 tribuendum
1049 2699 1277 2746 quorundam
1313 2699 1436 2736 conie-

788 2758 926 2792 cturae:
955 2756 1028 2793 τοῦ
1051 2751 1218 2806 ὀνείρου.

853 2811 893 2847 ln
939 2824 1043 2860 seqq.
1103 2810 1308 2848 reduximus
1357 2823 1435 2846 cum

785 2867 950 2915 Schwgh.
973 2871 1008 2904 et
1029 2867 1145 2904 Gaisf.
1176 2865 1317 2917 φοβέαι
1343 2867 1438 2904 male

1100 2925 1126 2963 7
1140 2923 1157 2945 ἡ
