1909 3228
647 154 950 194 cL10.1.

1346 160 1429 199 323

173 282 243 309 ται
273 269 385 308 τοῖσι
399 263 570 308 ἄλλοισι
592 266 810 322 Πέρσῃσι·
844 266 951 321 φασὶ
982 266 1027 309 δέ
1061 282 1135 322 μιν
1164 265 1208 317 ἐς
1234 265 1312 310 τὸν
1339 265 1428 323 ἥλι·

144 350 230 387 3ον
262 341 512 400 ἁμαρτόντα
549 362 610 394 τι,
669 349 805 388 ταῦτα
845 346 962 401 ἔχειν.

1021 345 1162 397 ξεῖνον
1200 344 1246 388 δὲ
1274 343 1427 396 πάντα,

171 422 249 466 τόν
278 423 611 480 λαμβανόμενον
639 422 726 467 ὑπὸ
768 423 957 476 τούτων,
1007 424 1159 467 πολλοὶ
1197 424 1270 468 καὶ
1309 422 1428 467 ἐλαύ-

175 515 299 546 νουσι
329 503 376 546 ἐκ
405 507 480 560 τῆς
514 501 652 559 χώρης
669 519 678 528 ’

738 505 812 547 καὶ
848 503 924 554 τὰς
961 502 1116 555 λευκάς
1151 502 1484 558 περιστερὰς,30

144 580 256 637 4τήυ
284 579 424 638 αὐτήν
454 585 593 639 αἰτίην
622 581 909 638 ἐπιφέροντες.
941 581 1008 633 Ἐς
1036 581 1233 639 ποταμὸν
1262 582 1307 626 δὲ
1336 580 1430 625 οὔτε

173 660 451 714 ἐνουρέουσι,
484 660 582 704 οὕτε
612 660 872 714 ἐμπτύουσι,
903 660 956 703 οὐ
982 667 1125 716 χεῖρας
1155 661 1428 713 ἐναπονίζον-

173 756 265 789 ται,
297 737 400 782 οὕὸὲ
430 739 563 782 ἄλλον
592 738 751 783 οὐδένα
780 740 1057 793 περιρρέωσι,
1090 738 1198 782 ἀλλά
1229 739 1429 796 σέβονται

49 821 146 866 139
170 817 394 872 ποταμούς
422 816 620 873 μάλιστα.

167 896 360 939 πέπτωκε
387 898 608 952 γίνεσθαι,
655 897 703 944 τό
735 897 906 953 Πέρσας
942 896 1022 953 μὲν
1064 896 1223 949 αὐτούς
1258 897 1480 953 λέληθε,35

112 1059 321 1110 perhibetur
343 1059 496 1109 epistola
524 1060 652 1109 prima.
688 1060 765 1097 De-

112 1116 178 1152 lios
207 1116 329 1152 scribit
356 1116 414 1152 ille
446 1120 597 1166 propter
625 1116 765 1166 Apolli-

110 1173 164 1208 nis
181 1172 269 1208 iram
291 1172 440 1209 affectos
460 1185 539 1209 esse
560 1185 640 1208 moi
644 1181 688 1208 uo
700 1186 767 1222 pe-

113 1228 270 1274 stssenti,
302 1229 339 1264 in
359 1241 431 1277 quo
462 1243 544 1275 ,,τα
564 1226 635 1291 51:311
657 1224 762 1279 πρό-

110 1296 225 1323 σωπα
252 1283 494 1334 ἐπίμπλαντο
522 1286 562 1322 λε
548 1280 665 1333 εύκης
695 1299 762 1323 και

110 1356 182 1387 τας
204 1340 338 1391 τρίχας
360 1338 492 1378 λευκοὶ
515 1338 733 1391 ἐγίνοντο.“

165 1395 233 1435 καὶ
263 1393 334 1443 τοὶς
351 1393 493 1441 λευκοὶς
514 1392 758 1447 περιστεράς]

108 1453 212 1490 Haec
232 1453 340 1501 vulgo
370 1453 415 1489 de
444 1452 534 1489 albis
554 1453 761 1502 intelligunt

108 1510 293 1556 columbis,
322 1522 411 1558 quas
429 1513 581 1559 propter
602 1509 672 1546 albi
699 1522 760 1546 co·-

108 1565 193 1602 loris
213 1565 480 1603 similitudinem
494 1578 571 1602 cum
584 1565 761 1613 vitiligine

108 1622 373 1669 laborantibus,
430 1634 582 1670 quorum
625 1621 762 1672 pallida

109 1678 219 1715 facies
235 1682 344 1726 atque
360 1677 545 1714 albescens
558 1707 568 1724 ‚
582 1678 761 1715 eiecerint.

110 1732 242 1770 Album
270 1734 364 1770 enim
391 1733 547 1770 colorem
564 1733 682 1770 Persis
707 1734 763 1769 in-

111 1791 226 1826 visum
242 1789 417 1825 dictitant.
429 1810 486 1815 —-—
501 1789 577 1825 Sed
601 1789 762 1826 omnium

112 1845 375 1882 sanctissimum
387 1844 506 1881 Persis
524 1843 649 1881 haberi
669 1845 762 1880 hunc

111 1902 289 1947 colorem,
331 1901 392 1949 qui
424 1900 677 1946 innocentiae,
707 1900 763 1936 in-

111 1957 290 2006 tegritatis
311 1957 477 2005 adeoque
504 1956 649 2005 pietatis
670 1955 762 1992 indi-

111 2014 205 2050 cium
235 2013 304 2059 sit,
337 2013 473 2062 optime
502 2016 762 2048 commonstra-

112 2070 162 2106 vit
180 2069 366 2105 Hammer.
393 2069 430 2104 in
448 2068 596 2105 Wiener
611 2067 761 2104 Jahrbb.

111 2125 165 2162 IX
185 2137 270 2175 pag.
295 2127 358 2165 17.
383 2127 445 2165 18.
503 2124 613 2160 Unde
636 2136 764 2160 conse-

113 2194 227 2230 quens
246 2185 322 2228 est,
351 2180 409 2218 hic
425 2193 500 2216 non
524 2180 570 2217 de
598 2179 689 2215 albis
704 2192 766 2216 co-

113 2237 240 2273 lumbis
269 2249 471 2274 sermonem
495 2236 660 2283 institui,
700 2235 765 2272 sed

115 2294 162 2330 de
200 2293 362 2329 columbis
409 2297 441 2329 et
475 2294 562 2341 ipsis
603 2291 744 2342 leprosis
757 2321 767 2338 ‚

119 2361 208 2397 quas
229 2350 364 2399 pariter
390 2354 498 2398 atque
523 2349 688 2385 homines
716 2347 766 2384 le-

113 2417 243 2454 prosos
275 2417 297 2441 a
324 2417 363 2442 se
401 2408 556 2442 remotas
588 2403 768 2440 voluerint

116 2460 262 2497 Persae.
318 2459 427 2497 Plura
446 2461 632 2497 Hammer.
654 2459 676 2495 l.
694 2459 716 2495 l.

172 2512 248 2565 τὴν
272 2511 396 2565 αὐτήν
413 2515 545 2565 αἰτίην
558 2513 766 2564 ἐπιφέρον-

118 2570 201 2622 τες]
233 2572 340 2608 Conf.
362 2572 398 2618 I,
429 2574 482 2613 26
508 2573 555 2608 de
577 2571 768 2608 locutione.

118 2650 174 2655 -—
204 2628 246 2664 In
273 2628 436 2678 proxime
474 2627 769 2664 antecedentibus

118 2684 247 2721 retinui
286 2681 479 2722 πολλοὶ
513 2681 597 2721 καὶ
630 2679 769 2721 ἐλαύ-

118 2754 143 2778 ν
156 2754 176 2778 ο
188 2754 212 2777 υ
226 2750 248 2778 σ
263 2754 276 2777 ι
304 2753 371 2789 pro
395 2739 543 2788 vulgata
554 2736 691 2777 πολλοὶ
708 2737 767 2786 ἐξ·

121 2790 357 2844 ελαύνουσι,
380 2795 477 2833 cuius
494 2795 572 2833 loco
598 2795 668 2832 alia
686 2808 771 2845 pro-

677 818 765 861 Καὶ
801 817 899 862 τόδε
939 818 1044 862 ἄλλο
1083 829 1163 873 σφι
1202 813 1283 862 ὦδε
1322 830 1424 874 συμ-

833 1059 955 1110 posuit
970 1059 1142 1097 Reiskius
1154 1088 1164 1107 ,
1188 1059 1245 1096 vix
1263 1072 1482 1097 commemo-

832 1117 958 1152 randa.
1017 1115 1096 1153 Nec
1113 1116 1261 1152 aliorum
1281 1122 1484 1154 commenta

832 1174 968 1209 referre
988 1171 1126 1221 placet,
1156 1173 1217 1209 ubi
1233 1172 1404 1209 librorum
1420 1186 1483 1210 ve-

832 1233 1008 1264 tustorum
1032 1228 1222 1265 lectionem
1240 1241 1298 1266 me
1321 1233 1484 1266 secutum

832 1298 933 1330 esse,
963 1284 1139 1321 indicasse
1158 1285 1244 1321 satis
1265 1284 1343 1321 erit.
1375 1284 1483 1322 Cous.

831 1341 1002 1377 Creuzer.
1040 1340 1088 1376 ad
1132 1340 1276 1376 historr.
1314 1342 1483 1388 fragmm.

828 1409 914 1445 pag.
949 1397 1040 1435 106.
1115 1394 1245 1444 Nuper
1285 1396 1484 1432 admodum

828 1453 1001 1500 Stegerus
1030 1449 1209 1498 (Praesat.
1234 1452 1283 1488 ad
1302 1451 1483 1488 Herodot.

827 1521 914 1558 pag.
933 1508 987 1556 X)
1017 1507 1187 1544 coniecit:
1217 1509 1345 1561 πολλῇ
1365 1522 1484 1559 κραυ-

827 1566 882 1618 γῇ
909 1565 961 1612 (i.
993 1577 1024 1601 e.
1063 1563 1172 1600 multo
1201 1564 1367 1610 clamore,
1410 1577 1484 1613 quo

829 1620 902 1657 scil.
944 1624 1151 1657 occurentes
1186 1620 1362 1657 admoniti
1414 1620 1483 1657 sibi

829 1681 981 1714 caveant
1009 1689 1030 1712 a
1058 1677 1232 1726 pestifero
1259 1676 1399 1713 illorum
1429 1680 1485 1713 ta-

830 1733 907 1778 ctu)
934 1727 1145 1771 ἐλαύνουσι
1176 1732 1219 1770 ἐκ
1247 1734 1318 1782 τῆς
1339 1728 1483 1782 χώρης.

886 1787 926 1833 ἐς
947 1784 1128 1837 ποταμόν
1151 1785 1194 1826 δὲ
1219 1785 1308 1826 οὔτε
1328 1785 1483 1838 ἐνουρέ-

832 1855 942 1890 ουσι,
976 1840 1067 1881 οὔτε
1088 1839 1305 1893 ἐμπτύουσι
1321 1857 1358 1880 κ.
1378 1858 1409 1880 τ.
1431 1845 1481 1888 λ.]

829 1898 1036 1935 Admodum
1058 1903 1235 1946 negantes
1263 1898 1321 1935 hic
1345 1899 1485 1935 variant

829 1954 1044 2004 particulae:
1077 1952 1232 1992 οὕτε-
1253 1951 1343 1992 οὕτε
1360 1976 1411 1981 ——
1435 1949 1485 1993 οὐ

830 2032 886 2037 -—
908 2005 1020 2056 οὐδὲ,
1062 2011 1162 2058 quod
1207 2010 1326 2058 ipsum
1356 2010 1484 2046 fortius

832 2071 956 2114 negat.
988 2066 1048 2102 Tu
1061 2065 1194 2102 consul.
1207 2065 1337 2102 Matth.
1353 2064 1389 2116 ἓ.
1401 2068 1483 2107 609

831 2136 917 2172 pag.
961 2122 1081 2163 1225.
1121 2143 1176 2148 —
1210 2122 1304 2158 Cum
1338 2126 1486 2159 receutt.

835 2179 919 2216 edd.
962 2178 1087 2226 scripsi
1121 2175 1373 2229 περιορέωσι,
1411 2182 1487 2214 tum

837 2234 936 2270 libris
972 2234 1112 2283 scriptis
1145 2234 1214 2270 hoc
1251 2233 1328 2270 loco
1354 2234 1487 2282 proba-

835 2294 932 2336 tum,
982 2294 1058 2326 tum
1099 2289 1262 2326 similium
1291 2290 1485 2326 formarum

836 2345 1030 2395 exemplis,
1062 2350 1099 2381 ut
1122 2345 1157 2392 I,
1178 2348 1232 2387 99
1263 2342 1425 2394 ὅρέωσις
1454 2345 1485 2391 Ι,

839 2403 918 2444 124
953 2399 1164 2451 ἐπορέωσι,·
1205 2401 1241 2448 Ι,
1272 2403 1325 2442 96
1364 2397 1488 2451 μνεεό-

836 2472 964 2509 μενος.
989 2479 1036 2484 —
1058 2457 1115 2493 Ad
1135 2461 1387 2506 argumentum
1417 2457 1485 2493 loci

835 2515 969 2552 faciunt
1004 2514 1152 2551 aliorum
1191 2513 1398 2550 testimonia
1439 2514 1487 2550 de

835 2571 1022 2607 fluminum
1048 2570 1142 2606 cultu
1164 2568 1312 2618 aliisque
1339 2582 1382 2606 eo
1402 2582 1486 2619 spe-

836 2627 1036 2671 ctantibus,
1080 2626 1179 2675 apud
1213 2625 1374 2663 Brisson.
1405 2624 1428 2662 l.
1463 2625 1484 2662 l.

837 2682 870 2719 11
901 2681 985 2732 §.0
962 2686 1016 2723 „2
1037 2694 1140 2730 seqq.

982 2738 1096 2786 Cap.
1128 2736 1337 2774 CXXXIX.

894 2808 935 2833 το
966 2791 1122 2844 Πέρσας
1150 2789 1221 2842 μὲν
1254 2788 1398 2840 αὐτοῦς
1428 2791 1484 2832 λέ-

1124 2850 1176 2888 21
1199 2848 1218 2871 *

1482 817 1609 845 Nomina
1660 818 1758 845 omnia

1480 850 1621 879 desinere
1638 851 1760 879 inline-

1482 893 1547 913 ram
1564 885 1596 914 S.
