1877 3223
632 219 920 258 CL101.

1315 220 1396 260 193

149 331 174 376 ὁ
202 334 414 386 Κροῖσος,
461 329 509 374 τὸ
537 329 759 382 ἐνθεῦτεν,
807 327 864 379 ὥς
892 327 971 383 μὲν
999 326 1081 383 ἐγώ
1109 325 1243 383 λέγω,
1287 328 1395 371 κατα

147 411 221 462 τὰς
250 411 406 461 ἐούσας
434 407 627 465 γεφύρας
665 409 882 464 διεβίβασε
911 405 988 449 τὸν
1017 405 1222 460 στρατόν·
1262 403 1320 456 ὥς
1350 406 1396 449 δὲ

148 489 172 534 ὁ
202 489 357 540 πολλός
388 487 515 544 λόγος
550 487 783 544 Ἑλλήνων,

120 573 142 610 4
151 571 374 625 διεβίβασε.

844 488 988 542 Θαλῆς
1028 486 1072 528 οἱ
1112 485 1135 528 ὁ
1178 483 1396 540 Μιλήσιος

434 565 695 622 ἀπορέοντος
732 565 814 621 γὰρ
853 566 1050 620 Κροίσου
1093 563 1206 614 ὅκως
1237 565 1279 606 οἱ
1308 565 1396 606 δια-

149 647 323 703 βήσεται
353 646 429 689 τὸν
458 645 655 701 ποταμὸν
686 644 709 689 ὁ
739 644 938 700 στρατὸς,
981 640 1056 698 (οὐ
1085 641 1168 698 γάρ
1201 641 1252 698 δή
1285 640 1395 685 εἶναί
1408 647 1453 682 50

149 742 211 769 κω
240 729 395 769 τοῦτον
423 723 499 768 τὸν
526 722 687 779 χρόνον
715 725 789 774 τὰς
817 721 1014 779 γεφύρας
1043 721 1243 777 ταύτας,)
1288 721 1398 776 λέγε-

149 821 218 847 ται
243 802 459 857 παρεόντα
480 803 557 846 τόν
579 807 723 859 Θαλῆν
741 802 787 845 ἐν
814 805 874 861 τῷ
897 802 1169 858 στρατοπέδῳ
1184 833 1195 850 ,
1219 803 1399 856 ποιῆσαι

150 880 268 940 αὐτῷ
295 881 371 925 τὸν
399 881 622 937 ποταμόν,
654 881 696 934 ἐξ
720 879 945 937 ἀριστερῆς
965 879 1109 936 χειρὸς
1142 879 1297 935 ῥέοντα
1318 881 1399 921 τοῦ

121 964 364 1016 ὄστρατοῦ,
394 960 467 1004 καὶ
496 959 543 1004 ἐκ
573 962 710 1017 δεξιῆς
742 959 873 1014 ῥέειν·
905 964 1083 1015 ποιῆσαι
1104 958 1150 1002 δὲ
1170 953 1266 1002 ὦδε.
1288 955 1398 1000 ἄνω-

147 1043 227 1082 θεν
255 1043 336 1082 τοῦ
375 1040 670 1094 στρατοπέδου
707 1037 968 1095 ἀρξάμενον,
1015 1036 1208 1094 διώρυχα
1236 1036 1400 1093 βαθέην

149 1115 374 1172 ὀρύσσειν,
405 1117 567 1175 ἄγοντα
588 1117 844 1175 μηνοειδέα,
873 1117 986 1169 ὅκως
1014 1114 1070 1161 ἂν
1097 1116 1146 1161 τό
1170 1114 1398 1173 στρατόπε·
1409 1119 1454 1157 55

147 1287 247 1328 κατοῖ
275 1287 344 1336 τας
370 1286 511 1337 ἐούσας
536 1286 740 1343 γεφύρας]

92 1347 114 1382 i.
151 1359 182 1383 e.
218 1345 267 1383 ad
301 1359 378 1393 eos,
429 1349 491 1396 qui
518 1360 639 1384 nunc
677 1348 746 1384 ibi

92 1405 193 1448 sunt,
225 1406 357 1451 pontes.

150 1459 282 1508 Θαλῆς
305 1457 346 1497 οἷ
365 1455 388 1497 ὁ
403 1453 607 1508 ΙῑῙιλήσιος
623 1458 741 1508 διεβί-

93 1512 211 1565 βασε]
244 1514 317 1551 scil.
337 1511 405 1553 τὸν
425 1509 598 1566 στρατόν.
650 1515 742 1551 Pro-

93 1583 224 1607 nomen
257 1570 299 1609 οἵ
329 1572 377 1607 ad
408 1571 584 1608 Croesum
609 1573 741 1619 refero,

94 1627 149 1664 cui
179 1627 369 1664 exereitum
398 1627 455 1674 (s,
476 1628 576 1664 cuius
607 1628 742 1664 exerci-

95 1683 197 1730 tum)
229 1682 365 1719 Thales
392 1687 491 1719 trans
516 1683 640 1732 Halyn
674 1684 742 1720 du-

95 1742 207 1775 xerat.
264 1738 457 1775 Caeterum
497 1740 543 1776 de
587 1739 742 1777 Thalete

97 1793 128 1831 C
136 1807 163 1829 r.
181 1795 331 1831 conferri
342 1794 417 1830 vult
433 1794 587 1832 Gesner.
606 1796 654 1832 ad
665 1795 742 1831 Lu-

96 1851 186 1887 cian.
206 1850 318 1900 Hipp.
342 1849 377 1885 T
380 1862 450 1886 om.
468 1850 534 1886 Vll
554 1864 638 1900 pag.
660 1850 740 1891 557

97 1906 154 1943 ed.
173 1906 253 1955 Bip.
313 1905 430 1948 Quem
449 1906 544 1942 enim
564 1906 743 1954 Milesium

94 1961 233 1999 Noster
264 1961 367 2008 dicit,
414 1975 495 1999 eum
527 1961 743 1999 Phoenicem

96 2017 154 2054 alii
174 2022 305 2053 vocant
326 2030 368 2054 ea
391 2018 542 2054 forsitan
563 2030 607 2055 ex
624 2031 744 2065 causa,

95 2073 195 2122 quod
213 2072 404 2110 Thaletem
417 2073 655 2110 Phoenicibus
668 2087 744 2110 ma-

95 2130 229 2166 ioribus
257 2129 447 2166 oriundum
476 2129 556 2180 ipse
574 2130 743 2167 Herodo-

94 2189 151 2222 tus
171 2185 256 2221 dicit
276 2184 314 2232 I,
338 2188 429 2225 170.

161 2236 208 2279 οὐ
239 2237 314 2292 γὰρ
348 2237 397 2291 δὴ
431 2236 534 2279 εἶναί
564 2255 600 2279 κ.
631 2255 662 2278 τ.
693 2238 742 2290 λ.]

97 2295 263 2333 Pendent
283 2297 372 2334 haec
399 2297 444 2334 ab
476 2297 611 2334 omisso
641 2294 743 2348 λέγε-

97 2366 160 2390 ται
183 2352 239 2389 vel
258 2353 449 2390 referenda
472 2357 556 2389 sunt
578 2355 625 2390 ad
644 2358 747 2390 ante-

100 2409 263 2445 cedentia
305 2406 358 2454 ὥς
391 2406 411 2448 ὅ
451 2405 594 2456 πολλός
634 2404 748 2461 λόγος

97 2459 304 2513 Ἑλλήνων.

156 2515 226 2557 τόν
253 2516 446 2570 ποταμὸν,
473 2519 513 2568 ἐξ
542 2516 747 2572 οἷριστερῆς

101 2571 225 2625 χειρὸς
256 2573 392 2625 ῥέοντα
421 2591 455 2615 κ.
475 2592 506 2614 τ.
531 2576 578 2626 λ.]
619 2577 747 2614 Croesi

102 2631 273 2667 exercitus
295 2631 330 2667 in
343 2631 442 2669 laeva
460 2633 556 2668 fluvii
576 2633 655 2681 ripa
673 2633 746 2669 col-

100 2686 235 2723 locatus
255 2691 331 2723 erat
350 2701 392 2723 ex
412 2688 590 2725 Herodoti
612 2692 745 2736 mente,

101 2743 162 2791 qui
188 2743 237 2778 ita
267 2742 411 2789 scribit,
441 2745 538 2779 fluvii
555 2757 694 2780 cursum
722 2757 744 2781 a

100 2798 258 2835 fontibus
291 2798 375 2835 inde
400 2812 633 2850 persequenS.
691 2800 745 2837 Ut

103 2854 209 2902 igitur
231 2854 403 2891 exercitus
431 2856 555 2895 dextra
583 2860 679 2893 esset
708 2857 743 2893 in

145 2910 352 2948 Hssnonor.
383 2910 413 2948 1.

807 1290 887 1341 ripa
904 1293 1122 1340 fluvmmque
1139 1303 1236 1340 pone
1245 1302 1286 1327 se
1294 1287 1456 1335 haberet,

809 1348 907 1383 fluvii
925 1360 1092 1393 cursum,
1121 1348 1223 1383 fossa
1253 1357 1363 1394 supra
1393 1357 1457 1381 ex-

811 1403 942 1439 ercitus
962 1407 1080 1439 castra
1096 1404 1204 1439 ducta
1224 1401 1353 1437 circum
1377 1400 1458 1449 ipsa

811 1463 928 1495 castra
949 1471 971 1495 a
991 1462 1095 1508 parte
1118 1457 1241 1504 laeva,
1271 1456 1321 1492 ita
1339 1459 1458 1491 muta-

807 1515 859 1551 vit
878 1514 1036 1561 Thales,
1066 1518 1106 1550 ut
1137 1513 1198 1562 qui
1224 1516 1308 1549 ante
1326 1524 1348 1547 a
1370 1512 1459 1548 dex-

807 1575 864 1607 tra
886 1575 1004 1607 castra
1033 1571 1310 1620 praeterflueret
1328 1567 1457 1613 amnis,

808 1640 906 1664 nunc
940 1639 962 1663 a
994 1626 1095 1663 laeva
1116 1626 1139 1663 i.
1162 1639 1192 1663 e.
1220 1636 1319 1675 pone
1340 1628 1459 1661 castra

808 1683 1144 1734 praeterlaberetur.

865 1736 1025 1777 ἄνωθεν
1048 1741 1121 1777 τοῦ
1139 1733 1401 1789 στρατοπέδου
1421 1749 1456 1774 κ.

809 1810 842 1833 τ.
861 1793 908 1844 λ.]
948 1794 1049 1832 Nihil
1075 1795 1112 1830 in
1141 1794 1218 1840 his,
1254 1806 1301 1830 ne
1329 1792 1459 1828 distin-

810 1851 965 1888 ctionem
983 1851 1131 1898 quidem
1153 1848 1375 1897 singularum
1394 1860 1459 1884 vo-

812 1920 913 1953 cum,
943 1907 1176 1952 mutavimus,
1208 1905 1291 1953 quia
1311 1907 1459 1940 senten-

810 1963 862 1998 tia
891 1961 1000 2011 plane
1029 1962 1158 2011 opinor
1188 1961 1239 1996 sic
1275 1959 1458 2008 procedit:

811 2016 844 2054 A
865 2017 1051 2066 superiore
1074 2020 1177 2066 parte
1197 2020 1394 2052 castrorum
1415 2015 1458 2061 (i.

813 2086 844 2110 e.
863 2073 907 2109 ab
928 2085 970 2109 ea
986 2077 1110 2122 parte,
1138 2072 1236 2109 unde
1253 2072 1381 2107 fluvius
1398 2083 1457 2108 ve·

811 2129 882 2176 nit)
912 2129 1045 2178 incepit
1064 2130 1198 2165 fossam
1217 2128 1341 2164 fodere
1362 2139 1459 2164 eam-

812 2198 883 2234 que
904 2186 1034 2222 ducere
1053 2184 1089 2220 in
1108 2184 1265 2234 speciem
1284 2183 1389 2219 lunae
1404 2182 1459 2218 di·-

811 2241 1001 2287 midiatae,
1031 2245 1069 2276 ut
1087 2240 1214 2276 fluvius
1235 2252 1256 2275 a
1277 2243 1380 2287 tergo
1398 2252 1459 2275 su·-

813 2301 929 2334 meret
943 2300 1060 2333 castra
1079 2297 1206 2333 eodem
1220 2294 1297 2331 loco
1310 2307 1459 2331 manen-

813 2354 863 2389 tia
875 2382 885 2399 ,
914 2353 982 2389 huc
1002 2352 1134 2389 scilicet
1151 2352 1210 2399 (ut
1228 2351 1265 2387 in
1285 2351 1458 2388 exercitus

813 2413 917 2457 tergo
936 2410 1051 2455 esset)
1080 2409 1117 2444 in
1137 2407 1294 2444 canalem
1314 2420 1354 2444 se
1372 2419 1458 2443 con-

813 2470 955 2502 vertens
982 2478 1025 2502 ex
1045 2469 1165 2501 vetere
1177 2463 1277 2499 alveo
1289 2492 1299 2509 ‚
1322 2467 1358 2500 et
1373 2463 1458 2499 dein

812 2534 934 2557 rursus
967 2520 1236 2570 praeterlapsus
1267 2523 1384 2555 castra
1420 2519 1458 2554 in

811 2582 970 2614 veterem
989 2576 1126 2613 alveum
1144 2576 1320 2611 influeret.
1340 2575 1458 2621 Quae,

810 2633 900 2683 ipsis
940 2631 1208 2680 W'yttenbachii
1251 2631 1368 2667 verbis
1415 2642 1458 2667 ex

810 2694 915 2739 parte
937 2688 1099 2738 prolata,
1128 2691 1202 2723 tam
1219 2685 1314 2723 clara
1333 2687 1458 2723 viden-

810 2750 889 2791 tur,
910 2749 948 2780 ut
965 2744 1059 2780 nulla
1083 2756 1174 2793 opus
1194 2756 1261 2779 nec
1282 2741 1457 2778 distincti-

811 2801 890 2837 onis
915 2812 980 2836 nec
999 2800 1188 2837 verborum
1210 2798 1417 2834 mutatione.

1155 2849 1331 2904 λάβοι]
1351 2853 1457 2891 Unus

1157 2911 1209 2950 '13

870 2851 891 2865 ΓΙ
1009 2851 1027 2865 Ἡ

869 2871 970 2902 omos
1002 2872 1025 2894 α
1039 2871 1061 2894 v
