<?xml version="1.0" encoding="UTF-8"?>
<!DOCTYPE html PUBLIC "-//W3C//DTD XHTML 1.0 Transitional//EN"
    "http://www.w3.org/TR/xhtml1/DTD/xhtml1-transitional.dtd">
<html xmlns="http://www.w3.org/1999/xhtml" xml:lang="en" lang="en">
 <head>
  <title>
</title>
<meta http-equiv="Content-Type" content="text/html;charset=utf-8" />
  <meta name='ocr-system' content='tesseract 3.04.00' />
  <meta name='ocr-capabilities' content='ocr_page ocr_carea ocr_par ocr_line ocrx_word'/>
</head>
<body>
  <div class='ocr_page' id='page_1' title='image "./musaeherodoto01hero_0206.png"; bbox 0 0 1877 3223; ppageno 0'>
   <div class='ocr_carea' id='block_1_1' title="bbox 451 222 1304 267">
    <p class='ocr_par' dir='ltr' id='par_1_1' title="bbox 451 222 1304 267">
     <span class='ocr_line' id='line_1_1' title="bbox 451 222 1304 267; baseline -0.007 0"><span class='ocrx_word' id='word_1_1' title='bbox 451 226 532 267; x_wconf 82' lang='lat'><strong><em>192</em></strong></span> <span class='ocrx_word' id='word_1_2' title='bbox 838 222 1304 265; x_wconf 84' lang='lat' dir='ltr'><strong>HERODOTI</strong></span> 
     </span>
    </p>
   </div>
   <div class='ocr_carea' id='block_1_2' title="bbox 321 331 1755 957">
    <p class='ocr_par' dir='ltr' id='par_1_2' title="bbox 423 331 1755 863">
     <span class='ocr_line' id='line_1_2' title="bbox 447 331 1699 390; baseline -0.002 -12"><span class='ocrx_word' id='word_1_3' title='bbox 447 331 674 378; x_wconf 79' lang='grc' dir='ltr'><strong><em>Ἀλυάττεα</em></strong></span> <span class='ocrx_word' id='word_1_4' title='bbox 704 332 788 390; x_wconf 80' lang='grc' dir='ltr'><strong><em>γὰρ</em></strong></span> <span class='ocrx_word' id='word_1_5' title='bbox 818 334 1013 390; x_wconf 78' lang='grc' dir='ltr'><strong><em>ἔγνωσαν</em></strong></span> <span class='ocrx_word' id='word_1_6' title='bbox 1042 335 1198 378; x_wconf 83' lang='grc' dir='ltr'><strong><em>δοῦναι</em></strong></span> <span class='ocrx_word' id='word_1_7' title='bbox 1226 332 1307 388; x_wconf 83' lang='grc' dir='ltr'><strong><em>τήν</em></strong></span> <span class='ocrx_word' id='word_1_8' title='bbox 1335 333 1554 389; x_wconf 78' lang='grc' dir='ltr'><em>θυγατέρα</em></span> <span class='ocrx_word' id='word_1_9' title='bbox 1578 331 1699 389; x_wconf 81' lang='grc' dir='ltr'><strong><em>Ἀρύ-</em></strong></span> 
     </span>
     <span class='ocr_line' id='line_1_3' title="bbox 449 410 1755 471; baseline -0.003 -15"><span class='ocrx_word' id='word_1_10' title='bbox 449 429 549 470; x_wconf 89' lang='grc' dir='ltr'><strong><em>ηνιν</em></strong></span> <span class='ocrx_word' id='word_1_11' title='bbox 582 411 806 468; x_wconf 81' lang='grc' dir='ltr'><em>Ἀστυάγεϊ</em></span> <span class='ocrx_word' id='word_1_12' title='bbox 842 417 903 471; x_wconf 75' lang='grc' dir='ltr'><strong><em>τῷ</em></strong></span> <span class='ocrx_word' id='word_1_13' title='bbox 934 412 1170 468; x_wconf 80' lang='grc' dir='ltr'><em>Κυαξάρεω</em></span> <span class='ocrx_word' id='word_1_14' title='bbox 1206 413 1341 455; x_wconf 86' lang='grc' dir='ltr'><strong><em>παιδί.</em></strong></span> <span class='ocrx_word' id='word_1_15' title='bbox 1399 411 1503 456; x_wconf 72' lang='grc' dir='ltr'><strong><em>ἄνευ</em></strong></span> <span class='ocrx_word' id='word_1_16' title='bbox 1531 411 1616 468; x_wconf 76' lang='grc' dir='ltr'><strong><em>γάρ</em></strong></span> <span class='ocrx_word' id='word_1_17' title='bbox 1649 410 1755 455; x_wconf 61' lang='lat' dir='ltr'><strong><em>‹Ji-35</em></strong></span> 
     </span>
     <span class='ocr_line' id='line_1_4' title="bbox 450 490 1700 549; baseline -0.001 -14"><span class='ocrx_word' id='word_1_18' title='bbox 450 494 656 548; x_wconf 82' lang='grc' dir='ltr'><strong><em>ναγκαίης</em></strong></span> <span class='ocrx_word' id='word_1_19' title='bbox 700 493 879 548; x_wconf 78' lang='grc' dir='ltr'><strong><em>ἰσχυρῆς</em></strong></span> <span class='ocrx_word' id='word_1_20' title='bbox 911 491 1140 549; x_wconf 80' lang='grc' dir='ltr'><strong><em>συμβάσιες</em></strong></span> <span class='ocrx_word' id='word_1_21' title='bbox 1177 491 1348 546; x_wconf 83' lang='grc' dir='ltr'><strong><em>ἰσχυραὶ</em></strong></span> <span class='ocrx_word' id='word_1_22' title='bbox 1388 490 1469 534; x_wconf 82' lang='grc' dir='ltr'><strong><em>οὐκ</em></strong></span> <span class='ocrx_word' id='word_1_23' title='bbox 1500 491 1700 534; x_wconf 76' lang='grc' dir='ltr'><strong><em>ἐθέλουσι</em></strong></span> 
     </span>
     <span class='ocr_line' id='line_1_5' title="bbox 423 568 1699 627; baseline 0 -15"><span class='ocrx_word' id='word_1_24' title='bbox 423 570 699 627; x_wconf 80' lang='grc' dir='ltr'><strong><em>δσυμμένειν.</em></strong></span> <span class='ocrx_word' id='word_1_25' title='bbox 747 570 904 625; x_wconf 82' lang='grc' dir='ltr'><strong><em>““Ὀρκια</em></strong></span> <span class='ocrx_word' id='word_1_26' title='bbox 934 571 979 614; x_wconf 80' lang='grc' dir='ltr'><strong><em>δὲ</em></strong></span> <span class='ocrx_word' id='word_1_27' title='bbox 1007 569 1195 613; x_wconf 79' lang='grc' dir='ltr'><em>ποιέεται</em></span> <span class='ocrx_word' id='word_1_28' title='bbox 1229 573 1364 612; x_wconf 86' lang='grc' dir='ltr'><strong><em>ταῦτα</em></strong></span> <span class='ocrx_word' id='word_1_29' title='bbox 1403 568 1455 612; x_wconf 78' lang='grc' dir='ltr'><strong><em>τὰ</em></strong></span> <span class='ocrx_word' id='word_1_30' title='bbox 1486 569 1614 613; x_wconf 76' lang='grc' dir='ltr'><strong><em>ἔθνεα</em></strong></span> <span class='ocrx_word' id='word_1_31' title='bbox 1646 570 1699 612; x_wconf 83' lang='grc' dir='ltr'><strong><em>τά</em></strong></span> 
     </span>
     <span class='ocr_line' id='line_1_6' title="bbox 448 646 1701 704; baseline -0.002 -11"><span class='ocrx_word' id='word_1_32' title='bbox 448 667 526 704; x_wconf 90' lang='grc' dir='ltr'><strong><em>περ</em></strong></span> <span class='ocrx_word' id='word_1_33' title='bbox 556 665 599 692; x_wconf 90' lang='grc' dir='ltr'><strong><em>τε</em></strong></span> <span class='ocrx_word' id='word_1_34' title='bbox 624 649 846 704; x_wconf 52' lang='grc' dir='ltr'><strong><em>’Έλληνες</em></strong></span> <span class='ocrx_word' id='word_1_35' title='bbox 906 650 980 692; x_wconf 82' lang='grc' dir='ltr'><strong><em>καὶ</em></strong></span> <span class='ocrx_word' id='word_1_36' title='bbox 1024 648 1137 703; x_wconf 76' lang='grc' dir='ltr'><strong><em>πρὸς</em></strong></span> <span class='ocrx_word' id='word_1_37' title='bbox 1175 646 1390 694; x_wconf 85' lang='grc' dir='ltr'><strong><em>τούτοισι,</em></strong></span> <span class='ocrx_word' id='word_1_38' title='bbox 1430 647 1560 691; x_wconf 80' lang='grc' dir='ltr'><strong><em>ἐπεὰν</em></strong></span> <span class='ocrx_word' id='word_1_39' title='bbox 1596 647 1701 698; x_wconf 81' lang='grc' dir='ltr'><strong><em>τοὺς</em></strong></span> 
     </span>
     <span class='ocr_line' id='line_1_7' title="bbox 449 723 1702 785; baseline -0.001 -15"><span class='ocrx_word' id='word_1_40' title='bbox 449 729 686 785; x_wconf 80' lang='grc' dir='ltr'><strong><em>βραχίονας</em></strong></span> <span class='ocrx_word' id='word_1_41' title='bbox 718 726 1002 782; x_wconf 77' lang='grc' dir='ltr'><strong><em>ἐπιτάμωνται</em></strong></span> <span class='ocrx_word' id='word_1_42' title='bbox 1032 727 1075 779; x_wconf 76' lang='grc' dir='ltr'><strong><em>ἐς</em></strong></span> <span class='ocrx_word' id='word_1_43' title='bbox 1103 727 1184 784; x_wconf 80' lang='grc' dir='ltr'><strong><em>τήν</em></strong></span> <span class='ocrx_word' id='word_1_44' title='bbox 1213 727 1488 783; x_wconf 82' lang='grc' dir='ltr'><strong><em>ὁμοχροιΐην,</em></strong></span> <span class='ocrx_word' id='word_1_45' title='bbox 1517 726 1566 770; x_wconf 86' lang='grc' dir='ltr'><strong><em>τὸ</em></strong></span> <span class='ocrx_word' id='word_1_46' title='bbox 1596 723 1702 782; x_wconf 83' lang='grc' dir='ltr'><strong><em>αἷμα</em></strong></span> 
     </span>
     <span class='ocr_line' id='line_1_8' title="bbox 449 805 1323 863; baseline -0.002 -13"><span class='ocrx_word' id='word_1_47' title='bbox 449 805 725 862; x_wconf 79' lang='grc' dir='ltr'><strong><em>ἀναλείχουσι</em></strong></span> <span class='ocrx_word' id='word_1_48' title='bbox 753 806 960 863; x_wconf 81' lang='grc' dir='ltr'><strong><em>ἀλλήλων.</em></strong></span> <span class='ocrx_word' id='word_1_49' title='bbox 1320 857 1323 860; x_wconf 23' lang='lat'><strong>⁴</strong></span> 
     </span>
    </p>

    <p class='ocr_par' dir='ltr' id='par_1_3' title="bbox 321 882 1702 957">
     <span class='ocr_line' id='line_1_9' title="bbox 321 882 1702 957; baseline -0.001 -28"><span class='ocrx_word' id='word_1_50' title='bbox 321 910 386 957; x_wconf 71' lang='lat'><strong><em>75</em></strong></span> <span class='ocrx_word' id='word_1_51' title='bbox 568 890 738 930; x_wconf 84' lang='grc' dir='ltr'><strong><em>Τοῦτον</em></strong></span> <span class='ocrx_word' id='word_1_52' title='bbox 775 885 828 942; x_wconf 81' lang='grc' dir='ltr'><strong><em>δὴ</em></strong></span> <span class='ocrx_word' id='word_1_53' title='bbox 867 882 930 929; x_wconf 73' lang='grc' dir='ltr'><strong><em>ὦν</em></strong></span> <span class='ocrx_word' id='word_1_54' title='bbox 967 885 1044 930; x_wconf 85' lang='grc' dir='ltr'><strong><em>τὸν</em></strong></span> <span class='ocrx_word' id='word_1_55' title='bbox 1080 884 1314 942; x_wconf 82' lang='grc' dir='ltr'><strong><em>Ἀστυάγεα</em></strong></span> <span class='ocrx_word' id='word_1_56' title='bbox 1356 888 1525 941; x_wconf 84' lang='grc' dir='ltr'><strong><em>Κῦρος,</em></strong></span> <span class='ocrx_word' id='word_1_57' title='bbox 1573 884 1702 929; x_wconf 79' lang='grc' dir='ltr'><strong><em>ἐόντα</em></strong></span> 
     </span>
    </p>
   </div>
   <div class='ocr_carea' id='block_1_3' title="bbox 117 962 1760 1496">
    <p class='ocr_par' dir='ltr' id='par_1_4' title="bbox 117 962 1760 1496">
     <span class='ocr_line' id='line_1_10' title="bbox 117 962 1759 1047; baseline 0.001 -43"><span class='ocrx_word' id='word_1_58' title='bbox 117 975 393 1047; x_wconf 43' lang='grc' dir='ltr'><strong><em>ξέἓὲἲὲιέῑ.ιιαιγιιι</em></strong></span> <span class='ocrx_word' id='word_1_59' title='bbox 450 965 616 1009; x_wconf 76' lang='grc' dir='ltr'><strong><em>ἑωυτοῦ</em></strong></span> <span class='ocrx_word' id='word_1_60' title='bbox 645 963 977 1022; x_wconf 80' lang='grc' dir='ltr'><strong><em>μητροπάτορα,</em></strong></span> <span class='ocrx_word' id='word_1_61' title='bbox 1008 964 1408 1020; x_wconf 84' lang='grc' dir='ltr'><strong><em>καταστρεψάμενος</em></strong></span> <span class='ocrx_word' id='word_1_62' title='bbox 1437 965 1527 1020; x_wconf 76' lang='grc' dir='ltr'><strong><em>ἔσχε</em></strong></span> <span class='ocrx_word' id='word_1_63' title='bbox 1560 962 1610 1008; x_wconf 85' lang='grc' dir='ltr'><strong><em>δι’</em></strong></span> <span class='ocrx_word' id='word_1_64' title='bbox 1643 965 1759 1007; x_wconf 70' lang='lat' dir='ltr'>‹xl-40</span> 
     </span>
     <span class='ocr_line' id='line_1_11' title="bbox 416 1041 1703 1102; baseline 0 -16"><span class='ocrx_word' id='word_1_65' title='bbox 416 1047 541 1102; x_wconf 70' lang='grc' dir='ltr'><strong><em>Ξτίην</em></strong></span> <span class='ocrx_word' id='word_1_66' title='bbox 570 1044 649 1101; x_wconf 88' lang='grc' dir='ltr'><strong><em>τὴν</em></strong></span> <span class='ocrx_word' id='word_1_67' title='bbox 678 1043 760 1101; x_wconf 76' lang='grc' dir='ltr'><strong><em>ἐγώ</em></strong></span> <span class='ocrx_word' id='word_1_68' title='bbox 800 1044 848 1087; x_wconf 84' lang='grc' dir='ltr'><strong><em>έν</em></strong></span> <span class='ocrx_word' id='word_1_69' title='bbox 873 1048 984 1087; x_wconf 89' lang='grc' dir='ltr'><strong><em>τοῖσι</em></strong></span> <span class='ocrx_word' id='word_1_70' title='bbox 1015 1041 1153 1087; x_wconf 87' lang='grc' dir='ltr'><strong><em>ὀπίσω</em></strong></span> <span class='ocrx_word' id='word_1_71' title='bbox 1183 1043 1353 1100; x_wconf 80' lang='grc' dir='ltr'><strong><em>λόγοισι</em></strong></span> <span class='ocrx_word' id='word_1_72' title='bbox 1383 1042 1594 1100; x_wconf 86' lang='grc' dir='ltr'><strong><em>σημανέω.</em></strong></span> <span class='ocrx_word' id='word_1_73' title='bbox 1648 1042 1703 1086; x_wconf 80' lang='grc' dir='ltr'><strong><em>τοὶ</em></strong></span> 
     </span>
     <span class='ocr_line' id='line_1_12' title="bbox 445 1119 1704 1187; baseline -0.002 -20"><span class='ocrx_word' id='word_1_74' title='bbox 445 1127 640 1179; x_wconf 83' lang='grc' dir='ltr'><strong><em>Κροῖσος</em></strong></span> <span class='ocrx_word' id='word_1_75' title='bbox 669 1121 1017 1179; x_wconf 79' lang='grc' dir='ltr'><strong><em>ἐπιμεμφόμενος</em></strong></span> <span class='ocrx_word' id='word_1_76' title='bbox 1045 1127 1105 1179; x_wconf 82' lang='grc' dir='ltr'><strong><em>τῷ</em></strong></span> <span class='ocrx_word' id='word_1_77' title='bbox 1117 1122 1276 1182; x_wconf 80' lang='grc' dir='ltr'><strong><em>Κύρῳ,</em></strong></span> <span class='ocrx_word' id='word_1_78' title='bbox 1309 1123 1352 1173; x_wconf 73' lang='grc' dir='ltr'><strong><em>ἔς</em></strong></span> <span class='ocrx_word' id='word_1_79' title='bbox 1379 1138 1424 1166; x_wconf 90' lang='grc' dir='ltr'><strong><em>τε</em></strong></span> <span class='ocrx_word' id='word_1_80' title='bbox 1455 1123 1507 1165; x_wconf 82' lang='grc' dir='ltr'><strong><em>τὰ</em></strong></span> <span class='ocrx_word' id='word_1_81' title='bbox 1525 1119 1704 1187; x_wconf 41' lang='grc' dir='ltr'><strong><em>χρηστή·-</em></strong></span> 
     </span>
     <span class='ocr_line' id='line_1_13' title="bbox 446 1200 1706 1260; baseline -0.002 -14"><span class='ocrx_word' id='word_1_82' title='bbox 446 1220 521 1258; x_wconf 90' lang='grc' dir='ltr'><strong><em>ρια</em></strong></span> <span class='ocrx_word' id='word_1_83' title='bbox 554 1203 729 1260; x_wconf 75' lang='grc' dir='ltr'><strong><em>ἔπεμπε,</em></strong></span> <span class='ocrx_word' id='word_1_84' title='bbox 760 1205 796 1246; x_wconf 85' lang='grc' dir='ltr'><strong><em>εἰ</em></strong></span> <span class='ocrx_word' id='word_1_85' title='bbox 827 1202 1108 1259; x_wconf 84' lang='grc' dir='ltr'><strong><em>στρατεύηται</em></strong></span> <span class='ocrx_word' id='word_1_86' title='bbox 1138 1203 1207 1246; x_wconf 84' lang='grc' dir='ltr'><strong><em>ἐπὶ</em></strong></span> <span class='ocrx_word' id='word_1_87' title='bbox 1237 1201 1432 1257; x_wconf 79' lang='grc' dir='ltr'><strong><em>Πέρσας,</em></strong></span> <span class='ocrx_word' id='word_1_88' title='bbox 1464 1202 1536 1246; x_wconf 84' lang='grc' dir='ltr'><strong><em>καὶ</em></strong></span> <span class='ocrx_word' id='word_1_89' title='bbox 1558 1200 1611 1257; x_wconf 78' lang='grc' dir='ltr'><strong><em>δή</em></strong></span> <span class='ocrx_word' id='word_1_90' title='bbox 1633 1201 1706 1244; x_wconf 85' lang='grc' dir='ltr'><strong><em>καὶ</em></strong></span> 
     </span>
     <span class='ocr_line' id='line_1_14' title="bbox 449 1279 1705 1339; baseline -0.002 -13"><span class='ocrx_word' id='word_1_91' title='bbox 449 1280 718 1338; x_wconf 71' lang='grc' dir='ltr'><strong><em>ἀπικομένου</em></strong></span> <span class='ocrx_word' id='word_1_92' title='bbox 746 1286 942 1339; x_wconf 87' lang='grc' dir='ltr'><strong><em>χρησμοῦ</em></strong></span> <span class='ocrx_word' id='word_1_93' title='bbox 971 1281 1213 1339; x_wconf 85' lang='grc' dir='ltr'><strong><em>κιβδήλου,</em></strong></span> <span class='ocrx_word' id='word_1_94' title='bbox 1262 1281 1435 1332; x_wconf 80' lang='grc' dir='ltr'><strong><em>ἐλπίσας</em></strong></span> <span class='ocrx_word' id='word_1_95' title='bbox 1463 1279 1572 1335; x_wconf 78' lang='grc' dir='ltr'><strong><em>πρὸς</em></strong></span> <span class='ocrx_word' id='word_1_96' title='bbox 1601 1279 1705 1323; x_wconf 87' lang='grc' dir='ltr'><strong><em>έωυ-</em></strong></span> 
     </span>
     <span class='ocr_line' id='line_1_15' title="bbox 449 1358 1705 1419; baseline -0.003 -15"><span class='ocrx_word' id='word_1_97' title='bbox 449 1365 529 1405; x_wconf 88' lang='grc' dir='ltr'><strong><em>τοῦ</em></strong></span> <span class='ocrx_word' id='word_1_98' title='bbox 556 1363 634 1405; x_wconf 86' lang='grc' dir='ltr'><strong><em>τὸν</em></strong></span> <span class='ocrx_word' id='word_1_99' title='bbox 660 1361 855 1419; x_wconf 82' lang='grc' dir='ltr'><strong><em>χρησμόν</em></strong></span> <span class='ocrx_word' id='word_1_100' title='bbox 884 1361 1019 1414; x_wconf 84' lang='grc' dir='ltr'><strong><em>εἶναι,</em></strong></span> <span class='ocrx_word' id='word_1_101' title='bbox 1062 1359 1335 1417; x_wconf 80' lang='grc' dir='ltr'><strong><em>ἐστρατεύετο</em></strong></span> <span class='ocrx_word' id='word_1_102' title='bbox 1368 1361 1410 1412; x_wconf 81' lang='grc' dir='ltr'><strong><em>ές</em></strong></span> <span class='ocrx_word' id='word_1_103' title='bbox 1438 1358 1516 1415; x_wconf 87' lang='grc' dir='ltr'><strong><em>τὴν</em></strong></span> <span class='ocrx_word' id='word_1_104' title='bbox 1546 1358 1705 1412; x_wconf 91' lang='grc' dir='ltr'><strong><em>Περσέ-</em></strong></span> 
     </span>
     <span class='ocr_line' id='line_1_16' title="bbox 421 1436 1760 1496; baseline -0.002 -14"><span class='ocrx_word' id='word_1_105' title='bbox 421 1447 517 1483; x_wconf 87' lang='grc' dir='ltr'><strong><em>3ων</em></strong></span> <span class='ocrx_word' id='word_1_106' title='bbox 545 1445 717 1496; x_wconf 87' lang='grc' dir='ltr'><strong><em>μοῖραν.</em></strong></span> <span class='ocrx_word' id='word_1_107' title='bbox 772 1439 848 1493; x_wconf 79' lang='grc' dir='ltr'><strong><em>Ὡς</em></strong></span> <span class='ocrx_word' id='word_1_108' title='bbox 878 1441 925 1485; x_wconf 81' lang='grc' dir='ltr'><strong><em>δὲ</em></strong></span> <span class='ocrx_word' id='word_1_109' title='bbox 955 1439 1130 1485; x_wconf 82' lang='grc' dir='ltr'><strong><em>ἀπίκετο</em></strong></span> <span class='ocrx_word' id='word_1_110' title='bbox 1160 1439 1230 1484; x_wconf 79' lang='grc' dir='ltr'><strong><em>ἐπὶ</em></strong></span> <span class='ocrx_word' id='word_1_111' title='bbox 1258 1439 1335 1483; x_wconf 87' lang='grc' dir='ltr'><strong><em>τὸν</em></strong></span> <span class='ocrx_word' id='word_1_112' title='bbox 1354 1437 1487 1482; x_wconf 72' lang='grc' dir='ltr'><strong><em>Ἅλυν</em></strong></span> <span class='ocrx_word' id='word_1_113' title='bbox 1505 1436 1703 1494; x_wconf 81' lang='grc' dir='ltr'><strong><em>ποταμόν</em></strong></span> <span class='ocrx_word' id='word_1_114' title='bbox 1715 1440 1760 1478; x_wconf 84' lang='grc'><strong><em>45</em></strong></span> 
     </span>
    </p>
   </div>
   <div class='ocr_carea' id='block_1_4' title="bbox 393 1573 663 1579">
    <p class='ocr_par' dir='ltr' id='par_1_5' title="bbox 393 1573 663 1579">
     <span class='ocr_line' id='line_1_17' title="bbox 393 1573 663 1579; baseline 0 0"><span class='ocrx_word' id='word_1_115' title='bbox 393 1573 663 1579; x_wconf 95' lang='lat' dir='ltr'><strong><em> </em></strong></span> 
     </span>
    </p>
   </div>
   <div class='ocr_carea' id='block_1_5' title="bbox 391 1655 1044 2214">
    <p class='ocr_par' dir='ltr' id='par_1_6' title="bbox 391 1655 1044 2214">
     <span class='ocr_line' id='line_1_18' title="bbox 448 1655 1039 1710; baseline -0.005 -11"><span class='ocrx_word' id='word_1_116' title='bbox 448 1655 523 1699; x_wconf 83' lang='grc' dir='ltr'><strong><em>ου’κ</em></strong></span> <span class='ocrx_word' id='word_1_117' title='bbox 550 1658 732 1699; x_wconf 78' lang='grc' dir='ltr'><strong><em>ἐθέλουσι</em></strong></span> <span class='ocrx_word' id='word_1_118' title='bbox 749 1657 991 1710; x_wconf 88' lang='grc' dir='ltr'><strong><em>συμμένειν]</em></strong></span> <span class='ocrx_word' id='word_1_119' title='bbox 1016 1659 1039 1696; x_wconf 88' lang='lat' dir='ltr'><strong><em>i.</em></strong></span> 
     </span>
     <span class='ocr_line' id='line_1_19' title="bbox 393 1717 1042 1766; baseline -0.003 -12"><span class='ocrx_word' id='word_1_120' title='bbox 393 1729 425 1754; x_wconf 87' lang='lat' dir='ltr'><strong><em>e.</em></strong></span> <span class='ocrx_word' id='word_1_121' title='bbox 469 1730 536 1753; x_wconf 75' lang='lat' dir='ltr'><strong><em>non</em></strong></span> <span class='ocrx_word' id='word_1_122' title='bbox 582 1717 729 1753; x_wconf 77' lang='lat' dir='ltr'>solent</span> <span class='ocrx_word' id='word_1_123' title='bbox 759 1717 870 1766; x_wconf 81' lang='lat' dir='ltr'><strong><em>firma</em></strong></span> <span class='ocrx_word' id='word_1_124' title='bbox 907 1728 1042 1753; x_wconf 83' lang='lat' dir='ltr'>manere</span> 
     </span>
     <span class='ocr_line' id='line_1_20' title="bbox 391 1771 1042 1822; baseline 0 -14"><span class='ocrx_word' id='word_1_125' title='bbox 391 1772 556 1822; x_wconf 74' lang='lat' dir='ltr'>(pacta).</span> <span class='ocrx_word' id='word_1_126' title='bbox 614 1772 711 1809; x_wconf 83' lang='lat' dir='ltr'><strong><em>Nam</em></strong></span> <span class='ocrx_word' id='word_1_127' title='bbox 731 1771 883 1811; x_wconf 77' lang='grc' dir='ltr'><strong><em>ἐθέλειν</em></strong></span> <span class='ocrx_word' id='word_1_128' title='bbox 903 1785 975 1809; x_wconf 89' lang='lat' dir='ltr'><strong><em>non</em></strong></span> <span class='ocrx_word' id='word_1_129' title='bbox 995 1773 1042 1808; x_wconf 88' lang='lat' dir='ltr'><strong><em>de</em></strong></span> 
     </span>
     <span class='ocr_line' id='line_1_21' title="bbox 392 1828 1042 1878; baseline -0.005 -14"><span class='ocrx_word' id='word_1_130' title='bbox 392 1829 560 1878; x_wconf 83' lang='lat' dir='ltr'>personis</span> <span class='ocrx_word' id='word_1_131' title='bbox 578 1829 712 1875; x_wconf 82' lang='lat' dir='ltr'>solnm,</span> <span class='ocrx_word' id='word_1_132' title='bbox 730 1841 854 1865; x_wconf 84' lang='lat' dir='ltr'>verum</span> <span class='ocrx_word' id='word_1_133' title='bbox 870 1829 915 1865; x_wconf 81' lang='lat' dir='ltr'><strong><em>de</em></strong></span> <span class='ocrx_word' id='word_1_134' title='bbox 934 1828 1042 1865; x_wconf 87' lang='lat' dir='ltr'>rebus</span> 
     </span>
     <span class='ocr_line' id='line_1_22' title="bbox 391 1885 1041 1934; baseline -0.002 -14"><span class='ocrx_word' id='word_1_135' title='bbox 391 1897 538 1934; x_wconf 85' lang='lat' dir='ltr'>quoque</span> <span class='ocrx_word' id='word_1_136' title='bbox 551 1889 741 1934; x_wconf 82' lang='lat' dir='ltr'>usurpatur</span> <span class='ocrx_word' id='word_1_137' title='bbox 752 1913 762 1931; x_wconf 90' lang='lat'>‚</span> <span class='ocrx_word' id='word_1_138' title='bbox 783 1885 842 1920; x_wconf 91' lang='lat' dir='ltr'><strong><em>ubi</em></strong></span> <span class='ocrx_word' id='word_1_139' title='bbox 864 1888 919 1921; x_wconf 78' lang='lat' dir='ltr'><strong><em>est</em></strong></span> <span class='ocrx_word' id='word_1_140' title='bbox 929 1896 1041 1933; x_wconf 81' lang='lat' dir='ltr'>posse,</span> 
     </span>
     <span class='ocr_line' id='line_1_23' title="bbox 392 1939 1042 1989; baseline -0.002 -13"><span class='ocrx_word' id='word_1_141' title='bbox 392 1940 507 1977; x_wconf 80' lang='lat' dir='ltr'>solere.</span> <span class='ocrx_word' id='word_1_142' title='bbox 548 1940 607 1978; x_wconf 85' lang='lat' dir='ltr'><strong><em>De</em></strong></span> <span class='ocrx_word' id='word_1_143' title='bbox 626 1954 697 1989; x_wconf 88' lang='lat' dir='ltr'><strong><em>qno</em></strong></span> <span class='ocrx_word' id='word_1_144' title='bbox 721 1939 783 1977; x_wconf 84' lang='lat' dir='ltr'><strong><em>Cr.</em></strong></span> <span class='ocrx_word' id='word_1_145' title='bbox 806 1941 945 1977; x_wconf 89' lang='lat' dir='ltr'>confert</span> <span class='ocrx_word' id='word_1_146' title='bbox 964 1939 1042 1976; x_wconf 81' lang='lat' dir='ltr'>Ast.</span> 
     </span>
     <span class='ocr_line' id='line_1_24' title="bbox 391 1995 1041 2046; baseline -0.003 -12"><span class='ocrx_word' id='word_1_147' title='bbox 391 1998 439 2034; x_wconf 79' lang='lat' dir='ltr'><strong><em>ad</em></strong></span> <span class='ocrx_word' id='word_1_148' title='bbox 459 1997 599 2034; x_wconf 78' lang='lat' dir='ltr'>Platon.</span> <span class='ocrx_word' id='word_1_149' title='bbox 618 1996 712 2033; x_wconf 82' lang='lat' dir='ltr'><strong><em>Rem</em></strong></span> <span class='ocrx_word' id='word_1_150' title='bbox 725 1995 822 2046; x_wconf 88' lang='lat' dir='ltr'>publ.</span> <span class='ocrx_word' id='word_1_151' title='bbox 849 2009 934 2046; x_wconf 83' lang='lat' dir='ltr'><strong>pag.</strong></span> <span class='ocrx_word' id='word_1_152' title='bbox 947 1995 1041 2037; x_wconf 79' lang='lat'><strong>423.</strong></span> 
     </span>
     <span class='ocr_line' id='line_1_25' title="bbox 392 2052 1042 2101; baseline -0.003 -11"><span class='ocrx_word' id='word_1_153' title='bbox 392 2054 486 2094; x_wconf 81' lang='lat'><strong>548.</strong></span> <span class='ocrx_word' id='word_1_154' title='bbox 534 2053 788 2101; x_wconf 56' lang='lat' dir='ltr'>WVyttenbach.</span> <span class='ocrx_word' id='word_1_155' title='bbox 827 2053 875 2089; x_wconf 81' lang='lat' dir='ltr'><strong><em>ad</em></strong></span> <span class='ocrx_word' id='word_1_156' title='bbox 902 2052 1042 2089; x_wconf 69' lang='lat' dir='ltr'>Platon.</span> 
     </span>
     <span class='ocr_line' id='line_1_26' title="bbox 392 2108 1042 2159; baseline -0.003 -13"><span class='ocrx_word' id='word_1_157' title='bbox 392 2109 579 2147; x_wconf 88' lang='lat' dir='ltr'>Phaedon.</span> <span class='ocrx_word' id='word_1_158' title='bbox 599 2122 684 2159; x_wconf 82' lang='lat' dir='ltr'>pag.</span> <span class='ocrx_word' id='word_1_159' title='bbox 697 2112 789 2150; x_wconf 82' lang='lat'><strong>272.</strong></span> <span class='ocrx_word' id='word_1_160' title='bbox 809 2130 865 2135; x_wconf 93' lang='lat'><strong>—</strong></span> <span class='ocrx_word' id='word_1_161' title='bbox 885 2108 927 2144; x_wconf 87' lang='lat' dir='ltr'><strong><em>In</em></strong></span> <span class='ocrx_word' id='word_1_162' title='bbox 939 2121 1042 2157; x_wconf 83' lang='lat' dir='ltr'><strong>seqq.</strong></span> 
     </span>
     <span class='ocr_line' id='line_1_27' title="bbox 392 2160 1044 2214; baseline 0 -12"><span class='ocrx_word' id='word_1_163' title='bbox 392 2166 441 2202; x_wconf 83' lang='lat' dir='ltr'><strong><em>ad</em></strong></span> <span class='ocrx_word' id='word_1_164' title='bbox 469 2167 579 2204; x_wconf 82' lang='lat' dir='ltr'>verba</span> <span class='ocrx_word' id='word_1_165' title='bbox 618 2161 741 2213; x_wconf 83' lang='grc' dir='ltr'><strong><em>τάπερ</em></strong></span> <span class='ocrx_word' id='word_1_166' title='bbox 777 2179 826 2203; x_wconf 88' lang='grc' dir='ltr'><strong><em>τε</em></strong></span> <span class='ocrx_word' id='word_1_167' title='bbox 853 2160 1044 2214; x_wconf 63' lang='grc' dir='ltr'><strong><em>’Ἕλληνες</em></strong></span> 
     </span>
    </p>
   </div>
   <div class='ocr_carea' id='block_1_6' title="bbox 389 2219 1045 2340">
    <p class='ocr_par' dir='ltr' id='par_1_7' title="bbox 389 2219 1045 2340">
     <span class='ocr_line' id='line_1_28' title="bbox 392 2219 1043 2271; baseline 0.002 -13"><span class='ocrx_word' id='word_1_168' title='bbox 392 2222 527 2259; x_wconf 82' lang='lat' dir='ltr'>consul.</span> <span class='ocrx_word' id='word_1_169' title='bbox 547 2221 677 2258; x_wconf 79' lang='lat' dir='ltr'><strong>Matth.</strong></span> <span class='ocrx_word' id='word_1_170' title='bbox 710 2221 775 2257; x_wconf 89' lang='lat' dir='ltr'><strong><em>Gr.</em></strong></span> <span class='ocrx_word' id='word_1_171' title='bbox 798 2222 862 2257; x_wconf 89' lang='lat' dir='ltr'><strong><em>Gr.</em></strong></span> <span class='ocrx_word' id='word_1_172' title='bbox 893 2219 929 2271; x_wconf 63' lang='grc' dir='ltr'><strong><em>ἓ.</em></strong></span> <span class='ocrx_word' id='word_1_173' title='bbox 962 2223 1043 2261; x_wconf 81' lang='lat'><strong><em>626</em></strong></span> 
     </span>
     <span class='ocr_line' id='line_1_29' title="bbox 389 2277 1045 2340; baseline -0.002 -25"><span class='ocrx_word' id='word_1_174' title='bbox 389 2290 477 2340; x_wconf 56' lang='lat' dir='ltr'><strong><em>ffig.</em></strong></span> <span class='ocrx_word' id='word_1_175' title='bbox 502 2280 608 2320; x_wconf 82' lang='lat'><strong>1279</strong></span> <span class='ocrx_word' id='word_1_176' title='bbox 640 2278 686 2314; x_wconf 93' lang='lat' dir='ltr'><strong><em>ob</em></strong></span> <span class='ocrx_word' id='word_1_177' title='bbox 715 2290 819 2314; x_wconf 89' lang='lat' dir='ltr'>usum</span> <span class='ocrx_word' id='word_1_178' title='bbox 849 2277 1045 2327; x_wconf 78' lang='lat' dir='ltr'>particulae</span> 
     </span>
    </p>
   </div>
   <div class='ocr_carea' id='block_1_7' title="bbox 392 2346 1044 2441">
    <p class='ocr_par' dir='ltr' id='par_1_8' title="bbox 392 2346 1044 2441">
     <span class='ocr_line' id='line_1_30' title="bbox 392 2346 1044 2398; baseline -0.005 -12"><span class='ocrx_word' id='word_1_179' title='bbox 392 2363 433 2387; x_wconf 88' lang='grc' dir='ltr'><strong><em>τε</em></strong></span> <span class='ocrx_word' id='word_1_180' title='bbox 455 2352 540 2398; x_wconf 83' lang='lat' dir='ltr'>post</span> <span class='ocrx_word' id='word_1_181' title='bbox 558 2347 726 2394; x_wconf 76' lang='lat' dir='ltr'>relativa,</span> <span class='ocrx_word' id='word_1_182' title='bbox 743 2360 786 2385; x_wconf 86' lang='lat' dir='ltr'><strong><em>ex</em></strong></span> <span class='ocrx_word' id='word_1_183' title='bbox 797 2347 961 2384; x_wconf 85' lang='lat' dir='ltr'>Homero</span> <span class='ocrx_word' id='word_1_184' title='bbox 983 2346 1044 2396; x_wconf 86' lang='lat' dir='ltr'><strong><em>qui</em></strong></span> 
     </span>
     <span class='ocr_line' id='line_1_31' title="bbox 393 2403 862 2441; baseline 0 0"><span class='ocrx_word' id='word_1_185' title='bbox 393 2405 444 2441; x_wconf 86' lang='lat' dir='ltr'><strong><em>ad</em></strong></span> <span class='ocrx_word' id='word_1_186' title='bbox 461 2404 690 2441; x_wconf 79' lang='lat' dir='ltr'>Herodotum</span> <span class='ocrx_word' id='word_1_187' title='bbox 710 2403 862 2441; x_wconf 82' lang='lat' dir='ltr'>transiit.</span> 
     </span>
    </p>
   </div>
   <div class='ocr_carea' id='block_1_8' title="bbox 392 2483 1045 2814">
    <p class='ocr_par' dir='ltr' id='par_1_9' title="bbox 392 2483 1045 2814">
     <span class='ocr_line' id='line_1_32' title="bbox 448 2483 1044 2538; baseline -0.002 -12"><span class='ocrx_word' id='word_1_188' title='bbox 448 2485 488 2534; x_wconf 80' lang='grc' dir='ltr'><strong><em>ές</em></strong></span> <span class='ocrx_word' id='word_1_189' title='bbox 508 2483 581 2537; x_wconf 80' lang='grc' dir='ltr'><strong><em>τὴν</em></strong></span> <span class='ocrx_word' id='word_1_190' title='bbox 602 2484 844 2538; x_wconf 82' lang='grc' dir='ltr'><strong><em>ὅμοχροιΐην]</em></strong></span> <span class='ocrx_word' id='word_1_191' title='bbox 867 2484 1044 2538; x_wconf 77' lang='grc' dir='ltr'><strong><em>ὄμοχροι-</em></strong></span> 
     </span>
     <span class='ocr_line' id='line_1_33' title="bbox 393 2543 1045 2593; baseline -0.003 -12"><span class='ocrx_word' id='word_1_192' title='bbox 393 2543 460 2592; x_wconf 85' lang='grc' dir='ltr'><strong><em>ΐη,</em></strong></span> <span class='ocrx_word' id='word_1_193' title='bbox 487 2543 686 2593; x_wconf 80' lang='lat' dir='ltr'>explicante</span> <span class='ocrx_word' id='word_1_194' title='bbox 707 2543 964 2592; x_wconf 57' lang='lat' dir='ltr'>VVesselingio,</span> <span class='ocrx_word' id='word_1_195' title='bbox 989 2546 1045 2580; x_wconf 82' lang='lat' dir='ltr'><strong><em>est</em></strong></span> 
     </span>
     <span class='ocr_line' id='line_1_34' title="bbox 393 2601 1042 2649; baseline -0.002 -14"><span class='ocrx_word' id='word_1_196' title='bbox 393 2601 484 2635; x_wconf 73' lang='lat' dir='ltr'>cutis</span> <span class='ocrx_word' id='word_1_197' title='bbox 513 2601 729 2649; x_wconf 77' lang='lat' dir='ltr'><strong><em>superficies,</em></strong></span> <span class='ocrx_word' id='word_1_198' title='bbox 776 2601 867 2636; x_wconf 82' lang='lat' dir='ltr'>cutis</span> <span class='ocrx_word' id='word_1_199' title='bbox 898 2611 1042 2636; x_wconf 75' lang='lat' dir='ltr'><strong><em>summa.</em></strong></span> 
     </span>
     <span class='ocr_line' id='line_1_35' title="bbox 392 2655 1043 2694; baseline 0 -3"><span class='ocrx_word' id='word_1_200' title='bbox 392 2655 494 2693; x_wconf 87' lang='lat' dir='ltr'><strong>Idem</strong></span> <span class='ocrx_word' id='word_1_201' title='bbox 516 2655 684 2692; x_wconf 82' lang='lat' dir='ltr'>Tacitum</span> <span class='ocrx_word' id='word_1_202' title='bbox 704 2657 844 2694; x_wconf 88' lang='lat' dir='ltr'><strong>confert</strong></span> <span class='ocrx_word' id='word_1_203' title='bbox 871 2655 977 2692; x_wconf 82' lang='lat' dir='ltr'>simili</span> <span class='ocrx_word' id='word_1_204' title='bbox 1006 2655 1043 2691; x_wconf 89' lang='lat' dir='ltr'><strong><em>in</em></strong></span> 
     </span>
     <span class='ocr_line' id='line_1_36' title="bbox 392 2710 1043 2759; baseline 0 -12"><span class='ocrx_word' id='word_1_205' title='bbox 392 2712 463 2747; x_wconf 84' lang='lat' dir='ltr'>ritn</span> <span class='ocrx_word' id='word_1_206' title='bbox 484 2712 696 2749; x_wconf 81' lang='lat' dir='ltr'>scribentem</span> <span class='ocrx_word' id='word_1_207' title='bbox 715 2711 849 2759; x_wconf 86' lang='lat' dir='ltr'>(Anall.</span> <span class='ocrx_word' id='word_1_208' title='bbox 862 2710 1043 2758; x_wconf 81' lang='lat' dir='ltr'>X1[,47):</span> 
     </span>
     <span class='ocr_line' id='line_1_37' title="bbox 393 2767 1043 2814; baseline 0.002 -11"><span class='ocrx_word' id='word_1_209' title='bbox 393 2767 493 2814; x_wconf 62' lang='lat' dir='ltr'>„levi</span> <span class='ocrx_word' id='word_1_210' title='bbox 541 2769 611 2805; x_wconf 80' lang='lat' dir='ltr'>ictu</span> <span class='ocrx_word' id='word_1_211' title='bbox 648 2781 810 2805; x_wconf 82' lang='lat' dir='ltr'>cruorem</span> <span class='ocrx_word' id='word_1_212' title='bbox 858 2767 1043 2805; x_wconf 88' lang='lat' dir='ltr'>eliciunt.“</span> 
     </span>
    </p>
   </div>
   <div class='ocr_carea' id='block_1_9' title="bbox 393 2823 859 2872">
    <p class='ocr_par' dir='ltr' id='par_1_10' title="bbox 393 2823 859 2872">
     <span class='ocr_line' id='line_1_38' title="bbox 393 2823 859 2872; baseline 0.004 -13"><span class='ocrx_word' id='word_1_213' title='bbox 393 2823 488 2859; x_wconf 84' lang='lat' dir='ltr'>Add.</span> <span class='ocrx_word' id='word_1_214' title='bbox 513 2823 689 2862; x_wconf 75' lang='lat' dir='ltr'>Herodot.</span> <span class='ocrx_word' id='word_1_215' title='bbox 712 2823 776 2872; x_wconf 82' lang='lat' dir='ltr'><strong><em>IV,</em></strong></span> <span class='ocrx_word' id='word_1_216' title='bbox 792 2826 859 2865; x_wconf 88' lang='grc'><strong><em>70.</em></strong></span> 
     </span>
    </p>
   </div>
   <div class='ocr_carea' id='block_1_10' title="bbox 1293 1657 1576 1710">
    <p class='ocr_par' dir='ltr' id='par_1_11' title="bbox 1293 1657 1576 1710">
     <span class='ocr_line' id='line_1_39' title="bbox 1293 1657 1576 1710; baseline -0.004 -14"><span class='ocrx_word' id='word_1_217' title='bbox 1293 1658 1324 1696; x_wconf 96' lang='lat' dir='ltr'>C</span> <span class='ocrx_word' id='word_1_218' title='bbox 1335 1671 1398 1710; x_wconf 87' lang='lat' dir='ltr'><strong><em>ap.</em></strong></span> <span class='ocrx_word' id='word_1_219' title='bbox 1423 1657 1576 1696; x_wconf 86' lang='lat' dir='ltr'>LXXV.</span> 
     </span>
    </p>
   </div>
   <div class='ocr_carea' id='block_1_11' title="bbox 1105 1735 1763 2918">
    <p class='ocr_par' dir='ltr' id='par_1_12' title="bbox 1109 1735 1762 2074">
     <span class='ocr_line' id='line_1_40' title="bbox 1164 1735 1759 1794; baseline 0 -14"><span class='ocrx_word' id='word_1_220' title='bbox 1164 1738 1238 1793; x_wconf 73' lang='grc' dir='ltr'><strong><em>τήν</em></strong></span> <span class='ocrx_word' id='word_1_221' title='bbox 1262 1739 1337 1794; x_wconf 67' lang='grc' dir='ltr'><strong><em>ἔχω’</em></strong></span> <span class='ocrx_word' id='word_1_222' title='bbox 1366 1742 1406 1782; x_wconf 80' lang='grc' dir='ltr'><strong><em>ἐν</em></strong></span> <span class='ocrx_word' id='word_1_223' title='bbox 1422 1746 1524 1782; x_wconf 89' lang='grc' dir='ltr'><strong><em>τοῖσι</em></strong></span> <span class='ocrx_word' id='word_1_224' title='bbox 1545 1737 1673 1781; x_wconf 81' lang='grc' dir='ltr'><strong><em>ὀπίσω</em></strong></span> <span class='ocrx_word' id='word_1_225' title='bbox 1695 1735 1759 1780; x_wconf 82' lang='grc' dir='ltr'><strong><em>λό-</em></strong></span> 
     </span>
     <span class='ocr_line' id='line_1_41' title="bbox 1110 1791 1762 1850; baseline 0 -14"><span class='ocrx_word' id='word_1_226' title='bbox 1110 1811 1215 1850; x_wconf 79' lang='grc' dir='ltr'><strong><em>γοισι</em></strong></span> <span class='ocrx_word' id='word_1_227' title='bbox 1245 1797 1452 1848; x_wconf 81' lang='grc' dir='ltr'><strong><em>σημανέω]</em></strong></span> <span class='ocrx_word' id='word_1_228' title='bbox 1501 1794 1594 1844; x_wconf 66' lang='grc' dir='ltr'><strong><em>τούς</em></strong></span> <span class='ocrx_word' id='word_1_229' title='bbox 1638 1791 1762 1836; x_wconf 77' lang='grc' dir='ltr'><strong><em>ὀπίσω</em></strong></span> 
     </span>
     <span class='ocr_line' id='line_1_42' title="bbox 1111 1850 1762 1906; baseline -0.005 -14"><span class='ocrx_word' id='word_1_230' title='bbox 1111 1850 1253 1906; x_wconf 79' lang='grc' dir='ltr'><strong><em>λόγους</em></strong></span> <span class='ocrx_word' id='word_1_231' title='bbox 1284 1855 1436 1893; x_wconf 84' lang='lat' dir='ltr'>solemni</span> <span class='ocrx_word' id='word_1_232' title='bbox 1468 1856 1566 1905; x_wconf 84' lang='lat' dir='ltr'>apud</span> <span class='ocrx_word' id='word_1_233' title='bbox 1593 1854 1762 1891; x_wconf 87' lang='lat' dir='ltr'>Herodo-</span> 
     </span>
     <span class='ocr_line' id='line_1_43' title="bbox 1111 1910 1762 1959; baseline 0.002 -12"><span class='ocrx_word' id='word_1_234' title='bbox 1111 1915 1185 1947; x_wconf 81' lang='lat' dir='ltr'><strong><em>tum</em></strong></span> <span class='ocrx_word' id='word_1_235' title='bbox 1206 1911 1338 1947; x_wconf 80' lang='lat' dir='ltr'>citandi</span> <span class='ocrx_word' id='word_1_236' title='bbox 1359 1912 1510 1959; x_wconf 81' lang='lat' dir='ltr'>ratione,</span> <span class='ocrx_word' id='word_1_237' title='bbox 1533 1910 1695 1959; x_wconf 83' lang='lat' dir='ltr'>intellige</span> <span class='ocrx_word' id='word_1_238' title='bbox 1714 1911 1762 1948; x_wconf 81' lang='lat' dir='ltr'><strong><em>de</em></strong></span> 
     </span>
     <span class='ocr_line' id='line_1_44' title="bbox 1109 1967 1762 2015; baseline 0.002 -13"><span class='ocrx_word' id='word_1_239' title='bbox 1109 1967 1174 2013; x_wconf 85' lang='lat' dir='ltr'>iis,</span> <span class='ocrx_word' id='word_1_240' title='bbox 1204 1980 1298 2015; x_wconf 84' lang='lat' dir='ltr'>quae</span> <span class='ocrx_word' id='word_1_241' title='bbox 1328 1968 1420 2004; x_wconf 83' lang='lat' dir='ltr'>infra</span> <span class='ocrx_word' id='word_1_242' title='bbox 1451 1971 1664 2014; x_wconf 85' lang='lat' dir='ltr'>narrantur,</span> <span class='ocrx_word' id='word_1_243' title='bbox 1692 1967 1762 2003; x_wconf 92' lang='lat' dir='ltr'><strong><em>hoc</em></strong></span> 
     </span>
     <span class='ocr_line' id='line_1_45' title="bbox 1109 2023 1633 2074; baseline 0 -14"><span class='ocrx_word' id='word_1_244' title='bbox 1109 2024 1190 2074; x_wconf 83' lang='lat' dir='ltr'>ipso</span> <span class='ocrx_word' id='word_1_245' title='bbox 1213 2023 1302 2060; x_wconf 89' lang='lat' dir='ltr'>libro</span> <span class='ocrx_word' id='word_1_246' title='bbox 1331 2037 1409 2073; x_wconf 85' lang='lat' dir='ltr'><strong>cap.</strong></span> <span class='ocrx_word' id='word_1_247' title='bbox 1431 2026 1509 2065; x_wconf 87' lang='lat'><strong><em>107</em></strong></span> <span class='ocrx_word' id='word_1_248' title='bbox 1529 2036 1633 2073; x_wconf 86' lang='lat' dir='ltr'>seqq.</span> 
     </span>
    </p>

    <p class='ocr_par' dir='ltr' id='par_1_13' title="bbox 1110 2076 1762 2350">
     <span class='ocr_line' id='line_1_46' title="bbox 1166 2076 1761 2130; baseline -0.007 -12"><span class='ocrx_word' id='word_1_249' title='bbox 1166 2078 1201 2118; x_wconf 80' lang='grc' dir='ltr'><strong><em>εἰ</em></strong></span> <span class='ocrx_word' id='word_1_250' title='bbox 1221 2076 1495 2130; x_wconf 75' lang='grc' dir='ltr'><strong><em>στρατεύηται]</em></strong></span> <span class='ocrx_word' id='word_1_251' title='bbox 1537 2080 1642 2116; x_wconf 88' lang='lat' dir='ltr'>Conf.</span> <span class='ocrx_word' id='word_1_252' title='bbox 1671 2082 1761 2115; x_wconf 78' lang='lat' dir='ltr'>nott,</span> 
     </span>
     <span class='ocr_line' id='line_1_47' title="bbox 1111 2134 1761 2184; baseline 0 -12"><span class='ocrx_word' id='word_1_253' title='bbox 1111 2135 1159 2172; x_wconf 80' lang='lat' dir='ltr'><strong><em>ad</em></strong></span> <span class='ocrx_word' id='word_1_254' title='bbox 1180 2135 1218 2182; x_wconf 88' lang='lat' dir='ltr'><strong><em>I,</em></strong></span> <span class='ocrx_word' id='word_1_255' title='bbox 1242 2137 1307 2176; x_wconf 87' lang='grc'><strong><em>53.</em></strong></span> <span class='ocrx_word' id='word_1_256' title='bbox 1367 2135 1422 2171; x_wconf 86' lang='lat' dir='ltr'><strong><em>Ex</em></strong></span> <span class='ocrx_word' id='word_1_257' title='bbox 1440 2148 1511 2184; x_wconf 88' lang='lat' dir='ltr'><strong><em>quo</em></strong></span> <span class='ocrx_word' id='word_1_258' title='bbox 1530 2139 1644 2184; x_wconf 79' lang='lat' dir='ltr'>patet,</span> <span class='ocrx_word' id='word_1_259' title='bbox 1665 2134 1761 2172; x_wconf 82' lang='lat' dir='ltr'>male</span> 
     </span>
     <span class='ocr_line' id='line_1_48' title="bbox 1110 2190 1761 2242; baseline -0.002 -15"><span class='ocrx_word' id='word_1_260' title='bbox 1110 2195 1196 2241; x_wconf 85' lang='lat' dir='ltr'>post</span> <span class='ocrx_word' id='word_1_261' title='bbox 1217 2190 1374 2242; x_wconf 85' lang='grc' dir='ltr'><strong><em>Πέρσας</em></strong></span> <span class='ocrx_word' id='word_1_262' title='bbox 1403 2204 1424 2227; x_wconf 85' lang='lat' dir='ltr'><strong>a</strong></span> <span class='ocrx_word' id='word_1_263' title='bbox 1442 2191 1655 2239; x_wconf 81' lang='lat' dir='ltr'>quibusdam</span> <span class='ocrx_word' id='word_1_264' title='bbox 1675 2191 1761 2227; x_wconf 83' lang='lat' dir='ltr'><strong><em>addi</em></strong></span> 
     </span>
     <span class='ocr_line' id='line_1_49' title="bbox 1112 2245 1762 2298; baseline 0 -12"><span class='ocrx_word' id='word_1_265' title='bbox 1112 2245 1315 2297; x_wconf 84' lang='grc' dir='ltr'><strong><em>εἰρωτέων.</em></strong></span> <span class='ocrx_word' id='word_1_266' title='bbox 1335 2268 1391 2275; x_wconf 93' lang='lat'>—</span> <span class='ocrx_word' id='word_1_267' title='bbox 1407 2247 1465 2284; x_wconf 86' lang='lat' dir='ltr'><strong><em>De</em></strong></span> <span class='ocrx_word' id='word_1_268' title='bbox 1476 2260 1563 2284; x_wconf 84' lang='lat' dir='ltr'>voce</span> <span class='ocrx_word' id='word_1_269' title='bbox 1574 2247 1762 2298; x_wconf 80' lang='grc' dir='ltr'><strong><em>κίβδηλος</em></strong></span> 
     </span>
     <span class='ocr_line' id='line_1_50' title="bbox 1111 2303 1525 2350; baseline -0.002 -10"><span class='ocrx_word' id='word_1_270' title='bbox 1111 2303 1204 2340; x_wconf 87' lang='lat' dir='ltr'>conf.</span> <span class='ocrx_word' id='word_1_271' title='bbox 1226 2308 1314 2340; x_wconf 89' lang='lat' dir='ltr'>nott.</span> <span class='ocrx_word' id='word_1_272' title='bbox 1334 2304 1382 2340; x_wconf 84' lang='lat' dir='ltr'><strong><em>ad</em></strong></span> <span class='ocrx_word' id='word_1_273' title='bbox 1401 2303 1438 2350; x_wconf 85' lang='grc' dir='ltr'><strong><em>Ι,</em></strong></span> <span class='ocrx_word' id='word_1_274' title='bbox 1460 2305 1525 2344; x_wconf 89' lang='lat'><strong><em>66.</em></strong></span> 
     </span>
    </p>

    <p class='ocr_par' dir='ltr' id='par_1_14' title="bbox 1105 2357 1763 2918">
     <span class='ocr_line' id='line_1_51' title="bbox 1166 2357 1763 2409; baseline 0.002 -12"><span class='ocrx_word' id='word_1_275' title='bbox 1166 2357 1328 2406; x_wconf 81' lang='grc' dir='ltr'><strong><em>ἐλπίσας</em></strong></span> <span class='ocrx_word' id='word_1_276' title='bbox 1382 2357 1508 2409; x_wconf 88' lang='grc' dir='ltr'><strong><em>πρὸς</em></strong></span> <span class='ocrx_word' id='word_1_277' title='bbox 1563 2357 1763 2398; x_wconf 79' lang='grc' dir='ltr'><strong><em>ἑωυτοῦ</em></strong></span> 
     </span>
     <span class='ocr_line' id='line_1_52' title="bbox 1110 2411 1762 2466; baseline -0.002 -13"><span class='ocrx_word' id='word_1_278' title='bbox 1110 2411 1176 2454; x_wconf 86' lang='grc' dir='ltr'><strong><em>τὸν</em></strong></span> <span class='ocrx_word' id='word_1_279' title='bbox 1205 2412 1382 2466; x_wconf 78' lang='grc' dir='ltr'><strong><em>χρησμόν</em></strong></span> <span class='ocrx_word' id='word_1_280' title='bbox 1412 2429 1428 2454; x_wconf 92' lang='grc' dir='ltr'><strong><em>ε</em></strong></span> <span class='ocrx_word' id='word_1_281' title='bbox 1442 2411 1576 2462; x_wconf 81' lang='grc' dir='ltr'><strong><em>ἶναι]</em></strong></span> <span class='ocrx_word' id='word_1_282' title='bbox 1607 2415 1628 2452; x_wconf 86' lang='lat' dir='ltr'><strong><em>i.</em></strong></span> <span class='ocrx_word' id='word_1_283' title='bbox 1649 2428 1679 2453; x_wconf 89' lang='lat' dir='ltr'><strong><em>e.</em></strong></span> <span class='ocrx_word' id='word_1_284' title='bbox 1700 2428 1762 2452; x_wconf 82' lang='lat' dir='ltr'><strong><em>ra-</em></strong></span> 
     </span>
     <span class='ocr_line' id='line_1_53' title="bbox 1111 2471 1760 2522; baseline 0.003 -15"><span class='ocrx_word' id='word_1_285' title='bbox 1111 2475 1169 2508; x_wconf 77' lang='lat' dir='ltr'><strong><em>tus</em></strong></span> <span class='ocrx_word' id='word_1_286' title='bbox 1187 2473 1255 2509; x_wconf 65' lang='lat' dir='ltr'><strong><em>sibi</em></strong></span> <span class='ocrx_word' id='word_1_287' title='bbox 1268 2472 1396 2522; x_wconf 80' lang='lat' dir='ltr'><strong><em>favere</em></strong></span> <span class='ocrx_word' id='word_1_288' title='bbox 1417 2471 1603 2509; x_wconf 82' lang='lat' dir='ltr'><strong><em>oraculum.</em></strong></span> <span class='ocrx_word' id='word_1_289' title='bbox 1661 2471 1760 2510; x_wconf 87' lang='lat' dir='ltr'><strong><em>Nam</em></strong></span> 
     </span>
     <span class='ocr_line' id='line_1_54' title="bbox 1112 2524 1760 2579; baseline -0.003 -13"><span class='ocrx_word' id='word_1_290' title='bbox 1112 2524 1215 2567; x_wconf 80' lang='grc' dir='ltr'><strong><em>εἶναι</em></strong></span> <span class='ocrx_word' id='word_1_291' title='bbox 1235 2525 1333 2579; x_wconf 85' lang='grc' dir='ltr'><strong><em>πρός</em></strong></span> <span class='ocrx_word' id='word_1_292' title='bbox 1351 2544 1458 2576; x_wconf 86' lang='grc' dir='ltr'><strong><em>τινος</em></strong></span> <span class='ocrx_word' id='word_1_293' title='bbox 1474 2532 1530 2567; x_wconf 88' lang='lat' dir='ltr'><strong><em>est</em></strong></span> <span class='ocrx_word' id='word_1_294' title='bbox 1544 2529 1590 2565; x_wconf 88' lang='lat' dir='ltr'><strong><em>ab</em></strong></span> <span class='ocrx_word' id='word_1_295' title='bbox 1607 2528 1760 2565; x_wconf 71' lang='lat' dir='ltr'><strong><em>alicuius</em></strong></span> 
     </span>
     <span class='ocr_line' id='line_1_55' title="bbox 1105 2584 1762 2635; baseline 0.002 -14"><span class='ocrx_word' id='word_1_296' title='bbox 1105 2586 1271 2635; x_wconf 74' lang='lat' dir='ltr'><strong><em>partibus</em></strong></span> <span class='ocrx_word' id='word_1_297' title='bbox 1285 2589 1397 2633; x_wconf 78' lang='lat' dir='ltr'><strong><em>stare,</em></strong></span> <span class='ocrx_word' id='word_1_298' title='bbox 1409 2586 1522 2622; x_wconf 75' lang='lat' dir='ltr'><strong><em>alicui</em></strong></span> <span class='ocrx_word' id='word_1_299' title='bbox 1530 2584 1578 2635; x_wconf 80' lang='lat' dir='ltr'><strong><em>fa</em></strong></span> <span class='ocrx_word' id='word_1_300' title='bbox 1585 2597 1659 2622; x_wconf 77' lang='lat' dir='ltr'><strong><em>uere</em></strong></span> <span class='ocrx_word' id='word_1_301' title='bbox 1670 2586 1762 2622; x_wconf 78' lang='lat' dir='ltr'>eius-</span> 
     </span>
     <span class='ocr_line' id='line_1_56' title="bbox 1112 2641 1760 2691; baseline 0 -14"><span class='ocrx_word' id='word_1_302' title='bbox 1112 2654 1176 2691; x_wconf 79' lang='lat' dir='ltr'><strong><em>que</em></strong></span> <span class='ocrx_word' id='word_1_303' title='bbox 1201 2642 1383 2678; x_wconf 78' lang='lat' dir='ltr'><strong><em>commodis</em></strong></span> <span class='ocrx_word' id='word_1_304' title='bbox 1411 2641 1592 2679; x_wconf 77' lang='lat' dir='ltr'>consulere.</span> <span class='ocrx_word' id='word_1_305' title='bbox 1651 2641 1760 2678; x_wconf 85' lang='lat' dir='ltr'>conf.</span> 
     </span>
     <span class='ocr_line' id='line_1_57' title="bbox 1111 2698 1760 2748; baseline 0.008 -14"><span class='ocrx_word' id='word_1_306' title='bbox 1111 2710 1157 2734; x_wconf 86' lang='lat' dir='ltr'><strong><em>ne</em></strong></span> <span class='ocrx_word' id='word_1_307' title='bbox 1177 2698 1279 2748; x_wconf 86' lang='lat' dir='ltr'>plura</span> <span class='ocrx_word' id='word_1_308' title='bbox 1296 2698 1424 2736; x_wconf 84' lang='lat' dir='ltr'><strong>Matth.</strong></span> <span class='ocrx_word' id='word_1_309' title='bbox 1437 2700 1502 2737; x_wconf 90' lang='lat' dir='ltr'><strong><em>Gr.</em></strong></span> <span class='ocrx_word' id='word_1_310' title='bbox 1516 2698 1580 2734; x_wconf 87' lang='lat' dir='ltr'><strong><em>Gr.</em></strong></span> <span class='ocrx_word' id='word_1_311' title='bbox 1593 2711 1629 2747; x_wconf 86' lang='lat' dir='ltr'><strong><em>p.</em></strong></span> <span class='ocrx_word' id='word_1_312' title='bbox 1642 2699 1760 2739; x_wconf 87' lang='lat'>1178.</span> 
     </span>
     <span class='ocr_line' id='line_1_58' title="bbox 1111 2753 1761 2804; baseline -0.002 -14"><span class='ocrx_word' id='word_1_313' title='bbox 1111 2775 1166 2781; x_wconf 90' lang='lat'><em>—-—-</em></span> <span class='ocrx_word' id='word_1_314' title='bbox 1186 2754 1226 2790; x_wconf 89' lang='lat' dir='ltr'><strong><em>ln</em></strong></span> <span class='ocrx_word' id='word_1_315' title='bbox 1248 2767 1350 2804; x_wconf 89' lang='lat' dir='ltr'>seqq.</span> <span class='ocrx_word' id='word_1_316' title='bbox 1379 2769 1458 2794; x_wconf 89' lang='lat' dir='ltr'><strong><em>cum</em></strong></span> <span class='ocrx_word' id='word_1_317' title='bbox 1479 2754 1595 2792; x_wconf 87' lang='lat' dir='ltr'>Gaisf.</span> <span class='ocrx_word' id='word_1_318' title='bbox 1623 2767 1643 2791; x_wconf 84' lang='lat' dir='ltr'>e</span> <span class='ocrx_word' id='word_1_319' title='bbox 1661 2753 1761 2791; x_wconf 88' lang='lat' dir='ltr'>meli-</span> 
     </span>
     <span class='ocr_line' id='line_1_59' title="bbox 1112 2810 1760 2864; baseline 0.006 -19"><span class='ocrx_word' id='word_1_320' title='bbox 1112 2810 1233 2846; x_wconf 86' lang='lat' dir='ltr'>oribus</span> <span class='ocrx_word' id='word_1_321' title='bbox 1253 2810 1351 2850; x_wconf 86' lang='lat' dir='ltr'>libris</span> <span class='ocrx_word' id='word_1_322' title='bbox 1373 2811 1520 2864; x_wconf 84' lang='lat' dir='ltr'>reposui</span> <span class='ocrx_word' id='word_1_323' title='bbox 1530 2813 1674 2863; x_wconf 87' lang='grc' dir='ltr'><strong><em>μοῖραν</em></strong></span> <span class='ocrx_word' id='word_1_324' title='bbox 1691 2821 1760 2859; x_wconf 84' lang='lat' dir='ltr'><strong><em>pro</em></strong></span> 
     </span>
     <span class='ocr_line' id='line_1_60' title="bbox 1111 2880 1269 2918; baseline -0.013 -12"><span class='ocrx_word' id='word_1_325' title='bbox 1111 2880 1269 2918; x_wconf 84' lang='grc' dir='ltr'><strong><em>μοιρην.</em></strong></span> 
     </span>
    </p>
   </div>
  </div>
 </body>
</html>
