1909 3228
504 211 587 252 882

894 205 1358 246 HERODOTI

477 323 619 363 Ξτοῖσι
649 314 936 370 ἀνθρώποισι.
975 315 1048 358 καὶ
1075 313 1199 365 πόλις
1229 313 1275 357 ἐν
1305 312 1415 371 αὐτῇ
1441 315 1644 370 γενέσθαι
1673 314 1749 366 τοὶς

505 396 673 446 ἁπάσας
708 392 803 437 τότε
844 394 1070 449 δισμυρίας
1103 391 1178 443 τὰς
1215 394 1476 449 οἰκεομένας.
1530 392 1668 448 νόμον
1707 394 1753 437 δὲ

505 474 781 530 Αἰγυπτίοισι
810 471 934 516 τόνδε
952 471 1131 527 ’Ἀμασίς
1163 471 1250 514 ἐστι
1283 469 1610 527 ὁκαταστήσας·
1642 471 1751 515 ἀπο-
1763 479 1808 513 25

505 552 726 597 δεικνύναι
767 552 880 602 ἔτεος
918 551 1097 594 ἑκάστου
1139 553 1198 607 τῷ
1236 549 1433 606 νομάρχῃ
1473 549 1613 592 πάντα
1653 550 1751 592 τινὰ

504 632 775 687 Αἰγυπτίων,
816 629 920 673 ὅθεν
957 633 1150 685 βιοῦται·

1210 631 1315 684 μηδὲ
1354 633 1560 671 ποιεῦντα
1603 632 1752 679 ταῦτα,

506 710 613 766 μηδὲ
642 708 945 765 ἀποφαίνοντα
985 710 1155 764 δικαίην
1186 706 1310 763 ζόην,
1350 706 1583 751 ἰθύνεσθαι
1611 707 1754 751 θανά-

477 796 499 828 3
509 805 581 845 τῳ.

653 788 806 831 Σόλων
848 788 893 830 δὲ
931 785 953 831 ὁ
989 786 1217 843 Ἀθηναῖος
1263 786 1409 842 λαβὼν
1447 787 1487 839 ἐξ
1533 785 1755 842 Αἰγύπτου

505 870 663 911 τοῦτον
698 866 775 910 τὸν
811 865 972 921 νόμον,
1015 865 1281 922 Ἀθηναίοισι
1310 866 1452 909 ἔθετο·
1505 869 1566 923 τῷ
1597 865 1810 909 ἐκεῖνοι30

451 1052 670 1103 impendisse
697 1053 819 1089 fertur.
856 1050 993 1087 Iustum
1018 1061 1099 1087 cae-

451 1109 595 1158 teroqui
616 1113 652 1146 et
671 1121 824 1156 aequum
844 1106 1023 1144 Amasidis
1042 1119 1099 1143 re-

451 1179 563 1214 gnum
602 1164 639 1201 in
675 1164 898 1213 Aegyptios,
945 1175 1098 1213 quorum

451 1224 610 1259 savorem
627 1221 695 1257 hoc
716 1221 825 1257 modo
849 1219 915 1256 sibi
937 1219 1099 1256 concilia-

450 1279 520 1326 rit,
550 1277 712 1314 dilaudat
727 1277 880 1314 Diodor.
904 1275 940 1323 Ι,
962 1276 1014 1316 68
1036 1275 1096 1312 fin.

505 1377 573 1418 καὶ
595 1375 776 1425 πόλις-
796 1376 1011 1428 δυσμυρίας
1030 1373 1100 1423 τοὶς

452 1434 695 1485 οἰκεομένας]
726 1434 876 1471 Diodor.
897 1434 923 1479 l,
939 1435 991 1473 31
1015 1434 1100 1470 scri-

450 1493 504 1529 bit
530 1492 686 1539 antiquis
714 1490 935 1539 temporibus
957 1490 993 1525 in
1024 1490 1097 1526 Ae-

451 1551 566 1598 gypto
590 1549 701 1584 fuisse
724 1546 820 1582 vicos
844 1544 1094 1582 memorabiles

451 1609 490 1641 et
507 1604 612 1640 urbes
630 1603 749 1652 plures
766 1601 1008 1649 duodeviginti
1018 1600 1095 1636 mil-

451 1660 562 1705 libus,
590 1662 631 1695 ut
652 1659 689 1694 in
709 1658 970 1694 commentariis
987 1658 1095 1693 samis

452 1728 517 1752 suo
542 1715 621 1752 loeo
649 1718 811 1750 notatum
830 1713 951 1749 videre
972 1712 1095 1757 liceat3

450 1770 658 1808 Ptolemaeo
680 1773 800 1806 autem
818 1768 913 1816 Lagi
941 1780 1097 1816 regnan-

451 1831 512 1874 te,
540 1826 663 1876 plures
689 1825 839 1874 triginta
861 1823 1015 1861 millibus
1041 1836 1097 1860 re-

451 1883 607 1920 censitas
637 1894 727 1919 esse.
787 1879 847 1916 Tu
881 1881 974 1917 conf.
1005 1892 1097 1928 quae

450 1938 520 1976 alia
546 1939 693 1975 aliorum
721 1936 928 1974 testimonia
956 1937 1003 1973 ad
1021 1936 1054 1972 h.
1074 1935 1097 1972 l.

451 1994 572 2032 attulit
591 1993 863 2041 VVesselingius.

507 2079 633 2135 νόμον
653 2081 694 2123 δὲ
712 2080 965 2134 Αἰγυπτίοισι
984 2076 1099 2120 τόνδε

451 2140 592 2191 κ.τ.λ.]
625 2138 667 2179 δὲ
688 2153 767 2177 cum
797 2142 949 2175 recentt.
973 2137 1099 2187 scripsi

451 2210 518 2247 pro
552 2211 593 2236 τε
611 2225 622 2245 ,
670 2196 768 2246 quod
802 2195 886 2232 olim
915 2194 1100 2242 vulgatum

452 2258 542 2291 erat.

505 2338 605 2382 ’ὅθεν
633 2338 811 2391 βιοῦται]
851 2340 904 2376 lta
934 2352 1000 2389 pro
1037 2338 1099 2388 βε-

452 2399 636 2451 βαιοῦται
654 2410 750 2434 nnnc
776 2410 796 2433 e
818 2396 914 2433 libris
935 2395 1097 2445 pluribus

452 2456 608 2501 editum,
646 2454 828 2504 probante
861 2452 995 2498 Sum-21,
1033 2452 1094 2499 qui

452 2512 606 2562 βιοῦται
622 2510 773 2546 laudans
794 2508 946 2558 explicat
968 2509 1032 2561 ζῇ,
1057 2510 1093 2544 et

452 2568 588 2604 dudum
625 2569 794 2603 monente
839 2563 1091 2609 Valckenario,

453 2624 513 2672 qui
526 2626 621 2660 recte
641 2623 917 2671 interpretatur:
947 2631 1091 2667 quonam

453 2682 597 2727 quaestu
616 2681 888 2723 sustentaretur,
918 2676 1006 2713 haec
1029 2676 1094 2712 ad-

452 2734 596 2771 iiciens:
644 2763 668 2782 ‚,
682 2727 969 2772 οἷποδεικνύντα
997 2729 1095 2771 ὅθεν

454 2789 500 2842 ζῇ
512 2818 522 2836 ,
546 2789 654 2827 habet
671 2791 717 2828 de
735 2804 774 2827 re
793 2791 919 2827 eadem
943 2788 1096 2838 loquens

453 2846 591 2884 Aelian.
617 2859 649 2884 v.
667 2846 702 2883 h.
732 2847 794 2893 lv,
819 2850 851 2887 1.
881 2841 1002 2898 λόγον
1021 2841 1094 2885 δώ-

1166 1060 1304 1095 σοντα,
1344 1045 1475 1088 πόθεν
1499 1070 1553 1077 -
1573 1050 1688 1103 διαζῇ
1722 1049 1812 1087 1)ῐο-

1165 1119 1248 1155 gen.
1268 1105 1389 1142 La'ert.
1408 1106 1496 1152 Vll,
1525 1108 1615 1147 168.
1657 1102 1735 1145 α’πὸ
1758 1106 1811 1144 τί-

1166 1177 1249 1201 νων
1261 1160 1417 1208 ἕκαστος
1429 1162 1625 1212 πορίζεται
1638 1159 1705 1201 τὸν
1720 1162 1809 1211 βίον

1166 1219 1319 1256 Diodor.
1342 1218 1448 1255 Sieul.
1476 1218 1509 1265 l,
1532 1222 1596 1259 77.
1626 1239 1681 1246 —
1713 1218 1813 1261 Quid

1164 1274 1387 1324 Aegyptium
1412 1275 1564 1310 moverit
1591 1276 1638 1311 ad
1671 1274 1813 1311 utilissi-

1166 1344 1262 1368 mam
1278 1331 1369 1367 hanc
1383 1330 1500 1379 legem
1517 1332 1701 1368 ferendam
1713 1359 1723 1377 ‚
1746 1330 1813 1367 do-

1167 1392 1224 1424 cet
1261 1387 1426 1424 Perizon.
1457 1388 1504 1423 ad
1538 1387 1673 1424 Aelian.
1711 1399 1744 1423 v.
1775 1386 1810 1423 h.

1167 1444 1214 1489 X,
1248 1443 1298 1483 14
1344 1442 1408 1492 [ut
1440 1443 1571 1479 scilicet
1601 1442 1811 1492 quotidiano

1164 1499 1256 1535 victo
1276 1499 1483 1547 quaerendo
1504 1499 1683 1548 occupatis
1699 1499 1810 1534 otium

1163 1567 1237 1591 non
1284 1555 1328 1590 sit
1369 1555 1416 1590 ad
1447 1554 1592 1591 insidias
1628 1555 1810 1602 tyrannidi

1161 1609 1379 1659 struendas}
1438 1610 1557 1653 Quam
1581 1623 1624 1647 ex
1643 1610 1812 1660 Aegypto

1162 1667 1311 1716 petitam
1340 1666 1475 1702 civibus
1501 1667 1571 1702 suis
1593 1666 1716 1703 tulisse
1738 1672 1810 1702 tra-

1164 1723 1260 1757 ditur
1280 1721 1414 1766 Solon,
1437 1721 1495 1757 lex
1514 1721 1669 1758 Draconi
1687 1722 1809 1771 potius

1163 1778 1306 1813 videtur
1331 1777 1592 1813 contribuenda
1621 1777 1716 1815 velut
1747 1790 1811 1814 au-

1164 1833 1276 1869 ctori:
1308 1833 1379 1868 vid.
1408 1832 1620 1881 wesseling.
1647 1834 1694 1870 ad
1721 1833 1813 1871 Dio-

1166 1890 1244 1925 dor.
1264 1887 1278 1924 I
1303 1901 1388 1938 pag.
1411 1890 1462 1928 88
1486 1893 1522 1925 et
1542 1888 1690 1938 Taylor.
1712 1889 1810 1927 lectt.

1164 1944 1269 1993 Lyss.
1279 1957 1313 1993 p.
1328 1947 1407 1984 707
1429 1957 1504 1993 seq.
1529 1945 1693 1983 Eandem
1711 1946 1810 1996 apud

1166 2001 1255 2038 alios
1273 2001 1381 2037 etiam
1400 2001 1554 2050 populos
1576 2002 1733 2050 viguisse
1745 2014 1810 2038 an-

1165 2061 1201 2094 te
1220 2057 1382 2094 Perizon.
1403 2057 1612 2094 ostenderat
1630 2057 1808 2094 Abramus

1166 2114 1214 2150 ad
1234 2113 1349 2150 Cicer.
1371 2126 1422 2149 or.
1446 2126 1512 2162 pro
1530 2113 1655 2149 Sextio
1676 2113 1810 2154 c.48.“

1165 2169 1322 2206 Heeren.
1341 2169 1451 2205 Ideen
1472 2168 1503 2205 ll
1515 2198 1525 2216 ‚
1539 2173 1564 2210 2
1585 2182 1620 2219 p.
1633 2171 1714 2210 338
1730 2173 1807 2206 not.

1165 2225 1345 2261 Herodoti
1381 2224 1460 2261 loco
1493 2226 1622 2273 utitur,
1665 2238 1707 2262 ex
1733 2237 1805 2274 quo

1164 2282 1392 2318 manifestum
1414 2281 1475 2317 fiat
1490 2310 1500 2327 ,
1530 2293 1636 2329 quam
1655 2281 1809 2329 diligen-

1167 2342 1239 2374 tem
1262 2342 1298 2373 et
1318 2342 1519 2373 accuratam
1540 2336 1698 2387 politiam
1720 2338 1805 2384 (nos

1163 2395 1312 2431 dicimus
1334 2392 1486 2441 Pole'zez')
1506 2394 1541 2429 in
1555 2393 1716 2441 singulos
1735 2393 1808 2431 Ae-

1161 2451 1304 2500 gyptios
1322 2449 1356 2485 hi
1376 2449 1559 2486 nomarchi
1574 2450 1806 2497 exercuerint,

1160 2508 1220 2555 qui
1239 2505 1385 2555 singulis
1415 2506 1530 2542 nomis
1552 2506 1805 2543 administran-

1159 2563 1212 2600 dis
1228 2562 1400 2614 pracfecti
1420 2562 1532 2599 fuisse
1550 2562 1747 2599 videantur.

1199 2673 1297 2726 μηδὲ
1305 2675 1492 2714 ποιεῦντα
1499 2671 1633 2723 ταῦτα]
1643 2673 1804 2721 „Sebae-

1161 2733 1226 2770 ser.
1252 2732 1409 2783 append.
1430 2731 1477 2768 ad
1492 2730 1592 2767 Bast.
1612 2730 1716 2780 epist.
1736 2729 1804 2766 cri-

1161 2789 1219 2825 tic.
1256 2801 1340 2838 pag.
1371 2790 1422 2828 29
1465 2785 1600 2824 mavult
1642 2782 1705 2836 μὴ
1751 2781 1803 2824 δὲ

1161 2844 1389 2884 ποιεῦντα.“
1419 2842 1484 2880 Cr.
