1909 3228
425 160 511 200 830

841 159 1304 198 HERODOT1

426 267 501 313 καὶ
531 268 776 324 τρισχίλιοι,
821 268 1009 323 σχοίνων
1039 268 1244 324 ἑξήκοντα
1275 268 1454 313 ἐόντων·
1496 272 1584 314 ἰ’σοι
1613 272 1686 315 καὶ

396 346 565 403 Ξαύτῆς
595 347 819 402 Αἰγύπτου
848 348 897 390 τὸ
926 346 1046 401 παρὰ
1076 347 1316 392 θάλασσαν.
1356 348 1495 392 κέεται
1525 349 1570 392 δὲ
1600 368 1682 406 μα-

426 427 509 484 κρὴ
538 426 564 482 ἦ
595 428 722 483 λίμνη
760 427 869 480 πρὸς
907 429 1048 482 βορῆν
1075 443 1119 470 τε
1149 428 1222 471 καὶ
1251 427 1402 476 νότον,
1444 427 1577 471 ἐοῦσα
1607 429 1686 484 βά-

424 511 527 557 θος,
552 509 605 563 τῇ
635 505 861 561 βαθυτάτη
891 504 999 561 αὐτὴ
1032 506 1217 564 ἑωυτῆς,
1256 506 1687 563 πεντηκοντόργυιος.

396 583 494 627 δὸτι
526 584 571 627 δὲ
599 584 901 641 χειροποίητός
941 586 1029 629 ἐστι
1068 586 1141 629 καὶ
1177 585 1362 642 ὀρυκτή,
1402 585 1513 644 αὐτή
1547 589 1686 644 δηλοῖ.

369 779 446 820 εἰσί
466 781 560 818 conf.
587 781 641 829 ΙΙ,
665 783 728 822 16.
753 780 843 822 124.
884 780 943 817 Ad
964 793 1022 817 ar-

368 842 579 886 gumentum
606 838 700 874 cons.
728 841 803 873 not.
833 838 880 874 ad
904 838 957 884 Il,
983 840 1019 877 6.

368 893 428 931 De
448 894 529 944 ipso
547 892 644 931 lacus
667 894 808 930 ambitu
828 895 938 930 modo
966 894 1021 930 di-

367 950 494 987 ximus.
552 949 683 988 Monet
719 963 805 987 vero
836 950 1019 987 Mannert.

368 1005 392 1043 l.
411 1007 432 1043 l.
453 1020 489 1057 p.
501 1005 583 1049 426
604 1020 694 1055 seq„
713 1006 741 1043 si
770 1006 944 1044 schoenos
966 1007 1022 1043 in-

366 1062 545 1109 tellexeris
599 1064 751 1111 triginta
810 1064 1021 1111 stadiorum,

367 1120 521 1157 existere
555 1132 732 1156 summam
778 1120 1020 1168 quadraginta

367 1176 528 1225 quinque
566 1175 810 1213 milliariorum
864 1189 1021 1225 geogra-

366 1232 568 1283 phicorum,
589 1245 684 1282 quae
705 1244 727 1268 a
748 1232 854 1269 Plinii
873 1238 1019 1270 senten-

366 1289 418 1325 tia
441 1301 516 1326 non
543 1288 649 1326 valde
679 1289 828 1325 recedat
847 1289 1021 1325 ambitum

366 1343 466 1382 lacus
526 1345 719 1383 scribentis
783 1345 1021 1382 ducentorum

366 1401 631 1451 quinquaginta
672 1401 918 1438 milliariorum
944 1402 1023 1438 Ro-

364 1470 576 1504 manorum,
612 1470 706 1506 quae
736 1458 817 1507 ipsa
843 1458 1022 1506 quinqua-

365 1514 468 1562 ginta
491 1514 652 1550 milliaria
673 1513 919 1562 geographica
939 1514 1021 1550 effi-

365 1570 473 1606 ciant.
539 1570 616 1607 Sed
660 1574 745 1606 ante
786 1569 1019 1606 Mannertum

366 1626 555 1662 Iomardus
582 1625 603 1662 l.
626 1625 647 1661 l.
677 1639 713 1675 p.
734 1625 786 1666 85
817 1626 1017 1662 contende-

365 1686 447 1728 rat,
469 1683 515 1718 ab
543 1682 758 1727 Herodoto,
787 1682 886 1717 cuius
914 1693 1017 1717 men-

365 1750 469 1775 suras
485 1737 611 1786 reliqui
623 1737 815 1786 scriptores
827 1738 1017 1773 maximam

363 1797 506 1845 partem
540 1794 653 1830 secuti
691 1793 784 1839 sint,
824 1796 1018 1842 utrumque

364 1850 603 1887 schoenorum
622 1862 738 1898 genus
756 1849 945 1886 confusum
967 1849 1019 1885 vi-

364 1907 462 1954 deri,
499 1919 600 1953 cum,
639 1906 669 1942 si
698 1906 856 1942 minores
889 1906 1018 1943 schoe-

363 1976 432 2000 nos
451 1962 693 2008 intellexeris,
725 1974 864 1998 summa
886 1975 1017 2012 prove-

363 2020 439 2056 niat
457 2020 658 2056 stadiorum
677 2021 806 2064 18003
829 2020 890 2067 qui
911 2032 1015 2055 verus

362 2076 530 2113 videatur
550 2076 661 2112 fuisse
682 2074 779 2111 lacus
801 2075 970 2112 ambitus.

418 2130 547 2170 κέεται
566 2152 622 2158 -
643 2130 711 2170 καὶ
746 2126 887 2181 νότον]
927 2131 949 2167 i.
981 2144 1013 2169 e.

363 2188 462 2226 lacus
480 2201 504 2225 a
528 2191 631 2238 parte
649 2188 781 2224 boreali
803 2191 835 2224 et
861 2188 1016 2224 australi

364 2244 530 2293 oblongus
552 2248 614 2281 est.
652 2245 707 2280 lta
727 2248 825 2282 recte
844 2244 1012 2293 Schwgh.

363 2302 439 2339 Sed
458 2301 641 2338 Mannert.
665 2300 687 2337 l.
706 2300 727 2336 l.
753 2313 838 2350 pag.
859 2300 941 2341 425
963 2302 1014 2337 ita

363 2358 533 2408 exponit:
579 2385 603 2403 „
617 2357 656 2393 ln
687 2357 747 2394 die
782 2356 913 2406 Lange
949 2370 1015 2405 ge-

363 2414 523 2460 streckt,
543 2414 632 2462 liegt
654 2414 720 2450 der
736 2413 808 2450 See
826 2425 872 2449 an
896 2414 1015 2450 seiner

362 2469 495 2507 Nord-
516 2471 589 2506 und
609 2470 824 2507 Siidseite“!
863 2469 1013 2518 Disqui-

363 2526 409 2562 rit
437 2526 526 2563 haec
551 2526 705 2562 lomard.
738 2525 760 2562 l.
786 2525 807 2562 l.
836 2539 923 2576 pag.
946 2528 1011 2566 87.

364 2581 404 2618 In
427 2582 562 2630 laeum,
584 2582 700 2631 qualis
721 2595 818 2618 nunc
835 2586 902 2629 est,
925 2583 1012 2619 haec

364 2638 508 2675 minime
526 2639 705 2686 quadrare
723 2639 781 2674 vix
800 2639 925 2687 negari
945 2651 1013 2688 po-

364 2693 471 2738 terit,
507 2695 571 2730 sed
593 2699 751 2732 veterem
783 2694 878 2731 lacus
905 2695 1012 2731 situm

365 2754 403 2786 et
458 2751 745 2797 magnitudinem
807 2752 1012 2802 respicienti

364 2804 452 2842 haec
471 2818 544 2842 non
565 2818 586 2842 a
605 2820 689 2843 vero
702 2807 895 2845 abhorrere
911 2808 1013 2844 vide-

1089 782 1243 829 buntur,
1284 787 1325 819 ut
1362 782 1454 820 bene
1487 786 1591 820 notat
1618 782 1662 820 L.
1696 783 1742 821 de

1088 837 1261 876 Laborde
1278 839 1300 875 l.
1322 839 1343 876 l.
1365 852 1450 888 pag.
1469 841 1534 880 66.

1144 898 1194 950 τῇ
1213 892 1421 945 βαθυτάτη
1447 890 1548 946 αὐτή
1575 893 1739 946 ἑωυτῆς]

1089 952 1197 989 Conf.
1219 952 1262 998 ll,
1283 953 1373 993 124.
1404 952 1512 989 Hanc
1527 964 1613 989 vero
1633 953 1742 1001 quin-

1089 1009 1265 1057 quaginta
1304 1008 1467 1045 ulnarum
1515 1009 1739 1045 altitudinem

1087 1065 1204 1115 repeti
1224 1064 1297 1101 vult
1318 1064 1498 1102 Mannert.
1516 1064 1537 1101 l.
1558 1064 1580 1101 l.
1601 1078 1636 1115 p.
1657 1064 1740 1106 427

1088 1134 1109 1157 e
1129 1121 1397 1171 pyramidibuS,
1427 1134 1541 1170 quae,
1571 1126 1611 1157 ut
1638 1121 1740 1158 inco-

1087 1177 1144 1214 lae
1163 1178 1383 1214 crediderint
1409 1182 1445 1215 et:
1465 1177 1658 1214 Herodoto
1685 1177 1741 1213 di·

1089 1235 1227 1281 xerint,
1269 1233 1533 1283 quinquaginta
1564 1233 1666 1270 ulnas
1697 1245 1740 1271 ex

1090 1291 1193 1338 aquis
1235 1291 1477 1336 eminuerint,
1515 1290 1741 1339 totidemque

1089 1347 1182 1383 infra
1203 1359 1316 1395 aquas
1337 1346 1589 1396 pertinuerint.
1620 1347 1741 1384 Hero-

1090 1404 1220 1440 doteas
1243 1415 1428 1440 mensuras
1450 1415 1608 1451 aequare
1626 1404 1739 1440 ferme

1089 1459 1171 1510 923
1193 1463 1310 1496 metra
1329 1460 1499 1506 (metres)
1526 1472 1554 1495 s.
1572 1460 1652 1499 285
1672 1472 1739 1509 pe-

1090 1516 1154 1552 des
1184 1515 1347 1553 Gallicae
1371 1527 1562 1552 mensurae
1597 1516 1648 1551 ait
1684 1515 1738 1550 lo-

1085 1573 1231 1607 mardus
1257 1570 1279 1607 l.
1299 1571 1320 1607 l.
1344 1584 1428 1621 pag.
1442 1574 1493 1612 97
1515 1570 1592 1607 coll.
1617 1584 1651 1621 p.
1671 1574 1739 1618 99,

1086 1627 1147 1663 ubi
1175 1640 1299 1664 eorum
1329 1628 1518 1673 meminit,
1563 1628 1623 1675 qui
1646 1627 1738 1664 hauc

1084 1683 1371 1733 profunditatem
1411 1683 1508 1719 lacus
1543 1683 1653 1720 talem
1682 1696 1738 1720 re-

1084 1750 1170 1775 vera
1189 1739 1299 1775 fuisse
1326 1744 1516 1787 negarunt.

1139 1790 1198 1832 ὅτι
1217 1792 1258 1832 δὲ
1289 1789 1562 1846 χειροποίητός
1581 1792 1661 1833 ἔστι
1680 1815 1737 1822 -

1086 1845 1189 1900 αὐτή
1227 1849 1362 1901 δηλοῖ]
1420 1851 1563 1888 Contra
1601 1851 1736 1887 Strabo

1084 1907 1188 1943 XVII
1213 1921 1247 1957 p.
1272 1909 1378 1948 1163
1398 1912 1528 1945 natura
1545 1907 1667 1958 prodit
1684 1907 1737 1944 la-

1084 1977 1164 2000 cum
1205 1964 1373 2001 effectum
1410 1978 1508 2011 esse,
1553 1965 1617 2013 qui
1651 1963 1735 2001 olim

1082 2033 1162 2057 cum
1174 2020 1254 2070 ipso
1275 2022 1364 2057 mari
1383 2021 1490 2058 fuerit
1513 2021 1734 2057 coniunctus.

1082 2076 1132 2112 Et
1160 2089 1246 2113 sane
1274 2078 1484 2114 arctioribus
1514 2077 1643 2113 finibus
1666 2078 1735 2113 cir-

1082 2133 1355 2170 cumscribenda
1378 2133 1560 2170 Herodoti
1588 2138 1734 2171 senten-

1081 2190 1153 2235 tia,
1183 2202 1261 2225 cum
1284 2190 1319 2225 in
1341 2189 1419 2227 loco
1445 2194 1516 2226 tam
1537 2189 1644 2240 plano
1676 2194 1735 2226 at-

1081 2257 1153 2293 que
1199 2246 1381 2295 profundo
1439 2247 1509 2282 iam
1566 2246 1733 2295 primitus

1081 2313 1194 2349 aquas
1219 2302 1428 2339 subsedisse
1442 2302 1731 2340 verisimillimum

1085 2358 1130 2393 sit
1153 2371 1219 2394 nec
1242 2358 1434 2407 quisquam
1453 2359 1656 2395 universum
1680 2359 1732 2396 la-

1082 2427 1143 2450 cus
1179 2414 1319 2452 alveum
1346 2416 1457 2464 opera
1491 2415 1647 2452 humana
1679 2416 1732 2452 ef-

1080 2471 1216 2507 fossum
1248 2484 1327 2508 esse
1356 2471 1459 2509 facile
1485 2472 1551 2508 sibi
1582 2484 1731 2521 persua-

1081 2527 1192 2574 serit,
1223 2528 1283 2576 qui
1308 2556 1318 2573 ,
1360 2540 1432 2576 quo
1465 2532 1561 2565 terra
1596 2527 1729 2565 effossa

1080 2583 1204 2620 coniici
1235 2584 1422 2633 potuerit,
1469 2596 1587 2621 secum
1619 2597 1728 2633 repu-

1079 2640 1220 2676 taverit.
1260 2640 1382 2683 Quare
1403 2653 1445 2677 ea
1466 2644 1606 2677 tantum
1627 2652 1726 2689 pars,

1079 2700 1119 2731 ut
1142 2700 1265 2733 monet
1282 2696 1412 2733 Ritter.
1434 2696 1455 2732 l.
1476 2696 1497 2732 l.
1526 2709 1611 2746 pag.
1630 2697 1725 2742 800,

1080 2756 1159 2789 arte
1187 2753 1282 2790 facta
1311 2754 1477 2799 videtur,
1508 2765 1581 2801 qua
1607 2753 1726 2789 orien—

1078 2813 1151 2844 tem
1176 2821 1298 2846 versus
1324 2809 1609 2858 coniungebatur
1627 2807 1724 2844 lacus
