1877 3223
421 250 476 289 20
823 242 1290 282 HERODOTI

424 355 539 399 οὕτω
578 357 810 410 περιῆλθε,
859 351 991 396 ἐοῦσα
1021 351 1356 406 Ἡρακλειδέων,
1409 352 1452 402 ἐς
1487 352 1536 396 τὸ
1571 353 1695 408 γένος

399 432 470 479 2τὸ
499 433 716 487 Κροίσου,
747 431 1035 486 καλεομένους
1067 421 1115 474 δὲ’
1141 433 1420 488 Μερμνάδας.

1469 425 1551 474 ³Hv
1580 433 1694 475 Kav-

422 511 604 567 δαύλης,
641 509 718 553 τὸν
747 509 1009 565 οῑ“”Ἐλληνες
1038 510 1267 563 Μυρσίλον
1297 509 1587 565 ὀνομάζουσι,
1623 509 1694 554 τύ-

420 607 579 645 ραννος
610 590 837 644 Σαρδίων,
889 587 1106 644 ἀπόγονος
1146 588 1190 631 δὲ
1225 587 1422 632 Ἀλκαίου
1462 592 1541 631 τοῦ
1564 586 1696 644 Ἡρα-

398 668 556 720 3κλέος.
593 666 763 724 ’Ἀγρων
796 667 874 724 μὲν
911 666 995 723 γὰρ
1027 666 1049 710 ὁ
1080 668 1246 720 Νίνου,
1294 670 1374 709 τοῦ
1405 665 1574 722 Βήλου,
1615 668 1719 716 τοῦ5

418 747 614 791 Ἀλκαίου
625 780 638 799 ,

693 750 867 802 ’πρῶτος
917 744 1231 801 ἹΙρακλειδὲων
1282 743 1482 800 βασιλεύς
1531 743 1695 800 ἐγένετο

396 826 650 879 4Σαρδίων·
689 824 951 880 Κανδαύλης
997 825 1042 869 δὲ
1084 825 1107 868 ὁ
1146 824 1361 879 Μύρσου,
1406 823 1602 874 ὕστατος.
1654 823 1698 866 οἱ

421 904 467 948 δὲ
511 903 729 959 πρότερον
768 903 989 959 ’Ἄγρωνος
1040 903 1372 960 βασιλεύσαντες
1417 901 1574 958 ταύτης
1620 905 1697 958 τῆς

376 1086 639 1139 καλεομένους
681 1085 724 1127 δὲ
764 1083 1025 1140 Μερμνάδας,

379 1156 473 1192 quae
502 1144 549 1180 ad
573 1145 822 1182 antecedentia
844 1145 881 1191 ἐς
905 1141 947 1184 τὸ
966 1143 1024 1196 γε’-

375 1213 448 1245 νος
475 1201 679 1250 pertinent,
708 1205 829 1238 mente
859 1205 1025 1250 repeten-

375 1256 463 1292 dum
494 1254 544 1302 ἐς.
572 1255 626 1292 Ac
655 1260 845 1306 praeterea
870 1258 1027 1306 particu

375 1310 433 1348 lae
463 1307 505 1350 δὲ
531 1311 584 1348 vis
615 1311 887 1350 demonstrandi
912 1317 948 1350 et
965 1325 1025 1350 ex-

374 1366 533 1418 plicandi
561 1368 722 1404 notanda
750 1372 817 1406 est.
872 1368 931 1405 De
961 1382 1025 1406 πε-

376 1424 553 1473 ριελθεῖν
597 1422 749 1472 aliisque
804 1436 883 1460 cum
935 1423 1026 1474 περὶ

375 1478 584 1529 compositis
607 1479 726 1516 verbis
745 1479 811 1516 hac
839 1481 874 1516 in
893 1493 932 1518 re
952 1481 1025 1516 usi-

375 1535 461 1572 tatis
482 1536 526 1572 cf.
553 1535 647 1571 infra
677 1534 835 1582 I‚120.
866 1539 931 1577 96

432 1586 505 1629 τὸν
535 1591 577 1630 οἰ
606 1586 715 1629 ’Ἑλλ.
748 1593 1025 1643 Μυρσίλον

377 1640 491 1697 ὄνομ.
505 1644 520 1696 ]
565 1646 777 1699 Μυρσίλον
802 1661 869 1698 pro
906 1651 1022 1700 stIvQ-

377 1704 511 1750 σῖλον,
548 1706 589 1739 ut
615 1703 748 1752 vulgo,
788 1704 915 1754 scripsi
944 1718 1024 1742 cum

375 1758 593 1807 Schweigh.,
610 1758 727 1797 Gaisf.
749 1763 786 1797 et
808 1759 939 1798 Matth.
961 1761 1022 1797 Cf.

375 1813 507 1852 Athen.
530 1814 566 1852 X
591 1828 629 1865 p.
649 1814 742 1856 430.
773 1815 883 1853 Dion.
906 1816 1022 1854 Halic.

374 1870 425 1907 de
457 1883 619 1921 compos.
649 1871 774 1908 verbb.
803 1872 853 1908 ΙΙΙ
896 1887 933 1922 p.
969 1874 1023 1913 36

373 1924 519 1964 Schaef.
557 1926 634 1963 coll.
672 1926 797 1964 Plehn.
833 1927 1023 1965 Lesbiacc.

374 1992 412 2031 p.
434 1981 514 2022 205
537 1994 592 2030 sq.
615 1986 652 2020 et
673 1982 720 2019 de
739 1995 777 2020 re
794 1983 888 2019 Plin.
908 1984 956 2020 H.
974 1984 1023 2021 N.

373 2036 532 2084 XXXV,
553 2039 590 2077 8.
619 2036 673 2075 Ac
689 2038 911 2076 Graecorum
932 2052 1024 2088 quo-

372 2104 447 2142 que
492 2093 626 2129 fabulis
673 2094 778 2132 valde
821 2095 1022 2132 celebratus

375 2147 583 2213 Μυρτίλος
603 2148 716 2197 (male
733 2153 941 2202 Μυρτῖλος
961 2155 1024 2187 aut

375 2199 627 2255 Μύρτιλος),
658 2205 719 2254 qui
737 2206 896 2257 Pelopi
887 2220 925 2243 m
947 2219 1022 2244 cer-

372 2260 507 2297 tamine
528 2273 608 2298 cum
627 2261 818 2299 Oenomao
837 2275 945 2312 opem
965 2266 1022 2298 tu-

371 2315 458 2353 lisse
479 2316 614 2363 fertur,
644 2317 690 2354 de
708 2330 779 2366 quo
800 2317 866 2355 Cr.
898 2318 1021 2354 laudat

370 2370 512 2408 Nitsch.
533 2370 626 2408 Lex.
643 2373 788 2421 mythol.
808 2387 837 2411 s.
859 2387 891 2410 v.
921 2372 953 2409 ΙΙ
981 2385 1019 2422 p.

369 2428 454 2468 293
484 2440 540 2476 sq.
574 2428 630 2464 ed.
659 2428 787 2479 Klopf.
826 2433 862 2466 et
898 2428 1018 2465 Schol.

369 2481 489 2533 Apoll.
506 2482 628 2521 Rhod.
651 2485 699 2521 ad
718 2484 754 2531 l,
784 2485 878 2526 752.
901 2487 1018 2536 Μυρ-

366 2538 472 2585 τίλος
507 2536 655 2590 Ἑρμοῦ
695 2538 784 2586 υίὸς
824 2539 866 2578 ἐκ
898 2543 1016 2591 Μυρ-

363 2596 480 2642 τοῦς,
530 2597 624 2645 μιᾶς
665 2597 745 2634 τῶν
780 2591 1014 2646 Ἀμαζόνων.

362 2649 460 2687 Nam
489 2648 713 2688 Amazonum
741 2663 886 2701 quoque
906 2653 1016 2689 vesti-

360 2706 422 2754 gia
455 2707 633 2756 quaedam
673 2708 710 2744 in
738 2707 925 2756 Lydorum
955 2721 1012 2745 re-

360 2762 427 2798 bus
449 2763 616 2809 inveniri,
647 2764 755 2813 inque
777 2765 894 2801 numis
916 2765 1009 2802 adeo

356 2830 534 2867 apparere
554 2818 654 2857 Idem
672 2821 810 2857 monuit
821 2821 1006 2869 Fragnun.

1093 1085 1126 1123 L
1131 1086 1351 1124 esbiacarum
1398 1085 1610 1137 scriptorem
1657 1097 1743 1136 pro·-

1094 1144 1165 1180 sert
1183 1142 1307 1179 Plehn.
1336 1142 1358 1178 l.
1376 1140 1399 1178 l.

1139 1195 1252 1250 Αγρ
1265 1212 1326 1236 ων
1356 1195 1426 1248 μὲν
1457 1211 1531 1248 γαρ
1553 1194 1576 1235 o‘
1598 1195 1742 1245 Νίνου,

1092 1256 1165 1293 τοῦ
1222 1251 1377 1305 Βηλου,
1431 1255 1504 1292 τοῦ
1549 1248 1742 1300 Ἀλκαίου,

1095 1313 1251 1361 πρῶτος
1279 1325 1314 1348 κ.
1343 1324 1374 1347 τ.
1405 1308 1462 1358 λ.]
1521 1308 1562 1345 In
1592 1309 1743 1346 lectione

1084 1364 1241 1418 ’Ἄγρων
1269 1366 1537 1402 subsistendum
1566 1365 1741 1411 duximus,

1091 1427 1130 1459 ut
1161 1422 1295 1458 dudum
1326 1421 1507 1471 placuerat
1541 1421 1743 1458 u'esselin-

1093 1478 1153 1527 gio
1175 1479 1220 1515 de
1240 1478 1306 1514 hac
1327 1477 1542 1526 genealogia
1561 1478 1742 1526 quaedam

1091 1534 1241 1571 notanti.
1264 1534 1438 1571 Niebuhr.
1457 1538 1578 1570 autem
1597 1534 1635 1570 in
1653 1533 1741 1570 scri-

1091 1591 1216 1641 ptione
1253 1602 1362 1640 super
1403 1590 1537 1626 Euseb.
1571 1590 1741 1627 Chronic.

1091 1646 1237 1684 Arinen.
1252 1647 1506 1684 Commentatt.
1521 1646 1643 1683 societ.
1663 1658 1739 1694 reg.

1090 1702 1212 1740 Berol.
1237 1715 1320 1739 anu.
1353 1704 1459 1743 1820
1482 1706 1519 1739 et
1548 1704 1654 1744 1821
1683 1703 1740 1738 in-

1092 1763 1189 1795 serta
1209 1771 1294 1808 pag.
1315 1758 1368 1799 48
1402 1771 1457 1807 sq.
1488 1770 1531 1796 ex
1556 1758 1654 1795 hisce
1674 1770 1740 1806 ge-

1090 1814 1267 1863 nealogiis
1287 1815 1356 1852 hoc
1377 1813 1495 1862 colligi
1524 1813 1620 1860 vult,
1647 1813 1741 1851 hanc

1091 1871 1239 1920 stirpem
1269 1870 1455 1919 Lydorum
1493 1870 1631 1918 regiam
1663 1870 1739 1907 sive

1092 1927 1295 1974 dynastiam
1322 1939 1365 1964 ex
1385 1925 1535 1974 AssyTia
1564 1938 1643 1963 cum
1662 1937 1739 1963 ma-

1092 1983 1186 2019 xime
1233 1982 1472 2032 repetendam
1520 1995 1624 2030 esse,
1663 1982 1738 2031 (cf.

1090 2042 1181 2074 nott.
1199 2039 1248 2075 ad
1270 2038 1308 2085 1,
1339 2038 1365 2079 4
1385 2037 1467 2087 fin.)
1494 2050 1574 2075 cum
1601 2037 1660 2076 alii
1681 2049 1739 2085 ee,

1090 2095 1190 2142 quod
1209 2094 1403 2131 Herculem
1425 2094 1577 2130 abavum
1606 2093 1740 2132 habeat

1089 2149 1180 2186 haec
1216 2150 1347 2198 stirpS,
1401 2149 1582 2186 Graecam
1621 2150 1737 2187 fuisse

1088 2205 1263 2255 ipsosque
1283 2204 1410 2252 Lydos
1430 2204 1514 2242 inde
1531 2217 1599 2254 pro
1619 2205 1737 2243 Grae-

1089 2260 1138 2297 cis
1159 2259 1347 2296 habendos
1369 2272 1450 2297 esse
1471 2265 1644 2298 statuant.
1675 2261 1736 2299 Tu

1087 2316 1160 2351 vid.
1185 2316 1330 2352 omnino
1349 2317 1395 2353 de
1416 2315 1601 2364 Lydorum
1619 2329 1735 2366 regno

1086 2371 1307 2420 regibusque
1355 2371 1467 2409 Beck.
1503 2373 1539 2409 in
1578 2372 1733 2423 Allgem.

1088 2426 1312 2475 Weltgesch.
1344 2427 1361 2464 I
1394 2441 1432 2478 p.
1469 2429 1550 2470 309
1584 2443 1633 2467 SS.
1667 2429 1734 2466 Cr.

1084 2483 1205 2519 addit:
1235 2482 1351 2519 Lanzi
1370 2484 1406 2519 in
1437 2484 1552 2533 Sagg.
1581 2486 1618 2522 di
1647 2485 1734 2535 ling.

1082 2537 1223 2576 Etrusc.
1253 2539 1287 2576 ll
1318 2552 1355 2589 p.
1385 2539 1436 2580 51
1475 2541 1540 2591 (p.
1570 2540 1625 2583 42
1653 2541 1733 2580 coll.

1081 2596 1135 2636 82
1158 2596 1214 2632 ed.
1235 2596 1339 2644 sec..)

1138 2651 1180 2689 οἱ
1217 2649 1259 2690 δὲ
1306 2646 1524 2709 πρότερον
1525 2649 1732 2721 ’Ἄγρωνος

1078 2704 1381 2757 βασιλεύσαντες
1408 2730 1465 2736 -
1494 2703 1601 2760 ἦσαν
1634 2705 1730 2750 α’πό-

1077 2777 1189 2813 γονοι
1208 2762 1349 2804 Λύδου
1369 2780 1405 2804 κ.
1425 2779 1456 2804 τ.
1475 2765 1523 2816 λ.]
1547 2766 1638 2803 Cum
1650 2765 1729 2804 He-

1075 2821 1163 2857 rod(
1167 2825 1203 2858 to
1241 2822 1420 2860 consentit
1459 2822 1728 2872 antiquissimus

354 2872 465 2911 Histt.
496 2888 533 2925 p.
560 2878 655 2917 202.
677 2873 867 2925 Myr-cilum
887 2889 1006 2915 rerum
1072 2874 1291 2923 Lydicarum
1314 2890 1433 2916 rerum
1452 2879 1608 2928 scriptor
1625 2878 1726 2916 Xan-
