1909 3228
432 245 707 285 EXCURSUS
737 244 785 283 IV
814 243 882 282 AD
912 243 1179 282 HERODOT.
1208 244 1263 292 11,
1293 243 1331 284 5.
1552 246 1630 284 901

565 679 1066 729 EXCURSUS
1120 681 1189 728 1v

357 796 481 836 AD
579 795 1406 842 HERoDo'1¹.11‚5.

205 1008 272 1052 ὅτι
312 1009 532 1064 Αἴγυπτος
562 1034 615 1038 -
645 1007 732 1050 ἔστι
771 1008 1047 1062 Αἰγυπτίοισι
1095 1004 1318 1062 ἐπίκτητός
1366 1021 1410 1048 τε
1457 1007 1512 1062 γῆ
1560 1006 1633 1049 καὶ

289 1078 436 1131 δῶρον
463 1078 543 1118 τοῦ
573 1077 786 1130 ποταμοῦ.

230 1169 354 1207 Potuit
385 1170 453 1207 hoc
483 1170 628 1206 fluxisse
659 1181 702 1206 ex
730 1168 907 1206 Hecataei
930 1167 1062 1205 Milesii
1091 1166 1182 1203 libro
1214 1167 1261 1204 de
1291 1166 1398 1204 rebus
1427 1164 1632 1216 Aegyptiis,

119 1250 163 1275 ex
181 1250 254 1287 quo
276 1238 506 1275 Herodotum
527 1237 624 1273 haud
643 1250 758 1287 pauca
775 1236 1062 1285 transscripsisse
1088 1235 1199 1271 refert
1220 1233 1396 1284 Porphyr.
1418 1247 1477 1284 ap.
1497 1234 1630 1270 Euseb.

117 1310 324 1356 praeparat.
349 1319 403 1343 ev.
436 1305 470 1341 X
499 1318 534 1354 p.
555 1304 658 1351 466,
678 1305 722 1340 Β.
781 1303 839 1340 Ad
860 1304 979 1352 quod,
1010 1307 1181 1340 monente
1205 1303 1374 1339 Crcuzer.
1397 1303 1432 1339 in
1462 1304 1631 1351 fragmm.

117 1373 199 1409 hist.
219 1387 254 1423 p.
277 1377 329 1415 29
349 1387 445 1422 seq„
475 1373 562 1408 facit
584 1372 725 1408 Arriani
752 1372 997 1409 testimonium
1025 1371 1100 1418 (de
1129 1371 1259 1419 exped.
1286 1369 1480 1407 Alexandr.
1501 1370 1552 1416 V,
1572 1370 1631 1417 6),

117 1440 163 1476 ab
184 1439 375 1477 Hecataeo
396 1446 506 1488 atque
527 1440 718 1476 Herodoto
736 1439 946 1488 Aegyptum
971 1438 1153 1489 perhiberi
1176 1437 1249 1474 Nili
1269 1438 1404 1474 donum
1433 1437 1631 1474 scribentis.

118 1506 197 1543 Nec
221 1508 337 1543 minus
368 1507 437 1544 huc
464 1508 650 1556 pertinent
684 1508 875 1543 Strabonis
901 1507 1013 1544 verba
1042 1505 1111 1541 XII
1140 1518 1226 1554 pag.
1246 1506 1349 1552 810,
1380 1505 1410 1541 C
1441 1519 1469 1541 s.
1491 1518 1528 1554 p.
1550 1504 1632 1545 536

117 1574 214 1621 (coll.
235 1575 250 1611 Ι
271 1588 306 1624 p.
327 1576 402 1619 61,
420 1575 462 1610 B.
493 1589 528 1624 p.
550 1577 604 1616 36
638 1578 675 1611 et
701 1575 776 1620 53,
796 1575 840 1612 B.
880 1588 916 1624 p.
940 1575 1034 1620 30):
1065 1567 1233 1610 -ἇίστε
1265 1567 1429 1619 εἰκότως
1457 1568 1537 1610 ’ὑπὸ
1562 1573 1634 1609 τοῦ

112 1638 329 1693 Ἡροδότου
368 1641 434 1680 καὶ
468 1640 542 1693 τήν
581 1638 679 1692 ὅλην
709 1642 915 1694 Αἴγυπτον
948 1643 1021 1680 τοῦ
1050 1642 1236 1690 ποταμοῦ
1267 1640 1397 1691 δῶρον
1424 1637 1631 1691 λέγεσθαι·

114 1706 190 1749 κᾶν
210 1711 245 1749 εἰ
264 1708 319 1760 μή
341 1708 414 1760 τήν
441 1706 555 1760 ὅλην,
586 1706 661 1760 τήν
685 1724 728 1762 γε
753 1707 834 1748 ’ὑπό
855 1712 910 1763 τῷ
932 1708 1077 1755 Δέλτα,
1107 1705 1181 1758 τήν
1202 1703 1309 1746 κάτω
1329 1703 1465 1759 χώραν
1484 1718 1633 1759 προσα-

115 1777 396 1830 γορευομένην.
465 1778 690 1821 Quibuscum
718 1779 844 1814 confer
872 1777 1061 1814 Heliodor.
1089 1774 1286 1825 Aethiopp.
1307 1775 1383 1822 IX,
1409 1778 1464 1816 22
1491 1788 1526 1824 p.
1548 1776 1630 1815 381

115 1847 172 1884 ed.
196 1846 335 1882 Corais.
377 1845 496 1893 Atque
517 1850 662 1894 praeter
682 1846 746 1881 hos
768 1846 962 1895 scriptores
989 1843 1138 1890 allatos,
1168 1842 1353 1880 Diodorus
1374 1843 1411 1888 I,
1429 1841 1494 1883 34.
1522 1842 1584 1889 ΙΙΙ,
1604 1843 1631 1882 3

115 1913 196 1961 (ubi
215 1914 285 1949 vid.
308 1913 570 1961 wesseling),
601 1912 811 1949 Aristoteles
843 1916 992 1949 meteor.
1023 1911 1061 1958 I,
1088 1910 1159 1958 14,
1189 1910 1272 1958 alii,
1301 1911 1508 1947 inferiorem
1536 1912 1632 1945 certe

113 1980 324 2030 Aegyptum
343 1980 417 2017 Nili
444 1981 580 2016 donum
607 1994 687 2017 esse
717 1980 943 2017 contendunt
969 1980 1065 2016 haud
1084 1981 1160 2017 sere
1183 1979 1285 2016 aliter
1301 1982 1411 2026 atque
1429 1975 1633 2026 Aegyptio-

117 2061 194 2085 rum
218 2049 424 2085 sacerdotes
454 2048 645 2085 Herodoto
674 2052 908 2085 narraverant
936 2052 974 2084 et
996 2048 1094 2085 hicce
1122 2048 1201 2097 ipse
1230 2047 1297 2083 sibi
1327 2047 1559 2096 persuaserat
1584 2043 1632 2080 de

117 2116 276 2153 inferiori
299 2115 470 2166 Aegypto
490 2129 533 2153 ex
555 2116 707 2152 advecto
729 2116 827 2152 fluvii
856 2116 939 2151 linio
970 2116 1061 2152 ort-21.
1120 2114 1260 2152 Nostra
1288 2117 1410 2151 aetate
1439 2112 1537 2149 haud
1566 2111 1631 2148 de-

117 2185 235 2230 fuere,
265 2185 327 2232 qui
353 2183 446 2220 hanc
469 2184 685 2220 sententiam
711 2184 930 2233 probarent,
961 2183 1096 2219 laudati
1124 2196 1145 2219 a
1174 2182 1444 2219 Schlichthorst.
1475 2182 1511 2217 in
1542 2193 1632 2229 geo-

116 2251 244 2301 graph.
266 2250 375 2288 Afric.
393 2251 534 2288 Herod.
557 2264 592 2300 p.
613 2252 688 2298 23,
720 2252 850 2300 quibus
871 2252 966 2288 adde
991 2251 1038 2288 sis
1068 2251 1180 2287 Beck.
1203 2250 1347 2298 allgem.
1370 2247 1592 2296 lVeltgesch.
1615 2246 1630 2283 l

117 2333 153 2369 p.
174 2320 267 2359 268.
304 2319 415 2356 Unde
437 2319 709 2368 quodammodo
731 2323 903 2356 monente
923 2319 1092 2356 Creuzer.
1111 2318 1132 2355 l.
1154 2318 1198 2365 l.,
1229 2316 1474 2365 dis-iungenda
1492 2314 1630 2365 Ephori

117 2387 318 2431 sententia,
356 2387 417 2435 qui
454 2386 602 2435 quidem
628 2399 702 2423 non
735 2387 891 2435 aliquam
918 2386 1078 2437 Aegypti
1106 2390 1247 2436 partem
1265 2414 1276 2432 ,
1316 2389 1355 2421 ut
1383 2383 1527 2432 reliqui,
1565 2383 1631 2420 sed

117 2457 227 2490 totam
250 2453 457 2504 Aegyptum
482 2467 561 2491 esse
591 2450 900 2504 ποταμόχωστον
918 2455 1175 2501 contenderat,
1206 2466 1252 2490 ne
1270 2451 1461 2489 Thebaide
1483 2451 1630 2500 quidem

118 2526 289 2571 excepta,
329 2535 436 2569 quam
466 2523 594 2571 reliqui
622 2523 786 2572 primitus
826 2526 960 2559 terram
995 2522 1240 2558 continentem
1265 2520 1490 2568 solidamque
1519 2519 1630 2556 fuisse

118 2590 388 2626 arbitrabantur
419 2590 504 2637 (sed
524 2591 617 2625 conf.
632 2589 763 2626 CreuZ.
782 2593 872 2625 nott.
897 2590 944 2625 ad
967 2589 1010 2634 ll,
1032 2588 1057 2628 4
1079 2588 1181 2635 fin.);
1212 2587 1284 2623 vid.
1304 2587 1442 2637 Ephori
1462 2588 1629 2635 sragmm.

119 2669 203 2707 pag.
222 2656 314 2698 214.
335 2659 414 2697 216
437 2657 495 2692 ed.
516 2655 632 2692 Marx.
692 2655 743 2692 Ac
768 2657 869 2703 licet,
900 2660 939 2693 nt
960 2656 1068 2692 modo
1096 2655 1270 2701 diximus,
1300 2654 1489 2692 recentiori
1509 2657 1628 2691 aetate

119 2725 320 2761 exstiterint
338 2725 403 2760 viri
424 2724 520 2759 docti
550 2724 601 2769 (v.
629 2737 658 2759 e.
680 2723 813 2769 Shaw,
839 2723 938 2769 alii),
971 2724 1032 2771 qui
1054 2722 1235 2759 Herodoti
1261 2725 1298 2758 et
1325 2722 1544 2770 reliquorum
1567 2733 1628 2758 ve-

120 2796 237 2829 terum
257 2792 469 2841 scriptorum
488 2792 656 2827 iudicium
676 2792 765 2827 tueri
785 2791 991 2835 studerent3
1025 2789 1085 2825 alii
1104 2790 1226 2834 fuere,
1249 2789 1405 2836 quicum
1427 2787 1628 2838 Aegyptia-

120 2872 184 2897 cae
212 2863 329 2898 terrae
358 2858 473 2896 solum
499 2871 594 2896 nunc
613 2871 687 2895 non
708 2858 835 2896 elatius
858 2858 902 2894 sit
931 2870 1039 2906 quam
1062 2856 1240 2893 Herodoti
1261 2860 1401 2904 aetate,
1432 2856 1526 2892 hunc
1544 2854 1628 2891 scri-
