1909 3228
455 246 540 288 456

848 239 1321 280 HERODOTI

458 354 593 409 ρέων·
638 347 767 404 εὖρος
796 350 862 401 δὲ,
912 353 966 407 τῇ
996 347 1211 406 εὐρυτάτη
1250 348 1337 392 ἐστὶ
1376 347 1484 405 αὕτη
1526 348 1708 406 ἑωυτῆς,

429 431 574 476 Ωόκτώ
604 428 807 485 ἡμερέων.
867 429 955 471 Καὶ
978 426 1030 471 τοὶ
1071 428 1150 483 μὲν
1178 426 1292 483 πρός
1319 426 1399 483 τὴν
1426 426 1608 484 ἕσπέρην
1639 427 1711 482 φέ·

458 525 590 564 ροντα
617 510 693 562 τῆς
727 505 950 563 θαλάσσης
988 505 1147 563 ταύτης
1187 506 1210 551 ὁ
1251 503 1486 557 Καύκασος
1513 507 1711 561 παρατεί-

457 603 543 640 νει,
573 584 655 630 ἐών
684 584 852 641 οὐρέων
879 586 953 630 καὶ
981 584 1142 643 πλήθεϊ
1166 585 1391 642 μέγιστον,
1430 584 1505 629 καὶ
1531 583 1714 642 μεγάθεϊ

404 805 472 843 lius
516 805 553 842 in
604 803 816 855 Geograph.
867 803 1049 842 Herodot.

403 874 490 914 pag.
521 861 601 903 459
631 874 708 910 seq.
741 861 799 898 ed.
822 873 965 899 vernae.
994 862 1052 898 ni-

403 918 493 957 mias
521 930 709 955 mensuras
737 930 819 955 esse
854 918 1052 965 contendit,

404 987 558 1023 eumque
580 986 760 1021 errorem,
781 974 828 1010 ad
846 978 972 1011 nostra
992 987 1053 1010 us-

404 1043 477 1081 que
491 1035 656 1080 tempora
676 1035 939 1080 propagatum,
968 1030 1055 1067 inde

405 1087 572 1133 finxisse,
602 1087 701 1136 quod
718 1085 854 1134 laeum,
884 1087 939 1124 cui
958 1099 1055 1123 nunc

404 1143 494 1181 Aral
522 1155 678 1190 nomen,
714 1142 950 1193 probabiliter
982 1143 1057 1179 Ca-

406 1199 475 1250 spii
487 1200 594 1236 maris
611 1202 752 1249 partem
771 1199 908 1249 opinati
923 1202 1054 1236 essent.

404 1255 689 1304 Longitudinem
717 1255 843 1305 Caspii
876 1256 985 1292 maris
1013 1267 1058 1292 ex

405 1311 587 1349 Herodoti
616 1315 738 1349 mente
765 1325 845 1349 esse
869 1312 949 1353 150
976 1310 1057 1348 mil-

408 1367 547 1405 liarium
583 1367 931 1417 geographicorum,
976 1367 1058 1404 lati-

406 1424 568 1461 tudinem
611 1423 798 1471 octoginta
834 1424 1059 1469 milliarium3

407 1492 488 1517 cum
506 1492 639 1517 revera
655 1478 845 1527 longitudo
861 1481 960 1516 istius
980 1492 1058 1516 ma-

407 1535 456 1572 ris
488 1536 533 1572 sit
555 1539 696 1572 centum
719 1536 907 1585 sexaginta
930 1535 1058 1572 millia-

408 1591 523 1639 rium,
551 1590 702 1628 latitudo
718 1591 755 1627 in
786 1591 1057 1642 septentrionali

408 1651 514 1698 parte
544 1647 690 1696 triginta
713 1647 864 1684 duorum
891 1652 928 1685 et
951 1648 1056 1684 unius

409 1703 605 1750 dimidiati,
634 1704 672 1740 in
693 1704 916 1741 meridionali
930 1703 1057 1752 viginti

410 1763 562 1808 quatuor
579 1759 790 1796 milliarium.
817 1758 914 1797 Add.
935 1760 1059 1796 Szabo

409 1814 591 1865 Descript.
618 1815 746 1865 imper.
777 1815 910 1853 Persic.
933 1829 970 1866 p.
991 1815 1057 1856 53.

410 1870 488 1908 Sed
506 1883 593 1908 cave
612 1870 842 1909 Herodotum
864 1872 982 1922 ipsum
1003 1884 1060 1909 er-

409 1927 503 1964 roris
522 1927 684 1972 incuses3
714 1940 820 1976 quem
836 1929 972 1978 optime
989 1928 1061 1964 tui-

410 1986 468 2020 tus
521 1987 577 2020 est
614 1983 763 2021 Dureau
808 1984 856 2021 de
896 1983 1061 2022 Lamalle

410 2039 449 2076 in
478 2038 715 2090 Geographie
741 2039 921 2090 physique
948 2041 995 2078 de
1025 2039 1059 2077 la

411 2108 489 2133 mer
515 2097 618 2133 noire
654 2100 721 2133 etc.
761 2096 894 2145 (Paris
923 2097 1058 2145 1807)

412 2151 515 2202 chap.
531 2151 672 2188 XXVII
699 2164 784 2203 pag.
808 2152 952 2193 184-
965 2152 1058 2194 195.

412 2207 481 2244 Vix
501 2208 596 2246 enim
614 2208 760 2245 dubium
773 2221 854 2247 esse
874 2221 1059 2246 common-

413 2267 522 2312 strat,
551 2265 696 2302 deserta
724 2264 794 2302 ista
815 2269 925 2314 atque
943 2264 1061 2315 plani-

412 2319 480 2357 ties
501 2332 695 2367 arenosas,
727 2333 820 2370 quae
839 2334 934 2358 nunc
949 2321 1062 2358 inter-

413 2379 498 2413 sunt
524 2377 618 2414 inter
635 2376 808 2427 Caspium
827 2390 926 2414 mare
955 2381 991 2414 et
1008 2377 1061 2414 la-

413 2444 494 2469 cum
518 2432 627 2480 Aral,
656 2446 826 2482 magnam
846 2438 985 2483 partem
1012 2433 1061 2470 ad

412 2487 510 2524 istud
535 2489 653 2540 ipsum
691 2502 792 2528 mare
833 2490 915 2526 olim
949 2489 1062 2540 perti-

413 2543 536 2582 nuisse
547 2574 558 2593 ,
586 2549 789 2595 temporum
806 2558 892 2584 vero
908 2546 1060 2583 decursu

413 2601 509 2637 terra
520 2611 628 2650 atque
644 2603 754 2639 arena
772 2601 890 2639 fluviis
909 2602 1060 2639 advecta

419 2667 497 2692 cum
515 2657 652 2706 reliqua
674 2659 771 2695 terra
795 2658 990 2695 continenti
1009 2659 1060 2694 ita

416 2711 527 2748 fuisse
549 2714 768 2761 coniunctas,
790 2718 830 2750 ut
848 2727 931 2750 mox
949 2714 1059 2750 maris

417 2767 535 2804 undae
555 2769 697 2818 penitus
716 2771 942 2808 recesserint.
978 2769 1061 2806 Ma-

417 2832 508 2867 gnas
522 2825 667 2860 omnino
685 2825 754 2862 illic
765 2827 1059 2863 commutationes

417 2876 453 2914 in
474 2879 660 2917 fluviorum
680 2893 783 2918 eursu
794 2882 977 2933 ipsiusque
987 2888 1059 2920 ter-

1118 817 1181 843 rae
1202 803 1418 842 continentis
1430 802 1551 841 indole
1563 806 1673 853 atque
1684 815 1771 840 con-

1119 862 1257 899 ditione
1287 861 1460 898 accidisse
1488 872 1606 898 rerum
1625 863 1772 897 natura-

1117 917 1202 955 lium
1251 917 1382 954 curiosi
1426 917 1618 954 affirmant.
1677 915 1770 953 Vide

1120 987 1215 1023 quae
1234 973 1341 1010 affert
1358 973 1484 1010 Gallus
1506 974 1632 1009 doctus
1658 971 1713 1009 1.l.
1734 976 1771 1009 et

1120 1030 1347 1080 potissimum
1381 1042 1476 1078 quae
1501 1029 1651 1077 egregia
1680 1028 1772 1065 hane

1121 1086 1159 1123 in
1183 1099 1256 1123 rem
1269 1086 1431 1135 disputat
1448 1085 1609 1122 Ritterus
1630 1085 1666 1120 in
1677 1083 1774 1120 Erd-

1122 1143 1246 1179 kunde
1268 1142 1299 1178 ll
1320 1155 1356 1192 p.
1374 1141 1467 1183 648.
1501 1142 1656 1191 Semper
1678 1140 1773 1177 enim

1123 1199 1193 1236 illic
1226 1202 1347 1235 terrae
1382 1198 1607 1247 superficiem
1643 1195 1775 1233 mutari

1123 1256 1337 1301 observant,
1393 1254 1504 1303 idque
1546 1253 1775 1304 potissimum

1123 1311 1295 1360 cognosci
1327 1311 1364 1347 in
1397 1314 1495 1348 terra
1524 1322 1619 1359 quae
1655 1308 1775 1358 magis

1124 1368 1315 1416 magisque
1336 1367 1399 1403 fiat
1420 1367 1512 1404 sicca
1527 1371 1562 1404 et
1586 1366 1690 1412 dura,
1709 1366 1776 1403 de-

1125 1428 1310 1461 crescente
1333 1435 1507 1471 aquarum
1537 1422 1669 1472 copia3
1700 1433 1774 1470 quo

1126 1480 1222 1527 fieri,
1237 1483 1276 1515 ut
1297 1479 1333 1515 in
1353 1479 1432 1515 dies
1454 1478 1551 1515 lacus
1572 1477 1775 1514 diminuan-

1124 1541 1204 1582 tur,
1235 1534 1390 1585 paludes
1426 1546 1468 1571 ac
1497 1539 1627 1582 stagna
1658 1534 1773 1571 exsic-

1125 1595 1268 1639 centur,
1300 1590 1491 1639 solumque
1509 1590 1573 1627 fiat
1592 1590 1715 1627 durius
1732 1602 1775 1627 ac

1123 1648 1273 1686 firmius.
1331 1647 1440 1683 Cons.
1466 1647 1572 1684 etiam
1600 1645 1776 1696 Kephali-

1125 1703 1230 1742 desl.
1250 1703 1273 1740 l.
1295 1715 1381 1753 pag
1407 1703 1486 1743 158
1504 1715 1607 1752 seqq
1624 1705 1717 1743 219

1181 1761 1234 1813 τῇ
1251 1754 1442 1810 εὐρυτάτη
1461 1757 1541 1797 ἐστὶ
1561 1753 1663 1809 αὐτη
1682 1755 1778 1796 §tov-

1125 1814 1219 1866 τῆς]
1268 1815 1327 1853 De
1356 1814 1537 1853 locutione
1566 1815 1638 1851 vid.
1669 1815 1717 1851 ad
1747 1813 1777 1861 I,

1129 1873 1222 1914 193.
1251 1893 1307 1899 --
1337 1871 1444 1914 Quae
1473 1875 1674 1921 sequuntur
1696 1883 1778 1908 ver-

1126 1928 1175 1965 ba
1194 1927 1244 1965 sic
1260 1927 1421 1976 intellige
1433 1956 1444 1974 ,
1473 1931 1513 1965 ut
1530 1927 1576 1964 ab
1592 1926 1779 1965 occidente

1127 1997 1232 2022 mons
1284 1984 1469 2021 Caucasus
1517 1984 1779 2035 praetendatur

1126 2039 1222 2078 Mari
1242 2040 1380 2091 Caspio
1394 2070 1405 2088 ,
1435 2040 1509 2079 sive
1530 2045 1570 2077 ut
1589 2039 1776 2088 Schweig-

1125 2096 1321 2134 haeuserus
1333 2097 1529 2147 expressit:
1550 2098 1584 2133 ei
1594 2097 1696 2146 parti
1709 2095 1776 2132 lm-

1125 2156 1182 2190 z'us
1211 2154 1342 2200 maris,
1382 2165 1470 2203 quae
1495 2152 1544 2189 acl
1570 2151 1777 2189 occidentem

1125 2213 1283 2259 spectat,
1302 2209 1482 2247 Caucasus
1501 2220 1596 2246 mons
1612 2211 1777 2260 praeten-

1127 2265 1237 2303 ditur.

1185 2318 1262 2361 ἔων
1280 2315 1432 2374 οὐρέων
1449 2319 1517 2361 καὶ
1537 2317 1690 2372 πλήθεϊ
1711 2318 1777 2373 μὲ-

1127 2389 1283 2430 γιστον,
1301 2377 1368 2416 καὶ
1385 2374 1559 2431 ιιεγαθεϊ
1575 2374 1779 2428 ὑψηλότα-

1127 2437 1222 2480 τον]
1265 2430 1432 2486 οὐρέων
1467 2448 1546 2473 cum
1575 2434 1777 2484 Schweigh.

1128 2495 1166 2529 et
1191 2491 1310 2528 Gaisf.
1338 2491 1504 2528 dedimus
1538 2504 1605 2542 pro
1629 2490 1778 2540 vulgato

1128 2541 1271 2599 ορέων.
1327 2546 1386 2584 Ad
1421 2551 1675 2597 argumentum
1709 2546 1779 2583 loci

1128 2607 1215 2653 apte
1241 2608 1454 2654 comparant
1480 2602 1711 2641 Aristotelem
1739 2603 1777 2639 in

1127 2658 1318 2697 Meteorol.
1340 2659 1378 2707 Ι,
1397 2661 1470 2701 13·
1503 2674 1524 2699 ο
1545 2656 1588 2699 δὲ
1606 2655 1778 2698 Καύκα-

1129 2727 1198 2761 σος
1229 2714 1415 2781 μέγιστον
1440 2712 1535 2767 ὅρος
1551 2737 1608 2744 —-
1628 2735 1684 2744 —
1709 2712 1776 2754 καὶ

1127 2769 1278 2822 πληθει
1302 2770 1369 2810 καὶ
1388 2767 1487 2822 ὕψει
1506 2776 1542 2810 et
1560 2770 1668 2823 paulo
1678 2774 1777 2835 post:

1127 2829 1202 2867 τοῦ
1218 2825 1260 2866 δὲ
1280 2823 1469 2878 πλήθους
1489 2821 1739 2879 (σημεῖον)”
1715 2839 1776 2864 οτι

1127 2879 1276 2932 πολλὰς
1297 2882 1373 2936 ἔχει
1390 2882 1518 2936 ἕδρας,
1529 2881 1574 2924 ἓν
1591 2877 1655 2930 αἷς
1671 2879 1774 2931 ἔθνη
