1909 3228
661 180 872 220 CLIO.
932 181 958 219 1.
1358 183 1442 223 3023

179 291 285 348 μετὰ
315 291 384 344 δὲ,
440 289 598 334 ὥπλισε
637 289 740 342 τούς
775 289 1123 347 ὑπολειφθέντας
1152 293 1241 334 τῶν
1273 288 1443 348 Μήδων

151 371 231 414 3ἐν
259 374 318 429 τῷ
350 370 491 413 ἄστεϊ.
523 369 652 421 νέους
679 386 724 413 τε
753 371 826 414 καὶ
855 368 1100 426 πρεσβύτας
1129 369 1304 424 ἄνδρας.
1350 369 1440 422 ἐξα-

180 449 329 506 γαγών
359 451 404 493 δὲ
432 450 639 501 τούτους,
693 451 763 493 καὶ
805 449 1042 506 συμβαλών
1081 454 1194 492 τοῖσι
1231 450 1439 507 Πέρσῃσι,

180 529 378 585 ἑσσώθη·

57 612 157 658 129
182 608 287 660 τούς
317 608 492 665 ἐξήγαγε
532 613 619 651 τῶν
660 609 828 664 ,Μήδων
866 606 1061 664 ἀπέβαλε.
1119 607 1255 652 Ἐόντι
1295 609 1342 652 δὲ
1379 610 1439 652 αἱ·

441 529 512 573 καὶ
559 527 691 580 αὐτός
727 546 772 573 τε
805 529 1037 585 Ἀστυάγης
1077 527 1324 585 ἐζωγρήθη,
1371 529 1445 573 καὶ

1497 610 1640 651 Har-pago
1681 609 1775 637 insula

1496 648 1570 670 tanti
1600 644 1670 678 quid
1691 646 1775 679 Asty·

1494 685 1567 712 ages
1579 679 1713 712 raptivus
1728 686 1775 705 re-

1495 711 1661 747 sponderit.

178 689 386 745 χμαλώτῳ
417 692 477 744 τῷ
514 687 736 742 Ἀστυάγεϊ
767 687 958 741 προστὰς
990 686 1012 730 ὁ
1040 688 1279 743 ΓἍρπαγος,
1321 687 1438 731 κατέ-

179 767 300 824 χαιρέ
329 783 373 810 τε
402 768 476 810 καὶ
504 764 830 820 κατεκερτόμεε,
869 766 942 808 καὶ
978 765 1087 809 ἄλλα
1115 768 1253 822 λέγων
1297 768 1338 818 ἐς
1369 766 1499 812 avj-90

180 846 258 890 τὸν
286 846 512 902 θυμαλγέα
541 845 664 897 ἔπεα,
695 845 768 888 καὶ
799 844 850 900 δὴ
881 845 954 888 καὶ
974 843 1110 900 εἴρετό
1131 863 1227 901 μιν,
1257 846 1366 901 πρὸς
1390 846 1438 891 τὸ

175 925 347 969 ἑωυτοῦ
375 927 574 977 δεῖπνον,
623 924 670 968 τό
701 941 776 979 μιν
807 925 970 976 ἐκεῖνος
1001 925 1125 979 σαρξὶ
1168 929 1249 969 τοῦ
1279 926 1437 978 παιδὸς

177 1004 389 1058 ἓθοίνισε,
439 1006 497 1058 ,,ὃ’
523 1023 564 1050 τι
595 1006 658 1061 εἴη
689 1004 715 1060 ἡ
745 1003 915 1049 ἐκείνου
955 1003 1202 1062 δουλοσύνη
1238 1004 1335 1050 οέντὶ
1364 1009 1441 1064 τῆς

122 1215 176 1239 eos
201 1215 217 1239 e
234 1201 318 1252 palo
337 1201 524 1251 suspendit.
585 1203 697 1246 Quod
717 1202 775 1240 hic
842 1214 1000 1248 coenam,
1040 1201 1082 1239 cle
1124 1201 1191 1239 illa
1225 1204 1337 1252 ipsius
1376 1204 1494 1241 coemi.

120 1258 315 1296 Medorum
360 1260 513 1296 occurrit
548 1260 774 1309 supplicium,

122 1315 208 1352 inde
239 1316 286 1351 ad
324 1316 425 1364 ipsos
455 1316 596 1351 transiit
627 1316 773 1363 Persas,

120 1371 182 1407 ubi
219 1371 370 1421 patibuli
411 1371 466 1408 vel
503 1372 615 1408 crucis
651 1385 773 1422 poena

118 1426 217 1464 haud
251 1440 332 1463 raro
372 1433 603 1465 memoratur.
666 1428 772 1477 Lege

120 1484 170 1519 sis
210 1483 438 1520 Brissonium
471 1484 518 1522 de
553 1497 630 1532 reg.
669 1484 772 1522 Pers.

118 1541 230 1590 princ.
249 1539 305 1587 ΙΙ,
328 1542 408 1582 215
428 1542 607 1590 pag-574
630 1545 666 1578 et
679 1554 773 1590 quae

120 1609 189 1632 nos
215 1597 263 1632 ad
289 1597 435 1634 Ctesiae
462 1597 616 1635 Persice.
649 1596 685 1648 ἓ.
716 1600 771 1639 36

120 1664 206 1702 pag.
231 1655 310 1693 176
341 1654 505 1690 diximus,
564 1654 623 1691 Ad
662 1667 774 1703 argu-

121 1711 281 1745 mentum
322 1713 575 1760 comparentur
617 1711 772 1748 Diodori

121 1764 232 1801 Siculi
267 1764 450 1814 Excerptt.
482 1767 529 1803 de
561 1765 705 1802 Virtuti.
737 1770 774 1803 et

121 1821 194 1857 Yit.
233 1820 266 1856 ΙΙ
289 1833 374 1870 pag.
398 1822 479 1862 553
516 1823 572 1859 ed.
615 1821 771 1859 W'essel.

121 1876 181 1915 De
204 1877 338 1926 pugnis
362 1877 451 1925 illis,
482 1890 572 1926 quas
597 1882 776 1915 memorat

122 1933 359 1980 Herodotus,
389 1933 475 1970 nihil
498 1934 594 1970 aliud
620 1934 774 1971 relatum

122 1990 222 2040 apud
261 1993 402 2027 veteres
442 1992 666 2040 reperimus,
705 1990 775 2026 nisi

122 2058 216 2094 quae
235 2046 352 2082 obiter
372 2051 563 2083 narrantur
583 2047 680 2083 haud
698 2059 777 2083 ma-

121 2102 184 2150 gni
219 2103 393 2139 momenti
436 2115 456 2139 a
496 2102 689 2140 Plutarcho
730 2103 776 2140 de

122 2158 261 2195 virtutt.
279 2158 434 2196 mulierr.
454 2172 540 2209 pag.
560 2159 642 2200 246
655 2187 665 2206 ,
685 2157 728 2196 A.

289 2242 321 2280 c
333 2255 354 2280 a
366 2257 403 2294 p.
435 2243 607 2281 CXXIX.

229 2325 238 2340 ἱ
289 2323 310 2339 5!

178 2341 241 2366 κω
283 2330 382 2366 αλλα
404 2325 527 2379 λέγων
544 2350 600 2355 —
626 2326 693 2366 καὶ
723 2324 776 2379 δή

123 2381 192 2421 καὶ
212 2380 331 2434 εἴρετό
356 2382 447 2434 μιν]
479 2385 704 2421 Structuram
722 2384 777 2420 lo-

124 2439 156 2475 ci
187 2439 217 2475 si
244 2452 419 2488 quaeras,
459 2453 533 2477 non
563 2441 687 2490 dispar
715 2441 776 2477 illa

126 2495 193 2532 erit
213 2496 267 2542 ei,
297 2509 403 2544 quam
421 2497 468 2533 ad
489 2496 518 2544 I,
542 2499 620 2537 116
639 2497 699 2533 fin.
720 2501 776 2533 at-

124 2551 283 2600 tigimus.
323 2552 436 2588 Paulo
456 2557 540 2590 ante
566 2553 773 2602 reliquimus

124 2605 319 2658 προστοὶς,
350 2609 448 2645 cuius
474 2608 553 2645 loco
572 2609 774 2658 Schweigh.

124 2661 330 2714 προςστοὶς.
389 2664 466 2701 Sed
505 2665 576 2702 vid.
608 2679 718 2717 supra
747 2665 776 2714 Ι,

125 2722 190 2762 86.
223 2723 314 2763 119.

180 2772 281 2828 πρὸς
301 2772 346 2815 τό
366 2773 516 2816 ἑωυτοῦ
538 2775 725 2828 δεῖπνον]
749 2778 773 2815 ἰ.

126 2845 157 2870 e.
190 2833 280 2884 quod
311 2834 439 2871 attinet
470 2833 519 2871 ad
543 2834 642 2872 illam
664 2837 774 2885 ipsius

841 1257 929 1296 Non
959 1258 1063 1295 valde
1088 1259 1239 1309 dispar,
1271 1261 1369 1309 quod
1402 1260 1494 1309 legi-

840 1328 920 1351 mus
959 1327 1071 1364 supra
1107 1315 1146 1362 Ι,
1183 1317 1250 1356 38.
1309 1314 1410 1368 πρός
1440 1311 1497 1355 ὧν

840 1368 914 1421 τήν
945 1367 1044 1419 ὄψιν
1077 1367 1225 1421 ταύτην
1261 1369 1327 1412 τὸν
1366 1369 1496 1424 γάμον

842 1442 903 1466 τοι
935 1428 1078 1465 τοῦτον
1109 1426 1300 1476 ἔσπευσα,
1333 1429 1393 1466 ubi
1422 1429 1495 1466 vid.

843 1487 1005 1520 annotat.
1050 1483 1148 1520 Hinc
1178 1484 1273 1522 male
1303 1491 1431 1523 nostro
1460 1486 1497 1522 in

841 1539 920 1577 loco
969 1539 1048 1588 quis
1097 1540 1221 1578 maluit
1258 1538 1360 1595 πρός
1405 1544 1498 1582 τοῦ

842 1597 865 1635 δ
879 1611 895 1635 ε
907 1596 922 1635 ί
935 1611 964 1634 π
975 1610 996 1634 v
1008 1611 1027 1634 ο
1040 1611 1074 1634 υ,

896 1649 950 1691 τό
980 1668 1047 1702 μιν
1073 1652 1222 1700 ἐκεῖνος
1246 1653 1358 1706 σαρξὶ
1378 1676 1435 1684 ———-
1455 1654 1498 1695 ε’·-

839 1709 1025 1760 θοίνισε]
1048 1709 1089 1746 In
1106 1713 1309 1748 accusativo
1331 1713 1382 1750 rei
1399 1708 1497 1760 (τὸ),

842 1779 949 1814 quem
975 1770 1120 1816 praeter
1144 1780 1326 1817 personae
1349 1781 1497 1805 accusa-

841 1823 952 1857 tivum
985 1823 1093 1871 (μιν)
1126 1823 1182 1859 hic
1198 1823 1404 1861 adiunctum
1430 1824 1505 1860 ha-‘

842 1878 904 1914 bet
924 1879 1073 1915 verbum
1096 1877 1294 1925 ε’θοίνισε,
1325 1880 1494 1928 equidem

842 1946 916 1969 non
937 1934 1125 1980 offendor⁷
1156 1947 1234 1971 cum
1254 1934 1404 1984 longum
1430 1949 1493 1973 eo-

844 2002 922 2025 rum
948 1990 1139 2026 verborum
1178 1990 1333 2028 indicem
1371 1991 1494 2042 perlu-

843 2049 973 2091 strem,
1012 2058 1106 2094 quae
1142 2046 1250 2082 simili
1278 2048 1355 2085 fere
1381 2049 1494 2088 modo

843 2106 1119 2147 construuntur3
1158 2102 1230 2139 vid.
1263 2102 1393 2141 Matth.
1425 2105 1491 2142 Gr.

846 2158 911 2193 Gr.
936 2156 972 2208 ξ.
991 2157 1069 2198 421
1095 2162 1169 2194 not.
1192 2160 1213 2198 1
1238 2172 1274 2209 p.
1293 2163 1375 2200 772
1400 2174 1494 2210 seq.‚

844 2214 905 2251 ubi
935 2215 1051 2250 nostri
1075 2213 1142 2251 loci
1165 2227 1239 2251 non
1270 2216 1400 2253 oblitus
1424 2221 1494 2265 est,

843 2283 924 2307 cum
959 2270 1110 2307 similem
1146 2274 1360 2309 structuram
1392 2273 1492 2311 verbi

847 2322 1010 2377 εὐωχεῖν
1031 2326 1217 2364 Platonico
1234 2327 1312 2365 loco
1332 2328 1492 2366 illustra-

842 2387 908 2421 ret.
949 2383 1045 2420 Hinc
1060 2383 1157 2419 nulla
1175 2386 1392 2422 emendandi
1411 2398 1496 2423 cau-

843 2453 904 2487 sa,
935 2453 1054 2488 neque
1087 2439 1190 2476 huius
1228 2441 1398 2489 voculae,
1428 2454 1495 2480 ne-

842 2509 913 2546 que
934 2495 1151 2544 reliquorum
1165 2497 1371 2544 verborum,
1398 2511 1493 2547 quae

842 2556 1041 2601 sequuntur
1055 2553 1244 2589 sanissima
1255 2553 1316 2590 illa
1332 2554 1491 2603 quidem,

844 2610 912 2647 sed
950 2608 1070 2659 pravis
1107 2609 1265 2646 virorum
1304 2611 1493 2648 doctorum

845 2665 1054 2703 coniecturis
1086 2665 1244 2713 agitata,
1273 2678 1365 2715 quas
1382 2667 1492 2704 silen-

843 2722 894 2758 tio
909 2733 1074 2772 premere
1105 2725 1278 2771 praestat.
1334 2722 1494 2772 Iungen-

844 2779 892 2815 da
912 2781 1029 2815 autem
1052 2781 1135 2813 sunt
1151 2777 1240 2815 haec
1260 2779 1369 2817 verba
1388 2775 1409 2819 ’ὅ
1421 2808 1432 2827 ,
1454 2793 1493 2819 τι

845 2834 905 2885 εἴη
935 2832 964 2884 ἦ
984 2832 1136 2872 ἐκείνου
1157 2848 1193 2872 κ.
1211 2849 1242 2872 τ.
1261 2837 1294 2873 λ.
1325 2836 1492 2887 superio-
