1909 3228
86 503 184 548 141

591 153 1112 192 EUTERPE.II.
1389 155 1473 196 80⁷

209 261 292 305 οὐκ
322 259 411 305 οἶοί
439 277 482 306 τε
510 257 625 319 ἦσαν
655 261 794 319 αὐτὴν
823 262 1024 318 α’νευρεῖν
1045 263 1089 306 οἱ
1112 259 1319 316 πρότεροι
1342 262 1468 318 γενό-
1534 267 1610 304 172

208 357 333 397 μενοι
375 342 567 398 βασιλέες
602 340 882 397 Ἀμυρταίου·
946 340 1121 397 οὕνομα
1159 341 1204 385 δὲ
1240 340 1377 397 ταύτῃ
1415 344 1525 397 τῇὸο

208 418 327 477 νήσῳ
355 419 512 477 Ἐλβώ·
549 421 741 476 μέγαθος
770 420 809 465 δ’
840 421 928 464 ἐστὶ
958 422 1098 478 πάντη
1130 421 1233 465 δέκα
1263 421 1465 464 σταδίων.

1524 495 1638 524 Sethon
1648 519 1655 531 ,
1676 498 1799 525 Vulcani

324 499 447 543 Met&
488 500 533 544 δὲ
571 505 764 553 τοῦτον,
824 503 1079 557 βασιλεῦσαι
1124 499 1202 543 τὸν
1245 499 1341 553 ἱρέα
1385 501 1466 542 τοῦ
1523 531 1801 565 sac‹·r‹los‚rexab

1523 571 1551 589 a.
1577 565 1627 590 ‘1¹5
1664 565 1701 591 ad
1730 566 1800 596 θ’ῖΙς

205 576 472 634 ἹΙφαίστου,
512 583 572 634 τῷ
601 578 770 633 οὕνομα
799 578 912 622 εἶναι
942 577 1122 621 Σεθῶν·
1175 578 1253 621 τὸν
1283 580 1328 622 ἐν
1358 577 1463 622 ollo—
1522 597 1682 624 multarem
1721 598 1801 625 onu-

1521 638 1589 657 nem
1621 639 1706 657 NeCssS
1739 636 1800 658 lra-

204 660 324 715 γίῃσι
362 658 472 714 ἔχειν
509 656 899 713 παραχρησάμενον
947 661 1037 700 τῶν
1088 659 1286 712 μαχίμων
1327 660 1463 714 Λίγυ-
1520 664 1800 691 θῑῦῐτῦεῑῑῑαὸπ-

1520 697 1682 724 naa-haribo
1725 698 1799 725 illati

1524 731 1611 758 ³5¹2
1623 731 1719 758 exitus
1738 740 1797 759 me-

204 739 364 789 πτίων,
405 736 460 788 ὡς
497 735 627 781 οὐδὲν
665 736 929 794 δεησόμενον
962 734 1131 779 αὐτῶν·
1175 736 1284 780 ἄλλα
1325 753 1367 780 τε
1413 736 1466 793 δὴ
1525 764 1685 792 moranus.

148 945 290 982 lnarum
316 944 474 995 praefuit
495 941 707 993 Aegyptiis,
739 943 799 993 qui

146 1016 168 1039 a
186 1001 309 1039 Persis
335 1002 566 1045 defecerant,
597 1013 669 1048 qua
688 1001 733 1037 de
760 1014 799 1038 re

147 1058 222 1095 dixi
241 1059 289 1095 ad
308 1057 454 1094 Ctesiae
469 1058 633 1105 fragmm.
657 1069 693 1105 p.
706 1059 797 1098 121.

146 1114 178 1151 A
208 1127 280 1163 quo
310 1118 475 1164 tempore
506 1126 621 1162 usque
653 1113 701 1149 ad
728 1113 798 1149 Hi—

146 1170 269 1217 skiae,
307 1169 521 1207 Iudaeorum
543 1170 659 1218 regis,
698 1173 799 1206 aeta-

145 1231 238 1272 tem,
269 1227 304 1262 in
329 1238 438 1275 quam
454 1226 584 1274 Anysis
605 1230 641 1263 et
652 1225 796 1262 Sabaeo

145 1283 333 1329 incidant,
371 1295 452 1318 cu1n
487 1282 712 1319 intervallum
751 1282 798 1319 sit

143 1351 319 1376 annorum
349 1338 429 1387 plus
462 1343 700 1375 trecentorum
722 1365 733 1384 ,
760 1338 797 1374 in

144 1395 337 1432 Herodoto
368 1395 418 1430 sic
444 1394 638 1442 legendum
673 1398 798 1430 censet

143 1451 354 1489 Perizonius
375 1449 566 1499 (Aegyptt.
594 1450 712 1498 origg.
743 1449 796 1486 XI

142 1519 229 1558 pag.
251 1509 378 1552 202):
423 1504 507 1544 ἔτεα
543 1504 607 1545 ἐπὶ
634 1503 739 1544 πλέω
767 1501 796 1555 ἢ

142 1558 440 1614 τριηκόσια,
471 1563 571 1612 quod
599 1562 695 1599 idem
716 1561 796 1612 pla-

143 1621 216 1658 cuit
238 1619 394 1657 Buherio
424 1619 510 1655 diss.
536 1619 700 1656 Herodd.
726 1618 793 1655 Vll

142 1689 229 1726 pag.
249 1679 316 1716 70.
373 1674 460 1711 Aliis
479 1675 678 1711 rationibus
700 1674 796 1711 ducti

143 1732 346 1769 Larcherus
373 1731 498 1777 (nvn
518 1744 553 1780 p.
569 1732 647 1770 108
669 1731 793 1778 seqq.)

143 1792 180 1826 et
202 1788 349 1825 Reizius
367 1788 607 1837 scripserunt:
626 1785 710 1825 ἔτεα
728 1784 794 1825 ἐπὶ

140 1842 247 1883 πλέω
283 1839 312 1894 ἢ
341 1838 676 1890 πεντακόσια,
719 1855 793 1891 quo

140 1900 307 1938 nimirum
327 1900 418 1936 ratio
446 1898 701 1948 chronologica
725 1898 792 1935 sibi

141 1960 335 1994 constaret.
392 1955 472 1993 Nos
496 1960 618 1992 tamen
650 1957 686 1991 in
713 1955 792 1992 He-

141 2013 262 2050 rodoti
282 2016 381 2050 textu
398 2013 435 2049 id
455 2012 679 2058 retinuimus,
691 2011 791 2060 quod

140 2082 266 2106 omnes
284 2069 509 2118 praebebant
539 2069 619 2104 libri
647 2067 790 2117 scripti:

141 2123 306 2164 ἕτεαέπὶ
326 2123 430 2163 πλέω
447 2120 476 2174 ἢ
499 2122 651 2163 ἓπτακ
667 2121 788 2163 ὁσια.

140 2181 263 2220 Nolim
291 2182 386 2218 enim
418 2181 515 2217 libris
542 2182 658 2218 invitis
681 2181 790 2229 quid-

140 2250 249 2287 quam
278 2242 417 2275 mutare
443 2238 481 2273 in
509 2238 573 2284 iis,
602 2250 696 2286 quae
721 2237 789 2274 mi-

138 2295 236 2331 nime
260 2298 358 2330 certa
388 2294 580 2331 videantur
618 2307 686 2331 nec
722 2306 790 2330 un-

139 2363 248 2399 quam
266 2351 314 2386 ad
332 2349 509 2399 liquidum
527 2351 676 2401 perduci
700 2362 792 2399 que-

138 2412 214 2442 ant.
279 2406 508 2444 Herodotum
535 2407 653 2453 enim,
691 2406 790 2443 cuius

139 2462 278 2499 numeri
299 2462 355 2498 hic
378 2463 502 2511 utique
523 2463 639 2499 minus
658 2475 791 2500 conve-

139 2518 266 2565 niant,
294 2519 354 2566 qui
373 2532 451 2556 cum
473 2518 548 2556 aliis
568 2520 619 2555 ita
645 2519 681 2555 in
703 2532 790 2556 con-

139 2574 299 2611 cordiam
324 2575 491 2623 redigere
509 2574 606 2620 velit,
635 2579 674 2611 ut
693 2580 792 2612 certa

138 2642 247 2679 quam
291 2631 540 2668 desideramus
586 2635 789 2681 temporum

139 2687 233 2722 ratio
251 2689 288 2723 et
309 2686 532 2735 singulorum
555 2700 680 2735 regum
697 2688 788 2724 ordo

139 2742 406 2789 constituatur,
444 2743 476 2780 ei
505 2756 631 2780 vereor
663 2748 701 2780 ut
730 2757 787 2780 res

141 2798 331 2846 succedat,
353 2800 412 2836 ubi
427 2804 549 2836 tantae
569 2800 696 2837 turbae
720 2800 787 2836 ob-

869 943 1017 981 veniant
1045 948 1172 993 totque
1192 944 1406 981 oboriantur
1426 943 1523 980 diffi-

868 999 1032 1048 cultates,
1056 1013 1163 1050 quain
1184 1000 1218 1037 in
1239 1004 1341 1036 tanta
1361 1000 1523 1037 testimo-

867 1058 1010 1094 niorum
1035 1062 1071 1095 et
1096 1057 1221 1107 inopia
1248 1061 1285 1094 et
1310 1057 1521 1106 discrepan-

866 1113 919 1150 tia
940 1113 1067 1151 tollere
1089 1125 1262 1162 nequeas.
1300 1112 1408 1149 Conf.
1427 1117 1518 1148 nott.

866 1170 913 1206 ad
932 1169 976 1216 ll,
991 1171 1068 1211 137
1091 1174 1127 1207 et
1145 1182 1282 1207 excurs.
1296 1169 1343 1205 ad
1368 1168 1413 1215 ll,
1428 1169 1519 1209 141.

924 1223 1079 1276 οὕνομα
1099 1246 1155 1253 —
1181 1221 1333 1276 Ἐλβώ]
1379 1225 1439 1262 Ad
1468 1224 1521 1261 la-

866 1295 946 1319 cum
960 1311 970 1329 ,
1000 1283 1061 1331 qui
1088 1295 1185 1319 nunc
1203 1287 1351 1319 vocatur
1367 1280 1522 1317 Menza-

866 1337 920 1374 leh,
940 1367 951 1385 ,
990 1338 1083 1375 hanc
1108 1338 1259 1375 insulam
1282 1336 1519 1388 probabiliter

865 1396 975 1432 refert
1002 1394 1185 1432 Mannert.
1215 1395 1355 1443 Geogr.
1385 1395 1421 1430 d.
1452 1394 1519 1430 Gr.

863 1463 898 1486 u.
920 1450 1028 1487 Rom.
1063 1450 1119 1497 X,
1153 1452 1175 1491 1
1210 1463 1297 1500 pag.
1329 1450 1410 1490 583
1439 1462 1518 1497 seq.

861 1505 965 1543 Idem
1005 1506 1129 1551 addit,
1167 1506 1350 1554 hodieque
1382 1505 1519 1541 incolas

862 1561 1061 1599 insularum
1080 1562 1185 1599 huius
1209 1562 1331 1608 lacus,
1361 1561 1519 1611 piscato-

862 1632 921 1655 res
957 1619 1151 1655 maximam
1181 1624 1343 1669 partem,
1382 1617 1517 1654 liberos

863 1675 1129 1724 propemodum
1153 1688 1233 1712 esse
1253 1674 1430 1720 homines,
1451 1687 1517 1723 pa-

861 1729 1004 1766 ludibus
1027 1743 1070 1767 ac
1090 1731 1227 1778 stagnis
1248 1731 1448 1767 tutissimos
1470 1730 1516 1765 ab

861 1786 958 1822 omni
975 1786 1124 1836 impetu.
1154 1786 1356 1823 Larcherus
1373 1790 1416 1830 (t.
1430 1786 1515 1822 vlu

859 1855 896 1893 p.
920 1842 1024 1888 242)
1050 1843 1097 1879 ad
1115 1841 1330 1892 paludosam
1349 1842 1440 1879 haec
1460 1855 1514 1879 re-

860 1899 931 1935 fert
958 1898 1145 1947 regionem
1163 1927 1173 1945 ,
1211 1911 1306 1947 quae
1336 1911 1358 1934 a
1390 1910 1516 1935 receu-

858 1954 1009 1991 tioribus
1029 1955 1262 2004 scriptoribus
1276 1954 1416 1991 dicatur
1427 1953 1515 1990 Ele-

858 2010 1008 2059 archia,
1045 2024 1125 2048 cum
1151 2011 1342 2048 Herodoto
1370 2012 1441 2047 sint
1465 2008 1513 2048 w*

860 2066 956 2106 ἕλεα.
1015 2066 1096 2105 Nec
1116 2066 1221 2105 aliter
1243 2066 1511 2104 Schlichthorst.

858 2124 880 2161 l.
900 2124 923 2163 l.
947 2136 1032 2175 pag.
1055 2123 1125 2165 65.

1055 2208 1162 2259 Cap.
1191 2206 1322 2245 CXLI.

913 2288 984 2331 τόν
1015 2290 1057 2331 ἐν
1091 2287 1275 2345 οἷλογί-ῃσι
1304 2289 1403 2341 ἔχειν
1437 2304 1510 2329 πα-

859 2344 1161 2401 ραχρησάμενον
1203 2350 1282 2386 τῶν
1329 2347 1512 2398 μαχίμων

856 2403 1105 2457 Αἰγυπτίων]
1131 2405 1319 2442 Genitivus
1340 2405 1421 2442 τῶν
1439 2418 1510 2454 μα-

857 2463 895 2513 χί
897 2477 982 2512 μων
999 2475 1078 2499 cum
1092 2461 1209 2498 minus
1226 2460 1418 2498 conveniat
1430 2472 1510 2496 cum

856 2519 966 2556 verbo
985 2513 1342 2569 παραχρησάμενον
1372 2520 1408 2554 et
1429 2529 1510 2553 cum

856 2575 1037 2612 locutione
1077 2573 1120 2613 ἐν
1163 2568 1346 2626 ἀλογίῃσι
1385 2571 1509 2623 ἔχειν,

858 2631 1116 2668 Valckenarius
1138 2630 1242 2667 scribi
1264 2628 1342 2665 vult
1361 2631 1419 2681 τῷ
1438 2644 1508 2679 μα-

855 2687 954 2740 χίμῳ
984 2687 1058 2723 sive
1085 2682 1129 2725 to*
1155 2681 1330 2736 μάχιμον
1365 2685 1440 2722 sive
1469 2682 1511 2723 τὸ

855 2746 935 2782 τῶν
955 2743 1135 2793 μαχίμων
1162 2742 1234 2779 scil.
1255 2740 1380 2793 γένος.
1428 2740 1509 2779 Nec

857 2805 980 2837 tamen
1017 2799 1124 2836 ullam
1156 2798 1358 2835 istiusmodi
1392 2802 1508 2835 muta-
