1909 3228
539 228 624 266 AD
671 227 1263 277 HERODOT.11,141.
1578 232 1662 271 917

150 339 319 388 equidem
352 339 498 387 habeo,
546 340 607 378 ubi
646 344 841 391 tantopere
877 342 1134 380 dissentientes
1169 342 1274 379 video
1301 346 1466 379 auctores
1506 346 1659 389 veteres,

149 420 216 444 nec
247 407 315 444 ulla
347 413 490 445 constat
517 413 616 447 certa
644 412 846 459 temporum
878 409 983 447 ratio.
1042 409 1102 446 Tu
1132 409 1202 446 vid.
1234 408 1434 447 Schlosser.
1462 409 1659 446 universal-

150 474 232 512 hist.
255 467 450 513 C'bersieht
479 483 545 514 etc.
578 476 613 523 I,
636 479 658 518 1
690 490 725 526 p.
747 476 839 517 214.
864 477 944 518 215
973 478 1052 515 coll.
1081 477 1193 514 Beck.
1224 476 1354 514 Anleit.
1381 490 1413 513 z.
1437 476 1656 525 W'eltgesch.

149 543 165 580 l
193 557 280 594 pag.
304 547 386 585 717
408 558 484 593 seq.
515 547 607 584 720.
667 545 808 588 Quodsi
841 545 935 582 enim
964 544 1096 593 Anysis
1127 558 1224 582 anno
1245 547 1325 586 961
1358 557 1390 581 a.
1418 544 1503 581 Chr.
1523 557 1558 581 11.
1593 545 1659 591 (ut

147 610 351 649 Larcherus
377 612 479 662 pouit
499 617 523 648 t.
544 611 608 648 Vll
637 625 673 661 p.
696 614 769 659 92)
800 612 837 649 in
854 625 1006 661 regnum
1026 612 1132 650 rediit
1160 625 1330 662 annoque
1351 611 1433 654 954
1464 624 1496 649 a.
1516 612 1602 649 Chr.
1622 625 1657 648 11.

147 680 384 731 probabiliter
420 680 531 727 obiit,
581 680 640 716 ubi
681 680 849 716 continuo
886 680 918 717 ei
952 681 1124 718 successit
1155 681 1295 727 Setho,
1347 680 1519 718 Sethonis
1553 679 1657 716 huius

148 753 249 785 aetas
289 748 568 797 haudquaquam
606 752 781 795 congruet
810 761 890 785 cum
924 748 1159 786 Sanacharibi
1194 748 1450 799 expeditione,
1496 761 1591 798 quae
1619 748 1658 784 in

147 828 281 852 annum
306 819 387 856 712
419 828 451 851 a.
484 816 569 852 Chr.
599 816 732 852 incidit.
790 815 940 853 Lacuna
972 817 1039 853 erit
1079 830 1256 854 annorum
1294 817 1535 854 ducentorum
1567 828 1657 866 qua-

147 883 319 931 draginta
347 884 442 919 intra
476 882 608 931 Anysis
647 887 799 920 mortem
842 887 878 921 et
914 896 1067 931 regnum
1095 885 1277 921 Sethonis.
1337 884 1456 928 Quam
1493 883 1657 920 lacunam

145 956 187 988 ut
229 951 415 1002 explerent
459 954 737 1001 temporumque
769 951 949 988 rationem
996 953 1033 988 in
1074 953 1240 989 ordinem
1276 952 1506 1001 redigerent,
1557 951 1656 988 vario

145 1019 255 1056 modo
289 1023 472 1057 tentarunt
501 1019 565 1055 viri
599 1020 715 1067 docti,
747 1033 899 1069 quorum
927 1020 1124 1057 sententias
1152 1021 1262 1056 refert
1284 1019 1396 1056 Beck.
1421 1020 1443 1057 l.
1468 1021 1489 1056 l.
1549 1020 1655 1067 Sunt,

145 1087 206 1136 qui
238 1088 276 1123 in
308 1088 388 1138 ipso
419 1087 601 1123 Herodoti
634 1092 735 1125 textu
763 1088 927 1124 lacunam
959 1101 1041 1125 esse
1060 1091 1248 1135 statuant,
1278 1100 1388 1136 quam
1407 1088 1507 1124 initio
1527 1088 1656 1137 capitis

148 1155 228 1197 124
259 1157 362 1206 ponit
394 1155 591 1203 Buherius,
643 1155 745 1192 initio
781 1156 907 1206 capitis
939 1156 1016 1197 141
1050 1155 1254 1193 Larcherus
1276 1184 1286 1202 ,
1334 1156 1394 1192 ubi
1422 1154 1657 1205 probabiliter

143 1225 315 1260 traditum
352 1224 460 1261 suerit
497 1224 543 1260 de
579 1223 743 1271 regibus,
785 1225 846 1273 qui
875 1224 933 1261 vel
964 1225 1060 1260 intra
1090 1223 1316 1272 Myccrinum
1345 1228 1381 1261 et
1415 1223 1573 1272 Asychin
1599 1222 1656 1260 vel

141 1297 228 1342 post
250 1291 410 1340 Asychin
437 1293 485 1328 ad
518 1292 716 1329 Sethonem
750 1305 867 1341 usque
900 1291 1059 1342 Aegypti
1090 1306 1243 1342 regnum
1277 1292 1469 1329 tenuerint.
1542 1291 1656 1340 Equi-

143 1360 249 1407 dem,
282 1361 311 1396 si
337 1360 463 1397 lacuna
496 1361 694 1397 statuenda
722 1365 776 1397 est
803 1361 839 1396 in
871 1360 1051 1397 Herodoti
1079 1360 1193 1407 libro,
1234 1361 1355 1397 malim
1381 1360 1517 1408 aliquid
1545 1359 1656 1395 inter-

144 1428 277 1465 cidisse
309 1433 391 1478 post
411 1441 487 1478 cap.
511 1431 612 1475 136,
644 1441 738 1476 quae
769 1432 824 1464 est
851 1429 1030 1465 sententia
1061 1429 1125 1464 viri
1155 1429 1387 1475 nobilissimi,
1431 1427 1555 1464 Liberi
1581 1427 1654 1462 Ba-

141 1496 238 1531 ronis
264 1496 310 1532 de
336 1495 593 1541 Reizeustein,
630 1497 830 1533 accuratius
856 1497 1020 1545 exposita
1050 1497 1087 1532 in
1120 1496 1282 1543 schedis,
1323 1509 1413 1545 quas
1445 1496 1501 1532 ille
1531 1495 1655 1531 nobis-

140 1576 219 1600 cum
256 1563 519 1599 communicare
553 1563 676 1599 voluit.
737 1564 778 1599 In
813 1563 879 1600 hac
912 1568 1033 1600 autem
1074 1563 1201 1599 lacuna
1229 1576 1289 1600 sex
1329 1569 1390 1600 aut
1422 1568 1495 1600 octo
1525 1575 1654 1611 regum

140 1629 328 1667 historiam
364 1630 594 1667 Herodotum
627 1630 856 1680 exposuisse,
906 1631 993 1667 satis
1032 1631 1272 1668 verisimiliter
1308 1633 1434 1669 statuit
1472 1633 1567 1669 idem
1602 1632 1655 1666 vir

141 1698 378 1734 doctissimus
465 1698 599 1736 Verum
640 1700 785 1748 quidem
824 1702 898 1744 est,
950 1699 1101 1748 scriptos
1134 1700 1315 1737 Herodoti
1344 1700 1475 1748 libros,
1516 1700 1576 1750 qui
1606 1699 1654 1736 ad

140 1768 264 1801 nostra
300 1771 544 1814 pervenerunt
581 1770 776 1816 tempora,
826 1766 922 1802 nulla
954 1766 1103 1803 lacunae
1152 1769 1282 1804 indicia
1323 1772 1420 1804 certa
1457 1768 1653 1817 praebere,

140 1838 365 1883 quapropter
402 1835 438 1869 in
477 1847 556 1870 eam
596 1834 679 1869 olim
720 1832 827 1869 incidi
858 1835 1099 1881 sententiam,
1147 1839 1187 1871 ut
1218 1835 1253 1870 in
1286 1835 1467 1872 Herodoti
1506 1835 1653 1883 quidem

138 1904 237 1937 textu
264 1902 460 1949 quidquam
481 1902 655 1938 excidisse
676 1913 867 1948 negarem,
898 1914 1022 1938 verum
1048 1915 1176 1939 manca
1207 1917 1286 1941 esse
1312 1907 1527 1948 statuerem,
1559 1914 1654 1950 quae

138 1967 197 2005 ille
226 1981 247 2004 a
275 1969 522 2005 sacerdotibus
554 1969 703 2006 edoctus
734 1969 769 2004 in
795 1982 886 2018 opus
913 1982 1013 2005 suum
1039 1971 1221 2017 retulerit,
1262 1984 1356 2020 quae
1381 1971 1408 2007 si
1443 1971 1652 2020 probentur,

139 2037 366 2074 sacerdotum
400 2038 468 2074 erit
494 2038 619 2086 culpa,
650 2050 722 2073 non
752 2037 944 2074 Herodoti.
1005 2039 1112 2076 Conf.
1138 2040 1232 2076 infra
1258 2040 1313 2084 ll,
1335 2042 1435 2084 177,
1466 2038 1527 2074 ubi
1556 2038 1653 2074 simi-

137 2103 186 2140 lia
216 2105 396 2153 quaedam
429 2106 619 2141 Herodoto
656 2118 729 2141 non
770 2105 926 2141 indicata
961 2106 1069 2143 fuisse
1103 2119 1123 2142 a
1160 2107 1408 2144 sacerdotibus
1451 2107 1516 2142 viri
1555 2106 1652 2143 docti

138 2175 311 2208 statuunt.
371 2173 447 2210 Sed
471 2173 582 2209 multa
615 2173 651 2208 in
683 2173 874 2209 Herodoto
898 2187 977 2210 esse
1002 2175 1224 2224 depravata,
1266 2188 1359 2224 quae
1388 2173 1498 2210 libros
1524 2173 1652 2210 hodie-

138 2252 210 2289 que
242 2241 404 2288 cognitos
441 2243 642 2288 excedunt,
690 2241 882 2289 aliquoties
910 2242 981 2278 iam
1014 2244 1216 2280 monuimus
1250 2250 1285 2281 et
1318 2241 1489 2279 hocloco
1519 2242 1651 2279 iterum

136 2310 357 2346 monendum
387 2322 593 2356 censemus,
632 2311 660 2346 si
690 2310 767 2358 quis
796 2313 1048 2357 argumentum
1082 2324 1102 2347 e
1131 2311 1302 2348 librorum
1334 2314 1556 2347 vetustorum
1586 2323 1651 2346 au-

135 2377 302 2413 ctoritate
324 2378 468 2413 ductum
489 2391 673 2427 opponere
703 2378 796 2414 velit.
858 2377 946 2414 Illud
974 2382 1093 2415 autem
1122 2379 1178 2414 vix
1206 2390 1447 2427 quemquam,
1479 2378 1537 2425 qui
1572 2378 1650 2413 He-

135 2444 326 2480 rodoteum
362 2444 476 2481 locum
508 2450 645 2483 attente
684 2446 908 2495 perlegerit,
958 2447 1202 2482 dubitaturum
1237 2460 1315 2483 esse
1348 2446 1522 2491 consido,
1563 2445 1649 2494 quin

135 2510 284 2547 multum
312 2512 345 2547 in
378 2525 420 2549 eo
448 2514 628 2550 turbatum
660 2515 784 2559 fuerit,
832 2527 899 2549 nec
928 2514 1049 2549 onmia
1082 2526 1124 2549 ea
1155 2514 1364 2560 videantur,
1407 2526 1501 2564 quae
1528 2514 1649 2564 pravis

137 2582 172 2615 et
200 2578 414 2629 imperfectis
443 2582 672 2619 sacerdotum
701 2581 953 2620 traditionibus
982 2580 1139 2617 adscribi
1161 2581 1313 2630 possint.
