1909 3228
535 215 1055 254 EUTERPE.II.
1328 220 1407 258 881

159 329 289 375 θινος
339 340 461 378 τερος
500 326 708 374 τοσοῦτος
747 325 820 367 καὶ
856 325 903 368 ἐν
933 324 1040 376 Σάι,
1082 325 1274 380 κείμενος
1302 326 1410 368 meto}

160 401 238 446 τόν
268 402 402 446 αὐτὸν
430 402 595 456 τρόπον
624 406 683 460 τῷ
726 402 772 445 ἐν
802 402 969 459 Μέμφι.
1024 407 1076 460 τῇ
1102 402 1181 446 Ἴσι
1211 419 1254 446 τε
1284 403 1332 446 τό
1365 405 1410 446 έν

161 481 317 537 Μέμφι
347 482 442 536 ἱρὸν
463 482 643 536 ’Ἀμασίς
671 481 758 524 ἐστι
785 481 808 525 ὁ
827 481 1180 539 ἐξοικοδομήσας,
1213 482 1286 526 ἐὰν
1303 481 1410 538 μέγα

160 577 204 603 τε
230 561 301 604 καὶ
332 558 702 615 ἀξιοθεητότατον.

271 638 363 681 Ἐπ’
398 636 598 694 Ἀμοὲσιος
640 639 685 681 δὲ
734 638 930 694 βασιλέος
982 640 1145 695 λέγεται
1191 641 1736 694 At'yvmogssoffilffetagwfflm

1466 676 1602 702 Amaside
1611 684 1737 710 regnan>

1465 712 1495 736 te
1513 710 1722 749 ubertaszxxj

282 801 299 808 .-
362 800 380 808 ω
470 795 479 807 r
660 796 670 809 Ι
905 797 913 811 ι
996 796 1004 808 x
1061 795 1071 809 5
1117 795 1126 810 ἱ
1198 800 1214 808 ,ψ
1315 796 1324 808 p
1462 743 1518 802 1.)ιὲξί
1522 751 1550 801 {lu
1554 751 1580 769 m
1591 763 1608 810 ll
1612 743 1677 803 [11681Ιῖ
1680 752 1737 810 {1¹:12}

158 813 296 850 ταμΟυ
328 814 378 853 τῃ
419 813 536 852 χωρῃ
577 813 803 852 γινομενα,
847 812 919 839 και
958 813 1010 839 voc
1047 813 1129 841 06πο
1161 814 1237 853 της
1267 814 1407 853 χωῼης
1463 809 1735 878 Ξίἰῑὲξὲὲῐῗὶῑιῐιὶιῐᾶἰέῗιίζ

1463 880 1523 904 vat.

37 643 135 687 177

158 717 341 774 μάλιστα
372 717 423 773 δὴ
454 717 547 760 τότε
580 717 910 772 εὐδαιμονῆσαι,
941 717 1014 760 καὶ
1043 717 1094 760 τὰ
1120 716 1204 761 ἀπὸ
1226 722 1306 761 τοῦ
1328 734 1408 761 πο-

102 1003 254 1048 losse).“
298 1002 378 1040 Nec
400 1002 588 1039 convenire
608 1002 751 1039 videtur

105 1061 286 1096 Creuzero
305 1059 326 1095 l.
347 1059 369 1094 l.
402 1072 439 1108 p.
464 1060 542 1099 152
569 1072 647 1095 cum
673 1058 752 1096 He-

104 1115 245 1151 rodotei
276 1116 448 1152 sermonis
483 1115 752 1164 perspicuitate,

105 1172 205 1220 quod
226 1172 262 1207 in
284 1185 386 1220 seqq.
412 1172 459 1207 ad
478 1184 600 1208 vocem
625 1170 753 1221 ἕτερος

104 1229 266 1265 additum
291 1227 490 1264 inveniatur
509 1228 664 1272 λίθινος
684 1228 753 1263 alia

103 1289 215 1332 atque
234 1284 270 1320 in
295 1284 590 1320 antecedentibus
617 1284 753 1331 signifi-

104 1341 256 1377 catione.
300 1340 428 1388 Itaque
448 1339 555 1375 Italus
575 1340 752 1389 interpres

104 1396 212 1447 plane
261 1396 379 1431 omisit
418 1408 541 1432 vocem
582 1396 751 1442 λίθινος,

103 1451 242 1500 reliqua
281 1453 330 1488 sic
366 1455 530 1487 vertens:
578 1452 752 1497 „Stanno

103 1509 175 1545 due
214 1506 343 1544 colossi
370 1507 406 1542 di
442 1507 559 1555 pietra
598 1507 753 1556 etiopicu

103 1586 158 1591 --
179 1582 234 1591 -·
255 1565 299 1599 ve'
328 1563 361 1598 η’
384 1562 428 1598 Ιια
460 1562 567 1598 anche
587 1575 636 1599 un
661 1562 752 1599 altro

104 1621 143 1656 in
163 1620 245 1655 Sais
272 1620 365 1656 etc.“

159 1673 257 1714 κατὰ
277 1671 344 1713 τὸν
368 1669 489 1712 αὐτόν
506 1669 668 1724 τρόπον]
694 1674 752 1710 Cf.

105 1731 236 1769 Matth.
260 1732 325 1767 Gr.
349 1731 413 1766 Gr.
436 1743 520 1779 pag.
539 1732 654 1770 1153.
694 1730 752 1766 Ad

105 1788 253 1824 verbum
276 1785 554 1835 ἐξοικοδομεῖν
585 1787 621 1821 in
649 1798 752 1833 seqq.

106 1844 200 1890 conf.
227 1848 404 1890 cognatae
431 1842 586 1877 notionis
608 1842 754 1877 verbum

107 1899 307 1945 ἒκποιεῐν,
330 1898 376 1935 de
396 1911 468 1946 quo
491 1898 536 1944 ll,
558 1897 646 1938 125.
664 1899 753 1938 136.

256 2009 364 2059 Cap.
397 2009 614 2046 CLXXVH.

162 2065 210 2105 ἐπ
232 2061 418 2116 Ἀμάσιος
443 2063 484 2104 δὲ
502 2088 555 2092 -—
574 2060 755 2114 εὔδαιμο-

109 2121 251 2173 νῆσαι]
289 2120 486 2172 βασιλέος
528 2134 607 2158 cum
638 2122 753 2158 Gaisf.

106 2178 273 2228 rescripsi
293 2191 358 2228 pro
383 2178 604 2227 βασιλῆος.
648 2178 755 2214 Hanc

106 2248 190 2272 vero
202 2235 360 2284 Aegypti
379 2233 580 2271 felicitatem
601 2246 643 2270 ex
659 2246 755 2270 com-

108 2291 240 2327 mercio
277 2304 356 2326 cum
403 2290 531 2327 exteris
575 2290 755 2337 gentibus,

109 2347 209 2395 quod
240 2345 298 2381 illo
326 2350 491 2395 tempore
516 2346 653 2382 institui
672 2359 755 2383 coe-

107 2407 210 2452 ptum
227 2414 310 2437 mox
330 2401 435 2438 valde
452 2402 615 2448 creverit,
647 2415 753 2451 repe-

109 2459 257 2494 tendam
292 2461 412 2494 censet
447 2457 604 2494 Heeren.
642 2457 755 2494 Ideen

110 2513 169 2560 II,
199 2517 224 2553 2
252 2525 336 2562 pag.
365 2514 458 2553 390.
514 2513 596 2550 Nec
633 2517 755 2550 tamen

109 2569 197 2604 illud
229 2581 274 2605 ex
299 2568 480 2605 Herodoti
509 2569 626 2605 verbis
657 2568 754 2605 colli-

109 2637 214 2673 gam,
244 2636 337 2672 quae
373 2625 418 2660 ad
448 2624 586 2672 largum
611 2625 754 2672 frugum

109 2685 320 2730 proventum
352 2692 394 2715 ex
415 2679 489 2715 Nili
518 2681 754 2717 inundatione

110 2736 236 2772 maiori
255 2740 369 2771 ortum
382 2748 499 2783 neque
517 2736 564 2771 ad
581 2749 754 2772 commer-

111 2792 203 2828 cium
224 2791 436 2838 divitiasque
467 2792 550 2828 inde
568 2803 756 2841 compara-

110 2851 165 2884 tas
183 2852 357 2896 spectant.
386 2847 461 2884 Sed
474 2848 638 2895 graviora
658 2852 755 2894 sunt,

158 2902 366 2940 HERODOT.
397 2903 424 2939 I.

820 1013 912 1050 quae
931 1002 966 1038 in
989 1001 1022 1038 h.
1043 1002 1065 1038 l.
1097 1015 1163 1039 nos
1180 1007 1328 1049 tenent,
1360 1004 1389 1039 si
1408 1016 1465 1040 sa-

819 1071 898 1095 cros
925 1058 1138 1095 Iudaeorum
1166 1058 1274 1095 libros
1300 1060 1466 1095 consula-

820 1127 909 1151 nius.
968 1114 1041 1150 Eos
1072 1115 1164 1151 enim
1195 1116 1225 1151 si
1259 1128 1464 1164 sequamur,

821 1184 864 1208 eo
886 1171 964 1220 ipso
990 1176 1172 1220 tempore,
1194 1184 1266 1220 quo
1290 1184 1462 1208 suminam

819 1226 917 1275 Aeg>
926 1228 977 1276 pti
999 1227 1203 1264 felicitatem
1215 1228 1350 1264 Noster
1360 1241 1465 1277 prae-

822 1283 917 1319 dicat
938 1310 948 1328 ,
988 1283 1366 1320 Nabuchodomisorus
1393 1282 1466 1320 Ae-

821 1343 973 1388 gyptum
1000 1340 1096 1388 cepit
1118 1340 1308 1388 ipsumque
1318 1338 1466 1389 Api-iem

821 1396 888 1441 (de
914 1408 984 1443 quo
1005 1408 1112 1444 supra
1131 1395 1186 1440 ll,
1213 1399 1323 1443 169),
1354 1400 1392 1431 ut
1411 1396 1465 1431 vi-

821 1452 945 1497 detur,
975 1451 1125 1487 interfici
1141 1452 1253 1487 iussit.
1311 1451 1465 1488 Terram

819 1510 996 1542 vastatam
1042 1519 1084 1542 ac
1122 1507 1324 1553 desertam,
1371 1520 1465 1555 quae

820 1563 1060 1610 quadraginta
1094 1575 1160 1611 per
1185 1575 1299 1599 annos
1325 1562 1464 1598 inhabi-

819 1623 896 1654 tata
924 1618 1061 1664 iaceat,
1099 1622 1246 1665 gentem
1265 1618 1466 1667 Aegyptio-

819 1687 896 1710 rum
918 1674 953 1710 in
974 1674 1060 1711 alias
1075 1675 1242 1722 regiones
1263 1675 1465 1724 dispersam

820 1731 916 1766 canit
953 1730 1082 1767 Ezech.
1126 1731 1270 1777 XXIX,
1299 1734 1322 1770 9
1360 1743 1463 1778 seqq.

823 1798 977 1833 quocum
996 1787 1090 1822 conf.
1110 1786 1233 1822 Ierem.
1254 1786 1464 1831 XL1V‚30.

823 1841 966 1887 XLYI,
985 1844 1049 1882 26.
1090 1842 1196 1878 Plura
1214 1842 1325 1879 Beck.
1348 1841 1466 1878 welt-

824 1898 944 1945 gesch.
967 1898 982 1933 I
1002 1911 1087 1947 pag.
1107 1901 1199 1938 729.
1258 1898 1360 1934 Haec
1388 1910 1466 1934 cum

823 1967 970 2003 prorsus
1002 1958 1206 2003 repugnent
1233 1953 1469 1990 Herodoteae

822 2010 1038 2056 narrationi,
1060 2011 1181 2046 statuit
1194 2009 1466 2057 lVesselingius‚

823 2066 1002 2102 Graecum
1024 2066 1234 2114 scriptorem
1259 2078 1322 2101 sua
1343 2064 1465 2113 Aegy-

822 2122 906 2172 ptiis
939 2122 1182 2158 sacerdotibus
1209 2122 1363 2167 debere,
1404 2121 1465 2169 qui

822 2177 934 2214 multa
970 2177 1224 2214 dissimularint
1267 2181 1304 2214 et
1341 2177 1465 2213 ultima

823 2233 1000 2270 Amasidis
1019 2235 1094 2269 fata
1125 2234 1335 2282 felicemque
1362 2233 1465 2281 regni

825 2294 958 2326 statum
987 2290 1133 2325 nimium
1159 2294 1331 2338 quantum
1358 2302 1466 2325 auxe-

822 2346 905 2381 rint.
956 2345 1074 2388 Quem
1096 2345 1196 2381 multi
1210 2346 1275 2381 viri
1294 2345 1391 2381 docti
1408 2358 1467 2381 se-

822 2402 893 2437 cuti
929 2405 1020 2438 sunt.
1079 2402 1259 2450 Equidem
1290 2401 1326 2437 in
1360 2404 1464 2437 tanto

822 2458 986 2494 dissensu
1004 2457 1091 2505 quid
1106 2458 1191 2494 certi
1206 2461 1373 2503 statuam,
1391 2469 1465 2493 non

819 2512 959 2560 habeo,
1001 2525 1219 2561 quamquam
1248 2513 1316 2548 hoc
1339 2513 1466 2561 negari

822 2569 967 2617 nequit,
997 2568 1204 2605 Amasidem
1232 2568 1336 2604 valde
1364 2580 1466 2605 acce-

820 2629 920 2674 ptum
943 2624 1053 2661 fuisse
1069 2625 1182 2661 videri
1202 2624 1465 2670 sacerdotibus,

820 2692 971 2728 quorum
996 2681 1132 2716 animos
1153 2680 1220 2717 sibi
1247 2679 1350 2716 valde
1367 2679 1464 2715 illum

822 2735 1027 2772 conciliasse
1053 2748 1095 2771 ex
1124 2736 1165 2772 iis
1191 2735 1341 2782 colligo,
1371 2747 1466 2783 quae

824 2791 935 2827 multa
955 2791 1011 2828 ille
1031 2804 1093 2828 rex
1112 2792 1147 2828 in
1179 2791 1311 2840 templa
1338 2794 1375 2827 et
1406 2804 1464 2828 re-

824 2847 1005 2884 stituenda
1034 2851 1069 2884 et
1098 2860 1223 2885 recens
1249 2847 1464 2884 exstruenda

1141 2905 1195 2943 56
