1877 3223
312 641 378 686 69

105 703 223 732 Foedus
257 705 336 733 inter

108 738 250 766 Croesum
269 742 299 765 ct
324 738 383 765 La-

442 223 524 263 178

831 220 1300 260 HERODoTl

401 350 405 357 ·
440 330 601 375 τούτου
633 333 713 374 τοῦ
742 329 928 386 χρόνον,
960 329 1073 382 ὅκως
1100 328 1316 387 πειρῴατο
1347 327 1559 386 ἀλλήλων,
1588 334 1691 374 πολ-

439 415 499 468 λῷ
529 409 835 464 κατυπέρτεροι
873 413 934 466 τῷ
972 409 1144 464 πολέμῳ
1182 409 1375 464 ἐγίνοντο
1408 411 1451 452 οἱ
1482 411 1690 453 Λακεδαι-

438 489 607 544 μόνιοι·
639 487 723 543 ἤδη
755 487 800 532 δέ
831 500 909 544 σφι
938 489 1010 532 καὶ
1037 488 1065 545 ἡ
1095 488 1234 544 πολλή
1254 491 1328 544 τῆς
1350 488 1690 544 Πελοποννήσου

437 563 493 623 ἦν
522 566 883 623 κατεστραμμένη.

105 771 310 800 ccdaemonios
326 772 381 799 ini-

103 808 177 834 tum-

375 896 488 941 Quod
534 895 676 933 Orestis
729 895 872 932 ossibus
925 909 1027 934 recu-

375 953 547 1004 perandis
560 956 698 989 tantam
718 964 865 1002 operam
888 954 1027 1003 impen-

376 1009 498 1046 derint
525 1008 715 1058 Spartaui,
753 1008 911 1046 declarat
932 1010 1028 1046 Pau-

375 1065 500 1102 saniae
519 1064 619 1101 locus
638 1064 712 1111 ΙΙΙ,
747 1066 798 1105 16
830 1062 866 1115 ξ.
889 1069 936 1112 6,
965 1064 1027 1101 ubi

375 1120 549 1169 legimus,
579 1121 749 1158 Orestem
768 1120 850 1156 olim
871 1122 1026 1172 Spartae

374 1189 500 1226 regem
538 1178 663 1214 fuisse.
724 1177 842 1220 Quem
869 1179 1024 1215 eundem

372 1233 409 1269 in
433 1232 586 1270 Arcadia
612 1237 790 1270 mortuum
811 1247 916 1281 esse,
945 1246 1024 1271 cum

372 1288 549 1325 coloniam
574 1289 611 1325 in
643 1288 830 1327 Aeolidem
867 1291 1025 1337 duceret,

374 1349 411 1382 et
442 1345 586 1394 quidem
615 1359 731 1395 prope
762 1345 798 1383 'l'
801 1359 950 1394 egeam,
980 1359 1024 1383 eo

376 1399 475 1448 loco,
532 1402 587 1437 cui
634 1414 766 1438 nomen
808 1397 1025 1453 Ὀρεστεῖον

373 1456 534 1502 (Herod.
561 1456 632 1502 IX,
664 1458 757 1504 11),
787 1458 844 1493 alii
877 1471 1024 1506 quoque

371 1515 549 1549 testantur
571 1513 776 1562 scriptores.
817 1514 928 1551 Unde
947 1513 1024 1551 Te-

371 1579 479 1616 geam
518 1580 603 1604 ossa
637 1568 814 1605 translata
857 1583 939 1607 esse
978 1583 1022 1607 eo

367 1624 484 1672 magis
514 1628 795 1662 consentaneum
834 1629 911 1673 est,
951 1638 1023 1674 quo

367 1678 534 1729 Aerope,
591 1680 733 1717 Orestis
772 1681 872 1728 avia,
924 1680 1025 1730 Aga-

367 1735 643 1784 memnonisque
661 1741 787 1782 mater,
818 1750 933 1786 genus
957 1739 1024 1774 du-

368 1790 474 1827 cebat
491 1803 513 1827 a
537 1790 704 1839 Tegeata
737 1805 828 1839 av0,
857 1794 918 1841 qui
944 1794 1024 1843 ipse

370 1845 537 1894 Tegeam
577 1848 784 1885 condidisse
830 1849 1022 1886 ferebatur.

368 1902 413 1938 cf.
452 1902 573 1938 Strab.
611 1903 697 1939 Xlll
744 1917 781 1954 p.
821 1907 926 1951 872,
977 1904 1021 1941 C.

366 1957 541 2006 Stephan.
578 1958 668 2006 Byz.
709 1972 737 1995 s.
765 1971 798 1995 v.
833 1955 1023 2011 Ὀρέσται.

366 2012 521 2050 Pausan.
543 2014 648 2061 VIII,
680 2018 704 2056 3
736 2014 813 2052 coll.
837 2016 934 2064 vlu,
955 2016 1022 2065 54,

365 2070 403 2109 3.
424 2068 482 2106 De
502 2070 644 2106 Orestis
673 2070 822 2108 coloniis
839 2073 911 2109 vid.
931 2073 1023 2109 Hel-

369 2124 473 2161 lanici
494 2127 658 2174 fragium.
689 2141 725 2178 p.
746 2127 800 2168 46
822 2130 878 2166 ed.
900 2129 1019 2166 Sturz.

368 2180 448 2217 coll.
471 2181 668 2231 Pherecyd.
686 2184 851 2233 fragmm.
874 2198 910 2235 p.
938 2187 1019 2226 210

368 2236 487 2273 SturZ.
538 2238 590 2275 Ac
620 2240 775 2288 denique
811 2242 958 2278 omnino
987 2241 1019 2277 si

368 2305 521 2340 quaeras
534 2323 543 2339 ‚
574 2308 646 2343 quo
665 2300 744 2332 tota
765 2297 835 2334 ista
861 2299 908 2336 de
924 2297 1020 2334 Ore-

368 2348 433 2384 stis
467 2350 640 2389 cadavere
680 2355 839 2390 narratio
879 2357 1019 2404 spectet

366 2404 485 2452 deque
520 2405 610 2442 illius
647 2408 680 2444 vi
715 2409 884 2456 mirifica,
920 2409 1017 2446 unde

365 2460 624 2509 Spartanorum
675 2464 773 2501 salus
826 2477 1016 2515 suspensa,

366 2514 435 2551 iam
457 2528 478 2552 a
502 2516 565 2553 Cr.
585 2520 758 2557 monitum
778 2525 835 2558 est
853 2521 1015 2569 (Corum.

365 2570 531 2608 Herodd.
567 2573 580 2609 I
626 2588 661 2625 p.
701 2578 818 2625 306),
848 2581 1015 2627 spectare

367 2625 456 2663 haee
482 2629 529 2665 ad
550 2628 710 2669 Manium
734 2632 940 2682 Larumque
959 2645 1017 2670 re-

367 2680 540 2731 ligiones,
577 2688 707 2735 quibus
737 2688 905 2727 Lacones
942 2701 1015 2725 non

366 2737 504 2785 minus,
558 2754 666 2790 quam
720 2744 813 2782 aliae
859 2745 1016 2783 Doricae

365 2798 517 2841 gentes,
556 2798 668 2835 dediti
705 2800 849 2838 suerint.
899 2800 1015 2838 Nam-

369 2861 439 2897 que
459 2854 642 2902 mortuos,
668 2856 872 2904 praeclaros
902 2857 1016 2907 inpri-

555 649 701 688 Ταῦτα
730 645 783 701 δὴ
815 640 878 689 ὧν
908 645 1048 688 πάντα
1077 644 1410 700 πυνθανόμενος
1436 645 1459 687 ὁ
1486 647 1691 698 Κροῖσος,

439 724 597 778 ἔπεμπε
636 723 680 775 ἐς
716 723 926 781 Σπάρτην
962 722 1172 781 ἀγγέλους
1212 723 1334 778 δῶρά
1383 739 1426 767 τε
1464 724 1748 780 φέροντας,20

1094 897 1162 935 mis
1184 897 1292 944 viros,
1322 909 1400 935 eam
1420 897 1559 947 ipsam,
1588 896 1655 933 sub
1675 895 1747 945 qua

1094 954 1246 999 iaceant,
1276 957 1407 990 terram
1430 965 1656 999 conservare,
1685 965 1747 989 cn-

1094 1010 1292 1057 stodesque
1321 1008 1504 1045 hominum
1540 1021 1582 1045 ac
1619 1008 1747 1057 depul-

1095 1078 1197 1102 sores
1223 1064 1399 1101 malorum
1419 1065 1520 1111 fieri,
1549 1068 1651 1101 vetus
1670 1067 1747 1101 erat

1092 1121 1312 1172 superstitio.

1150 1173 1253 1223 ὅκως
1273 1172 1483 1230 πειρῴατο]
1505 1174 1626 1224 Vulgo
1646 1173 1747 1214 ἕπει-

1094 1229 1240 1284 ρώατο,
1271 1235 1369 1283 quod
1400 1232 1565 1281 Schwgh.
1595 1231 1748 1269 mutavit

1092 1291 1128 1326 in
1149 1285 1430 1341 ἐπιπειρῴατο,
1461 1289 1576 1325 Gaiss.
1601 1288 1639 1325 in
1665 1301 1747 1327 πει-

1093 1342 1238 1399 ρῴατος
1285 1347 1385 1395 quod
1411 1358 1521 1394 quum
1556 1344 1672 1393 magis
1703 1356 1747 1381 ex

1091 1415 1157 1438 usu
1195 1402 1407 1439 Herodotco
1444 1414 1526 1438 esse
1553 1401 1747 1448 videretur,

1091 1458 1317 1495 adscivimus.
1347 1457 1539 1505 vulgatam
1558 1450 1746 1506 ἐπειρώα-

1089 1528 1132 1553 το
1182 1518 1332 1564 propter
1389 1513 1546 1549 Ionicam
1591 1513 1746 1549 formam

1092 1570 1178 1620 (pro
1199 1569 1435 1619 ἐπειρῶντο)
1465 1569 1589 1605 laudat
1613 1567 1744 1606 Matth.

1093 1625 1129 1677 ἓ-
1156 1627 1251 1673 204,
1275 1630 1313 1673 7,
1335 1626 1357 1662 b
1378 1640 1414 1676 p.
1432 1626 1526 1666 378.

1147 1679 1227 1732 ἤδη
1248 1681 1289 1721 δέ
1314 1694 1385 1731 σφι
1405 1680 1473 1738 καὶ
1493 1679 1521 1731 ἡ
1536 1676 1662 1731 πολλή
1675 1681 1747 1731 τῆς

1093 1734 1406 1788 Πελοποννήσου
1435 1739 1488 1788 ἠν
1509 1747 1746 1788 κατεστραμ-

1093 1792 1208 1843 μένη]
1264 1795 1374 1836 Quod
1403 1793 1589 1830 verissime
1616 1793 1686 1830 dici
1722 1804 1747 1830 a

1091 1849 1228 1886 Nostro
1287 1850 1457 1887 observat
1513 1849 1746 1887 Schlosserus

1091 1905 1427 1954 (Universalgesch.
1454 1906 1493 1953 I,
1525 1907 1546 1946 1
1568 1919 1604 1956 p.
1628 1906 1744 1954 333)-

1089 1961 1188 1999 Nam
1218 1962 1380 2011 reliquae
1419 1961 1662 2012 Peloponnesi
1694 1961 1745 1998 ci-

1088 2017 1218 2055 vitates
1240 2031 1283 2055 ea
1301 2022 1420 2056 aetate
1441 2031 1568 2069 parum
1587 2017 1743 2064 validae,

1088 2087 1156 2111 nec
1178 2074 1246 2111 ullo
1266 2075 1375 2111 modo
1389 2087 1520 2124 pares,
1551 2086 1645 2123 quae
1665 2072 1742 2112 La·

1088 2131 1331 2169 cedaemoniis
1361 2131 1583 2168 resisterent.

1271 2213 1303 2250 c
1315 2226 1335 2250 a
1344 2227 1380 2264 p.
1409 2212 1545 2251 LXIX.

1143 2295 1287 2347 ἔπεμπε
1310 2295 1348 2342 ἐς
1369 2291 1561 2346 Σπάρτην
1582 2311 1618 2335 κ.
1639 2311 1674 2335 τ.
1685 2293 1736 2346 λ.]

1083 2352 1255 2390 Laudant
1283 2352 1498 2390 Pausaniam
1519 2353 1582 2400 lv,
1611 2353 1650 2400 5,
1677 2353 1740 2390 ubi

1084 2409 1257 2446 Messenii
1288 2408 1585 2446 Lacedaemoniis
1609 2422 1741 2459 expro-

1086 2466 1202 2511 brant,
1233 2466 1332 2514 quod
1353 2467 1511 2502 omnium
1531 2467 1634 2515 primi
1656 2478 1738 2503 cum

1086 2522 1245 2558 barbaris
1278 2522 1406 2558 foedus
1435 2523 1578 2559 inierint
1605 2521 1737 2559 Croesi

1084 2578 1189 2614 donis
1212 2578 1329 2615 illecti.
1387 2578 1538 2615 Addunt
1578 2589 1737 2627 quoque,

1083 2633 1306 2682 Eurybatum
1351 2647 1373 2671 a
1411 2634 1551 2673 Croeso
1587 2634 1738 2671 missum

1082 2697 1167 2739 post
1193 2703 1271 2727 cum
1312 2690 1463 2740 pecunia
1504 2691 1554 2728 ad
1599 2690 1736 2739 Cyrum

1083 2748 1269 2784 transiisse
1289 2747 1482 2796 omniaque
1495 2746 1623 2784 Croesi
1648 2757 1735 2783 eon-

1082 2802 1163 2838 silia
1200 2803 1340 2853 perfide
1373 2803 1406 2840 ei
1441 2803 1633 2840 detexisse.
1664 2800 1730 2838 Cr.

1082 2858 1166 2895 citat
1192 2859 1290 2897 locos
1323 2871 1345 2896 a
1364 2857 1505 2896 Marxio
1536 2860 1731 2906 congestos

1873 2790 1877 2945 4
