1909 3228
336 506 436 551 210

491 244 576 285 «166

898 238 1362 279 HERODOTI

491 384 516 403 ,‚
528 362 625 405 σας,
656 349 727 393 καὶ
759 349 877 391 ποίεε
907 347 1022 399 ὅκως
1052 347 1180 391 ἐπεάν
1208 348 1290 404 ἐγώ
1320 346 1422 392 τάδε
1450 349 1743 405 καταστρεψά-
1764 357 1808 390 10

493 462 516 483 ,,
530 445 658 486 μενος
688 427 800 470 ἔλθω
831 427 936 478 ἐκεῖ,
986 426 1046 477 ὤς
1080 443 1156 483 μοι
1193 427 1463 485 καταστήσῃς
1497 428 1576 472 τὸν
1615 430 1750 472 παῖδα

492 541 517 561 ,,
529 508 570 558 ἐς
599 507 780 561 ἔλεγχον.

785 510 809 529 “
868 509 1018 561 Κῦρος
1048 505 1125 561 μὲν
1166 504 1329 549 δοκέων
1367 506 1562 562 Δαρεῖόν
1595 509 1638 551 οἱ
1668 507 1752 550 ἐπι-

494 582 741 642 βουλεύειν,
777 584 889 640 ἔλεγε
918 583 1039 628 τάδε·
1079 588 1140 643 τῷ
1170 584 1216 628 δὲ
1246 583 1269 628 ὁ
1301 587 1469 641 δαίμων
1498 586 1749 641 προέφαινε,

494 662 553 715 ὦς
583 662 713 716 αὐτὸς
737 663 815 721 μὲν
843 663 1105 720 τελευτήσειν
1136 664 1272 707 αὐτοῦ
1301 664 1436 721 ταύτῃ
1455 665 1627 720 μέλλοι,
1658 664 1751 720 ἡδὲ

465 745 697 800 Ξβασιληΐη
728 741 866 788 αὐτοῦ
895 745 1144 800 περιχωρέοι
1171 743 1215 795 ἐς
1243 749 1449 797 Δαρεῖον.

491 821 545 879 δὴ
585 817 647 866 ὧν
682 822 706 867 ὁ
740 820 980 879 Ὑστάσπης
1016 825 1181 867 τοῖσδε·

1511 741 1751 799 Ἀμείβεται
1765 750 1807 783 15

1239 820 1324 876 „⁷53
1354 827 1553 881 βασιλεῦ,
1597 821 1654 878 μὴ
1687 823 1751 878 εἴη

493 897 642 957 ,,ἆνήρ
676 902 846 959 Πέρσης
873 901 1082 958 γεγονώς,
1113 902 1232 954 ὅστις
1259 920 1327 947 τοι
1357 899 1654 958 ἐπιβουλεύσει
1673 917 1682 928 ·
1714 901 1751 944 εἰ

492 1012 517 1032 ,,
530 977 570 1023 δ’
603 980 714 1033 ἔστι,
755 979 962 1026 οἷπόλοιτο
993 978 1053 1032 ὥς
1080 980 1278 1037 τάχιστα·
1328 981 1374 1033 ὃς
1406 980 1501 1024 ἀντὶ
1537 981 1614 1037 μὲν
1645 979 1750 1024 δού-

493 1062 640 1111 ,,λων,
681 1059 886 1116 ἐποίησας
918 1060 1175 1117 ἐλευθέρους
1205 1060 1378 1116 Πέρσας
1408 1059 1539 1104 εἶναι·
1581 1057 1677 1102 ἀντὶ
1705 1059 1751 1102 δὲ

494 1251 563 1292 καὶ
587 1252 697 1294 ποίεε
721 1250 823 1302 όκως
850 1277 907 1285 -
937 1250 991 1302 ὧς
1018 1270 1086 1307 μοι

436 1306 683 1364 καταστήσῃς
706 1326 740 1350 κ.
772 1326 803 1350 τ.
822 1307 912 1362 λ.]”
902 1308 1001 1358 όκως
1029 1312 1087 1349 hic

437 1370 494 1403 est
518 1351 703 1415 quomo'clo,
735 1381 800 1417 quo
824 1372 952 1418 pacto,
981 1381 1088 1419 repe-

437 1422 540 1458 titum
560 1422 642 1460 dein
655 1452 666 1470 ‚
689 1429 839 1474 propter
856 1424 959 1474 plura
979 1437 1087 1461 voca-

437 1477 522 1514 bula
541 1478 746 1527 interiecta,
775 1480 810 1516 iu
829 1479 1002 1530 particula
1022 1478 1087 1527 ὥς,

441 1533 539 1570 cuius
559 1534 687 1572 eadem
713 1536 814 1573 notio
839 1549 880 1573 ac
900 1541 1088 1573 structura.

441 1589 549 1627 Conf.
567 1590 698 1628 Matth.
721 1591 744 1628 l.
766 1592 787 1629 l.
805 1605 891 1642 pag.
913 1594 1032 1633 1037.

631 1674 662 1712 C
681 1687 702 1711 a
717 1688 753 1726 p.
794 1674 909 1712 CCX.

495 1752 655 1797 αυτοῦ
680 1773 839 1813 ταυτῃ
864 1756 1084 1810 μέλλοι](3ῑ.

438 1814 605 1879 supral,
630 1816 708 1855 189
737 1815 798 1852 fin.

494 1863 696 1921 οἷμείβεται
723 1867 771 1920 δὴ
802 1872 858 1909 ὠν
890 1869 913 1910 ὁ
941 1866 1085 1910 Ὑστα-

440 1935 556 1981 σπης
566 1928 718 1972 τοῖσδε]
758 1926 899 1976 Vulgo:
931 1923 1084 1979 ἀμείβε-

437 1995 500 2020 ται
523 1982 579 2020 ών
600 1979 649 2033 δη
669 1980 693 2022 ὅ
708 1979 926 2034 Τστασπης
942 1989 1083 2023 τοιοῖσ-

439 2037 503 2086 68,-
531 2039 632 2087 quod
659 2038 868 2088 reliquimus
898 2040 1084 2089 Schweig-

437 2093 651 2131 haeuserum
678 2096 812 2143 secuti,
846 2097 906 2146 qui
937 2110 958 2134 e
985 2097 1083 2134 libris

437 2149 488 2186 ita
510 2151 641 2198 edidit,
679 2152 846 2201 beneque
875 2157 1000 2190 monet
1033 2149 1084 2204 δη

438 2206 496 2244 ὠν
517 2206 694 2244 aNostro
722 2209 842 2258 potius
874 2210 944 2246 dici
976 2222 1084 2259 quam

437 2256 495 2301 ὠν
511 2259 583 2313 δὴς
613 2264 709 2311 utl,
732 2264 797 2305 58.
819 2267 883 2306 59
904 2266 970 2307 75.
1007 2266 1086 2302 Ad-

436 2319 578 2356 dubitat
593 2323 716 2358 tamen
727 2333 856 2359 censor
872 2321 908 2358 in
919 2322 1082 2359 Ienenss.

435 2373 695 2425 Ephemeridd.
738 2379 846 2419 1817
872 2391 970 2415 num.
1003 2379 1082 2419 163

437 2443 474 2480 p.
491 2432 574 2473 362
592 2431 690 2470 locos
713 2433 910 2483 colligens,
939 2434 1002 2471 ubi
1024 2427 1081 2472 ὦν

434 2483 486 2536 δή
523 2488 720 2538 reperitur,
749 2494 789 2527 ut
820 2489 856 2537 I,
886 2489 951 2531 84.
987 2490 1079 2531 115.

434 2542 525 2584 174-
549 2545 628 2585 180
654 2549 720 2583 ete.
777 2545 810 2582 E
837 2545 1080 2583 Schellershe-

432 2598 551 2636 miano
570 2600 799 2639 Gaisfordius
818 2606 902 2652 post
923 2598 1077 2652 ἀμείβε-

433 2667 497 2691 ται
529 2653 678 2694 inseruit
709 2657 787 2706 οἷς
826 2658 924 2706 quod
954 2663 1076 2696 tamen

435 2708 520 2745 ferri
545 2723 653 2759 posse
681 2718 791 2760 negat
824 2714 881 2761 Al
885 2713 997 2749 etzius
1027 2713 1076 2749 ad

435 2762 469 2799 h.
483 2763 504 2800 l.
524 2766 701 2804 adnotans
713 2768 822 2805 verbo
841 2764 1076 2820 α’μείβεσθαι

433 2818 488 2855 vel
507 2823 743 2859 accusativum
767 2830 803 2861 et
832 2838 1010 2874 personae
1039 2829 1076 2862 et

431 2874 503 2921 rei,
541 2877 595 2914 vel
631 2880 866 2917 accusativum
898 2894 1077 2932 personae

1156 1260 1192 1295 et
1209 1257 1366 1295 dativum
1377 1254 1427 1292 rei
1440 1254 1695 1303 adiungi.—2'
1706 1268 1725 1292 ο
1742 1255 1805 1291 ἴσ-

1156 1314 1178 1352 6
1193 1327 1209 1352 ε
1239 1313 1363 1350 itidem
1390 1312 1469 1348 libri
1493 1311 1656 1362 plerique
1679 1310 1806 1347 iidem-

1156 1383 1227 1419 que
1244 1369 1380 1420 optimi.

1212 1424 1399 1475 ἐποίησας
1427 1420 1661 1474 ἐλευθέρους
1701 1419 1803 1472 Πέρ-

1158 1492 1228 1527 σας
1253 1478 1378 1529 εἶναι]
1422 1480 1479 1517 De
1495 1479 1669 1515 infinitivo
1689 1473 1803 1524 εἶναι,

1157 1538 1218 1586 qui
1239 1538 1423 1574 abundare
1454 1536 1636 1581 xideatur,
1665 1534 1803 1572 consul.

1156 1593 1286 1630 Matth.
1310 1593 1375 1630 Gr.
1399 1592 1463 1628 Gr.
1487 1605 1523 1642 p.
1550 1592 1643 1632 768.
1693 1590 1804 1633 Quod

1158 1651 1320 1698 sequitur
1372 1645 1460 1686 α’ντὶ
1509 1645 1551 1686 δὲ
1600 1643 1803 1697 ἄρχεσθαι,

1160 1706 1294 1741 omisso
1317 1704 1487 1750 articulo,
1518 1704 1567 1740 ita
1595 1708 1634 1739 ut
1653 1703 1803 1753 simplet

1154 1762 1348 1798 infinitivus
1379 1759 1684 1811 praepositionem
1710 1759 1804 1796 exci-

1154 1817 1250 1867 piat,
1287 1818 1345 1853 vix
1388 1817 1576 1853 ferendum
1615 1815 1804 1852 videbatur

1152 1873 1238 1910 viris
1255 1873 1383 1910 doctis.
1439 1872 1567 1920 ltaque
1587 1871 1801 1908 Schaeserus

1151 1929 1219 1977 (ad
1237 1929 1393 1977 Gregor.
1415 1927 1580 1965 Corinth.
1598 1940 1634 1976 p
1651 1926 1705 1966 39
1721 1926 1801 1963 coll.

1150 1986 1287 2036 Appar.
1305 1984 1543 2022 Demosthen.
1559 1986 1585 2019 t.
1607 1981 1639 2018 ΙΙ
1649 1995 1684 2032 p
1698 1982 1799 2030 564)

1152 2042 1256 2078 scribi
1277 2040 1420 2077 maluit:
1451 2035 1539 2078 α’ντὶ
1563 2035 1605 2077 δὲ
1623 2039 1712 2077 τοῦ
1732 2035 1800 2102 ἶίρ-

1151 2102 1314 2149 χεσθαι,
1347 2096 1447 2145 quod
1487 2095 1605 2131 invitis
1635 2095 1797 2143 quamvis

1151 2154 1315 2190 omnibus
1333 2151 1514 2189 codicibus
1525 2179 1536 2198 ,
1547 2155 1692 2201 praeter
1707 2150 1797 2188 alios

1151 2209 1331 2246 Matthiae
1359 2220 1504 2256 quoque
1529 2219 1624 2243 nunc
1653 2205 1798 2256 placere

1149 2266 1267 2302 video.
1326 2264 1426 2300 Idem
1451 2268 1572 2299 tamen
1594 2263 1799 2300 conseratur

1150 2334 1298 2370 quoque
1319 2321 1353 2356 in
1373 2320 1535 2356 Gramm.
1554 2319 1664 2369 Gr.p.
1678 2317 1796 2360 1065.

1150 2378 1231 2415 Nec
1265 2376 1468 2424 Schweigh.
1498 2375 1633 2425 recepit
1665 2375 1796 2412 articu-

1148 2433 1242 2480 lum,
1276 2445 1489 2482 comparans
1519 2431 1590 2477 Vl,
1617 2431 1683 2472 32.
1716 2430 1798 2478 Vll,

1151 2493 1231 2531 170
1259 2489 1345 2538 ibiq.
1376 2500 1451 2525 var.
1484 2487 1628 2524 lection.
1664 2507 1719 2514 —
1753 2486 1795 2523 ln

1146 2559 1250 2595 seqq.
1287 2541 1540 2595 ἀπαγγέλλει
1569 2544 1665 2593 (pro
1695 2542 1793 2592 vulg.

1144 2598 1396 2654 ἀπαγγέλλοι)
1409 2600 1505 2638 libris
1523 2599 1726 2637 iubentibus
1738 2611 1796 2636 re-

1142 2659 1314 2696 stitutum.
1350 2677 1407 2685 —
1444 2656 1485 2694 In
1518 2653 1670 2721 formula
1699 2666 1794 2692 nunc

1142 2716 1228 2751 satis
1248 2719 1354 2751 nota:
1384 2714 1556 2762 χρῆσθαι
1574 2705 1685 2764 αὐτῷ
1698 2712 1788 2749 τοῦ-

1142 2783 1207 2816 το,
1243 2766 1265 2808 ὅ
1296 2783 1331 2806 τι
1363 2763 1523 2817 βούλεαι
1559 2766 1645 2803 nihil
1683 2767 1789 2816 quid-

1141 2837 1250 2873 quam
1273 2824 1494 2861 mutandum.
1538 2822 1646 2860 Conf.
1677 2822 1786 2858 modo

1141 2881 1269 2918 Matth.
1298 2894 1337 2931 p.
1355 2880 1447 2920 749.
