1909 3228
665 203 880 242 CLIO.
938 203 965 242 1.
1356 206 1441 246 363

186 312 442 370 προσφιλέες
476 314 519 357 οἷ
551 313 767 364 Φωκαιέες
805 312 920 356 οὕτω
969 311 1022 369 δή
1052 328 1092 356 τι
1122 311 1341 368 ἐγένοντο,
1380 309 1440 363 ὥς

176 391 238 439 .τά
268 393 346 448 μὲν
382 391 531 447 πρῶτά
572 403 707 448 σφεας
755 392 1006 442 ἐκλιπόντας
1040 389 1207 447 Ἰωνίην
1246 390 1495 434 ἐκέλευσε85

186 475 264 529 τῆς
292 471 458 516 ἑωυτοῦ
486 470 626 528 χώρης
664 474 834 528 οἰκῆσαι
873 471 982 516 ὅκου
1021 470 1275 528 βούλονται·
1333 469 1439 527 μετὰ

188 551 253 604 δὲ,
304 549 363 602 ὥς
391 550 519 594 τοῦτό
548 567 595 607 γε
625 551 708 595 οὐκ
737 552 879 595 ἔπειθε
914 550 1017 601 τούς
1051 548 1296 601 Φωκαιέας,
1338 546 1362 593 ὁ
1393 548 1440 594 δὲ
1497 559 1551 600 78

187 629 441 686 πυθόμενος
476 630 552 674 τὸν
587 632 748 686 Μῆδον
796 629 903 685 παρ’
953 629 1100 673 αὐτῶν
1146 628 1205 680 ὥς
1244 626 1439 681 αὔξοιτο,

188 708 336 753 ἐδίδου
366 721 445 765 σφι
472 709 667 765 χρήματα
696 714 829 765 τεῖχος
857 709 1165 765 περιβαλέσθαι
1196 708 1276 764 τὴν
1294 705 1437 751 πόλιν.

159 787 336 832 4ἐδίδου
375 788 420 831 δὲ
459 786 692 843 ἀφειδέως·
750 789 822 832 καὶ
862 789 943 844 γὰρ
973 788 1046 832 καὶ
1075 787 1102 844 ἡ
1131 789 1332 841 περίοδος
1359 789 1497 830 τοῦ90

186 869 345 922 τείχεος
374 864 455 910 οὐκ
486 863 623 921 ὀλίγοι
654 867 820 910 στάδιοί
849 869 952 911 εἶσι·
984 871 1113 910 τοῦτο
1133 869 1177 910 δὲ
1198 871 1285 909 πᾶν
1305 867 1442 910 λίθων

1060 946 1119 990 Τὸ
1156 945 1235 1001 μὲν
1275 945 1328 1000 δὴ
1357 949 1437 988 τεῖ-

66 946 162 992 164
185 945 385 1002 μεγάλων
412 946 486 988 καὶ
526 940 577 988 εὖ
615 946 997 1002 συναρμοσμένων.
1491 961 1697 990 Phocaeensee
1716 970 1768 997 op-

1491 996 1636 1031 puoenad,
1681 995 1769 1023 rebus

1492 1030 1624 1056 omnibus
1677 1029 1768 1056 collo-

1491 1062 1565 1097 ctis,
1586 1063 1768 1098 navigantiu

1494 1095 1610 1124 Chium.

183 1041 257 1080 χος
285 1030 396 1068 τοῖσι
429 1028 674 1067 Φωκαιεῦσι
704 1026 850 1082 τρόπῳ
883 1029 1036 1084 τοιῷδε
1067 1022 1305 1080 ἐξεποιήθη.
1337 1023 1360 1068 ὁ
1389 1024 1434 1068 δὲ

171 1102 392 1159 ’Ἅρπαγος
423 1102 480 1154 ὦς
508 1103 691 1160 ἐπήλασε
720 1103 798 1161 τὴν
826 1105 1052 1162 στρατιήν,
1085 1101 1329 1156 ἐπολιόρκεε
1359 1101 1435 1146 αὐ-

183 1180 307 1234 τοὺς,
349 1183 657 1240 προϊσχόμενος
687 1185 787 1228 ἔπεα
815 1185 910 1237 ,,ὡ’ς
941 1186 984 1228 οἱ
1012 1186 1228 1240 καταχρᾷ,
1270 1184 1306 1226 εἰ
1335 1182 1492 1239 {iob-95

128 1386 302 1428 πάντα.
368 1390 439 1426 Cui
485 1389 672 1427 oblocutus
720 1395 777 1428 est

128 1446 312 1483 Schaefer.
340 1446 388 1483 ad
412 1445 565 1494 Dionys.
592 1446 775 1483 Halicaru.

128 1502 175 1539 de
203 1502 390 1551 composit.
416 1502 538 1539 verbb.
565 1515 650 1552 pag.
677 1503 773 1549 335,

126 1571 206 1595 cum
232 1554 362 1596 πάντα
390 1558 498 1595 etiam
523 1559 601 1595 sine
628 1558 775 1595 articulo

125 1616 335 1665 praeposito
362 1613 431 1651 hoc
446 1615 644 1664 reperiatur
656 1628 775 1652 seusu.

127 1671 196 1707 Est
212 1671 326 1708 enim:
345 1673 383 1707 in
401 1670 523 1707 Allem.
544 1672 625 1708 Vid.
643 1671 772 1708 Matth.

129 1727 194 1763 Gr.
215 1727 280 1764 Gr.
301 1725 337 1777 5
360 1729 439 1768 266
461 1731 536 1764 not.
593 1727 700 1764 Aliud
719 1732 774 1764 est

129 1778 280 1830 πάντα,
309 1784 355 1820 de
375 1796 448 1830 quo
479 1784 525 1819 ad
550 1783 589 1830 Ι,
611 1784 663 1824 50
695 1797 774 1820 mo-

128 1839 280 1875 nuimus.
297 1859 354 1866 —
381 1838 470 1874 Mox
486 1851 564 1874 cum
587 1839 772 1875 Gaisford.

127 1896 294 1945 rescripsi
328 1889 453 1947 τούτῳ
488 1892 539 1933 δὲ
578 1908 645 1945 pro
677 1894 773 1943 vulg.

128 1947 254 2001 τούτῳ
286 1951 309 1989 δ
320 1947 358 2001 η’.

182 2003 278 2046 ὅκου
300 2002 533 2057 βούλονται]
565 2005 623 2044 De
641 2006 776 2042 indica-

127 2064 190 2100 tivi
207 2077 274 2100 usu
292 2065 400 2110 conf„
429 2075 475 2099 ne
495 2061 618 2112 plura,
644 2062 774 2098 Matth.

131 2118 169 2170 5.
204 2123 307 2167 507,
351 2121 401 2167 3,
459 2132 566 2167 quem
620 2118 774 2155 eundem

129 2174 167 2227 5.
190 2176 271 2218 421
300 2180 376 2212 not.
405 2178 423 2215 1
450 2174 584 2211 consul.
614 2174 660 2211 de
684 2178 778 2210 stru-

129 2237 228 2269 ctura
261 2232 359 2269 verbi
389 2231 559 2269 πείθειν.
600 2250 642 2256 -
688 2230 777 2266 Mox

129 2288 255 2338 scripsi
292 2282 406 2327 τοῦτό
448 2301 511 2341 γε,
561 2286 622 2324 ubi
669 2285 777 2335 vulgo

130 2344 226 2382 male
254 2345 357 2382 abest
374 2343 426 2395 γε’.

186 2398 209 2439 ὁ
229 2397 271 2438 δὲ
289 2396 517 2450 πυθόμενος
534 2395 605 2438 τὸν
623 2399 776 2449 Μῆδον

130 2451 221 2505 παρ’
240 2452 370 2494 αὐτῶν
401 2454 453 2502 ὥς
483 2453 666 2505 αὔξοιτο]
697 2455 776 2492 Νο-

131 2515 247 2548 tamus
267 2512 303 2548 in
326 2513 381 2549 his
406 2512 616 2562 particulam
646 2509 696 2549 δὲ
718 2525 776 2549 re-

131 2568 303 2617 petitam,
336 2582 414 2604 cum
433 2568 529 2604 istud
551 2568 650 2616 quod
670 2580 777 2616 prae-

132 2628 291 2661 cesserat
314 2620 406 2673 μετιέ
434 2622 505 2670 δὲ,
538 2624 661 2672 utique
679 2625 778 2660 suffi-

134 2680 213 2716 ciat.
270 2679 409 2715 Similia
428 2681 604 2728 quaedam
627 2681 777 2728 praebet

134 2735 263 2772 Matth.
283 2736 347 2772 Gr.
371 2736 435 2771 Gr.
457 2749 541 2785 pag.
565 2738 683 2776 12u3.
720 2736 778 2773 De

134 2796 312 2828 structura
331 2792 453 2828 verbb.
473 2805 574 2840 seqq.
599 2788 663 2830 τὸν
684 2794 777 2842 Mvj-

135 2845 335 2895 δον--ὤς
356 2844 533 2895 αὔξοιτο,
563 2861 630 2899 pro
654 2846 779 2899 ὁΙῑῙῆ·

844 1391 914 1437 δος
935 1396 1001 1428 etc.
1037 1403 1186 1428 mouere
1209 1390 1267 1427 vix
1284 1403 1387 1440 opus.
1417 1390 1494 1427 Sed

843 1447 881 1483 iu
904 1448 984 1497 ipsa
1005 1460 1093 1483 voce
1115 1442 1180 1484 τὸν
1193 1446 1345 1495 Μῆδον
1366 1446 1494 1483 haese-

842 1508 925 1539 runt
960 1502 1024 1539 viri
1057 1503 1179 1549 docti,
1229 1502 1280 1538 ita
1315 1506 1374 1548 ut,
1415 1515 1494 1539 cum

842 1558 1042 1609 Harpagus
1076 1558 1208 1595 Medus
1251 1558 1401 1607 intelligi
1430 1571 1494 1596 ne-

843 1620 972 1664 queat,
1012 1612 1078 1654 τὸν
1098 1611 1238 1653 Λυδόν
1269 1615 1319 1663 (i.
1339 1629 1369 1652 e.
1394 1615 1495 1652 Croe-

841 1673 934 1719 sum)
964 1672 1021 1709 hic
1053 1672 1218 1708 substitui
1247 1671 1401 1708 mallent.
1434 1671 1496 1709 Tu

843 1728 970 1778 Cyrum
994 1728 1154 1776 intellige
1171 1726 1340 1775 IlIeclum,
1376 1728 1414 1764 id
1439 1732 1495 1765 est

842 1784 1025 1820 Ilstdorum
1064 1797 1199 1832 Tegeum
1248 1798 1327 1821 cum
1363 1784 1493 1821 Persas

840 1839 1030 1876 Medorum
1049 1841 1194 1877 nomine
1212 1841 1311 1889 apud
1332 1840 1493 1877 Graecos

839 1896 1128 1944 frequentissime
1164 1896 1358 1944 significari
1385 1909 1493 1934 nemo

840 1952 988 1988 neseiat.

897 2006 1030 2045 ἐδίδου
1059 2018 1131 2056 σφι
1161 2002 1341 2057 χρήματα
1369 2010 1494 2056 τεῖχος

842 2061 1127 2113 περιβαλέσθαι
1155 2060 1228 2113 τήν
1250 2059 1384 2108 πόλιν]
1417 2063 1492 2102 ἐδί-

844 2120 915 2157 δου
949 2119 1114 2169 explicuit
1149 2119 1326 2156 Matthiae
1351 2117 1388 2169 5.
1409 2123 1492 2161 210

842 2180 918 2212 not.
943 2178 964 2216 1
991 2188 1076 2224 pag.
1099 2174 1199 2222 394,
1229 2176 1324 2213 idem
1354 2174 1390 2226 5.
1409 2176 1491 2217 426

844 2232 891 2269 de
926 2232 1025 2268 verbi
1059 2228 1366 2282 περιβάλλεσθαι
1398 2237 1493 2269 stru-

844 2292 943 2324 ctura
973 2288 1065 2325 bene
1092 2288 1327 2338 praecipiens.
1347 2309 1404 2315 —
1433 2288 1492 2326 De

843 2348 1038 2381 structura:
1069 2341 1096 2395 ἦ
1119 2344 1301 2394 περίοδος
1325 2366 1364 2371 —-
1394 2340 1491 2384 ‹31:02-

844 2400 924 2440 διοί
945 2399 1020 2439 εἰσι
1041 2401 1135 2437 conf.
1157 2401 1204 2437 ad
1224 2400 1264 2448 I,
1284 2403 1350 2442 93.

1012 2484 1043 2521 C
1057 2497 1122 2535 ap.
1161 2483 1328 2521 CLXIV.

899 2565 1183 2619 προϊσχόμενος
1215 2566 1330 2617 ἔπεα,
1372 2564 1425 2614 ὥς
1454 2566 1496 2607 οἵ

844 2627 1040 2679 καταχρᾷ,
1083 2625 1117 2663 εἰ
1147 2620 1356 2675 βούλονται
1405 2626 1491 2662 Φω-

845 2680 970 2727 καιέες
990 2696 1024 2719 κ.
1038 2679 1127 2730 τ.λ.]
1157 2681 1215 2718 De
1234 2682 1493 2731 προΐσχεσθαι

846 2739 938 2775 conf.
973 2738 1012 2784 l,
1042 2739 1079 2778 3.
1104 2736 1194 2777 141.
1252 2738 1294 2774 In
1310 2738 1493 2786 sequenti-

845 2795 913 2830 bus
944 2798 1028 2830 tene
1071 2795 1273 2843 praesentis
1315 2794 1489 2844 temporis

848 2863 952 2887 usum
972 2850 1010 2886 in
1030 2849 1240 2898 indicativo,
1271 2850 1332 2888 ubi
1355 2851 1490 2888 oratio-
