1909 3228
559 188 980 229 EUTERPE.
1032 191 1078 228 11.
1350 192 1434 232 865

180 298 351 352 μένους.
381 297 660 354 μεμαθήκασι
691 296 733 341 δ’
765 293 828 342 ὧν
856 303 987 342 τοῦτο
1019 299 1174 350 πάντες
1204 300 1247 343 οἱ
1276 298 1430 354 Ἕλλη-

179 393 271 430 νες,
301 377 372 421 καὶ
401 377 582 432 μάλιστα
612 375 962 432 Λακεδαιμόνιοι.
1007 378 1162 433 ἥκιστα
1191 377 1236 421 δὲ
1267 378 1433 432 Κορίν-

59 463 158 509 168
182 461 277 500 θιοι
317 456 493 499 ὄνονται
530 456 634 506 τούς
671 455 948 510 χειροτέχνας.
1008 457 1145 509 Γέρεα
1181 456 1227 500 δέ
1268 467 1347 512 σφι
1373 451 1428 511 ἦν
1486 473 1618 509 Singulis
1660 475 1761 503 mum-

1485 508 1539 534 bus
1568 508 1646 543 apud
1666 511 1763 543 Aegy—

178 535 279 579 τάδε
309 534 620 590 ἐξαραιρημένα
649 533 855 589 μούνοισι
885 536 1159 590 Αἰγυπτίων,
1190 533 1324 589 πάρεξ
1342 539 1429 578 τῶν
1485 541 1563 576 ptios
1607 542 1763 569 duodenae

1486 575 1760 602 aruraeimmunes:

1485 613 1612 641 quantus
1623 617 1762 636 numerus

180 615 325 668 ἱρέων·
366 614 555 666 ἄρουραι
584 613 791 666 ἐξαίρετοι
830 612 1027 656 δυώδεκα
1057 614 1220 673 ἑκάστῳ
1253 613 1428 666 ἀτελέες.
1485 649 1518 667 ex·
1547 647 1672 672 utroque
1710 651 1762 677 ge-

1488 683 1561 700 nere
1581 675 1703 702 militum
1730 685 1760 702 in

146 692 203 749 Ξῆ
237 694 281 737 δὲ
315 692 484 746 ἄρουρα
515 691 667 734 ἑκατὸν
696 690 864 746 πηχέων
894 691 978 734 ἐστὶ
1003 695 1250 747 Αἰγυπτίων
1279 693 1621 748 mkvthOsinguios
1668 717 1762 735 annos

1487 741 1552 775 regi
1579 742 1761 775 apparuerit,

177 769 200 814 ὁ
233 772 277 814 δὲ
306 769 544 826 Αἰγύπτιος
582 774 720 825 πῆχυς
760 769 958 825 τυγχάνει
1000 769 1090 822 ἶσος
1131 771 1215 814 ἐών
1243 776 1304 828 τῷ
1334 775 1425 814 Σα-
1482 778 1511 801 ‘³2
1543 779 1684 808 q⁰³¹¹t⁰¹¹1
1712 784 1761 800 ⁰⁰·

1482 816 1547 834 rum
1565 808 1690 843 quisque
1708 817 1760 844 pa—

147 851 272 907 3μίῳ.
314 853 450 892 ταῦτα
479 849 557 904 μὲν
592 848 644 904 δὴ
682 854 795 892 τοῖσι
833 848 968 892 ἅπασι
1006 844 1062 905 ἦν
1099 850 1423 905 ἐξαραιρημένα.
1485 862 1564 900 186

173 928 274 971 τάδε
315 927 360 971 δὲ
401 928 446 970 ἐν
490 931 726 984 περιτροπῇ
773 928 1071 982 ἐκαρποῦντο,
1134 929 1206 971 καὶ
1254 929 1427 985 οὐδαμοὶ

145 1005 321 1050 4ὦυτοί.
380 1008 662 1062 Καλασιρίων
691 1008 842 1062 χίλιοι,
874 1008 944 1050 καὶ
972 1004 1267 1064 Ἑρμοτυβίων
1288 1007 1425 1060 ἄλλοι,

117 1199 284 1252 μένους]
317 1203 425 1239 Conf.
445 1207 520 1239 not.
540 1203 588 1240 ad
613 1202 658 1250 ΙΙ,
684 1201 763 1244 165

115 1259 178 1295 fin.

170 1310 312 1365 ἥκιστα
341 1312 382 1353 δὲ
404 1314 619 1366 Κορίνθιοι
652 1311 763 1353 ’όνον-

113 1385 175 1409 ται
195 1368 287 1417 τούς
306 1370 570 1421 χειροτέχνας]
597 1367 764 1409 &urcem

112 1426 229 1464 valet:
263 1432 488 1473 contemnere,
519 1439 688 1475 spernere,
707 1429 762 1462 ηἰ-

112 1483 180 1519 hili
197 1485 389 1519 aestimare.
449 1484 555 1520 Cons.
585 1495 692 1532 supra
714 1482 759 1529 H,

114 1541 193 1580 136
213 1535 460 1578 κατὸνεσθαι.
499 1539 547 1574 Et
574 1539 666 1575 bene
694 1539 760 1574 ad-

109 1601 234 1632 monet
265 1595 527 1644 W'esselingius
556 1595 653 1631 urbis
685 1595 759 1630 Co-

109 1651 218 1688 rinthi
262 1655 462 1689 mercatura
507 1651 758 1688 celeberrimae

110 1708 348 1757 opificumque
371 1708 495 1744 studiis
521 1708 675 1744 maxime
704 1708 759 1742 in-

112 1764 246 1812 signis,
287 1769 325 1800 ut
362 1765 453 1800 adeo
482 1764 545 1799 has
574 1768 669 1799 artes
697 1775 757 1799 ea·

108 1832 260 1868 rumque
289 1821 468 1856 studiosos
489 1819 664 1856 Corinthii
684 1831 760 1854 rna-

111 1888 184 1923 gno
203 1877 239 1912 in
257 1876 394 1912 honore
414 1876 612 1913 habuerint.
652 1875 758 1911 Conf.

110 1932 231 1969 Strab.
259 1932 342 1969 vill
369 1945 404 1982 p.
428 1933 510 1973 382
540 1946 567 1968 s.
589 1932 693 1978 586,
714 1929 757 1967 Α.

278 2043 309 2080 C
323 2057 389 2094 ap.
421 2042 617 2080 CLXVIII.

165 2124 277 2178 γέρεα
290 2125 332 2165 δέ
350 2138 421 2175 σφι
440 2120 506 2177 ἦν]
522 2125 635 2178 γέρεα
651 2140 757 2177 agros

109 2183 196 2220 dicit
230 2183 398 2220 militibus
440 2185 666 2232 assignatos,
715 2196 758 2221 ex

109 2251 263 2288 quorum
308 2239 483 2278 reditibus
519 2241 647 2276 victum
688 2240 757 2276 sibi

109 2302 337 2343 quaererent.
387 2296 495 2333 Conf.
521 2296 660 2333 Herod.
692 2295 754 2342 IV,

111 2353 202 2391 162.
230 2352 307 2392 165
339 2356 375 2388 et
400 2357 474 2388 not.
503 2353 550 2389 ad
579 2352 635 2398 ΙΙ,
665 2352 755 2392 164.

106 2405 187 2443 Hos
215 2419 298 2443 vero
330 2420 437 2455 agros
464 2408 560 2445 omni
589 2407 755 2456 vectigali

108 2467 267 2500 exemtos
296 2464 423 2511 fuisse,
455 2476 498 2502 ex
524 2463 558 2500 h.
579 2463 602 2500 l.
624 2464 756 2501 intelli-

107 2530 235 2566 gimus.

163 2599 192 2650 ἦ
207 2597 248 2639 δὲ
266 2597 418 2652 ἄρουρα
437 2622 485 2628 -
506 2602 753 2654 Αἰγυπτίων]

107 2657 213 2694 Conf.
232 2657 285 2702 ΙΙ,
308 2658 384 2698 149
409 2659 494 2707 ibiq.
516 2664 591 2695 not.
645 2659 755 2701 Quod

105 2726 191 2750 vero
211 2713 342 2749 Suidas
359 2714 501 2759 scribit,
522 2714 653 2763 plethri
670 2726 756 2763 par-

105 2773 178 2806 tem
197 2774 360 2817 quartam
384 2769 556 2819 appellari
578 2767 754 2820 ἄρουραν

106 2830 143 2863 et
181 2824 442 2873 quinquaginta
472 2825 625 2876 pedibus
667 2838 753 2864 con-

151 2880 360 2919 HERODOT.
392 2881 420 2918 I.

1484 925 1540 958 nis,
1551 925 1648 953 carnis
1659 926 1760 953 etvini

1486 959 1620 1019 q-qotidie
1636 968 1757 996 accep&

1485 1000 1510 1020 ri
1528 1012 1536 1021 .

833 1207 959 1250 stare,
1007 1203 1044 1240 id
1080 1205 1129 1241 ad
1163 1209 1325 1242 nostrum
1365 1205 1483 1244 locum

833 1260 1022 1297 commode
1042 1261 1167 1298 referri
1188 1263 1320 1310 nequit.
1361 1262 1482 1310 Magis

832 1316 900 1352 hue
929 1316 1032 1361 facit,
1077 1317 1175 1365 quod
1198 1323 1322 1355 monet
1340 1318 1483 1356 U‘urm.

832 1372 878 1408 de
910 1373 1048 1421 poudd.
1081 1378 1162 1409 ratt.
1200 1387 1285 1423 pag.
1313 1374 1366 1415 94
1402 1375 1482 1411 coll.

830 1440 866 1476 p.
890 1430 990 1473 100,
1035 1425 1212 1480 ἄρουραν
1248 1443 1327 1467 esse
1362 1435 1482 1468 terrae

827 1487 966 1532 partem
1002 1489 1169 1530 aratam,
1209 1498 1359 1532 aream,
1402 1499 1477 1523 non

827 1538 1092 1586 longitudinem
1117 1541 1382 1590 quinquaginta
1411 1556 1476 1591 pe-

828 1595 924 1630 dum.
984 1596 1112 1644 Itaque
1140 1597 1173 1632 h.
1195 1597 1217 1634 l.
1243 1597 1478 1646 intelligenda

827 1656 881 1687 est
902 1664 985 1688 area
1005 1658 1146 1689 centum
1165 1654 1291 1690 cubitis
1312 1666 1478 1703 quaqua-

824 1719 944 1743 versus
967 1712 1113 1744 extensa
1146 1709 1220 1746 sive
1243 1722 1329 1746 area
1349 1711 1476 1747 decem

824 1762 918 1799 mille
943 1764 1142 1800 cubitorum
1169 1766 1425 1813 quadratorum
1447 1779 1474 1803 s.

826 1820 976 1863 22:300
1021 1821 1156 1869 pedum
1204 1821 1475 1869 quadratorum.

826 1874 920 1910 Add.
967 1874 1120 1912 Iomard.
1164 1876 1201 1912 in
1232 1877 1400 1927 descript.
1430 1879 1477 1915 de

826 1929 920 1978 l‘Eg.
940 1932 1080 1980 antiqq.
1108 1931 1123 1968 I
1149 1932 1192 1982 (3
1209 1931 1305 1982 livr.)
1332 1947 1368 1984 p.
1395 1935 1477 1976 683

827 1999 930 2035 seqq.

881 2038 974 2081 τάδε
994 2040 1036 2081 δὲ
1061 2041 1103 2081 ἒν
1120 2047 1341 2098 περιτροπῇ
1365 2043 1475 2097 ἐκαρ-

825 2098 1004 2149 ποῦντο]
1037 2096 1130 2138 τάδε
1164 2101 1319 2149 pertinet
1345 2102 1391 2138 ad
1417 2115 1474 2149 ea,

826 2168 920 2204 quae
956 2156 993 2191 in
1032 2155 1105 2193 fine
1145 2168 1222 2206 cap.
1260 2157 1475 2205 indicantur,

823 2212 951 2261 panis,
982 2212 1097 2248 carnis
1123 2224 1164 2248 ac
1183 2212 1253 2248 vini
1274 2214 1471 2262 portiones.

823 2289 879 2294 —
901 2267 976 2315 ,,ἐν
995 2270 1215 2321 περιτροπῇ
1238 2269 1259 2304 i.
1280 2282 1310 2305 e.
1333 2267 1374 2307 ἐκ
1398 2284 1472 2308 πε-

826 2318 960 2373 ριόδου
980 2336 1042 2372 per
1069 2326 1180 2372 vices,
1210 2325 1472 2374 interpretante

822 2379 849 2416 Ι.
870 2380 930 2416 Fr.
955 2380 1141 2416 Gronovio
1166 2380 1214 2416 ad
1241 2380 1358 2417 Taciti
1376 2381 1471 2419 Ger-

824 2448 917 2472 man.
941 2448 1020 2485 cap.
1037 2437 1129 2477 26.“
1161 2435 1224 2472 Cr.

881 2493 1135 2541 Καλασιρίων
1152 2492 1280 2541 χίλιοι,
1310 2489 1376 2529 καὶ
1388 2490 1471 2542 Ἑρ-

826 2548 1024 2597 μοτυβίων
1048 2545 1180 2596 ἄλλοι]
1211 2544 1321 2585 ἄλλοι
1339 2549 1470 2585 rectius

824 2615 921 2639 nunc
950 2604 1114 2640 additum
1142 2603 1320 2640 invenitur
1337 2631 1348 2650 ‚
1386 2604 1471 2641 olim

823 2660 1006 2695 omissum.
1063 2661 1184 2706 Atque
1212 2659 1348 2695 dudum
1383 2660 1470 2696 illud

823 2719 1050 2764 expresserat
1086 2714 1199 2751 Valla.
1275 2714 1470 2752 Caeterum

822 2769 878 2806 hie
912 2770 1061 2807 militum
1090 2783 1282 2817 numerus,
1320 2770 1469 2808 collatus

822 2838 900 2862 cum
922 2826 1069 2864 militum
1095 2839 1245 2863 numero
1274 2838 1353 2877 cap.
1377 2827 1466 2868 165.

1163 2882 1222 2923 55
