1909 3228
294 214 378 251 914
738 207 1354 247 EXCURSUSVIH

706 736 1215 787 EXCURSUS
1272 737 1393 785 VIII

492 856 614 894 AD
708 851 1610 900 HERODOT.11,123.

598 961 666 1005 [Ex
688 962 850 997 Creuzeri
877 965 1068 997 commentt.
1095 960 1249 993 Ilm-odd.
1276 970 1311 1002 p.
1331 959 1395 993 331
1418 957 1501 1002 seq.]

408 1195 575 1245 „Zo‘ega
597 1198 696 1233 recte
720 1195 859 1245 accepit
888 1195 1000 1231 verba
1020 1194 1222 1231 Herodoti:
1252 1194 1327 1232 τοῦ
1348 1188 1526 1242 σώματος
1549 1186 1591 1228 δὲ
1610 1185 1808 1236 καταφθί-

295 1279 435 1310 νοντος
470 1264 510 1301 ‹le
548 1276 684 1313 corpore
713 1263 851 1313 dilapso
877 1267 908 1300 et
942 1266 980 1300 in
1008 1265 1134 1299 cineres
1160 1262 1339 1300 dissoluto.
1398 1260 1496 1297 Nam
1524 1258 1678 1309 primum
1707 1254 1807 1303 cogi-

295 1334 407 1370 tanda
438 1337 521 1369 sunt
548 1333 653 1369 nobis
695 1333 798 1369 rudia
829 1336 865 1368 et
892 1331 1061 1367 inchoata
1097 1331 1351 1368 tantummodo
1388 1328 1490 1364 initia
1523 1325 1806 1364 condiendorum

295 1414 487 1451 corporum
508 1428 519 1446 ‚
558 1413 670 1448 quae,
708 1405 749 1436 ut
782 1400 930 1449 quidem
966 1399 1140 1446 videtur,
1190 1412 1210 1436 e
1240 1398 1393 1435 desertis
1432 1396 1575 1432 Africae
1615 1394 1807 1440 ducuntur,

296 1473 426 1518 sponte
456 1468 700 1504 arescentibus
724 1468 959 1504 cadaveribus
985 1467 1076 1503 sicco
1107 1472 1237 1514 vento,
1267 1471 1303 1503 et
1332 1466 1378 1502 ad
1406 1469 1549 1512 tempus
1579 1461 1803 1498 durantibus.

295 1535 464 1582 Deinde,
503 1535 563 1583 qui
586 1547 766 1584 pauperes
789 1547 831 1570 ac
859 1538 986 1571 tenues
1020 1547 1085 1582 per
1114 1533 1320 1584 Aegyptum
1347 1532 1445 1569 tenui
1475 1531 1630 1578 rudique
1654 1528 1805 1564 artificio

295 1608 380 1654 post
410 1607 559 1639 mortem
592 1602 872 1639 condiebantur:
919 1615 1043 1639 eorum
1074 1602 1251 1638 cadavera
1288 1613 1415 1650 parum
1454 1597 1624 1636 credibile
1661 1600 1739 1633 crat
1767 1596 1803 1631 in

295 1674 506 1721 perpetuum
539 1671 730 1716 duratura,
778 1675 817 1706 ut
847 1672 1008 1707 omittam
1036 1669 1214 1706 nobiliora
1255 1680 1402 1716 quoque
1433 1671 1470 1702 et
1509 1663 1803 1713 generosioribus

296 1738 441 1775 condita
466 1738 737 1774 medicamentis
761 1751 915 1788 corpora
942 1751 1016 1774 non
1044 1738 1082 1772 in
1112 1740 1329 1785 perpetuum
1355 1734 1528 1770 immunia
1553 1745 1574 1769 a
1602 1730 1805 1780 corruptela

297 1819 386 1843 esse.
446 1803 526 1841 Nec
554 1805 669 1853 magis
696 1806 905 1842 memorabo
925 1835 935 1852 ,
974 1806 1039 1852 vi,
1076 1806 1172 1840 serro
1206 1804 1367 1852 igneque
1396 1803 1562 1839 absumta
1595 1812 1675 1837 esse
1712 1811 1805 1834 non-

296 1885 480 1921 nunquam
510 1873 687 1909 cadavera
711 1873 909 1919 medicata,
939 1873 1037 1910 velut
1069 1885 1169 1917 cum,
1209 1872 1391 1920 Cambyse
1422 1872 1539 1916 duce,
1570 1868 1704 1905 Persae
1727 1866 1805 1903 bel-

296 1943 428 1979 latores
474 1952 540 1990 per
573 1939 801 1976 Thebaidem
845 1944 927 1976 sunt
964 1940 1128 1988 grassati.
1216 1939 1262 1975 Et
1302 1944 1423 1976 tamen
1461 1951 1568 1974 nemo
1611 1937 1803 1985 quisquam

296 2008 557 2057 Aeg)1›ti‹›ru¹n
584 2008 744 2044 omnium
774 2009 997 2045 fraudandus
1028 2022 1071 2044 eo
1101 2007 1228 2044 solatio
1254 2012 1350 2044 erat:
1392 2008 1545 2042 animum
1569 2019 1669 2042 suum
1698 2007 1804 2041 etiam

297 2077 433 2125 dilapso
462 2077 595 2123 corpori
625 2077 840 2124 superstitem
861 2075 954 2124 fore.
1015 2075 1115 2117 Quid
1144 2077 1257 2123 igitur
1277 2074 1441 2124 feceruut
1469 2073 1688 2110 sacerdotes?
1726 2073 1802 2110 Do-

297 2148 437 2182 cuerunt
464 2143 645 2192 besariom.
706 2142 842 2180 Plebem
868 2144 1061 2180 imbuerunt
1091 2143 1133 2180 ed
1166 2145 1340 2192 opinione,
1379 2145 1419 2178 ut
1453 2142 1619 2188 crederet,
1650 2141 1694 2178 ab
1722 2153 1803 2177 eva-

296 2213 377 2251 nido
405 2223 559 2261 corpore,
596 2211 632 2247 h.
663 2224 692 2247 e.
724 2210 882 2260 delapso,
919 2211 995 2248 alia
1022 2224 1063 2247 ea:
1100 2211 1183 2248 aliis
1219 2224 1359 2260 corpora
1396 2212 1630 2257 ingressurum
1657 2209 1803 2246 hominis

297 2283 468 2318 (mz‘mumt
507 2279 576 2315 sz'bt'
597 2283 818 2315 reservarunt
853 2279 1071 2316 eruditiorem
1097 2282 1298 2316 sententiam
1323 2278 1590 2328 palingenesz'as.
1656 2278 1739 2321 Qua
1766 2279 1803 2315 in

296 2362 337 2387 re
367 2349 452 2385 illud
482 2359 586 2384 nemo
621 2346 765 2383 obiiciet
795 2347 921 2383 nobis:
963 2346 1031 2382 hoc
1058 2352 1164 2396 pacto
1199 2347 1325 2384 melius
1362 2346 1565 2382 consultum
1593 2346 1704 2383 fuisse
1729 2345 1803 2396 pri-

297 2417 416 2453 mariis
437 2416 521 2452 viris
551 2415 829 2464 honoratisque,
876 2420 917 2451 nt
945 2415 1006 2462 qui
1037 2428 1076 2451 sc
1099 2415 1323 2451 condiendos
1350 2426 1473 2450 curare
1502 2418 1650 2463 possent
1680 2415 1801 2452 effica-

297 2485 370 2520 cius
397 2485 443 2519 ad
472 2484 750 2533 perpetuitatem
779 2485 916 2519 formae
942 2494 1161 2531 corporeae,
1209 2495 1316 2530 quam
1346 2495 1425 2518 cum
1451 2482 1594 2520 infimae
1624 2483 1802 2519 conditio-

296 2552 352 2587 nis
382 2551 605 2596 hominibus,
648 2555 686 2587 ut
714 2564 869 2599 quorum
897 2551 1074 2587 cadavera
1110 2550 1210 2586 citius
1240 2551 1460 2588 diffluerent.
1519 2548 1615 2585 Nam
1647 2549 1798 2599 primum

297 2632 403 2655 nemo
430 2619 563 2665 nescit,
603 2619 639 2654 in
666 2619 845 2655 eiusmodi
883 2619 1110 2655 sacerdotum
1147 2631 1347 2666 regumque
1385 2617 1610 2654 orientalium
1650 2616 1800 2666 imperio

297 2697 406 2734 quam
443 2685 513 2721 vim
551 2684 685 2722 habeat
722 2686 912 2723 Castarum
945 2686 1178 2731 differentia,
1225 2689 1262 2721 et
1302 2689 1476 2734 qnantum
1516 2685 1584 2721 sibi
1616 2684 1800 2733 hodieque

298 2752 467 2788 Indorum
509 2753 702 2802 optimates
750 2753 965 2802 indulgeant
1009 2753 1044 2789 in
1093 2758 1334 2790 extremarum
1384 2752 1577 2789 Castarum
1622 2751 1797 2790 homines.

295 2819 440 2857 Deinde
468 2818 522 2855 vcl
551 2820 742 2858 vilissimae
774 2822 880 2858 sortis
916 2820 1102 2865 homines,
1149 2819 1210 2869 qui
1239 2824 1323 2870 post
1349 2824 1501 2857 mortem
1531 2820 1667 2857 Osiridi
1689 2821 1797 2857 vitam
