1877 3223
445 238 590 291 :164x
838 234 1306 274 nunono'ri

445 345 616 406 Κρήτης
643 345 881 404 ἀγαγέσθαι
910 347 1055 389 ταῦτα.

390 527 427 562 et
454 521 615 573 Lycurgi
635 521 897 572 legislationem
920 522 1033 559 inter-

389 581 517 618 cedere
543 580 727 627 dicantur;
769 580 819 615 ita
847 583 906 624 ut,
935 578 1032 616 Leo-

389 637 474 673 bota
494 636 660 683 adeoque
678 635 751 670 eius
772 635 842 671 silio
871 635 1033 682 Dorysso

389 695 564 740 regnante
581 704 627 727 ne
648 694 753 726 natus
777 691 922 739 quidem
951 703 1033 727 esse

388 747 547 798 potuerit
564 746 764 794 Lycurgus.
793 746 1033 793 Marsi-nunus,

389 816 461 852 quo
498 802 727 839 Herodotum
766 803 1035 850 quodaminodo

390 859 593 897 conciliaret
611 870 689 894 cum
711 857 923 906 reliquorum
950 859 1036 895 scri-

387 920 531 966 ptorum
550 913 784 960 testimoniis,
814 919 951 951 mutata
974 927 1036 950 vo-

389 984 470 1009 cum
506 971 797 1008 Herodotearuin
834 970 923 1006 sede
963 969 1035 1018 legi

387 1027 479 1064 vult:
509 1020 844 1078 ἐπιτροπεύσαντα
867 1021 1032 1074 α’ὂελφι-

389 1082 481 1123 δέου
505 1081 575 1133 μὲν
605 1082 777 1127 ἑωυτοῦ,
810 1079 1034 1132 βασιλεύον-

387 1154 454 1186 τος
483 1137 526 1178 δὲ
556 1137 833 1190 Σπαρτιητέων
863 1134 1035 1189 Λεωβώ-

387 1210 482 1243 τεω,
519 1199 560 1232 ut
583 1196 772 1244 Lycurgus
806 1195 911 1231 suerit
939 1199 1035 1231 tutor

387 1252 450 1289 filii
468 1252 588 1289 fratris
621 1251 695 1298 sui,
733 1251 900 1288 Leobota
921 1251 1035 1299 Spar-

387 1308 482 1345 tanis
520 1321 607 1356 regc
655 1308 863 1357 imperante.
930 1308 1035 1350 Quae

387 1364 478 1400 ratio
503 1364 534 1400 si
553 1364 710 1414 placeat,
740 1376 855 1400 novae
883 1363 1034 1399 difficul-

387 1423 481 1456 tates
501 1420 704 1457 exorientur
724 1424 957 1468 eteinporuin
976 1432 1034 1454 ra-

386 1476 486 1513 tione
534 1475 592 1512 vix
637 1474 900 1521 conciliandae,
940 1487 1035 1523 quae

386 1529 590 1580 Lycurgum
636 1535 800 1580 tempore
844 1531 1035 1568 Leobotae

385 1587 519 1625 vixisse
565 1586 785 1635 tutelamque
831 1587 1033 1624 exercuisse

387 1643 534 1681 minime
561 1643 757 1692 patiuntur.
814 1642 910 1680 Nam
938 1642 1032 1678 Lur-

387 1698 531 1736 cherum
558 1700 593 1735 si
620 1712 830 1747 seqmumr,
868 1699 1030 1735 Labotas

387 1766 432 1791 ex
466 1754 807 1803 Eurysthenidarum
856 1756 1032 1803 progenie

385 1811 550 1858 regnavit
565 1811 650 1848 inde
676 1811 721 1847 ab
743 1823 837 1846 anno
865 1811 968 1851 1035
997 1823 1029 1846 a.

385 1865 473 1902 Chr.
482 1880 548 1916 per
557 1867 797 1915 quadraginta
807 1879 919 1902 annos
933 1878 1031 1902 eum-

387 1933 458 1970 que
485 1926 627 1960 secutus
659 1922 843 1970 Doryssus
874 1923 1031 1970 quadra-

387 1978 486 2026 ginta
509 1979 580 2014 duo
609 1991 725 2026 usque
752 1979 798 2014 ad
826 1978 927 2025 953,
959 1991 1030 2027 quo

384 2033 466 2084 ipso
477 2046 571 2070 anno
581 2033 795 2083 Agesilausl
815 2035 861 2071 ad
878 2047 1029 2083 reguum

385 2093 528 2127 evectus
549 2094 615 2128 est.
651 2089 842 2139 Lycurgus
862 2104 947 2128 vero
964 2104 1030 2127 na-

385 2149 444 2182 tus
472 2150 529 2183 est
563 2148 644 2188 924
674 2159 706 2183 a.
733 2147 831 2194 Chr„
861 2151 898 2184 et
918 2148 1030 2184 frater

386 2200 599 2250 Polydectes
619 2202 720 2251 954,
750 2203 812 2252 qui
827 2207 931 2253 patre
952 2203 1029 2239 Eu-

387 2269 496 2294 nomo
519 2259 702 2297 interfecto
719 2287 729 2306 ‚
768 2271 920 2308 regnum
945 2261 1028 2300 912

386 2318 592 2364 susceptum
618 2327 684 2364 per
711 2314 838 2364 viginti
874 2319 1029 2365 quatuor

387 2381 502 2405 annos
531 2372 655 2407 tenuit.
720 2371 902 2408 Successit
934 2371 1026 2407 filius

387 2425 564 2462 Chau‘llus
580 2439 675 2463 anno
697 2427 799 2474 888,
815 2440 855 2464 ac
873 2439 1027 2475 regnum

387 2481 500 2518 tenuit
513 2481 681 2531 Lycurgo
699 2487 817 2520 tutore
838 2496 904 2533 per
922 2494 1027 2519 sexa-

386 2537 488 2585 ginta
505 2542 658 2586 quatuor
676 2552 803 2576 annos,
858 2538 944 2588 Ipsa
961 2551 1024 2576 ve-

386 2605 428 2629 ro
451 2592 607 2642 Lycurgi
630 2594 805 2644 legislatio
835 2594 959 2631 incidit
985 2594 1023 2631 in

385 2660 518 2685 annum
537 2651 616 2690 866
627 2664 637 2695 ·,
673 2652 786 2688 tribus
800 2654 885 2701 post
903 2650 1020 2696 annis,

386 2705 480 2750 863,
501 2705 677 2742 Charinus
697 2707 809 2744 tutela
824 2707 1020 2744 dimittitur.

385 2758 486 2797 Haec
504 2759 724 2809 Larcherus,
751 2763 812 2812 qui
832 2763 916 2799 nihil
934 2775 1020 2800 cun-

384 2819 499 2852 ctatus
530 2816 566 2852 in
588 2817 800 2856 Herodoteo
828 2823 926 2856 textu
951 2830 1018 2868 pro

384 2868 611 2922 Λεωβώτεω
636 2878 808 2912 mutatum
840 2875 912 2912 vult
938 2876 1016 2913 Χα-

1116 343 1174 394 ὠς
1202 341 1285 398 γὰρ
1310 341 1593 398 ἐπετρόπευσε
1621 341 1694 386 τά·

1100 519 1232 569 ρι’λλου
1260 517 1388 567 (prout
1409 517 1480 554 iam
1506 517 1640 555 dudum
1671 517 1750 568 pla·
1796 558 1800 561 ,

1098 580 1222 614 cuerat
1241 574 1416 621 Buherio)
1446 573 1555 621 idque
1576 576 1694 623 ipsum
1714 575 1750 610 in

1100 632 1212 669 altera
1235 630 1412 667 versionis
1433 630 1591 667 editione
1603 643 1749 679 expres-

1101 690 1167 734 sit,
1197 700 1306 735 quum
1340 687 1376 722 in
1406 685 1516 735 priori
1554 685 1753 722 Marshami

1101 744 1338 789 sententh‘un,
1359 755 1453 790 quae
1475 742 1582 779 ctiam
1603 741 1752 779 wesse-

1103 800 1214 848 lingio
1235 812 1308 835 non
1332 812 1481 848 prorsus
1509 797 1754 848 displicuerat,

1104 860 1247 893 secutus
1273 859 1382 892 esset.
1440 854 1523 890 vid.
1556 859 1630 890 not.
1660 853 1753 890 Lar-

1104 913 1198 949 cher.
1220 912 1267 947 ad
1286 912 1319 947 h.
1336 910 1357 946 l.
1383 914 1418 947 et
1441 910 1544 960 plura
1562 911 1598 947 in
1618 909 1749 946 Tabul.

1104 967 1326 1014 Cln-onoiog.
1347 966 1393 1002 T.
1414 966 1479 1002 wi
1503 980 1538 1016 p.
1557 966 1637 1008 489
1648 979 1750 1015 seqq.

1101 1024 1177 1060 Sed
1200 1024 1302 1060 testis
1324 1022 1491 1070 vulgatae
1515 1023 1612 1071 apud
1629 1022 1751 1059 Hero-

1101 1081 1225 1116 dotum
1260 1079 1425 1115 lectionis
1457 1078 1576 1115 existit
1612 1078 1753 1114 Pausa-

1101 1137 1180 1172 nias
1199 1134 1269 1181 lll,
1293 1133 1426 1184 2§.3:
1459 1133 1558 1173 ἔτεσι
1580 1131 1622 1172 δὲ
1642 1129 1751 1172 ὕστε-

1103 1207 1175 1241 ρον
1213 1187 1262 1230 ου’
1301 1193 1462 1236 πολλοῖς
1506 1185 1701 1240 Λαβώτας
1730 1187 1754 1228 ὅ

1098 1243 1352 1298 Ἐχεσι-οατου
1384 1243 1456 1297 τὴν
1486 1242 1614 1297 α’ρχήν
1642 1245 1753 1296 ἔσχεν

1102 1304 1144 1344 ἐν
1162 1300 1352 1369 Σπάοτῃ·
1394 1305 1536 1342 τοῦτον
1564 1299 1632 1342 τὸν
1659 1306 1753 1342 Λα-

1102 1357 1268 1411 βαίταν
1291 1345 1570 1410 Ἡρόδοτος
1599 1358 1653 1397 ἐν
1683 1361 1753 1427 τῷ

1102 1413 1234 1470 λόγω
1264 1418 1321 1454 vc?
1345 1416 1385 1462 ἐς
1404 1418 1630 1468 Κροῖσον
1653 1411 1753 1454 v‘no

1101 1459 1415 1536 Λυκούογου
1465 1474 1557 1510 τοῦ
1604 1470 1752 1522 θεμὲ·

1101 1544 1190 1568 νου
1220 1544 1312 1574 τους
1334 1524 1480 1578 νόμους
1505 1526 1630 1578 φησὶν
1651 1527 1750 1567 ἐπι-

1099 1599 1256 1637 τοοπε
1267 1587 1468 1635 υθηναι
1489 1582 1686 1623 παῖὸα’
1673 1581 1749 1623 όν-

1099 1656 1176 1688 τα,
1206 1637 1433 1692 Λεωβώτην
1460 1639 1503 1679 ὁέ
1530 1640 1570 1679 οἱ
1596 1641 1750 1679 τίθεται

1098 1695 1141 1737 τὸ
1167 1695 1291 1747 ’όνοιια
1319 1697 1386 1736 καὶ
1417 1693 1466 1735 ου’
1489 1694 1691 1747 Λαβώταν
1713 1711 1749 1735 κ.

1099 1769 1130 1792 τ.
1150 1756 1183 1792 λ.
1227 1755 1342 1790 Cuius
1367 1753 1550 1802 scriptoris
1585 1757 1750 1804 tempore

1098 1811 1167 1845 nisi
1202 1810 1383 1846 Herodoti
1423 1808 1639 1859 exemplaria
1677 1810 1749 1846 iam

1098 1867 1297 1915 depravata
1317 1879 1399 1903 esse
1419 1866 1572 1912 dixeris,
1585 1866 1641 1901 vix
1663 1865 1749 1904 inde

1099 1922 1282 1972 expedies.
1341 1921 1390 1958 Et
1410 1926 1532 1958 narrat
1559 1921 1748 1960 Philemon

1097 1991 1156 2028 ap.
1183 1978 1359 2027 l'orpliyr
1388 1978 1554 2021 Quaestt.
1576 1978 1745 2016 Homerr.

1096 2038 1173 2071 sect
1227 2034 1257 2070 ἶ
1264 2034 1311 2070 lll
1349 2035 1424 2070 init.
1472 2031 1598 2073 πολλὰ
1628 2032 1745 2100 φέρε-

1098 2094 1196 2129 σθαι
1233 2105 1278 2141 με
1271 2089 1343 2142 ’χοι
1371 2106 1449 2128 νυν
1485 2086 1744 2142 αμαρτήματα

1094 2143 1193 2185 mm}
1229 2161 1304 2196 την
1332 2142 1539 2194 Ἡυοὸότου
1581 2159 1744 2198 συγγοα-

1096 2198 1194 2252 φήῃ,
1242 2202 1352 2245 Quod
1373 2203 1403 2237 si
1425 2202 1492 2239 hoc
1512 2202 1590 2239 loco
1611 2203 1742 2251 valeat,

1093 2259 1191 2296 idem
1219 2258 1296 2294 aliis
1330 2270 1475 2307 quoque
1503 2258 1612 2306 locis,
1649 2271 1742 2309 quo-

1093 2327 1172 2351 rum
1194 2313 1263 2350 iam
1289 2313 1426 2362 aliquot
1446 2315 1650 2363 attigimus,
1679 2315 1742 2352 ubi

1092 2369 1296 2419 corruptela
1322 2375 1466 2406 nostros
1490 2370 1600 2407 libros
1629 2383 1739 2410 manu

1092 2427 1247 2477 scriptos
1266 2427 1482 2465 antecedere
1497 2427 1651 2475 videtur,
1670 2428 1740 2465 erit

1091 2483 1332 2520 statuendum.
1398 2482 1579 2532 Equidem
1615 2487 1739 2522 tamen

1091 2536 1238 2588 ἐπέχω,
1277 2551 1345 2576 nec
1370 2538 1407 2575 in
1437 2544 1538 2576 tanto
1564 2539 1738 2578 librorum

1090 2607 1268 2632 consensu
1294 2595 1490 2644 quidquam
1514 2599 1654 2634 mutare
1671 2608 1737 2633 au-

1088 2651 1216 2698 deam,
1233 2652 1445 2701 praesertim
1463 2665 1543 2689 cum
1560 2653 1668 2690 etiam
1688 2652 1737 2690 de

1087 2706 1166 2756 ipsa
1194 2706 1352 2756 Lycurgi
1370 2707 1484 2758 stirpe
1508 2708 1670 2746 diversas
1695 2709 1734 2746 in

1085 2767 1206 2812 partes
1229 2764 1327 2801 abire
1338 2763 1479 2801 videam
1495 2768 1634 2803 veteres
1644 2764 1733 2802 scri-

1083 2823 1229 2868 ptores,
1260 2832 1414 2868 quorum
1434 2825 1538 2867 sunt,
1568 2819 1730 2869 quiPry-

1082 2879 1204 2913 tanem
1224 2876 1301 2913 eius
1320 2882 1462 2926 patrem
1479 2878 1638 2921 narrent,
1661 2873 1727 2910 ali-

1865 232 1877 329 A(
