1909 3228
63 482 159 528 131

659 210 962 249 cL10.1.

186 320 236 365 τό
275 319 503 377 πρότερον.

186 400 326 457 πάσης
353 404 430 457 τῆς
455 398 594 456 Ἀσίης
621 395 734 457 ἦρξε.

298 479 469 534 Πέρσας
501 481 548 524 δὲ
593 478 694 524 οἴδα
742 477 917 535 νόμοισι
964 482 1109 524 τοῖσδε
1150 481 1441 538 χρεωμένους·

1362 215 1447 255 3οΊ

563 325 722 365 τοῦτον
768 321 814 365 δὲ
858 321 1281 378 καταστρεψάμενος,
1331 323 1445 368 οὕτω

185 559 411 616 ἀγάλματα
443 559 522 615 μὲν
550 560 624 604 καὶ
661 559 796 615 νηοὺς
824 561 897 604 καὶ
926 560 1101 617 βωμοὺς
1129 559 1212 605 οὐκ
1241 561 1288 605 ἐν
1316 560 1438 618 νόμῳ

296 777 610 829 Cap.cxxxr

182 860 340 914 Πέρσας
389 857 431 899 δὲ
480 856 570 900 οἶδα
620 856 778 911 νόμοισι

124 918 255 957 τοῖσδε
300 914 546 969 χρεωμένους
565 915 579 967 ]
648 918 779 957 τοῖσδε

125 988 204 1012 cum
226 974 344 1011 Gaisf.
367 974 554 1020 dedimus,
582 978 690 1023 prout
703 988 779 1012 me-

125 1031 233 1069 liores
284 1031 366 1068 libri
411 1031 594 1067 iubebant.
657 1031 777 1079 Vulgo

123 1087 306 1127 τοιοῖσδε.
337 1108 385 1114 --
428 1087 600 1135 Sequitur
633 1086 691 1123 hic
714 1088 776 1124 ubi

126 1144 215 1192 Cyri
252 1156 295 1180 ac
338 1143 553 1189 Persarum,
593 1156 690 1179 nuuc
727 1144 775 1180 ad

124 1213 302 1237 summum
339 1199 530 1250 imperium
570 1204 774 1237 evectorum

122 1257 259 1294 mentio
282 1258 377 1293 facta
403 1260 501 1302 erat,
531 1256 708 1303 digressio
727 1257 774 1294 de

121 1312 224 1350 huius
246 1312 365 1361 gentis
382 1312 551 1348 institutis
564 1341 574 1359 ,
587 1312 773 1360 religione,

120 1373 274 1417 totoque
297 1368 441 1405 vivendi
461 1381 606 1416 genere.
665 1369 773 1405 Conf.

120 1437 216 1474 quae
237 1425 284 1462 de
308 1424 511 1461 huiusmodi
539 1424 774 1472 digressioni-

119 1481 187 1518 bus
218 1493 240 1517 a
263 1481 368 1517 nobis
394 1481 579 1531 disputata
613 1484 697 1517 sunt
725 1481 772 1518 ad

120 1537 409 1585 1‚231,56

176 1616 380 1673 ἀγάλματα
423 1617 494 1672 μὲν
540 1636 608 1660 και
645 1618 773 1673 νηοὺς

120 1692 188 1716 και
228 1674 390 1729 βωμους
438 1692 510 1716 ουκ
564 1677 606 1717 ἐν
662 1674 772 1733 νόμῳ

120 1732 383 1784 ποιευμένους
413 1731 644 1784 ἷδούεσθαι]
678 1720 773 1772 Pen-

120 1791 210 1828 dent
235 1790 348 1836 haec,
377 1790 525 1847 opinor,
555 1791 600 1827 ab
631 1794 773 1828 antece-

120 1847 223 1884 denti
243 1846 354 1884 verbo
376 1841 476 1893 οἶδα,
490 1847 589 1894 quod
604 1846 661 1884 hic
670 1860 772 1883 men-

121 1907 158 1941 te
197 1901 441 1952 supplendum
474 1902 624 1938 videtur.
682 1902 772 1939 Mox

119 1963 242 1996 tamen
271 1958 375 1994 huius
405 1962 603 1995 structurae
625 1958 771 2005 oblitus,

120 2015 158 2052 in
200 2015 401 2052 orationem
451 2018 584 2051 rectam
629 2014 771 2062 transit,

117 2071 309 2108 scribendo
334 2068 567 2121 ἐπιφέρουσι
583 2069 662 2106 loco
683 2083 771 2120 par-

116 2127 228 2177 ticipii
278 2124 551 2177 ἐπιφέροντας.
610 2126 652 2162 In
695 2139 769 2175 quo

116 2183 227 2220 nolim
243 2182 409 2220 insistere
420 2212 430 2229 ,
449 2196 529 2219 cum
546 2182 770 2220 huiuscemo-

118 2240 156 2276 di
192 2239 362 2276 transitus
402 2239 500 2276 haud
539 2252 623 2275 raro
670 2239 771 2289 apud

117 2294 293 2333 Nostrum
305 2295 515 2345 scriptorem
531 2295 771 2333 inveniantur.

117 2349 354 2388 Locutionem
373 2350 414 2390 ἐν
433 2347 545 2405 νόμῳ
564 2355 771 2390 ποιεῖσθαι

118 2407 339 2456 interpretor
375 2407 564 2456 equidem:
613 2410 651 2444 ιή
681 2420 771 2443 more

120 2462 263 2509 habere,
291 2476 319 2499 s.
340 2464 501 2513 passive:
536 2466 574 2500 ιή
594 2477 684 2500 more
702 2477 768 2512 po-

119 2521 226 2556 situm
256 2531 336 2555 esse.
403 2519 495 2556 Inde
524 2532 598 2556 non
620 2532 769 2556 necesse

118 2580 278 2613 vertere:
309 2573 412 2623 nefas
438 2575 569 2612 habere.

118 2632 229 2669 modo
249 2631 422 2680 νομίζειν
444 2630 508 2678 IV,
526 2632 590 2672 59.

174 2687 216 2724 In
258 2686 339 2736 ipso
374 2692 589 2735 argumento
625 2686 769 2737 plurimi

116 2748 276 2781 veterum
296 2756 376 2779 cum
405 2743 598 2780 Herodoto
615 2756 770 2781 consen-

116 2800 230 2846 tiunt,
266 2811 418 2848 quorum
447 2798 545 2835 locos
571 2812 767 2848 congesse-

117 2861 199 2893 mnt
216 2855 377 2893 Brisson.
392 2856 439 2893 de
458 2867 534 2904 reg.
558 2854 765 2906 Pers.prin-

626 2575 768 2613 Eodem

849 776 919 826 cip.
938 775 994 823 ΙΙ,
1013 779 1068 818 28
1089 782 1126 815 et
1143 791 1223 828 sqq.
1245 779 1343 827 (coll.
1363 782 1497 831 Heyde

848 832 894 869 de
915 836 1000 870 vett.
1018 833 1118 871 Pers.
1137 834 1239 883 relig.
1259 836 1309 872 ΙΙΙ
1326 850 1410 886 pag.
1420 840 1495 887 93)

849 892 885 925 et
904 888 1074 926 Davisius
1095 891 1143 926 ad
1164 891 1280 929 Cicer.
1305 893 1352 930 de
1372 894 1494 943 Legg.

845 945 901 993 ΙΙ,
923 948 974 986 10
992 959 1078 996 pag.
1106 947 1189 988 234
1210 949 1266 986 ed.
1286 949 1415 986 Creuz.
1445 951 1496 988 Et

846 1002 982 1038 consul.
1008 1003 1127 1053 ipsum
1146 1003 1376 1042 Herodotum
1395 1006 1491 1051 VIII,

847 1061 938 1100 109.
995 1057 1050 1096 Ac
1075 1063 1172 1097 recte
1197 1062 1343 1110 quidem
1367 1063 1405 1098 in
1427 1076 1495 1099 no-

844 1119 919 1152 stro
943 1114 1020 1152 loco
1040 1116 1210 1153 insistunt
1227 1118 1291 1154 viri
1312 1118 1409 1155 docti
1425 1132 1491 1155 no-

843 1176 940 1209 strae
968 1172 1118 1219 aetatis,
1148 1186 1192 1209 ex
1221 1187 1293 1222 quo
1323 1175 1494 1224 simplici-

841 1232 898 1264 tas
933 1232 1042 1277 atque
1080 1229 1268 1277 integritas
1308 1230 1491 1279 religionis

840 1283 1034 1321 Persarum
1067 1286 1203 1334 optime
1243 1292 1493 1335 cognoscatur,

841 1353 912 1389 qua
924 1341 1049 1390 purior
1063 1345 1099 1378 et
1118 1342 1163 1378 ab
1179 1341 1343 1379 humanis
1365 1357 1492 1394 super-

841 1397 1045 1433 stitionibus
1082 1399 1198 1445 magis
1239 1398 1404 1435 immunis
1434 1401 1492 1436 vix

839 1452 911 1489 ulla
940 1465 1007 1502 per
1035 1465 1178 1490 omnem
1203 1454 1310 1491 fuerit
1335 1455 1493 1505 antiqui-

838 1513 961 1546 tatem.
1018 1508 1191 1559 Namque
1216 1524 1393 1549 summum
1424 1525 1492 1549 nu-

838 1578 924 1603 men
946 1578 1020 1602 non
1039 1566 1256 1615 imaginibus
1275 1572 1353 1605 arte
1362 1568 1490 1606 huma-

839 1623 888 1659 na
905 1623 1008 1659 factis
1031 1626 1204 1672 tanquam
1234 1624 1406 1672 symbolis
1428 1638 1490 1663 ex-

840 1679 1048 1728 primebant
1073 1679 1330 1729 colebantque,
1361 1682 1427 1718 sed
1451 1682 1488 1718 in

839 1735 928 1784 ipsis
953 1748 1070 1783 aquae
1104 1739 1140 1773 et
1171 1736 1266 1784 ignis
1302 1736 1488 1775 elementis

838 1790 911 1826 vim
929 1791 1086 1827 divinam
1102 1792 1377 1829 venerabantur.
1400 1793 1490 1830 Inde

838 1858 907 1883 nec
943 1846 1086 1896 templis
1111 1860 1225 1896 opus,
1260 1860 1328 1884 nec
1359 1849 1487 1886 statuis

837 1914 906 1938 nec
925 1901 1097 1939 altaribus
1116 1902 1255 1940 affabre
1276 1904 1391 1941 factis.
1406 1903 1486 1942 Ne-

838 1970 910 2006 que
934 1958 1104 2004 obstant,
1146 1958 1174 1994 si
1206 1971 1301 2007 quae
1330 1959 1486 2010 templo-

837 2026 915 2050 rum
934 2026 976 2050 ac
994 2018 1192 2050 statuarum
1209 2015 1362 2063 vestigia
1376 2029 1483 2066 repe-

834 2070 992 2116 riantur,
1035 2074 1206 2107 monente
1234 2071 1418 2109 Creuzero
1444 2073 1483 2110 in

835 2125 998 2174 Symbol.
1026 2125 1042 2163 I
1075 2138 1160 2176 pag.
1183 2126 1275 2167 651.
1305 2130 1386 2169 719
1422 2129 1481 2166 ed.

837 2182 982 2219 secund.
1039 2181 1137 2219 Nam
1173 2182 1332 2231 loquitur
1362 2184 1484 2221 Hero-

837 2239 947 2274 dotus
992 2238 1039 2275 de
1081 2238 1260 2288 primitiva
1296 2239 1486 2289 magisque

836 2307 928 2345 pura
961 2294 1154 2331 Persarum
1189 2294 1393 2345 religione,
1426 2297 1483 2333 cui

837 2350 908 2386 alia
934 2351 1128 2400 postmodo
1148 2363 1192 2387 ex
1215 2350 1364 2388 aliarum
1392 2365 1483 2401 gen-

836 2408 926 2443 tium
943 2405 1036 2443 cultu
1057 2407 1183 2443 addita
1210 2420 1310 2454 esse,
1341 2420 1384 2445 ea
1401 2408 1482 2458 ipsa

835 2463 1053 2500 documento
1074 2466 1178 2510 sunt,
1200 2475 1294 2512 quae
1310 2464 1483 2501 continuo

835 2519 935 2569 apud
979 2518 1154 2555 Nostrum
1196 2519 1377 2568 leguntur.
1431 2520 1481 2557 Et

834 2575 981 2611 omnino
1003 2575 1176 2623 imagines
1195 2576 1370 2624 quasdam
1393 2576 1482 2613 deo-

836 2644 916 2668 rum
937 2631 973 2667 in
992 2631 1077 2667 artis
1097 2631 1264 2680 operibus
1283 2631 1380 2668 haud
1399 2645 1481 2669 raro

834 2686 1001 2737 reperiri,
1032 2690 1208 2724 testantur
1225 2700 1320 2736 quae
1331 2689 1481 2737 egregia

834 2742 927 2780 hanc
947 2743 983 2779 in
1015 2755 1092 2780 rem
1118 2743 1312 2793 disputavit
1347 2744 1482 2782 Grote-

833 2799 931 2836 send.
971 2799 1008 2834 in
1045 2799 1223 2847 Biittigeri
1261 2798 1417 2837 Amalth.
1445 2799 1480 2837 ΙΙ

831 2867 916 2906 pag.
929 2857 982 2897 69
1002 2856 1307 2952 seqq.,2i(1))sisque
1329 2869 1372 2894 ex
1391 2869 1481 2907 ope-

1495 487 1656 519 Persarum
1682 491 1723 520 dii
1742 496 1773 521 et

1497 523 1655 553 sacrificia.
