1909 3228
565 255 989 295 EUTERPE.
1043 254 1087 292 11.

155 366 509 425 Ξταριχευθὲντες
549 367 596 410 ἐν
636 365 858 422 Βουβάστι
890 364 1002 408 πόλι.

127 549 213 595 post
236 545 344 580 vitam
367 544 480 590 ratio,
499 548 539 579 ut
557 543 686 580 eodem
702 554 781 578 mo-

129 603 198 648 do,
228 614 299 649 quo
327 601 397 650 ipsi
430 600 615 646 homines,
645 599 782 635 conde-

129 663 252 695 rentur
271 670 423 706 cumquc
444 657 486 692 iis
506 657 611 692 etiam
624 668 782 693 commu-

130 715 166 751 ni
206 714 384 750 domicilio
426 713 529 761 quasi
558 718 642 762 post
671 712 781 747 vitain

129 771 374 819 iungerentur.
434 770 543 805 cons.
572 769 700 816 Zo'ega
735 768 781 804 (le

131 828 301 864 obelisco.
336 839 422 876 pag.
454 827 535 866 283
567 839 670 874 seqq.
729 824 783 860 Ac

129 887 341 934 repererunt
361 884 425 919 viri
442 882 538 918 docti
563 883 684 945 utique
705 894 783 918 ma·-

130 953 241 1003 gnam
288 939 535 976 huiuscemodi
572 951 722 974 mumiu
727 950 785 974 um

131 997 273 1046 copiam
289 1009 355 1046 pei
383 1010 413 1032 v
407 996 501 1032 .-·.ui1s
523 994 604 1031 Aea
581 996 683 1045 gypti
702 1006 786 1044 par-

130 1057 209 1100 tes,
250 1052 443 1103 piaccipue
480 1053 516 1087 in
546 1050 786 1101 Memphiticis

130 1110 366 1158 regionibus,
397 1109 456 1146 ubi
476 1108 649 1159 plurimae
669 1108 786 1144 axium

133 1179 315 1203 sacrarum
352 1171 434 1202 suut
470 1166 650 1211 mumiae,
688 1169 724 1201 ct
750 1164 787 1199 in

134 1223 329 1260 Thebaicis
346 1223 479 1272 cryptis
494 1221 679 1257 Gallorum
699 1234 788 1270 ope-

134 1280 174 1316 ra
191 1280 456 1316 accuratissime
477 1278 679 1328 descriptis.
704 1277 788 1312 vid.

133 1336 294 1384 Rouyer.
328 1336 364 1371 in
400 1335 570 1384 descript.
610 1335 657 1370 de
688 1334 787 1381 l’Eg.

135 1393 211 1429 livr.
232 1392 263 1428 X
294 1405 330 1441 p.
356 1394 436 1432 219
467 1404 545 1438 seq.
577 1395 613 1427 et
632 1390 789 1426 Iomard.

136 1449 159 1486 l.
180 1449 201 1485 l.
220 1449 289 1485 vol.
306 1448 320 1484 I
344 1447 419 1484 livr.
442 1447 476 1483 Il
504 1460 565 1482 sur
582 1446 634 1483 les
652 1447 788 1495 hypog.

135 1506 183 1543 de
202 1504 320 1542 Theb.
341 1508 427 1541 sect.
448 1503 481 1539 Χ
503 1501 538 1553 §.
560 1505 585 1544 8
605 1501 786 1552 pag.347

135 1575 240 1611 seqq.
277 1560 434 1608 (recueil
455 1560 501 1597 de
526 1560 630 1596 mem.
648 1573 684 1609 p.
703 1560 786 1598 313

137 1618 261 1668 seqq.)
279 1617 358 1654 coll.
381 1618 522 1654 Silvest.
547 1617 593 1653 de
614 1616 710 1664 Sacy
740 1614 787 1650 ad

139 1674 320 1713 Abdallat.
352 1688 388 1724 p.
420 1676 514 1715 202.
540 1676 633 1714 277.
691 1671 788 1709 Nam

135 1732 364 1781 reperiuntur
397 1735 433 1768 et
467 1729 723 1779 quadrupedes
754 1731 789 1764 et

138 1801 222 1825 aves
254 1791 291 1825 et
309 1786 453 1836 reptilia
480 1787 692 1822 mumiarum
723 1784 791 1820 hu-

138 1856 328 1881 manarum
368 1843 404 1878 in
444 1843 594 1879 modum
624 1841 791 1884 eondita3

140 1913 236 1950 quae
263 1900 451 1937 conditura
474 1911 549 1934 non
571 1898 719 1934 inferior
738 1900 793 1932 est

139 1957 325 1994 hominum
355 1955 545 1994 conditura
573 1967 640 1990 nec
677 1952 793 1990 medi-

142 2014 315 2050 camentis
329 2041 340 2059 ,
353 2012 586 2058 aromatibus,
605 2023 672 2047 nec
683 2009 794 2058 opera

142 2070 322 2115 adhibita,
351 2081 469 2116 neque
489 2080 575 2104 vero
594 2065 795 2103 involucro-

141 2140 242 2174 rum,
278 2126 469 2163 fasciarum
503 2128 570 2161 etc.
605 2127 795 2173 praestan-

141 2184 204 2220 tia.
265 2183 363 2226 Quin
398 2181 491 2217 adeo
527 2180 667 2217 obtinet
702 2179 795 2215 inter

142 2240 340 2277 bestiarum
366 2238 517 2274 mumias
537 2237 664 2274 eadem
686 2240 796 2283 atque

144 2296 239 2333 inter
251 2296 424 2332 humanas
452 2293 603 2330 muniias
626 2292 796 2329 differen-

146 2353 217 2400 tia,
246 2356 286 2387 ut
313 2365 345 2387 v.
366 2365 394 2388 c.
424 2351 579 2387 maximo
602 2354 719 2386 sumtu
739 2361 797 2384 or-

146 2411 392 2456 namentoque
422 2407 568 2443 condita
597 2407 669 2442 sint
690 2405 798 2441 cada-

147 2477 234 2501 vera
271 2463 382 2499 ibium
421 2467 531 2511 atque
578 2462 796 2511 accipitrum.

148 2519 368 2568 Magnorum
388 2532 473 2556 vero
492 2518 698 2555 animalium
714 2521 799 2554 sunt

149 2589 226 2612 non
259 2576 401 2623 integra
436 2576 613 2612 cadavera
642 2574 799 2619 condita,

152 2633 217 2669 sed
237 2636 357 2682 partes
376 2632 626 2667 tantummodo
653 2629 802 2677 aliquot,

150 2701 235 2725 ossa
253 2688 466 2737 praecipue,
496 2686 667 2736 imposito
685 2687 804 2735 capite

150 2745 298 2782 factitio.
326 2743 515 2780 Sufficiant
531 2743 632 2790 haec,
651 2754 671 2778 e
688 2741 803 2779 Creu-

151 2801 227 2838 zeri
269 2803 512 2837 commentatt.
561 2798 754 2835 Herodott.
786 2798 803 2834 I

151 2870 189 2907 p-
210 2856 289 2898 147
312 2870 415 2906 seqq.
437 2857 518 2896 163
536 2867 612 2904 seq.
633 2855 802 2904 deprom-

151 2917 238 2964 pta,
266 2913 316 2951 ad
346 2913 603 2951 accuratiorem
630 2911 712 2948 miri
733 2910 803 2948 uti-

1363 252 1447 293 635

1054 363 1132 415 τοὶς
1161 363 1206 407 δὲ
1235 360 1373 414 κύνας
1402 361 1449 405 ἐν

849 553 922 590 que
944 539 1054 576 moris
1082 537 1368 587 intelligentiam.
1426 534 1507 572 Alia

851 598 923 633 suis
945 608 1111 645 quaeque
1134 595 1219 631 locis
1241 592 1505 631 adnotabimus.

849 653 993 690 Monuit
1020 653 1115 688 idem
1142 651 1184 688 V.
1214 651 1261 688 D.
1293 651 1341 687 de
1377 649 1431 686 his
1470 649 1507 685 in

850 709 1004 760 symbol.
1029 708 1042 744 [
1062 721 1097 757 p.
1121 707 1202 748 478
1233 712 1270 744 et
1291 710 1398 744 antea
1416 718 1508 754 quo-

851 780 923 816 que
944 766 1036 802 binis
1067 764 1321 814 scriptionibus
1349 763 1418 799 hoc
1449 774 1509 798 ar-

851 828 1060 873 gumentum
1074 825 1285 870 persecutus
1297 824 1373 857 erat
1382 818 1509 867 Lang-

852 880 964 929 gutl1.:
984 878 1023 914 (lc
1042 878 1159 914 bestiis
1170 877 1422 927 Aegyptiorum
1433 879 1509 911 stu-

853 938 911 974 dio
936 937 1106 972 conversis
1138 936 1175 970 in.
1202 936 1373 979 ηιαηῑίαε,
1410 932 1510 968 Vite-

854 996 954 1041 berg.
972 993 1091 1037 1808,
1122 994 1179 1028 et:
1210 990 1251 1027 (le
1272 991 1409 1026 mumiis
1428 989 1509 1025 avi-

855 1064 913 1087 um
933 1052 969 1086 z'n
997 1047 1196 1097 labyrintho
1217 1046 1312 1097 apud
1336 1046 1511 1082 Sacaram

854 1109 1017 1157 repertis,
1049 1105 1233 1152 Viteberg.
1258 1104 1378 1144 1803.
1420 1102 1511 1144 Qui-

854 1166 921 1202 bus
944 1163 1029 1199 add.
1052 1160 1330 1198 I.Reinha1dt.:
1353 1158 1510 1208 (lequin-

857 1233 921 1270 que
956 1230 1091 1255 mamm.
1124 1218 1314 1253 bestiarum
1342 1216 1432 1252 Aerrae
1393 1218 1510 1264 gyptt.

855 1276 1022 1314 Hamiac
1068 1274 1176 1315 1824
1195 1303 1205 1321 ,
1265 1277 1301 1310 et
1340 1271 1511 1309 Miuutoli

855 1332 1068 1380 Nachtrkige
1086 1344 1132 1367 zu
1154 1344 1182 1367 s.
1199 1330 1312 1368 Reise
1329 1342 1415 1380 pag.
1427 1328 1510 1369 225

855 1402 959 1438 seqq.

913 1439 1346 1494 ταριχευθέντες]
1366 1440 1514 1477 Adscri-

855 1502 982 1538 bamus
1003 1499 1157 1537 Diodori
1176 1498 1293 1535 locum
1322 1497 1362 1544 I,
1391 1499 1444 1538 88
1467 1497 1515 1534 de

854 1557 910 1594 his
929 1557 1038 1594 sacris
1061 1555 1239 1592 bestiolis:
1255 1551 1349 1593 όταν
1372 1549 1404 1592 δ’
1419 1550 1515 1592 oino-

856 1611 970 1667 θοὲνῃ
1005 1628 1042 1651 τι
1059 1641 1069 1659 ,
1108 1607 1262 1650 σινδόνι
1296 1605 1515 1649 κατακαλύ-

857 1680 1007 1721 ψαντες
1046 1667 1114 1708 καὶ
1148 1661 1227 1719 μετ’
1257 1667 1432 1719 οἰμωγῆς
1468 1663 1516 1705 vc}

859 1723 992 1778 στήθη
1030 1721 1374 1775 καταπληξαμενοι
1396 1755 1405 1772 ,
1446 1722 1515 1774 φέ-

860 1796 999 1835 ρουσιν
1017 1783 1073 1828 εἰς
1090 1797 1160 1827 τας
1181 1781 1392 1832 ταριχείας·
1414 1779 1515 1819 ε’πει-

860 1856 907 1878 τα
930 1837 1269 1890 θεραπευθέντων
1300 1833 1432 1875 αὐτων
1455 1851 1516 1875 κε-

862 1896 954 1949 δοίςι
977 1911 1044 1934 και
1069 1898 1150 1940 τοῖς
1163 1892 1400 1944 δυναιιὲνοις
1420 1907 1517 1932 ευω-

863 1953 953 1992 δίαν
1005 1949 1247 2002 παοέχεσθαι
1288 1948 1357 1988 καὶ
1398 1952 1517 1988 πολυ-

862 2005 1025 2060 χθόνιον
1044 2010 1116 2046 τοῦ
1138 2003 1317 2057 σώματος
1334 2003 1516 2057 τήοησιν,

863 2061 1091 2104 θαπτουσιν
1129 2063 1170 2102 ἐν
1204 2063 1328 2114 ἱεραῖς
1355 2058 1517 2112 θηκαις.

863 2123 1083 2159 Invenerunt
1102 2123 1221 2157 autem
1247 2120 1342 2156 docti
1364 2119 1488 2155 Galli
1481 2132 1518 2156 in

864 2178 1057 2216 Thebaicis
1079 2176 1289 2214 conditoriis
1309 2175 1440 2212 multas
1454 2175 1517 2225 fe-

864 2235 949 2272 lium
968 2234 1131 2271 mumias.
1170 2233 1252 2270 Vid.
1271 2232 1428 2269 lomard.
1451 2231 1472 2269 l.
1495 2231 1516 2268 l.

865 2296 902 2330 et
919 2296 1010 2328 nott.
1032 2291 1080 2327 ad
1099 2289 1132 2326 II
1146 2319 1155 2335 ‚
1178 2292 1243 2330 66.

922 2347 963 2387 ἐν
1002 2341 1267 2397 Βουβάστι
1308 2339 1424 2394 πόλι]
1459 2343 1519 2382 De

864 2405 933 2442 hac
952 2405 1041 2441 urbe
1058 2403 1127 2439 vid.
1153 2415 1259 2451 supra
1282 2401 1337 2447 II,
1361 2403 1426 2442 60.
1465 2400 1519 2437 Ac

866 2462 977 2498 refert
998 2460 1066 2496 huc
1086 2459 1183 2495 urbis
1205 2470 1339 2494 nomen
1359 2456 1517 2507 Stepha-

866 2531 933 2554 nus
952 2516 1177 2566 Byzantinus
1207 2515 1273 2551 sub
1298 2527 1390 2561 voc.,
1420 2514 1519 2562 quod

861 2573 971 2624 felem
1004 2573 1179 2609 denotare
1212 2570 1345 2607 scribit.
1402 2569 1518 2607 Dubi—

868 2636 922 2666 tat
969 2627 1240 2677 quodammodo
1291 2626 1519 2676 Champollio

871 2686 1048 2734 (l’Egypt.
1069 2697 1152 2720 sous
1171 2684 1192 2720 l.
1213 2683 1314 2733 phar.
1334 2683 1367 2719 II
1386 2683 1519 2733 p.67),

869 2743 924 2778 cui
945 2754 966 2777 a
984 2742 1127 2778 numine
1143 2739 1369 2789 Aegyptiaco
1386 2752 1520 2776 nomen

869 2798 966 2834 urbis
986 2797 1179 2834 deductum
1200 2809 1280 2834 esse
1296 2796 1518 2833 verisimilius

868 2855 1018 2891 videtur.
1058 2852 1116 2890 Ad
1136 2852 1260 2890 felium
1284 2852 1415 2890 cultum
1435 2864 1520 2902 per-

869 2910 983 2948 tinere
1001 2910 1161 2956 videtur,
1188 2909 1287 2959 quod
1312 2910 1412 2961 apud
1429 2908 1519 2947 Ovi-
