1909 3228
188 605 237 632 uid
262 605 344 631 Saita

372 506 439 552 28

168 571 212 598 De
228 571 290 598 Nili
310 571 440 609 fontibus

378 613 442 638 qui-

497 233 581 274 532

910 226 1379 268 HERODOTI

498 342 591 397 μῶν
617 337 791 394 χωρέων
821 333 904 379 οὐκ
937 334 1058 386 οἰκός
1089 335 1178 378 ἐστι
1217 332 1346 378 οὐδὲν
1376 334 1627 380 ἀποπνέειν·
1667 333 1748 380 αὕ-

499 436 554 475 ρη
582 417 625 461 δὲ
655 414 738 458 ἀπὸ
769 418 942 470 ψυχροῦ
970 429 1087 464 τινος
1115 413 1252 469 φιλέει
1280 413 1436 456 πνέειν.

188 638 442 665 ananan-arinen-
535 650 556 665 ,ι
731 649 741 664 ι
892 648 912 663 η
979 647 990 663 e
1092 648 1102 662 t
1274 654 1290 661 ω
1352 650 1363 665 2
1427 651 1435 664 ι
1486 649 1496 664 2
1647 650 1655 663 ι

168 680 232 699 rum
266 670 443 707 profundam
500 667 599 696 ουτε
628 653 824 707 Λιβυων,
857 666 956 694 ουτε
987 654 1195 706 Ελληνων
1230 666 1318 693 των
1347 667 1442 707 εμοι
1471 665 1750 706 απικομενων

605 848 714 898 Cap.
744 845 913 884 xxviii.

495 929 562 970 καὶ
586 928 638 977 ὥς
661 926 783 980 τῖρχήν
811 927 988 981 ἐγένετο]
1023 923 1088 979 α’ρ-

439 984 514 1038 χήν
535 987 751 1035 wesseling.
775 987 894 1023 reddit
915 986 957 1022 ab
978 987 1089 1023 initio.

441 1045 501 1082 Tu
522 1045 614 1081 conf.
638 1044 667 1090 I,
686 1045 738 1084 86
766 1042 852 1091 ibiq.
873 1046 948 1079 not.

494 1130 566 1167 τοῦ
585 1124 627 1166 δὲ
649 1126 796 1165 Νείλου
813 1122 884 1172 τᾶς
906 1122 1035 1177 πηγάς
1053 1139 1088 1164 κ.

437 1199 468 1223 τ.
488 1183 535 1234 λ.]
565 1184 606 1220 In
624 1183 776 1221 eandem
791 1183 1004 1220 sententiam
1016 1181 1090 1219 dis-

437 1246 541 1290 putat
576 1240 728 1277 Diodor.
763 1238 902 1276 Siculus
946 1238 985 1286 I,
1023 1240 1088 1278 37.

437 1296 569 1333 Scribit
592 1295 686 1333 enim
708 1294 783 1332 Nili
811 1296 928 1332 fontes
956 1294 1089 1331 aut'lo-

437 1366 538 1399 cum,
568 1352 666 1388 unde
694 1351 751 1388 ille
780 1352 991 1400 proveniat,
1023 1363 1087 1388 ne-

436 1408 569 1446 minem
582 1420 740 1456 unquam
750 1407 868 1443 adhuc
879 1407 1009 1444 vidisse
1021 1410 1086 1443 aut

435 1463 651 1512 cognovisse
679 1475 823 1508 eorum,
854 1463 916 1510 qui
943 1462 1019 1498 illos
1046 1474 1086 1498 se

437 1520 571 1556 vidisse
581 1518 780 1568 probarint.
804 1516 984 1554 Memorat
1000 1530 1087 1567 por-

437 1588 479 1612 ro
490 1574 748 1624 Aegyptiorum
769 1574 993 1610 sacerdotum
1007 1574 1086 1623 opi-

437 1632 604 1677 nionem,
634 1643 705 1679 qua
729 1628 850 1666 Nilum
873 1642 915 1666 ex
938 1630 1085 1665 Oceano

436 1691 568 1724 terram
623 1686 889 1722 circumfluente
934 1684 1087 1722 derivari

436 1742 718 1787 contenderent,
747 1740 909 1789 aliasque
937 1740 1086 1776 aliorum

439 1797 637 1835 sententias
658 1797 842 1846 ipsiusque
860 1797 953 1832 adeo
965 1796 1086 1832 Hero-

438 1854 537 1898 doti3
575 1864 726 1901 quarum
756 1856 876 1888 tamen
895 1850 991 1887 nulla
1015 1850 1085 1901 ipsi

434 1910 621 1960 probatur.
634 1907 742 1944 Iubae
751 1908 847 1956 regis
857 1907 1085 1954 sententiam,

438 1966 510 2014 qua
527 1964 631 2001 Nilus
652 1977 671 2001 e
692 1963 769 2000 lacu
797 1967 962 2013 erumpat
989 1963 1086 1999 haud

435 2021 546 2069 longe
566 2021 611 2058 ab
629 2020 777 2057 Oceano
795 2019 830 2055 in
853 2023 975 2056 monte
994 2019 1086 2057 inse-

435 2077 538 2114 rioris
556 2075 797 2113 Mauritaniae
813 2076 931 2113 retulit
949 2074 1084 2111 Plinius

436 2133 484 2170 Η.
503 2133 550 2171 N.
574 2133 625 2179 V,
647 2135 673 2173 9
694 2132 810 2179 (10),
844 2131 913 2168 alia
940 2144 1084 2180 quoque

437 2202 480 2227 ex
513 2189 673 2227 eiusdem
703 2188 798 2236 regis
826 2187 966 2238 scriptis
994 2186 1084 2224 affe-

437 2258 520 2282 rens
537 2246 582 2282 de
601 2243 674 2281 Nili
694 2257 820 2290 cursu,
851 2256 944 2292 quae
967 2255 1084 2293 nuper

437 2301 472 2338 in
496 2313 646 2340 examen
678 2299 818 2336 vocavit
836 2299 1015 2337 Mannert.
1046 2299 1082 2335 in

439 2356 651 2407 Geograph.
677 2356 713 2392 d.
741 2355 884 2393 Griech.
918 2369 953 2392 u.
977 2355 1083 2392 Rom.

437 2413 486 2460 X,
508 2417 528 2455 1
548 2425 632 2463 pag.
655 2414 883 2460 172seqq.2
902 2423 986 2461 pag.
1002 2410 1084 2451 542

438 2482 540 2518 seqq.
575 2468 752 2504 Addimus
767 2467 910 2504 Chresti
928 2466 1083 2503 Romani

434 2525 662 2571 sententiam,
683 2524 744 2573 qui
754 2524 847 2560 idem
860 2523 982 2559 Nilum
999 2523 1082 2558 oriri

437 2582 559 2617 statuit
577 2594 596 2618 e
614 2579 759 2617 lacubus
771 2608 782 2625 ‚
812 2580 873 2627 qui
891 2579 956 2615 sub
977 2591 1081 2615 mon-

435 2636 529 2672 tibus
551 2637 587 2672 in
606 2636 792 2673 occidente
820 2634 997 2672 altissimis
1019 2633 1083 2670 Li-

436 2691 614 2740 byamque
647 2692 692 2727 ab
724 2691 912 2740 Aethiopia
946 2691 1082 2727 disiun-

436 2748 647 2792 gentibusin
667 2747 841 2783 infinitam
859 2746 1081 2784 latitudinem

436 2803 681 2838 extendantur.
717 2802 798 2839 Vid.
826 2802 851 2839 1.
875 2802 918 2838 L.
937 2802 1081 2850 Lydum

437 2856 483 2891 de
506 2870 635 2893 menss.
661 2870 745 2907 pag.
766 2860 846 2899 266
870 2859 926 2895 ed.
949 2858 1080 2896 Roeth.

1760 421 1804 456 15

612 497 760 537 Ταῦτα
789 493 868 549 μέν
897 508 981 536 νυν
1012 492 1118 536 ἔστω
1150 489 1206 543 ὡς
1236 492 1324 535 ἔστι
1352 509 1395 536 τε
1424 493 1497 536 καὶ
1527 492 1583 544 ὦς
1611 492 1748 550 ἀρχήν

498 573 677 629 ἐγένετο.
713 575 802 614 Τοῦ
831 571 876 615 δὲ
906 572 1068 614 Νείλου
1096 570 1172 622 τὰς
1201 572 1338 627 πηγὰς
1368 571 1467 615 οὔτε
1488 574 1747 627 Αἰγυπτίων,

1155 844 1360 883 Recentiori
1381 849 1498 883 aetate
1523 843 1633 882 muita
1661 845 1707 882 de
1728 843 1804 881 Nili

1154 903 1311 938 fimtibus
1358 903 1539 950 congessit
1583 900 1728 938 Ludolf.
1769 902 1804 937 in

1155 957 1252 994 Hist.
1280 958 1444 1007 Aethiop.
1468 972 1549 1007 pag.
1576 961 1654 999 122
1680 969 1805 1006 seqq.·‚

1156 1018 1239 1063 post
1258 1026 1364 1061 quem
1386 1015 1582 1050 accuratius
1601 1013 1635 1049 in
1649 1013 1804 1051 haecin-

1157 1069 1301 1116 quisivit
1322 1069 1476 1106 Danvill.
1506 1071 1542 1106 in
1564 1070 1736 1106 Memoirs
1758 1069 1806 1106 de

1156 1124 1300 1162 l‘Acad.
1324 1126 1358 1161 d.
1374 1125 1540 1175 Inscript.
1561 1125 1681 1162 XXVI
1702 1124 1805 1175 p.46

1158 1194 1281 1230 seqq„
1311 1180 1470 1230 illudque
1487 1182 1625 1231 posuit,
1640 1180 1713 1218 Nli
1725 1182 1808 1217 son-

1157 1241 1212 1274 tes
1235 1237 1414 1286 hodieque
1436 1251 1507 1274 non
1529 1238 1643 1287 magis
1659 1238 1731 1275 sere
1745 1249 1807 1273 co-

1155 1294 1276 1342 gnitos
1296 1307 1376 1332 esse
1388 1306 1495 1342 quam
1506 1294 1686 1331 Herodoti
1697 1297 1733 1331 et
1745 1293 1806 1342 qui

1156 1363 1237 1386 eum
1259 1350 1369 1388 secuti
1399 1355 1502 1397 sunt,
1532 1354 1663 1388 aetate.
1695 1349 1807 1385 Hart-

1154 1417 1274 1442 mann.
1296 1406 1533 1453 (Erdbeschr.
1555 1419 1627 1443 von
1645 1405 1804 1454 Aegypt.

1152 1473 1237 1510 pag.
1251 1463 1345 1509 75),
1374 1461 1531 1510 Anglum
1553 1463 1805 1511 peregrinato-

1153 1529 1230 1553 rem
1253 1517 1370 1554 Bruce
1391 1522 1555 1564 secutus,
1585 1518 1659 1554 Nili
1680 1518 1802 1554 sontes

1155 1585 1236 1609 esse
1260 1573 1383 1609 scribit
1405 1573 1501 1609 haud
1524 1574 1648 1623 procul
1679 1586 1700 1610 a
1727 1573 1804 1610 vico

1156 1628 1268 1665 Gisch
1296 1629 1331 1665 in
1362 1628 1554 1677 Abyssinia
1582 1630 1676 1666 intra
1701 1641 1805 1666 mon-

1154 1688 1208 1721 tes
1228 1683 1462 1721 Asormascha
1486 1691 1521 1722 et
1540 1684 1804 1722 Litchambara.

1155 1740 1240 1783 Quo
1259 1741 1401 1776 cautius
1424 1742 1554 1777 statuit
1572 1740 1724 1778 Rennel.
1744 1740 1766 1777 l.
1779 1740 1803 1777 l.

1152 1807 1238 1845 pag.
1259 1796 1340 1836 574
1361 1808 1462 1844 seqq.
1497 1796 1571 1833 Nili
1591 1798 1711 1833 sontes
1737 1809 1805 1834 ne-

1152 1851 1238 1887 mini
1260 1851 1377 1888 adhuc
1397 1852 1610 1899 innotuisse,
1641 1853 1702 1902 qui
1720 1865 1807 1903 pro-

1152 1907 1317 1944 babiliter
1354 1908 1537 1945 meridiem
1575 1922 1699 1946 versus
1736 1909 1804 1946 sub

1152 1962 1233 2013 ipso
1263 1968 1461 2012 aequatore
1490 1965 1563 2001 sint
1592 1965 1805 2014 quaerendi,

1152 2032 1231 2056 cum
1263 2025 1301 2057 et
1333 2024 1494 2057 veterum
1531 2021 1737 2058 testimonia
1767 2025 1804 2058 et

1151 2076 1406 2122 recentiorum,
1437 2077 1498 2125 qui
1523 2077 1664 2115 Africae
1683 2076 1805 2125 regio-

1151 2144 1216 2168 nes
1236 2131 1424 2169 interiores
1446 2132 1645 2179 inviserint,
1674 2133 1805 2170 iudicia

1150 2200 1195 2224 eo
1216 2188 1347 2224 ducere
1370 2188 1568 2225 videantur.
1610 2188 1735 2232 Quare
1765 2192 1804 2226 et

1150 2243 1229 2293 ipse
1257 2242 1374 2279 malim
1398 2244 1444 2280 ad
1474 2243 1605 2280 Ritteri
1630 2245 1803 2282 accedere

1150 2303 1272 2349 partes
1286 2327 1296 2345 ,
1325 2299 1385 2347 qui
1404 2299 1521 2336 varias
1541 2305 1576 2337 et
1593 2305 1751 2338 veterum
1765 2304 1803 2338 et

1150 2355 1388 2391 recentiorum
1405 2356 1452 2392 de
1468 2354 1542 2392 Nili
1552 2357 1711 2393 sontibus
1723 2357 1803 2406 opi-

1151 2411 1278 2447 niones
1310 2412 1537 2457 examinans,
1567 2412 1653 2449 nihil
1680 2417 1802 2450 tamen

1150 2467 1238 2504 certi
1257 2467 1339 2504 hinc
1359 2468 1451 2504 effici
1469 2480 1579 2517 posse
1597 2469 1723 2505 statuit
1732 2468 1803 2506 Ni-

1148 2522 1246 2571 lique
1271 2524 1390 2560 fontes
1415 2524 1597 2561 veteribus
1616 2537 1733 2574 aeque
1759 2537 1802 2561 ac

1149 2579 1406 2616 recentioribus
1428 2584 1534 2616 notos
1559 2593 1640 2617 esse
1667 2584 1800 2630 negat3

1148 2634 1219 2671 vid.
1248 2634 1438 2673 Erdkund.
1466 2635 1481 2672 Ι
1512 2648 1549 2686 p.
1581 2635 1663 2677 516
1695 2648 1800 2685 seqq.

1150 2691 1231 2731 523
1251 2703 1354 2740 seqq.

1206 2744 1296 2785 οὔτε
1312 2741 1502 2797 Λιβύων]
1523 2745 1737 2784 Dahlmann.
1760 2746 1798 2783 in

1149 2802 1328 2840 Herodot.
1352 2816 1437 2852 pag.
1462 2806 1516 2844 72
1544 2815 1607 2840 eos
1630 2802 1797 2850 intelligit

1147 2857 1304 2907 Libyes,
1343 2859 1405 2908 qui
1426 2858 1633 2908 Aegyptum
1651 2857 1798 2894 inferio-
