1909 3228
446 205 530 245 730

838 203 1319 243 HERODOTI

417 313 700 367 4,,ὄῖπειρος.“
758 313 831 355 καὶ
868 312 945 355 τὸν
981 311 1154 368 πρώτης
1193 316 1269 367 τῆς
1307 314 1472 358 ἑωυτοῦ
1499 313 1708 370 γυναικὸς

444 397 702 447 πειρᾶσθαι’
747 390 854 446 μετὰ
885 392 950 444 δὲ,
983 390 1040 442 ὡς
1071 390 1153 434 οὐκ
1183 389 1410 447 οἷνέβλεπε,
1451 393 1596 450 ἐπεξῆς
1623 411 1706 437 πα-

415 471 560 514 5σέων
590 473 836 524 πειρᾶσθαι.
896 468 1201 526 ἀναβλέψαντα
1234 472 1303 523 δὲ,
1340 478 1604 528 συναγαγεῖν
1632 473 1707 524 τὰς

443 554 656 605 γυναῖκας
688 553 776 592 τῶν
807 548 1038 606 ἐπειρήθη,
1091 550 1204 606 πλὴν
1233 550 1261 607 ἢ
1288 554 1363 606 τῆς
1402 554 1463 607 τῷ
1494 551 1613 607 οὔρῳ
1643 557 1764 594 νι-45

443 628 639 683 ψάμενος
670 626 896 684 ἀνέβλεψε,
949 629 990 680 ἐς
1019 629 1124 684 μίαν
1152 629 1303 682 πόλιν,
1342 628 1370 686 ἣ
1400 634 1482 673 νῦν
1512 630 1710 674 καλέεται

440 706 634 764 Ἐρυθρὴ
666 711 828 764 βῶλος·
861 709 903 760 ἐς
931 707 1094 764 ταύτην
1117 711 1430 762 συναλίσαντα,
1459 709 1710 767 ὑποπρῆσαι

413 787 587 838 ὃπάσας
617 786 701 831 σὺν
731 786 842 844 αὐτῇ
869 791 924 844 τῇ
953 786 1068 832 πόλι.
1100 792 1176 844 τῆς
1206 788 1251 832 δὲ
1280 789 1519 844 νιψάμενος
1547 793 1609 846 τῷ
1629 787 1707 832 οὔ-

419 874 515 921 7ρῳ
549 864 776 923 ἀνέβλεψε,
807 866 972 924 ταύτην
1003 868 1048 911 δὲ
1078 865 1160 922 εἶχε
1191 866 1322 920 αὐτὸς
1350 874 1550 924 γυναῖκα.
1585 867 1709 912 Ἀνα-

441 944 617 1001 θήματα
645 946 714 997 δὲ,
757 945 1002 1003 ἀποφυγών
1032 946 1111 1003 τὴν
1144 945 1294 1003 πάθην
1323 951 1411 991 τῶν
1440 946 1703 1004 ὀφθαλμῶν,
1719 956 1764 989 50

445 1022 555 1067 ἄλλα
587 1041 631 1069 τε
663 1024 748 1068 οἷνὰ
777 1025 828 1069 τοὶ
856 1026 926 1080 ἱροὶ
958 1025 1098 1068 πάντα
1127 1026 1180 1068 τὰ
1207 1026 1363 1082 λόγιμα
1392 1027 1603 1082 α’νέθηκε,
1634 1027 1709 1069 καὶ

441 1107 522 1147 τοῦ
541 1121 588 1159 γε
607 1104 742 1161 λόγον
764 1104 948 1160 μάλιστα
973 1104 1095 1157 ἄξιόν
1113 1105 1202 1149 ἐστι
1226 1106 1357 1163 ἔχειν,
1387 1106 1429 1156 ἐς
1450 1110 1531 1149 τοῦ
1555 1104 1708 1148 Ἡλίου

441 1184 490 1227 τὸ
524 1183 622 1240 ἱρὸν
654 1183 884 1241 ἀξιοθέητα
914 1183 1101 1240 ἀνέθηκε
1132 1185 1256 1240 ἔργα,
1288 1185 1469 1242 ὀβελούς
1488 1183 1570 1228 δύο
1591 1185 1706 1226 λιθί-

441 1279 575 1315 νους,
633 1264 675 1317 ἐξ
708 1264 805 1316 ἑνὸς
846 1264 975 1308 ἐόντα
1004 1263 1213 1319 ἑκάτερον
1242 1267 1395 1319 λίθου,
1453 1267 1592 1320 μῆκος
1632 1262 1709 1319 μὲν

441 1341 648 1397 ἑκάτερον
676 1343 846 1401 πηχέων
877 1344 1052 1398 ἑκατὸν,
1084 1339 1214 1401 εὖρος
1245 1344 1290 1388 δὲ
1320 1342 1433 1388 ὀκτώ
1468 1342 1652 1399 πηχέων.

384 1561 486 1599 verbi
510 1564 728 1614 πειρᾶσθαι
749 1575 855 1609 usus,
884 1562 932 1600 de
966 1575 1039 1611 quo

383 1618 581 1656 Ruhnken.
608 1619 656 1656 ad
680 1618 824 1655 Timaei
854 1617 923 1655 lex.
956 1618 1040 1655 Pla-

383 1679 460 1711 ton.
479 1688 564 1725 pag.
584 1678 679 1716 210.
706 1695 760 1702 —
779 1676 973 1712 Caeterum
994 1689 1039 1712 ex

383 1730 451 1767 hac
478 1732 686 1768 narratione
714 1732 799 1767 satis
828 1736 958 1781 patere
986 1732 1039 1767 vi-

384 1787 491 1823 detur
509 1786 692 1824 Larchero
705 1816 716 1834 ,
741 1800 849 1836 quam
879 1788 1038 1837 corrupti

382 1843 451 1879 ista
483 1848 602 1880 aetate
637 1844 708 1880 iam
751 1844 885 1880 suerint
918 1856 1037 1881 mores

382 1898 661 1949 Aegyptiorum,
681 1904 732 1946 ut,
748 1912 841 1948 quae
861 1900 906 1936 de
919 1899 1037 1936 Abra-

383 1955 490 1991 hamo
512 1960 704 1992 narrantur
726 1956 863 1993 Genes.
885 1956 970 2002 XII,
985 1959 1034 1997 11

383 2016 420 2049 et
451 2013 497 2048 de
534 2013 728 2062 impudicis
759 2013 918 2049 moribus
947 2026 1038 2049 uxo-

383 2069 432 2104 ris
454 2068 660 2118 Potipharis
682 2069 787 2115 (ibid.
810 2069 993 2116 XXXIX,
1011 2073 1036 2110 7

383 2126 506 2174 seqq.)
529 2127 664 2175 optime
687 2126 796 2162 fidem
818 2130 1036 2163 mereantur.

439 2183 520 2219 τῶν
539 2178 736 2233 ἐπειρήθη
759 2197 793 2220 κ.
811 2198 841 2220 τ.
870 2180 917 2232 λ.]
954 2181 1039 2218 Μο-

383 2242 444 2275 net
464 2238 650 2275 Werserus
672 2239 779 2285 (actt.
798 2238 894 2288 phill.
908 2238 1037 2275 Monn.

383 2294 420 2341 l,
443 2297 464 2334 1
489 2308 575 2344 pag.
594 2294 667 2343 94)
686 2295 733 2332 de
750 2295 927 2345 particula
949 2293 1038 2346 μὲν

383 2350 439 2387 hic
464 2352 619 2395 omissa3
651 2364 730 2388 eam
752 2353 847 2389 euim
875 2365 954 2389 esse
973 2352 1040 2388 hu-

383 2407 436 2443 ius
465 2406 533 2443 loci
568 2409 747 2445 rationem
768 2437 778 2454 ,
822 2409 851 2444 si
884 2409 964 2457 quis
992 2408 1039 2444 ad

384 2475 547 2499 normam
565 2477 644 2501 eam
661 2465 829 2513 redigere
848 2465 1039 2502 velitzrcfiv

384 2517 473 2570 μὲν
500 2516 721 2571 ἐπειρήθη,
765 2516 860 2559 ου’δὲ
884 2517 1039 2571 α’νέβλε-

384 2585 463 2625 ψε,
502 2574 648 2623 ταύτας
688 2574 776 2628 μὲν
807 2576 847 2624 ε’ς·
877 2578 973 2628 μίήν
1004 2592 1038 2615 κ.

383 2646 415 2669 τ.
446 2636 477 2670 λ.

440 2685 467 2737 ’ἣ
482 2690 557 2726 νῦν
575 2687 753 2728 καλέεται
772 2684 948 2741 Ἑρυθρή
965 2689 1042 2739 βαῖ-

385 2743 476 2793 λος]
516 2745 662 2782 Laudat
685 2759 727 2783 ex
748 2746 817 2782 hoe
846 2746 924 2782 loco
948 2746 1040 2782 hanc

385 2800 513 2837 urbem
541 2802 750 2851 Stephanus
768 2803 858 2850 Byz.
900 2801 1041 2839 Diodo-

386 2869 447 2893 rus
480 2856 520 2904 I,
548 2858 601 2899 59
640 2855 750 2910 ἷερᾶν
778 2859 909 2909 βῶλον
942 2859 1040 2905 dicit,

1107 1563 1143 1599 in
1162 1557 1363 1614 Ἐρυθρήν
1381 1562 1617 1608 mutandum,
1649 1561 1679 1598 si
1707 1574 1764 1599 re-

1108 1624 1165 1656 cte
1190 1621 1315 1656 statuit
1337 1619 1606 1657 Schlichthorst.
1627 1618 1648 1656 l.
1667 1619 1762 1655 laud.

1106 1689 1143 1726 p.
1168 1677 1232 1716 88.
1291 1675 1401 1713 Plura
1427 1676 1475 1713 de
1502 1675 1571 1713 loci
1597 1676 1667 1712 situ
1690 1687 1764 1712 non

1107 1735 1284 1769 constant.

1165 1784 1239 1826 σὺν
1262 1782 1364 1840 αὐτῇ
1381 1789 1431 1840 τῇ
1446 1783 1554 1837 πόλι]
1573 1783 1647 1825 σύν
1656 1798 1766 1837 prae-

1105 1847 1161 1880 ter
1183 1857 1320 1881 morem
1343 1843 1400 1880 hic
1420 1844 1594 1880 additum.
1655 1843 1764 1879 Conf.

1105 1900 1237 1937 Matth.
1272 1901 1337 1936 Gr.
1366 1900 1432 1937 Gr.
1467 1899 1504 1952 ᾗ.
1527 1899 1609 1941 405
1640 1904 1716 1936 not.
1738 1900 1765 1939 3

1103 1970 1189 2008 pag.
1215 1956 1309 1997 741.

1164 2008 1331 2064 ὀβελούς
1362 2008 1435 2051 δύο
1471 2011 1656 2059 λιθίνους
1675 2026 1710 2051 κ.
1732 2026 1763 2049 τ.

1106 2068 1153 2120 λ.]
1211 2070 1353 2106 Horum
1398 2069 1636 2105 obeliscorum
1675 2068 1765 2105 alter

1106 2130 1191 2178 post
1210 2127 1381 2163 devectus
1409 2130 1464 2163 est
1486 2126 1641 2161 Romam
1668 2129 1706 2161 et
1727 2125 1763 2160 in

1107 2184 1199 2220 circo
1226 2182 1401 2219 Vaticano
1425 2181 1640 2227 collocatus,
1670 2185 1765 2217 teste

1107 2238 1225 2276 Plinio
1255 2238 1288 2274 h.
1323 2251 1358 2275 n.
1387 2237 1573 2284 XXXVI,
1606 2240 1653 2278 11
1687 2236 1762 2283 (al.

1111 2295 1183 2340 15,
1209 2297 1267 2343 7).
1324 2295 1374 2330 Et
1396 2298 1520 2331 auctor
1540 2306 1689 2342 quoque
1710 2297 1766 2330 est

1107 2352 1242 2388 Strabo
1265 2350 1367 2387 XYll
1385 2364 1421 2400 p.
1436 2351 1516 2391 805
1539 2365 1567 2386 s·
1594 2350 1713 2396 1158,
1730 2349 1762 2386 C

1106 2407 1290 2458 Heliopoli
1312 2408 1404 2443 duos
1419 2407 1596 2444 obeliscos
1607 2406 1764 2442 Romam

1107 2465 1220 2501 fuisse
1258 2463 1410 2500 delatos.
1486 2463 1544 2500 De
1586 2462 1764 2509 obeliscis,

1108 2521 1207 2569 quod
1239 2521 1286 2556 ad
1317 2519 1530 2568 religionem
1563 2518 1764 2568 Aegyptio-

1109 2590 1185 2612 rum
1205 2577 1356 2623 attinet,
1382 2576 1519 2613 monuit
1539 2576 1712 2612 Creuzer.
1727 2575 1764 2612 in

1109 2633 1273 2682 Symbol.
1295 2634 1311 2669 I
1340 2646 1377 2682 p.
1400 2633 1494 2673 469.
1513 2633 1606 2672 778.
1665 2631 1763 2669 Nam

1108 2690 1185 2725 Soli
1234 2689 1435 2726 consecrati
1483 2692 1586 2725 erant
1604 2717 1615 2734 ‚
1663 2689 1761 2725 cuius

1109 2746 1213 2794 quasi
1237 2747 1359 2782 radios
1387 2745 1532 2796 lapidea
1561 2744 1684 2793 effigie
1705 2757 1761 2781 re-

1107 2806 1394 2852 praesentarent.
1454 2801 1564 2837 Plura
1607 2801 1653 2838 de
1691 2799 1761 2836 ori-

1107 2859 1193 2907 gine
1215 2864 1326 2909 atque
1341 2871 1408 2895 usu
1427 2857 1667 2896 obeliscorum
1686 2856 1760 2893 dis-
