1909 3228
484 696 860 745 ADDENDA
905 711 978 744 ΕΤ
1026 699 1563 750 CORRIGENDA.

264 943 314 976 Ad
339 954 487 987 prooem.
515 955 594 988 pag.
614 944 647 979 4.
696 945 827 980 Similia
853 947 994 981 exordia
1021 948 1054 982 in
1081 948 1249 983 chronicis
1272 949 1492 983 Helvetorum
1517 949 1614 984 libris
1632 949 1778 984 chartis-

482 1002 547 1035 que
568 991 711 1024 vetustis
729 993 859 1037 aliquot
880 993 1109 1028 inveniuntur.
1156 995 1214 1029 'l'u
1239 997 1326 1029 cons.
1350 996 1518 1029 Hanhart.
1543 997 1777 1042 Erzahlungg.

482 1047 544 1069 aus
563 1037 624 1070 der
644 1037 961 1083 Schweizergesch.
980 1041 995 1073 Ι
1018 1052 1096 1085 pag.
1120 1043 1193 1076 162.
1210 1042 1289 1076 266.
1309 1044 1385 1076 231.
1407 1043 1485 1076 277.

262 1080 315 1113 Ad
334 1080 367 1122 Ι,
391 1081 409 1114 1
431 1093 509 1126 pag.
528 1083 560 1115 7.
608 1083 660 1116 Ad
684 1096 742 1125 ea,
769 1096 857 1129 quae
885 1086 928 1118 de
950 1088 985 1119 Io
1015 1087 1180 1126 diximus,
1207 1088 1295 1121 cons.
1315 1088 1341 1121 I.
1360 1088 1403 1120 H.
1425 1089 1507 1122 Chr.
1529 1087 1715 1122 Schubart.
1741 1087 1775 1121 in

481 1128 613 1163 Annall.
632 1129 832 1166 Viennenss.
855 1132 983 1176 (1829)
1005 1132 1134 1166 XLVII
1157 1145 1235 1178 pag.
1257 1135 1311 1168 13.
1361 1134 1432 1174 Qui
1450 1134 1604 1168 diversas
1624 1139 1776 1168 veterum

478 1174 662 1208 sententias
692 1176 750 1208 vix
779 1177 951 1211 conciliari
982 1190 1082 1223 posse
1113 1181 1253 1220 statuit3
1293 1180 1411 1213 Inachi
1439 1184 1549 1213 autem
1570 1181 1688 1223 filiam
1709 1191 1776 1212 non
1907 1184 1909 1237 ⁴

478 1220 598 1253 stricto
625 1233 751 1263 sensu,
785 1223 845 1256 sed
875 1223 990 1258 latiori
1017 1225 1163 1269 intelligi
1190 1226 1265 1259 vult
1290 1238 1394 1259 unam
1416 1227 1458 1259 de
1477 1226 1599 1259 Inachi
1617 1227 1776 1271 posteris,

474 1278 579 1299 unam
600 1268 642 1300 de
658 1269 766 1311 stirpe
788 1269 917 1303 Inachi.

257 1307 310 1342 Ad
336 1309 374 1352 1,
399 1312 423 1345 2
446 1323 525 1357 pag.
551 1315 583 1348 8.
631 1313 670 1345 In
702 1314 909 1359 Thucydide
948 1327 1082 1360 quoque
1110 1314 1346 1359 προσχόντες
1382 1317 1472 1361 (pro
1494 1313 1776 1360 προςσχόντες)

475 1358 615 1402 scripsit
638 1360 798 1400 Haacke‚
833 1373 930 1405 quem
949 1363 1039 1395 conf.
1060 1362 1101 1396 ad
1122 1364 1157 1403 Ι,
1184 1365 1247 1404 15,
1282 1364 1343 1396 ubi
1365 1363 1592 1396 Hermannum
1619 1364 1703 1396 citat
1732 1363 1774 1396 ad

473 1404 632 1449 Euripid.
660 1406 792 1441 Hecub.
818 1407 874 1442 41.
922 1410 972 1442 Ac
1000 1408 1189 1452 disputavit
1220 1421 1328 1453 nuper
1357 1410 1421 1442 hac
1450 1410 1492 1442 de
1518 1420 1556 1442 re
1580 1409 1708 1442 Osann.
1741 1408 1775 1441 in

473 1450 583 1491 libro,
619 1452 677 1495 qui
699 1452 897 1486 inscribitur
925 1454 1040 1488 Midas
1067 1467 1094 1489 s.
1116 1455 1473 1499 Erkliirungsversuch
1497 1455 1559 1487 der
1582 1453 1774 1488 erweislich

474 1496 623 1530 altesten
653 1497 780 1540 griech.
812 1499 974 1533 Inschrift
1008 1511 1086 1544 pag.
1113 1501 1177 1542 79,
1222 1506 1444 1544 veterumque
1480 1501 1773 1544 grammaticorum

473 1541 639 1575 excitavit
664 1543 874 1584 testimonia,
909 1546 1048 1578 alteram
1078 1546 1248 1579 literulam
1279 1546 1382 1579 abiici
1410 1546 1624 1586 docentium;
1657 1557 1773 1590 quam-

474 1599 572 1631 quam
592 1588 726 1631 quinam
748 1600 790 1622 ex
809 1590 933 1623 Atticis
953 1591 1158 1632 abiecerint,
1185 1592 1317 1635 quinam
1335 1592 1550 1632 retinuerint,
1575 1593 1651 1625 viro
1673 1592 1772 1624 docto

473 1634 584 1666 adhuc
610 1636 839 1677 quaerendum
862 1636 1019 1678 videtur,
1044 1649 1117 1671 cum
1146 1638 1330 1682 antiquiori
1349 1643 1442 1671 certe
1464 1643 1579 1671 aetate
1597 1637 1773 1682 duplicata

472 1679 574 1712 litera
591 1680 648 1712 vix
664 1680 778 1713 fraudi
798 1682 913 1715 fuerit.

254 1726 304 1760 Ad
330 1726 368 1767 Ι,
388 1726 430 1760 19
456 1736 537 1770 pag.
556 1724 612 1758 47.
661 1726 747 1766 „De
775 1726 843 1759 situ
871 1727 970 1761 huius
992 1728 1109 1772 templi
1135 1729 1334 1771 (Minervae
1353 1739 1401 1762 sc.
1422 1728 1599 1772 Assesiae)
1625 1740 1692 1762 non
1710 1728 1770 1762 ha-

473 1771 555 1809 beo,
581 1772 673 1814 quod
695 1772 888 1805 accuratius
907 1778 1073 1814 statuam3
1107 1785 1171 1807 nec
1199 1773 1309 1817 mugis
1335 1774 1378 1807 de
1399 1775 1587 1816 Limeneis,
1614 1775 1772 1809 Milesiae

471 1817 593 1896 loc0.“4
607 1819 662 1850 So
676 1818 687 1850 l
700 1818 798 1852 dan.
819 1818 854 1850 in
876 1824 1052 1853 comment.
1072 1820 1089 1853 I
1109 1820 1153 1853 de
1176 1831 1261 1853 rerr.
1281 1820 1410 1854 Miless.
1431 1820 1642 1863 (Darmstad.
1662 1822 1771 1864 1829)

496 1874 513 1895 a
545 1887 551 1894 .
600 1865 628 1897 1.

253 1908 304 1942 Ad
323 1908 356 1949 I,
376 1907 421 1942 24
445 1874 592 1954 Ρξςῗζδῡ
615 1909 653 1952 (a
672 1909 729 1941 lin.
749 1909 793 1943 20
810 1910 852 1943 ab
873 1910 956 1954 inf.)
975 1922 1037 1956 pro
1053 1911 1228 1956 rythmo
1252 1911 1319 1956 leg.
1340 1911 1562 1955 rhythmo.

320 1954 408 1988 lbid.
470 1955 524 1997 (b.
545 1954 604 1987 lin.
629 1957 670 1988 11
690 1955 834 1998 abins.)
867 1957 954 1992 Add.
980 1958 1071 2001 Hug.
1096 1969 1127 1992 v.
1147 1958 1188 1990 cl.
1220 1957 1253 1990 in
1284 1958 1392 1998 libro,
1417 1957 1471 1991 cui
1497 1957 1632 1991 titulus:
1669 1958 1768 1992 Zeit-

471 2000 594 2033 schrist
619 2001 674 2034 fiir
701 2001 758 2035 die
776 2002 1020 2036 Geistlichkeit
1038 2004 1098 2036 des
1118 2003 1291 2036 Erzbisth.
1311 2004 1500 2047 Freyburg.
1519 2004 1568 2036 ΙΙΙ
1589 2015 1667 2048 pag.
1689 2007 1767 2039 189.

252 2046 305 2079 Ad
327 2046 364 2089 I,
383 2045 429 2080 24
448 2057 530 2091 pag.
551 2047 607 2081 58.
655 2047 707 2079 Ad
735 2059 851 2081 vocem
878 2046 987 2092 σκευή
1020 2050 1109 2083 conf.
1130 2049 1323 2084 Gottleber.
1349 2050 1393 2083 ad
1423 2050 1617 2094 Thucydid.
1639 2050 1678 2092 I,
1702 2052 1768 2086 130

471 2103 550 2136 pag.
570 2092 638 2127 243
659 2093 711 2126 ed.
733 2094 890 2127 Gervini.

249 2138 302 2171 Ad
320 2137 359 2179 Ι,
377 2137 423 2174 34
441 2138 498 2171 fin.
520 2149 599 2181 pag.
621 2141 677 2174 91.
711 2159 755 2165 -—
769 2137 818 2182 μή
840 2153 875 2173 τι
894 2139 930 2173 οἱ
950 2138 1177 2183 κρεμάμενον
1200 2140 1254 2185 τῷ
1275 2140 1381 2174 παιδὶ
1407 2137 1563 2185 ἔμπέσῃε
1597 2141 1655 2174 ubi
1674 2142 1765 2175 Mat-

467 2183 562 2217 thiae
582 2195 720 2227 gramm.
740 2196 774 2229 p.
794 2187 861 2220 713
881 2186 914 2218 in
935 2187 1136 2230 explicanda
1162 2188 1282 2220 vocula
1313 2186 1358 2220 οὶ
1377 2193 1515 2220 secutus
1535 2199 1624 2228 sum,
1649 2199 1764 2232 quam-

468 2241 567 2273 quam
586 2230 652 2263 alia
671 2242 806 2275 quoque
826 2232 922 2265 huius
944 2232 1050 2266 dativi
1073 2233 1263 2276 explicandi
1294 2239 1347 2266 est
1375 2232 1484 2271 ratio,
1517 2233 1560 2266 de
1588 2245 1655 2277 qua
1680 2233 1764 2267 ibid.
1900 2237 1909 2258 ⁴

466 2286 500 2318 p.
521 2275 600 2310 715.
651 2276 707 2309 Tu
736 2278 805 2309 vid.
836 2278 1044 2321 potissimum
1072 2279 1210 2312 Pindar.
1240 2278 1378 2324 Olymp.
1407 2278 1443 2319 I,
1465 2280 1507 2313 91
1538 2279 1613 2312 coll.
1630 2279 1683 2321 ΙΙ,
1704 2281 1760 2315 29.

464 2322 519 2355 30.
539 2321 584 2355 74
608 2321 724 2366 ibique
746 2322 964 2368 interpretes.
1896 2315 1909 2368 J

248 2364 298 2397 Ad
322 2365 357 2405 Ι,
374 2366 418 2400 35
439 2365 514 2399 init.
534 2379 614 2411 pag.
637 2370 678 2402 91
698 2368 731 2401 in
749 2375 817 2402 not.
844 2381 905 2413 pro
925 2369 1000 2412 χρᾶ
1015 2370 1106 2402 σθαι
1120 2369 1186 2412 leg.
1205 2369 1393 2412 χρῆσθαι.

247 2410 298 2443 Ad
318 2411 352 2452 Ι,
371 2413 416 2446 35
437 2424 518 2457 pag.
534 2415 593 2448 92.
640 2414 693 2447 De
719 2416 973 2455 satisfactione,
999 2427 1087 2460 quae
1116 2417 1309 2459 appellatur
1333 2417 1532 2461 ll'erigcld,
1557 2427 1645 2449 nunc
1671 2416 1761 2449 cons.

466 2463 586 2492 auctor
617 2459 900 2504 locupletissimus
932 2461 1074 2496 Grimm.
1118 2461 1152 2494 in
1179 2461 1266 2494 libro
1291 2473 1413 2495 recens
1441 2461 1552 2495 edito:
1589 2462 1762 2496 Deutsche

465 2503 819 2540 Rechtsalterthi'nner
838 2507 870 2539 lI
891 2519 968 2551 pag.
986 2509 1049 2542 661
1074 2519 1168 2551 seqq.

250 2546 299 2579 Ad
319 2547 355 2588 Ι,
373 2549 416 2584 35
437 2561 516 2594 pag.
533 2552 589 2584 93.
610 2554 665 2586 94.
716 2553 766 2585 De
793 2553 983 2586 nominibus
1013 2554 1153 2593 Midae,
1188 2552 1358 2593 Gordiae,
1384 2551 1474 2596 apud
1503 2553 1662 2596 Phryges
1690 2553 1760 2586 fre-

466 2597 1318 2686 i¹=¹ii¹¹2¹gfss¹32i⁵nm⁰¹¹⁰¹iuis³s⁵2¹¹33di¹¹tu¹ssb¹i³05325²²
1337 2598 1643 2688 ¹³:133.2025‘352133.
1665 2611 1759 2688 iffi

486 2662 494 2672 κ
614 2655 621 2660 ·
728 2657 822 2677 omen
1047 2658 1064 2677 e
1296 2656 1333 2686 ς,

465 2687 675 2723 Herodotum
711 2695 844 2731 exstat,
887 2702 963 2724 cuin
996 2690 1085 2736 apud
1118 2690 1327 2735 posteriores
1363 2690 1556 2724 inveniatur
1589 2687 1758 2733 Γόρδιος.

465 2732 564 2766 Cous.
583 2734 664 2767 ibid.
687 2747 765 2779 pag.
785 2737 841 2770 35.

248 2774 300 2808 Ad
323 2774 358 2815 I,
378 2776 423 2810 30
448 2788 528 2821 pag.
544 2780 599 2812 76.
648 2779 844 2824 γενομένης
872 2779 942 2824 γὰρ
967 2778 1192 2824 Ἀθηναίοισι
1221 2777 1339 2823 μάχης
1359 2778 1453 2824 πρὸς
1477 2779 1566 2819 τούς
1595 2777 1755 2824 οἷστυγεί-

465 2834 576 2862 τονας
595 2822 632 2857 ἓν
652 2824 840 2860 Ἐλευσῖνι.
891 2828 986 2860 Haec
1007 2829 1112 2860 verba
1133 2838 1198 2859 non
1217 2827 1259 2859 de
1278 2838 1390 2870 pugna
1409 2827 1661 2860 Atheniensium
1682 2839 1756 2860 cum

466 2868 670 2910 Eleusiniis,
718 2873 776 2916 qui
808 2880 889 2907 tunc
915 2873 1076 2918 temporis
1108 2872 1252 2906 nondum
1280 2873 1323 2906 ad
1358 2873 1564 2906 Athenarum
1595 2872 1754 2906 ditionem
1904 2876 1909 2930 ἰ
