1877 3223
604 203 819 242 CLIO.
878 204 906 242 1.
1344 207 1398 246 79

123 313 248 370 ,,ὧ’ρῃ
280 314 323 357 οἱ
351 313 542 369 νεηνίαι,
572 310 813 363 ὑποδύντες
842 310 967 356 αὐτοὶ
994 311 1083 356 ὑπὸ
1113 311 1193 368 τήν
1210 311 1399 370 ζεύγλην,
1449 317 1501 360 15

121 426 144 444 ,,
156 391 300 436 εἷλκον
330 392 409 449 τήν
439 392 629 447 ἅμαξαν,
672 391 740 435 ἐπὶ
769 395 844 447 τῆς
884 390 1045 448 ἁμάξης
1074 391 1120 434 δέ
1151 402 1228 445 σφι
1259 389 1399 446 όχὲετο

97 469 183 528 4,,ἡ
212 469 360 528 μήτηρ.
418 472 618 521 σταδίους
648 470 692 513 δὲ
721 469 847 512 πέντε
877 470 948 512 καὶ
979 468 1286 524 τεσσεράκοντα
1312 471 1399 513 δια-

118 552 426 606 ,,κομίσαντες,
476 548 688 593 ἀπίκοντο
729 548 772 599 ἐς
813 547 861 592 τὸ
901 547 1018 603 ἱρόν·
1062 552 1198 591 ταῦτα
1240 549 1286 592 δέ
1322 559 1445 604 σφιῗο

120 628 390 686 ,,ποιη’σασι,
430 629 504 672 καὶ
542 627 721 684 ὀφθεῖσι
758 625 845 670 ὑπὸ
882 631 956 683 τῆς
997 627 1289 683 πανηγύριος,
1339 643 1403 671 τε·

97 710 280 764 5,,λεντὴ
309 711 391 751 τοῦ
419 709 522 764 βίον
552 707 704 763 ἀρίστη
734 704 965 762 ἐπεγένετο.
997 706 1152 759 διέδεξέ
1170 722 1215 749 τε
1241 706 1287 749 ἐν
1307 704 1404 750 τού-

119 797 264 836 ,,τοισι
294 783 318 828 ὁ
349 785 474 837 θεὸς,
517 784 576 837 ώς
616 784 797 842 ἄμεινον
835 786 898 841 εἴη
939 784 1163 845 οἷνθρώπῳ
1193 785 1402 830 τεθνάναι

96 867 315 919 6,,μᾶλλον
343 864 371 920 ἢ
401 863 534 917 ζώειν.
572 865 754 920 Ἀργεῖοι
784 865 862 921 μὲν
890 864 973 919 γάρ
1007 864 1280 920 περιστάντες
1306 865 1402 920 ἐμα-

118 943 328 998 ,,κάριζον
365 947 454 987 τῶν
490 944 698 1000 νεηνιέων
732 943 811 1000 τήν
840 942 1012 1000 ῥώμην·
1055 944 1100 986 αἱ
1129 943 1174 986 δὲ
1201 941 1400 1000 Ἀργεῖαι,

94 1021 230 1078 7,,τὴν
276 1021 438 1079 μητέρα
483 1020 652 1075 αὐτῶν,
704 1024 810 1067 οἴων
848 1023 1012 1066 τέκνων
1051 1021 1244 1078 ἐκύρησε.
1286 1021 1314 1077 ἡ
1354 1022 1445 1071 δὲ75

117 1100 290 1157 ,,μη’τηρ
330 1103 563 1159 περιχαρὴς
600 1102 732 1146 ἐοῦσα
768 1105 827 1160 τῷ
865 1117 909 1145 τε
939 1100 1048 1158 ἔργῳ
1077 1102 1149 1145 καὶ
1180 1105 1233 1159 τῇ
1263 1101 1400 1160 φήμη,

121 1183 288 1231 ,,στᾶσα
336 1179 488 1224 ἀντίον
523 1184 604 1225 τοῦ
641 1179 904 1238 ἀγάλματος,
951 1178 1121 1236 εὔχετο,
1159 1181 1320 1237 Κλέοβί
1355 1197 1401 1224 τε

72 1364 165 1389 mus.
221 1352 280 1390 De
300 1353 415 1389 forma
444 1354 564 1400 vocis,
594 1354 630 1390 in
653 1367 726 1403 qua

72 1422 198 1459 Ionum
210 1435 311 1459 more
333 1438 366 1462 ει
387 1424 517 1459 transit
538 1424 576 1460 in
587 1431 643 1474 ηϊ,
659 1424 689 1462 C
698 1436 724 1460 r.

72 1480 211 1516 confert
231 1479 564 1529 Gregor.C0rinth.
587 1482 633 1518 de
647 1482 726 1517 dia-

75 1534 157 1573 lect.
177 1535 287 1572 Ionic.
309 1535 345 1587 §.
367 1538 394 1577 3
415 1549 452 1587 p.
472 1538 554 1578 377
579 1537 723 1575 Schaef.

74 1591 160 1641 ibiq.
186 1592 306 1629 Koen.

131 1657 183 1705 ὥς
220 1655 385 1710 ἄμεινον
423 1658 483 1711 εἴη
518 1655 724 1716 ἀνθρώπῳ

75 1710 271 1754 τεθνάναι
318 1719 467 1766 μᾶλλον
519 1713 548 1769 ἢ
587 1714 723 1768 ζώειν]

75 1770 136 1808 Ne
175 1784 256 1820 quis
291 1772 438 1810 haereat
476 1774 513 1810 in
552 1775 726 1812 adverbio

77 1829 248 1878 μᾶλλον,
277 1830 377 1877 quod
402 1828 458 1866 hic
471 1832 592 1879 potius
610 1831 725 1879 signi-

77 1884 181 1930 fleat,
211 1897 278 1921 nec
296 1897 445 1934 prorsus
467 1886 641 1933 abundat,
665 1886 727 1923 Cr.

76 1941 216 1977 confert
243 1941 435 1977 Heindorf.
464 1943 511 1977 ad
541 1943 728 1979 Charmid.

77 2009 114 2047 p.
128 1999 192 2037 16.
213 1996 284 2032 w'd.
298 1996 429 2033 Matth.
441 1995 478 2047 ἓ.
489 1998 571 2038 358
582 2011 618 2047 p.
631 1999 726 2039 855.

130 2059 295 2115 Ἀργεῖοι
316 2060 387 2114 μὲν
407 2060 483 2115 γὰρ
502 2085 557 2093 ·—
570 2060 726 2116 ῥώμην]

75 2119 270 2156 Fluctuant
327 2120 384 2156 hic
430 2120 529 2168 libri,
576 2134 729 2169 quorum

77 2176 239 2213 nonnulli
269 2171 434 2227 γνώμην
459 2175 510 2223 (i.
538 2190 568 2214 e.
590 2180 723 2214 senten-

78 2234 187 2279 tiam,
222 2235 376 2269 animum
403 2235 503 2282 pium
528 2233 726 2281 iuvenum)

79 2288 257 2326 exhibent.
293 2289 370 2327 Sed
385 2288 584 2335 Mediceus,
600 2289 727 2327 Schel-

79 2345 245 2382 lershem.
282 2349 317 2383 et
351 2346 423 2381 duo
464 2345 619 2382 Parisini
651 2342 725 2396 ῥώ-

81 2415 172 2452 μην,
191 2403 289 2451 quod
311 2414 333 2438 a
346 2402 506 2438 Gronov.
535 2407 724 2452 receptum

82 2470 160 2494 cum
178 2457 377 2507 Schweigh.
404 2458 555 2507 aliisque
580 2459 725 2506 retinui,

82 2513 256 2551 renitente
298 2516 459 2563 quamvis
501 2528 652 2552 censore
686 2516 725 2553 in

81 2568 269 2618 Ephenun.
312 2571 472 2608 lenenss.
519 2573 627 2611 1817
671 2584 725 2608 nr.

84 2625 163 2666 165
189 2639 225 2675 p.
252 2627 344 2667 380.
374 2627 427 2664 Ut
453 2627 548 2664 enim
573 2627 622 2663 illi
647 2627 726 2664 libri

81 2686 165 2717 sunt
192 2682 434 2731 antiquissimi
454 2685 531 2721 fere
561 2695 603 2719 ac
618 2697 726 2734 prae-

81 2738 313 2784 stantissimi,
362 2751 514 2787 quorum
543 2741 580 2775 in
605 2740 724 2777 Hero-

80 2794 168 2830 doto
187 2795 278 2830 ratio
295 2794 462 2831 habenda
485 2796 544 2842 sit,
563 2796 614 2832 ita
632 2809 724 2844 quae

80 2850 180 2888 initio
215 2851 340 2902 capitis
374 2851 539 2901 leguntur
584 2849 724 2905 (ῥώμη

796 1349 977 1402 σώματος
1004 1349 1193 1404 τοιήδε),
1236 1353 1450 1391 confirmare

793 1409 958 1446 videntur
984 1408 1177 1445 lectionem
1209 1404 1362 1459 ῥώμην,
1392 1411 1448 1446 cui

794 1465 902 1502 etiam
911 1465 996 1501 inde
1013 1466 1261 1514 patrocinatur
1267 1465 1434 1513 Schwgh.
1441 1495 1454 1512 ,

793 1521 893 1570 quod
922 1521 1020 1557 aliud
1046 1520 1194 1570 Argivi,
1225 1521 1322 1558 aliud
1339 1522 1451 1569 Argi-

791 1590 859 1614 vae
886 1576 1132 1625 laudaverint,
1161 1578 1209 1614 illi
1234 1578 1349 1626 robur,
1379 1579 1451 1615 hae

792 1637 968 1681 matrem,
1021 1647 1116 1683 quae
1139 1638 1214 1671 tam
1246 1638 1324 1684 pios
1347 1634 1450 1684 filios

792 1690 943 1727 haberet
983 1703 1012 1726 s.
1050 1691 1150 1740 pium
1177 1691 1331 1727 filiorum
1360 1703 1450 1739 erga

794 1751 948 1783 matrem
970 1747 1151 1793 anin1um3
1200 1749 1301 1796 quod
1330 1748 1449 1797 ipsuun

794 1804 889 1839 foret
922 1799 995 1853 τὴν
1023 1799 1200 1855 γνώμην.
1244 1804 1343 1840 Hinc
1372 1799 1449 1855 ῥώ-

795 1873 873 1908 μην
916 1871 1061 1907 quoque
1096 1864 1236 1906 tuetur,
1273 1864 1449 1897 monente

797 1914 883 1960 Cr.‚
912 1913 1100 1952 Benedict.
1128 1916 1164 1951 in
1185 1920 1275 1951 nott.
1300 1916 1447 1952 critt.i11

794 1969 919 2006 Beekii
958 1970 1052 2006 Actt.
1093 1970 1273 2006 Seminar.
1324 1971 1448 2020 philol.

795 2024 898 2074 Lips.
926 2024 959 2060 ΙΙ
984 2038 1021 2074 p.
1051 2028 1132 2066 279
1162 2039 1217 2075 sq.
1256 2026 1358 2064 Idem
1381 2027 1447 2064 Cr.

797 2082 844 2117 ad
886 2076 1122 2133 ἐμακάριζον
1172 2084 1326 2119 conferri
1373 2084 1448 2120 vult

796 2137 931 2173 Zonar.
963 2136 1052 2174 Lex.
1088 2150 1142 2186 gr.
1178 2151 1215 2189 p.
1244 2139 1345 2186 704,
1384 2141 1447 2176 ubi

795 2197 851 2230 est
881 2190 1151 2245 ἐμακάρισαν,
1199 2199 1239 2231 tu
1285 2197 1328 2232 ef.
1376 2196 1447 2233 illic

795 2248 830 2286 Τ
833 2250 996 2286 ittmann.
1026 2254 1062 2287 et
1094 2251 1194 2299 quod
1231 2252 1279 2287 ad
1304 2251 1446 2300 signifi-

793 2306 970 2343 cationem
1001 2306 1147 2353 attinet,
1187 2306 1442 2356 VVyttenbach.

792 2362 840 2398 ad
875 2361 1053 2400 Plutarch.
1092 2362 1186 2400 Mor.
1228 2363 1245 2400 I
1288 2378 1324 2415 p.
1363 2367 1447 2406 767

791 2431 869 2468 seq.

850 2512 949 2553 οἴων
965 2512 1114 2554 τέκνων
1133 2509 1315 2566 ἐκύρησε]
1329 2514 1446 2553 Recte

791 2571 897 2607 vertit
934 2571 1064 2608 Matth.
1103 2569 1140 2622 ξ.
1169 2573 1251 2613 328
1292 2586 1328 2622 p-
1361 2574 1445 2613 636

792 2627 888 2674 (coll.
909 2626 944 2678 ἓ.
965 2629 1059 2675 580,
1080 2641 1108 2664 c.
1123 2633 1197 2665 not.
1217 2630 1242 2669 3
1262 2641 1299 2678 p.
1322 2630 1443 2675 899):

792 2683 909 2730 „dass
956 2684 1011 2720 z'lir
1061 2684 1172 2721 solclae
1220 2684 1355 2721 Kinder
1399 2697 1447 2721 zu

795 2740 897 2776 Theai
935 2740 1114 2788 geworclen
1156 2743 1310 2778 wdrenf‘
1380 2741 1447 2777 Est

792 2798 886 2833 enim
903 2797 1036 2833 dictum
1048 2810 1135 2846 pro:
1166 2793 1226 2838 ὅτι
1248 2793 1441 2838 τοιούτων

792 2851 940 2893 τέκνων
958 2850 1137 2906 ἐκύρησε.
