1877 3223
695 217 912 256 CLIO.
970 218 997 257 Ι.
1392 220 1475 260 18Ί

1528 326 1657 353 Croesus
1691 326 1756 353 vult

1526 359 1744 395 Cappadociam
1755 367 1803 388 su-

1527 394 1641 428 bigere,
1650 401 1685 420 ac
1694 401 1805 428 poenas

1528 427 1565 454 de
1583 427 1661 461 Cyro
1677 435 1804 455 sumere.

95 329 160 375 73

327 324 628 380 Ἐστρατεύετο
658 326 703 370 δὲ
738 325 762 370 ὁ
793 330 981 381 Κροῖσος
1023 325 1090 369 ἐπὶ
1127 325 1207 382 τήν
1234 329 1469 372 Καππαδο-

215 405 315 461 κίην
342 408 478 450 τῶνδε
509 407 672 449 εἵνεκα·
715 405 787 449 καὶ
814 409 892 462 γῆς
921 404 1079 462 ἱμέρῳ,
1109 403 1470 462 προσκτήσασθαι
1566 461 1572 467 ⁸

215 484 325 540 πρὸς
352 485 432 542 τὴν
462 485 629 530 ἑωυτοῦ
658 489 816 542 μοῖραν
845 483 1135 540 βουλόμενος·
1165 485 1237 528 καὶ
1266 484 1466 542 μάλιστα,
1480 460 1805 529 9οὲἑ1ῗῖίῗιῗίῐῖιῦὲῗω-

216 567 278 621 τῷ
307 567 551 623 χρηστηρίῳ
595 567 778 616 πίσυνος
806 563 911 617 ἔων,
967 565 1040 608 καὶ
1087 566 1290 609 τίσασθαι
1327 565 1473 610 θέλων

188 640 327 698 Ξὺπὲρ
358 642 610 699 Ἀστυάγεος
638 648 803 700 Κῦρον.
861 642 1095 699 Ἀστυάγεα
1133 645 1242 700 γάρ,
1280 646 1357 689 τὸν
1386 649 1474 689 Κυ-
1532 658 1589 699 36

220 721 405 776 αξάρεω,
454 721 580 766 ἐόντα
617 726 814 777 Κροίσου
848 694 926 778 μέν
957 722 1181 780 γαμβρὸν,
1228 724 1397 779 Μ’ήδων
1427 725 1473 769 δὲ

216 799 421 855 βασιλέα,
463 804 610 855 Κῦρος
641 801 663 846 ὁ
696 802 944 858 Καμβύσεω
986 803 1391 859 καταστρεψάμενος
1423 803 1476 847 εἶ-

215 894 286 933 χε,
343 879 580 935 γενόμενον
626 882 824 938 γαμβρὸν
871 884 1051 942 Κροίσῳ
1095 877 1190 925 ὦδε.
1260 883 1476 926 Σκυθέων

214 961 304 1001 τῶν
339 958 546 1015 νομάδων
593 963 683 1016 ε’ίλη
726 960 902 1017 ἀνδρῶν
939 961 1224 1013 στασιάσασα,
1266 961 1533 1017 ὑπεξῆλθε95

189 1037 261 1088 3ἐς
294 1041 376 1093 γῆν
414 1039 493 1095 τὴν
531 1040 748 1096 ΙῑῙηδικήν.
807 1039 1062 1096 ἐτυράννευε
1112 1041 1157 1084 δὲ
1195 1040 1273 1084 τόν
1315 1039 1477 1096 χρόνον

218 1122 378 1161 τοῦτον
408 1118 579 1174 Μήδων
610 1118 862 1175 Κυαξάρης,
896 1118 919 1162 ὁ
956 1118 1208 1174 Φραόρτεω,
1238 1124 1317 1162 τοῦ
1345 1119 1477 1176 Δηϊό-

217 1213 318 1241 κεω·
351 1197 400 1249 ὃς
429 1197 533 1249 τούς
549 1198 733 1250 Σκύθας
762 1199 948 1249 τούτους
977 1198 1025 1241 τό
1054 1198 1131 1253 μὲν
1159 1202 1334 1254 πρῶτον
1361 1214 1478 1252 περι-

218 1281 309 1319 εῖπε
339 1271 407 1328 εὖ,
455 1277 513 1328 ὠς
542 1276 694 1328 ἐόντας
725 1277 881 1328 ἱκέτας·
944 1277 1051 1320 ὥστε
1096 1278 1140 1320 δὲ
1175 1279 1271 1332 περὶ
1309 1281 1478 1321 πολλοῦ

215 1354 470 1411 ποιεόμενος
502 1355 690 1410 αὐτούς,
721 1355 878 1406 παῖδάς
900 1366 979 1411 σφι
997 1356 1220 1410 παρέδωκε
1242 1356 1321 1412 την
1340 1361 1477 1411 γλώσ-

161 1570 236 1624 νη“ρ
262 1578 318 1611 est
337 1574 453 1624 pedes
477 1574 688 1624 expeditus,
718 1572 813 1611 bene

161 1630 314 1677 cinctus,
343 1644 409 1668 nec
424 1630 497 1667 11113
515 1644 554 1668 re
573 1644 602 1667 s.
624 1644 735 1668 onere
747 1631 813 1666 im-

161 1687 318 1736 peditus.
339 1687 446 1724 Conf.
463 1687 492 1735 Ι,
508 1687 587 1729 104
604 1691 641 1725 et
654 1687 812 1736 Hesych.

163 1754 192 1778 s.
213 1754 248 1779 v.

335 1826 366 1862 c
379 1837 401 1862 a
412 1838 448 1876 p.
476 1824 647 1863 Lxxm.

220 1905 316 1960 πρὸς
341 1906 415 1960 τήν
443 1907 595 1948 ἑωυτοῦ
627 1911 817 1961 μοῖραν

165 1961 433 2015 βουλόμενος]
493 1965 611 2014 Vulgo
657 1965 815 2015 μοίρην.

165 2022 242 2059 Sed
285 2021 450 2071 plerique
501 2026 538 2059 et
575 2022 700 2072 optimi
735 2021 816 2058 libri

165 2081 333 2128 μοῖραν,
405 2078 503 2126 quod
549 2078 625 2114 iure
680 2077 815 2126 recepit

165 2134 282 2171 Gaisf.
311 2134 353 2170 In
379 2134 676 2171 antecedentibus
704 2134 814 2170 verba

164 2190 288 2228 τῶνδε
320 2189 450 2228 εἵνεκα
477 2191 572 2226 refer
602 2191 650 2226 ad
678 2193 815 2236 terum,

165 2258 260 2295 quae
279 2247 449 2296 deinceps
467 2247 718 2295 proferuntur,
731 2258 815 2281 cau—

165 2314 239 2340 sas,
293 2302 335 2338 In
362 2315 464 2351 seqq.
501 2300 662 2352 βασιλέα
689 2302 815 2339 iterum

167 2371 250 2394 cum
268 2358 385 2395 Gaisf.
419 2371 461 2395 ex
480 2358 610 2396 iisdem
636 2358 735 2394 libris
760 2370 816 2395 re-

169 2414 390 2463 scripsimus.
447 2414 567 2464 Vulgo
590 2415 772 2465 βασιλῆα.

225 2468 418 2508 Σκυθέων
436 2472 516 2509 τῶν
527 2466 713 2520 νομάδων
733 2468 816 2520 εἴλη

170 2518 328 2575 ἀνδρῶν
365 2523 625 2576 στασιάσασα]
684 2525 765 2576 εἴλη
795 2538 818 2562 3

170 2579 377 2617 melioribus
390 2582 488 2619 libris
508 2582 656 2619 allatum
671 2586 817 2631 praetu-

169 2634 274 2672 limus
297 2636 439 2674 lectioni
457 2637 532 2688 ἴλη.
573 2637 626 2675 Ac
644 2639 815 2686 frequens

171 2690 261 2728 haec
280 2694 460 2739 confusio,
488 2695 535 2731 de
566 2694 637 2742 qua
667 2693 818 2731 Wesse-

172 2745 261 2795 ling.
295 2748 345 2784 ad
381 2748 532 2786 Diodor.
567 2748 673 2786 Sicul.
701 2750 818 2797 XVII,

171 2803 239 2843 33.
258 2824 313 2831 —-
338 2797 500 2856 οἷνδραῖν
518 2818 597 2842 cum
617 2805 817 2843 Wesselin-

173 2858 235 2908 gio
277 2859 395 2911 placet
428 2861 626 2912 adiungere
662 2862 817 2911 genitivo

879 1573 959 1610 τῶν
982 1565 1193 1622 νομάδων,
1223 1576 1263 1608 ut
1283 1572 1412 1609 eadem
1435 1571 1535 1609 locu-

880 1629 931 1665 tio
947 1630 1015 1675 sit,
1045 1641 1140 1677 quae
1161 1629 1259 1678 apud
1277 1629 1419 1666 Arriam.
1455 1629 1535 1665 Ind.

882 1687 956 1726 29:
985 1681 1198 1737 ἅνθρωποι
1218 1680 1401 1735 νομάδες,
1425 1685 1538 1722 aliae-

883 1754 954 1790 que
971 1741 1076 1777 huius
1098 1742 1242 1789 generis
1266 1742 1363 1778 haud
1378 1755 1459 1778 raro
1475 1755 1536 1778 oe-

885 1801 1030 1833 eurrunt
1068 1797 1289 1844 locutiones,
1327 1798 1387 1834 ubi
1418 1792 1536 1848 άνήρ,

886 1849 1104 1904 ἅνθρωπος
1139 1854 1208 1890 hoc
1233 1853 1343 1889 modo
1373 1854 1535 1890 additum

884 1909 1060 1945 videmus.
1107 1908 1228 1957 Magis
1251 1909 1415 1957 quaesita
1434 1909 1536 1945 vide-

883 1968 941 2000 tur
964 1964 1165 2012 Schweigh.
1195 1965 1287 2000 ratio
1325 1963 1446 2014 „silim
1468 1960 1535 2003 άν-

885 2020 1013 2070 δρῶν,
1045 2032 1138 2068 quae
1170 2019 1253 2069 εἴλη
1287 2015 1445 2071 άνδρῶν
1469 2022 1536 2057 fuit

884 2075 965 2123 (ἐκ)
985 2073 1181 2114 Σκυθέων
1203 2078 1282 2114 τῶν
1307 2072 1535 2127 νομάδων.“

882 2131 940 2168 Ad
974 2136 1225 2181 argumentum
1255 2134 1348 2169 conf.
1372 2132 1412 2179 Ι,
1456 2135 1536 2174 103

882 2200 985 2236 seqq.
1035 2188 1171 2225 Statuit
1191 2188 1361 2226 Volneius
1384 2188 1534 2239 (Suppl.

883 2246 905 2281 ὲ
924 2243 1126 2281 l’Herodot.
1144 2247 1215 2295 p.8
1227 2257 1329 2294 seqq.
1345 2245 1395 2285 15
1408 2246 1533 2294 seqq.)

883 2301 1059 2337 accidisse
1082 2300 1172 2348 hoc,
1204 2301 1302 2349 quod
1320 2301 1367 2338 de
1387 2301 1532 2349 Scythis

885 2357 1158 2394 advenientibus
1179 2356 1330 2405 legimus
1344 2385 1354 2405 ,
1383 2361 1537 2394 exeunte

885 2426 981 2450 anno
1015 2415 1097 2454 632
1135 2425 1167 2449 a.
1203 2413 1289 2450 Chr.
1322 2426 1357 2450 n.
1416 2412 1538 2461 Atque

885 2470 1094 2517 Cyaxare5‚
1134 2481 1178 2506 ex
1201 2469 1363 2507 eiusdem
1391 2469 1537 2506 Volneii

886 2524 1050 2572 calculis,
1105 2525 1314 2573 quibuscum
1361 2524 1535 2563 Larcheri

885 2585 1074 2631 computus
1097 2581 1281 2630 congruit,
1313 2581 1360 2619 ad
1381 2593 1535 2630 regnum

886 2641 944 2676 est
961 2641 1103 2675 evectus
1126 2650 1220 2674 anno
1244 2637 1326 2679 634
1346 2650 1378 2674 3.
1393 2638 1479 2674 Chr.
1496 2649 1534 2674 n.

885 2714 941 2721 —-
974 2694 1016 2730 In
1045 2706 1148 2742 seqq.
1176 2693 1224 2730 ad
1253 2687 1299 2732 εὖ
1322 2691 1536 2743 περιέπειν,

885 2750 966 2786 bene
1005 2753 1176 2797 tractare,
1221 2749 1292 2786 vid.
1329 2749 1448 2786 laudd.
1485 2749 1533 2786 ad

888 2805 1066 2842 Plutarch.
1093 2805 1247 2843 Flamin.
1271 2818 1307 2855 p.
1335 2807 1388 2847 79
1419 2809 1455 2842 et
1486 2805 1534 2841 ad

889 2861 1016 2910 Pyrrh.
1036 2874 1073 2913 p.
1090 2864 1183 2904 200.
1240 2861 1362 2899 Verba
1379 2857 1432 2908 ὥς
1448 2855 1531 2901 ἐόν-
