<?xml version="1.0" encoding="UTF-8"?>
<!DOCTYPE html PUBLIC "-//W3C//DTD XHTML 1.0 Transitional//EN"
    "http://www.w3.org/TR/xhtml1/DTD/xhtml1-transitional.dtd">
<html xmlns="http://www.w3.org/1999/xhtml" xml:lang="en" lang="en">
 <head>
  <title>
</title>
<meta http-equiv="Content-Type" content="text/html;charset=utf-8" />
  <meta name='ocr-system' content='tesseract 3.04.00' />
  <meta name='ocr-capabilities' content='ocr_page ocr_carea ocr_par ocr_line ocrx_word'/>
</head>
<body>
  <div class='ocr_page' id='page_1' title='image "./musaeherodoto01hero_0687.png"; bbox 0 0 1909 3228; ppageno 0'>
   <div class='ocr_carea' id='block_1_1' title="bbox 522 238 1039 278">
    <p class='ocr_par' dir='ltr' id='par_1_1' title="bbox 522 238 1039 278">
     <span class='ocr_line' id='line_1_1' title="bbox 522 238 1039 278; baseline 0.002 -2"><span class='ocrx_word' id='word_1_1' title='bbox 522 238 949 278; x_wconf 91' lang='lat' dir='ltr'><strong>EUTERPE.</strong></span> <span class='ocrx_word' id='word_1_2' title='bbox 994 239 1039 278; x_wconf 87' lang='lat'>11.</span> 
     </span>
    </p>
   </div>
   <div class='ocr_carea' id='block_1_2' title="bbox 1315 241 1399 280">
    <p class='ocr_par' dir='ltr' id='par_1_2' title="bbox 1315 241 1399 280">
     <span class='ocr_line' id='line_1_2' title="bbox 1315 241 1399 280; baseline 0.012 -1"><span class='ocrx_word' id='word_1_3' title='bbox 1315 241 1399 280; x_wconf 75' lang='lat'>673</span> 
     </span>
    </p>
   </div>
   <div class='ocr_carea' id='block_1_3' title="bbox 108 346 1398 643">
    <p class='ocr_par' dir='ltr' id='par_1_3' title="bbox 108 346 1398 643">
     <span class='ocr_line' id='line_1_3' title="bbox 137 346 1398 405; baseline -0.001 -13"><span class='ocrx_word' id='word_1_4' title='bbox 137 349 234 405; x_wconf 82' lang='grc' dir='ltr'><strong><em>λίην</em></strong></span> <span class='ocrx_word' id='word_1_5' title='bbox 261 350 428 391; x_wconf 80' lang='grc' dir='ltr'><em>πᾶσαν·</em></span> <span class='ocrx_word' id='word_1_6' title='bbox 459 347 779 405; x_wconf 75' lang='grc' dir='ltr'><em>ἐκκαθήραντες</em></span> <span class='ocrx_word' id='word_1_7' title='bbox 806 348 851 392; x_wconf 77' lang='grc' dir='ltr'>δὲ</span> <span class='ocrx_word' id='word_1_8' title='bbox 875 347 1035 404; x_wconf 76' lang='grc' dir='ltr'><em>αὐτὴν,</em></span> <span class='ocrx_word' id='word_1_9' title='bbox 1064 348 1137 392; x_wconf 80' lang='grc' dir='ltr'>καὶ</span> <span class='ocrx_word' id='word_1_10' title='bbox 1159 346 1398 405; x_wconf 76' lang='grc' dir='ltr'><em>διηθήσαν-</em></span> 
     </span>
     <span class='ocr_line' id='line_1_4' title="bbox 137 423 1398 484; baseline 0.002 -15"><span class='ocrx_word' id='word_1_11' title='bbox 137 443 206 477; x_wconf 85' lang='grc' dir='ltr'>τες</span> <span class='ocrx_word' id='word_1_12' title='bbox 249 428 355 484; x_wconf 81' lang='grc' dir='ltr'><em>οἴνῳ</em></span> <span class='ocrx_word' id='word_1_13' title='bbox 395 430 648 484; x_wconf 81' lang='grc' dir='ltr'><em>φοινικηΐῳ,</em></span> <span class='ocrx_word' id='word_1_14' title='bbox 708 423 830 479; x_wconf 80' lang='grc' dir='ltr'><em>αὖτις</em></span> <span class='ocrx_word' id='word_1_15' title='bbox 877 426 1106 484; x_wconf 78' lang='grc' dir='ltr'><em>διηθέουσι</em></span> <span class='ocrx_word' id='word_1_16' title='bbox 1151 426 1398 484; x_wconf 72' lang='grc' dir='ltr'><em>θυμιήμασι</em></span> 
     </span>
     <span class='ocr_line' id='line_1_5' title="bbox 108 505 1396 563; baseline 0.002 -16"><span class='ocrx_word' id='word_1_17' title='bbox 108 506 469 562; x_wconf 80' lang='grc' dir='ltr'><em>7τετριμμὲνοισι.</em></span> <span class='ocrx_word' id='word_1_18' title='bbox 527 507 670 550; x_wconf 76' lang='grc' dir='ltr'><em>ἔπειτα</em></span> <span class='ocrx_word' id='word_1_19' title='bbox 708 507 788 562; x_wconf 78' lang='grc' dir='ltr'>τὴν</span> <span class='ocrx_word' id='word_1_20' title='bbox 826 507 966 563; x_wconf 78' lang='grc' dir='ltr'><em>νηδύν</em></span> <span class='ocrx_word' id='word_1_21' title='bbox 1004 505 1196 562; x_wconf 81' lang='grc' dir='ltr'><em>σμύρνης</em></span> <span class='ocrx_word' id='word_1_22' title='bbox 1233 505 1396 563; x_wconf 70' lang='grc' dir='ltr'><em>ἀκηρά-</em></span> 
     </span>
     <span class='ocr_line' id='line_1_6' title="bbox 135 584 1392 643; baseline 0.002 -15"><span class='ocrx_word' id='word_1_23' title='bbox 135 602 215 628; x_wconf 87' lang='grc' dir='ltr'>του</span> <span class='ocrx_word' id='word_1_24' title='bbox 247 586 546 643; x_wconf 80' lang='grc' dir='ltr'><em>τετριμμένης,</em></span> <span class='ocrx_word' id='word_1_25' title='bbox 577 586 649 630; x_wconf 80' lang='grc' dir='ltr'>καὶ</span> <span class='ocrx_word' id='word_1_26' title='bbox 678 587 842 642; x_wconf 73' lang='grc' dir='ltr'><em>κασίής,</em></span> <span class='ocrx_word' id='word_1_27' title='bbox 878 586 952 629; x_wconf 83' lang='grc' dir='ltr'>καὶ</span> <span class='ocrx_word' id='word_1_28' title='bbox 981 588 1068 629; x_wconf 76' lang='grc' dir='ltr'>τῶν</span> <span class='ocrx_word' id='word_1_29' title='bbox 1098 584 1242 630; x_wconf 79' lang='grc' dir='ltr'><em>ἄλλων</em></span> <span class='ocrx_word' id='word_1_30' title='bbox 1269 591 1392 630; x_wconf 84' lang='grc' dir='ltr'>θυω-</span> 
     </span>
    </p>
   </div>
   <div class='ocr_carea' id='block_1_4' title="bbox 56 800 729 2930">
    <p class='ocr_par' dir='ltr' id='par_1_4' title="bbox 70 800 729 1294">
     <span class='ocr_line' id='line_1_7' title="bbox 134 800 729 857; baseline -0.002 -13"><span class='ocrx_word' id='word_1_31' title='bbox 134 800 402 856; x_wconf 78' lang='grc' dir='ltr'><em>διηθήσαντες</em></span> <span class='ocrx_word' id='word_1_32' title='bbox 449 803 546 857; x_wconf 79' lang='grc' dir='ltr'><em>οἷ’νῳ</em></span> <span class='ocrx_word' id='word_1_33' title='bbox 594 819 729 854; x_wconf 82' lang='grc' dir='ltr'><em>φοινι-</em></span> 
     </span>
     <span class='ocr_line' id='line_1_8' title="bbox 76 860 728 914; baseline -0.002 -15"><span class='ocrx_word' id='word_1_34' title='bbox 76 860 199 914; x_wconf 77' lang='grc' dir='ltr'><em>κηΐῳ]</em></span> <span class='ocrx_word' id='word_1_35' title='bbox 231 863 253 898; x_wconf 92' lang='lat' dir='ltr'>i.</span> <span class='ocrx_word' id='word_1_36' title='bbox 274 876 304 899; x_wconf 89' lang='lat' dir='ltr'>e.</span> <span class='ocrx_word' id='word_1_37' title='bbox 331 862 451 899; x_wconf 75' lang='lat' dir='ltr'>eluunt</span> <span class='ocrx_word' id='word_1_38' title='bbox 472 864 552 898; x_wconf 81' lang='grc' dir='ltr'><em>υιίιο</em></span> <span class='ocrx_word' id='word_1_39' title='bbox 569 861 728 911; x_wconf 80' lang='lat' dir='ltr'>palmeo‚·</span> 
     </span>
     <span class='ocr_line' id='line_1_9' title="bbox 75 917 727 967; baseline 0.003 -14"><span class='ocrx_word' id='word_1_40' title='bbox 75 918 113 954; x_wconf 90' lang='lat' dir='ltr'>in</span> <span class='ocrx_word' id='word_1_41' title='bbox 136 931 207 966; x_wconf 92' lang='lat' dir='ltr'>quo</span> <span class='ocrx_word' id='word_1_42' title='bbox 239 932 319 955; x_wconf 90' lang='lat' dir='ltr'>cum</span> <span class='ocrx_word' id='word_1_43' title='bbox 349 918 487 955; x_wconf 88' lang='lat' dir='ltr'>Nostro</span> <span class='ocrx_word' id='word_1_44' title='bbox 517 917 624 967; x_wconf 90' lang='lat' dir='ltr'>plane</span> <span class='ocrx_word' id='word_1_45' title='bbox 642 919 727 955; x_wconf 83' lang='lat' dir='ltr'>facit</span> 
     </span>
     <span class='ocr_line' id='line_1_10' title="bbox 72 973 726 1021; baseline 0.003 -11"><span class='ocrx_word' id='word_1_46' title='bbox 72 973 261 1011; x_wconf 91' lang='lat' dir='ltr'>Diodorus</span> <span class='ocrx_word' id='word_1_47' title='bbox 292 975 329 1021; x_wconf 92' lang='lat' dir='ltr'>I,</span> <span class='ocrx_word' id='word_1_48' title='bbox 362 976 427 1015; x_wconf 84' lang='lat'>91.</span> <span class='ocrx_word' id='word_1_49' title='bbox 503 974 562 1012; x_wconf 89' lang='lat' dir='ltr'>De</span> <span class='ocrx_word' id='word_1_50' title='bbox 588 975 672 1011; x_wconf 76' lang='lat' dir='ltr'>vino</span> <span class='ocrx_word' id='word_1_51' title='bbox 705 988 726 1012; x_wconf 89' lang='lat' dir='ltr'>e</span> 
     </span>
     <span class='ocr_line' id='line_1_11' title="bbox 72 1029 725 1080; baseline 0.002 -13"><span class='ocrx_word' id='word_1_52' title='bbox 72 1029 200 1079; x_wconf 78' lang='lat' dir='ltr'>palmis</span> <span class='ocrx_word' id='word_1_53' title='bbox 210 1035 338 1080; x_wconf 86' lang='lat' dir='ltr'>parato</span> <span class='ocrx_word' id='word_1_54' title='bbox 351 1032 504 1067; x_wconf 85' lang='lat' dir='ltr'><strong>diximus</strong></span> <span class='ocrx_word' id='word_1_55' title='bbox 522 1032 569 1068; x_wconf 86' lang='lat' dir='ltr'>ad</span> <span class='ocrx_word' id='word_1_56' title='bbox 589 1031 616 1077; x_wconf 90' lang='lat' dir='ltr'>I,</span> <span class='ocrx_word' id='word_1_57' title='bbox 633 1033 725 1072; x_wconf 88' lang='grc'><strong>193.</strong></span> 
     </span>
     <span class='ocr_line' id='line_1_12' title="bbox 71 1086 726 1137; baseline 0.003 -15"><span class='ocrx_word' id='word_1_58' title='bbox 71 1086 211 1135; x_wconf 85' lang='lat' dir='ltr'>Magna</span> <span class='ocrx_word' id='word_1_59' title='bbox 248 1087 447 1136; x_wconf 85' lang='lat' dir='ltr'>palmarum</span> <span class='ocrx_word' id='word_1_60' title='bbox 485 1088 521 1123; x_wconf 89' lang='lat' dir='ltr'>in</span> <span class='ocrx_word' id='word_1_61' title='bbox 554 1087 726 1137; x_wconf 68' lang='lat' dir='ltr'>Aegypto</span> 
     </span>
     <span class='ocr_line' id='line_1_13' title="bbox 70 1143 724 1193; baseline 0.005 -15"><span class='ocrx_word' id='word_1_62' title='bbox 70 1143 137 1179; x_wconf 85' lang='lat' dir='ltr'>suit</span> <span class='ocrx_word' id='word_1_63' title='bbox 157 1144 284 1193; x_wconf 85' lang='lat' dir='ltr'>copia,</span> <span class='ocrx_word' id='word_1_64' title='bbox 304 1157 425 1193; x_wconf 90' lang='lat' dir='ltr'>neque</span> <span class='ocrx_word' id='word_1_65' title='bbox 443 1147 567 1181; x_wconf 88' lang='lat' dir='ltr'>tamen</span> <span class='ocrx_word' id='word_1_66' title='bbox 587 1144 724 1181; x_wconf 89' lang='lat' dir='ltr'>illarum</span> 
     </span>
     <span class='ocr_line' id='line_1_14' title="bbox 72 1199 723 1250; baseline 0.005 -15"><span class='ocrx_word' id='word_1_67' title='bbox 72 1212 115 1235; x_wconf 87' lang='lat' dir='ltr'>ea</span> <span class='ocrx_word' id='word_1_68' title='bbox 149 1201 374 1248; x_wconf 76' lang='lat' dir='ltr'>praestantia</span> <span class='ocrx_word' id='word_1_69' title='bbox 410 1204 520 1250; x_wconf 90' lang='lat' dir='ltr'>atque</span> <span class='ocrx_word' id='word_1_70' title='bbox 555 1201 592 1237; x_wconf 92' lang='lat' dir='ltr'>in</span> <span class='ocrx_word' id='word_1_71' title='bbox 622 1199 723 1238; x_wconf 89' lang='lat' dir='ltr'>Asia.</span> 
     </span>
     <span class='ocr_line' id='line_1_15' title="bbox 70 1254 446 1294; baseline 0.003 -3"><span class='ocrx_word' id='word_1_72' title='bbox 70 1254 180 1291; x_wconf 84' lang='lat' dir='ltr'>Plura</span> <span class='ocrx_word' id='word_1_73' title='bbox 197 1256 367 1294; x_wconf 82' lang='lat' dir='ltr'>Creuzer.</span> <span class='ocrx_word' id='word_1_74' title='bbox 383 1256 405 1293; x_wconf 93' lang='lat' dir='ltr'>l.</span> <span class='ocrx_word' id='word_1_75' title='bbox 424 1256 446 1292; x_wconf 94' lang='lat' dir='ltr'>l.</span> 
     </span>
    </p>

    <p class='ocr_par' dir='ltr' id='par_1_5' title="bbox 56 1307 723 2930">
     <span class='ocr_line' id='line_1_16' title="bbox 125 1307 722 1363; baseline 0.003 -14"><span class='ocrx_word' id='word_1_76' title='bbox 125 1307 355 1361; x_wconf 81' lang='grc' dir='ltr'><em>θυμιήμασι</em></span> <span class='ocrx_word' id='word_1_77' title='bbox 383 1310 667 1363; x_wconf 78' lang='grc' dir='ltr'><em>τετριμμένοισι</em></span> <span class='ocrx_word' id='word_1_78' title='bbox 686 1326 722 1351; x_wconf 77' lang='grc' dir='ltr'>κ.</span> 
     </span>
     <span class='ocr_line' id='line_1_17' title="bbox 69 1366 723 1418; baseline 0.002 -13"><span class='ocrx_word' id='word_1_79' title='bbox 69 1381 102 1406; x_wconf 90' lang='grc' dir='ltr'>τ.</span> <span class='ocrx_word' id='word_1_80' title='bbox 123 1366 171 1418; x_wconf 83' lang='grc' dir='ltr'>λ.]</span> <span class='ocrx_word' id='word_1_81' title='bbox 202 1368 376 1415; x_wconf 89' lang='lat' dir='ltr'>„Horum</span> <span class='ocrx_word' id='word_1_82' title='bbox 402 1374 607 1405; x_wconf 85' lang='lat' dir='ltr'>aromatum</span> <span class='ocrx_word' id='word_1_83' title='bbox 635 1382 723 1418; x_wconf 91' lang='lat' dir='ltr'>pro-</span> 
     </span>
     <span class='ocr_line' id='line_1_18' title="bbox 68 1424 721 1470; baseline 0.002 -10"><span class='ocrx_word' id='word_1_84' title='bbox 68 1429 217 1461; x_wconf 77' lang='lat' dir='ltr'>ventum</span> <span class='ocrx_word' id='word_1_85' title='bbox 230 1453 240 1470; x_wconf 91' lang='lat'>,</span> <span class='ocrx_word' id='word_1_86' title='bbox 270 1425 306 1460; x_wconf 92' lang='lat' dir='ltr'>in</span> <span class='ocrx_word' id='word_1_87' title='bbox 321 1424 456 1461; x_wconf 79' lang='lat' dir='ltr'>Arabia</span> <span class='ocrx_word' id='word_1_88' title='bbox 477 1425 721 1462; x_wconf 81' lang='lat' dir='ltr'>felicissimum</span> 
     </span>
     <span class='ocr_line' id='line_1_19' title="bbox 67 1479 714 1530; baseline 0.002 -14"><span class='ocrx_word' id='word_1_89' title='bbox 67 1491 109 1516; x_wconf 85' lang='lat' dir='ltr'>ac</span> <span class='ocrx_word' id='word_1_90' title='bbox 126 1479 349 1529; x_wconf 89' lang='lat' dir='ltr'>percipiendi</span> <span class='ocrx_word' id='word_1_91' title='bbox 371 1481 519 1517; x_wconf 91' lang='lat' dir='ltr'>modum</span> <span class='ocrx_word' id='word_1_92' title='bbox 538 1481 617 1530; x_wconf 92' lang='lat' dir='ltr'>ipse</span> <span class='ocrx_word' id='word_1_93' title='bbox 638 1481 714 1517; x_wconf 91' lang='lat' dir='ltr'>No-</span> 
     </span>
     <span class='ocr_line' id='line_1_20' title="bbox 67 1536 718 1584; baseline 0.002 -11"><span class='ocrx_word' id='word_1_94' title='bbox 67 1540 141 1573; x_wconf 85' lang='lat' dir='ltr'>ster</span> <span class='ocrx_word' id='word_1_95' title='bbox 173 1537 343 1573; x_wconf 86' lang='lat' dir='ltr'>describit</span> <span class='ocrx_word' id='word_1_96' title='bbox 386 1536 459 1584; x_wconf 84' lang='lat'>111,</span> <span class='ocrx_word' id='word_1_97' title='bbox 502 1539 594 1578; x_wconf 87' lang='lat'>107.</span> <span class='ocrx_word' id='word_1_98' title='bbox 625 1539 718 1577; x_wconf 88' lang='lat'>110.</span> 
     </span>
     <span class='ocr_line' id='line_1_21' title="bbox 67 1592 717 1641; baseline 0.002 -12"><span class='ocrx_word' id='word_1_99' title='bbox 67 1594 159 1633; x_wconf 84' lang='lat'>111.</span> <span class='ocrx_word' id='word_1_100' title='bbox 188 1614 245 1620; x_wconf 89' lang='lat'>—</span> <span class='ocrx_word' id='word_1_101' title='bbox 272 1592 397 1641; x_wconf 86' lang='lat' dir='ltr'><strong>Atque</strong></span> <span class='ocrx_word' id='word_1_102' title='bbox 424 1593 610 1630; x_wconf 90' lang='lat' dir='ltr'>Gmelinus</span> <span class='ocrx_word' id='word_1_103' title='bbox 631 1592 672 1640; x_wconf 90' lang='lat' dir='ltr'>(l.</span> <span class='ocrx_word' id='word_1_104' title='bbox 694 1593 717 1630; x_wconf 91' lang='lat' dir='ltr'>l.</span> 
     </span>
     <span class='ocr_line' id='line_1_22' title="bbox 64 1649 717 1699; baseline 0 -13"><span class='ocrx_word' id='word_1_105' title='bbox 64 1661 100 1699; x_wconf 92' lang='lat' dir='ltr'>p.</span> <span class='ocrx_word' id='word_1_106' title='bbox 122 1649 203 1697; x_wconf 89' lang='lat'>18)</span> <span class='ocrx_word' id='word_1_107' title='bbox 242 1649 280 1685; x_wconf 92' lang='lat' dir='ltr'>in</span> <span class='ocrx_word' id='word_1_108' title='bbox 309 1649 363 1686; x_wconf 90' lang='lat' dir='ltr'>his</span> <span class='ocrx_word' id='word_1_109' title='bbox 387 1649 571 1687; x_wconf 83' lang='lat' dir='ltr'>Herodoti</span> <span class='ocrx_word' id='word_1_110' title='bbox 598 1649 717 1686; x_wconf 90' lang='lat' dir='ltr'>verbis</span> 
     </span>
     <span class='ocr_line' id='line_1_23' title="bbox 65 1705 717 1744; baseline 0.003 -3"><span class='ocrx_word' id='word_1_111' title='bbox 65 1705 176 1742; x_wconf 86' lang='lat' dir='ltr'>docet</span> <span class='ocrx_word' id='word_1_112' title='bbox 195 1705 280 1742; x_wconf 89' lang='lat' dir='ltr'>bina</span> <span class='ocrx_word' id='word_1_113' title='bbox 298 1706 402 1742; x_wconf 82' lang='lat' dir='ltr'>nobis</span> <span class='ocrx_word' id='word_1_114' title='bbox 428 1707 588 1743; x_wconf 86' lang='lat' dir='ltr'>tenenda</span> <span class='ocrx_word' id='word_1_115' title='bbox 616 1719 717 1744; x_wconf 89' lang='lat' dir='ltr'>esse:</span> 
     </span>
     <span class='ocr_line' id='line_1_24' title="bbox 64 1762 717 1810; baseline 0.005 -14"><span class='ocrx_word' id='word_1_116' title='bbox 64 1762 237 1810; x_wconf 83' lang='lat' dir='ltr'>primum,</span> <span class='ocrx_word' id='word_1_117' title='bbox 273 1762 437 1799; x_wconf 85' lang='lat' dir='ltr'>adhibita</span> <span class='ocrx_word' id='word_1_118' title='bbox 459 1763 571 1799; x_wconf 81' lang='lat' dir='ltr'>fuisse</span> <span class='ocrx_word' id='word_1_119' title='bbox 596 1762 717 1799; x_wconf 78' lang='lat' dir='ltr'><em>herbas</em></span> 
     </span>
     <span class='ocr_line' id='line_1_25' title="bbox 65 1819 718 1855; baseline 0.003 -2"><span class='ocrx_word' id='word_1_120' title='bbox 65 1821 102 1853; x_wconf 87' lang='lat' dir='ltr'>et</span> <span class='ocrx_word' id='word_1_121' title='bbox 128 1830 247 1853; x_wconf 78' lang='lat' dir='ltr'>succos</span> <span class='ocrx_word' id='word_1_122' title='bbox 278 1819 493 1855; x_wconf 91' lang='lat' dir='ltr'>aromaticos</span> <span class='ocrx_word' id='word_1_123' title='bbox 525 1819 718 1855; x_wconf 87' lang='lat' dir='ltr'>odoratos-</span> 
     </span>
     <span class='ocr_line' id='line_1_26' title="bbox 64 1874 717 1921; baseline 0.003 -13"><span class='ocrx_word' id='word_1_124' title='bbox 64 1885 157 1921; x_wconf 76' lang='lat' dir='ltr'>que3</span> <span class='ocrx_word' id='word_1_125' title='bbox 197 1874 349 1910; x_wconf 87' lang='lat' dir='ltr'>alterum</span> <span class='ocrx_word' id='word_1_126' title='bbox 378 1874 465 1921; x_wconf 82' lang='lat' dir='ltr'>hoc,</span> <span class='ocrx_word' id='word_1_127' title='bbox 495 1875 630 1911; x_wconf 74' lang='lat' dir='ltr'>ventris</span> <span class='ocrx_word' id='word_1_128' title='bbox 657 1887 717 1910; x_wconf 89' lang='lat' dir='ltr'>ca-</span> 
     </span>
     <span class='ocr_line' id='line_1_27' title="bbox 64 1931 716 1979; baseline 0.006 -15"><span class='ocrx_word' id='word_1_129' title='bbox 64 1941 148 1965; x_wconf 61' lang='lat' dir='ltr'>vum</span> <span class='ocrx_word' id='word_1_130' title='bbox 170 1942 242 1966; x_wconf 91' lang='lat' dir='ltr'>non</span> <span class='ocrx_word' id='word_1_131' title='bbox 259 1931 446 1979; x_wconf 82' lang='lat' dir='ltr'>perfusum</span> <span class='ocrx_word' id='word_1_132' title='bbox 469 1943 550 1967; x_wconf 80' lang='lat' dir='ltr'>esse</span> <span class='ocrx_word' id='word_1_133' title='bbox 567 1931 716 1968; x_wconf 71' lang='lat' dir='ltr'>materia</span> 
     </span>
     <span class='ocr_line' id='line_1_28' title="bbox 64 1986 716 2035; baseline 0.003 -15"><span class='ocrx_word' id='word_1_134' title='bbox 64 1986 278 2032; x_wconf 79' lang='lat' dir='ltr'>condiente,</span> <span class='ocrx_word' id='word_1_135' title='bbox 316 1987 382 2023; x_wconf 91' lang='lat' dir='ltr'>sed</span> <span class='ocrx_word' id='word_1_136' title='bbox 408 1986 633 2023; x_wconf 73' lang='lat' dir='ltr'>subtilissimo</span> <span class='ocrx_word' id='word_1_137' title='bbox 651 1999 716 2035; x_wconf 84' lang='lat' dir='ltr'>per</span> 
     </span>
     <span class='ocr_line' id='line_1_29' title="bbox 63 2041 715 2080; baseline 0.005 -4"><span class='ocrx_word' id='word_1_138' title='bbox 63 2041 174 2077; x_wconf 81' lang='lat' dir='ltr'>colum</span> <span class='ocrx_word' id='word_1_139' title='bbox 208 2043 281 2079; x_wconf 74' lang='lat' dir='ltr'>sive</span> <span class='ocrx_word' id='word_1_140' title='bbox 302 2043 451 2079; x_wconf 68' lang='lat' dir='ltr'>cribrum</span> <span class='ocrx_word' id='word_1_141' title='bbox 479 2045 623 2080; x_wconf 78' lang='lat' dir='ltr'>traiecto</span> <span class='ocrx_word' id='word_1_142' title='bbox 641 2046 715 2080; x_wconf 74' lang='lat' dir='ltr'>eius</span> 
     </span>
     <span class='ocr_line' id='line_1_30' title="bbox 58 2097 714 2148; baseline 0.003 -15"><span class='ocrx_word' id='word_1_143' title='bbox 58 2097 201 2147; x_wconf 57' lang='lat' dir='ltr'>pult-ere</span> <span class='ocrx_word' id='word_1_144' title='bbox 236 2098 425 2148; x_wconf 77' lang='lat' dir='ltr'>repletum;</span> <span class='ocrx_word' id='word_1_145' title='bbox 463 2100 563 2148; x_wconf 92' lang='lat' dir='ltr'>quod</span> <span class='ocrx_word' id='word_1_146' title='bbox 584 2099 714 2137; x_wconf 90' lang='lat' dir='ltr'>intelli-</span> 
     </span>
     <span class='ocr_line' id='line_1_31' title="bbox 61 2151 713 2206; baseline 0.006 -16"><span class='ocrx_word' id='word_1_147' title='bbox 61 2158 169 2203; x_wconf 86' lang='lat' dir='ltr'>gatur</span> <span class='ocrx_word' id='word_1_148' title='bbox 201 2168 222 2192; x_wconf 92' lang='lat' dir='ltr'>e</span> <span class='ocrx_word' id='word_1_149' title='bbox 247 2156 366 2192; x_wconf 75' lang='lat' dir='ltr'>verbis</span> <span class='ocrx_word' id='word_1_150' title='bbox 394 2151 621 2206; x_wconf 80' lang='grc' dir='ltr'><em>θυμιήμασι</em></span> <span class='ocrx_word' id='word_1_151' title='bbox 654 2170 713 2194; x_wconf 83' lang='grc' dir='ltr'>τε-</span> 
     </span>
     <span class='ocr_line' id='line_1_32' title="bbox 60 2209 710 2263; baseline 0.003 -15"><span class='ocrx_word' id='word_1_152' title='bbox 60 2209 305 2261; x_wconf 79' lang='grc' dir='ltr'><em>τριμμένοισι</em></span> <span class='ocrx_word' id='word_1_153' title='bbox 353 2216 389 2249; x_wconf 88' lang='lat' dir='ltr'>et</span> <span class='ocrx_word' id='word_1_154' title='bbox 443 2210 710 2263; x_wconf 82' lang='grc' dir='ltr'><em>τετριμμένης.</em></span> 
     </span>
     <span class='ocr_line' id='line_1_33' title="bbox 60 2266 712 2319; baseline 0.003 -16"><span class='ocrx_word' id='word_1_155' title='bbox 60 2266 117 2304; x_wconf 93' lang='lat' dir='ltr'>De</span> <span class='ocrx_word' id='word_1_156' title='bbox 137 2267 327 2304; x_wconf 87' lang='lat' dir='ltr'>herbarum</span> <span class='ocrx_word' id='word_1_157' title='bbox 346 2272 466 2305; x_wconf 91' lang='lat' dir='ltr'>autem</span> <span class='ocrx_word' id='word_1_158' title='bbox 483 2269 631 2319; x_wconf 75' lang='lat' dir='ltr'>pulvere</span> <span class='ocrx_word' id='word_1_159' title='bbox 650 2282 712 2305; x_wconf 91' lang='lat' dir='ltr'>co-</span> 
     </span>
     <span class='ocr_line' id='line_1_34' title="bbox 60 2323 710 2372; baseline 0.006 -14"><span class='ocrx_word' id='word_1_160' title='bbox 60 2323 155 2370; x_wconf 89' lang='lat' dir='ltr'>gitat</span> <span class='ocrx_word' id='word_1_161' title='bbox 179 2324 286 2360; x_wconf 90' lang='lat' dir='ltr'>etiam</span> <span class='ocrx_word' id='word_1_162' title='bbox 309 2324 472 2372; x_wconf 78' lang='lat' dir='ltr'>Heynius</span> <span class='ocrx_word' id='word_1_163' title='bbox 500 2326 710 2372; x_wconf 80' lang='lat' dir='ltr'>(comment.</span> 
     </span>
     <span class='ocr_line' id='line_1_35' title="bbox 60 2379 710 2429; baseline 0.005 -14"><span class='ocrx_word' id='word_1_164' title='bbox 60 2392 132 2415; x_wconf 91' lang='lat' dir='ltr'>soc.</span> <span class='ocrx_word' id='word_1_165' title='bbox 153 2379 255 2415; x_wconf 88' lang='lat' dir='ltr'>Gott.</span> <span class='ocrx_word' id='word_1_166' title='bbox 272 2379 322 2415; x_wconf 95' lang='lat' dir='ltr'>IV</span> <span class='ocrx_word' id='word_1_167' title='bbox 341 2393 376 2429; x_wconf 89' lang='lat' dir='ltr'>p.</span> <span class='ocrx_word' id='word_1_168' title='bbox 393 2382 475 2429; x_wconf 87' lang='lat'>18),</span> <span class='ocrx_word' id='word_1_169' title='bbox 505 2382 541 2417; x_wconf 90' lang='lat' dir='ltr'>in</span> <span class='ocrx_word' id='word_1_170' title='bbox 563 2382 631 2418; x_wconf 93' lang='lat' dir='ltr'>hoc</span> <span class='ocrx_word' id='word_1_171' title='bbox 654 2386 710 2418; x_wconf 82' lang='lat' dir='ltr'>ta-</span> 
     </span>
     <span class='ocr_line' id='line_1_36' title="bbox 59 2435 711 2484; baseline 0.006 -14"><span class='ocrx_word' id='word_1_172' title='bbox 59 2447 144 2472; x_wconf 90' lang='lat' dir='ltr'>men</span> <span class='ocrx_word' id='word_1_173' title='bbox 164 2435 294 2482; x_wconf 86' lang='lat' dir='ltr'>falsus,</span> <span class='ocrx_word' id='word_1_174' title='bbox 325 2437 424 2484; x_wconf 90' lang='lat' dir='ltr'>quod</span> <span class='ocrx_word' id='word_1_175' title='bbox 446 2438 582 2475; x_wconf 82' lang='lat' dir='ltr'>viscera</span> <span class='ocrx_word' id='word_1_176' title='bbox 603 2438 639 2474; x_wconf 94' lang='lat' dir='ltr'>in</span> <span class='ocrx_word' id='word_1_177' title='bbox 657 2437 711 2474; x_wconf 85' lang='lat' dir='ltr'>al-</span> 
     </span>
     <span class='ocr_line' id='line_1_37' title="bbox 59 2491 710 2544; baseline 0.008 -19"><span class='ocrx_word' id='word_1_178' title='bbox 59 2502 106 2526; x_wconf 66' lang='lat' dir='ltr'>*so</span> <span class='ocrx_word' id='word_1_179' title='bbox 138 2491 348 2539; x_wconf 85' lang='lat' dir='ltr'>reponenda</span> <span class='ocrx_word' id='word_1_180' title='bbox 376 2505 419 2529; x_wconf 94' lang='lat' dir='ltr'>eo</span> <span class='ocrx_word' id='word_1_181' title='bbox 459 2493 607 2544; x_wconf 76' lang='lat' dir='ltr'>pulvere</span> <span class='ocrx_word' id='word_1_182' title='bbox 643 2494 710 2530; x_wconf 89' lang='lat' dir='ltr'>ad-</span> 
     </span>
     <span class='ocr_line' id='line_1_38' title="bbox 60 2548 711 2596; baseline 0.008 -15"><span class='ocrx_word' id='word_1_183' title='bbox 60 2558 186 2595; x_wconf 87' lang='lat' dir='ltr'>spersa</span> <span class='ocrx_word' id='word_1_184' title='bbox 220 2551 334 2596; x_wconf 87' lang='lat' dir='ltr'>putat.</span> <span class='ocrx_word' id='word_1_185' title='bbox 400 2548 442 2585; x_wconf 92' lang='lat' dir='ltr'>In</span> <span class='ocrx_word' id='word_1_186' title='bbox 481 2550 551 2586; x_wconf 87' lang='lat' dir='ltr'>alia</span> <span class='ocrx_word' id='word_1_187' title='bbox 590 2550 711 2586; x_wconf 88' lang='lat' dir='ltr'>omnia</span> 
     </span>
     <span class='ocr_line' id='line_1_39' title="bbox 59 2601 709 2642; baseline 0.008 -5"><span class='ocrx_word' id='word_1_188' title='bbox 59 2602 135 2638; x_wconf 86' lang='lat' dir='ltr'>abit</span> <span class='ocrx_word' id='word_1_189' title='bbox 168 2601 342 2639; x_wconf 82' lang='lat' dir='ltr'>Rouellus</span> <span class='ocrx_word' id='word_1_190' title='bbox 368 2603 405 2641; x_wconf 90' lang='lat' dir='ltr'>in</span> <span class='ocrx_word' id='word_1_191' title='bbox 431 2618 573 2642; x_wconf 91' lang='lat' dir='ltr'>memm.</span> <span class='ocrx_word' id='word_1_192' title='bbox 607 2605 709 2642; x_wconf 91' lang='lat' dir='ltr'>acad.</span> 
     </span>
     <span class='ocr_line' id='line_1_40' title="bbox 60 2657 708 2710; baseline 0.006 -17"><span class='ocrx_word' id='word_1_193' title='bbox 60 2657 142 2694; x_wconf 88' lang='lat' dir='ltr'>Par.</span> <span class='ocrx_word' id='word_1_194' title='bbox 163 2659 302 2695; x_wconf 88' lang='lat' dir='ltr'>scientt.</span> <span class='ocrx_word' id='word_1_195' title='bbox 332 2671 414 2696; x_wconf 90' lang='lat' dir='ltr'>ann.</span> <span class='ocrx_word' id='word_1_196' title='bbox 435 2662 542 2702; x_wconf 89' lang='lat'>1750</span> <span class='ocrx_word' id='word_1_197' title='bbox 566 2674 603 2710; x_wconf 94' lang='lat' dir='ltr'>p.</span> <span class='ocrx_word' id='word_1_198' title='bbox 629 2664 708 2702; x_wconf 77' lang='lat'>120</span> 
     </span>
     <span class='ocr_line' id='line_1_41' title="bbox 58 2714 708 2766; baseline 0.008 -17"><span class='ocrx_word' id='word_1_199' title='bbox 58 2726 162 2762; x_wconf 85' lang='lat' dir='ltr'><strong>seqq.</strong></span> <span class='ocrx_word' id='word_1_200' title='bbox 235 2714 360 2763; x_wconf 82' lang='lat' dir='ltr'>Negat</span> <span class='ocrx_word' id='word_1_201' title='bbox 393 2717 488 2754; x_wconf 90' lang='lat' dir='ltr'>enim</span> <span class='ocrx_word' id='word_1_202' title='bbox 524 2717 708 2766; x_wconf 84' lang='lat' dir='ltr'>pulverem</span> 
     </span>
     <span class='ocr_line' id='line_1_42' title="bbox 58 2772 707 2819; baseline 0.006 -14"><span class='ocrx_word' id='word_1_203' title='bbox 58 2774 260 2806; x_wconf 87' lang='lat' dir='ltr'>aromatum</span> <span class='ocrx_word' id='word_1_204' title='bbox 287 2772 323 2807; x_wconf 91' lang='lat' dir='ltr'>in</span> <span class='ocrx_word' id='word_1_205' title='bbox 353 2772 489 2809; x_wconf 78' lang='lat' dir='ltr'>viscera</span> <span class='ocrx_word' id='word_1_206' title='bbox 516 2773 707 2819; x_wconf 79' lang='lat' dir='ltr'>iniectum3</span> 
     </span>
     <span class='ocr_line' id='line_1_43' title="bbox 58 2826 706 2875; baseline 0.005 -13"><span class='ocrx_word' id='word_1_207' title='bbox 58 2826 210 2875; x_wconf 84' lang='lat' dir='ltr'>eiusque</span> <span class='ocrx_word' id='word_1_208' title='bbox 226 2827 276 2864; x_wconf 90' lang='lat' dir='ltr'>rei</span> <span class='ocrx_word' id='word_1_209' title='bbox 298 2828 387 2864; x_wconf 90' lang='lat' dir='ltr'>duas</span> <span class='ocrx_word' id='word_1_210' title='bbox 408 2841 554 2865; x_wconf 77' lang='lat' dir='ltr'>caussas</span> <span class='ocrx_word' id='word_1_211' title='bbox 567 2829 706 2874; x_wconf 82' lang='lat' dir='ltr'>adfert3</span> 
     </span>
     <span class='ocr_line' id='line_1_44' title="bbox 56 2883 707 2930; baseline 0.008 -13"><span class='ocrx_word' id='word_1_212' title='bbox 56 2893 175 2930; x_wconf 88' lang='lat' dir='ltr'>neque</span> <span class='ocrx_word' id='word_1_213' title='bbox 197 2883 291 2919; x_wconf 89' lang='lat' dir='ltr'>enim</span> <span class='ocrx_word' id='word_1_214' title='bbox 308 2884 479 2922; x_wconf 90' lang='lat' dir='ltr'>idoneum</span> <span class='ocrx_word' id='word_1_215' title='bbox 492 2898 572 2923; x_wconf 84' lang='lat' dir='ltr'>esse</span> <span class='ocrx_word' id='word_1_216' title='bbox 591 2884 707 2922; x_wconf 88' lang='lat' dir='ltr'>solum</span> 
     </span>
    </p>
   </div>
   <div class='ocr_carea' id='block_1_5' title="bbox 99 2937 370 2978">
    <p class='ocr_par' dir='ltr' id='par_1_6' title="bbox 99 2937 370 2978">
     <span class='ocr_line' id='line_1_45' title="bbox 99 2937 370 2978; baseline 0.011 -3"><span class='ocrx_word' id='word_1_217' title='bbox 99 2937 310 2977; x_wconf 69' lang='lat' dir='ltr'>Hisnonor.</span> <span class='ocrx_word' id='word_1_218' title='bbox 340 2939 370 2978; x_wconf 94' lang='grc' dir='ltr'>Ι.</span> 
     </span>
    </p>
   </div>
   <div class='ocr_carea' id='block_1_6' title="bbox 773 804 1448 2937">
    <p class='ocr_par' dir='ltr' id='par_1_7' title="bbox 774 804 1448 2654">
     <span class='ocr_line' id='line_1_46' title="bbox 795 804 1448 855; baseline 0.003 -14"><span class='ocrx_word' id='word_1_219' title='bbox 795 804 979 855; x_wconf 83' lang='lat' dir='ltr'>pulverem</span> <span class='ocrx_word' id='word_1_220' title='bbox 991 804 1167 843; x_wconf 87' lang='lat' dir='ltr'>eiusmodi</span> <span class='ocrx_word' id='word_1_221' title='bbox 1180 805 1354 843; x_wconf 82' lang='lat' dir='ltr'>siccandis</span> <span class='ocrx_word' id='word_1_222' title='bbox 1370 819 1448 844; x_wconf 84' lang='lat' dir='ltr'>cor-</span> 
     </span>
     <span class='ocr_line' id='line_1_47' title="bbox 795 862 1447 913; baseline 0.003 -16"><span class='ocrx_word' id='word_1_223' title='bbox 795 862 976 912; x_wconf 85' lang='lat' dir='ltr'>poribus,</span> <span class='ocrx_word' id='word_1_224' title='bbox 1016 875 1135 910; x_wconf 91' lang='lat' dir='ltr'>neque</span> <span class='ocrx_word' id='word_1_225' title='bbox 1172 875 1257 899; x_wconf 86' lang='lat' dir='ltr'>vero</span> <span class='ocrx_word' id='word_1_226' title='bbox 1298 863 1447 913; x_wconf 89' lang='lat' dir='ltr'>reperiri</span> 
     </span>
     <span class='ocr_line' id='line_1_48' title="bbox 796 917 1446 968; baseline 0.002 -14"><span class='ocrx_word' id='word_1_227' title='bbox 796 917 871 955; x_wconf 89' lang='lat' dir='ltr'>eius</span> <span class='ocrx_word' id='word_1_228' title='bbox 886 918 1042 968; x_wconf 81' lang='lat' dir='ltr'>pulveris</span> <span class='ocrx_word' id='word_1_229' title='bbox 1061 918 1228 967; x_wconf 77' lang='lat' dir='ltr'><strong>reliquias</strong></span> <span class='ocrx_word' id='word_1_230' title='bbox 1244 919 1279 954; x_wconf 93' lang='lat' dir='ltr'>in</span> <span class='ocrx_word' id='word_1_231' title='bbox 1293 920 1446 955; x_wconf 86' lang='lat' dir='ltr'>mumiis.</span> 
     </span>
     <span class='ocr_line' id='line_1_49' title="bbox 795 974 1446 1024; baseline 0.003 -14"><span class='ocrx_word' id='word_1_232' title='bbox 795 974 935 1011; x_wconf 85' lang='lat' dir='ltr'>Contra</span> <span class='ocrx_word' id='word_1_233' title='bbox 957 974 1047 1012; x_wconf 89' lang='lat' dir='ltr'>haec</span> <span class='ocrx_word' id='word_1_234' title='bbox 1074 975 1235 1024; x_wconf 85' lang='lat' dir='ltr'>disputat</span> <span class='ocrx_word' id='word_1_235' title='bbox 1269 974 1446 1012; x_wconf 88' lang='lat' dir='ltr'>Lauthius</span> 
     </span>
     <span class='ocr_line' id='line_1_50' title="bbox 794 1030 1446 1069; baseline 0.003 -2"><span class='ocrx_word' id='word_1_236' title='bbox 794 1030 832 1067; x_wconf 91' lang='lat' dir='ltr'>in</span> <span class='ocrx_word' id='word_1_237' title='bbox 861 1030 999 1068; x_wconf 81' lang='lat' dir='ltr'>histoir.</span> <span class='ocrx_word' id='word_1_238' title='bbox 1035 1031 1081 1068; x_wconf 89' lang='lat' dir='ltr'>de</span> <span class='ocrx_word' id='word_1_239' title='bbox 1110 1030 1302 1068; x_wconf 86' lang='lat' dir='ltr'>l’anatom.</span> <span class='ocrx_word' id='word_1_240' title='bbox 1331 1031 1401 1068; x_wconf 69' lang='lat' dir='ltr'>vol.</span> <span class='ocrx_word' id='word_1_241' title='bbox 1428 1031 1446 1069; x_wconf 92' lang='lat' dir='ltr'>I</span> 
     </span>
     <span class='ocr_line' id='line_1_51' title="bbox 793 1086 1445 1138; baseline 0.002 -15"><span class='ocrx_word' id='word_1_242' title='bbox 793 1100 830 1137; x_wconf 91' lang='lat' dir='ltr'>p.</span> <span class='ocrx_word' id='word_1_243' title='bbox 851 1090 905 1128; x_wconf 74' lang='lat'>20</span> <span class='ocrx_word' id='word_1_244' title='bbox 934 1100 1011 1136; x_wconf 90' lang='lat' dir='ltr'>seq.</span> <span class='ocrx_word' id='word_1_245' title='bbox 1043 1091 1080 1124; x_wconf 90' lang='lat' dir='ltr'>et</span> <span class='ocrx_word' id='word_1_246' title='bbox 1112 1086 1302 1124; x_wconf 88' lang='lat' dir='ltr'>oblocutus</span> <span class='ocrx_word' id='word_1_247' title='bbox 1330 1088 1445 1138; x_wconf 88' lang='lat' dir='ltr'>priori</span> 
     </span>
     <span class='ocr_line' id='line_1_52' title="bbox 794 1142 1445 1191; baseline 0.003 -12"><span class='ocrx_word' id='word_1_248' title='bbox 794 1148 1008 1191; x_wconf 87' lang='lat' dir='ltr'>argumento</span> <span class='ocrx_word' id='word_1_249' title='bbox 1039 1142 1108 1179; x_wconf 89' lang='lat' dir='ltr'>hoc</span> <span class='ocrx_word' id='word_1_250' title='bbox 1137 1142 1287 1181; x_wconf 88' lang='lat' dir='ltr'>alterum</span> <span class='ocrx_word' id='word_1_251' title='bbox 1313 1145 1363 1181; x_wconf 89' lang='lat' dir='ltr'>ita</span> <span class='ocrx_word' id='word_1_252' title='bbox 1386 1144 1445 1181; x_wconf 91' lang='lat' dir='ltr'>in-</span> 
     </span>
     <span class='ocr_line' id='line_1_53' title="bbox 790 1199 1444 1250; baseline 0.005 -15"><span class='ocrx_word' id='word_1_253' title='bbox 790 1200 935 1248; x_wconf 85' lang='lat' dir='ltr'>fringit,</span> <span class='ocrx_word' id='word_1_254' title='bbox 965 1204 1004 1236; x_wconf 94' lang='lat' dir='ltr'>ut</span> <span class='ocrx_word' id='word_1_255' title='bbox 1024 1199 1138 1236; x_wconf 90' lang='lat' dir='ltr'>dicat:</span> <span class='ocrx_word' id='word_1_256' title='bbox 1167 1199 1444 1250; x_wconf 75' lang='lat' dir='ltr'>pulveremeum</span> 
     </span>
     <span class='ocr_line' id='line_1_54' title="bbox 791 1256 1444 1307; baseline 0.002 -15"><span class='ocrx_word' id='word_1_257' title='bbox 791 1256 993 1293; x_wconf 86' lang='lat' dir='ltr'>adhibitum</span> <span class='ocrx_word' id='word_1_258' title='bbox 1026 1268 1107 1293; x_wconf 87' lang='lat' dir='ltr'>esse</span> <span class='ocrx_word' id='word_1_259' title='bbox 1134 1257 1277 1293; x_wconf 89' lang='lat' dir='ltr'>nonnisi</span> <span class='ocrx_word' id='word_1_260' title='bbox 1302 1257 1444 1307; x_wconf 90' lang='lat' dir='ltr'>pretio-</span> 
     </span>
     <span class='ocr_line' id='line_1_55' title="bbox 791 1312 1443 1361; baseline 0.003 -13"><span class='ocrx_word' id='word_1_261' title='bbox 791 1312 933 1348; x_wconf 85' lang='lat' dir='ltr'>sissimo</span> <span class='ocrx_word' id='word_1_262' title='bbox 985 1313 1111 1361; x_wconf 79' lang='lat' dir='ltr'>generi</span> <span class='ocrx_word' id='word_1_263' title='bbox 1155 1313 1443 1351; x_wconf 88' lang='lat' dir='ltr'>condiendorum</span> 
     </span>
     <span class='ocr_line' id='line_1_56' title="bbox 788 1369 1443 1418; baseline 0.003 -13"><span class='ocrx_word' id='word_1_264' title='bbox 788 1380 978 1418; x_wconf 90' lang='lat' dir='ltr'>corporum</span> <span class='ocrx_word' id='word_1_265' title='bbox 997 1381 1113 1417; x_wconf 90' lang='lat' dir='ltr'>eaque</span> <span class='ocrx_word' id='word_1_266' title='bbox 1131 1369 1308 1406; x_wconf 86' lang='lat' dir='ltr'>cadavera</span> <span class='ocrx_word' id='word_1_267' title='bbox 1327 1369 1443 1407; x_wconf 81' lang='lat' dir='ltr'>medi-</span> 
     </span>
     <span class='ocr_line' id='line_1_57' title="bbox 787 1425 1441 1475; baseline 0.003 -15"><span class='ocrx_word' id='word_1_268' title='bbox 787 1428 868 1460; x_wconf 87' lang='lat' dir='ltr'>cata</span> <span class='ocrx_word' id='word_1_269' title='bbox 891 1436 1040 1474; x_wconf 89' lang='lat' dir='ltr'>perrara</span> <span class='ocrx_word' id='word_1_270' title='bbox 1067 1437 1170 1470; x_wconf 91' lang='lat' dir='ltr'>esse,</span> <span class='ocrx_word' id='word_1_271' title='bbox 1206 1425 1362 1475; x_wconf 85' lang='lat' dir='ltr'>proinde</span> <span class='ocrx_word' id='word_1_272' title='bbox 1385 1426 1441 1462; x_wconf 86' lang='lat' dir='ltr'>fa-</span> 
     </span>
     <span class='ocr_line' id='line_1_58' title="bbox 788 1479 1439 1529; baseline 0.002 -12"><span class='ocrx_word' id='word_1_273' title='bbox 788 1479 854 1517; x_wconf 89' lang='lat' dir='ltr'>cile</span> <span class='ocrx_word' id='word_1_274' title='bbox 880 1480 1046 1529; x_wconf 89' lang='lat' dir='ltr'>potuisse</span> <span class='ocrx_word' id='word_1_275' title='bbox 1077 1480 1177 1525; x_wconf 89' lang='lat' dir='ltr'>fieri,</span> <span class='ocrx_word' id='word_1_276' title='bbox 1205 1485 1245 1517; x_wconf 90' lang='lat' dir='ltr'>ut</span> <span class='ocrx_word' id='word_1_277' title='bbox 1264 1480 1439 1518; x_wconf 88' lang='lat' dir='ltr'>Rouellus</span> 
     </span>
     <span class='ocr_line' id='line_1_59' title="bbox 788 1535 1440 1585; baseline 0.002 -13"><span class='ocrx_word' id='word_1_278' title='bbox 788 1535 858 1572; x_wconf 89' lang='lat' dir='ltr'>hoc</span> <span class='ocrx_word' id='word_1_279' title='bbox 887 1549 1003 1585; x_wconf 85' lang='lat' dir='ltr'>genus</span> <span class='ocrx_word' id='word_1_280' title='bbox 1030 1537 1246 1573; x_wconf 82' lang='lat' dir='ltr'>mmniarum</span> <span class='ocrx_word' id='word_1_281' title='bbox 1278 1550 1352 1573; x_wconf 90' lang='lat' dir='ltr'>non</span> <span class='ocrx_word' id='word_1_282' title='bbox 1383 1538 1440 1573; x_wconf 80' lang='lat' dir='ltr'>vi-</span> 
     </span>
     <span class='ocr_line' id='line_1_60' title="bbox 787 1591 1440 1640; baseline 0.003 -11"><span class='ocrx_word' id='word_1_283' title='bbox 787 1593 894 1630; x_wconf 90' lang='lat' dir='ltr'>derit.</span> <span class='ocrx_word' id='word_1_284' title='bbox 960 1592 1065 1629; x_wconf 89' lang='lat' dir='ltr'>Haec</span> <span class='ocrx_word' id='word_1_285' title='bbox 1090 1591 1290 1640; x_wconf 63' lang='lat' dir='ltr'>muthius,</span> <span class='ocrx_word' id='word_1_286' title='bbox 1321 1598 1440 1631; x_wconf 89' lang='lat' dir='ltr'>recte-</span> 
     </span>
     <span class='ocr_line' id='line_1_61' title="bbox 786 1648 1438 1699; baseline 0.003 -13"><span class='ocrx_word' id='word_1_287' title='bbox 786 1662 858 1698; x_wconf 87' lang='lat' dir='ltr'>que</span> <span class='ocrx_word' id='word_1_288' title='bbox 878 1649 908 1686; x_wconf 89' lang='lat' dir='ltr'>si</span> <span class='ocrx_word' id='word_1_289' title='bbox 929 1648 1018 1697; x_wconf 85' lang='lat' dir='ltr'>quid</span> <span class='ocrx_word' id='word_1_290' title='bbox 1046 1648 1165 1685; x_wconf 76' lang='lat' dir='ltr'>video,</span> <span class='ocrx_word' id='word_1_291' title='bbox 1222 1648 1320 1686; x_wconf 89' lang='lat' dir='ltr'>Nam</span> <span class='ocrx_word' id='word_1_292' title='bbox 1342 1662 1438 1699; x_wconf 90' lang='lat' dir='ltr'>quae</span> 
     </span>
     <span class='ocr_line' id='line_1_62' title="bbox 785 1705 1438 1755; baseline 0.005 -14"><span class='ocrx_word' id='word_1_293' title='bbox 785 1718 852 1755; x_wconf 90' lang='lat' dir='ltr'>per</span> <span class='ocrx_word' id='word_1_294' title='bbox 877 1705 1064 1755; x_wconf 78' lang='lat' dir='ltr'>Europam</span> <span class='ocrx_word' id='word_1_295' title='bbox 1100 1710 1333 1743; x_wconf 81' lang='lat' dir='ltr'>asservantur</span> <span class='ocrx_word' id='word_1_296' title='bbox 1354 1720 1438 1744; x_wconf 89' lang='lat' dir='ltr'>mu-</span> 
     </span>
     <span class='ocr_line' id='line_1_63' title="bbox 784 1761 1437 1810; baseline 0.002 -12"><span class='ocrx_word' id='word_1_297' title='bbox 784 1761 900 1808; x_wconf 91' lang='lat' dir='ltr'>miae,</span> <span class='ocrx_word' id='word_1_298' title='bbox 930 1774 996 1798; x_wconf 92' lang='lat' dir='ltr'>eae</span> <span class='ocrx_word' id='word_1_299' title='bbox 1022 1761 1218 1810; x_wconf 85' lang='lat' dir='ltr'>pleraeque</span> <span class='ocrx_word' id='word_1_300' title='bbox 1243 1762 1437 1800; x_wconf 89' lang='lat' dir='ltr'>herbarum</span> 
     </span>
     <span class='ocr_line' id='line_1_64' title="bbox 783 1817 1437 1867; baseline 0.003 -14"><span class='ocrx_word' id='word_1_301' title='bbox 783 1817 943 1867; x_wconf 91' lang='lat' dir='ltr'>ipsarum</span> <span class='ocrx_word' id='word_1_302' title='bbox 970 1817 1196 1865; x_wconf 89' lang='lat' dir='ltr'>aliarumque</span> <span class='ocrx_word' id='word_1_303' title='bbox 1214 1831 1333 1855; x_wconf 90' lang='lat' dir='ltr'>rerum</span> <span class='ocrx_word' id='word_1_304' title='bbox 1362 1819 1437 1855; x_wconf 88' lang='lat' dir='ltr'>far-</span> 
     </span>
     <span class='ocr_line' id='line_1_65' title="bbox 782 1873 1435 1922; baseline 0.005 -14"><span class='ocrx_word' id='word_1_305' title='bbox 782 1874 910 1922; x_wconf 88' lang='lat' dir='ltr'>ragine</span> <span class='ocrx_word' id='word_1_306' title='bbox 929 1873 1090 1922; x_wconf 84' lang='lat' dir='ltr'>repletae</span> <span class='ocrx_word' id='word_1_307' title='bbox 1110 1877 1204 1910; x_wconf 89' lang='lat' dir='ltr'>sunt.</span> <span class='ocrx_word' id='word_1_308' title='bbox 1261 1873 1372 1922; x_wconf 88' lang='lat' dir='ltr'>Atqui</span> <span class='ocrx_word' id='word_1_309' title='bbox 1391 1886 1435 1912; x_wconf 86' lang='lat' dir='ltr'>ex</span> 
     </span>
     <span class='ocr_line' id='line_1_66' title="bbox 783 1929 1435 1979; baseline 0.003 -14"><span class='ocrx_word' id='word_1_310' title='bbox 783 1929 988 1966; x_wconf 87' lang='lat' dir='ltr'>istiusmodi</span> <span class='ocrx_word' id='word_1_311' title='bbox 1013 1929 1228 1966; x_wconf 87' lang='lat' dir='ltr'>centonibus</span> <span class='ocrx_word' id='word_1_312' title='bbox 1246 1929 1435 1979; x_wconf 88' lang='lat' dir='ltr'>haudqua-</span> 
     </span>
     <span class='ocr_line' id='line_1_67' title="bbox 783 1985 1435 2034; baseline 0.003 -13"><span class='ocrx_word' id='word_1_313' title='bbox 783 1998 893 2033; x_wconf 83' lang='lat' dir='ltr'>quam</span> <span class='ocrx_word' id='word_1_314' title='bbox 915 1985 1053 2034; x_wconf 88' lang='lat' dir='ltr'>pendet</span> <span class='ocrx_word' id='word_1_315' title='bbox 1083 1985 1279 2022; x_wconf 86' lang='lat' dir='ltr'>auctoritas</span> <span class='ocrx_word' id='word_1_316' title='bbox 1310 1986 1435 2023; x_wconf 90' lang='lat' dir='ltr'>Hero-</span> 
     </span>
     <span class='ocr_line' id='line_1_68' title="bbox 782 2041 1434 2092; baseline 0.002 -14"><span class='ocrx_word' id='word_1_317' title='bbox 782 2041 882 2089; x_wconf 84' lang='lat' dir='ltr'>doti,</span> <span class='ocrx_word' id='word_1_318' title='bbox 911 2045 951 2077; x_wconf 92' lang='lat' dir='ltr'>ut</span> <span class='ocrx_word' id='word_1_319' title='bbox 972 2041 1032 2089; x_wconf 91' lang='lat' dir='ltr'>qui</span> <span class='ocrx_word' id='word_1_320' title='bbox 1049 2041 1085 2077; x_wconf 93' lang='lat' dir='ltr'>in</span> <span class='ocrx_word' id='word_1_321' title='bbox 1105 2041 1296 2078; x_wconf 83' lang='lat' dir='ltr'>Thebaide</span> <span class='ocrx_word' id='word_1_322' title='bbox 1315 2042 1434 2092; x_wconf 73' lang='lat' dir='ltr'>hypo-</span> 
     </span>
     <span class='ocr_line' id='line_1_69' title="bbox 781 2096 1432 2146; baseline 0.005 -13"><span class='ocrx_word' id='word_1_323' title='bbox 781 2098 955 2146; x_wconf 89' lang='lat' dir='ltr'>gaeisque</span> <span class='ocrx_word' id='word_1_324' title='bbox 985 2098 1129 2146; x_wconf 83' lang='lat' dir='ltr'>Regum</span> <span class='ocrx_word' id='word_1_325' title='bbox 1159 2096 1247 2134; x_wconf 88' lang='lat' dir='ltr'>alias</span> <span class='ocrx_word' id='word_1_326' title='bbox 1279 2098 1432 2136; x_wconf 86' lang='lat' dir='ltr'>mumias</span> 
     </span>
     <span class='ocr_line' id='line_1_70' title="bbox 781 2153 1433 2203; baseline 0.002 -13"><span class='ocrx_word' id='word_1_327' title='bbox 781 2153 1009 2203; x_wconf 72' lang='lat' dir='ltr'>spectaverit.</span> <span class='ocrx_word' id='word_1_328' title='bbox 1067 2153 1260 2190; x_wconf 84' lang='lat' dir='ltr'>Caeterum</span> <span class='ocrx_word' id='word_1_329' title='bbox 1279 2154 1315 2190; x_wconf 91' lang='lat' dir='ltr'>in</span> <span class='ocrx_word' id='word_1_330' title='bbox 1335 2155 1433 2192; x_wconf 85' lang='lat' dir='ltr'>exitu</span> 
     </span>
     <span class='ocr_line' id='line_1_71' title="bbox 780 2210 1432 2260; baseline 0.003 -14"><span class='ocrx_word' id='word_1_331' title='bbox 780 2210 878 2246; x_wconf 76' lang='lat' dir='ltr'>iuvat</span> <span class='ocrx_word' id='word_1_332' title='bbox 899 2210 1107 2248; x_wconf 82' lang='lat' dir='ltr'>adscribere</span> <span class='ocrx_word' id='word_1_333' title='bbox 1129 2210 1240 2246; x_wconf 76' lang='lat' dir='ltr'>verba</span> <span class='ocrx_word' id='word_1_334' title='bbox 1262 2210 1432 2260; x_wconf 84' lang='lat' dir='ltr'>Appuleii</span> 
     </span>
     <span class='ocr_line' id='line_1_72' title="bbox 779 2265 1427 2316; baseline 0 -14"><span class='ocrx_word' id='word_1_335' title='bbox 779 2267 815 2302; x_wconf 94' lang='lat' dir='ltr'>in</span> <span class='ocrx_word' id='word_1_336' title='bbox 841 2266 985 2316; x_wconf 82' lang='lat' dir='ltr'>apolog.</span> <span class='ocrx_word' id='word_1_337' title='bbox 1010 2279 1047 2316; x_wconf 89' lang='lat' dir='ltr'>p.</span> <span class='ocrx_word' id='word_1_338' title='bbox 1069 2266 1151 2306; x_wconf 81' lang='lat'>295</span> <span class='ocrx_word' id='word_1_339' title='bbox 1174 2265 1338 2303; x_wconf 88' lang='lat' dir='ltr'>Elmenh.</span> <span class='ocrx_word' id='word_1_340' title='bbox 1353 2280 1427 2303; x_wconf 92' lang='grc'>;-</span> 
     </span>
     <span class='ocr_line' id='line_1_73' title="bbox 778 2322 1432 2372; baseline 0 -14"><span class='ocrx_word' id='word_1_341' title='bbox 778 2326 818 2358; x_wconf 90' lang='lat' dir='ltr'>ut</span> <span class='ocrx_word' id='word_1_342' title='bbox 858 2322 888 2359; x_wconf 88' lang='lat' dir='ltr'>si</span> <span class='ocrx_word' id='word_1_343' title='bbox 922 2323 1002 2359; x_wconf 76' lang='lat' dir='ltr'>thus</span> <span class='ocrx_word' id='word_1_344' title='bbox 1030 2326 1068 2360; x_wconf 89' lang='lat' dir='ltr'>et</span> <span class='ocrx_word' id='word_1_345' title='bbox 1100 2324 1233 2358; x_wconf 78' lang='lat' dir='ltr'>casiam</span> <span class='ocrx_word' id='word_1_346' title='bbox 1273 2327 1309 2359; x_wconf 91' lang='lat' dir='ltr'>et</span> <span class='ocrx_word' id='word_1_347' title='bbox 1336 2335 1432 2372; x_wconf 69' lang='lat' dir='ltr'>myr-</span> 
     </span>
     <span class='ocr_line' id='line_1_74' title="bbox 777 2378 1431 2428; baseline 0 -13"><span class='ocrx_word' id='word_1_348' title='bbox 777 2379 878 2415; x_wconf 80' lang='lat' dir='ltr'>rham</span> <span class='ocrx_word' id='word_1_349' title='bbox 898 2384 1110 2428; x_wconf 91' lang='lat' dir='ltr'>ceterosque</span> <span class='ocrx_word' id='word_1_350' title='bbox 1129 2378 1166 2415; x_wconf 88' lang='lat' dir='ltr'>id</span> <span class='ocrx_word' id='word_1_351' title='bbox 1192 2390 1309 2426; x_wconf 86' lang='lat' dir='ltr'>genus</span> <span class='ocrx_word' id='word_1_352' title='bbox 1339 2379 1431 2415; x_wconf 87' lang='lat' dir='ltr'>odo-</span> 
     </span>
     <span class='ocr_line' id='line_1_75' title="bbox 778 2434 1430 2484; baseline -0.002 -12"><span class='ocrx_word' id='word_1_353' title='bbox 778 2448 836 2472; x_wconf 86' lang='lat' dir='ltr'>res</span> <span class='ocrx_word' id='word_1_354' title='bbox 849 2434 977 2484; x_wconf 73' lang='lat' dir='ltr'>sunerc&#39;</span> <span class='ocrx_word' id='word_1_355' title='bbox 1002 2438 1142 2471; x_wconf 84' lang='lat' dir='ltr'>tantum</span> <span class='ocrx_word' id='word_1_356' title='bbox 1169 2438 1310 2484; x_wconf 90' lang='lat' dir='ltr'>emptos</span> <span class='ocrx_word' id='word_1_357' title='bbox 1333 2435 1430 2471; x_wconf 84' lang='lat' dir='ltr'>arbi-</span> 
     </span>
     <span class='ocr_line' id='line_1_76' title="bbox 776 2489 1429 2540; baseline 0 -12"><span class='ocrx_word' id='word_1_358' title='bbox 776 2492 904 2537; x_wconf 90' lang='lat' dir='ltr'>treris,</span> <span class='ocrx_word' id='word_1_359' title='bbox 930 2503 1009 2529; x_wconf 91' lang='lat' dir='ltr'>cum</span> <span class='ocrx_word' id='word_1_360' title='bbox 1037 2494 1073 2527; x_wconf 90' lang='lat' dir='ltr'>et</span> <span class='ocrx_word' id='word_1_361' title='bbox 1094 2489 1339 2527; x_wconf 77' lang='lat' dir='ltr'>medicamento</span> <span class='ocrx_word' id='word_1_362' title='bbox 1361 2503 1429 2540; x_wconf 87' lang='lat' dir='ltr'>pa-</span> 
     </span>
     <span class='ocr_line' id='line_1_77' title="bbox 776 2546 1426 2586; baseline 0.003 -2"><span class='ocrx_word' id='word_1_363' title='bbox 776 2552 900 2585; x_wconf 90' lang='lat' dir='ltr'>rentur</span> <span class='ocrx_word' id='word_1_364' title='bbox 918 2552 954 2584; x_wconf 88' lang='lat' dir='ltr'>et</span> <span class='ocrx_word' id='word_1_365' title='bbox 975 2546 1187 2584; x_wconf 86' lang='lat' dir='ltr'>sacrifici0.“</span> <span class='ocrx_word' id='word_1_366' title='bbox 1216 2547 1348 2585; x_wconf 89' lang='lat' dir='ltr'>Creuz.</span> <span class='ocrx_word' id='word_1_367' title='bbox 1365 2546 1426 2586; x_wconf 91' lang='lat' dir='ltr'>l.l.</span> 
     </span>
     <span class='ocr_line' id='line_1_78' title="bbox 774 2604 1030 2654; baseline -0.004 -14"><span class='ocrx_word' id='word_1_368' title='bbox 774 2616 860 2654; x_wconf 89' lang='lat' dir='ltr'>pag.</span> <span class='ocrx_word' id='word_1_369' title='bbox 881 2605 947 2645; x_wconf 85' lang='lat'>36.</span> <span class='ocrx_word' id='word_1_370' title='bbox 964 2604 1030 2644; x_wconf 86' lang='lat'>37.</span> 
     </span>
    </p>

    <p class='ocr_par' dir='ltr' id='par_1_8' title="bbox 773 2651 1426 2874">
     <span class='ocr_line' id='line_1_79' title="bbox 831 2651 1426 2710; baseline -0.005 -12"><span class='ocrx_word' id='word_1_371' title='bbox 831 2656 907 2710; x_wconf 75' lang='grc' dir='ltr'>τήν</span> <span class='ocrx_word' id='word_1_372' title='bbox 932 2655 1060 2709; x_wconf 71' lang='grc' dir='ltr'><em>νηδύν</em></span> <span class='ocrx_word' id='word_1_373' title='bbox 1078 2654 1256 2709; x_wconf 80' lang='grc' dir='ltr'><em>σμύρνης</em></span> <span class='ocrx_word' id='word_1_374' title='bbox 1278 2651 1426 2709; x_wconf 72' lang='grc' dir='ltr'><em>ἄκηρᾶ-</em></span> 
     </span>
     <span class='ocr_line' id='line_1_80' title="bbox 774 2709 1425 2766; baseline -0.002 -12"><span class='ocrx_word' id='word_1_375' title='bbox 774 2729 845 2754; x_wconf 88' lang='grc' dir='ltr'>του</span> <span class='ocrx_word' id='word_1_376' title='bbox 863 2709 1425 2766; x_wconf 76' lang='grc' dir='ltr'><em>τετριμμένης-πλήσαντες]</em></span> 
     </span>
     <span class='ocr_line' id='line_1_81' title="bbox 775 2768 1425 2821; baseline -0.003 -11"><span class='ocrx_word' id='word_1_377' title='bbox 775 2768 904 2821; x_wconf 71' lang='grc' dir='ltr'><em>νηδύν</em></span> <span class='ocrx_word' id='word_1_378' title='bbox 935 2772 992 2808; x_wconf 89' lang='lat' dir='ltr'>hic</span> <span class='ocrx_word' id='word_1_379' title='bbox 1020 2784 1167 2820; x_wconf 91' lang='lat' dir='ltr'>quoque</span> <span class='ocrx_word' id='word_1_380' title='bbox 1192 2771 1277 2807; x_wconf 90' lang='lat' dir='ltr'>dicit</span> <span class='ocrx_word' id='word_1_381' title='bbox 1298 2782 1425 2808; x_wconf 86' lang='lat' dir='ltr'>cavum</span> 
     </span>
     <span class='ocr_line' id='line_1_82' title="bbox 773 2827 1382 2874; baseline -0.005 -9"><span class='ocrx_word' id='word_1_382' title='bbox 773 2828 908 2865; x_wconf 76' lang='lat' dir='ltr'>ventris</span> <span class='ocrx_word' id='word_1_383' title='bbox 920 2856 930 2874; x_wconf 88' lang='lat'>,</span> <span class='ocrx_word' id='word_1_384' title='bbox 957 2828 1134 2865; x_wconf 90' lang='lat' dir='ltr'>intestinis</span> <span class='ocrx_word' id='word_1_385' title='bbox 1154 2827 1382 2864; x_wconf 81' lang='lat' dir='ltr'>exenteratis.</span> 
     </span>
    </p>

    <p class='ocr_par' dir='ltr' id='par_1_9' title="bbox 831 2877 1424 2937">
     <span class='ocr_line' id='line_1_83' title="bbox 831 2877 1424 2937; baseline -0.003 -14"><span class='ocrx_word' id='word_1_386' title='bbox 831 2879 1010 2937; x_wconf 78' lang='grc' dir='ltr'><em>σμύρνης</em></span> <span class='ocrx_word' id='word_1_387' title='bbox 1039 2877 1241 2934; x_wconf 67' lang='grc' dir='ltr'><em>ἀκηράτου</em></span> <span class='ocrx_word' id='word_1_388' title='bbox 1275 2896 1424 2936; x_wconf 78' lang='grc' dir='ltr'><em>τετριμ-</em></span> 
     </span>
    </p>
   </div>
  </div>
 </body>
</html>
