1877 3223
457 254 514 293 68

861 254 1331 294 HERODOTI

459 394 485 412 ‚‚
498 361 697 418 εὔχεσθαι
715 361 843 415 ἄλλο,
873 361 924 419 ἦ,
953 363 1044 407 ἐπεί
1063 379 1108 407 τε
1127 362 1305 420 τάχιστα
1327 364 1544 409 ἐπύθοντό
1572 375 1618 409 σε
1642 365 1756 421 μέλ-1

459 444 625 491 ,,λοντα
655 441 723 485 ἐπὶ
754 443 878 497 σφίσι
905 443 1228 499 ναυπηγέεσθαι
1257 443 1377 495 νέας,
1409 447 1556 500 λαβεῖν
1577 443 1735 499 ἀρώμε-

419 649 541 685 mandi
572 651 789 698 potestatem
814 649 948 698 habet,
977 655 1017 688 ut
1036 651 1066 699 1,

419 706 487 751 30,
517 703 609 740 alibi.
678 704 785 741 Conf.
827 706 986 755 Kriiger.
1019 708 1066 744 ad

420 760 574 807 Dionys,
592 759 838 798 Halicarnass.
856 776 894 812 p.
919 766 1009 804 116.

476 817 612 866 λαβεῖν
661 811 928 867 ἀρώμενοι
985 823 1068 857 Λυ-

422 869 516 918 δοῦς
546 870 588 910 ἔν
616 867 823 926 θαλάσσῃ]
869 869 1070 925 ἐρώμενοι

423 928 591 965 exhibent
626 927 767 978 plurimi
807 929 905 977 iique
943 931 1070 980 optimi

422 984 522 1029 libri3
551 985 655 1033 pauci
692 997 842 1021 numero
864 998 931 1022 nec
945 987 1072 1023 melio-

423 1041 472 1077 ris
488 1045 597 1077 notae
619 1036 811 1091 ἀρᾶσθαι,
826 1042 924 1090 quod
943 1055 962 1079 e
975 1042 1073 1090 glos-

424 1100 561 1134 semate
626 1097 702 1134 sive
755 1097 1074 1147 interpretamento

424 1152 572 1189 fluxisse
616 1152 674 1189 vix
719 1154 886 1202 cuiquam
925 1155 1075 1191 dubium

425 1222 508 1246 esse
524 1209 677 1257 poterit,
707 1222 925 1258 quamquam
947 1211 1074 1247 desen-

425 1277 489 1301 sor
509 1264 585 1301 eius
605 1278 721 1315 nuper
742 1266 875 1302 exstitit
891 1280 1019 1303 censor
1036 1267 1074 1303 in

425 1319 580 1370 Ephem.
601 1320 763 1359 lenenss.
790 1323 898 1362 1817
916 1336 970 1359 nr.
996 1322 1075 1363 165

427 1389 466 1427 p.
491 1377 584 1417 379.
641 1376 736 1413 Nam
765 1377 913 1425 vulgata
955 1373 1075 1428 oipoe'-

428 1447 456 1482 μ
469 1445 484 1470 ε
497 1446 575 1469 νοι
604 1433 772 1480 quoniam
792 1434 909 1468 minus
930 1447 1009 1470 cum
1023 1433 1077 1469 lo-

429 1488 461 1524 ci
480 1491 656 1524 structura
666 1489 856 1525 convenire
874 1490 1076 1537 videbatur,

428 1543 527 1581 vario
545 1543 654 1580 modo
670 1544 787 1580 locum
798 1544 1078 1583 sollicitaverunt

429 1599 494 1636 viri
516 1599 624 1638 docti.
665 1600 838 1637 Glossam
863 1602 1078 1638 existimavit

431 1655 623 1693 Cornelius
669 1657 715 1693 de
751 1657 854 1703 Paw,
905 1658 1076 1696 Reiskius

430 1711 526 1749 male
543 1712 692 1749 coniecit
704 1707 895 1764 ἀράμενοι
902 1715 1078 1764 peiusque

432 1768 526 1804 adeo
543 1768 729 1818 explicuit3
751 1769 888 1806 felicius
910 1770 1077 1819 Toupius

432 1823 468 1859 in
491 1823 608 1873 Epist.
628 1825 735 1861 critic.
767 1838 804 1875 p.
826 1826 879 1866 64
902 1827 961 1863 etl.
977 1826 1080 1875 Lips.

433 1878 741 1930 αἰωρεομένους,
801 1894 872 1930 quo
917 1882 1081 1919 nimirum

430 1935 502 1971 sibi
531 1937 700 1986 opposita
729 1941 869 1973 essent:
919 1938 1080 1976 ἱππευο-

432 1988 578 2042 μένους
615 1991 752 2042 λαβεῖν
785 1991 828 2030 ἐν
865 1987 1017 2047 ’ἠπείρῳ
1045 1997 1081 2030 et

434 2047 569 2097 λαβεῖν
602 2047 891 2099 αἰωρεομένους
926 2048 969 2088 ἐν
1000 2053 1080 2088 θα-

433 2100 558 2156 λάσσῃ
571 2131 581 2150 ,
612 2104 690 2140 coll.
703 2104 881 2142 Herodot.
894 2104 974 2152 VH,
986 2108 1077 2146 116.

434 2159 548 2202 Quod
585 2160 708 2208 utique
744 2161 942 2210 speciosius
969 2173 1078 2210 quam

434 2216 567 2252 vei-ius.
626 2216 736 2253 Unde
776 2216 962 2254 Werserus
992 2230 1078 2266 pro-

433 2271 559 2322 posuit
585 2270 700 2318 (Actt.
721 2272 818 2321 phill.
838 2272 964 2309 Monn.
993 2272 1032 2319 l,
1054 2275 1076 2313 1

435 2339 473 2377 p-
492 2327 565 2374 74)
596 2324 881 2379 αἰωρεύμενοι,
923 2330 987 2366 sed
1009 2328 1078 2364 alio

434 2395 556 2420 sensu.
612 2383 706 2420 Nam
728 2385 911 2421 insulanos
931 2384 1081 2432 intelligi

436 2438 511 2475 vult
549 2438 680 2486 elatos,
718 2441 922 2491 confidentes
960 2439 1079 2477 navali

433 2495 606 2542 scientia,
635 2496 706 2544 qua
731 2498 910 2534 Croesum
945 2510 986 2534 se
1016 2509 1079 2532 su-

434 2555 626 2600 peraturos
641 2565 722 2589 esse
733 2558 892 2603 sperant.
913 2552 1078 2601 Schwgh.

433 2607 590 2655 denique
641 2609 794 2645 coniecit
854 2603 1080 2660 ἀειράμενοι

433 2661 661 2712 (‚,post‹1uam
672 2665 749 2701 vela
759 2668 870 2702 ventis
880 2665 1077 2714 dederint“)

434 2719 544 2766 idque
563 2720 597 2754 in
629 2724 763 2758 textum
791 2723 948 2772 recipere
980 2721 1077 2757 haud

434 2775 566 2811 veritus
594 2780 659 2812 est.
718 2778 792 2815 Sed
821 2779 948 2816 merito
975 2777 1076 2814 eiecit

434 2830 685 2880 Gaisfordius‚
733 2839 891 2871 veterum
931 2834 1075 2870 Grono-

433 2886 480 2923 vii
499 2891 536 2924 et
555 2885 783 2938 Woeselingii
805 2890 1005 2936 lectionem,
1033 2888 1076 2925 li-

1132 651 1206 688 bris
1227 650 1441 701 probatam,
1471 651 1669 698 reducens,
1698 662 1783 701 pro-

1132 708 1243 744 bante
1294 719 1438 756 quoque
1489 707 1685 753 Matthiae,
1722 706 1784 754 qui

1134 763 1395 814 explicatione,
1433 776 1508 800 non
1529 762 1783 800 emendatione

1133 819 1249 856 locum
1300 832 1409 867 egere
1458 820 1592 869 optime
1631 819 1781 855 monuit.

1136 875 1297 913 Pertinet
1320 875 1413 912 enim
1434 875 1490 912 hic
1511 875 1608 912 locus
1629 875 1675 911 ad
1698 873 1785 910 illud

1137 926 1432 977 ἄνακολουθίας
1444 945 1571 980 genuS,
1594 931 1653 967 ubi
1665 930 1782 967 Grae-

1138 987 1169 1023 ci
1198 987 1406 1036 principalis
1453 987 1653 1024 sententiae
1703 998 1784 1022 eam

1139 1047 1277 1092 partem
1291 1071 1301 1089 ,
1331 1054 1423 1090 quae
1445 1047 1531 1092 post
1554 1042 1663 1079 verba
1673 1043 1784 1078 inter-

1139 1099 1232 1135 iecta
1250 1098 1431 1146 sequitur,
1460 1110 1503 1134 ex
1523 1097 1577 1134 his
1597 1098 1685 1147 ipsis
1706 1110 1786 1134 ver-

1141 1154 1196 1191 bis
1223 1158 1390 1201 nectunt,
1429 1153 1547 1202 iisque
1574 1154 1788 1197 adstruunt·‚

1140 1212 1235 1247 conf.
1254 1210 1384 1246 Matth.
1403 1210 1564 1246 Gramm.
1576 1210 1639 1245 Gr.
1654 1207 1690 1260 ἓ.
1706 1210 1786 1250 631

1140 1279 1180 1317 p.
1213 1268 1333 1308 1298.
1408 1266 1492 1313 Sic,
1530 1265 1659 1302 Matth.
1691 1265 1788 1301 iudi-

1142 1327 1267 1368 cante,
1310 1322 1521 1358 Herodotus
1560 1334 1638 1358 cum
1668 1321 1787 1358 dicere

1141 1377 1355 1414 instituisset
1368 1391 1375 1414 :
1386 1377 1423 1415 τί
1441 1376 1590 1424 δοκέεις
1602 1374 1790 1427 εὔχεσθαι

1143 1431 1238 1472 ἄλλο
1257 1429 1496 1484 ἧ-λαβεῖν
1518 1430 1789 1483 ἄρᾶσθαιΛυ-

1143 1487 1240 1536 δούς
1261 1488 1303 1528 ἐν
1322 1486 1506 1544 θαλάσσῃ
1537 1491 1593 1537 (in
1613 1502 1686 1538 quo
1707 1489 1788 1539 ipso

1143 1541 1322 1597 ἀρᾶσθαι
1339 1547 1454 1582 omitti
1479 1545 1689 1596 potuerit),
1718 1546 1791 1582 iam

1143 1603 1262 1639 verbis
1297 1602 1518 1653 interpositis
1548 1603 1719 1652 abreptus
1741 1601 1790 1638 ad

1142 1655 1345 1698 ἐπύθοντο
1363 1660 1523 1696 referens
1531 1658 1677 1696 verbum
1689 1652 1788 1708 εἰρώ-

1144 1729 1256 1766 μειόι
1273 1715 1436 1764 scripsit,
1468 1715 1512 1751 ea
1529 1727 1617 1751 sane
1637 1718 1790 1750 structu-

1146 1772 1208 1818 ra,
1239 1783 1332 1819 quae
1348 1771 1393 1807 ob
1415 1771 1537 1821 priora
1555 1770 1666 1807 verba
1686 1769 1791 1818 sequi

1147 1828 1322 1873 debebat,
1363 1826 1538 1874 neglectu.
1597 1826 1791 1863 Caeterum

1147 1884 1184 1920 in
1219 1883 1300 1933 ipsa
1330 1896 1476 1919 casuum
1514 1882 1791 1932 permutatione,

1146 1952 1225 1976 cum
1256 1939 1495 1975 nominativus
1524 1937 1701 1988 participii
1732 1951 1791 1976 se-

1146 1999 1276 2044 quatur
1295 1994 1373 2030 loco
1395 1994 1585 2031 accusativi
1604 1993 1694 2043 (quo
1709 1994 1790 2044 ipso

1145 2051 1301 2088 cernitur
1312 2045 1615 2098 α’νακολουθία),
1632 2051 1706 2088 iure
1717 2063 1792 2087 non

1145 2106 1262 2143 haesit
1282 2107 1447 2154 Schwgh.
1478 2105 1686 2154 Collegerat
1695 2107 1790 2142 enim

1144 2162 1248 2198 huius
1268 2167 1465 2198 structurae
1480 2161 1643 2210 exempla
1652 2163 1791 2210 aliquot

1146 2230 1166 2255 e
1186 2222 1309 2254 nostro
1326 2218 1500 2266 scriptore
1520 2217 1708 2255 werserus
1725 2218 1747 2254 l.
1765 2217 1789 2255 l.

1145 2273 1238 2319 utI,
1267 2273 1334 2313 56.
1366 2273 1428 2319 lv,
1457 2273 1519 2313 15.
1553 2274 1643 2313 137.
1701 2273 1790 2310 Vul-

1145 2335 1267 2378 gatam
1284 2327 1473 2366 lectionem
1503 2330 1658 2378 (lenique
1677 2330 1788 2367 tuitus

1145 2389 1201 2422 est
1217 2384 1402 2422 Letronne
1420 2385 1457 2421 in
1479 2385 1629 2421 Journal
1650 2387 1685 2422 d.
1700 2386 1786 2422 Sav.

1148 2443 1299 2490 1817p.
1313 2443 1379 2487 91,
1400 2442 1567 2490 quoniam
1589 2436 1789 2492 α’ρώμενοι

1141 2497 1179 2532 in
1199 2502 1354 2534 mentem
1376 2498 1479 2546 quasi
1491 2502 1631 2534 revocet
1642 2510 1788 2535 sensum

1144 2554 1244 2589 verbi
1277 2550 1484 2602 εὔχεσθαι,
1541 2554 1639 2601 quod
1677 2553 1788 2604 paulo

1144 2613 1228 2646 ante
1247 2609 1406 2657 legatur,
1436 2610 1535 2646 cuius
1549 2622 1788 2657 synonymum

1143 2666 1218 2702 sere
1236 2666 1283 2701 sit
1317 2661 1512 2716 οἷρᾶσθαι,
1542 2665 1611 2702 hoe
1640 2666 1720 2715 ipso
1750 2667 1786 2703 in

1139 2719 1217 2758 loco
1238 2734 1426 2771 perperam
1451 2734 1473 2758 a
1499 2721 1712 2771 quibusdam
1729 2734 1786 2759 re-

1140 2778 1311 2827 positum.
1371 2777 1487 2814 Moris
1512 2776 1604 2815 enim
1639 2790 1720 2815 esse
1735 2778 1786 2814 ait

1138 2832 1360 2881 Herodotei‚
1391 2846 1528 2884 ponere
1558 2833 1785 2883 participium

1138 2890 1299 2929 eiusdem
1319 2890 1436 2938 verbi,
1464 2890 1563 2939 quod
1585 2892 1692 2927 antea
1713 2890 1783 2926 iam
