1909 3228
333 461 435 507 160

162 525 308 553 Psammis
334 526 370 553 ab
406 534 433 553 a.

160 560 210 587 501
220 560 258 586 ad
268 560 435 586 595:F.1e0-

161 601 226 620 rum
245 592 284 620 ad
307 601 374 621 eum
390 593 433 621 le-

160 627 254 664 genio,

488 188 573 229 854

890 185 1369 224 HERODOTI

489 298 668 341 καίδεκα
698 296 792 339 ἔτεα
821 294 874 337 τὰ
902 293 1043 337 πάντα
1083 294 1239 347 ἄρξας,
1287 298 1460 352 τελευτᾷ
1479 326 1491 344 ,
1537 299 1596 355 τῷ
1626 295 1746 338 παιδὶ
1762 302 1805 336 55

496 374 650 431 Ψάμμι
678 374 906 428 παραδοὺς
933 372 1013 429 τὴν
1044 371 1195 428 ἀρχήν.

597 452 692 495 Ἐπὶ
729 455 887 495 τοῦτον
928 451 980 506 δή
1020 451 1097 494 τὸν
1137 450 1317 506 Ψάμμιν
1355 452 1642 508 βασιλεύοντα
1672 455 1750 496 ΑΖ-

490 531 661 588 γύπτου
693 532 903 575 ἀπίκοντο
942 530 1118 573 Ἠλείων
1148 530 1304 584 ἄνδρες
1333 529 1530 585 ἄγγελοι,
1571 530 1752 587 αὐχέον-

492 627 560 661 τες
589 610 838 654 δικαιότατα
875 610 946 654 καὶ
976 609 1183 653 κάλλιστα
1211 610 1382 653 τιθέναι
1410 609 1486 654 τὸν
1525 612 1571 654 ἐν
1599 611 1753 668 Ὀλυμ-

492 692 569 747 πίῃ
602 689 752 746 ἀγῶνα
782 689 958 732 πάντων
998 686 1274 743 ἀνθρώπων,
1314 690 1387 732 καὶ
1417 689 1643 741 δοκέοντες
1669 705 1753 733 πα-
1766 699 1811 731 60

494 769 550 824 ρὰ
580 774 718 812 ταῦτα
746 766 843 812 οὐδ’
876 767 931 810 ἂν
959 766 1063 819 τούς
1091 765 1375 823 σοφωτάτους
1404 768 1653 823 ἀνθρώπων
1678 771 1754 811 Αἰ-

464 855 487 888 2
497 851 706 903 γυπτίους
744 845 875 891 οὐδὲν
912 847 1162 901 ἐπεξευρεῖν.

1222 844 1281 897 ὥς
1320 848 1365 891 δὲ
1420 847 1678 903 ἀπικόμενοι
1712 848 1755 899 ἐς

493 927 574 983 τὴν
611 929 834 983 Αἴγυπτον
873 927 916 969 οἱ
946 925 1106 970 Ἠλεῖοι
1157 927 1303 981 ἔλεγον
1342 931 1431 970 τῶν
1473 929 1614 970 εἵνεκα
1654 925 1755 970 ἀπί-

493 1023 650 1059 κοντο,
690 1006 884 1049 ἐνθαῦτα
915 1003 937 1048 ὁ
972 1006 1175 1062 βασιλεὺς
1205 1000 1336 1056 οὗτος
1367 1005 1646 1060 συγκαλέεται
1675 1007 1755 1048 Αἰ-

465 1087 692 1142 3γυπτίων
720 1085 825 1137 τοὺς
854 1085 1115 1141 λεγομένους
1145 1084 1258 1129 εἶναι
1278 1084 1574 1140 σοφωτάτους.
1606 1089 1757 1128 συνελ-

494 1164 649 1216 θόντες
681 1165 726 1208 δὲ
758 1166 801 1208 οἱ
835 1165 1089 1220 Αἰγύπτιοι,
1130 1164 1433 1208 ἐπυνθάνοντο
1471 1168 1558 1207 τῶν
1586 1163 1815 1207 Ήλείων65

497 1244 714 1298 λεγόντων
759 1244 929 1288 ἅπαντα
965 1242 1019 1287 τὰ
1057 1243 1234 1301 κατήκει
1271 1244 1408 1300 σφέας
1449 1244 1612 1287 ποιέειν
1661 1244 1760 1298 περὶ

495 1323 573 1367 τὸν
605 1322 777 1379 ἀγῶνα·

838 1321 1161 1380 ἀπηγησάμενοι
1203 1323 1248 1368 δὲ
1286 1322 1340 1366 τὰ
1375 1322 1540 1375 πάντα,
1589 1323 1760 1378 ἔφασαν
1804 1326 1884 1367 183

495 1402 617 1459 ἥκειν
648 1403 1022 1459 ἐπιμαθησόμενοι
1059 1405 1134 1455 ,,εἵ
1159 1421 1200 1447 τι
1230 1403 1367 1458 ἔχοιεν
1397 1402 1630 1456 Αἰγύπτιοι
1658 1399 1763 1444 τού-

468 1485 622 1532 4,,των
653 1481 927 1537 δικαιότερον
955 1483 1235 1535 ἐπεξευρεῖν.“

1295 1482 1339 1523 οἱ
1367 1481 1434 1531 δὲ,
1466 1480 1760 1536 βουλευσάμε-
1773 1489 1817 1521 70

498 1576 592 1612 νοι,
631 1559 875 1614 ἐπειρώτων
914 1560 1020 1611 τούς
1061 1559 1257 1610 Ἠλείους
1294 1561 1333 1602 εἴ
1369 1572 1447 1614 σφι
1490 1561 1533 1602 οἱ
1561 1563 1762 1615 πολιῆται

499 1638 844 1693 ἐναγωνίζονται.
887 1641 930 1682 οἷ
970 1640 1015 1683 δὲ
1052 1639 1243 1694 ἔφασαν,
1293 1639 1367 1681 καὶ
1397 1637 1543 1693 σφέων
1572 1639 1763 1681 καὶτῶν

500 1715 643 1760 ἄλλων
657 1716 873 1772 Ἑλλήνων
896 1717 1057 1773 ὁμοίως
1074 1721 1134 1774 τῷ
1153 1717 1405 1773 βουλομένῳ
1428 1717 1582 1767 ἐξεῖναι
1603 1715 1762 1771 ἀγωνί-

470 1799 661 1848 5ζεσθαι.
714 1797 757 1838 οἷ
786 1796 831 1839 δὲ
861 1795 1093 1851 Αἰγύπτιοι
1123 1795 1292 1850 ἔφασαν
1324 1793 1514 1851 ,,σφεάς,
1554 1794 1669 1838 οὕτω
1701 1811 1765 1837 τι·-

499 1873 719 1927 ,,θε’ντας,
770 1874 935 1927 παντὸς
963 1879 1042 1918 τοῦ
1074 1876 1247 1918 δικαίου
1282 1872 1593 1932 ἡμαρτηκέναι·
1637 1870 1764 1917 οὐδε-

643 2132 675 2170 C
686 2145 707 2170 a
718 2146 755 2183 p.
787 2131 902 2170 CLX.

503 2214 649 2268 ἄνδρες
681 2214 860 2268 ἄγγελοι]
894 2213 1036 2267 ἄνδρες
1064 2217 1101 2253 in

445 2274 629 2326 plerisque
659 2273 759 2310 libris
780 2274 921 2323 scriptis
950 2286 1023 2309 non
1045 2273 1101 2326 in-

445 2331 596 2368 venitur.
666 2331 742 2367 Sed
774 2331 851 2367 iure
887 2330 1052 2366 additum
1078 2343 1099 2367 a

446 2386 691 2435 Wesselingio
702 2415 712 2433 ‚
743 2386 804 2435 qui
821 2387 959 2423 confert
975 2386 1010 2432 l,
1032 2387 1097 2426 90.

450 2443 541 2484 141.
584 2465 631 2470 —-
676 2442 764 2479 Mox
798 2437 1005 2492 αὐχέοντες
1043 2447 1099 2479 est

448 2502 642 2547 iactantes,
671 2499 866 2548 gloriantes
886 2529 897 2547 ,
948 2503 987 2535 ut
1017 2498 1098 2546 Vll,

451 2557 544 2596 103.

506 2608 664 2649 τιθέναι
700 2607 787 2649 τόν
825 2610 868 2650 ἐν
909 2606 1100 2664 Ὀλυμπίῃ

451 2662 641 2717 οἷγῶνα]
674 2667 803 2704 Monet
828 2667 1000 2704 Valcken.
1031 2667 1103 2716 (lo-

451 2736 530 2759 cum
550 2724 740 2773 adscripsit
762 2724 792 2760 C
801 2725 847 2770 r.)
870 2725 918 2761 ad
946 2723 1103 2762 Theocr.

452 2777 674 2816 Adoniazus.
695 2792 780 2829 pag.
804 2780 904 2827 194,
924 2780 954 2816 C
985 2781 1031 2817 de
1050 2780 1104 2815 lo-

453 2834 596 2871 cutione
621 2834 777 2874 τιθέναι
820 2837 914 2882 (non
932 2834 1103 2884 θέσθαι)

1169 2101 1217 2142 τὰ
1240 2098 1436 2154 Ὀλύμπια
1466 2117 1494 2141 S.
1514 2100 1580 2142 τὸν
1602 2098 1738 2153 ἆγῶνα
1756 2115 1820 2140 seu

1169 2158 1343 2208 διέπειν,
1363 2157 1497 2213 ἄγειν,
1530 2172 1675 2205 curare,
1704 2158 1819 2195 admi-

1168 2219 1327 2253 nistrare.
1372 2239 1427 2244 —
1476 2216 1536 2253 Ad
1563 2213 1670 2267 παρα
1699 2217 1821 2253 ταῦτα

1168 2274 1276 2323 (prae
1296 2273 1369 2320 his)
1399 2274 1443 2309 cf.
1469 2272 1629 2309 Fischer.
1656 2272 1703 2309 ad
1722 2270 1823 2308 wel-

1168 2330 1230 2366 ler.
1253 2330 1323 2375 ΙΙΙ,
1343 2330 1365 2366 b
1397 2343 1433 2379 p.
1455 2332 1536 2370 270
1567 2334 1603 2366 et
1630 2341 1725 2377 quae
1742 2327 1822 2378 plu-

1166 2388 1258 2423 rima
1297 2386 1382 2422 citat
1430 2385 1608 2423 Matthiae
1647 2385 1711 2421 Gr.
1755 2384 1819 2420 Gr.

1167 2456 1252 2494 pag.
1274 2442 1380 2482 1174
1409 2447 1483 2479 not.
1509 2454 1542 2478 a.

1224 2493 1502 2537 ἐπυνθάνοντο
1540 2499 1619 2535 τῶν
1657 2491 1822 2534 Ἠλείων

1168 2550 1390 2606 λεγόντων]
1438 2553 1635 2591 Molestum
1671 2565 1823 2599 comma,

1170 2612 1271 2661 quod
1298 2616 1384 2648 ante
1411 2606 1600 2663 λέγοντων
1619 2610 1655 2645 in
1675 2610 1825 2657 quibus-

1171 2669 1254 2705 dam
1295 2667 1514 2704 editionibus
1556 2666 1821 2710 inveniebatur,

1172 2724 1391 2761 sustulimus.
1459 2724 1517 2761 De
1543 2726 1723 2759 structura
1749 2721 1821 2758 vid.

1171 2780 1302 2818 Matth.
1322 2792 1406 2830 pag.
1427 2780 1508 2821 659
1531 2783 1568 2817 et
1591 2780 1711 2819 1076.

1230 2832 1421 2888 ου’δεμίαν
1432 2833 1505 2889 γάρ
1517 2831 1616 2875 εἶναι
1626 2830 1821 2885 μηχανήν,
