1909 3228
548 193 972 233 EUTERPE.
1028 194 1074 233 11.

1349 195 1431 235 717

170 302 296 348 αὐτοὶ
353 304 636 360 ὁμολογέουσι
685 303 784 359 παρ’
825 303 1074 359 Αἰγυπτίων
1113 301 1431 358 μεμαθηκέναι·

169 382 329 437 Σύριοι
360 384 404 426 δὲ
436 386 479 427 οἱ
507 384 603 438 περὶ
638 381 926 438 Θερμώδοντα
965 383 1038 425 καὶ
1071 382 1323 435 Παρθένιον
1352 387 1488 424 σεο-35

169 462 329 517 ταμὸν,
360 463 432 505 καὶ
454 461 699 517 Μάκρωνες
731 465 774 506 οἱ
802 461 996 505 τούτοισι
1020 459 1318 516 ἀστυγείτονες
1336 458 1431 503 ἐόν-

142 550 258 592 Ττες,
291 540 375 585 α’πὸ
408 541 590 598 Κόλχων
622 542 730 598 φασὶ
768 541 921 585 νεωστὶ
951 539 1263 595 μεμαθηκέναι.
1311 534 1434 582 οὗτοι

170 621 252 677 γάρ
283 623 363 664 εἰσι
395 623 437 664 οἱ
467 621 829 676 περιταμνόμενοι
859 619 1109 674 ἀνθρώπων
1138 624 1318 675 μοῦνοι·
1359 619 1433 662 καὶ

173 695 294 744 οὗτοι
324 702 597 756 Αἰγυπτιόισι
627 701 861 755 φαίνονται
889 703 1110 750 ποιεῦντες
1140 699 1249 742 κατὰ
1277 698 1329 741 τὰ
1352 696 1432 741 αὕ-

173 779 236 822 τα.
268 779 414 822 αὐτῶν
444 780 490 822 δὲ
521 780 770 833 Αἰγυπτίων
800 778 871 820 καὶ
902 776 1131 820 Αἰθιόπων
1162 777 1244 822 οὐκ
1275 778 1353 833 ἔχω
1376 780 1433 821 εἰ-

170 865 266 903 πεῖν
296 857 494 912 ὁκότεροι
523 857 641 912 παροὶ
672 861 760 899 τῶν
797 856 952 911 ἑτέρων
982 858 1211 912 ἐξέμαθον·
1252 855 1433 912 ἀρχαῖον
1447 860 1491 895 40

145 938 260 993 &yolo
293 936 344 993 δή
375 955 415 980 τι
447 940 648 992 φαίνεται
683 935 767 979 ἐόν.

827 934 886 987 ὥς
917 934 957 980 δ’
1001 935 1324 992 ἐπιμισγόμενοι
1353 937 1432 978 Λί-

171 1015 321 1073 γύπτῳ
354 1015 584 1072 ἐξέμαθον,
627 1016 735 1072 μέγα
764 1032 839 1072 μοι
876 1016 950 1059 καὶ
979 1015 1077 1059 τόδε
1106 1014 1338 1071 τεκμήριον
1367 1016 1434 1071 γί-

117 1220 239 1250 tamen
275 1212 421 1249 omnino
454 1213 676 1250 accuratiora
712 1212 771 1249 vix

119 1270 288 1306 habuisse
308 1270 452 1306 videtur
469 1270 616 1307 hoster.
657 1270 769 1306 Oram

118 1326 334 1362 maritimam
355 1325 575 1362 Phoenicum
603 1339 690 1362 sane
712 1325 770 1362 ille

118 1382 333 1430 cognovisse
363 1382 527 1427 videtur3
561 1383 596 1418 in
623 1383 771 1419 interio-

120 1451 193 1475 rem
209 1437 368 1486 regionis
399 1442 552 1475 tractum
583 1451 604 1474 a
624 1438 768 1474 ludaeis

117 1494 318 1531 habitatum
353 1494 410 1529 vix
438 1494 646 1542 pervenisse
670 1494 770 1530 illum

119 1550 342 1587 crediderim.
401 1550 508 1586 Cons.
548 1563 641 1600 quae
676 1551 772 1586 infra

120 1607 279 1643 dicemus
308 1607 355 1642 ad
382 1606 437 1653 ΙΙ,
464 1607 553 1647 159.
584 1606 655 1653 ΙΙΙ,
679 1606 703 1647 5
735 1610 771 1643 et

119 1663 189 1699 vid.
214 1662 366 1700 Rennel.
388 1663 408 1699 l.
430 1662 452 1698 l.
472 1676 507 1712 p.
529 1663 623 1703 488.
643 1663 771 1711 Heyse

120 1723 258 1768 quaest.
281 1719 420 1756 Herod.
451 1732 536 1767 pag.
555 1721 608 1760 93
628 1732 704 1767 seq.
735 1722 772 1756 et

119 1775 337 1812 Dahlmann.
366 1776 503 1812 Herod.
533 1789 569 1824 p.
592 1777 669 1821 75,
709 1776 770 1824 qui

121 1836 241 1868 tamen
264 1831 365 1867 aliter
385 1836 556 1867 statuunt.

180 1882 321 1937 Σύριοι
352 1884 393 1925 δὲ
427 1886 467 1924 οἱ
494 1885 583 1938 περὶ
615 1882 772 1938 Θερμώ-

123 1945 241 1983 δοντα
280 1941 346 1981 καὶ
383 1941 615 1993 Παρθένιον
655 1959 773 1982 ποτα-

123 1998 220 2051 μόν]
259 1999 486 2047 Intelligendi
525 2004 609 2036 sunt
637 1999 774 2050 Cappa-

122 2058 238 2100 doces;
267 2056 338 2092 vid.
362 2055 515 2092 Rennel.
544 2056 566 2092 l.
593 2056 614 2092 l.
632 2071 669 2106 p.
691 2057 773 2096 484

123 2118 159 2151 et
181 2112 394 2150 Billerbeck.
426 2112 448 2148 l.
475 2112 496 2148 l.
555 2112 603 2148 Et
640 2114 774 2149 confer.

122 2182 267 2218 quoque
293 2169 330 2215 1,
351 2171 387 2209 6.
408 2171 472 2208 72.
495 2171 548 2209 76
577 2169 665 2217 ibiq.
683 2173 775 2205 nott.

122 2225 346 2275 Conspirant
362 2225 419 2261 hic
439 2224 516 2260 libri
533 2226 569 2261 in
582 2226 776 2275 scriptione

124 2277 287 2332 Σύριοι,
316 2281 425 2331 paulo
444 2286 566 2318 tamen
593 2288 679 2318 ante
705 2295 772 2332 pro

125 2335 273 2387 Σύροι,
306 2339 405 2386 quod
422 2338 546 2386 optimi
565 2339 700 2387 quique
719 2339 774 2374 of-

123 2395 263 2440 ferunt,
300 2393 461 2428 nonrmlli
492 2394 663 2431 exhibent
687 2390 774 2432 Σύ-

126 2464 215 2499 ριοι.
248 2470 295 2476 -
330 2448 543 2485 Parthenius
561 2451 689 2487 fluvius
710 2451 775 2486 Bi-

125 2506 288 2553 thyniam
335 2509 446 2553 atque
486 2505 774 2556 Paphlagoniam

129 2573 296 2611 separare
313 2561 422 2609 vulgo
443 2562 590 2608 dicitur3
619 2574 640 2598 a
658 2562 775 2600 Grae-

128 2619 177 2654 cis
216 2630 310 2653 nunc
346 2621 494 2654 vocatur
536 2616 716 2665 Parthin,
756 2631 778 2655 a

129 2673 164 2709 T
168 2674 259 2709 urcis
280 2672 407 2722 Dolap.
448 2673 530 2709 Vid.
552 2673 709 2722 Kriiger.
730 2675 777 2710 ad

130 2729 298 2779 Xenoph.
333 2728 491 2765 Anabas.
532 2729 588 2772 V,
619 2732 644 2770 6
676 2728 711 2780 §.
739 2733 778 2777 9,

129 2786 188 2822 ubi
208 2798 355 2835 quoque
375 2785 421 2822 de
440 2784 686 2822 Tlaermocloute
710 2787 776 2821 ssu-

128 2842 186 2878 vio
203 2871 213 2890 ‚
257 2854 365 2892 quam
392 2841 501 2879 hodie
529 2846 661 2878 vocant
688 2840 775 2879 Per-

839 1212 923 1249 meli.
995 1210 1053 1249 De
1096 1209 1308 1248 Macrommz
1345 1212 1491 1249 sedibus

840 1269 936 1306 idem
964 1270 1017 1305 vir
1048 1269 1174 1305 doctus
1200 1272 1323 1305 monet
1353 1269 1401 1304 ad
1430 1268 1492 1315 lv,

840 1328 878 1372 8,
904 1328 937 1363 1.
969 1324 1027 1361 Ad
1042 1324 1221 1361 Absarum
1243 1324 1336 1361 enim
1351 1337 1493 1361 amnem

839 1382 967 1429 (hodie
982 1380 1160 1429 Sclwrak)
1179 1382 1215 1417 in
1236 1381 1325 1418 valle
1344 1381 1493 1417 Basbort

840 1438 987 1487 quidam
1007 1437 1049 1473 iis
1074 1438 1179 1474 sedes
1201 1438 1403 1485 assignant,
1435 1450 1494 1473 re-

838 1497 1027 1545 pugnante
1055 1492 1230 1539 Arriano,
1260 1494 1320 1542 qui
1346 1507 1409 1530 eos
1430 1505 1494 1529 sua

840 1554 964 1587 aetate
996 1549 1135 1586 Sanaos
1167 1563 1248 1587 esse
1291 1549 1492 1600 appellatos

838 1607 970 1651 refert3
1000 1619 1091 1654 quos
1113 1607 1262 1644 eosdem
1287 1619 1368 1643 esse
1386 1611 1495 1654 atque

843 1662 984 1699 Tzanos
1006 1663 1149 1700 serioris
1171 1664 1298 1700 aetatis
1310 1662 1494 1698 Mannerti

841 1724 896 1757 est
930 1720 1119 1756 sententia.
1189 1719 1265 1756 Sed
1297 1718 1495 1756 Rennelius

839 1789 914 1812 non
952 1776 1114 1813 diversos
1163 1789 1244 1813 esse
1292 1775 1497 1826 suspicatur

841 1831 984 1868 Arriani
1018 1829 1265 1882 Maze'iovag.

900 1883 1064 1937 α’ρχαῖον
1087 1884 1160 1938 γὰρ
1187 1883 1236 1937 δή
1257 1902 1293 1925 τι
1312 1886 1496 1936 φαίνεται

843 1939 923 1993 ἐόν]
956 1944 1066 1993 Apud
1086 1944 1285 1993 Aethiopes
1305 1957 1385 1981 esse
1399 1943 1496 1979 Tro-

843 2000 1009 2049 glodytas
1023 2030 1033 2047 ,
1064 2000 1124 2048 qui
1147 2001 1340 2037 circumcisi
1362 2000 1496 2036 suerint

843 2060 935 2094 teste
970 2056 1135 2093 Diodoro
1166 2056 1241 2103 HI,
1267 2058 1344 2101 32,
1375 2057 1496 2092 scribit

844 2112 1063 2161 lVesseling.
1088 2113 1257 2161 idemque
1281 2112 1384 2149 addit
1404 2111 1496 2149 Ara-

845 2170 942 2206 bicas
971 2169 1147 2217 quasdam
1177 2182 1258 2206 esse
1290 2173 1417 2217 gentes
1435 2198 1445 2215 ,
1475 2182 1496 2205 a

845 2226 998 2274 quibus,
1039 2226 1100 2274 qui
1128 2226 1238 2262 hodie
1265 2224 1495 2273 Aethiopiam

845 2282 1033 2327 incolant,
1091 2282 1186 2318 hunc
1220 2281 1495 2319 circumcisionis

842 2351 977 2375 morem
1001 2338 1213 2388 receperint.
1253 2338 1314 2374 Tu
1333 2339 1495 2374 conferas

843 2407 937 2443 quae
959 2395 1005 2430 ad
1033 2394 1065 2430 ΙΙ
1078 2423 1087 2440 ,
1105 2397 1156 2435 29
1175 2395 1221 2431 de
1241 2394 1495 2442 originehuius

841 2451 951 2487 moris
979 2450 1192 2487 notavimus.

900 2504 954 2552 ὥς
979 2501 1021 2544 δ’
1049 2502 1346 2557 ἐπιμισγόμενοι
1372 2501 1496 2557 Αἰγύ-

844 2577 927 2615 πτῳ
952 2577 984 2600 κ.
996 2578 1026 2600 τ.
1039 2560 1088 2611 λ.]
1120 2562 1290 2611 Intelligit
1314 2575 1373 2599 eas
1396 2562 1494 2612 ipsas

845 2623 998 2666 gentes,
1026 2630 1114 2667 quas
1140 2631 1249 2668 supra
1274 2631 1496 2656 memorave-

845 2679 921 2719 rat,
941 2674 1139 2711 Phoenices
1154 2703 1164 2721 ‚
1186 2675 1298 2722 Syros
1320 2675 1495 2712 Palaesti-

845 2744 975 2767 nenses
994 2759 1004 2777 ‚
1044 2730 1282 2779 Cappadoces
1301 2759 1312 2776 ,
1351 2731 1496 2768 minime

846 2800 929 2824 vero
950 2787 1158 2836 Aethiopes.
1217 2786 1495 2838 ἐπιμίσγεσθαι

846 2843 894 2880 ad
917 2845 1149 2880 commercium
1171 2847 1328 2881 mutuum
1348 2844 1495 2881 istarum
