1877 3223
632 204 842 246 CLIO.
899 208 928 246 1.
1321 211 1401 254 131

232 312 407 359 φεύγειν,
431 314 524 360 μηδὲ
540 315 680 361 μένειν,
702 315 787 363 μηδ’
811 319 1003 355 αἰδεῖσθαι
1026 317 1139 360 κακός
1169 316 1275 355 εἶναι.

29 386 96 434 56
156 381 360 426 Τούτοισι
395 383 573 428 ἐλθοῦσι
609 390 721 429 τοῖσι
764 386 880 429 ἔπεσι
915 386 939 430 ὁ
969 386 1335 444 Κροῖσοςπολλόν
1360 395 1563 432 affici-oeni
1587 395 1730 432 gaudium

1456 433 1733 505 ἓῧῗέῗηωιξεῗαῗιῗὲἶ

1459 497 1557 532 genda
1568 497 1623 526 ῡιΙιι
1634 497 1731 536 Grae-

893 543 986 588 0136'
1011 541 1073 588 ὦν
1113 544 1270 599 αὐτὸς,
1301 545 1402 591 οὐδὲ
1457 535 1734 597 ἱῗέεῗαεῗιιᾞιῗξῗζῶ

1460 597 1579 624 oriundi
1603 597 1640 625 ab
1658 595 1734 623 flel-

1206 624 1329 669 Μετὰ
1360 625 1404 670 δὲ
1461 630 1593 665 leuibus,
1622 629 1734 670 {grinci-

1461 672 1513 699 pcs
1537 671 1656 699 genens
1674 662 1733 690 Do-

146 705 285 744 ταῦτα
314 699 541 757 ἐφρόντιζε
559 701 790 756 ἱστορέων,
820 703 924 755 τοὺς
949 702 1003 747 ἂν
1029 702 1245 761 Ἑλλήνων
1274 698 1531 758 &vva-4052?
1549 697 1737 764 aAssgffiiffi‘,

147 777 367 830 τωτοέτους
405 779 556 832 ἐόντας
596 781 915 838 προσκτήσαιτο
951 784 1116 839 φίλους.
1193 783 1400 839 ἱστορέων
1457 763 1733 831 ἒὲἓ1ἓῗαῑξξιὲξὲἆ

1460 831 1559 863 aeden.

149 461 332 518 μάλιστα
351 462 528 507 πάντων
556 464 694 522 ἥσθη,
719 465 898 518 ἐλπίζων
919 464 1106 522 ἡμίονον
1126 466 1296 523 οὐδαμοὶ
1312 465 1401 510 ἀντ’

149 540 313 596 ἀνδρός
349 543 621 597 βασιλεύσειν
654 544 847 600 Μήδων·

120 623 194 663 2οἱ
216 621 259 673 ἐξ
285 621 442 674 αὐτοῦ,
482 622 730 666 παύσεσθαί
766 639 863 668 κοτε
893 628 968 680 τῆς
1002 622 1147 681 ἀρχῆς.

147 858 215 911 δὲ,
240 857 411 915 εὕρισκε
424 862 799 918 Λακεδαιμονίους
818 863 891 906 καὶ
912 860 1175 919 Ἀθηναίους
1202 862 1406 921 προέχον-

91 1039 175 1072 stat.
235 1034 346 1085 Apud
373 1032 597 1081 Hesychium
639 1032 746 1087 ἆβρᾶ
815 1033 979 1085 φίλους]
1006 1034 1220 1073 Particulam
1240 1031 1313 1084 ἂν,
1342 1037 1463 1075 inuno

91 1092 244 1142 βαίνων
260 1097 315 1128 est
332 1103 400 1142 τρο
412 1085 620 1141 φερόβιος5
652 1105 747 1141 quae

90 1149 207 1185 citans
236 1147 457 1194 wesseling.
504 1147 607 1184 addit
645 1148 746 1186 The-

91 1204 186 1241 mist.
213 1204 278 1240 Or.
302 1203 390 1240 XIX
409 1216 445 1252 p.
471 1205 574 1250 226,
594 1203 649 1241 D:
681 1200 746 1243 α’λ-

90 1257 139 1298 λοὶ
159 1260 315 1310 τρυφῆς
334 1254 385 1310 ἦν
413 1257 480 1297 καὶ
505 1255 577 1297 οὔκ
604 1255 746 1312 ἆρετῆς

91 1314 116 1356 ό
138 1312 340 1366 ποδαβρὸς
356 1314 582 1365 ἐπωνυμία,
612 1322 648 1354 et
668 1318 744 1353 Eu-

89 1372 198 1422 ripid.
221 1371 358 1408 Troad.
371 1373 465 1412 506.
496 1370 631 1421 „Apud
650 1372 742 1409 Dio-

89 1441 169 1477 nys,
208 1427 455 1465 Halicarnass.
499 1427 546 1464 de
578 1441 740 1478 compos

89 1484 212 1522 verbb.
244 1497 280 1534 p.
303 1485 386 1526 390
415 1482 473 1522 ed.
504 1483 647 1522 Schaef.
680 1497 741 1522 ex-

90 1544 164 1577 stat
215 1537 369 1592 ἐλαφροέ
422 1539 572 1580 ποδῶν.
632 1541 740 1578 Conf.

89 1597 191 1636 Bast.
215 1595 237 1633 l.
256 1597 309 1634 l.“
341 1596 403 1634 Cr.

146 1648 417 1704 πολυψήφιδα
449 1648 539 1705 παρ’
561 1648 739 1705 ι’Ἐρμον]

93 1708 246 1746 Hermus
258 1711 388 1746 fluvius
401 1710 437 1746 in
447 1710 628 1758 Phrygiae
639 1724 744 1748 mon-

93 1765 189 1801 tibus
214 1770 332 1814 ortus,
362 1779 429 1816 per
454 1767 623 1803 Sardium
649 1780 747 1804 cam-

92 1834 162 1871 pos
214 1822 300 1858 inde
349 1822 502 1868 labitur,
548 1826 748 1872 auctusque

94 1876 244 1914 Pactolo
267 1877 304 1914 in
330 1878 439 1914 maris
464 1876 603 1926 Aegaei
630 1879 747 1915 sinum

93 1933 332 1981 S1n3Tnaeum
350 1946 432 1970 sese
452 1934 617 1970 effundit.
640 1933 750 1970 Nunc

95 1990 129 2027 ei
151 2003 287 2026 nomen
313 1989 473 2027 Sarabat
491 2003 520 2025 s,
544 1989 697 2035 Keclons,
709 1993 750 2026 ut

94 2045 265 2083 Larcher.
306 2050 441 2083 monet.
501 2044 562 2082 Tu
593 2047 688 2082 conf.
718 2045 748 2091 I,

93 2103 162 2142 80.
193 2101 239 2148 V,
260 2104 338 2142 101
357 2101 514 2138 Pausan.
535 2101 582 2148 V,
598 2102 648 2141 13
663 2099 698 2151 ἓ.
711 2101 748 2142 4.

94 2156 131 2195 T
134 2157 302 2195 zschuck.
333 2158 380 2194 ad
409 2157 588 2207 Pompon.
605 2156 692 2194 Mel.
718 2157 747 2202 Ι,

97 2215 150 2254 17
173 2211 210 2263 ἓ.
233 2216 271 2254 2.
287 2235 343 2241 --
361 2213 404 2250 In
422 2226 525 2262 seqq.
547 2213 749 2262 imperativi

108 2268 187 2306 loco
207 2269 425 2307 infinitivum
443 2273 554 2320 poeta
574 2269 749 2314 adhibuit;

96 2325 144 2363 de
162 2338 235 2374 quo
258 2338 325 2362 usu
346 2327 442 2363 conf.
461 2325 592 2363 Matth.
607 2325 671 2362 Gr.
682 2325 747 2363 Gr.

97 2378 134 2432 ἓ.
155 2381 261 2430 546,
291 2394 339 2420 ne
359 2381 475 2433 plura.

305 2476 372 2514 ea
380 2490 417 2529 p.
448 2475 545 2516 LVI.

155 2556 320 2605 ἐλπίζων
339 2582 396 2588 ——
411 2556 593 2612 ου’δαμοὶ]
631 2558 751 2609 Vulgo

102 2609 275 2664 ου’δαμᾶ.
318 2615 400 2653 Nos
419 2617 536 2654 Gaisf.
556 2621 592 2654 et
617 2616 747 2654 Matth.

99 2671 214 2707 secuti
251 2683 384 2708 sumus,
460 2672 514 2710 Ac
559 2672 633 2710 bini
670 2672 748 2709 libri

100 2721 282 2777 ου’ὅαμοέ,
308 2740 399 2763 unus
417 2723 591 2780 ου’δαμῆ.

156 2779 249 2829 τούς
267 2778 317 2821 ἂν
339 2779 539 2835 Ἑλλήνων
570 2785 748 2823 δυνατω-

103 2833 243 2886 τάτους
284 2833 420 2887 ἐόντας
460 2837 746 2893 προσκτήσαιτο

815 1093 906 1130 libro
928 1091 1120 1139 omissam,
1152 1093 1230 1130 eiici
1255 1093 1329 1130 vult
1354 1093 1463 1132 lVer-

814 1151 878 1186 ser.
912 1149 949 1185 in
982 1147 1077 1185 Aett.
1117 1148 1216 1199 phill.
1250 1148 1414 1188 Monaec.
1445 1149 1466 1188 I

812 1218 849 1256 p.
871 1206 952 1247 257
988 1217 1068 1242 cum
1099 1217 1220 1254 neque
1247 1207 1296 1242 ad
1324 1202 1462 1253 ἐόντας

812 1274 932 1310 neque
960 1261 1007 1298 ad
1031 1256 1321 1312 προσκτήσαιτο
1345 1263 1460 1312 parti-

811 1317 889 1354 cula
910 1317 1100 1367 potentiali
1137 1318 1184 1354 sit
1217 1330 1322 1367 opus.
1380 1317 1459 1355 Sed

809 1373 885 1410 iure
910 1372 1123 1422 particulam
1152 1373 1308 1410 retinent
1330 1372 1460 1423 reliqui

809 1427 890 1465 libri
912 1432 947 1465 et
969 1428 1092 1477 scripti
1115 1432 1152 1465 et
1171 1429 1270 1466 editi.

867 1493 1055 1545 ἱστορέων
1080 1492 1142 1543 δὲ,
1163 1491 1318 1547 εὕρισκε
1329 1498 1460 1536 Λακε-

811 1551 1043 1602 δαιμονίους
1068 1566 1105 1590 κ.
1126 1566 1158 1590 τ.
1182 1554 1243 1598 λ.]
1286 1554 1461 1601 Sequitur

809 1608 866 1646 hic
886 1608 1029 1657 longior
1051 1608 1254 1657 digressio,
1303 1622 1377 1646 non
1399 1609 1463 1645 illa

811 1665 957 1714 quidem
982 1664 1099 1702 aliena
1125 1665 1171 1702 ab
1197 1665 1354 1702 universi
1372 1678 1464 1715 ope-

813 1723 863 1758 ris
881 1721 1051 1768 consilio,
1089 1722 1156 1758 sed
1186 1721 1276 1758 alius
1292 1723 1370 1759 sere
1398 1734 1465 1770 ge-

815 1777 911 1815 neris
929 1781 1039 1826 atque
1060 1789 1126 1822 ea,
1157 1789 1265 1826 quam
1293 1790 1404 1827 supra
1432 1777 1463 1823 I,

817 1835 871 1874 23
903 1846 1006 1882 seqq.
1027 1833 1224 1869 narrationi
1247 1832 1385 1870 Noster
1410 1833 1467 1869 in·-

815 1893 989 1926 seruerat.
1053 1889 1148 1924 Cum
1177 1888 1272 1926 enim
1301 1889 1370 1925 hoc
1397 1888 1467 1924 sibi

817 1945 962 1981 omnino
990 1944 1216 1993 propositum
1242 1944 1394 1989 habeat,
1426 1948 1467 1980 ut

816 2000 1010 2037 Persarum
1032 2011 1092 2035 res
1112 2010 1257 2035 eversas
1286 1999 1470 2037 Graecos-

817 2067 888 2104 que
915 2056 1015 2105 ipsos
1037 2067 1176 2090 summa
1206 2067 1285 2092 cum
1302 2055 1408 2092 laude
1430 2055 1468 2093 in

816 2112 1018 2148 libertatem
1046 2111 1245 2147 vindicatos
1284 2112 1468 2159 ostendat,

817 2179 1054 2217 quaecunque
1081 2165 1150 2203 alia
1186 2166 1256 2203 hoc
1287 2168 1325 2204 in
1355 2180 1468 2217 opere

817 2228 1028 2269 narrantur,
1072 2234 1116 2259 ea
1151 2222 1242 2259 hanc
1277 2235 1387 2261 unam
1418 2224 1467 2260 ob

817 2292 961 2317 causam
986 2278 1124 2314 narrari
1150 2279 1332 2325 videntur,
1367 2279 1468 2328 quod

818 2334 1001 2385 scriptoris
1054 2334 1241 2371 consilium
1295 2335 1468 2372 adiuvant

819 2391 1017 2440 meliusque
1037 2389 1230 2427 declarant.
1288 2391 1385 2428 Hinc
1408 2391 1466 2429 vel

820 2461 864 2486 ea
872 2477 882 2494 ‚
894 2460 986 2497 quae
996 2447 1043 2483 ad
1052 2446 1338 2495 antiquissimum
1348 2448 1466 2485 Grae-

819 2504 896 2542 ciae
917 2508 1071 2547 statum,
1095 2501 1466 2540 Lacedaemoniorum

820 2564 929 2609 atque
942 2558 1210 2596 Atheniensium
1221 2587 1231 2606 ,
1262 2572 1356 2608 quae
1363 2560 1466 2609 prin-

818 2617 916 2666 cipes
927 2617 1002 2653 fere
1014 2620 1098 2651 tunc
1113 2615 1286 2665 temporis
1299 2616 1336 2652 in
1347 2616 1466 2654 Grae-

816 2674 870 2710 cia
891 2672 1050 2709 civitates
1063 2699 1074 2717 ‚
1094 2672 1384 2719 cognoscendum
1403 2684 1466 2708 va-

816 2728 914 2774 lent,
944 2728 995 2764 ita
1015 2732 1228 2774 narrantur,
1257 2731 1390 2764 utnon
1417 2729 1466 2765 de

816 2784 1012 2829 industria,
1037 2783 1103 2820 sed
1125 2782 1245 2820 oblata
1262 2784 1464 2829 occasione,

816 2841 877 2878 ubi
896 2839 967 2878 tale
987 2839 1073 2889 quid
1097 2839 1263 2919 omittere
1284 2840 1386 2878 nefas
1414 2839 1466 2875 vi-

1111 2898 1139 2934 9
