1909 3228
477 211 563 252 536

889 203 1351 245 HERODOTI

477 350 503 371 „
514 329 595 362 σου
622 319 710 360 τῶν
738 312 906 369 οὐρέων
936 313 1104 356 τούτων
1133 313 1262 366 ῥέειν·
1301 313 1376 356 καὶ
1403 313 1452 356 τό
1491 312 1568 368 μὲν
1596 312 1730 369 ἥμισυ

478 399 589 448 ,,τοῦ
616 394 797 445 ὕδατος,
836 390 907 436 ἐπ’
938 390 1162 446 Αἰγύπτου
1192 391 1305 445 ῥέειν
1335 391 1407 434 καὶ
1436 391 1544 445 πρὸς
1572 391 1731 448 βορέην

476 472 692 528 »ἄνεμον
742 469 791 514 τό
827 469 869 514 δ’
914 469 1064 524 ἕτερον
1104 469 1260 525 ἥμισυ,
1312 469 1382 513 ἐπὶ
1419 471 1648 526 Αἰθιοπίης
1687 486 1731 513 τε

449 551 588 603 4,,καὶ
615 547 761 593 νότου.
819 547 878 601 ὥς
907 548 952 593 δὲ
982 548 1167 606 ἄβυσσοί
1198 549 1279 591 εἰσι
1309 549 1354 591 αἱ
1382 547 1536 604 πηγαὶ,
1567 548 1608 599 ἐς
1638 548 1730 592 διά-
1743 555 1788 589 30

477 644 671 683 ,,πειραν
704 629 786 684 ἔφη
825 628 986 672 τούτου
1034 628 1304 684 Ψαμμίτιχον
1345 625 1571 682 Αἰγύπτου
1608 630 1733 683 βασι-

450 706 592 760 5,,λέα
620 705 865 751 ἀπικέσθαι.
910 705 1105 750 πολλέων
1143 705 1228 762 γάρ
1261 703 1396 749 αὐτόν
1422 704 1629 761 χιλιάδων
1657 702 1735 760 ὀρ-

476 785 673 842 ,,γυιέων
711 784 976 841 πλεξάμενον
1018 784 1176 839 κάλον,
1224 789 1416 829 κατεῖναι
1454 782 1614 841 ταύτῃ,
1661 784 1736 828 καὶ

450 863 599 918 6,,οὐκ
626 863 842 917 ἐξικέσθαι
870 865 912 917 ἐς
943 863 1153 922 βυσσόν.“
1199 863 1322 908 Οὕτω
1351 862 1430 920 μὲν
1460 862 1512 919 δὴ
1544 863 1567 906 ὁ
1597 879 1735 919 γραμ-

477 941 705 1001 ματιστὴς,
745 944 782 988 εἰ
811 941 898 1000 ἄρα
924 948 1063 989 ταῦτα
1091 942 1301 1001 γενόμενα
1330 942 1467 999 ἔλεγε,
1506 939 1790 998 ἀπέφαινε·35

421 1162 485 1214 qui
495 1162 602 1201 Nilus
622 1167 692 1211 est,
722 1163 882 1201 dicemus
893 1162 940 1200 ad
952 1161 1073 1209 1[,61.

423 1219 530 1264 Quae
547 1219 604 1257 hic
615 1220 884 1269 adscripsimus,
913 1219 1074 1269 pluribus

421 1275 670 1325 disceptantur
686 1288 708 1312 a
719 1276 902 1313 Creuzero
921 1275 958 1312 in
967 1275 1075 1323 Sym-

422 1331 496 1369 bol.
519 1331 534 1367 l
554 1345 590 1381 p.
611 1334 692 1372 262
711 1344 814 1381 seqq.
830 1333 924 1373 273.
942 1331 1023 1373 275
1039 1334 1075 1368 et

423 1385 784 1424 aRitter.Erdkund.
806 1388 822 1424 Ι
840 1401 876 1437 p.
891 1389 983 1428 688.
996 1386 1074 1423 He-

422 1443 543 1480 rodoti
561 1446 683 1479 tamen
695 1443 749 1480 vel
761 1443 884 1494 potius
905 1442 1075 1479 sacerdo-

422 1498 469 1536 tis
507 1498 631 1534 Saitici
669 1499 913 1536 narrationem
950 1497 1075 1535 irridet

423 1553 558 1591 Strabo
576 1553 680 1590 XVII
704 1567 740 1604 p.
760 1556 889 1601 1174,
911 1551 955 1590 A.

478 1610 559 1648 τῶν
577 1604 727 1659 οὐρέων
751 1624 772 1648 τ
783 1605 836 1648 ού
846 1625 866 1648 τ
877 1623 907 1648 ω
919 1624 940 1648 ν
951 1607 965 1659 ]
989 1604 1080 1648 τού-

422 1677 503 1704 των
512 1677 591 1703 cuin
603 1665 719 1702 Gaisf.
729 1666 815 1703 dedi
827 1678 894 1716 pro
902 1663 1080 1704 τουτέων.

422 1719 484 1758 Ad
502 1722 610 1758 verba
641 1734 743 1770 seqq.
775 1721 839 1760 ἐπὶ
856 1721 1081 1769 Αἰθιοπίης

423 1789 465 1815 τε
494 1774 561 1814 καὶ
589 1772 704 1815 νότου
736 1776 803 1813 Cr.
828 1778 967 1814 confert
991 1775 1073 1813 Sal-

423 1843 512 1870 mas.
528 1831 696 1869 Exercitt.
709 1844 795 1882 pag.
811 1834 905 1872 312.

480 1887 517 1926 εἰ
527 1884 603 1938 ἄρα
617 1889 738 1926 ταῦτα
756 1883 943 1939 γενόμενα
956 1885 1074 1939 ἔλεγε]

423 1939 472 1982 to}
489 1940 677 1996 γενόμενα
707 1945 729 1981 ἰ.
755 1957 786 1982 e.
816 1957 857 1981 ea
887 1957 973 1994 quae
995 1948 1076 1981 sunt

425 2002 458 2037 et
473 2013 591 2049 reapse
606 2002 823 2048 contingunt,
835 2013 918 2038 vera
934 2014 962 2037 s.
982 1996 1075 2051 ἅλη-

423 2057 498 2106 θῆ,
526 2061 566 2093 ut
582 2056 720 2092 dudum
742 2058 908 2107 exposuit
927 2056 1075 2094 Wesse-

424 2110 511 2160 ling.
539 2111 635 2150 Add.
666 2112 769 2149 Reiz.
801 2113 849 2150 ad
875 2114 999 2161 Viget.
1028 2113 1075 2151 de

424 2168 592 2205 idiotism.
604 2181 640 2218 p.
653 2168 734 2209 357
744 2169 866 2218 ibique
876 2169 1073 2206 Hermann.

425 2236 510 2274 pag.
528 2226 622 2265 778.
642 2224 683 2261 ln
697 2237 798 2273 seqq.
814 2224 920 2262 valde
936 2225 1075 2262 variant

425 2280 504 2317 libri
524 2280 627 2327 editi,
656 2281 871 2331 praesertim
898 2281 998 2330 quod
1026 2281 1074 2318 ad

427 2336 747 2386 interpunctionem
770 2337 911 2375 attinet.
961 2336 1075 2386 Equi-

427 2392 510 2430 dem
538 2391 652 2430 maius
694 2393 992 2442 interpunctionis
1027 2392 1074 2429 si-

427 2460 536 2497 gnum
548 2449 654 2499 posui
663 2453 747 2498 post
758 2444 966 2498 ἀπέφαινε,
981 2462 1073 2495 cum,

427 2517 521 2553 quae
548 2508 745 2553 sequantur
768 2506 896 2551 verba,
926 2505 974 2542 ad
996 2505 1073 2541 He-

427 2561 595 2597 rodotum
623 2561 740 2609 ipsum
772 2561 974 2599 necessario
1003 2562 1074 2597 sint

428 2616 628 2663 reserenda,
647 2615 817 2653 iudicium
835 2629 938 2654 suum
959 2616 1005 2654 de
1017 2617 1073 2663 iis,

429 2682 523 2719 quae
553 2672 598 2708 ab
622 2672 818 2722 interprete
840 2673 952 2710 relata
971 2685 1072 2710 acce-

429 2727 534 2775 perit,
555 2727 815 2776 sefflngentem,
836 2733 875 2765 ut
889 2729 980 2766 bene
997 2740 1075 2765 mo-

432 2786 491 2817 net
517 2781 701 2821 Letronne
728 2784 765 2820 in
782 2785 908 2822 Journ.
931 2785 966 2821 d.
988 2785 1074 2821 Sav.

435 2836 539 2876 1817
558 2849 593 2886 p.
612 2841 677 2878 92.
708 2839 819 2884 Quod
841 2853 942 2878 secus
958 2846 1028 2888 est,
1045 2841 1074 2877 si

1144 1161 1281 1199 maiore
1314 1159 1543 1198 distinctione
1579 1162 1665 1209 post
1701 1153 1797 1198 ἐπέ-

1143 1232 1261 1268 φαινε
1279 1216 1431 1264 sublata,
1442 1216 1512 1253 huc
1529 1216 1664 1253 reseras
1686 1227 1792 1254 accu-

1142 1275 1275 1312 sativos
1292 1273 1403 1319 δίνας
1416 1268 1536 1326 ταύτῃ
1556 1286 1590 1310 κ.
1602 1286 1634 1310 τ.
1646 1274 1694 1319 λ.,
1713 1284 1795 1310 ver-

1144 1331 1197 1368 bis
1221 1329 1274 1376 ὥς
1292 1327 1358 1380 ἐμὲ
1385 1326 1613 1367 κατανοέειν
1637 1342 1704 1379 per
1726 1339 1793 1377 pa-

1142 1387 1328 1424 renthesin
1348 1385 1451 1434 quasi
1471 1385 1706 1434 interpositis.
1726 1383 1794 1420 Est

1141 1447 1263 1479 autem
1278 1437 1519 1489 ἀποφαίνειν
1533 1440 1721 1484 declarare,
1733 1452 1793 1476 ex-

1136 1510 1260 1548 ponere
1278 1499 1494 1542 sententiam,
1506 1500 1546 1532 ut
1560 1495 1605 1543 11,
1621 1496 1675 1537 24
1694 1491 1794 1535 ἄπο-

1143 1554 1378 1593 δείκνυσθαι
1393 1549 1567 1604 γνώμην.
1590 1552 1794 1590 Verborum

1147 1611 1372 1658 sequentium
1384 1638 1394 1655 ,
1437 1621 1531 1658 quae
1559 1621 1582 1645 a
1614 1608 1794 1658 prioribus

1147 1666 1287 1714 seiungi
1311 1665 1465 1712 debent,
1504 1669 1680 1701 structura
1702 1677 1794 1701 non-

1145 1721 1230 1758 nihil
1249 1721 1421 1771 impedita
1431 1733 1498 1757 nee
1511 1725 1632 1757 tamen
1645 1732 1795 1769 prorsus

1145 1776 1289 1813 insolita
1308 1777 1379 1822 (cf.
1407 1781 1481 1812 not.
1504 1775 1551 1812 ad
1576 1775 1612 1822 l,
1639 1776 1733 1823 58),
1764 1778 1794 1814 si

1143 1833 1290 1881 quidem
1310 1832 1358 1869 ad
1371 1831 1584 1868 infinitivum
1602 1843 1645 1869 ex
1665 1832 1795 1870 minori

1143 1889 1390 1926 enuntiatione
1418 1887 1568 1925 verbum
1598 1893 1720 1926 mente
1746 1890 1795 1926 sit

1142 1945 1392 1994 repetendum.
1417 1945 1647 1992 Quamquam
1658 1943 1726 1981 hoc
1740 1949 1795 1982 te..

1143 2001 1326 2047 nendum,
1357 2000 1467 2050 priori
1493 2000 1571 2037 loco
1590 2013 1655 2050 pro
1675 2001 1795 2038 infini-

1143 2058 1216 2093 tivo
1233 2057 1389 2094 exhiberi
1411 2056 1638 2106 participium
1659 2057 1793 2104 (δίνας

1142 2134 1198 2140 ——
1214 2107 1398 2160 ἐούσας),
1427 2125 1507 2149 cum
1526 2124 1609 2148 mox
1635 2118 1793 2163 ponatur

1141 2168 1335 2205 infinitivus
1354 2164 1407 2217 μή
1433 2163 1634 2206 δύνασθαι
1650 2183 1684 2207 κ.
1697 2183 1728 2206 τ.
1742 2171 1791 2215 λ.,

1141 2225 1210 2260 nisi
1232 2224 1340 2261 etiam
1359 2224 1467 2273 priori
1483 2223 1561 2261 loeo
1584 2236 1625 2261 ex
1649 2229 1792 2262 antece-

1140 2280 1306 2317 dentibus
1319 2279 1487 2329 supplere
1503 2279 1604 2316 malis
1618 2274 1791 2330 οἷποφαί-

1140 2350 1225 2375 νειν
1242 2349 1288 2372 sc.
1302 2332 1370 2374 τόν
1385 2331 1700 2386 γραμματιστήν,
1718 2350 1791 2386 quo

1140 2397 1297 2429 assumto
1325 2392 1395 2428 iam
1417 2397 1547 2441 sponte
1566 2394 1686 2429 omnia
1707 2406 1792 2443 pro-

1139 2449 1293 2495 cedunt,
1323 2461 1401 2485 cum
1423 2454 1575 2497 uterque
1598 2449 1791 2486 infinitivus

1139 2505 1299 2554 pendeat
1347 2516 1369 2541 a
1405 2504 1515 2541 verbo
1553 2503 1791 2545 κατανοέειν.

1141 2560 1261 2603 Quem
1279 2559 1345 2597 loci
1368 2573 1511 2599 sensum
1531 2566 1626 2599 recte
1645 2574 1790 2612 expres-

1141 2616 1190 2653 sit
1209 2615 1384 2654 Aristides
1407 2617 1443 2653 in
1461 2617 1618 2666 Aegypt.
1650 2622 1734 2655 tom.
1756 2617 1789 2655 ΙΙ

1138 2685 1176 2722 p.
1192 2673 1272 2713 345
1303 2672 1401 2710 lebb.
1418 2673 1471 2709 his
1490 2673 1626 2710 verbis:
1655 2673 1690 2712 εἰ
1710 2671 1788 2722 ἄρα

1142 2723 1254 2766 ταῦτ’
1274 2723 1429 2778 ἀληθῆ,
1460 2729 1592 2768 δοκεῖν
1615 2724 1720 2781 αὐτῷ
1733 2729 1789 2769 δι’-

1142 2798 1214 2830 νας
1247 2783 1424 2823 ἐνταῦθα
1453 2783 1519 2823 καὶ
1557 2785 1789 2837 παλιῤῥοίας

1141 2843 1214 2879 τοῦ
1230 2843 1423 2891 ποταμοῦ,
1454 2854 1536 2880 cum
1547 2853 1614 2879 nos
1633 2841 1701 2879 hoc
1712 2854 1788 2878 mo-
