1909 3228
515 178 600 218 852
925 175 1390 215 HERODOTI

516 286 685 328 στάδιοι
721 285 848 339 χίλιοι
891 282 1101 337 [ἀπαρτὶ]
1150 283 1192 334 ές
1227 284 1305 328 τὸν
1349 283 1554 338 Ἀράβιον
1592 284 1771 328 κόλπον.

487 368 646 407 6τοῦτο
688 363 767 416 μὲν
803 361 853 405 τὸ
892 360 1245 417 συντομώτατον·
1304 361 1331 417 ἡ
1360 364 1405 406 δὲ
1436 361 1595 416 διώρυξ
1624 368 1771 420 πολλῷ

516 440 784 499 μακροτέρη,
831 440 919 498 ὅσῳ
959 441 1218 498 σκολιωτέρη
1259 442 1366 493 ἐστὶ,
1425 441 1503 496 τήν
1542 443 1609 485 ἐπὶ
1645 445 1773 486 Νεκῶ

516 521 716 578 βασιλέος
747 517 1009 571 ὀρύσσοντες
1043 523 1292 575 Αἰγυπτίων
1322 519 1545 564 ἀπώλοντο
1577 520 1830 564 δυώδεκα4ο

489 598 740 655 7μυριάδες.
785 599 939 650 Νεκῶς
976 599 1056 654 μέν
1092 616 1174 642 νυν
1213 599 1368 655 μεταξύ
1407 597 1611 653 ὀρύσσων
1641 598 1772 642 ἐπαύ-

516 691 649 731 σατο,
687 681 902 734 μαντηΐου
939 678 1151 733 ἐμποδίου
1181 679 1418 734 γενομένου
1448 681 1641 730 τοιοῦδε,
1679 682 1774 735 »τῷ

488 758 761 813 8,,βαρβάρῳ
805 757 940 800 αὐτόν
990 760 1380 813 προεργάζεσθαι.“
1439 757 1691 813 βαρβάρους
1730 756 1776 800 δὲ

515 837 681 887 πάντας
713 837 757 879 οἱ
782 835 1018 891 Αἰγύπτιοι
1055 837 1260 879 καλέουσι
1291 838 1393 887 τοὺς
1426 836 1482 892 μὴ
1516 839 1635 890 σφίσι
1669 834 1774 890 ὁμο-

357 920 457 966 159
514 914 752 971 γλώσσους.

186 985 283 1013 Struit
335 986 461 1013 classem

185 1020 462 1093 ἓὲἓίἷῆἱὲῗέἓὲξέξέἰ
554 1078 571 1085 ,
898 1072 907 1085 ,
1027 1074 1039 1088 ,
1138 1073 1148 1086 ,
1382 1075 1394 1088 .
1444 1072 1456 1087 ‚
1495 1073 1505 1087 ,
1606 1077 1623 1084 -
1652 1072 1661 1087 ‚

186 1087 226 1147 2¹³2
243 1089 460 1148 gergggtrivm-
518 1090 570 1130 τῃ
602 1077 758 1131 βορηιῃ
789 1077 992 1130 θαλάσσῃ
1023 1078 1318 1130 εποιηθησαν,
1349 1090 1392 1116 αι
1423 1076 1445 1116 δ
1489 1090 1535 1117 εν
1564 1091 1622 1132 τῳ
1657 1077 1774 1127 Αρα-

810 914 1100 969 Παυσάμενος
1131 915 1175 958 δὲ
1205 918 1278 970 τῆς
1309 914 1520 971 διώρυχος
1551 914 1574 960 ὁ
1608 914 1773 965 Νεκῶς,
1787 917 1832 955 45

519 994 723 1049 ἐτράπετο
755 994 867 1049 πρὸς
895 997 1147 1050 στρατηῖῖας·
1180 995 1252 1036 καὶ
1282 995 1493 1050 τριήρεες,
1526 997 1571 1037 αἱ
1586 995 1681 1050 μὲν,
1706 993 1775 1036 ἐπὶ

519 1245 664 1300 άπαρτὶ
682 1247 720 1295 ἐς
738 1244 807 1287 τόν
822 1242 1006 1299 Ἀράβιον
1025 1243 1113 1286 κόλ-

461 1305 556 1357 πον]
576 1301 637 1344 oin
650 1304 757 1356 αρτὶ
770 1333 780 1351 ,
812 1306 912 1354 quod
932 1306 977 1341 ab
998 1305 1114 1342 omni-

462 1365 529 1400 bus
553 1363 733 1399 Herodoti
761 1362 857 1398 libris
886 1362 1025 1411 scriptis
1049 1362 1115 1397 ab-

462 1423 540 1465 est,
563 1419 758 1468 nuperrimi
777 1418 932 1455 editores
953 1418 1114 1454 inserue-

460 1479 543 1512 runt
572 1489 591 1511 e
615 1475 929 1522 grammaticorum
952 1474 1114 1510 Graeco-

459 1545 540 1568 rum
558 1531 659 1576 locis,
680 1531 740 1578 qui
758 1529 919 1566 voculam
941 1529 1008 1565 hoc
1029 1530 1111 1578 ipso

462 1601 505 1624 ex
524 1587 603 1623 loco
632 1586 745 1622 citant
775 1584 905 1630 (schol.
926 1585 1110 1634 Aristoph.

462 1643 559 1680 Plut.
576 1644 669 1683 388.
690 1642 792 1677 Suid.
813 1646 849 1678 et
870 1641 1111 1688 lex.Seg11ier.

462 1713 499 1750 p.
520 1700 629 1745 418)
667 1701 924 1747 exponuntque
953 1692 1113 1747 cinnom-

463 1753 633 1805 σμένως,
666 1750 852 1804 οἷκριβῶς.
908 1752 1017 1788 Plura
1039 1752 1114 1789 Lo-

461 1812 565 1849 beck.
605 1810 653 1846 ad
687 1808 877 1857 Phrynich.
923 1821 1007 1858 pag.
1046 1812 1113 1849 20.

462 1867 643 1916 Equidem
669 1869 790 1902 tamen
811 1866 909 1902 uncis
928 1864 1112 1902 includere

463 1923 596 1970 malui,
626 1935 699 1958 non
721 1922 866 1971 quidem
890 1925 931 1957 ut
953 1920 1113 1970 spuriam

463 1979 647 2025 voculam,
678 1979 742 2016 sed
771 1981 813 2014 ut
846 1978 893 2014 de
919 1990 992 2026 qua
1020 1990 1113 2013 non-

463 2038 549 2073 dum
585 2035 723 2084 liquido
760 2038 920 2080 constet,
966 2046 1045 2070 cum
1075 2034 1112 2070 in

463 2092 630 2129 omnibus
678 2091 818 2141 scriptis
862 2090 956 2127 desit
1002 2089 1111 2126 libris.

464 2149 534 2186 Est
550 2149 691 2194 forsan,
712 2147 773 2196 qui
797 2146 865 2183 hoc
886 2159 928 2183 ex
947 2146 1026 2182 loco
1046 2147 1112 2182 du—

464 2206 593 2256 plicem
616 2208 736 2241 textus
764 2202 967 2239 Herodotei
990 2215 1114 2238 recen-

466 2262 605 2299 sionem
625 2261 734 2297 suisse
762 2263 915 2304 statuat3
946 2258 1114 2307 equidem

464 2318 534 2356 hoc
563 2318 673 2354 modo
702 2316 818 2353 teneri
842 2315 968 2361 velim,
1010 2319 1117 2363 quot-

465 2378 556 2424 quot
584 2374 690 2410 nobis
722 2371 854 2410 servati
892 2372 963 2408 sint
994 2371 1114 2421 scripti

465 2431 544 2467 libri
563 2429 766 2467 Herodotei
780 2457 790 2475 ,
810 2441 872 2465 eos
892 2440 935 2465 ex
956 2439 1026 2464 una
1046 2440 1114 2477 po-

463 2488 534 2524 tius
581 2486 715 2523 familia
759 2484 931 2520 oriundos
987 2483 1113 2529 videri,

462 2543 560 2580 haud
574 2543 647 2579 scio
666 2554 712 2578 an
731 2540 986 2578 Alexandrina.
1016 2538 1115 2576 Alius

465 2600 591 2648 utique
609 2598 765 2635 familiae
790 2597 899 2633 libros
917 2597 1111 2633 Gramma-

464 2656 523 2691 tici
550 2655 600 2691 illi
628 2654 830 2704 inspexisse
849 2653 1036 2699 videntur,
1067 2666 1110 2689 ex

463 2711 596 2758 quibus
614 2710 774 2747 voculam
799 2710 837 2745 in
856 2709 989 2746 nostris
1009 2708 1108 2746 libris

465 2767 631 2803 omissam
650 2767 816 2803 citarunt.

521 2820 587 2860 ἐπὶ
619 2824 737 2861 Νεκῶ
765 2819 968 2872 βασιλέος]
1001 2821 1109 2872 βασι-

1181 1246 1268 1295 λέος
1290 1261 1369 1286 cum
1385 1249 1502 1285 Gaisf.
1530 1249 1654 1298 scripsi
1677 1260 1743 1297 pro
1764 1246 1832 1297 βα-

1183 1308 1330 1356 σιλῆος.
1355 1306 1409 1341 .de
1428 1306 1536 1342 verba
1558 1301 1699 1354 μεταξύ
1717 1299 1833 1354 ὀρύσ-

1182 1374 1263 1401 σων
1287 1363 1449 1398 conseras
1477 1361 1655 1398 Matthiae
1677 1361 1741 1397 Gr.
1766 1360 1830 1396 Gr.

1180 1432 1265 1469 pag.
1293 1418 1409 1458 1114.
1436 1418 1554 1458 1115.

1237 1475 1429 1524 μαντηίου
1456 1473 1647 1523 ἐμποδίου
1675 1468 1831 1523 γενομέ·

1180 1529 1269 1580 νου]
1283 1529 1481 1566 Intermissi
1501 1529 1632 1566 canalis
1652 1541 1730 1565 eam
1746 1541 1832 1578 pro-

1181 1587 1272 1623 ‹lunt
1303 1585 1361 1622 alii
1390 1598 1560 1631 causam,
1591 1585 1690 1634 quod
1710 1585 1832 1632 Aeg-s·-

1181 1644 1246 1692 ptii
1277 1643 1566 1687 observaverint,
1612 1640 1754 1677 Arabici
1785 1640 1833 1676 si-

1181 1712 1247 1734 nus
1267 1710 1397 1745 aquarn
1425 1697 1589 1734 altiorem
1615 1710 1694 1733 esse
1723 1709 1833 1744 quam

1181 1754 1388 1803 planitiem,
1420 1766 1439 1790 e
1458 1765 1529 1801 qua
1548 1753 1681 1790 canalis
1700 1753 1736 1788 in
1756 1765 1832 1789 ma-

1180 1823 1219 1847 re
1243 1810 1478 1846 deducendus
1501 1815 1589 1846 erat.
1644 1808 1726 1845 vid.
1750 1808 1832 1845 Ari-

1182 1865 1304 1902 stotel.
1327 1870 1478 1902 meteor.
1503 1865 1530 1912 Ι,
1552 1870 1602 1907 14
1620 1864 1832 1902 coll.Strab.

1182 1922 1284 1958 XVII
1312 1935 1348 1971 p.
1370 1922 1450 1962 804
1481 1935 1508 1959 S.
1531 1935 1566 1971 p.
1590 1922 1708 1962 1158.
1740 1920 1833 1959 Plin.

1181 1979 1216 2016 h.
1244 1992 1278 2015 n.
1304 1977 1376 2023 Vl,
1396 1981 1459 2019 29.
1519 1978 1687 2025 Accedit,
1719 1977 1833 2026 quod,

1180 2040 1220 2071 ut
1240 2034 1399 2070 nonnulli
1419 2038 1514 2071 teste
1537 2034 1654 2071 Plinio
1672 2033 1833 2081 tradunt,

1180 2091 1354 2140 Aegyptii
1393 2091 1598 2137 timebant,
1641 2103 1687 2126 ne
1723 2090 1830 2126 maris

1181 2160 1276 2196 aqua
1308 2146 1400 2183 salsa
1430 2159 1472 2183 ex
1502 2146 1657 2183 Arabico
1683 2146 1763 2182 sinu
1794 2147 1831 2182 in

1183 2203 1344 2240 canalem
1389 2203 1545 2239 demissa
1583 2203 1721 2239 dulcem
1755 2201 1832 2239 Nili

1183 2272 1338 2308 aquam,
1358 2271 1450 2307 quae
1468 2258 1544 2295 sola
1560 2258 1651 2295 illius
1673 2259 1831 2307 regionis

1183 2315 1317 2352 incolas
1344 2315 1528 2361 nutriret,
1575 2319 1831 2364 corrumperet.

1184 2372 1243 2408 Tu
1265 2372 1335 2407 vid.
1357 2371 1537 2408 Mannert.
1559 2371 1580 2407 l.
1601 2371 1621 2407 l.
1641 2372 1828 2421 pag.506.

1183 2428 1276 2468 511.
1336 2428 1448 2464 Veras
1477 2440 1602 2464 causas
1640 2427 1832 2476 diligenter

1182 2484 1350 2533 exposuit
1393 2482 1448 2521 Le
1485 2483 1577 2521 Pete
1607 2483 1686 2520 loco
1722 2496 1831 2533 supra

1179 2539 1329 2577 laudato
1355 2552 1438 2589 pag.
1469 2541 1522 2580 68
1550 2553 1652 2589 seqq.
1700 2560 1747 2566 —-
1788 2539 1830 2576 In

1181 2610 1283 2645 seqq.
1315 2609 1394 2633 cum
1424 2596 1541 2632 Gaisf.
1573 2596 1737 2646 rescripsi
1775 2593 1830 2646 μή

1179 2651 1293 2702 σφίσι
1311 2665 1378 2703 pro
1396 2651 1529 2701 vulgat.
1553 2648 1608 2703 μή
1632 2664 1713 2701 σφι.

1374 2736 1487 2786 Cap.
1519 2735 1648 2772 CLIX.

1234 2819 1300 2859 ἐπὶ
1338 2821 1388 2874 τῇ
1433 2820 1579 2872 βορηΐῃ
1617 2814 1827 2873 θαλάσσῃ]
