1909 3228
430 170 515 209 776
884 165 1352 205 HERODOTI

402 280 524 333 3νῆς,
582 274 679 319 ὅσοι
715 273 799 329 γὰρ
840 273 893 328 δὴ
935 277 1099 329 στοῖχοι
1137 267 1250 329 ἦσαν
1281 277 1369 317 τῶν
1400 273 1749 331 ἄναβαθμῶν,20

429 357 638 399 τοσαῦται
666 352 740 395 καὶ
769 352 815 394 αἱ
850 352 1036 407 μηχαναὶ
1063 347 1195 407 ἦσαν·

1259 354 1297 396 εἴ
1324 369 1366 396 τε
1396 355 1468 396 καὶ
1500 356 1579 410 τὴν
1610 353 1690 398 αύ-

430 433 509 488 τὴν
539 431 761 488 μηχανὴν,
793 432 955 475 ἐοῦσαν
985 433 1089 486 μίαν
1118 448 1162 474 τε
1184 433 1256 474 καὶ
1273 430 1592 486 εὐβάστακτον,
1617 449 1690 488 με-

430 510 643 566 τεφόρεον
691 510 760 552 ἐπὶ
812 515 984 566 στοῖχον
1033 510 1239 555 ἕκαστον,

1297 510 1408 562 ὅκως
1443 510 1522 554 τόν
1562 514 1691 554 λίθον

431 589 636 641 ἐξέλοιεν·
667 590 853 644 λελέχθω
884 588 967 644 γάρ
998 589 1103 644 ἡμῖν
1133 588 1192 632 ἐπ’
1225 588 1470 645 ἀμφότερα,
1501 590 1691 645 κατάπερ

397 667 608 724 4λὲγεται.
662 665 919 724 Ἐξεποιήθη
950 667 993 712 δ’
1026 663 1088 712 ὦν
1117 668 1170 712 τὰ
1202 667 1399 713 ἀνώτατα
1422 667 1554 725 αὐτῆς
1572 673 1691 724 πρῶ-

431 895 519 938 ὅσοι
555 896 628 951 γαρ
662 896 711 950 δὴ
746 902 892 950 στοῖχοι
921 893 1027 950 ἦσαν

374 956 452 994 τῶν
470 950 734 1006 ἀναβαθμῶν,
754 958 942 995 τοσαῦται
961 955 1028 995 καὶ

376 1010 429 1050 αἱ
452 1011 624 1062 μηχαναὶ
646 1006 767 1062 ἦσαν]
800 1012 842 1051 αἱ
864 1026 942 1049 cum
972 1026 1028 1051 re-

375 1068 623 1105 centt.lubens
644 1071 777 1119 recepi,
795 1082 1027 1118 quannpmm,

375 1125 477 1174 quod
504 1125 666 1174 sequitur
697 1126 846 1163 alterum
866 1120 972 1175 ἦσαν
997 1126 1027 1163 si

374 1193 397 1219 a
428 1180 527 1218 libris
558 1182 731 1229 abesset,
783 1182 880 1218 haud
917 1196 1027 1231 aegre

375 1237 544 1286 equidem
574 1238 644 1274 hoc
668 1239 811 1275 serrem.
868 1238 927 1275 Ad
959 1239 1027 1276 loci

375 1298 631 1341 argumentum
657 1295 818 1342 faciunt,
857 1308 951 1343 quae
981 1296 1028 1333 de

372 1349 550 1387 hodierna
577 1350 682 1388 huius
716 1351 913 1400 pyramidis
942 1365 1028 1388 eon-

374 1406 513 1444 ditione
540 1406 633 1443 hunc
662 1407 698 1443 in
718 1407 866 1444 modum
886 1408 1028 1457 scripsit

376 1462 509 1511 Zo‘ega
529 1462 550 1498 l.
573 1462 594 1499 l.
624 1475 710 1512 pag.
727 1463 826 1504 402:
858 1463 1028 1510 „Ascen-

375 1531 453 1555 sum
475 1531 590 1567 usque
602 1518 649 1554 ad
667 1519 838 1556 verticem
850 1521 1027 1570 praebent

375 1574 588 1611 structiones
618 1575 757 1612 circiter
785 1576 961 1613 ducentae
991 1580 1027 1613 et

374 1631 522 1676 decem,
562 1631 739 1678 graduum
766 1631 879 1668 instar
909 1634 1027 1669 sactae

375 1699 396 1724 e
411 1687 596 1735 quadratis
612 1686 794 1736 lapidibus
815 1689 1025 1735 grandibus,

374 1742 453 1780 sine
470 1746 656 1779 caemento
675 1742 827 1780 clavisve
848 1744 1027 1791 gravitate

375 1811 440 1835 sua
466 1799 658 1845 connexis,
676 1812 695 1835 e
712 1800 840 1847 quibus
855 1804 932 1837 tota
951 1813 1028 1836 mo-

374 1855 426 1891 les
454 1855 655 1904 composita
683 1859 762 1901 est,
802 1861 955 1906 excepto
986 1859 1026 1892 ut

373 1911 517 1947 videtur
554 1910 679 1947 infimo
715 1910 872 1958 nucleo,
919 1925 1025 1961 quem

374 1966 537 2004 nonnulli
578 1979 702 2003 saxum
743 1968 904 2005 nativum
946 1982 1026 2006 esse

373 2024 498 2068 aiunt,
537 2022 595 2059 alii
627 2036 648 2060 e
676 2023 841 2073 lapidum
868 2025 1024 2062 frustulis

373 2079 584 2116 informibus
606 2084 795 2117 caemento
821 2081 949 2118 iunctis
966 2095 1027 2118 co-

373 2139 636 2184 agmentatum.
702 2137 878 2185 Singulae
907 2142 1027 2175 autem

374 2192 590 2230 structiones
620 2193 737 2229 factae
767 2198 847 2230 sunt
877 2207 922 2231 ex
954 2207 1026 2231 uno

373 2248 533 2297 lapidum
554 2249 682 2297 ordine
704 2249 932 2297 horizontali‚
953 2256 1027 2287 tum

373 2304 565 2341 altitudine
583 2333 593 2350 ‚
630 2309 704 2341 tum
733 2305 922 2343 latitudine
944 2320 1028 2344 sen-

373 2361 441 2397 sim
466 2360 664 2398 diminutae
690 2362 735 2398 ab
768 2363 839 2399 imo
861 2363 908 2399 ad
931 2377 1027 2400 suin-

373 2429 493 2454 mum:
534 2430 618 2454 nam
646 2418 791 2456 infimae
827 2419 920 2456 altae
947 2433 1027 2457 esse

375 2474 541 2510 dicimtur
563 2474 677 2522 pedes
691 2479 846 2523 quatuor
864 2476 919 2512 vel
936 2489 1028 2525 pau-

374 2528 409 2565 lo
428 2529 595 2579 amplius,
616 2530 777 2579 quinque
798 2532 873 2569 sere
891 2533 1025 2582 pedum

375 2585 492 2635 spatio
516 2591 795 2636 procurrentes3
835 2602 1025 2638 supremae

374 2641 469 2678 altae
486 2642 600 2691 pedes
628 2643 720 2679 duos
742 2650 958 2693 procurrunt
973 2644 1025 2682 la-

375 2696 528 2734 titudine
547 2700 623 2735 sere
639 2700 848 2749 tripedali.“

433 2751 527 2792 εἴτε
552 2752 619 2793 καὶ
645 2753 720 2807 τήν
746 2751 873 2807 αὐτὴν
905 2772 1024 2808 μηχα-

376 2803 453 2859 νήν
472 2837 483 2856 ,
512 2807 656 2850 ἐοῦσαν
698 2812 817 2863 μίαν
848 2828 883 2852 κ.
912 2829 943 2852 τ.
973 2812 1022 2864 t]

1096 899 1191 951 μίαν
1219 913 1294 937 cum
1324 900 1509 937 Gaissord.
1540 900 1635 937 edidi
1680 913 1747 950 pro

1095 957 1190 1005 vulg.
1229 956 1351 1006 μίην
1391 962 1428 994 et
1465 962 1549 1006 post
1577 954 1748 1006 λελέχθω

1096 1013 1231 1050 inserui
1269 1010 1355 1064 γάρ.
1424 1013 1547 1050 Verba
1584 1014 1662 1062 ipsa
1698 1014 1749 1050 sic

1096 1070 1255 1107 reddidit
1274 1070 1625 1117 Scllweighaeuser.:
1649 1071 1750 1115 „sive

1095 1129 1201 1163 etiam
1245 1139 1317 1163 una
1365 1126 1546 1175 eademque
1586 1126 1750 1162 machina

1089 1183 1170 1233 fuit
1183 1186 1327 1232 portatu
1339 1181 1490 1231 facilc's‚·
1511 1194 1614 1231 quam
1626 1195 1668 1218 (nr
1682 1195 1749 1218 unu

1096 1239 1212 1276 ordine
1248 1242 1283 1275 in
1310 1239 1459 1276 alterum
1488 1238 1748 1288 promovebant,

1097 1298 1230 1346 quoties
1256 1295 1404 1345 lapidem
1433 1299 1470 1332 in
1500 1295 1610 1331 altum
1633 1295 1749 1332 tollere

1095 1353 1243 1396 vellen&
1281 1364 1361 1388 nam
1388 1354 1424 1388 z'n
1456 1356 1638 1400 utramque
1658 1364 1747 1400 μαν-

1095 1413 1180 1456 tem,
1212 1407 1495 1458 quemadmodum
1510 1408 1653 1457 sactum
1673 1412 1748 1445 tra-

1094 1466 1210 1513 ditur,
1240 1465 1371 1501 dictum
1392 1478 1414 1501 α
1431 1465 1527 1501 nubis
1546 1466 1654 1501 esto.“

1149 1572 1367 1626 ἐξεποιήθη
1390 1571 1429 1614 δ’
1451 1570 1506 1614 ὧν
1527 1573 1572 1614 τὰ
1598 1571 1747 1614 α’νώτοι-

1094 1648 1140 1671 τα
1161 1629 1284 1681 αὐτῆς
1307 1631 1459 1682 πρώτα]
1494 1631 1748 1682 ,,ε’κποιηθῆ·

1094 1704 1161 1727 ναι
1182 1690 1440 1738 perhibentur,
1474 1689 1596 1737 quibus
1623 1702 1747 1726 ornan-

1093 1745 1148 1781 dis
1176 1749 1207 1781 et
1235 1744 1450 1780 absolvendis
1472 1744 1598 1781 ultima
1625 1757 1748 1782 manus

1092 1803 1290 1851 imponitur.
1350 1801 1507 1837 Primum
1531 1802 1654 1850 itaque
1680 1815 1749 1852 py-

1093 1859 1241 1894 ramidis
1261 1858 1450 1906 superiora
1463 1886 1473 1904 ,
1503 1862 1578 1893 tuln
1596 1859 1748 1895 descen-

1094 1915 1225 1952 dentes
1261 1914 1397 1962 reliqua
1438 1914 1747 1963 perpoliverunt.“

1094 1971 1156 2007 Sic
1183 1974 1282 2008 recte
1310 1970 1595 2018 li'esselingius‚
1625 1984 1644 2007 e
1668 1971 1749 2008 No-

1095 2031 1170 2064 stro
1192 2028 1306 2064 citans
1331 2027 1365 2074 l,
1388 2026 1476 2067 164.
1509 2027 1538 2063 ll
1554 2056 1564 2073 ,
1584 2027 1673 2068 175.
1699 2027 1745 2074 V,

1095 2086 1175 2130 62,
1206 2097 1249 2121 ex
1275 2083 1354 2120 aliis
1383 2083 1475 2129 alia,
1507 2084 1636 2131 quibus
1663 2097 1747 2133 per-

1094 2140 1257 2177 sectionis
1286 2144 1322 2176 et
1360 2139 1595 2175 absolutionis
1630 2141 1747 2175 notio-

1095 2209 1177 2233 nem
1199 2196 1266 2232 hoc
1282 2197 1318 2231 in
1336 2196 1444 2232 verbo
1467 2196 1585 2232 inesse
1602 2196 1745 2245 probet.

1094 2251 1216 2300 Atque
1243 2252 1388 2288 omnino
1419 2253 1504 2288 satis
1532 2265 1627 2289 nunc
1659 2257 1747 2313 rwta

1095 2308 1167 2345 ista
1185 2309 1237 2345 vis
1257 2308 1537 2358 praepositionis
1560 2307 1598 2355 ἐξ
1619 2308 1655 2345 in
1668 2321 1747 2346 ver-

1095 2365 1150 2401 bis
1169 2365 1389 2414 compositis.
1448 2365 1530 2401 Hoc
1559 2364 1636 2401 loco
1662 2377 1746 2414 per-

1094 2422 1203 2458 fectio
1232 2421 1429 2471 pyramidis
1451 2421 1612 2470 inprimis
1635 2421 1747 2471 perti-

1094 2482 1157 2514 net
1177 2478 1223 2514 ad
1236 2477 1470 2527 politosistos
1492 2477 1646 2527 lapides,
1666 2478 1747 2526 qui-

1093 2534 1160 2570 bus
1192 2534 1481 2583 superstruendis
1519 2539 1601 2570 tota
1639 2546 1748 2584 pyra-

1094 2591 1200 2627 midis
1221 2590 1429 2640 superficies
1461 2590 1561 2628 laeva
1582 2594 1616 2627 et
1638 2590 1743 2639 plan?

1094 2646 1221 2693 fieret3
1259 2646 1319 2682 ubi
1350 2647 1489 2683 initium
1519 2646 1721 2700 facientesj

1094 2716 1234 2739 summo
1255 2702 1333 2739 loco
1359 2703 1442 2750 (ubi
1463 2702 1612 2740 faciliori
1634 2702 1719 2752 ops'd

1092 2759 1161 2796 hoc
1189 2759 1313 2809 perfici
1353 2760 1548 2809 poterat),
1586 2759 1646 2795 ind
1667 2745 1714 2807 {d

1091 2815 1164 2852 ima
1203 2815 1483 2853 descendebant.
1557 2799 1710 2853 Nefaho
