1909 3228
132 721 220 749 satio.

433 198 516 237 284
829 194 1298 234 HERODOTI

403 302 636 366 Ίέσὴμαινε
664 309 775 348 τοῖσι
805 303 1098 359 δορυφόροισι
1126 303 1363 360 λαμβάνειν
1393 303 1538 350 αὐτόν.
1569 304 1592 349 ὁ
1625 305 1683 354 δὲ,

433 382 644 440 ἀγόμενος
681 383 723 434 ἐς
758 381 834 432 τὰς
882 379 1097 437 ἀνάγκας,
1156 383 1270 426 οὕτω
1316 383 1369 438 δὴ
1417 384 1568 439 ἔφαινε
1609 384 1686 427 τὸν

400 462 559 507 8ἐόντα
587 461 730 517 λόγον.
789 457 1028 516 ἀρχόμενος
1057 460 1110 516 δὴ
1151 458 1222 504 ἀπ’
1251 459 1383 517 ἀρχῆς
1413 463 1593 518 διεξῄει,
1633 465 1686 520 τῇ

431 541 617 599 ἀληθηΐῃ
646 538 904 596 χρεώμενος·
945 540 1018 583 καὶ
1046 539 1269 595 κατέβαινε
1298 539 1340 590 ἐς
1373 539 1491 590 λιτάς
1519 556 1581 592 τε,
1611 540 1686 584 καὶ

274 622 373 667 117
431 618 694 677 συγγνώμην
723 617 870 677 ἑωυτῷ
898 617 1086 662 κελεύων
1115 619 1224 674 ἔχειν
1248 617 1396 662 αὐτόν.
1451 617 1686 675 Ἀστυάγης
1698 623 1743 660 55

132 686 375 722 Harpagiexcu-
435 700 502 750 δὲ,
543 701 626 741 τοῦ
666 697 745 753 μὲν
785 694 1006 753 βουκόλου
1041 697 1120 754 τήν
1160 696 1376 755 ἀληθηῖην
1405 696 1688 754 ἐκφήναντος,

426 778 561 834 λόγον
585 775 668 833 ἤδη
709 779 783 819 καὶ
822 775 987 821 ἐλάσσω
1030 778 1239 821 ἐποιέετο·
1295 775 1493 833 Ἁρπάγῳ
1533 775 1579 820 δὲ
1615 776 1688 819 καὶ

425 856 619 914 μεγάλως
647 856 944 913 μεμφόμενος,
983 857 1151 900 καλέειν
1181 854 1319 900 αὐτόν
1357 854 1462 906 τοὺς
1492 853 1686 910 δορυφό-

426 953 536 991 ρους
565 936 739 980 ἐκέλευε.

800 933 857 987 ὥς
884 936 929 980 δέ
959 938 1002 979 οἱ
1039 939 1183 991 παρῆν
1212 933 1235 978 ὁ
1253 934 1493 989 Ἅρπαγος,
1547 932 1684 988 εἴρετό

424 1033 501 1072 μιν
532 1015 554 1058 ὁ
589 1013 839 1071 Ἀστυάγης·
877 1015 1104 1070 ,ζἈρπαγε,
1133 1013 1214 1068 τέῳ
1246 1013 1298 1070 δὴ
1330 1011 1453 1070 μόρῳ
1481 1012 1560 1056 τὸν
1589 1019 1682 1055 παῖ-
1698 1020 1742 1053 60

425 1128 450 1147 ,,
465 1097 519 1139 δα
553 1094 845 1150 κατεχρήσαο,
896 1093 972 1138 τόν
1015 1110 1084 1137 τοι
1120 1093 1353 1147 παρέδωκα
1390 1092 1436 1136 ἐκ
1465 1091 1687 1148 θυγατρός

948 1178 993 1200 ,CC

397 1181 454 1227 2,,
468 1172 681 1229 γεγονότα
717 1177 793 1230 τῆς
830 1174 955 1229 ἐμῆς,

1046 1171 1096 1216 Ὁ
1127 1173 1171 1217 δὲ
1208 1172 1451 1228 Ἅρπαγος,
1503 1169 1560 1222 ὥς
1600 1168 1686 1215 εἶδε

424 1252 504 1297 τόν
532 1250 752 1310 βουκόλον
781 1252 909 1296 ἔνδον
936 1252 1084 1305 ἐόντα,
1117 1251 1171 1296 ου’
1202 1252 1398 1307 τρέπεται
1426 1250 1496 1294 ἐπὶ
1522 1250 1686 1302 ψευδέα

426 1330 554 1384 ὁδόν,
604 1334 678 1376 ἵνα
718 1331 776 1388 μὴ
814 1331 1088 1388 ἐλεγχόμενος
1124 1329 1369 1386 ἁλίσκηται·
1425 1328 1534 1373 ἄλλα
1572 1329 1684 1384 λέγει

426 1410 548 1454 τάδε·
595 1406 680 1462 „³252
709 1414 906 1467 βασιλεῦ,
937 1411 1027 1454 ἐπεί
1053 1426 1098 1454 τε
1127 1409 1380 1465 παρέλαβον
1407 1408 1456 1452 τό
1488 1409 1680 1461 παιδίον,

370 1609 407 1643 et
426 1605 483 1643 hic
515 1609 551 1643 et
577 1604 684 1655 paulo
721 1609 807 1655 post
828 1610 913 1643 sunt
946 1610 1018 1643 tor-

368 1665 502 1708 menta,
531 1662 658 1710 quibus
685 1661 875 1699 bubulcum
896 1675 1017 1699 verum

369 1718 490 1755 dicere
509 1718 699 1766 cogebant.
749 1717 894 1755 Monuit
910 1718 1018 1755 Ποε-

368 1773 496 1822 seling.
517 1777 592 1810 tum
611 1775 658 1810 ad
678 1774 713 1811 h.
728 1773 750 1810 l.
774 1779 847 1811 tuin
867 1774 1017 1811 adDio-

366 1830 445 1867 dor.
465 1829 538 1877 111,
558 1831 621 1870 14.
639 1850 695 1858 —-
718 1827 786 1869 τὸν
815 1827 925 1870 ἐόντα
956 1826 1017 1869 λό-

364 1900 437 1938 γον
459 1886 481 1923 ἱ.
502 1899 533 1923 e.
552 1898 644 1933 rem,
673 1890 714 1923 ut
734 1891 828 1935 Ναῒς
849 1899 1016 1924 5.υενιιιιι.

367 1942 476 1979 Conf.
507 1955 617 1993 supra
660 1942 696 1990 1,
737 1942 811 1991 95,
851 1944 911 1980 ubi
946 1943 1016 1980 vid.

364 1998 464 2036 Infra
490 1998 526 2046 I,
570 2001 665 2039 117:
706 2019 763 2026 —-
789 1996 854 2038 τὸν
893 1997 1018 2038 ἰθύν

368 2053 506 2103 ἔφαινε
524 2050 662 2106 λόγον,
684 2057 782 2104 quod
802 2057 850 2093 ad
869 2061 1018 2094 senteu-

365 2111 452 2148 tiam
473 2114 569 2148 certe
588 2124 662 2148 non
683 2112 814 2149 differt.

418 2165 488 2205 καὶ
515 2162 753 2219 συγγνώμην
788 2167 922 2222 ἑωυτῷ
947 2183 1012 2207 κε-

363 2219 528 2262 λεύων
559 2222 659 2273 ἔχειν
690 2220 836 2275 αὐτόν]
882 2226 1011 2263 Imme—

364 2280 434 2317 rito
454 2280 605 2317 haerent
633 2281 697 2317 viri
724 2282 822 2317 docti
841 2282 877 2318 in
897 2283 1009 2332 parti-

363 2337 458 2387 cipio
499 2333 694 2384 κελεύων,
732 2338 832 2386 quod
858 2342 1010 2389 propter

361 2394 582 2430 antecedens
600 2392 826 2444 κατέβαινε,
855 2407 1009 2443 quocum

363 2462 430 2499 per
456 2449 651 2499 particulas
679 2464 719 2488 τε
756 2448 824 2488 καὶ
858 2450 1007 2487 coniun-

363 2509 460 2542 ctum
498 2511 575 2553 est,
619 2510 794 2543 mutatum
821 2506 1010 2543 voluerunt

363 2561 399 2597 in
417 2557 567 2600 κελεύει
593 2575 622 2599 s.
644 2561 829 2602 ἐκέλευεν.
869 2563 1009 2605 Quibus

362 2617 439 2654 iure
455 2630 529 2654 non
548 2619 740 2656 obsecutus
760 2622 816 2656 est
825 2618 1011 2667 Schweig-

363 2672 559 2710 haeuserus
571 2705 581 2723 ,
614 2676 831 2712 locutionem
870 2675 935 2712 ita‘
949 2687 1010 2712 ex-

365 2728 526 2778 plicans,
556 2735 595 2767 ut
622 2732 671 2768 ad
694 2727 882 2778 κελεύων,
911 2730 1010 2780 quod

364 2784 401 2821 in
414 2785 579 2823 omnibns
590 2786 688 2823 libris
704 2791 899 2838 comparet,
911 2799 1011 2825 men-

363 2844 401 2878 te
420 2842 534 2892 repeti
554 2843 638 2879 velit
656 2841 884 2894 κατέβαινε,
913 2843 1011 2893 quod

1085 1606 1204 1656 ipsum
1242 1605 1390 1642 verbum
1431 1609 1640 1644 constanter
1669 1606 1738 1643 ista

1085 1663 1233 1699 notione
1266 1674 1346 1698 cum
1368 1663 1558 1712 participio
1573 1666 1738 1699 constru-

1086 1722 1184 1764 atur,
1214 1722 1253 1754 ut
1284 1718 1321 1765 I,
1353 1720 1417 1759 90.
1443 1721 1533 1760 118·
1567 1719 1641 1766 IX,
1669 1718 1735 1759 94.

1085 1773 1234 1811 Rectius
1259 1778 1380 1810 tamon
1400 1773 1578 1812 Matthiae
1605 1776 1642 1811 in
1669 1775 1735 1812 Gr.

1087 1831 1218 1867 Graec.
1256 1828 1291 1880 ἓ
1317 1833 1424 1876 631,
1456 1832 1483 1871 4
1519 1843 1605 1881 pag.
1629 1833 1738 1872 1300

1085 1886 1120 1925 h.
1151 1886 1173 1922 l.
1211 1887 1257 1923 ad
1288 1899 1351 1924 eos
1378 1886 1543 1924 retulisse
1582 1888 1736 1936 videtur,

1086 1943 1261 1992 inquibus
1280 1943 1435 1979 subitum
1455 1944 1626 1980 orationis
1636 1948 1734 1981 tran·

1085 1999 1194 2035 situm
1223 2011 1243 2035 e
1270 2000 1378 2036 verbo
1408 1998 1508 2035 finito
1530 2001 1566 2036 in
1588 2001 1736 2050 partici-

1084 2056 1183 2106 pium
1224 2058 1261 2092 et
1296 2056 1370 2092 vice
1410 2067 1515 2091 versa
1552 2061 1734 2104 notamus,

1082 2111 1296 2162 praesertim
1321 2123 1400 2147 cum
1436 2111 1504 2147 hoc
1533 2116 1733 2149 structurae

1081 2181 1198 2217 genus
1237 2166 1376 2205 Nostro
1417 2166 1514 2203 haud
1543 2169 1589 2205 sit
1622 2168 1734 2206 infre-

1079 2236 1206 2273 quens.

1257 2336 1548 2388 Cap.cxvn.

1131 2445 1248 2500 λόγον
1267 2447 1347 2500 ἤδη
1367 2448 1433 2488 καὶ
1453 2444 1604 2488 ἐλάσσω
1624 2447 1731 2489 ἐποι-

1077 2501 1183 2555 έετο]
1215 2505 1290 2543 scil.
1310 2509 1382 2544 τοῦ
1399 2500 1612 2557 βουκόλους
1636 2507 1730 2553 „mi-

1077 2574 1191 2598 uorem
1208 2563 1281 2600 cius
1300 2565 1468 2600 rationem
1490 2562 1634 2610 habuit,
1663 2564 1729 2599 mi-

1077 2630 1190 2655 norem
1210 2621 1242 2655 ei
1269 2619 1407 2670 culpam
1434 2619 1594 2656 tribuitf‘
1614 2640 1670 2647 —
1685 2618 1728 2655 In

1077 2687 1181 2723 seqq.
1201 2675 1249 2711 ad
1269 2689 1394 2713 vocem
1417 2669 1660 2727 κατεχρήσαο
1681 2675 1727 2712 cf.

1077 2743 1171 2779 quae
1191 2731 1239 2768 ad
1257 2732 1296 2780 Ι,
1317 2732 1443 2774 82s1n.
1463 2732 1510 2769 de
1529 2731 1633 2768 huius
1648 2742 1728 2768 ver-

1078 2785 1114 2822 bi
1135 2787 1398 2835 significatione
1413 2788 1549 2825 monita
1566 2791 1726 2824 sunt.—

1077 2837 1149 2879 Pro
1169 2839 1276 2898 μόρῳ
1297 2843 1427 2882 Aldina
1445 2843 1539 2881 male
1556 2838 1696 2895 τρόπῳ.
