1909 3228
438 204 523 245 598
832 197 1306 238 HERODOT1

114 319 386 382 ἱὶιὲιέώείιιῑέὸὸἅιιιῃιὲ
442 311 599 366 θυσίης
634 307 792 364 ταύτης
840 304 922 350 οὐκ
971 304 1084 350 εἶναι
1123 304 1286 360 ἀδαὴς,
1343 303 1437 349 ἀλλ’
1483 305 1691 361 ἔμπειρος.

115 394 238 428 accepta
257 387 389 415 Graecos

115 420 261 449 docuisse.

419 388 614 444 2⁴¹'E'Mn6t
655 386 738 440 γὰρ
778 383 830 440 δή
877 383 1148 439 Μελάμπους
1186 383 1273 426 ἐστὶ
1311 382 1334 426 ὁ
1383 383 1690 439 ἐξηγησάμενος
1705 389 1749 424 55

442 471 523 511 τοῦ
551 461 777 509 Διονύσου
806 461 855 506 τό
885 479 929 505 τε
959 461 1157 517 οὔνομα,
1193 462 1266 504 καὶ
1293 460 1372 517 τὴν
1401 463 1583 518 θυσίην,
1621 462 1694 506 καὶ

417 545 525 600 3τήν
552 540 728 598 πομπὴν
756 545 839 585 τοῦ
866 545 1049 598 φαλλοῦ.

388 760 492 811 gypti
521 758 625 797 terris
660 758 734 796 sole
763 758 956 795 combustis
990 758 1036 795 ab

389 829 513 855 earum
536 815 659 852 incolis
684 819 721 852 et
750 815 838 865 ipsis
866 814 978 863 nigris
1001 814 1039 850 in

391 871 582 910 Graeciam
598 872 779 908 advectas.
828 870 910 908 Nec
928 871 1040 908 inter-

391 929 540 975 cedam,
577 927 606 964 si
644 928 724 976 quis
767 926 1039 977 Melampodem

388 984 602 1023 intellexerit
628 983 804 1020 coloniam
833 997 860 1020 s.
881 982 1040 1033 discipli-

389 1054 474 1080 nam
503 1040 765 1078 sacerdotalem
789 1039 845 1077 vel
879 1040 1041 1077 Graeco-

391 1110 493 1145 rum,
530 1096 592 1146 qui
634 1097 680 1134 ab
705 1096 896 1146 Aegyptiis
937 1107 1041 1132 sacra

390 1154 523 1192 suerint
540 1153 681 1200 edocti,
709 1153 765 1190 vel
793 1153 953 1202 ipsorum
967 1151 1042 1189 Ae·-

391 1209 598 1260 gyptiorum
611 1237 621 1255 ,
652 1209 712 1258 qui
728 1209 860 1246 Bacchi
878 1220 980 1245 sacra
998 1220 1042 1244 ac

391 1267 583 1315 religiones
603 1265 641 1301 in
670 1265 862 1302 Graeciam
890 1265 1042 1301 induxe-

393 1323 466 1360 rint
516 1321 838 1372 propagarintque.
908 1319 1042 1370 Neque

393 1379 489 1417 enim
508 1378 577 1414 hoc
597 1377 803 1414 abhorrebit
819 1378 864 1414 ab
885 1376 1044 1425 antiqui-

391 1436 478 1472 tatis
503 1432 646 1480 indole,
677 1446 772 1482 quae
801 1433 906 1469 simili
932 1433 1043 1469 modo

394 1490 583 1540 Orpheum
598 1489 698 1536 dixit,
711 1488 928 1535 Daedalum,
941 1487 1042 1524 alios.

394 1546 519 1584 Potuit
535 1544 642 1582 etiam
663 1557 754 1581 unus
769 1558 852 1582 esse
873 1544 1042 1581 sacerdos

396 1602 435 1639 in
454 1601 581 1638 horum
610 1613 778 1646 numero,
808 1613 896 1650 prae
917 1599 1044 1637 ceteris

397 1657 546 1706 insignis
565 1660 601 1694 et
619 1657 656 1692 in
674 1656 806 1693 Bacchi
827 1656 934 1692 sacris
961 1668 1048 1705 pro-

399 1712 579 1764 pagandis
612 1711 801 1749 excellens.
859 1712 951 1748 Utut
979 1715 1047 1758 est,

398 1769 578 1806 Herodoti
590 1768 746 1804 narratio
758 1769 804 1805 de
815 1767 1048 1817 Melampode

399 1823 661 1873 Aegyptiacam
690 1823 866 1871 originem
899 1822 1050 1859 Bacchi-

398 1893 522 1918 corum
543 1891 724 1916 sacrorum
749 1879 786 1916 in
806 1879 962 1915 Graecia
986 1891 1047 1914 sa-

398 1936 443 1973 tis
464 1936 620 1986 prodere
640 1935 792 1972 videtur.
846 1933 905 1971 Ad
925 1933 1049 1983 Aegy-

398 1997 500 2044 ptum
536 1991 809 2040 Aegyptiosque
840 1991 1049 2028 sacerdotes

401 2051 570 2099 spectant
608 2048 714 2084 etiam
731 2076 742 2095 ,
781 2059 875 2096 quae
912 2045 1051 2095 reliqua

402 2105 449 2142 de
480 2102 713 2153 Melampode
740 2107 851 2152 atque
875 2102 1051 2152 Amytha-

404 2160 521 2197 onidis
549 2160 764 2207 traduntur,
794 2159 856 2208 qui
882 2172 955 2196 non
983 2158 1051 2195 mi-

405 2229 472 2254 nus
505 2216 703 2266 sapientia,
743 2228 853 2265 quam
881 2214 1051 2252 medendi

404 2276 441 2310 et
453 2272 668 2309 vaticinandi
684 2275 761 2309 arte
771 2272 931 2320 insignes
942 2271 1052 2308 fuisse

406 2330 588 2376 seruntur,
617 2332 655 2365 ut
672 2327 727 2365 vel
743 2328 856 2365 multo
874 2332 959 2378 post
973 2325 1053 2363 libri

406 2385 590 2422 cuiusdam
608 2388 733 2421 auctor
762 2383 985 2431 (inscribitur
1012 2382 1055 2418 li-

408 2440 520 2478 bellus
548 2438 638 2489 περὶ
665 2442 834 2489 παλμῶν
863 2434 1053 2489 μαντική)

409 2496 647 2546 Melampodis
660 2525 671 2544 ,
700 2501 740 2533 ut
756 2495 976 2544 inclytissimi
992 2507 1055 2531 va-

410 2553 478 2599 tis,
507 2565 638 2590 nomen
666 2551 838 2602 opusculo
865 2565 928 2590 suo
950 2564 1056 2602 prae-

409 2608 581 2658 posuerit.
638 2608 696 2646 De
715 2621 788 2658 quo
810 2607 875 2646 Cr.
903 2607 1057 2645 conferri

411 2663 485 2700 vult
503 2664 645 2701 Fabric.
666 2664 709 2700 B.
732 2664 798 2701 Gr.
817 2664 832 2701 Ι
857 2677 942 2715 pag.
964 2666 1058 2711 116,

412 2719 474 2767 qui
491 2720 586 2756 idem
606 2720 642 2756 in
664 2720 822 2768 Symbol.
842 2720 892 2757 III
913 2735 949 2771 p.
966 2722 1056 2760 141.

419 2777 499 2814 162
520 2788 620 2823 seqq.
643 2775 720 2812 coll.
739 2776 820 2818 508
834 2777 994 2827 pluribus
1012 2776 1060 2813 de

417 2829 648 2880 Melampode
669 2831 846 2869 disseruit.
903 2832 935 2870 E
961 2836 1059 2870 vete-

1100 539 1307 596 ἆτρεκέως
1345 541 1424 596 μὲν
1467 539 1521 584 οὐ
1555 540 1696 585 πάντα

1104 758 1201 795 ribus
1229 771 1308 794 cum
1337 757 1527 795 Herodoto
1556 758 1755 807 comparari

1104 819 1227 865 potest
1252 814 1403 851 Diodor.
1432 814 1469 862 Ι,
1496 816 1549 855 97
1576 818 1613 851 et
1640 813 1756 852 Clem.

1104 870 1299 908 Alexandr.
1321 870 1503 920 Protrept.
1523 882 1608 920 pag.
1626 873 1687 911 12.

1151 923 1315 976 ’Έλλησι
1335 924 1407 979 γοῖρ
1438 923 1488 975 ὁή
1510 922 1758 977 Μελάμπους

1106 1004 1162 1012 --
1193 985 1264 1022 τοῦ
1297 981 1476 1032 φαλλοῦ]
1527 981 1757 1033 ἐξηγεῖσθαι

1107 1038 1164 1077 hic
1183 1039 1277 1076 valet
1298 1039 1438 1085 docere,
1467 1042 1669 1085 monstrare,
1702 1039 1758 1076 elie

1107 1095 1297 1143 Anlez'tung
1323 1096 1429 1143 geben
1461 1108 1507 1131 zu.
1536 1095 1595 1131 cler
1620 1094 1758 1132 Benen-

1107 1165 1205 1201 nung
1230 1151 1303 1188 und
1341 1164 1386 1187 zu
1417 1150 1493 1188 dem
1532 1151 1674 1188 De’enste
1703 1151 1760 1188 (les

1110 1208 1304 1258 Dionysus,
1319 1211 1359 1244 ut
1380 1207 1637 1257 interpretatur
1645 1207 1762 1246 Creu-

1110 1278 1183 1303 zer.
1212 1266 1248 1300 in
1269 1263 1429 1313 Symbol.
1452 1263 1467 1300 I
1496 1276 1579 1314 pag.
1600 1264 1671 1311 13,
1701 1264 1761 1300 ubi

1109 1322 1233 1359 laudat
1268 1321 1406 1358 Herod.
1443 1319 1508 1367 Vl,
1547 1320 1637 1361 135.
1680 1319 1762 1367 Vll,

1113 1379 1193 1418 183
1226 1376 1368 1425 aliaque
1406 1376 1552 1424 attingit
1589 1375 1763 1413 vocabula

1111 1434 1178 1470 hac
1195 1433 1230 1469 in
1252 1446 1291 1469 re
1310 1433 1450 1468 usitata.
1508 1430 1652 1468 Nomen
1672 1432 1762 1468 Dio-

1111 1491 1212 1538 nysi,
1251 1489 1351 1536 quod
1388 1488 1549 1525 Graecos
1577 1488 1763 1525 edocuisse

1111 1546 1226 1582 fertur
1247 1543 1476 1594 Melampus,
1517 1556 1595 1580 cum
1628 1557 1671 1582 eo
1709 1548 1765 1581 est

1113 1601 1358 1646 coniunctum,
1390 1600 1488 1648 quod
1509 1600 1609 1636 initio
1635 1600 1763 1650 capitis

1114 1656 1296 1705 sequentis
1328 1655 1498 1703 legimus:
1536 1657 1656 1692 omnia
1677 1668 1764 1706 pro-

1113 1712 1308 1763 pemodum
1345 1712 1495 1748 deorum
1538 1713 1684 1748 nomina
1723 1724 1766 1749 ex

1114 1768 1284 1817 Aegypto
1313 1768 1350 1803 in
1372 1766 1562 1803 Graeciam
1581 1767 1769 1817 pervenis-

1117 1837 1167 1860 se.
1226 1824 1331 1866 Quae
1349 1835 1435 1859 vero
1464 1822 1595 1860 Graeci
1617 1824 1663 1861 de
1686 1824 1766 1874 ipso

1115 1879 1267 1926 Dionysi
1287 1879 1432 1915 nomine
1453 1879 1572 1928 deque
1585 1878 1688 1928 Nysa
1709 1893 1769 1916 ur·-

1115 1936 1163 1973 be
1184 1935 1247 1982 (cf.
1271 1934 1317 1981 II,
1341 1935 1452 1979 146),
1488 1936 1585 1973 unde
1603 1936 1688 1973 illud
1709 1949 1769 1974 re-

1116 1995 1266 2042 petunt,
1298 1990 1446 2027 fabulati
1476 1992 1564 2039 sint,
1603 1997 1768 2042 repetere

1118 2047 1240 2084 nolim.
1298 2046 1382 2083 Vid.
1407 2046 1541 2085 Moser.
1573 2049 1622 2085 ad
1643 2048 1768 2086 Nonni

1117 2103 1269 2152 Dionys.
1312 2115 1397 2152 pag.
1427 2106 1506 2144 201
1546 2117 1648 2153 seqq.
1688 2103 1766 2140 coll.

1118 2160 1289 2197 Creuzer.
1311 2158 1473 2207 Symbol.
1501 2159 1551 2196 111
1575 2172 1662 2210 pag.
1687 2163 1768 2201 122

1118 2228 1220 2264 seqq.
1254 2215 1344 2255 136.

1175 2267 1364 2321 ἀτρεκέως
1381 2266 1452 2320 μὲν
1474 2264 1523 2308 ου’
1540 2291 1596 2297 -
1620 2268 1766 2321 ἔφηνε]

1120 2328 1144 2364 ἰ.
1157 2341 1188 2365 e.
1200 2330 1363 2364 accurate
1377 2327 1520 2375 quidem
1541 2327 1636 2363 haud
1649 2327 1768 2363 omnia

1120 2383 1430 2433 comprehendens
1441 2383 1637 2419 doctrinam
1651 2383 1770 2420 Grae-

1121 2440 1170 2477 cis
1200 2439 1361 2489 aperuit,
1391 2439 1485 2486 sive,
1526 2444 1564 2475 ut
1598 2439 1770 2485 Creuzeri

1120 2501 1201 2532 utar
1223 2495 1340 2532 verbis
1361 2494 1542 2544 (Symbol.
1561 2494 1576 2531 I
1598 2507 1682 2545 pag.
1707 2496 1770 2536 13.

1122 2552 1172 2589 Ill
1195 2566 1230 2602 p.
1261 2552 1377 2597 163):
1409 2550 1645 2600 „Melampus
1671 2551 1771 2588 hatte

1119 2607 1250 2657 jedoch
1278 2608 1376 2644 nicht
1412 2608 1472 2645 die
1503 2620 1621 2657 ganze
1652 2606 1773 2644 Lehre

1123 2665 1170 2700 im
1195 2663 1512 2712 Zusammenhang
1528 2663 1721 2713 gewiesen,
1733 2675 1772 2700 er

1124 2721 1223 2757 hatte
1254 2721 1326 2757 den
1351 2720 1532 2767 Dionysus
1562 2719 1635 2756 und
1674 2719 1772 2756 seine

1126 2776 1339 2813 Gebriiuche
1359 2775 1456 2812 nicht
1471 2789 1535 2813 aus
1556 2776 1638 2812 dem
1652 2775 1772 2812 Grun-

1127 2833 1174 2870 de
1193 2832 1368 2880 erklart,“
1380 2836 1557 2882 quatenus
1568 2831 1770 2880 Melampus

1876 488 1909 796 l
