1909 3228
565 243 986 284 EUTERPE.
1043 245 1087 284 11.
1361 248 1445 289 629

179 351 232 396 w?
262 351 419 409 κτήνεα
446 352 622 397 ποιέειν.
683 348 805 397 οὗτοι
839 355 918 410 μέν
960 371 1044 404 νυν
1081 356 1262 398 τοιαῦτα
1300 355 1441 400 ἐπιλέ-

151 438 349 487 7γοντες,
379 436 550 475 ποιεῦσι
579 432 674 487 ἐμοί
705 449 751 488 γε
782 432 862 477 οὐκ
903 432 1072 488 ἀρεστά.
1133 433 1366 490 Αἰγύπτιοι
1396 435 1442 480 δὲ

177 511 474 567 θρησκεύουσι
503 516 717 566 περισσῶς
745 511 797 555 τά
825 529 869 556 τε
898 512 1007 557 ἄλλα
1036 514 1134 568 περὶ
1162 512 1215 557 τοὶ
1246 512 1332 570 ἱροὶ,
1365 514 1438 558 καὶ
1451 520 1495 555 75

178 589 232 646 δή
263 591 337 634 καὶ
367 591 481 633 τάδε.

1491 677 1662 705 Bestiarum
1672 679 1769 706 cultus

1489 711 1567 750 apujl
1589 713 1767 747 Aegyptios:

1489 753 1570 771 neclfi
1582 753 1684 773 earum
1697 755 1767 782 poe·

1488 787 1525 806 ua
1545 787 1632 807 mors-

53 667 120 713 65
285 667 444 713 Ἐοῠσα
484 670 529 713 δὲ
567 672 787 726 Αἴγυπτος
824 672 1018 728 ὅμουρος
1063 675 1117 728 τῇ
1156 670 1325 728 Λιβύῃ,
1378 670 1433 716 ού

147 747 295 804 Ξμάλα
323 748 542 805 θηριώδης
567 750 666 792 ἐστί.
724 749 777 792 τὰ
810 751 854 794 δὲ
892 750 1019 794 ἐόντα
1049 763 1126 806 σφι
1157 750 1328 794 ἅπαντα
1358 751 1430 806 ῖρεὶ

177 827 453 884 νενόμισται·
509 829 581 872 καὶ
619 828 672 871 τοὶ
710 829 808 884 μὲν,
867 830 1095 885 σύντροφα
1126 828 1296 872 αὐτοῖσι
1326 836 1438 873 τοῖσι

145 905 475 964 3ἆνθρώποισι·
506 908 558 952 τοὶ
589 908 656 961 δὲ,
687 907 753 952 οὕ.
803 913 890 953 τῶν
921 910 966 954 δὲ
997 911 1159 953 εἵνεκεν
1190 908 1355 952 ἀνεῖται
1384 909 1436 953 τοὶ

174 1087 389 1145 Αἰγύπτιοι
419 1091 461 1133 δὲ
500 1088 773 1145 θρησκεύουσι

117 1151 314 1200 περισσοῖς
342 1165 376 1188 κ.
407 1166 438 1188 τ.
468 1153 515 1196 λ.]
552 1151 610 1188 De
640 1151 772 1189 bestia-

116 1220 194 1243 rum
214 1205 309 1242 cultu
331 1208 428 1255 apud
448 1206 651 1257 Aegyptios
685 1220 771 1244 con-

117 1262 254 1299 sulatur
276 1262 427 1300 Diodor.
446 1263 474 1309 Ι,
497 1266 570 1310 83,
590 1263 768 1300 Plutarch.

116 1320 163 1357 de
186 1319 231 1356 Is.
254 1324 289 1356 et
308 1319 404 1356 Osir.
427 1333 463 1369 p.
478 1322 559 1361 379
583 1334 674 1369 seq„
687 1320 767 1368 qui-

116 1376 184 1412 bus
204 1376 287 1411 add.
308 1375 442 1412 Rhoer.
465 1377 511 1412 ad
531 1376 706 1425 Porphyr.
721 1376 767 1412 de

114 1432 245 1468 abstin.
274 1431 346 1478 Ill,
378 1434 428 1471 16
465 1445 501 1481 p.
525 1434 618 1472 250.
660 1432 722 1478 lv,
741 1434 766 1472 9

112 1500 199 1538 pag.
229 1490 322 1528 322.
381 1486 461 1525 Nec
492 1488 684 1525 defuerunt
710 1500 768 1524 re-

113 1544 263 1581 centiori
294 1546 434 1590 aetate,
467 1544 528 1592 qui
557 1544 624 1580 hac
652 1544 697 1580 de
728 1556 767 1581 re

112 1599 277 1651 pluribus
307 1604 531 1648 quaererent.
598 1600 767 1648 Namque

113 1656 191 1693 sola
214 1656 365 1693 utilitate
384 1670 404 1693 e
427 1657 550 1693 bestiis
575 1657 765 1707 capienda,

113 1717 176 1750 aut
197 1713 343 1757 timore,
373 1726 445 1761 quo
475 1713 659 1750 hominum
688 1714 765 1750 ani-

112 1782 193 1806 mos
216 1769 395 1816 afficiunt,
416 1769 618 1819 Aegyptios
634 1770 680 1805 ad
701 1770 764 1806 be-

115 1826 265 1861 stiarum
284 1825 414 1860 cultum
434 1838 513 1862 esse
536 1826 662 1862 ductos
680 1838 761 1862 cum

114 1881 263 1917 minime
300 1881 344 1917 sit
372 1881 563 1928 credibile,
604 1880 672 1917 alia
704 1894 762 1918 se-

114 1937 247 1974 ctanda
274 1941 356 1973 sunt
382 1937 496 1985 magis
525 1938 711 1973 recondita
742 1949 763 1974 e

114 1993 288 2030 subtiliori
325 1994 550 2030 sacerdotum
600 1992 764 2029 doctrina

114 2062 231 2098 eaque
256 2062 417 2097 congrua
448 2049 552 2085 simul
582 2063 662 2086 cum
703 2062 763 2084 ru-

113 2107 212 2143 dium
258 2106 440 2141 homiuum
478 2104 619 2152 indole,
671 2118 762 2154 quos

114 2163 309 2199 etiamnum
337 2175 403 2211 per
431 2161 571 2198 Africae
592 2162 760 2210 regiones

113 2219 234 2256 bestiis
248 2219 386 2255 divinos
402 2217 557 2254 honores
578 2218 762 2268 impertire

113 2275 290 2311 novimus.
348 2274 428 2311 Nec
455 2275 581 2310 mirum
609 2274 677 2310 hoc
707 2274 761 2310 vi-

114 2331 191 2368 deri
211 2332 319 2368 debet
337 2332 392 2376 ei,
411 2331 473 2379 qui
496 2331 610 2380 ipsam
636 2331 761 2367 huma-

114 2399 197 2423 nam
230 2391 393 2423 naturam
426 2387 656 2435 omniumque
684 2387 762 2423 ani-

114 2442 257 2479 malium
281 2443 389 2478 vitam
420 2443 615 2479 accuratius
644 2444 763 2480 consi-

117 2499 295 2535 deraverit
327 2499 436 2547 inque
477 2499 604 2535 bestiis
645 2500 761 2547 magis

116 2555 209 2590 adeo
240 2567 347 2602 quam
376 2555 412 2590 in
441 2555 644 2591 hominibus
666 2569 763 2591 com-

114 2623 259 2647 munem
280 2616 429 2647 naturae
455 2611 525 2646 vim
555 2623 597 2647 ac
620 2611 762 2648 vitalem

115 2667 219 2715 quasi
245 2666 420 2702 rationem
446 2668 614 2714 cognosci
653 2681 764 2717 posse

114 2735 328 2773 persuasum
350 2722 528 2759 habuerit.
586 2723 764 2760 Conferas

114 2779 246 2816 Bauer.
276 2778 424 2827 symbol.
459 2783 495 2815 et
524 2779 720 2828 mytholog.
749 2779 765 2816 I

114 2848 153 2885 p.
176 2837 256 2875 174
273 2848 349 2883 seq.
377 2835 535 2872 Heeren.
568 2834 677 2873 ldeen
696 2840 764 2873 etc.

115 2890 169 2940 ΙΙ,
189 2894 216 2932 2
243 2904 281 2942 p.
298 2889 378 2933 184
397 2904 501 2941 seqq.
531 2891 653 2935 Quare
668 2891 766 2929 haud

840 1093 933 1131 male
960 1094 1126 1144 posuisse
1162 1092 1306 1130 videtur
1336 1091 1491 1130 Iomard.

843 1150 908 1195 sul}
929 1150 1024 1187 cultu
1042 1149 1237 1186 bestiarum
1250 1148 1396 1186 latuisse
1408 1162 1491 1187 cau-

839 1220 896 1243 sas
926 1205 1108 1243 naturales
1130 1234 1140 1251 ,
1179 1206 1310 1254 quibus
1342 1207 1491 1243 investi-

837 1264 968 1311 gandis
988 1263 1097 1312 prisci
1117 1261 1287 1312 Aegyptii
1307 1261 1412 1300 valde
1434 1263 1488 1299 in-

835 1320 926 1356 tenti
957 1319 1089 1355 fuerint
1118 1318 1304 1367 multaque
1334 1331 1395 1355 eos
1422 1318 1490 1355 hac

835 1376 870 1410 in
893 1388 930 1412 re
951 1375 1106 1420 vidisse,
1139 1386 1234 1422 quae
1256 1387 1322 1409 nos
1342 1373 1490 1412 lateant.

836 1430 915 1468 Nec
949 1430 1216 1479 praetereunda
1246 1431 1489 1468 astronomica

834 1487 1030 1524 bestiarum
1052 1487 1143 1522 ratio
1163 1485 1198 1520 in
1223 1485 1408 1533 zodiaco,
1440 1487 1489 1523 de

835 1556 907 1591 qua
926 1542 1078 1578 diximus
1101 1543 1148 1578 ad
1168 1540 1221 1588 H,
1243 1544 1309 1589 67,
1339 1543 1489 1579 coniun-

835 1604 891 1636 cta
913 1598 972 1635 illa
1003 1599 1148 1646 quidem
1175 1611 1255 1634 cum
1285 1598 1486 1648 Aegyptio-

832 1669 909 1692 rum
932 1655 1177 1704 religionibus.
1236 1654 1344 1691 Plura
1367 1656 1485 1693 Creu-

833 1725 906 1749 zer.
937 1712 973 1748 in
1001 1710 1151 1760 symbol.
1175 1710 1191 1747 I
1220 1724 1256 1761 p.
1279 1713 1361 1752 475
1381 1725 1483 1761 seqq.

832 1769 912 1809 483
946 1781 1048 1816 seqq.
1087 1767 1166 1804 coll.
1197 1767 1409 1805 Reinhardt.
1446 1769 1484 1804 in

831 1825 917 1862 diss.
938 1837 1021 1860 mox
1036 1823 1219 1860 laudanda
1247 1836 1332 1874 pag.
1353 1827 1378 1866 6
1402 1837 1484 1873 sqq.

1026 1963 1089 2000 Ca
1105 1977 1141 2013 p.
1171 1961 1284 1999 LXV.

886 2045 953 2085 καὶ
974 2043 1020 2085 ‘ra'
1055 2043 1147 2097 μὲν,
1179 2042 1383 2098 σύντροφα
1412 2041 1484 2086 αὖ·

830 2107 932 2142 τοῖσι
963 2107 1063 2141 τοῖσι
1094 2098 1377 2154 α’νθροᾶποισι]
1409 2105 1430 2140 i.
1451 2117 1482 2141 e.

830 2160 923 2197 aliae
944 2160 1119 2207 (bestiae)
1132 2172 1207 2196 cum
1229 2161 1314 2208 ipsis
1334 2160 1483 2196 loomim·-

830 2217 893 2253 Ims
913 2230 982 2253 una
1005 2215 1110 2252 sz'nml
1128 2218 1265 2252 vivunt.
1324 2216 1406 2252 Vid.
1434 2216 1481 2264 II,

828 2275 901 2314 36:
931 2272 1186 2322 Αἰγυπτίοισι
1212 2269 1254 2310 δὲ
1281 2269 1386 2324 ὁμοῦ
1405 2276 1481 2324 θη-

829 2331 949 2383 ρίοισι
968 2327 996 2379 ἦ
1019 2324 1149 2367 diano}
1171 2327 1263 2367 ἐστι.

884 2442 964 2479 τῶν
991 2437 1033 2478 δὲ
1074 2440 1222 2479 εἵνεκεν
1249 2435 1400 2479 α’νεῖται
1429 2437 1478 2478 ro?

832 2495 923 2549 59⁶2]
959 2497 1137 2533 Articulus
1177 2494 1223 2535 τςὶ
1266 2497 1342 2534 sine
1373 2509 1480 2534 causa

830 2554 1014 2602 negotium
1036 2554 1217 2591 facessivit
1244 2554 1327 2589 viris
1352 2553 1481 2590 doctis.

830 2610 899 2647 Est
927 2611 1021 2646 enim
1049 2609 1116 2646 loci
1144 2623 1288 2647 sensus:
1330 2622 1392 2645 cur
1421 2622 1480 2646 eae

831 2667 960 2703 bestiae
992 2667 1112 2714 (quae
1131 2680 1178 2702 sc.
1200 2678 1323 2703 sacrae
1342 2665 1478 2703 hahen-

833 2728 913 2768 tur,
942 2727 981 2758 ut
1001 2723 1091 2770 dixi)
1114 2722 1183 2758 (liis
1201 2725 1397 2758 consecrata
1414 2722 1479 2759 Ιια-

833 2780 977 2816 beantur
989 2778 1147 2826 indeque
1165 2778 1336 2816 colantur.
1355 2773 1478 2816 Ἀνεῖ-

835 2839 932 2873 σθαι
953 2834 1010 2871 hic
1029 2839 1106 2872 est:
1135 2838 1389 2882 consecratum,
1418 2834 1479 2871 cle-

832 2891 987 2929 dicatum
1005 2903 1083 2928 esse.
1115 2891 1225 2929 Conf.
1241 2891 1298 2940 ΙΙ,
1319 2890 1398 2933 165
1418 2891 1481 2928 fin.
