1909 3228
657 233 866 271 CLlO.
927 234 952 271 1.
1348 238 1430 276 4159

150 340 488 395 4,,κατυβρίσας.
547 341 655 383 εἰδὲ
685 341 742 397 μὴ
783 344 918 385 ταῦτα
957 342 1012 385 σὺ
1040 343 1256 398 ποιήσεις,
1301 342 1429 399 ἥλιον

177 418 425 474 »ἐπόμνυμί
453 435 520 461 τοι
549 418 627 462 τόν
658 420 978 475 Μασσαγετέων
1009 421 1243 477 δεσπότην,
1283 416 1312 478 ἦ
1341 422 1484 478 μὴνὸο

175 497 261 550 ,,σὲ
290 498 392 554 ἐγώ,
443 498 516 541 καὶ
555 496 772 553 ἄπληστον
811 497 957 550 ἐόντα,
1003 501 1186 555 αἵματος
1221 501 1429 555 κορέσω.“

54 580 150 624 213
177 579 325 631 Κῦρος
355 578 434 633 μέν
461 595 546 621 νυν
581 581 669 620 τῶν
707 577 842 620 ἐπέων
882 575 1040 621 οὐδένα
1068 577 1236 622 τούτων
1264 577 1422 623 ἀνενει-
1478 579 1677 616 5ΡΉΕ3ΡῙΜ
1711 582 1754 608 vi-

1479 619 1540 643 tain
1557 615 1614 643 sibi
1639 615 1753 644 adimit.

143 655 372 712 Ξχθέντων
406 656 593 700 ἐποιέετο
640 657 785 712 λόγον.
844 655 868 699 ὁ
897 656 941 700 δὲ
978 660 1051 712 τῆς
1089 659 1305 713 βασιλείης
1349 662 1426 701 Το-

171 734 331 791 μύριος
358 740 460 786 παῖς
487 737 822 791 Σπαργαπίσης,
859 733 917 786 ὥς
946 752 1019 791 μιν
1048 735 1073 779 ὅ
1101 752 1145 779 τε
1174 734 1295 787 οἶνος
1325 734 1424 792 ἀνῆ-

170 829 240 865 κε,
283 814 357 858 καὶ
386 814 519 869 ἔμαθε
548 815 622 857 ἴνα
662 808 717 869 ἦν
757 818 922 867 κακοῦ,
981 815 1149 870 δεηθεὶς
1186 814 1341 871 Κύρου
1379 815 1426 860 ἐκ

169 896 258 935 τῶν
284 894 456 948 δεσμῶν
483 895 697 949 λυθῆναι,
724 892 862 949 ἔτυχε·
895 891 953 944 ὥς
983 893 1028 936 δὲ
1064 891 1199 950 ἐλύθη
1234 910 1279 937 τε
1308 892 1420 950 τάχι-
1435 901 1480 936 55

168 981 249 1014 στα
277 972 351 1015 καὶ
379 974 468 1014 τῶν
496 975 654 1028 χειρῶν
684 971 912 1028 ἐκράτησε,
954 971 1218 1028 διεργάζεται
1247 972 1422 1016 ἑωυτόν.

46 1052 144 1096 214
167 1050 240 1093 καὶ
270 1049 324 1106 δὴ
359 1045 488 1102 οὗτος
524 1050 603 1106 μὲν
630 1049 777 1108 τρόπῳ
807 1050 993 1108 τοιούτῳ
1023 1054 1208 1109 τελευτᾷ.
1273 1050 1418 1107 Τόμυ-
1474 1052 1623 1081 Pfflestum
1642 1055 1751 1082 ³⁰⁰⁸?-

1474 1095 1563 1121 mum,
1578 1096 1604 1114 a.
1617 1088 1668 1115 530
1676 1097 1753 1115 emu-

1477 1121 1615 1148 missum:
1642 1121 1751 1155 Tomy-

167 1145 234 1183 ρις
257 1129 325 1183 δὲ,
374 1129 430 1180 ὥς
459 1131 503 1172 οἱ
541 1127 564 1172 ὁ
596 1132 745 1183 Κῦρος
781 1127 864 1174 οὐκ
903 1128 1132 1186 ἐσήκουσε,
1186 1129 1421 1182 συλλέξασα
1478 1154 1520 1180 ἡ,
1547 1155 1650 1181 „mm
1686 1163 1752 1181 m„

1476 1187 1560 1213 viens
1596 1188 1627 1215 iu
1680 1188 1752 1223 Cyri

137 1209 313 1250 Ξπᾱσαν
340 1207 419 1263 τήν
449 1208 609 1264 ἑωυτῆς
640 1207 847 1263 δύναμιν,
887 1209 1093 1264 συνέβαλε
1121 1208 1270 1268 Κύρῳ.
1314 1208 1419 1252 ταύ-
1476 1220 1616 1249 cadaver.

163 1302 243 1343 την
270 1286 349 1342 τήν
378 1286 544 1344 μάχην,
588 1287 687 1331 ὅσαι
717 1286 769 1344 δὴ
811 1287 1047 1344 βαρβάρων
1085 1285 1261 1344 ἀνδρῶν
1291 1287 1422 1344 μάχαι
1435 1295 1480 1329 60

161 1525 199 1568 εἶ
214 1523 258 1567 δὲ
275 1523 329 1579 μὴ
345 1528 469 1566 ταῦτα
488 1522 536 1566 σύ
558 1523 752 1578 ποιήσεις]

103 1583 158 1621 Ita
187 1597 267 1622 cum
295 1588 445 1622 reeentt.
474 1584 576 1622 editt.
605 1585 752 1635 scripsi-

102 1652 201 1688 mus,
226 1639 325 1678 libris
355 1640 571 1678 iubentibus.
629 1640 752 1689 Vulgo

103 1693 202 1735 εἰδὲ
228 1698 353 1735 ταῦτα
381 1691 429 1736 ου’
458 1692 661 1747 ποιήσειςς
690 1697 752 1734 ubi

104 1752 285 1789 soloecum
321 1748 369 1791 ου’
402 1752 500 1789 haud
528 1753 620 1790 tueri
646 1757 753 1803 pote-

101 1811 201 1854 runt,
250 1820 343 1857 quae
386 1807 471 1844 olim
512 1808 549 1844 in
580 1809 753 1846 Creuzeri

104 1862 240 1901 Melett.
261 1863 312 1899 ΙΙΙ
331 1865 481 1913 pag.21
504 1866 578 1899 not.
603 1863 655 1904 14
677 1863 751 1900 col-

105 1919 177 1968 legi
218 1919 383 1968 exempla
408 1919 510 1954 huius
539 1918 750 1968 particulae,

102 1975 343 2025 praecedente
365 1973 400 2012 εἰ
402 2003 409 2011 .
419 1994 475 2002 -—
483 1973 659 2011 Matthiae
668 1987 750 2011 ver-

103 2032 149 2068 ba
174 2032 299 2069 ταῦτα
334 2027 383 2069 ου’
411 2025 584 2080 ποιήσας
627 2030 751 2080 spuria

101 2087 231 2134 habet,
270 2091 346 2123 tum
374 2090 525 2137 propter
554 2086 750 2136 scripturae

100 2143 362 2190 diversitatem,
394 2146 471 2179 tum
490 2143 590 2192 quod
607 2138 656 2181 συ
670 2142 749 2180 ine-

99 2203 162 2249 pte
180 2199 344 2237 additum
363 2198 420 2236 sit.

155 2305 270 2361 ἥλιον
318 2306 512 2362 ἐπόμνυμί
566 2324 626 2349 τοι
682 2304 751 2349 miv

103 2366 396 2418 Μασσαγετέων
428 2361 646 2417 δεσπότην]
693 2366 752 2404 δε-

103 2418 253 2472 σπότην
285 2427 325 2459 ut
359 2423 498 2460 titulum
533 2436 608 2459 non
634 2422 751 2459 solum

103 2476 250 2525 reliquis
270 2479 355 2515 addi
380 2479 470 2527 diis,
499 2492 624 2516 verum
655 2478 753 2515 Solis

103 2533 326 2581 frequentem
354 2548 434 2572 esse
461 2535 603 2572 titulum
632 2534 692 2580 (v.
721 2547 752 2571 c.

103 2589 201 2638 apud
228 2588 407 2639 Porphyr.
438 2591 485 2627 de
513 2591 642 2627 abstin.
673 2590 752 2626 ani-

102 2643 184 2680 mal.
203 2643 268 2690 IV,
298 2646 367 2692 10)
395 2645 746 2694 notatJVesseling.

101 2700 188 2737 locis
209 2704 369 2737 veterum
401 2701 616 2750 quibusdam
644 2702 747 2738 adie-

102 2756 178 2793 ctis.
196 2776 252 2783 -—-
280 2755 323 2792 In
341 2769 441 2805 seqq.
471 2749 499 2806 ἦ
518 2753 598 2807 μήν
616 2757 746 2794 eodem

103 2816 232 2862 pacto,
263 2812 386 2860 quol,
407 2813 498 2854 196.
555 2812 653 2850 Alias
669 2812 747 2850 He-

104 2868 253 2906 rodotns
287 2869 443 2907 scribere
483 2867 577 2907 solet
601 2862 632 2920 ἧ
648 2866 748 2920 μέν.

821 1528 931 1566 Conf.
964 1528 1073 1566 etiam
1105 1525 1317 1577 Etymolog.
1348 1525 1477 1576 Magn.

819 1598 856 1636 p.
874 1584 978 1632 416,
1008 1584 1075 1626 48.

988 1694 1305 1748 eap.ccan

876 1777 900 1819 ὅ
923 1776 966 1819 δὲ
988 1782 1059 1830 τῆς
1078 1778 1319 1830 βασιλείης
1345 1774 1472 1829 Τομύ-

819 1849 904 1886 ριος
925 1835 1041 1885 παῖς]
1056 1836 1253 1885 Perperam
1273 1835 1382 1882 vulgo
1402 1836 1472 1885 βα-

819 1891 978 1941 σιληΐη
993 1906 1023 1937 ς.
1080 1891 1188 1928 conf.
1227 1890 1264 1937 I,
1297 1892 1376 1931 211
1409 1891 1470 1927 fin.

816 1967 873 1974 ·-—
889 1946 931 1983 In
953 1959 1075 1995 seqq.:
1103 1942 1157 1991 ὥς
1181 1960 1248 1996 μιν
1262 1941 1288 1984 ὅ
1304 1959 1344 1984 τε
1363 1942 1473 1991 οἶνος

819 1997 944 2052 οἷνῆκε
971 2006 1046 2039 est:
1086 2002 1149 2038 ubi
1181 2002 1302 2038 vinum
1338 2000 1472 2038 dimisit

816 2060 949 2107 ipsum,
980 2059 1003 2094 i.
1025 2070 1057 2095 e.
1086 2058 1150 2094 ubi
1178 2069 1221 2094 ex
1240 2058 1322 2093 vino
1339 2061 1371 2094 et
1392 2057 1470 2095 inde

819 2118 896 2151 orta
917 2114 1082 2152 ebrietate
1101 2113 1150 2151 ad
1171 2125 1206 2150 se
1227 2112 1347 2151 rediit.

986 2225 1018 2262 C
1029 2237 1050 2262 a
1059 2237 1096 2275 p.
1133 2222 1300 2262 CCXIV.

874 2304 932 2355 ὥς
966 2306 1017 2348 οἱ
1055 2305 1075 2348 ὁ
1103 2309 1239 2360 Κῦρος
1273 2302 1349 2346 ov’n
1380 2303 1468 2358 ἐσή-

819 2363 965 2415 κουσε]
1007 2363 1048 2403 οἵ
1070 2364 1169 2413 quod
1203 2363 1468 2411 W'esselingius

819 2422 952 2470 aliique
990 2424 1074 2471 post
1119 2432 1201 2458 eum
1251 2420 1469 2466 abiecerant,

819 2478 947 2515 merito
971 2477 1099 2514 elibris
1120 2475 1274 2513 restituit
1284 2475 1469 2524 Schweig-

818 2533 1036 2579 haeuserus3
1091 2531 1152 2581 qui
1185 2543 1271 2568 vero
1304 2532 1402 2580 quod
1428 2531 1470 2569 οἱ

820 2594 856 2626 et
881 2589 949 2626 hoc
970 2589 1049 2626 loco
1071 2592 1108 2624 et
1124 2587 1187 2635 Vl,
1202 2589 1256 2628 86
1281 2600 1359 2623 cum
1380 2583 1468 2636 ἐσή-

818 2656 938 2684 κουσε
969 2643 1176 2692 coniungit,
1215 2643 1332 2680 minus
1368 2647 1465 2680 recte

813 2701 923 2738 dativi
960 2699 1063 2735 huius
1103 2699 1279 2735 rationem
1314 2711 1465 2747 perspe-

814 2757 910 2793 xisse
927 2755 1079 2791 videtur.
1136 2752 1267 2790 Melius
1286 2752 1463 2791 Matthiae

816 2811 881 2848 Gr.
903 2811 969 2847 Gr.
990 2808 1027 2860 §.
1049 2810 1130 2850 389
1147 2822 1224 2859 seq.
1254 2813 1290 2848 et
1309 2811 1417 2858 362,
1436 2809 1462 2851 4

815 2873 891 2906 not.
914 2871 940 2908 2
960 2879 1045 2918 pag.
1064 2867 1157 2907 677.
