1877 3223
34 811 97 855 28

632 221 936 260 CL10.1.

1372 224 1429 262 69

150 346 256 382 „voc
278 329 453 380 Λυδοὺς
479 329 524 371 ἐν
545 327 760 385 θαλάσσῃ,
791 330 862 372 ἵνα
878 325 987 383 ὑπὲρ
1004 332 1091 381 τῶν
1118 328 1165 371 ἐν
1190 332 1242 384 τῇ
1265 328 1425 388 Ιἠπείρῳ

148 441 172 459 ,,
187 409 426 465 οἰκημένων
456 407 671 463 Ἑλλήνων
701 409 906 451 τίσωνταί
934 419 979 450 σε
990 440 1001 459 ,
1032 405 1134 456 τούς
1168 405 1222 449 σύ
1265 408 1425 450 δουλώ-

125 495 264 539 5,,σας
286 488 439 543 ἔχεις,·“
470 486 621 542 Κάρτα
650 503 693 530 τε
712 486 904 543 ἡσθῆναι
924 488 1118 540 Κροῖσον
1138 489 1198 543 τῷ
1214 484 1420 543 ἐπιλόγῳ·
1474 499 1525 538 13

147 569 221 610 καί
264 569 306 610 οἱ
343 565 633 623 (προσφυέως
660 564 742 621 γὰρ
778 565 901 617 δόξαι
936 563 1097 620 λέγειν)
1146 563 1447 621 πειθόμενον,6

125 645 399 692 ὅπαύσασθαι
421 650 497 701 τῆς
517 646 770 701 ναυπηγίης.
802 644 876 688 καὶ
897 642 1011 687 οὕτω
1032 646 1144 686 τοῖσι
1163 643 1236 695 τοὶς
1259 642 1423 699 νήσους

147 724 410 781 οἰκημένοισι
426 724 545 767 Ἴωσι
565 726 723 780 ξεινίην
747 721 1035 779 συνεθήκατο.

255 803 433 857 Χρόνου
466 802 511 845 δὲ
550 802 876 858 ἐπιγινομένου,
920 803 1305 858 κατεστραμμένων
1334 813 1422 858 σχε-

143 881 222 925 δὸν
255 880 430 924 πάντων
463 883 553 923 τῶν
581 880 704 933 ἐντὸς
733 881 892 932 “Alvos
925 884 1127 937 ποταμοῦ
1157 880 1399 938 οἰκημένων
1412 890 1470 924 ’10

142 960 256 1017 πλήν
275 961 358 1016 γὰρ
389 961 580 1002 Κιλίκων
608 960 683 1003 καὶ
712 963 914 1014 Λυκίων,
950 961 1053 1012 τούς
1076 960 1234 1011 ἄλλους
1254 958 1423 1011 πάντας

142 1039 212 1084 ὑπ’
241 1040 388 1096 ἑωυτῷ
419 1036 499 1094 εἶχε
528 1038 933 1095 καταστρεψάμενος
966 1039 989 1084 ὁ
1027 1043 1234 1094 Κροῖσος·
1265 1038 1347 1081 εἰσὶ
1374 1039 1420 1081 δὲ

142 1121 257 1170 οἵδε,
304 1118 468 1170 Λυδοὶ,
511 1116 702 1174 Φρύγες,
745 1119 917 1174 Μυσοὶ,
956 1119 1287 1173 Μαριανδυνοὶ,
1330 1116 1419 1161 Χά-

93 1284 231 1321 finitum
250 1286 326 1320 erat
346 1282 502 1331 positum
516 1311 526 1329 ,
555 1287 616 1318 aut
646 1288 745 1322 certe

92 1339 237 1388 cognati
264 1338 365 1375 verbi
388 1338 626 1387 participium.
687 1339 741 1375 Ita

90 1392 289 1446 αρώμενοι
319 1394 415 1430 idem
445 1406 526 1430 esse
557 1394 657 1441 quod
677 1389 738 1431 εὖ-

88 1448 248 1503 χόμενοι
277 1450 345 1497 (sc,
370 1444 648 1499 εὕχομένους);
678 1449 736 1486 illo

87 1514 209 1545 tamen
219 1507 330 1544 verbo
341 1519 445 1542 usum
456 1519 538 1543 esse
545 1505 734 1554 Nostrum,

87 1578 159 1615 quo
180 1564 330 1601 evitaret
348 1562 614 1612 repetitionem.

142 1620 210 1659 ἵνα
228 1616 328 1670 ’ὑπὲρ
352 1621 432 1657 τῶν
454 1617 495 1657 ἐν
513 1620 562 1670 τῇ
584 1612 738 1672 ἠπείρῳ

90 1675 314 1726 οἰκημένων
332 1669 530 1723 Ἑλλήνων
550 1674 737 1713 τίσωνταί

88 1731 154 1782 σε]
185 1730 392 1781 οἰκημένος
412 1732 469 1768 hic
491 1731 560 1767 dici
581 1744 647 1780 pro
670 1746 690 1770 0
705 1731 736 1769 ἰ.

87 1803 111 1827 κ
125 1791 155 1826 ὦ
168 1803 187 1826 ν
218 1792 319 1824 notat
339 1787 472 1824 Matth.
497 1787 657 1823 Granun.
668 1788 734 1824 Gr.

88 1843 124 1895 ἓ.
145 1844 247 1889 496,
269 1846 293 1884 6
314 1857 350 1894 p.
371 1843 464 1884 935.
495 1843 602 1879 Conf.
624 1843 652 1889 I,
666 1846 732 1884 96.

88 1903 181 1941 127.
213 1903 304 1940 172.
333 1899 438 1945 VIII,
461 1899 550 1938 115.
570 1898 618 1945 Π,
641 1901 734 1940 102.

86 1978 140 1983 ——
175 1956 234 1993 De
258 1955 438 1991 locutione
468 1950 669 1999 δουλώσας
700 1953 733 1991 ἔ-

86 2027 187 2061 χεις,
217 2024 312 2060 quae
332 2011 502 2047 contiuuo
531 2009 568 2056 Ι,
598 2012 650 2050 28
675 2023 731 2046 re-

85 2069 211 2114 currit,
259 2067 330 2104 vid.
362 2067 448 2104 ibid.
486 2064 524 2116 ὃ.
562 2066 667 2112 559,
707 2066 732 2102 b

82 2137 119 2174 p-
144 2124 266 2165 1105.

259 2207 292 2244 C
299 2220 320 2244 a
329 2219 367 2257 p.
396 2204 564 2242 XXVIII.

141 2291 216 2331 εἶσὶ
235 2288 277 2330 δὲ
298 2290 380 2330 οἵδε
395 2318 407 2337 ,
437 2287 593 2334 Λυδοὶ,
625 2283 729 2338 Φρύ-

82 2363 146 2400 γες
165 2363 202 2386 κ.
224 2362 256 2386 τ.
277 2346 325 2396 λ.]
352 2345 526 2383 Voculam
538 2343 669 2382 Λυδοὶ
683 2344 728 2381 ab

82 2405 148 2442 hoc
176 2404 256 2441 loco
283 2403 435 2440 alienam
468 2414 550 2438 esse
580 2405 728 2437 conten-

83 2462 193 2508 dunt,
230 2459 443 2510 praesertim
464 2470 543 2494 cum
565 2457 728 2507 proximo

83 2516 199 2565 capite
233 2516 395 2564 legatur:
432 2513 500 2552 καὶ
533 2524 728 2563 προσεπι-

82 2570 285 2621 κτωμένου
323 2571 499 2623 Κροίσου
542 2569 725 2608 Λυδοῖσι.

81 2627 207 2676 Lydos
243 2628 336 2664 enim
375 2640 449 2663 non
487 2638 667 2662 armorum
693 2626 728 2662 vi

83 2684 151 2720 sibi
183 2683 326 2731 subegit
357 2683 541 2728 Croesus,
574 2682 640 2718 sed
665 2695 728 2719 eo-

83 2753 162 2777 rum
182 2753 333 2787 reguum
358 2739 472 2776 tenuit
502 2737 605 2787 quasi
624 2738 728 2776 here-

84 2796 251 2833 ditarium
271 2800 380 2844 atque
400 2807 422 2830 a
441 2794 634 2830 maioribus
655 2799 727 2831 tra-

86 2852 223 2899 ditum3
271 2852 321 2890 ita
358 2855 398 2889 ut
425 2850 518 2889 inter
547 2855 674 2900 gentes
705 2864 730 2890 a

811 1284 951 1322 Croeso
974 1285 1005 1321 vi
1027 1284 1196 1321 subactas
1216 1282 1343 1331 Lydos
1365 1296 1462 1320 coiu—

809 1342 1001 1377 memorari
1026 1341 1172 1377 minime
1199 1340 1245 1375 sit
1271 1343 1462 1376 consenta-

807 1408 924 1432 neum.
982 1395 1187 1431 Larcherus
1210 1407 1253 1432 eo
1284 1395 1459 1442 confugit,

806 1455 844 1487 ut
883 1451 1010 1499 Lydos
1058 1449 1289 1499 Lydiamque
1324 1454 1462 1487 terram-

803 1507 977 1555 distingui
995 1506 1103 1544 vellet
1122 1520 1143 1543 a
1163 1506 1347 1552 Maeonia,
1364 1519 1458 1554 quae

806 1565 972 1613 superior
993 1563 1099 1600 suerit
1119 1575 1205 1613 pars
1227 1563 1303 1599 eius
1324 1567 1459 1609 terrae,

804 1632 899 1668 quae
933 1619 1101 1656 universa
1130 1619 1283 1668 posthac
1311 1618 1453 1666 Lydiae

803 1676 981 1725 acceperit
1028 1688 1162 1712 nomen
1209 1675 1255 1711 ab
1294 1674 1452 1711 inferiori

802 1736 905 1781 parte
917 1761 927 1779 ‚
958 1745 1065 1780 quam
1086 1732 1245 1768 Croesus
1265 1731 1372 1767 armis
1391 1744 1451 1767 oc-

802 1789 1005 1837 cupaverit,
1039 1801 1119 1824 culn
1150 1791 1258 1824 antea
1287 1787 1447 1835 superio—

800 1856 876 1880 rem
897 1845 1005 1881 modo
1023 1848 1161 1893 partem
1190 1843 1241 1890 (i.
1261 1856 1292 1879 e.
1318 1842 1446 1879 Maeo-

801 1900 909 1946 niam,
931 1901 1025 1935 conf.
1048 1912 1158 1948 supra
1176 1911 1254 1947 cap.
1275 1900 1446 1945 7)ama-

798 1955 933 1990 ioribus
956 1955 1124 1991 traditam
1141 1953 1356 1990 hereditario
1369 1953 1446 1990 iure

798 2010 983 2046 tenuisset.
1022 2009 1104 2045 Nos
1124 2008 1298 2045 malumus
1315 2009 1360 2045 ab
1381 2022 1443 2045 eo-

798 2078 877 2101 rum
923 2066 1084 2115 partibus
1124 2069 1220 2101 stare
1234 2093 1245 2111 ‚
1295 2065 1357 2113 qui
1385 2064 1442 2101 hic

799 2134 947 2167 omnes,
995 2134 1086 2169 quos
1121 2121 1250 2158 Croesi
1288 2133 1441 2168 regnum

798 2176 1101 2226 complectebatur
1117 2176 1272 2226 populos
1284 2205 1295 2223 ‚
1316 2189 1441 2213 recen-

798 2233 870 2270 seri
880 2234 1029 2270 credunt
1041 2262 1051 2279 ,
1061 2233 1249 2281 primoque
1258 2232 1337 2268 loeo
1348 2232 1441 2269 hanc

797 2289 913 2338 ipsam
938 2290 984 2324 ob
1014 2301 1159 2324 causam
1182 2288 1346 2325 collocari
1363 2288 1439 2336 Ly-

796 2346 864 2381 dos
877 2374 887 2391 ‚
918 2345 1054 2394 quippe
1075 2357 1166 2392 quos
1197 2344 1359 2394 primitus
1380 2344 1440 2381 ille

797 2401 909 2438 tenuit
939 2401 1141 2450 quibusque
1163 2404 1327 2438 caeterae
1347 2413 1438 2448 geu—

795 2462 850 2494 tes
874 2457 976 2505 quasi
994 2457 1156 2493 adiectae
1166 2457 1320 2493 fuerunt.
1336 2455 1438 2493 Libri

795 2514 843 2549 ad
863 2526 971 2550 unum
987 2525 1112 2548 omnes
1138 2512 1294 2549 retinent
1313 2525 1438 2549 vocem

794 2568 947 2617 Λυδοὶ,
997 2581 1105 2617 quam
1135 2569 1258 2615 uncis,
1307 2568 1439 2617 quibus=

795 2626 973 2663 editorum
1011 2624 1171 2660 nonnulli
1210 2624 1443 2669 incluserant,

794 2682 1014 2719 liberandam
1032 2681 1246 2718 censuimus.
1306 2679 1372 2717 Cr.
1393 2680 1443 2716 ad

795 2738 829 2775 h.
857 2738 880 2775 l.
927 2739 1096 2775 admonet
1124 2737 1309 2774 Benedict.
1337 2735 1442 2773 Nott.

795 2794 886 2831 critt.
911 2794 947 2830 in
957 2793 1135 2831 Herodot.
1155 2794 1193 2829 in
1210 2791 1442 2829 BeckiiActt.

795 2850 930 2889 Semin.
958 2849 1137 2900 philolog.
1163 2848 1266 2901 Lips.
1298 2847 1380 2885 Vol.
1407 2847 1442 2884 Π

1505 794 1603 821 Auiani
1627 801 1740 821 omnem

1470 828 1507 855 ml
1529 827 1627 861 Halyn
1647 835 1741 862 usquo

1470 861 1577 890 domat.
