1909 3228
653 213 872 254 CLIO.
927 213 956 254 L

1352 213 1433 253 351

183 326 396 385 Βαβυλών
426 329 469 372 οἱ
495 321 551 384 ἦν
579 324 805 383 ἐμπόδιος,
846 323 918 368 καὶ
946 322 996 367 τὸ
1033 322 1250 376 Βάκτριον
1289 320 1432 372 ἔθνος,

180 409 254 452 καὶ
282 406 429 451 Σάκαι
450 423 494 450 τε
515 406 585 450 καὶ
605 404 862 461 Αἰγύπτιοι,
893 400 963 446 ἐπ’
991 401 1069 454 οὓς
1083 400 1220 457 ἐπεῖχέ
1243 415 1287 443 τε
1308 410 1432 456 στρα-

181 487 400 544 τηλατέειν
423 484 576 537 αὐτὸς,
607 485 676 528 ἐπὶ
705 484 750 528 δὲ
768 484 923 534 Ἴωνας
941 479 1075 525 ἄλλον
1099 480 1278 536 πέμπειν
1300 490 1436 533 στρα-

58 570 157 618 154
179 566 326 623 τηγόν.
380 563 456 616 Ὡς
485 565 531 608 δὲ
561 562 752 620 ἀπήλασε
782 561 805 606 ὁ
836 565 985 616 Κῦρος
1022 562 1070 605 ἐκ
1100 563 1187 604 τῶν
1212 560 1389 613 Σαρδίω

179 645 285 697 τούς
313 644 488 695 Λυδοὺς
517 641 726 699 ἀπέστησε
755 639 779 685 ὁ
811 641 1016 697 Πακτύης
1044 639 1128 684 α’πό
1158 655 1202 683 τε
1230 636 1434 694 Ταβάλου
1446 645 1492 680 50

178 725 253 769 καὶ
281 724 456 780 Κύρου·
486 721 677 779 καταβάς
710 721 755 765 δὲ
776 720 846 764 ἐπὶ
864 719 1115 771 θάλασσαν,
1146 719 1220 762 ἅτε
1237 717 1316 762 τὸν
1335 734 1435 774 χρυ-

179 805 260 848 σὸν
288 804 395 859 ἔχων
423 801 563 845 πάντα
599 800 676 844 τὸν
709 799 756 844 ἐκ
784 803 872 843 τῶν
900 799 1132 853 Σαρδίων,
1172 795 1436 851 ἐπικούρους

179 898 224 926 τε
253 883 517 937 ἐμισθοῦτο,
555 880 628 924 καὶ
667 878 771 930 τούς
803 878 1141 928 ἐπιθαλασσίους
1170 875 1437 932 ἀνθρώπους

177 961 320 1004 ἔπειθε
344 960 427 1004 σύν
457 959 603 1018 ἑωυτῷ
636 957 956 1014 στρατεύεσθαι.
1010 955 1164 1008 ἐλάσας
1193 955 1239 999 δὲ
1266 954 1336 999 ἐπὶ
1355 955 1434 1007 τοὶς

176 1037 363 1095 Σάρδις,
413 1038 661 1095 ἐπολιόρκεε
707 1036 932 1094 Τάβαλον,
987 1034 1256 1092 ἀπεργμένον
1301 1033 1350 1079 ἐν
1378 1038 1432 1090 τῇ
1444 1040 1490 1076 55

175 1114 424 1173 ἀκροπόλει.

117 1343 306 1397 ἐμπόδιος
327 1361 364 1387 κ.
387 1361 418 1385 τ.
441 1348 490 1392 λ.]
521 1343 619 1385 Nihil
646 1347 693 1385 de
712 1346 768 1384 his

117 1403 216 1453 apud
238 1404 399 1440 Ctesiam
417 1402 472 1440 vel
493 1403 614 1453 potius
632 1403 670 1439 in
692 1404 769 1440 eius

117 1459 295 1510 excerptis
318 1459 473 1496 Persicis
504 1458 656 1496 relatum
678 1459 770 1507 legi-

116 1527 207 1552 mus,
274 1514 394 1563 Cyrus
432 1515 528 1553 enim
574 1519 769 1563 antequam

117 1571 257 1609 Croeso
283 1570 417 1608 bellum
443 1571 614 1619 inferret,
644 1575 770 1608 contra

114 1627 268 1664 Bactros
305 1631 414 1677 atque
443 1628 557 1665 Sacas
597 1627 770 1665 militasse

116 1683 244 1720 dicitur
265 1684 364 1733 apud
386 1683 550 1721 Ctesiam
570 1682 672 1734 l.l.§.
685 1685 768 1725 23.

115 1739 234 1786 Post,
263 1739 403 1777 Croeso
428 1740 570 1777 devicto
579 1739 772 1789 Lydiaque

116 1795 290 1842 subacta,
325 1795 501 1833 Derbices
530 1795 624 1833 bello
654 1797 771 1846 petiit,

116 1863 202 1888 mox
223 1851 307 1888 fatis
329 1864 495 1888 cessurus
526 1850 592 1901 (ἓ.
618 1854 644 1892 6
665 1865 769 1901 seqq.

116 1907 235 1955 ibid).
292 1904 415 1956 Atque
444 1907 526 1958 ipse
546 1907 770 1954 Herodotus,

116 1964 216 2012 quod
235 1962 283 1999 ad
295 1962 442 2000 Ctesiae
453 1964 658 2011 fragmenta
667 1976 703 2013 p.
715 1964 769 2004 93

116 2032 195 2068 seq.
210 2018 355 2066 monui,
384 2019 422 2056 in
450 2020 656 2056 narratione
682 2032 769 2069 pro-

115 2088 286 2124 gressus,
335 2088 404 2113 nec
443 2075 490 2112 de
526 2075 667 2112 Bactris
703 2087 771 2112 nec

115 2132 164 2169 de
191 2130 340 2180 reliquis
370 2130 542 2180 gentibus
571 2132 769 2180 quidquam

113 2187 285 2238 protulit,
320 2187 378 2224 vel
403 2186 512 2238 plane
530 2187 682 2238 *oblitus
714 2186 770 2224 vel

114 2243 262 2281 aliarum
294 2255 435 2291 rerum,
473 2255 568 2292 quae
607 2244 769 2281 Graeco-

113 2313 194 2337 rum
214 2299 369 2337 forsitan
391 2300 534 2337 animos
554 2299 671 2349 magis
700 2300 768 2336 ad-

114 2360 316 2404 verterent,
343 2356 552 2394 narratione
580 2356 765 2406 abreptus.

114 2411 196 2450 Nec
217 2411 315 2449 aliud
336 2412 534 2462 quidquam
557 2411 765 2462 Xenophon

116 2468 344 2517 (Cyropaed.
363 2469 400 2516 Ι,
425 2471 468 2516 1,
486 2468 546 2516 4),
576 2468 645 2505 nisi
663 2469 765 2518 quod

117 2525 154 2560 in
175 2524 346 2572 gentibus
369 2525 468 2573 Cyro
491 2524 662 2562 subiectis
690 2524 765 2561 Ba-

115 2585 213 2617 ctros
247 2583 284 2616 et
317 2580 430 2617 Sacas
476 2581 650 2617 nominat.
707 2579 767 2618 De

119 2636 248 2682 Sacis,
277 2648 369 2685 quos
400 2636 557 2684 Scythas
585 2649 668 2674 esse
698 2649 767 2686 pu-

116 2698 255 2737 tamus,
282 2695 428 2740 gentem
448 2693 658 2739 nomadum,
673 2704 768 2742 quae

116 2749 286 2797 regiones
334 2760 444 2798 supra
488 2747 677 2786 Persidem
724 2760 767 2785 ac

116 2805 280 2844 Mediam
297 2805 476 2852 tenuerit,
503 2803 667 2856 pluribus
693 2805 766 2842 dixi

836 1347 885 1384 ad
922 1345 1070 1384 Ctesiae
1110 1346 1276 1394 fragmm.
1316 1356 1402 1396 pag.
1433 1344 1489 1388 95

836 1415 950 1469 seqq,
1002 1453 1010 1466 ι
1066 1455 1077 1470 ’

892 1457 940 1497 ἐπ
972 1454 1044 1503 ου’ς*
1060 1454 1188 1506 ἐπεῖχέ
1208 1471 1229 1494 τ
1242 1470 1258 1494 ε
1278 1457 1489 1507 στρατηλα-

837 1512 939 1553 τέειν
965 1508 1108 1564 αὐτὸς]
1147 1513 1206 1550 De
1240 1511 1368 1562 ἐπεῖχε
1393 1512 1488 1549 conf.

837 1571 885 1608 ad
906 1570 946 1618 I,
977 1572 1031 1611 80
1059 1570 1207 1607 monita.
1265 1568 1387 1617 Magis
1421 1581 1490 1604 nos

837 1631 1038 1665 remoratur
1054 1625 1232 1677 particula
1252 1639 1313 1673 τε,
1344 1637 1439 1674 quae
1458 1624 1491 1661 si

837 1684 954 1735 proba
977 1686 1052 1730 est,
1082 1683 1235 1720 refertur
1264 1682 1312 1719 ad
1331 1693 1489 1730 sequens

839 1737 904 1787 δὲ,
935 1741 986 1776 ita
1003 1740 1098 1776 utin
1128 1739 1297 1788 bipartita
1326 1738 1491 1774 oratione

839 1795 1037 1846 particulae
1058 1809 1097 1833 τε
1117 1799 1155 1833 et
1180 1791 1222 1833 δὲ
1248 1794 1315 1830 sibi
1337 1793 1490 1830 inv1cem

839 1852 1103 1901 respondeant3
1143 1863 1217 1898 quo
1239 1851 1286 1887 de
1304 1862 1372 1885 usu
1391 1849 1487 1885 conf.

838 1919 934 1956 quae
951 1907 1126 1957 praecipit
1143 1905 1320 1943 Matthiae
1343 1905 1407 1940 Gr.
1421 1904 1487 1940 Gr.

838 1976 923 2013 pag.
950 1961 1067 2003 1264.
1123 1962 1204 1999 Nec
1221 1965 1341 1997 tamen
1361 1959 1489 2009 displi-

838 2023 916 2065 cet,
958 2018 1057 2067 quod
1084 2022 1187 2054 acute
1221 2015 1356 2053 invenit
1380 2015 1489 2052 Butt-

838 2086 991 2111 mannus
1011 2074 1048 2110 in
1069 2073 1231 2110 Gramm.
1255 2072 1386 2109 Graec.
1403 2071 1486 2108 mai.

837 2130 871 2167 Π
886 2142 972 2180 pag·
997 2132 1051 2171 32
1069 2127 1194 2180 ἐπεῖχέ
1213 2142 1254 2167 τε
1270 2132 1388 2164 ortum
1404 2139 1488 2165 esse

837 2199 881 2224 ex
904 2184 1072 2237 ἐπείχεε,
1095 2186 1195 2224 cuius
1214 2184 1396 2234 geminam
1411 2184 1487 2220 for-

837 2255 932 2280 mam
963 2241 1104 2294 ἐνείχεε
1139 2241 1343 2280 notavimus
1374 2251 1487 2291 supra

834 2299 874 2347 1,
900 2300 991 2340 118.

1028 2410 1140 2462 Cap.
1171 2408 1301 2448 cmv.

889 2517 1135 2575 ἀπεργμένον
1163 2519 1205 2561 ἐν
1231 2522 1282 2574 τῇ
1313 2514 1484 2572 ἄκροπό-

833 2580 914 2625 λει]
945 2580 966 2616 i.
988 2593 1018 2617 e.
1047 2581 1084 2616 in
1102 2591 1181 2615 arce
1199 2577 1395 2624 inclusum,
1429 2588 1484 2613 se·-

835 2635 976 2673 clusum.
1006 2635 1173 2684 Namque
1193 2629 1377 2685 οἷπέργειν
1398 2633 1485 2682 (pro

834 2686 1053 2743 οἷπείργειν)
1074 2696 1129 2728 est
1152 2690 1344 2736 secludere,
1362 2689 1483 2727 excla-

833 2748 920 2785 dere.
954 2748 1015 2785 'I'u
1035 2748 1128 2786 conf.
1148 2747 1205 2797 V,
1233 2747 1298 2789 64.
1327 2746 1398 2795 VI,
1414 2746 1482 2793 79,

833 2817 880 2843 ne
904 2803 1019 2856 plura.

1393 575 1431 612 v,
1489 562 1566 598 Lydi
1583 563 1695 600 Pactya
1712 564 1764 593 du-

1491 605 1526 625 ce
1543 599 1700 627 rebellant.
