1909 3228
428 168 517 208 296
837 165 1298 205 HERODOTI

425 291 503 327 „vs
532 274 671 319 αὐτοῦ
689 273 787 328 πέρι
809 271 867 324 ὡς
889 271 1104 329 ἐπρήχθη,
1135 276 1209 318 καὶ
1239 272 1311 318 οἶα
1329 274 1410 332 ἐγώ
1430 274 1517 320 ὑπὸ
1545 274 1685 320 Ἀστυ-

429 352 592 410 ,,άγεος
618 353 839 403 πέπονθα,
869 350 935 396 ὅτι
966 363 1012 395 σε
1042 350 1127 396 ov'n
1158 351 1410 407 ἀπέκτεινα,
1442 354 1551 398 ἀλλά
1583 355 1686 399 ἔδω-

404 439 530 484 5,,κα
569 436 628 491 τῷ
666 429 883 488 βουκόλῳ.
951 430 1005 474 σύ
1035 435 1119 474 νῦν
1158 431 1212 488 ἢν
1251 431 1391 489 βούλῃ
1429 433 1521 489 ἐμοὶ
1549 435 1689 477 πείθε·

435 544 460 563 ,,
474 516 608 564 σθαι,
664 512 823 566 τῆσπερ
875 508 1108 567 Ἀστυάγης
1156 509 1274 567 ἄρχει
1319 510 1485 568 χώρης,
1527 511 1685 569 ταύτης
1702 517 1743 552 15

406 587 640 644 6,,ἆπάσης
675 586 831 643 ἄρξεις.

434 672 595 719 ,,σθαι,
641 666 922 724 στρατηλάτεε
962 668 1031 712 ἐπὶ
1069 667 1279 726 Μήδους·
1336 669 1411 713 καὶ
1448 667 1505 725 ἥν
1532 684 1578 712 τε
1607 667 1689 724 ἐγώ
1907 677 1909 751 4

901 588 1072 644 Πέρσας
1106 589 1189 646 γὰρ
1236 587 1472 641 ἀναπείσας
1515 587 1689 634 ἀπίστα-

433 743 551 797 „visto
586 743 842 803 Ἀστυάγεος
881 747 1111 804 ἀποδεχθῶ
1147 748 1384 804 στρατηγὸς
1427 746 1552 791 ἀντία
1588 751 1688 799 σεῦ,

434 823 560 876 »ἔστι
586 841 655 868 τοι
687 824 741 869 τὰ
779 827 834 870 σύ
862 825 1065 884 βούλεαι,
1114 825 1171 883 ἤν
1199 844 1244 870 τε
1271 831 1360 871 τῶν
1397 843 1462 878 τις
1501 828 1747 883 δοκίμωνΞο

406 910 466 955 7,,
480 902 609 955 ἄλλος
638 903 823 960 Μήδων.
854 909 1022 962 πρῶτοι
1050 904 1134 962 γάρ
1165 902 1291 950 οὗτοι
1319 903 1586 958 ἀποστάντες
1616 903 1688 949 ἀπ’

435 981 661 1036 ,,ἐκείνου,
705 985 781 1028 καὶ
814 984 1040 1042 γενόμενοι
1068 985 1179 1041 πρὸς
1218 985 1314 1038 σέο,
1359 983 1591 1041 Ἀστυάγεα
1618 1001 1693 1029 κα-

434 1063 659 1117 ,,ταιρεέιν
685 1062 990 1120 πειρήσονται·
1040 1063 1100 1116 ὥς
1132 1060 1195 1108 ὦν
1233 1062 1409 1121 ἑτοίμου
1437 1067 1519 1107 τοῦ
1552 1080 1601 1121 γε
1629 1063 1694 1109 ἐν·

435 1138 581 1192 ,,θάδε
608 1139 779 1195 ἐόντος,
809 1145 928 1187 ποίεε
957 1148 1115 1196 ταῦτα,
1150 1144 1225 1188 καὶ
1253 1144 1369 1187 ποίεε
1390 1141 1501 1187 κατὰ
1522 1142 1694 1200 τάχος.“

539 1217 755 1273 Ἀκούσας
784 1225 922 1266 ταῦτα
953 1220 977 1267 ὁ
1009 1226 1177 1279 Κῦρος,
1208 1220 1431 1279 ἐφρόντιζε
1461 1221 1568 1277 ὅτεῳ
1597 1222 1695 1278 τρό-

275 1223 375 1270 125

104 1289 382 1325 Persarumpopulf,

105 1329 135 1349 et
147 1324 184 1356 (ἓ)
193 1324 217 1350 ri
235 1328 315 1350 artes
327 1324 382 1350 im-

105 1356 243 1392 pellentis
270 1364 320 1384 eos
346 1357 384 1384 ab
472 1378 481 1394 ,
624 1379 636 1393 ,
727 1378 739 1392 ι.
776 1381 786 1395 ,
1014 1385 1033 1393 .-
1252 1378 1262 1393 Ι
1414 1379 1431 1397 3.
1564 1381 1576 1395 ‚
1645 1382 1655 1396 ,

107 1389 383 1426 Astyagedeficere.
440 1380 566 1431 τιζων
595 1381 662 1432 δε,
690 1390 932 1434 δυρισκδϊαι
951 1398 1086 1426 ταυτα
1107 1396 1372 1437 καιριώτατα
1391 1394 1525 1425 avoth·
1558 1396 1696 1424 εποιεδ

437 1313 507 1357 περ
536 1299 777 1357 σοφωτάτῳ
807 1300 978 1357 Πέρσας
1005 1300 1224 1346 ἀναπείσει
1253 1301 1530 1345 ἀπίστασθαι.
1559 1309 1751 1358 ‹mov-25

435 1570 645 1625 στρατηγὸς
664 1569 781 1614 ἀντία
803 1575 894 1626 σεῦ]
908 1575 1026 1615 Valde

378 1629 416 1665 in
433 1628 489 1665 his
506 1630 646 1668 variant
660 1630 751 1669 libri.
788 1632 948 1677 Quidam
965 1646 1027 1671 ex-

378 1683 504 1722 hibent
531 1680 586 1724 ἀν
597 1688 689 1737 τῆσ
702 1703 725 1726 α
739 1703 776 1735 ι,·
805 1689 860 1725 cui
878 1689 1028 1726 wesse-

378 1739 512 1789 lingius
542 1742 694 1792 adponit
726 1743 879 1781 Homeri
911 1744 1028 1782 locum

378 1808 423 1835 ex
443 1796 544 1833 Iliad.
569 1801 641 1847 16,
656 1800 738 1840 423
751 1828 762 1846 ,
792 1800 853 1835 ubi
880 1800 1033 1837 occurrit

377 1852 448 1889 hoc
464 1852 613 1890 verbum
627 1883 637 1901 ,
663 1855 832 1892 adiuncto
853 1856 1031 1904 genitivo;

378 1920 489 1956 quam
517 1912 731 1948 structuram
757 1911 930 1949 rariorem
950 1925 1032 1950 esse

378 1963 560 2000 Eustathii
587 1967 883 2004 commentatoris
921 1969 1031 2006 verba

379 2019 576 2058 declarant.
627 2021 710 2062 Nos
728 2022 816 2060 nihil
838 2027 1030 2061 mutamus.

378 2095 435 2103 —-
456 2076 498 2112 In
521 2089 624 2127 seqq.
651 2078 839 2130 γίνεσθαι
867 2093 898 2117 s.
929 2077 1032 2119 εἶναι

377 2128 480 2183 πρός
496 2147 604 2180 τινος
630 2139 686 2172 est
715 2138 808 2172 stare
825 2137 870 2173 ab
899 2137 1031 2188 aliquo,

374 2189 624 2239 praecipiente
652 2190 833 2230 Matthiae
866 2192 933 2232 Gr.
963 2193 1030 2230 Gr.

377 2242 415 2295 ὃ·
435 2245 540 2295 590,
560 2259 583 2284 a
610 2259 696 2298 pag.
720 2249 840 2290 1178.

558 2367 591 2406 C
602 2382 624 2408 a
633 2383 671 2422 p.
702 2370 854 2410 CXXV.

433 2467 562 2510 ἐποίεε
589 2468 633 2510 δὲ
653 2467 712 2511 τά
726 2471 806 2524 δε]
834 2469 927 2512 τάδε
949 2485 1028 2510 cum

379 2524 582 2576 Sehweigh.
610 2531 647 2566 et
666 2528 784 2566 Gaisf.
809 2527 1027 2567 reduximus.

380 2580 479 2619 Male
506 2587 631 2620 contra
655 2585 842 2622 meliorum
858 2585 1026 2622 librorum

382 2637 491 2674 fidem
529 2639 638 2688 vulgo
676 2643 811 2680 ταῦτα.
867 2640 1029 2679 Pertinet

381 2704 466 2728 vero
488 2693 556 2732 hoc
574 2691 688 2743 τάδε,
708 2701 747 2734 ut
765 2698 888 2736 ταῦτα
900 2726 910 2744 ,
928 2697 1027 2747 quod

380 2749 542 2797 proxime
564 2754 767 2799 antecedit,
796 2755 845 2790 ad
871 2766 1027 2802 sequen-

380 2803 442 2840 tia.
481 2804 562 2842 Vid.
581 2806 709 2845 Matth.
730 2808 794 2846 Gr.
809 2810 873 2846 Gr.
894 2808 1026 2860 §.470

1093 1588 1179 1628 pag.
1201 1578 1294 1618 870.
1345 1577 1456 1621 Quod
1483 1576 1531 1612 ad
1557 1587 1751 1624 argumen-

1093 1638 1170 1670 tum
1200 1634 1350 1680 attinet,
1380 1632 1565 1682 inquisivit
1591 1632 1751 1670 Heeren.

1094 1689 1133 1726 in
1166 1689 1257 1726 libro
1295 1691 1351 1727 cui
1379 1689 1503 1727 titulus
1529 1688 1642 1726 Ideen
1669 1693 1753 1738 etc„

1097 1744 1137 1791 l,
1161 1747 1182 1785 1
1213 1758 1299 1795 pag.
1320 1746 1402 1787 400
1423 1758 1500 1795 seq.
1539 1744 1637 1782 Dolo
1656 1746 1753 1784 enim

1100 1800 1237 1848 Cyrum
1258 1801 1424 1839 effecisse
1440 1804 1565 1848 notat,
1594 1805 1634 1838 ut
1652 1803 1752 1852 prin-

1099 1869 1185 1906 ceps
1211 1857 1282 1893 dux
1302 1859 1460 1894 omnium
1482 1858 1644 1907 gentium
1662 1858 1752 1896 Per-

1100 1926 1223 1949 sarum
1263 1913 1476 1963 eligeretur,
1529 1913 1636 1950 simili
1674 1915 1752 1953 fere

1099 1970 1228 2015 modo,
1261 1983 1332 2018 quo
1361 1970 1514 2021 posthac
1534 1969 1754 2020 Dschingis-

1098 2024 1190 2062 chan
1208 2026 1301 2062 inter
1317 2026 1535 2075 Mongolos,
1556 2031 1752 2076 antequam

1100 2082 1351 2131 expeditiones
1374 2096 1458 2118 suas
1479 2082 1672 2132 inciperet,
1702 2084 1751 2120 ad

1099 2150 1276 2174 summum
1289 2138 1476 2187 imperium
1495 2142 1655 2175 evectum
1668 2151 1751 2176 esse

1099 2197 1257 2229 narrant.
1296 2194 1428 2231 Persas
1445 2206 1531 2230 vero
1553 2198 1638 2231 tuuc
1655 2198 1749 2232 tem-

1099 2249 1200 2299 poris
1231 2248 1338 2287 valde
1365 2250 1474 2287 rudes
1504 2253 1613 2298 atque
1638 2251 1750 2288 incul-

1100 2310 1157 2342 tos
1192 2304 1326 2353 fuisse,
1374 2318 1417 2343 ex
1456 2305 1537 2356 ipsa
1568 2306 1751 2344 Herodoti

1098 2361 1305 2399 narratione
1326 2362 1373 2399 de
1400 2362 1441 2398 iis
1457 2390 1468 2408 ‚
1506 2374 1601 2411 quae
1629 2363 1749 2412 Cyrus

1096 2417 1300 2467 peregerit,
1331 2418 1419 2455 satis
1441 2430 1621 2469 apparere
1641 2420 1749 2457 meri-

1096 2478 1135 2509 to
1165 2473 1261 2511 idem
1291 2487 1360 2511 nos
1396 2475 1580 2513 admonet.
1618 2497 1666 2503 -—
1691 2477 1750 2527 βι-

1097 2528 1277 2579 βλίονὶιι
1305 2543 1409 2580 seqq.
1440 2531 1600 2580 intellige
1630 2533 1678 2569 de
1705 2532 1748 2568 li-

1096 2585 1191 2622 bello
1228 2587 1331 2634 ficto,
1387 2600 1416 2624 s,
1465 2588 1590 2625 charta
1634 2589 1748 2637 regia,

1096 2654 1203 2690 quam
1233 2643 1331 2692 regis
1359 2644 1533 2681 mandata
1560 2645 1610 2681 ad
1629 2644 1750 2694 ipsum

1094 2699 1306 2737 transmissa
1341 2700 1528 2739 continere
1557 2700 1749 2738 simulabat

1096 2753 1225 2802 Cyrus.
