1909 3228
544 237 1086 278 EUTERPE.11.·
1337 234 1422 275 685

136 356 295 395 4ουτοι
335 349 379 392 οἱ
417 352 627 404 Χεμμῖται
673 346 847 403 λέγουσι
895 345 974 390 τὸν
1023 348 1191 402 Περσέα
1238 347 1423 392 πολλάκι

165 431 244 486 μὲν
275 429 358 472 civo}
387 427 466 484 τὴν
500 432 582 484 γῆν
620 427 856 483 φαίνεσθαί
895 437 995 481 σφι,
1040 427 1225 470 πολλάκι
1261 428 1305 471 δὲ
1340 428 1422 471 ἔσω

163 513 244 553 τοῦ
285 511 398 563 ἱροῦ.

460 505 698 551 σανδάλιόν
733 523 776 549 τε
815 504 954 548 αὐτοῦ
999 506 1305 561 πεφορημένον
1346 506 1449 550 εἰν-1

164 590 411 643 ρίσκεσθαι,
444 587 516 631 ἐὰν
543 587 591 630 τὸ
621 589 811 642 μέγαθος
841 586 1016 640 δίπηχυ·
1048 585 1096 628 τὸ
1128 586 1257 628 ἐπεὰν
1284 590 1420 642 φανῇ,

139 667 399 725 ὅεύθηι.’ἑειν
442 667 614 710 ἅπασαν
653 667 890 720 Αἴγυπτον.
948 668 1083 706 ταῦτα
1121 665 1199 720 μὲν
1239 665 1423 720 λέγουσι.

165 752 335 791 ποιεῦσι
375 747 420 790 δὲ
465 745 564 789 τάδε
589 744 812 799 Ἑλληνικὰ
840 747 901 801 τῷ
933 743 1117 798 Περσέϊ·
1168 744 1316 800 ἀγῶνα
1344 762 1423 800 γυ-

166 826 323 882 μνικὸν
350 830 507 868 τιθεῖσι
545 824 617 868 διὰ
656 821 794 879 πάσης
834 820 1020 877 ἀγωνίης
1057 823 1226 878 ἔχοντα·
1285 824 1452 879 παρέ-5

139 914 319 961 σχοντες
349 904 507 958 ἄεθλα,
537 903 696 960 κτήνεα
724 902 798 946 καὶ
829 902 1005 957 χλαίνας
1035 904 1109 945 καὶ
1132 902 1332 960 δέρματα.
1364 905 1423 948 εἰ-

167 1085 385 1129 σανδσὲλιόν
413 1104 452 1129 τε
480 1086 606 1129 αὐτοῦ
636 1103 763 1139 πεφο-

112 1146 285 1198 ρημένον
316 1145 593 1197 εὑρίσκεσθαι]
626 1147 707 1182 Hoc
721 1158 764 1183 ex

112 1205 290 1240 communi
309 1209 471 1241 veterum
493 1204 762 1254 superstitione,

112 1273 185 1309 qua
227 1262 376 1297 deorum
422 1261 664 1310 praesentiam
696 1258 762 1296 sibi

115 1317 307 1353 salutarem
353 1318 592 1365 omnibusque
644 1316 762 1362 bonis,

113 1386 206 1421 quae
224 1378 437 1419 censentur,
468 1373 631 1422 frugibus
652 1372 766 1421 potis-

114 1430 264 1475 simum,
315 1431 524 1466 affluentem
561 1429 764 1478 putabant,

112 1485 375 1535 explicandum.
436 1485 672 1535 Quapropter
689 1497 766 1521 me-

112 1542 261 1578 moriam
280 1542 383 1577 huius
404 1541 631 1591 praesentiae
662 1540 766 1588 quasi

113 1602 381 1643 consecrantes,
399 1598 649 1634 monstrabant
666 1597 765 1646 ipsos

112 1655 210 1692 locos
232 1684 244 1702 ,
294 1655 424 1703 quibus
465 1655 514 1691 dii
556 1654 766 1700 institerint,

114 1712 199 1749 inde
220 1712 371 1748 maxime
391 1711 552 1759 insignes
575 1715 611 1748 et
636 1709 766 1746 felicis-

118 1769 207 1805 simo
242 1768 398 1804 omnium
441 1781 559 1804 rerum
588 1770 767 1816 proventu

117 1825 257 1861 beatos.
315 1823 374 1860 De
402 1823 536 1860 Perseo
558 1824 642 1859 talia
661 1836 769 1872 prae-

119 1880 228 1916 dicari
246 1880 343 1915 haud
367 1881 494 1915 mirum
516 1880 699 1916 videbitur
723 1879 769 1925 ei,

120 1937 181 1985 qui
199 1935 313 1984 qualis
333 1936 422 1972 deus
444 1937 488 1972 sit
500 1935 770 1982 habendusille,

120 1992 342 2043 perspexerit
364 2021 374 2039 ,
403 2005 470 2028 nec
499 1992 615 2039 magis
642 1992 770 2027 mirum

120 2048 298 2085 ridebitur
326 2048 372 2085 de
412 2048 570 2085 Hercule
609 2048 772 2096 aliisque,

122 2106 168 2142 de
192 2105 321 2153 quibus
352 2104 482 2140 similia
512 2105 648 2141 tradita
670 2117 771 2140 acce-

119 2161 249 2212 pimus.
308 2159 389 2197 Nec
416 2162 485 2210 ipsi
518 2161 649 2197 desunt
691 2160 772 2196 Indi

119 2230 267 2268 prorsus
280 2229 439 2265 congrua
456 2230 535 2253 cum
549 2217 645 2254 hisce
664 2229 770 2254 enar-

121 2278 243 2310 rantes
256 2287 267 2319 ·,
291 2274 376 2322 quin
389 2274 481 2310 adeo
498 2274 648 2321 vestigia
660 2286 773 2322 quae-

123 2331 207 2367 dam
235 2330 271 2365 in
306 2330 393 2379 ipsis
423 2330 530 2366 sacris
562 2329 673 2367 literis
701 2342 769 2365 no-

124 2387 206 2423 stris
225 2386 463 2435 reperiuntur.
511 2385 620 2423 Plura
641 2387 772 2423 Creuz.

123 2441 286 2491 Symbol.
307 2441 356 2478 IV
374 2455 459 2491 pag.
481 2441 554 2483 56(

182 2494 247 2536 ἐὸν
292 2494 337 2536 τό
385 2498 559 2549 μέγαθος
605 2495 772 2547 δίπηχυ]

126 2552 227 2590 Haec
249 2554 431 2601 quomodo
461 2555 671 2603 accipienda
689 2555 774 2600 sint,

126 2609 258 2646 docent
277 2622 369 2658 quae
399 2610 446 2645 ad
471 2610 510 2656 I,
537 2611 590 2650 68
613 2610 775 2659 disputa-

126 2666 253 2710 vimus,
275 2685 331 2692 —-
358 2665 417 2703 De
437 2666 546 2703 verbo
566 2660 776 2715 εὐθηνέειν

126 2721 219 2758 conf.
240 2721 276 2767 I,
297 2723 362 2761 66.

184 2772 320 2828 οἶγῶνα
366 2772 560 2827 γυμνικόν
605 2779 773 2823 τιθεῖσι]

127 2832 149 2868 i.
163 2846 194 2869 e.
219 2833 338 2870 ludum
357 2835 547 2870 instituunt
563 2846 589 2869 s.
605 2832 774 2870 celebrant

125 2892 348 2940 gymnicum,
367 2892 430 2940 qui
447 2892 595 2928 omnium
611 2891 773 2928 certami-

830 1101 913 1125 num
943 1100 1072 1137 genera
1109 1090 1269 1125 continet.
1336 1093 1483 1129 τιθεῖσι

832 1158 931 1181 more
965 1145 1082 1181 lonico
1115 1146 1286 1195 scripsit,
1323 1147 1369 1184 de
1408 1159 1481 1196 quo

832 1203 925 1239 conf.
945 1201 980 1247 1,
1003 1203 1092 1241 133.
1152 1202 1274 1239 Verba
1294 1205 1483 1252 sequeutia

834 1254 898 1296 διά
917 1253 1049 1307 πάσης
1067 1252 1242 1310 ἀγωνίης
1254 1257 1388 1309 ἔχοντα
1400 1273 1484 1309 per—

832 1327 957 1364 peram
977 1315 1107 1364 opinor
1133 1315 1182 1351 sic
1208 1316 1368 1353 reddidit
1389 1316 1483 1353 Lar-

834 1372 980 1407 cherus:
1013 1373 1075 1419 qui
1093 1370 1134 1407 de
1152 1375 1228 1408 tous
1246 1372 1292 1407 les
1306 1373 1397 1419 jeuoe
1406 1375 1483 1409 sont

835 1426 882 1462 les
902 1426 984 1475 plus
1004 1427 1179 1463 excellens.
1239 1428 1371 1465 Melius
1395 1429 1485 1466 alter

836 1482 961 1519 Gallus
982 1483 1162 1533 interpres
1194 1486 1372 1521 recentior
1389 1485 1485 1521 hunc

832 1539 868 1575 in
886 1540 1050 1576 modum:
1083 1540 1126 1576 οῐι
1145 1544 1222 1576 tous
1241 1541 1288 1577 les
1303 1555 1423 1589 gemes
1445 1541 1487 1578 de

834 1595 967 1632 combat
994 1599 1071 1632 sont
1100 1596 1225 1634 admis.
1285 1597 1333 1634 Et
1361 1611 1486 1636 verum

833 1652 1022 1689 locutionis
1046 1666 1191 1690 sensum
1221 1654 1315 1691 bene
1339 1668 1488 1705 expres-

834 1709 880 1745 sit
901 1709 1263 1758 Schweighaeuserus
1288 1711 1489 1749 W'esselin-

834 1765 932 1814 gium
960 1765 1066 1802 aliter
1093 1767 1358 1805 existimantem
1379 1768 1488 1805 corri-

836 1834 938 1869 gens.
1006 1822 1065 1857 Ad
1103 1828 1356 1871 argumentum
1398 1825 1488 1861 haec

836 1877 951 1914 teneri
969 1878 1092 1915 velim:
1112 1892 1133 1915 a
1151 1879 1279 1928 priscis
1295 1880 1488 1930 Aegyptiis

838 1934 983 1971 minime
1003 1934 1139 1971 alienos
1163 1936 1274 1972 fuisse
1294 1936 1399 1973 ludos
1421 1950 1489 1986 gy-

839 1991 998 2036 mnicos,
1057 1992 1186 2039 quibus
1227 1992 1488 2041 hippodromus

840 2046 1053 2083 Thebarum
1087 2047 1122 2082 in
1144 2048 1230 2085 urbe
1253 2049 1402 2097 egregie
1435 2049 1490 2086 in-

840 2103 1021 2147 servierit,
1062 2105 1149 2151 quin
1169 2104 1257 2153 ipsis
1279 2105 1314 2141 in
1339 2105 1491 2155 anagly-

839 2159 920 2209 phis
942 2159 1090 2195 vetustis
1107 2159 1342 2210 Aegyptiacis
1367 2162 1491 2198 huius-

840 2216 939 2252 modi
959 2215 1085 2263 ludos,
1113 2218 1331 2263 certamina,
1361 2218 1430 2255 alia
1452 2219 1490 2255 id

840 2285 956 2321 genus
975 2300 986 2318 ‚
1029 2274 1317 2321 repraesentari3
1370 2274 1491 2323 qualia

838 2341 934 2364 nunc
973 2328 1186 2365 invenerunt
1207 2353 1215 2360 .,
1236 2330 1331 2366 docti
1380 2330 1489 2367 Galli.

840 2384 924 2420 Vid.
950 2384 1120 2421 Creuzer.
1140 2385 1303 2434 symbol.
1322 2386 1336 2423 I
1359 2388 1490 2436 p.330

842 2440 922 2477 coll.
943 2438 1036 2481 471.
1097 2440 1178 2478 Sola·
1202 2446 1322 2479 autem
1347 2443 1413 2479 hos
1436 2442 1491 2479 lu-

841 2498 932 2542 dos,
963 2500 1001 2532 ut
1024 2496 1099 2533 aliis
1122 2497 1228 2543 locis,
1259 2503 1490 2537 consecratos

841 2554 975 2599 fuisse,
1005 2553 1091 2589 nihil
1110 2554 1270 2590 dubium.

896 2607 964 2646 καὶ
999 2610 1161 2658 χλαίνας
1198 2608 1265 2648 καὶ
1296 2607 1487 2661 δέρματα]

843 2666 1050 2713 Utrumque
1079 2666 1116 2702 in
1145 2667 1312 2716 praemiis
1343 2680 1491 2716 quoque

844 2722 1069 2758 Graecorum
1115 2721 1284 2760 ludorum
1327 2723 1489 2760 occurrit.

845 2777 1014 2814 Chlaenas
1032 2778 1069 2813 in
1090 2777 1254 2816 Pellenes
1277 2780 1366 2817 urbe
1386 2780 1490 2816 datas

843 2847 924 2870 esse
953 2833 1048 2869 canit
1077 2833 1225 2871 Pindar.
1252 2835 1396 2886 Olymp.
1425 2835 1490 2882 IX,

844 2889 936 2931 146.
966 2888 1074 2927 Nem.
1095 2889 1143 2938 X,
1164 2891 1241 2940 82,
1270 2893 1334 2930 ubi
1354 2891 1490 2929 consul.
