1909 3228
542 227 963 268 EUTERPE.
1015 229 1062 267 11.
1337 231 1422 272 485

162 336 356 393 ἡμερέων
383 335 547 389 πλόου,
579 342 652 394 τῆς
681 341 779 391 πέρι
810 337 969 381 ἐκεῖνοι
998 335 1128 382 οὐδὲν
1157 337 1219 382 ἔτι
1247 336 1418 382 τοιόνδε

165 416 334 472 ἔλεγον,
367 416 454 459 ἔστι
483 416 526 459 δ’
559 416 708 471 ἕτερον
735 421 949 460 τοιοῦτον.

133 500 158 535 2
268 494 493 550 Αἰγύπτου
531 495 613 550 γὰρ
661 494 792 550 φύσις
837 499 910 550 τῆς
955 493 1098 550 χώρης
1135 495 1222 538 ἐστὶ
1258 493 1417 551 τοιήδε.
1432 502 1475 535 85

163 576 327 627 Πρῶτοι
374 574 452 629 μὲν
500 574 778 628 προσπλέων,
835 574 896 616 ἔτι
936 575 1008 616 καὶ
1046 573 1208 630 ἡμέρης
1252 573 1418 627 δρόμον

164 650 334 707 ἀπέχων
363 652 449 696 ἀπὸ
477 657 580 708 γῆς,
610 653 750 702 κατεὶς
770 655 1183 710 καταπειρητηρίην,
1214 651 1355 708 πηλόν
1374 667 1418 694 τε

164 729 370 783 ἀνοίσεις,
410 731 482 775 καὶ
512 731 558 774 ἐν
586 731 739 773 ἕνδεκα
769 729 971 787 ὀργυιῇσι
1002 733 1126 775 ἔσεαι.
1178 735 1309 775 τοῦτο
1339 730 1440 791 μὲν,

1322 806 1414 851 Αὐ-
1471 813 1640 854 angitudo
1653 816 1746 849 Aegy-

1474 853 1515 883 pu
1535 848 1571 874 ad
1592 857 1672 875 mare
1685 856 1747 874 :nr-

1425 881 1569 927 90gyiae,
1580 881 1687 908 stadia.
1699 889 1747 913 m-

1472 923 1629 953 r-Jvangae,
1645 916 1747 943 schoe-

1470 956 1513 975 m.

73 809 105 853 6
163 809 232 852 ἐπὶ
259 813 444 853 τοσοῦτο
477 811 606 865 δηλοῖ
631 807 849 864 πρόχυσιν
879 815 955 866 τῆς
985 815 1064 868 γῆς
1090 811 1265 854 ἐοῦσαν.

161 891 237 944 τῆς
276 889 322 931 δὲ
354 891 428 943 τῆς
462 887 686 944 Αἰγύπτου
721 889 807 933 ἐστὶ
846 894 982 947 μῆκος
1019 888 1069 934 τὸ
1103 888 1222 945 παρὰ
1248 888 1414 932 θάλασ-

162 1074 234 1122 τῆς
253 1071 344 1123 πέρι
371 1070 513 1111 ἐκεῖνοι
532 1068 651 1111 οὐδὲν
671 1087 705 1111 κ.
723 1086 756 1110 τ.

105 1128 156 1179 λ.]
189 1128 330 1167 ἐκεῖνοι
352 1134 434 1164 sunt
444 1129 615 1178 Aegyptii
636 1142 755 1166 sacer-

106 1186 210 1222 dotes
235 1185 307 1232 (II,
329 1185 388 1232 3),
413 1185 540 1233 quibus
563 1199 627 1222 sua
647 1186 754 1222 debet

105 1241 262 1286 Noster,
292 1242 335 1277 cf.
360 1240 415 1287 ll,
437 1242 473 1280 4.
506 1263 562 1268 -
590 1241 627 1277 {n
651 1254 754 1289 seqq.

105 1296 255 1347 ’ἡμέρης
302 1292 445 1346 δρόμος
493 1302 626 1345 aequat
677 1299 753 1333 sere

109 1356 215 1394 1300
249 1353 366 1389 stadia
397 1354 516 1402 (conf.
546 1353 618 1399 lv,
647 1354 752 1398 86);

105 1422 200 1459 quae
225 1408 406 1446 Larchero
435 1413 580 1445 auctore
605 1408 752 1457 explent

106 1466 158 1507 25
184 1465 314 1507 lieues3
352 1459 513 1514 ὅργυιοὶ,
547 1477 654 1512 quam
684 1477 749 1500 nos

105 1521 251 1558 dicimus
271 1519 438 1569 Klafter,
466 1526 672 1557 constanter
692 1534 753 1557 ve-

104 1577 237 1614 teribus
258 1582 313 1614 est
334 1589 503 1613 mensura
521 1589 583 1613 sex
606 1577 750 1626 pedum.

104 1634 212 1670 Conf.
241 1633 380 1669 qurm.
412 1633 458 1669 de
487 1633 625 1682 pondd.
667 1637 753 1669 vett.

105 1694 186 1725 ratt.
212 1702 297 1738 pag.
329 1691 393 1728 91.
413 1691 477 1728 92.
536 1689 752 1738 Scripsimus

103 1750 224 1781 autem
248 1751 284 1781 et
304 1745 371 1780 hoc
398 1744 475 1780 loco
508 1748 544 1781 et
570 1758 648 1794 cap.
675 1757 751 1792 seq.

105 1796 286 1853 ὀργυιῇσι
297 1813 376 1835 cum
395 1804 540 1836 recentt.
550 1813 616 1849 pro
627 1796 756 1851 ὀργυί-

105 1868 196 1910 ῃσι,
226 1861 264 1892 ut
286 1854 370 1891 olim
391 1854 588 1903 legebatur.

322 1938 354 1975 C
371 1950 393 1975 a
410 1951 446 1989 p.
476 1937 539 1974 VI.

164 2016 288 2071 αὐτῆς
307 2019 349 2060 δὲ
368 2024 438 2072 τῆς
451 2018 656 2072 Αἰγύπτου
678 2018 758 2059 ἐστὶ

105 2081 231 2130 μῆκος
250 2075 292 2116 τὸ
314 2073 422 2129 παρά
445 2074 651 2116 θάλασσαν
671 2091 704 2114 κ.
725 2091 757 2114 τ.

104 2134 159 2185 λ.]
188 2129 310 2183 αὐτῆς
339 2132 381 2173 δὲ
402 2137 472 2184 τῆς
500 2148 578 2170 cum
608 2136 757 2170 recentt.

104 2190 230 2240 scripsi
245 2203 311 2240 pro
332 2185 442 2236 αὖτις
462 2187 503 2228 δὲ
524 2185 659 2239 αὐτῆς.
699 2188 758 2224 Ad

106 2251 358 2295 argumentum
394 2247 460 2283 loci
505 2246 607 2293 facit,
659 2244 758 2292 quod

106 2303 214 2353 paulo
245 2303 391 2339 inferius
422 2306 583 2338 notatur:
633 2301 760 2337 schoe-

107 2360 193 2395 nffm
220 2359 405 2406 sexaginta
428 2359 561 2395 stadiis
589 2370 669 2394 esse
693 2368 759 2406 pa-

109 2427 196 2460 rem,
226 2418 266 2450 ut
280 2415 394 2450 omnis
415 2427 499 2451 orae
515 2413 672 2461 Aegypti
684 2425 758 2449 ma-

109 2470 249 2506 ritimae
270 2470 457 2517 longitudo
489 2470 534 2506 sit
560 2470 758 2505 stadiorum

109 2532 162 2562 ter
174 2525 267 2560 mille
278 2532 523 2562 sexcentorum
534 2540 544 2570 ·‚
574 2536 667 2572 quae
679 2525 759 2573 ipsa

109 2593 188 2618 cum
222 2581 376 2616 ducentis
416 2582 652 2630 qzmdraginta
681 2580 759 2616 Ro-

108 2649 294 2673 manorum
336 2636 504 2673 milliariis
537 2636 759 2672 convenient.

109 2693 217 2729 Conf.
236 2693 329 2728 infra
348 2692 401 2739 ll,
421 2692 498 2733 149
519 2692 594 2728 init.
618 2696 654 2728 et
671 2691 762 2728 Dio-

109 2749 187 2784 dor.
225 2748 362 2784 Siculus
392 2747 429 2793 I,
463 2749 538 2794 31,
571 2747 633 2795 qui
676 2759 761 2783 orae

110 2805 309 2841 maritimae
328 2805 399 2839 duo
421 2803 528 2839 millia
547 2802 668 2839 tribuit
687 2807 761 2838 sta-

111 2861 270 2909 diorum,
298 2873 364 2898 nec
384 2863 504 2898 tamen
523 2858 687 2896 indicatis
708 2857 762 2896 lo-

825 1074 894 1120 cis,
925 1087 946 1112 e
967 1074 1094 1123 quibus
1116 1073 1176 1110 illa
1195 1072 1343 1122 incipiat
1360 1076 1395 1109 et
1415 1070 1476 1107 ubi

823 1130 935 1167 finiat.
969 1130 1110 1173 Quodsi
1128 1142 1214 1166 vero
1232 1129 1298 1165 iste
1316 1140 1388 1164 non
1401 1126 1476 1162 vul-

823 1186 923 1233 garia
945 1186 1118 1223 intellexit
1146 1186 1283 1231 stadia,
1323 1196 1474 1232 quornm

823 1242 1010 1288 sexaginta
1053 1241 1233 1291 complent
1267 1239 1474 1285 schoenum,

822 1298 887 1334 sed
898 1298 1088 1346 Olympica
1099 1310 1213 1345 eaque
1224 1297 1371 1341 maiora,
1383 1308 1473 1343 quo-

820 1366 897 1389 rum
940 1355 1012 1389 duo
1054 1359 1090 1390 et
1125 1354 1272 1400 triginta
1318 1355 1475 1398 aequant

820 1410 1010 1445 schoenum
1047 1409 1164 1455 (teste
1196 1408 1313 1443 Plinio
1348 1407 1396 1442 H.
1424 1406 1474 1441 R,

819 1464 909 1511 XII,
947 1464 997 1504 14
1029 1464 1107 1501 coll.
1136 1464 1191 1510 Π,
1225 1464 1296 1510 23)
1326 1466 1361 1497 et
1393 1465 1474 1497 oct„

819 1520 1020 1557 milliarium
1041 1521 1268 1564 Romanum,
1300 1517 1475 1554 efficietur

820 1577 906 1613 inde
942 1589 1079 1613 summa
1118 1575 1338 1611 ducentorum
1373 1575 1472 1622 qnin-

821 1634 993 1683 quaginta
1012 1632 1276 1675 milliariorum3
1307 1629 1405 1678 quod
1428 1629 1473 1665 ab

820 1689 1039 1726 Herodoteis
1066 1688 1241 1725 mensuris
1269 1699 1341 1723 non
1372 1684 1475 1721 valde

820 1746 948 1782 abesse
967 1758 1073 1781 nemo
1095 1757 1169 1780 non
1188 1742 1364 1789 intelligit.
1397 1741 1475 1777 Nec

820 1800 968 1838 multum
989 1801 1103 1845 abest,
1115 1800 1214 1847 quod
1227 1799 1358 1834 Strabo
1370 1795 1474 1832 XVII

821 1868 908 1906 pag·
929 1857 1035 1895 1137
1055 1868 1076 1891 a
1092 1854 1279 1891 Pelusiaco
1307 1853 1397 1888 ostio
1416 1865 1474 1886 us-

824 1924 895 1960 que
912 1912 958 1946 ad
971 1910 1193 1959 Canopicum
1214 1909 1476 1957 longitudinem

824 1967 1040 2003 maritimam
1054 1971 1109 2002 ter
1127 1965 1222 2002 mille
1238 1967 1476 2001 trecentorum

825 2022 1022 2058 stadiorum
1044 2034 1125 2058 esse
1142 2020 1282 2067 scribit,
1315 2019 1474 2067 quamvis

824 2079 920 2114 idem
943 2090 1028 2127 pag.
1060 2076 1167 2117 1140
1191 2075 1285 2113 mille
1315 2080 1474 2111 trecenta

824 2138 938 2184 ponat
964 2133 1098 2177 stadia;
1140 2145 1213 2180 quo
1241 2131 1359 2181 spatio
1395 2143 1475 2166 cum

824 2190 1008 2227 Diodorus
1032 2188 1123 2235 I,34
1143 2187 1272 2225 Deltae
1291 2199 1390 2222 oram
1410 2187 1475 2222 de-

825 2245 946 2292 finiat,
975 2244 1235 2291 l'Vesselingius
1254 2243 1301 2279 ad
1320 2242 1472 2278 Diodor.

824 2301 854 2348 Ι,
881 2304 931 2341 31
962 2314 1035 2336 non
1067 2301 1228 2346 dubitat,
1258 2298 1342 2346 quin
1376 2298 1473 2346 prior

825 2358 1015 2393 Strabonis
1034 2356 1131 2392 locus
1144 2369 1185 2393 ex
1196 2354 1386 2404 posteriori
1396 2365 1473 2389 cor—

825 2413 892 2461 rigi
913 2413 1055 2458 debeat,
1085 2425 1162 2448 cum
1180 2411 1361 2447 Diodorus
1385 2409 1473 2445 alte-

825 2482 865 2505 ro
887 2469 963 2504 loco
987 2469 1013 2514 l,
1027 2471 1077 2508 31
1100 2480 1176 2504 eam
1190 2467 1301 2502 addat
1318 2465 1411 2512 Aeg)
1424 2465 1473 2512 pti

824 2530 976 2574 partein,
1006 2537 1099 2572 qnae
1120 2528 1219 2559 extra
1235 2521 1378 2558 Deltam
1397 2523 1473 2557 t'uc-

824 2582 870 2616 rit
908 2581 984 2616 sita.
1032 2578 1322 2615 Schlichtborstio
1351 2580 1474 2613 contra

825 2636 925 2686 prior
938 2636 1124 2672 Strabonis
1141 2634 1238 2670 locus
1258 2634 1398 2669 videtur
1417 2644 1474 2668 sa-

826 2705 892 2728 nus
917 2696 953 2728 et
981 2704 1025 2729 ex
1045 2704 1088 2728 eo
1115 2689 1315 2740 posterior,
1343 2689 1379 2723 in
1401 2700 1473 2736 quo

826 2747 958 2783 librarii
980 2748 1071 2796 lapsi
1095 2747 1247 2791 fuerint,
1277 2745 1473 2781 emendan-

827 2804 907 2843 dus,
932 2815 1017 2851 pag.
1041 2805 1104 2844 26.
1132 2804 1185 2842 27
1211 2804 1285 2837 not.
1306 2799 1328 2836 l.
1354 2799 1376 2836 l.
1413 2798 1472 2836 Ad

826 2858 867 2896 u
879 2858 1058 2909 esseiingii
1087 2857 1254 2896 iudicium
1284 2855 1402 2894 denuo
1433 2867 1473 2893 sc
