1909 3228
475 219 560 261 512

866 212 1333 254 HERODOTI

475 325 608 370 πάλαι
645 325 692 366 αἱ
730 324 893 379 Θῆβαι,
939 323 1158 378 Αἴγυπτος
1199 321 1412 365 ἐκαλέετο·
1469 326 1545 378 τῆς
1572 322 1619 365 τό
1650 336 1724 364 πε-

477 408 678 461 ρίμετρον
724 399 889 445 aniame
931 401 1011 444 εἰσι
1048 401 1182 443 εἴκοσι
1220 400 1292 443 καὶ
1331 399 1486 444 ἑκατὸν
1521 402 1596 444 καὶ
1630 400 1725 452 ἑξα-

422 666 498 716 (ΙΙ,
519 665 579 714 9),
610 677 692 703 eum
714 663 863 702 Thebas
891 675 964 700 non
983 662 1069 699 visi-

421 728 531 760 tasse.
591 721 696 764 Quae
713 733 791 758 cum
812 720 862 757 ita
883 720 974 766 sint,
999 719 1068 755 nisi

422 779 457 816 in
480 777 642 828 episodia
671 777 826 826 quadam
853 776 900 813 de
929 775 1067 813 Thebis

421 834 595 872 relaturus
622 837 698 870 erat
727 832 961 878 Herodotus,
991 831 1069 869 He-

422 890 537 929 cataei
562 891 773 926 auctoritate
799 901 880 926 eum
911 900 1070 925 eommo-

422 951 497 984 tum
520 945 629 983 fuisse
646 946 790 982 credam
803 973 814 991 ,
831 948 872 981 ut
888 944 990 980 huius
1009 957 1069 980 ur-

421 1004 478 1040 bis
495 1006 568 1039 tam
580 1001 780 1039 celebratae
789 1000 1066 1050 descriptionem

423 1059 614 1096 omitteret.
671 1056 729 1095 De
761 1057 858 1093 cuius
887 1056 1069 1105 magnitu-

423 1116 507 1152 dine
528 1118 564 1152 et
584 1113 720 1150 ambitu
749 1113 904 1163 (quippe
919 1113 1068 1149 confuso

424 1175 460 1209 et
488 1170 585 1207 urbis
621 1173 658 1207 et
681 1173 798 1206 terrae
833 1169 1000 1216 nomine,
1029 1172 1069 1204 ut

422 1228 470 1265 ad
502 1226 596 1264 illam
625 1227 861 1273 reserrentur,
901 1238 993 1274 quae
1020 1224 1070 1261 ad

422 1283 516 1321 hanc
542 1282 783 1333 pertinerent)
812 1294 906 1331 quae
937 1280 1069 1318 Graeci

424 1338 641 1377 confabulati
660 1338 812 1385 suerint,
841 1339 977 1375 referre
994 1349 1068 1374 non

422 1399 535 1433 vacat.
573 1393 754 1431 Admonet
781 1394 848 1432 Cr.
874 1397 910 1431 et
930 1393 1070 1430 Home-

423 1451 486 1488 rici
503 1451 570 1488 loci
587 1450 623 1485 in
652 1449 753 1486 Iliad.
784 1449 836 1486 IX
849 1478 859 1496 ,
877 1450 960 1490 383
978 1462 1069 1496 seq.,

424 1506 510 1555 qui,
551 1509 754 1555 exponente
783 1505 927 1553 Heynio
963 1504 1069 1551 (Ob-

423 1575 537 1600 servv.
563 1566 649 1598 tom.
672 1561 704 1597 V
726 1574 762 1611 p.
785 1561 893 1609 611)
920 1560 990 1597 iam
1008 1571 1070 1597 ve-

423 1618 558 1655 teribus
585 1617 723 1666 largam
760 1616 970 1666 disputandi
1003 1628 1068 1651 an-

425 1687 506 1711 sam
524 1673 709 1723 praebuit,
739 1676 775 1710 et
805 1685 946 1718 eorum,
977 1683 1071 1720 quae

423 1735 500 1767 tum
535 1729 580 1766 ab
608 1728 653 1766 Is.
681 1728 784 1765 Voss.
814 1729 861 1765 ad
891 1727 1069 1777 Pompon.

423 1785 511 1823 Mel.
544 1784 581 1832 I,
612 1786 637 1824 9
676 1796 761 1833 pag.
783 1784 864 1824 613
894 1783 952 1820 ed.
981 1781 1068 1818 Abr.

426 1842 586 1878 Gronov.
608 1840 701 1876 hanc
719 1840 754 1875 in
765 1851 841 1876 rem
859 1837 965 1875 allata
975 1841 1070 1884 sunt,

424 1901 500 1934 tum
533 1908 556 1932 a
586 1895 757 1932 Valcken.
787 1894 824 1931 in
845 1893 998 1931 Dissert.
1023 1893 1070 1931 de

425 1951 567 1990 scholiis
590 1952 627 1987 in
651 1951 874 1997 Homerum,
912 1950 1069 2001 Opuscc.

423 2008 458 2046 ΙΙ
482 2021 567 2059 pag.
590 2010 654 2049 99.
715 2007 857 2051 Quibus
886 2006 981 2043 idem
1004 2005 1068 2043 Cr.

424 2064 564 2102 adiicit:
604 2062 721 2100 Tacit.
749 2061 891 2099 Annall.
931 2062 986 2110 11,
1016 2064 1070 2103 60

425 2125 462 2159 et
482 2120 559 2168 (de
581 2118 706 2156 leebz's
725 2118 909 2169 Ogygiis)
938 2117 975 2156 T
976 2122 1067 2156 zetz.

425 2177 463 2214 in
481 2175 710 2225 Lycophron.
729 2188 780 2212 vs.
803 2176 910 2217 1206
932 2187 968 2224 p.
987 2173 1068 2216 957

425 2245 502 2282 seq.
539 2232 624 2280 ibiq.
669 2230 810 2269 Miiller.
853 2230 996 2268 Scholia
1031 2230 1070 2266 in

424 2288 571 2326 Aristid.
594 2287 793 2325 Panathen.
815 2299 900 2338 pag.
916 2287 996 2328 100
1013 2285 1070 2323 ed.

424 2342 618 2382 Frommel.
660 2343 811 2381 Gesner.
847 2343 896 2379 ad
921 2341 1071 2380 Lucian.

426 2404 450 2438 t.
471 2400 525 2437 lx
544 2413 580 2450 p.
602 2398 683 2441 408
705 2400 761 2437 ed.
780 2399 927 2449 Bipont.
955 2397 1072 2446 Equi-

426 2457 508 2494 dem
535 2455 741 2506 primarium
771 2454 925 2492 Diodori
954 2453 1071 2490 locum

424 2511 463 2559 I,
483 2511 536 2553 49
569 2511 792 2558 adscribam,
831 2510 892 2547 ubi
920 2509 1071 2547 aliorum

425 2567 629 2605 testimonia
669 2566 814 2616 collegit
851 2564 1069 2614 Wesseling.

425 2622 533 2660 Plura
552 2635 647 2660 nunc
675 2623 722 2660 de
741 2622 837 2660 urbis
863 2622 931 2659 situ
952 2622 1072 2670 deque

426 2678 653 2728 amplissimis
674 2679 747 2716 eius
775 2678 962 2716 ruderibus
988 2690 1072 2728 per-

428 2735 647 2783 scripserunt
689 2734 899 2773 recentioris
944 2734 1070 2772 aetatis

427 2790 737 2838 peregrinatores,
779 2791 939 2841 inprimis
976 2789 1072 2827 Galli

427 2844 544 2892 docti,
563 2846 717 2884 editores
738 2847 858 2898 operis
870 2860 879 2885 :
890 2846 1071 2898 Descript.

1134 663 1181 701 de
1209 662 1368 714 l’Egypt.
1416 663 1579 707 Quorum
1610 674 1783 701 summam

1134 720 1254 758 retulit
1299 720 1461 757 Ritterus
1518 719 1784 758 accuratissime

1135 776 1294 826 singulas
1326 780 1449 826 partes
1485 788 1528 813 ae
1553 774 1695 824 singula
1726 787 1786 811 ru-

1135 833 1223 870 dera
1254 832 1458 869 describens
1494 832 1531 868 in
1553 831 1744 869 Erdkund.
1769 829 1786 867 I

1135 901 1221 939 pag.
1251 889 1333 929 733
1368 901 1470 937 seqq.
1506 887 1583 925 coll.
1611 886 1786 925 Schlicht-

1135 945 1247 982 horst.
1274 944 1295 981 l.
1314 944 1334 980 l.
1356 957 1441 995 pag.
1463 946 1540 985 103
1561 957 1636 993 seq.
1678 942 1786 980 Nunc

1135 1000 1255 1051 plures
1282 1000 1348 1037 vici
1374 1000 1529 1049 spatium
1558 999 1644 1036 illud
1678 1012 1785 1037 occu-

1135 1061 1246 1106 pant,
1276 1057 1313 1093 in
1345 1069 1416 1105 quo
1442 1061 1543 1093 vetus
1575 1055 1785 1093 Thebarum

1135 1113 1219 1149 urbs
1241 1112 1308 1148 suit
1326 1116 1524 1159 exstructa,
1553 1111 1590 1147 in
1615 1110 1784 1148 occiden-

1134 1167 1195 1205 tali
1208 1167 1282 1206 Nili
1298 1169 1378 1218 ripa
1396 1168 1589 1218 praecipue
1599 1165 1783 1217 IlIeclynet-

1135 1225 1233 1272 Abu,
1251 1225 1288 1262 in
1307 1224 1470 1263 orientali
1490 1223 1613 1261 Duxor
1631 1228 1668 1262 et
1687 1222 1785 1260 Kar-

1135 1281 1217 1318 nak.

1190 1363 1338 1402 Nomen
1378 1364 1474 1401 urbis
1517 1363 1666 1402 Graecis
1695 1375 1786 1412 quo-

1136 1433 1206 1470 qne
1237 1425 1293 1458 est
1311 1415 1545 1466 Διὸσπολις,
1576 1421 1597 1455 i.
1626 1433 1658 1457 e.
1689 1418 1785 1455 Iovis

1135 1477 1236 1523 urbs,
1290 1477 1387 1524 quod
1429 1475 1619 1512 convenire
1660 1474 1786 1511 volunt

1136 1545 1213 1569 cum
1235 1530 1417 1582 Aegyptio
1437 1531 1533 1567 urbis
1549 1531 1693 1567 nomine
1706 1529 1783 1568 No-

1135 1587 1288 1625 Ammon.
1346 1588 1428 1624 Hoc
1462 1592 1580 1624 autem
1607 1587 1786 1636 significat

1137 1645 1310 1681 Ammonis
1340 1643 1420 1692 (qui
1440 1642 1699 1693 Aegyptiorum
1726 1643 1786 1679 lu-

1137 1701 1232 1751 piter
1255 1700 1328 1747 est)
1346 1702 1504 1749 partem,
1528 1701 1785 1747 possessionem,

1132 1755 1318 1806 peculium.
1375 1754 1435 1791 De
1471 1766 1543 1802 quo
1583 1755 1679 1791 idem
1717 1754 1783 1791 Cr.

1138 1811 1274 1848 consuli
1292 1809 1386 1846 vult:
1410 1808 1619 1857 „Iablonsk.
1630 1810 1784 1859 Opuscc.

1138 1866 1153 1903 I
1181 1879 1265 1916 pag.
1289 1868 1367 1907 163
1383 1868 1543 1907 —168.
1583 1866 1784 1916 Champoll.

1136 1922 1296 1973 l‘Egypt.
1314 1935 1398 1959 sous
1416 1921 1437 1958 l.
1459 1922 1565 1958 Phar.
1586 1921 1600 1958 I
1620 1935 1705 1972 pag.
1717 1924 1785 1968 30,

1137 1979 1250 2015 virum
1283 1979 1426 2015 doctum
1462 1978 1497 2014 in
1535 1977 1595 2015 the
1624 1978 1785 2015 classical

1136 2034 1286 2071 Journal
1321 2034 1389 2071 vol.
1418 2033 1466 2071 Ill
1495 2046 1579 2084 pag.
1603 2034 1696 2075 374.
1734 2033 1785 2071 IV

1136 2104 1172 2141 p.
1196 2092 1299 2139 369,
1342 2094 1379 2128 et
1410 2089 1590 2139 De'script.
1616 2091 1662 2126 de
1691 2089 1783 2138 l’Eg.

1137 2147 1274 2196 antiqq.
1304 2146 1373 2183 vol.
1393 2145 1424 2182 Il
1446 2159 1482 2196 p.
1496 2145 1579 2187 425
1605 2167 1645 2172 —
1663 2144 1785 2186 427.“

1192 2231 1264 2280 τῆς
1294 2224 1337 2269 τὸ
1360 2228 1592 2280 περίμετρον
1631 2223 1785 2268 στάδιοί

1140 2283 1214 2324 εἰσι
1235 2284 1358 2324 εἴκοσι
1377 2283 1444 2323 καὶ
1459 2281 1599 2323 ἑκατόν
1615 2284 1682 2324 καὶ
1700 2283 1783 2332 ἑξα-

1137 2339 1340 2392 κισχίλιοι]
1377 2341 1479 2378 Haec
1509 2353 1581 2377 non
1610 2341 1658 2378 ad
1686 2341 1783 2379 urbis

1139 2397 1347 2435 Thebarum
1386 2397 1558 2434 ambitum
1591 2396 1786 2446 pertinent,

1140 2454 1204 2491 sed
1221 2454 1268 2491 ad
1281 2452 1316 2490 Τ
1319 2452 1508 2491 hebaidem
1526 2457 1657 2491 terram
1676 2465 1784 2502 quam

1137 2509 1247 2558 vulgo
1267 2509 1441 2557 dicimus,
1470 2510 1544 2546 sive
1563 2509 1784 2559 superiorem

1137 2563 1295 2615 Aegypti
1320 2570 1478 2615 partem,
1508 2577 1601 2614 quae
1632 2565 1677 2602 ab
1706 2564 1785 2603 He-

1138 2621 1348 2672 ptanomide
1367 2621 1540 2671 incipiens
1567 2620 1615 2658 ad
1636 2620 1784 2658 Aethio-

1137 2677 1220 2727 piae
1265 2678 1355 2715 fines
1392 2677 1596 2727 porrigitur.
1659 2676 1783 2726 Ipsum

1142 2732 1329 2770 Thebaidis
1356 2745 1489 2770 nomen
1514 2733 1607 2770 infra
1633 2732 1785 2770 occurrit

1137 2789 1193 2836 11,
1212 2791 1288 2836 28,
1316 2789 1414 2827 unde
1441 2789 1600 2827 diversus
1632 2787 1668 2826 T
1665 2787 1782 2826 hebai-

1138 2858 1200 2883 cus
1217 2857 1336 2883 nomas
1353 2845 1386 2883 11
1397 2873 1409 2894 ,
1425 2844 1492 2888 42.
