1909 3228
410 215 494 256 4⁰8

808 211 1275 252 HERODOTI

411 320 628 377 πρότερον
653 320 884 378 γενομένη,
920 323 973 377 τῇ
1002 318 1173 376 οὕνομα
1200 315 1257 377 ἦν
1287 322 1539 377 Σεμίραμις.
1591 320 1661 364 αὕ-

359 507 432 544 que
466 494 627 532 Ctesiam
659 496 758 531 esset
789 504 1003 530 consensus,

359 551 443 598 Sic,
480 550 530 586 uti
554 550 623 587 hoc
650 553 753 597 utar,
788 562 857 601 pro
889 547 1005 588 πέντε

359 605 538 655 Iosephus
586 604 748 654 Scaliger
792 607 1005 655 rescriptum

363 661 477 698 voluit
515 656 783 711 πεντήκοντα,
839 661 1007 710 Vitriuga

362 713 570 757 δεκαπέντε
589 712 694 767 (ιε’);
724 731 796 767 quo
816 722 944 756 neutro
966 732 1008 754 0-

361 786 431 825 pus
452 786 535 811 esse
558 774 628 810 iam
652 774 789 811 dudum
821 774 907 811 mihi
923 787 1008 825 per-

362 830 477 866 suasit
491 829 769 878 Wesselingius.
824 829 921 868 Nam
943 844 1010 868 nee

362 885 473 932 Nini,
512 899 580 924 nec
604 886 875 934 Semiramidis,
915 900 1009 935 quae

364 942 440 980 eius
455 942 561 979 suerit
577 955 679 990 uxor,
704 956 872 992 quaeque
886 943 1010 991 Baby-

364 998 483 1036 lonem
519 999 753 1047 exstruxerit,
805 999 875 1035 ulla
911 999 1010 1048 apud

365 1054 540 1093 Nostrum
566 1055 725 1102 mentio,
766 1055 827 1104 qui
850 1056 918 1092 hoc
938 1068 1010 1091 uno

366 1111 445 1149 loco
495 1123 603 1147 unam
640 1124 720 1149 eam
758 1116 1016 1149 commemorat

365 1167 660 1216 Semiramidem,
718 1180 811 1216 quae
854 1169 1015 1217 quinque

366 1223 659 1273 generationibus
679 1228 764 1261 ante
787 1224 894 1261 aliam
919 1225 1016 1273 regi-

367 1293 428 1317 am
446 1279 616 1316 seminam
631 1279 795 1318 Nitocrin
813 1281 953 1328 vixerit,
982 1284 1018 1318 et

366 1335 650 1384 Babyloniorum
669 1336 748 1384 regi
759 1337 937 1386 cuiquam,
957 1350 1018 1374 cu-

368 1393 424 1428 ius
441 1405 575 1428 nomen
593 1396 690 1429 tacet
708 1392 932 1440 Herodotus,
951 1406 1020 1429 nu·-

367 1451 434 1498 pta
465 1448 576 1484 videri
603 1452 723 1497 queat.
776 1449 901 1486 Plures
921 1449 1018 1486 euim

369 1503 474 1540 huius
502 1503 658 1540 nominis
687 1505 833 1552 reginas
863 1504 945 1540 olim
979 1505 1016 1540 in

370 1557 459 1596 Asia
478 1559 591 1596 fuisse
620 1564 656 1596 et
683 1559 722 1596 in
746 1561 903 1597 historiis
925 1573 1017 1596 uun-

371 1614 512 1665 cupari‚
551 1615 598 1652 ad
631 1616 832 1653 fabularum
858 1617 1016 1653 rationes

371 1683 466 1720 quae
487 1671 674 1708 traductae
686 1677 748 1708 aut
760 1673 890 1721 quibus
906 1673 1017 1710 multa

371 1726 536 1764 sabulosa
559 1727 720 1764 admixta
734 1729 887 1775 suerint,
909 1741 1016 1765 nemo

371 1783 565 1831 quisquam
601 1783 751 1833 peritior
790 1785 828 1820 in
870 1785 1018 1821 dubium

372 1838 563 1875 vocaverit.
628 1838 761 1888 Neque
811 1852 893 1876 raro
942 1853 1018 1886 eas,

373 1906 466 1943 quae
482 1907 549 1943 pro
579 1897 783 1944 temporum
802 1896 943 1934 ratione
962 1896 1018 1932 di-

373 1950 510 1998 stingui
542 1950 719 1998 debeant,
762 1952 935 1989 confundi
964 1952 1020 1988 in-

373 2009 430 2043 ter
450 2018 492 2042 se
507 2034 518 2053 ,
547 2009 672 2043 notum
688 2010 754 2044 est.
785 2008 1021 2058 Quapropter

373 2061 489 2098 virum
522 2062 669 2100 doctum
702 2064 834 2111 miror,
886 2066 947 2114 qui
983 2064 1021 2101 in

374 2117 602 2156 Becherches
629 2120 814 2157 nouvelles
833 2133 894 2157 sur
914 2121 1021 2158 l'hist.

374 2186 454 2211 ane.
483 2177 510 2211 t.
529 2174 581 2211 111
610 2188 689 2226 cap.
706 2176 758 2213 VI
785 2188 870 2226 pag.
895 2178 949 2218 36
965 2189 1021 2226 sq.

375 2242 483 2267 unam
504 2231 729 2281 eandemque
741 2232 854 2270 fuisse
873 2237 1024 2271 conten-

376 2286 431 2323 dit
452 2289 490 2324 et
517 2286 698 2325 Herodoti
721 2292 758 2326 et
790 2289 937 2327 Ctesiae
956 2290 1025 2326 Se-

375 2341 616 2391 miramidem,
667 2356 761 2393 quae
798 2345 1024 2394 Babylonem

376 2397 462 2435 olim
473 2399 674 2438 condiderit
688 2414 698 2446 3
716 2401 810 2438 adeo
822 2406 861 2439 ut
877 2402 1024 2439 Ctesiae

377 2455 570 2492 auctoritas
607 2456 645 2493 in
688 2457 787 2494 hisce
833 2457 1025 2495 Herodoto

377 2511 618 2560 praeferenda
647 2511 712 2560 sit,
743 2513 804 2562 qui
823 2513 1027 2551 Chaldaeo-

377 2578 457 2602 rum
475 2579 518 2604 ac
536 2567 819 2617 Babyloniorum
848 2570 1026 2607 narratio-

379 2621 485 2658 nibus
505 2622 542 2660 in
561 2624 724 2662 fraudem
742 2638 783 2663 se
800 2626 920 2663 induci
939 2639 1026 2676 pas-

381 2689 443 2712 sus
481 2678 538 2715 sit.
604 2679 782 2729 Nolumus
817 2682 962 2731 longius
987 2682 1025 2718 in

381 2731 436 2768 his
463 2734 682 2783 subsistere,
715 2735 810 2786 quae
833 2751 959 2776 vereor
989 2744 1028 2776 ut

383 2798 538 2834 unquam
558 2791 736 2829 conciliari
760 2795 912 2844 possint.
969 2793 1028 2833 De

383 2841 444 2878 illa
470 2843 707 2886 Semiramide
733 2850 834 2896 (non
859 2851 1028 2889 Herodo-

1070 492 1152 540 tea,
1183 492 1250 530 sed
1266 493 1376 544 priori
1406 493 1485 541 illa,
1513 508 1578 544 per
1605 499 1714 532 totam

1071 550 1148 588 sere
1171 549 1295 586 Asiam
1324 562 1418 598 quae
1445 550 1627 588 celebrata
1642 552 1716 599 est)

1072 611 1216 657 praeter
1251 605 1453 644 Diodorum
1502 607 1558 644 vel
1602 608 1718 656 petius

1074 662 1235 700 Ctesi-am
1255 661 1291 699 h.
1309 661 1331 698 l.
1364 663 1499 699 confer.
1519 662 1631 700 Beck.
1656 663 1679 700 1.
1696 663 1720 700 l.

1074 731 1159 769 pag.
1185 721 1263 760 192
1283 731 1364 767 sqq.
1393 718 1641 756 Herodoteam
1653 720 1724 757 Se-

1074 775 1299 812 miramidem
1317 774 1522 812 Larcherus
1541 777 1645 825 ponit
1658 788 1724 812 au-

1076 843 1123 868 no
1141 834 1225 872 746
1259 844 1291 867 a.
1327 831 1414 867 Chr.
1446 843 1494 878 n.,
1523 831 1554 866 si
1580 832 1724 881 quidem

1075 887 1236 925 Bitonis
1261 887 1394 923 ineidat
1421 887 1457 923 in
1486 900 1618 924 annum
1644 890 1723 929 620

1076 956 1109 981 a.
1132 944 1238 990 Chr.·,
1265 944 1312 981 de
1329 956 1402 993 quo
1424 944 1497 981 vid.
1520 944 1567 981 ad
1590 944 1626 992 l,
1649 943 1724 986 185

1076 1000 1154 1038 init.

1139 1056 1215 1093 lam
1260 1056 1359 1104 quod
1395 1055 1443 1092 ad
1481 1055 1727 1093 Semiramidis

1079 1125 1192 1163 opera
1213 1113 1363 1159 attinet,
1393 1124 1503 1161 supra
1523 1113 1594 1148 iam
1611 1125 1728 1149 anno-

1081 1169 1166 1215 tavi,
1194 1182 1261 1219 per
1280 1181 1424 1205 omnem
1445 1169 1520 1206 sere
1535 1168 1656 1205 Asiani
1670 1182 1731 1205 su-

1082 1226 1261 1277 periorem
1278 1237 1419 1261 summa
1442 1237 1608 1273 quaeque
1636 1225 1733 1262 eius-

1084 1283 1167 1319 dem
1184 1282 1329 1318 nomine
1350 1280 1521 1318 celebrari
1542 1282 1646 1330 eique
1666 1281 1731 1318 ad-

1084 1338 1202 1375 scribi.
1241 1338 1302 1374 Sic
1323 1337 1369 1374 de
1390 1337 1559 1386 operibus
1581 1337 1732 1386 quibus-

1085 1394 1170 1431 dam
1191 1394 1438 1431 Semiramidis
1460 1393 1496 1428 in
1517 1392 1641 1430 Media
1656 1406 1733 1429 ma-

1086 1462 1160 1498 gna
1189 1449 1347 1497 loquitur
1376 1449 1560 1486 Diodorus
1592 1449 1647 1495 ll,
1681 1451 1731 1489 13

1086 1507 1172 1554 ibiq.
1200 1505 1419 1553 wesseling.
1462 1509 1497 1541 et
1522 1505 1733 1555 Geograph.

1084 1562 1211 1599 minor.
1251 1561 1303 1608 ll,
1329 1564 1353 1602 6
1395 1561 1450 1598 ed.
1482 1560 1649 1597 Hudson.
1697 1567 1733 1598 et

1085 1631 1179 1667 quae
1216 1617 1284 1654 alia
1312 1630 1355 1654 ex
1389 1617 1620 1653 orientalibus
1648 1618 1734 1654 scii-

1085 1674 1248 1725 ptoribus
1265 1673 1552 1722 prosertHoeek.
1577 1674 1613 1710 iu
1625 1679 1735 1711 veter.

1084 1730 1186 1767 Med.
1202 1734 1237 1766 et
1257 1729 1357 1765 Pers.
1374 1733 1594 1766 monument.
1607 1743 1644 1780 p.
1656 1730 1734 1770 115

1085 1798 1188 1834 seqq.
1210 1785 1256 1822 dc
1277 1785 1524 1821 Semiramidis
1551 1789 1672 1822 statua
1701 1791 1737 1824 et

1085 1841 1261 1879 columna.
1301 1841 1360 1878 De
1391 1842 1533 1889 magnis
1554 1843 1738 1892 operibus,

1087 1898 1371 1946 aquaeductibus
1401 1898 1594 1948 praecipue
1621 1911 1738 1949 prope

1087 1954 1274 1991 Ecbatana
1314 1954 1410 1991 idem
1445 1954 1629 1992 Diodorus
1659 1955 1681 1991 l.
1714 1955 1738 1992 l.

1088 2011 1246 2059 itemque
1273 2010 1319 2047 de
1340 2010 1528 2047 ruderibus
1558 2011 1740 2061 hodieque

1089 2067 1137 2103 ibi
1157 2066 1317 2103 locorum
1336 2067 1450 2103 obviis
1471 2080 1587 2116 prope
1612 2068 1738 2105 urbem

1088 2123 1305 2169 Hamadan,
1334 2123 1405 2160 vid.
1432 2123 1636 2159 Hoeckium
1665 2123 1686 2159 l.
1714 2123 1737 2159 Ι.

1089 2192 1174 2230 pag.
1201 2179 1280 2220 155
1303 2192 1380 2227 seq.
1423 2178 1504 2214 Alia
1526 2179 1603 2216 eius
1625 2191 1740 2229 opera

1090 2237 1127 2272 in
1158 2234 1329 2272 Armenia
1360 2239 1603 2271 memorantur
1630 2236 1740 2272 exsti-

1089 2292 1201 2336 tisse3
1228 2291 1299 2327 vid.
1323 2291 1408 2328 ibid.
1427 2304 1463 2340 p.
1494 2293 1581 2332 100.
1612 2291 1741 2328 Notis-

1091 2347 1220 2384 simum
1260 2359 1406 2395 quoque
1458 2349 1606 2395 reginae
1647 2361 1738 2398 opus

1090 2402 1276 2440 hortorum
1297 2402 1507 2452 pensilium,
1539 2405 1585 2441 de
1610 2405 1740 2453 quibus

1091 2457 1196 2496 Philo
1221 2459 1375 2506 Byzant.
1396 2459 1442 2496 de
1458 2464 1550 2510 sept.
1577 2462 1652 2497 orb.
1675 2460 1742 2498 mi-

1091 2527 1183 2552 racc.
1206 2527 1291 2566 pag.
1325 2515 1351 2556 4
1383 2528 1486 2565 seqq.
1526 2517 1647 2567 ibique
1675 2530 1741 2554 au-

1093 2576 1207 2608 notat.
1229 2585 1314 2621 pag.
1339 2575 1394 2612 72
1413 2586 1516 2622 seqq.
1549 2574 1605 2610 ed.
1629 2572 1740 2611 Orell.

1091 2627 1173 2666 Nec
1191 2632 1311 2665 tamen
1339 2628 1428 2666 haec
1450 2629 1519 2666 hoc
1546 2629 1626 2667 loco
1650 2630 1740 2667 ube-

1094 2685 1167 2721 rius
1185 2689 1270 2721 sunt
1279 2685 1490 2735 explicanda
1506 2690 1543 2722 et
1560 2686 1741 2724 illustran-

1095 2741 1161 2786 da,
1191 2754 1256 2778 nec
1273 2741 1390 2789 magis
1409 2741 1572 2779 fabulosa
1591 2743 1660 2780 ista
1679 2755 1739 2780 se·

1095 2799 1248 2844 manda,
1285 2810 1438 2846 quorum
1461 2799 1632 2835 nonnulla
1657 2799 1742 2835 atti-

1095 2853 1149 2902 git
1175 2854 1380 2892 Crcuzerus
1418 2855 1455 2891 iu
1484 2854 1676 2903 Sjmbolic.
1705 2857 1737 2893 11
