1909 3228
82 313 147 358 92

589 197 1006 237 EUTERPE.
1066 197 1112 235 ΙΙ.

177 385 381 437 Ξκὲοντες
416 386 648 441 Αἰγύπτιοι
684 388 923 442 νομίζουσι.

207 464 319 508 ἕλεσι
349 466 682 522 κατοικημένοι,
712 471 824 510 τοῖσι
852 466 931 521 μὲν
962 463 1134 507 αὐτοῖσι
1164 461 1336 517 νόμοισι
1365 460 1464 516 χρέ-

1387 195 1471 235 687

322 308 469 349 Ταῦτα
500 306 579 362 μὲν
608 306 749 350 πάντα
779 307 823 350 οἵ
850 305 1095 360 κατύπερθε
1123 306 1212 347 τῶν
1240 300 1370 346 ἑλέων
1403 303 1468 346 013-
1525 314 1737 349 Aegyptiorum
1753 314 1803 349 qui

1523 348 1586 374 locu
1598 349 1741 381 palustria
1751 349 1802 375 ha-

983 387 1026 429 Οἵ
1075 385 1119 428 δὲ
1169 382 1221 439 δὴ
1262 382 1308 425 ἐν
1356 382 1802 425 τοῖσιροὺίῑιυιι,ιιιυτθεῆὶί-

1520 425 1551 475 ῐιο
1571 454 1600 476 et
1619 449 1724 483 byblm
1752 452 1804 475 aut

1522 491 1555 509 cx
1575 483 1645 508 solis
1673 483 1802 517 piscibus

1535 415 1609 442 lein:
1629 415 1725 442 victus
1734 425 1751 442 c
1760 417 1801 442 lo-

204 562 338 588 ωνται
368 550 480 589 τοῖσι
510 546 583 589 καὶ
620 547 662 588 οἱ
701 544 826 588 ἄλλοι
856 542 1107 598 Αἰγύπτιον
1157 543 1230 586 καὶ
1263 541 1315 584 τὰ
1346 539 1468 590 ἄλλα,
1524 515 1574 578 iiii
1591 516 1684 544 solem
1709 524 1788 543 amca

204 626 277 669 καὶ
306 625 481 681 γυναικὶ
510 628 588 680 μιῇ
618 624 795 675 ἕκαστος
825 622 972 666 αὐτῶν
1001 620 1241 671 συνοικέει,
1280 618 1470 673 κατάπερ

176 704 412 761 3Ἕλληνες.
467 701 594 760 ’Ateio
642 702 752 758 πρὸς
800 702 1014 760 εὐτελείην
1051 705 1140 745 τῶν
1178 701 1327 745 σιτίων
1368 698 1471 742 τάδε

345 933 377 970 c
390 946 410 971 a
422 947 458 984 p.
489 933 604 971 xcu.

206 1045 247 1086 οἷ
268 1043 310 1085 δὲ
334 1042 381 1096 δὴ
410 1044 452 1085 ἐν
478 1049 580 1085 τοῖσι
605 1044 706 1085 ἕλεσι
735 1059 804 1084 κα-

147 1101 390 1154 τοικημένοι]
421 1102 612 1152 Aegyptus
629 1108 666 1140 ut
688 1103 804 1140 omni-

148 1160 297 1197 n001i111
325 1165 403 1196 tota
431 1161 579 1196 inferior
604 1160 707 1210 palus
736 1159 802 1195 fuit

150 1217 214 1264 (cf.
238 1217 268 1252 ll
282 1216 364 1264 ,4),
394 1218 464 1263 ita,
484 1222 680 1266 postquam
702 1215 801 1252 fluvii

146 1273 269 1309 limum
298 1273 438 1322 agentis
475 1273 649 1310 beneficio
687 1286 802 1321 agge-

149 1334 242 1366 stum
262 1330 345 1376 fuit,
377 1334 492 1366 totum
516 1329 627 1367 Delta
658 1329 801 1378 paludi-

147 1386 215 1423 bus
234 1386 465 1432 abundabat,
490 1386 705 1435 praesertim
718 1384 802 1421 Nilo

149 1441 298 1490 singulis
318 1442 421 1477 aunis
443 1443 657 1479 exundante.
681 1442 805 1484 Quare

148 1497 225 1535 Nili
256 1497 410 1548 paludes
452 1495 527 1545 (τὰ
555 1500 626 1536 τοῦ
655 1498 803 1536 Νείλου

149 1553 237 1604 ἕλη)
265 1555 340 1592 sive
367 1553 528 1605 Aegypti
556 1555 708 1605 paludes
735 1550 802 1600 (τᾶ

148 1607 400 1663 Αἰγυπτιακεὶ
449 1610 545 1661 ἕλη)
591 1613 803 1660 frequenter

149 1672 404 1705 memorantur.
453 1668 589 1705 Verum
611 1672 803 1718 praeterea

149 1721 192 1763 τὸ
204 1720 324 1770 Ι’Έλος
343 1723 502 1774 Aegypti
521 1725 698 1762 inferioris
716 1736 802 1774 pars

148 1780 217 1817 hoc
247 1781 396 1830 proprio
423 1781 616 1829 designata
642 1781 802 1827 nomine,

148 1836 332 1873 Bolbitino
360 1840 396 1873 et
425 1837 671 1886 Sebennytico
701 1836 801 1873 ostiis

150 1892 305 1938 inclusa3
335 1905 429 1941 quae
457 1897 556 1930 terra
587 1893 696 1930 etiam
725 1893 760 1929 h.
779 1892 801 1928 l.

150 1949 397 1997 intelligenda.
469 1949 531 1986 Sic
551 1949 803 1987 Hemsterhus.

152 2006 199 2042 ad
218 2005 403 2055 Aristoph.
422 2004 515 2042 Plut.
538 2019 623 2056 pag.
637 2006 689 2046 55
711 2018 801 2053 seq.,

151 2061 215 2098 ubi
236 2062 307 2098 vid.
326 2061 449 2112 plura,
480 2067 515 2099 et
535 2063 607 2099 vid.
635 2062 729 2098 infra
752 2061 799 2108 II,

152 2118 246 2158 137·
273 2118 364 2159 140.
403 2119 495 2159 151·
530 2120 621 2160 152.
679 2117 802 2166 Atque

151 2174 298 2211 omnino
332 2174 391 2211 hic
429 2174 658 2224 intelligendi
698 2178 804 2211 erunt

150 2229 342 2280 Aegyptii,
383 2231 444 2280 qui
477 2233 602 2280 generi
632 2230 806 2268 bubulco-

150 2299 230 2322 rum
258 2292 445 2336 pastorum
484 2288 655 2338 adscripti
687 2291 803 2334 erant,

151 2342 320 2381 inferiore
337 2343 415 2380 loco
442 2344 491 2381 illi
517 2345 665 2393 quidem
692 2344 805 2380 habiti

151 2411 220 2435 nec
238 2399 306 2449 ipsi
324 2401 446 2437 forsan
457 2400 705 2451 Aegyptiacae
722 2401 804 2436 stir-

151 2455 208 2504 pis
228 2483 238 2501 ,
281 2456 345 2492 sed
378 2455 555 2494 Arabicae
584 2456 805 2506 Libycaeve,

152 2510 262 2547 vitam
282 2525 325 2548 ex
346 2517 450 2561 parte
467 2514 662 2549 nomadum
683 2513 731 2550 ad
751 2514 806 2548 in-

155 2569 229 2602 star
263 2573 460 2615 gerentes,
508 2569 669 2617 indeque
699 2569 805 2605 etiam

154 2623 253 2659 exosi
276 2623 424 2672 reliquis
451 2623 641 2675 Aegyptiis
661 2625 804 2673 agrico-

153 2677 220 2725 lis,
251 2692 272 2716 a
293 2680 421 2728 quibus
453 2680 523 2717 hoc
552 2693 699 2730 quoque
724 2680 804 2717 loco

153 2741 318 2772 accurate
338 2737 587 2786 distinguendi
611 2740 706 2774 sunt.
753 2737 804 2773 Hi

153 2791 250 2827 enim
279 2796 362 2829 sunt
401 2792 442 2831 οἱ
467 2788 694 2844 κατύπερθε
722 2794 804 2832 τῶν

152 2843 273 2887 ἑλέων
296 2846 516 2900 οἰκέοντες,
546 2850 745 2900 itidemque
764 2849 804 2890 οἳ

873 931 962 982 περὶ
1000 929 1075 983 τήν
1112 928 1376 982 σπειρομένην
1403 928 1527 981 Αἴγυ-

873 1004 972 1029 πτον
993 987 1166 1029 οἰκέουσι
1189 988 1255 1036 (ll,
1272 991 1338 1034 77,
1355 988 1416 1024 ubi
1432 987 1524 1024 conf.

872 1048 990 1095 not.),
1017 1046 1079 1096 qui
1108 1059 1174 1092 ea,
1207 1058 1302 1094 quae
1338 1048 1446 1081 antea
1468 1056 1525 1079 re-

872 1108 1061 1141 censuerat
1078 1102 1264 1149 instituta,
1294 1101 1416 1149 leges,
1448 1112 1527 1136 mo-

870 1174 948 1207 res,
978 1161 1183 1197 observant.
1250 1158 1332 1195 Vid.
1363 1158 1522 1194 Heeren.

869 1216 983 1255 ldeen
1003 1221 1070 1255 etc.
1090 1216 1148 1264 ΙΙ,
1172 1219 1199 1257 2
1226 1227 1310 1266 pag.
1335 1216 1426 1255 150.

924 1300 990 1340 καὶ
1011 1298 1170 1353 γυναικὶ
1192 1301 1265 1352 μιῇ
1282 1297 1443 1343 ἕκαστος
1455 1291 1525 1335 αὐ-

870 1359 951 1396 τῶν
992 1355 1210 1406 συνοικέει]
1271 1350 1403 1394 αὐτῶν
1444 1366 1525 1390 cum

873 1415 1058 1451 Gaisford.
1089 1413 1215 1462 scripsi
1234 1425 1302 1462 pro
1329 1410 1425 1458 vulg.
1448 1405 1526 1447 αὐ-

870 1469 981 1508 τέων.
1013 1472 1214 1508 συνοικεῖν
1239 1469 1286 1505 de
1305 1468 1526 1504 matrimonio

870 1526 969 1563 haud
988 1539 1071 1563 raro
1093 1526 1193 1576 apud
1212 1523 1411 1569 Nostrum3
1429 1523 1525 1560 conf.

871 1582 913 1630 I,
940 1584 1006 1624 37.
1036 1585 1100 1623 91.
1122 1583 1187 1622 93.
1213 1582 1303 1621 108.
1326 1582 1417 1622 196.
1444 1580 1525 1621 173

874 1643 941 1677 etc.
978 1639 1131 1676 Videtur
1157 1641 1279 1675 autem
1309 1650 1351 1674 ex
1372 1637 1427 1673 his
1453 1635 1527 1673 col-

870 1695 934 1744 ligi
953 1709 1063 1746 posse
1085 1694 1232 1743 reliquis
1257 1692 1449 1743 Aegyptiis
1481 1692 1526 1728 li-

870 1753 988 1790 cuisse
1009 1752 1131 1802 plures
1149 1764 1279 1788 uxores
1301 1750 1452 1795 ducere3
1469 1748 1527 1785 id-

871 1822 942 1857 que
967 1810 1086 1858 ipsum
1104 1808 1150 1845 de
1171 1806 1362 1857 Aegyptiis
1392 1804 1527 1842 confir-

871 1869 946 1901 mat
971 1865 1126 1901 Diodor.
1149 1863 1257 1900 Sicul.
1290 1863 1327 1910 I,
1351 1864 1424 1903 80:
1454 1876 1523 1913 γα-

871 1923 989 1971 μοῦσι
1019 1917 1062 1958 δὲ
1097 1914 1188 1971 παρ’
1220 1918 1455 1970 Αἰγυπτίοις
1484 1915 1528 1956 οἱ

871 1974 942 2027 μὲν
972 1977 1088 2027 ἱερεῖς
1117 1977 1237 2026 μίαν,
1271 1977 1351 2013 τῶν
1377 1969 1418 2013 δ’
1455 1971 1524 2013 ἅλ-

868 2036 949 2072 λων
987 2030 1082 2080 ὅσας
1112 2029 1164 2072 ἂν
1195 2031 1357 2078 ἕκαστος
1383 2045 1522 2083 προαι-

870 2093 999 2143 ρῆται.

927 2170 1026 2226 πρὸς
1050 2170 1247 2224 εὐτελείην
1274 2174 1354 2212 τῶν
1373 2169 1524 2222 σιτίων]

872 2231 895 2268 i.
922 2244 954 2268 e.
985 2230 1032 2267 ad
1061 2234 1177 2268 victus
1209 2230 1452 2280 facilitatem,
1485 2232 1526 2265 ut

875 2288 946 2324 scil,
972 2301 1084 2337 parvo
1105 2290 1221 2324 sumtu
1246 2300 1289 2324 ac
1314 2286 1429 2337 facile
1460 2285 1529 2321 sibi

874 2349 1110 2394 compararent
1132 2357 1186 2380 res
1212 2343 1259 2380 ad
1281 2346 1395 2381 vitam
1412 2355 1527 2379 neces-

873 2403 998 2438 sarias.
1038 2401 1185 2449 Reliqui
1207 2395 1422 2450 εὐτελείην,
1445 2410 1525 2436 cum

874 2457 1077 2506 Schweigh.
1106 2462 1215 2505 atque
1245 2457 1360 2493 Gaisf.
1390 2455 1528 2493 edidis-

876 2518 978 2559 sent,
1006 2514 1185 2563 probante
1205 2514 1325 2551 Koen.
1347 2513 1394 2549 ad
1412 2513 1526 2560 Greg.

876 2570 1040 2606 Corinth.
1064 2582 1150 2620 pag.
1173 2569 1255 2610 440
1277 2571 1325 2606 ad
1349 2567 1385 2620 ἓ.
1406 2568 1457 2609 41
1480 2569 1527 2606 de

874 2626 957 2663 dial.
979 2626 1070 2673 Ion.‚
1101 2621 1300 2676 εὐτελέην,
1321 2626 1526 2673 suffragan-

872 2683 966 2718 tibus
987 2696 1133 2731 quoque
1152 2682 1246 2719 binis
1259 2682 1356 2719 libris
1369 2681 1522 2731 scriptis.

871 2738 1006 2775 Verum
1027 2752 1096 2788 ego
1114 2739 1248 2776 nullam
1269 2751 1432 2776 caussam
1442 2750 1522 2774 mu-

871 2795 1019 2832 tationis
1038 2795 1229 2846 perspexi,
1252 2809 1331 2833 cum
1353 2796 1397 2833 ab
1420 2789 1521 2834 εὐτε-

869 2847 943 2902 λής
963 2851 1027 2889 fiat
1047 2847 1219 2904 εὐτελείη
1238 2851 1366 2890 Ionum
1385 2864 1429 2890 ex
1444 2863 1522 2890 mo-
