<?xml version="1.0" encoding="UTF-8"?>
<!DOCTYPE html PUBLIC "-//W3C//DTD XHTML 1.0 Transitional//EN"
    "http://www.w3.org/TR/xhtml1/DTD/xhtml1-transitional.dtd">
<html xmlns="http://www.w3.org/1999/xhtml" xml:lang="en" lang="en">
 <head>
  <title>
</title>
<meta http-equiv="Content-Type" content="text/html;charset=utf-8" />
  <meta name='ocr-system' content='tesseract 3.04.00' />
  <meta name='ocr-capabilities' content='ocr_page ocr_carea ocr_par ocr_line ocrx_word'/>
</head>
<body>
  <div class='ocr_page' id='page_1' title='image "./musaeherodoto01hero/musaeherodoto01hero_0227.png"; bbox 0 0 1877 3223; ppageno 0'>
   <div class='ocr_carea' id='block_1_1' title="bbox 632 206 933 246">
    <p class='ocr_par' dir='ltr' id='par_1_1' title="bbox 632 206 933 246">
     <span class='ocr_line' id='line_1_1' title="bbox 632 206 933 246; baseline 0.007 -2"><span class='ocrx_word' id='word_1_1' title='bbox 632 206 848 246; x_wconf 89' lang='lat' dir='ltr'>CLIO.</span> <span class='ocrx_word' id='word_1_2' title='bbox 904 208 933 246; x_wconf 90' lang='grc' dir='ltr'>Ι.</span> 
     </span>
    </p>
   </div>
   <div class='ocr_carea' id='block_1_2' title="bbox 1326 207 1408 250">
    <p class='ocr_par' dir='ltr' id='par_1_2' title="bbox 1326 207 1408 250">
     <span class='ocr_line' id='line_1_2' title="bbox 1326 207 1408 250; baseline 0.049 -3"><span class='ocrx_word' id='word_1_3' title='bbox 1326 207 1408 250; x_wconf 82' lang='lat'>213</span> 
     </span>
    </p>
   </div>
   <div class='ocr_carea' id='block_1_3' title="bbox 129 313 1406 374">
    <p class='ocr_par' dir='ltr' id='par_1_3' title="bbox 129 313 1406 374">
     <span class='ocr_line' id='line_1_3' title="bbox 129 313 1406 374; baseline 0.001 -15"><span class='ocrx_word' id='word_1_4' title='bbox 129 315 201 367; x_wconf 80' lang='grc' dir='ltr'>6ἒς</span> <span class='ocrx_word' id='word_1_5' title='bbox 228 313 375 371; x_wconf 79' lang='grc' dir='ltr'>θυμὸν</span> <span class='ocrx_word' id='word_1_6' title='bbox 403 313 589 371; x_wconf 75' lang='grc' dir='ltr'><em>ἐβάλετο.</em></span> <span class='ocrx_word' id='word_1_7' title='bbox 619 314 713 357; x_wconf 83' lang='grc' dir='ltr'><em>τότε</em></span> <span class='ocrx_word' id='word_1_8' title='bbox 745 315 788 358; x_wconf 74' lang='grc' dir='ltr'>δὲ</span> <span class='ocrx_word' id='word_1_9' title='bbox 821 316 873 373; x_wconf 80' lang='grc' dir='ltr'><em>δὴ</em></span> <span class='ocrx_word' id='word_1_10' title='bbox 906 315 929 360; x_wconf 89' lang='grc' dir='ltr'>ὁ</span> <span class='ocrx_word' id='word_1_11' title='bbox 961 313 1092 366; x_wconf 79' lang='grc' dir='ltr'><strong><em>αὐτός</em></strong></span> <span class='ocrx_word' id='word_1_12' title='bbox 1124 331 1167 358; x_wconf 85' lang='grc' dir='ltr'>τε</span> <span class='ocrx_word' id='word_1_13' title='bbox 1191 315 1406 374; x_wconf 73' lang='grc' dir='ltr'>ἀναβεβή-</span> 
     </span>
    </p>
   </div>
   <div class='ocr_carea' id='block_1_4' title="bbox 154 394 1463 451">
    <p class='ocr_par' dir='ltr' id='par_1_4' title="bbox 154 394 1463 451">
     <span class='ocr_line' id='line_1_4' title="bbox 154 394 1463 451; baseline -0.001 -13"><span class='ocrx_word' id='word_1_14' title='bbox 154 410 240 447; x_wconf 82' lang='grc' dir='ltr'>κεε,</span> <span class='ocrx_word' id='word_1_15' title='bbox 270 395 341 438; x_wconf 84' lang='grc' dir='ltr'>καὶ</span> <span class='ocrx_word' id='word_1_16' title='bbox 370 394 459 438; x_wconf 78' lang='grc' dir='ltr'>κατ’</span> <span class='ocrx_word' id='word_1_17' title='bbox 482 394 616 438; x_wconf 79' lang='grc' dir='ltr'><em>αὐτὸν</em></span> <span class='ocrx_word' id='word_1_18' title='bbox 637 394 758 438; x_wconf 73' lang='grc' dir='ltr'><em>ἄλλοι</em></span> <span class='ocrx_word' id='word_1_19' title='bbox 785 395 989 451; x_wconf 80' lang='grc' dir='ltr'>Περσέων</span> <span class='ocrx_word' id='word_1_20' title='bbox 1007 394 1251 451; x_wconf 68' lang='grc' dir='ltr'><em>ἀνέβαινον.</em></span> <span class='ocrx_word' id='word_1_21' title='bbox 1273 408 1402 449; x_wconf 79' lang='grc' dir='ltr'>προσ-</span> <span class='ocrx_word' id='word_1_22' title='bbox 1418 399 1463 437; x_wconf 78' lang='lat'>40</span> 
     </span>
    </p>
   </div>
   <div class='ocr_carea' id='block_1_5' title="bbox 154 472 1405 532">
    <p class='ocr_par' dir='ltr' id='par_1_5' title="bbox 154 472 1405 532">
     <span class='ocr_line' id='line_1_5' title="bbox 199 472 1256 496; baseline 0.003 -3"><span class='ocrx_word' id='word_1_23' title='bbox 199 472 208 485; x_wconf 70' lang='grc' dir='ltr'><em>ν</em></span> <span class='ocrx_word' id='word_1_24' title='bbox 389 473 400 487; x_wconf 54' lang='grc' dir='ltr'><strong><em>κ</em></strong></span> <span class='ocrx_word' id='word_1_25' title='bbox 563 478 580 484; x_wconf 82' lang='lat'><em>-</em></span> <span class='ocrx_word' id='word_1_26' title='bbox 695 472 715 486; x_wconf 65' lang='grc' dir='ltr'><em>Ἰ</em></span> <span class='ocrx_word' id='word_1_27' title='bbox 844 473 853 487; x_wconf 49' lang='lat' dir='ltr'>i</span> <span class='ocrx_word' id='word_1_28' title='bbox 947 474 956 487; x_wconf 69' lang='lat' dir='ltr'>r</span> <span class='ocrx_word' id='word_1_29' title='bbox 1044 474 1052 488; x_wconf 76' lang='grc' dir='ltr'>ν</span> <span class='ocrx_word' id='word_1_30' title='bbox 1184 473 1195 488; x_wconf 58' lang='lat' dir='ltr'>r</span> <span class='ocrx_word' id='word_1_31' title='bbox 1244 473 1256 496; x_wconf 69' lang='grc' dir='ltr'><em>ι</em></span> 
     </span>
     <span class='ocr_line' id='line_1_6' title="bbox 154 475 1405 532; baseline 0.002 -16"><span class='ocrx_word' id='word_1_32' title='bbox 154 475 328 528; x_wconf 77' lang='grc' dir='ltr'><strong><em>βαντων</em></strong></span> <span class='ocrx_word' id='word_1_33' title='bbox 361 475 405 517; x_wconf 78' lang='grc' dir='ltr'>δε</span> <span class='ocrx_word' id='word_1_34' title='bbox 436 486 628 529; x_wconf 81' lang='grc' dir='ltr'><em>συχνων,</em></span> <span class='ocrx_word' id='word_1_35' title='bbox 661 491 774 517; x_wconf 80' lang='grc' dir='ltr'><strong>ουτω</strong></span> <span class='ocrx_word' id='word_1_36' title='bbox 805 477 857 530; x_wconf 75' lang='grc' dir='ltr'>δη</span> <span class='ocrx_word' id='word_1_37' title='bbox 889 476 1077 529; x_wconf 80' lang='grc' dir='ltr'><em>Σαρδιες</em></span> <span class='ocrx_word' id='word_1_38' title='bbox 1106 491 1150 518; x_wconf 82' lang='grc' dir='ltr'>τε</span> <span class='ocrx_word' id='word_1_39' title='bbox 1170 479 1405 532; x_wconf 84' lang='grc' dir='ltr'><em>ηλωκεσαν,</em></span> 
     </span>
    </p>
   </div>
   <div class='ocr_carea' id='block_1_6' title="bbox 153 550 825 608">
    <p class='ocr_par' dir='ltr' id='par_1_6' title="bbox 153 550 825 608">
     <span class='ocr_line' id='line_1_7' title="bbox 153 550 825 608; baseline 0 -13"><span class='ocrx_word' id='word_1_40' title='bbox 153 553 226 595; x_wconf 81' lang='grc' dir='ltr'>καὶ</span> <span class='ocrx_word' id='word_1_41' title='bbox 253 555 341 594; x_wconf 84' lang='grc' dir='ltr'>πᾶν</span> <span class='ocrx_word' id='word_1_42' title='bbox 368 551 415 595; x_wconf 82' lang='grc' dir='ltr'>τὸ</span> <span class='ocrx_word' id='word_1_43' title='bbox 447 550 554 595; x_wconf 78' lang='grc' dir='ltr'><strong><em>ἄστυ</em></strong></span> <span class='ocrx_word' id='word_1_44' title='bbox 584 552 825 608; x_wconf 74' lang='grc' dir='ltr'><strong>ἐπορθέετο.</strong></span> 
     </span>
    </p>
   </div>
   <div class='ocr_carea' id='block_1_7' title="bbox 94 769 744 1328">
    <p class='ocr_par' dir='ltr' id='par_1_7' title="bbox 94 769 744 1328">
     <span class='ocr_line' id='line_1_8' title="bbox 97 769 743 819; baseline 0 -13"><span class='ocrx_word' id='word_1_45' title='bbox 97 783 208 807; x_wconf 68' lang='lat' dir='ltr'>secum</span> <span class='ocrx_word' id='word_1_46' title='bbox 226 772 385 819; x_wconf 74' lang='lat' dir='ltr'>agitavit</span> <span class='ocrx_word' id='word_1_47' title='bbox 416 773 532 807; x_wconf 74' lang='lat' dir='ltr'>animo</span> <span class='ocrx_word' id='word_1_48' title='bbox 557 784 586 806; x_wconf 87' lang='lat' dir='ltr'>s.</span> <span class='ocrx_word' id='word_1_49' title='bbox 617 769 743 807; x_wconf 68' lang='lat' dir='ltr'>delibe-</span> 
     </span>
     <span class='ocr_line' id='line_1_9' title="bbox 97 827 744 876; baseline 0.002 -14"><span class='ocrx_word' id='word_1_50' title='bbox 97 827 229 863; x_wconf 66' lang='lat' dir='ltr'>ravitf‘</span> <span class='ocrx_word' id='word_1_51' title='bbox 286 827 488 876; x_wconf 89' lang='lat' dir='ltr'>Utrumque</span> <span class='ocrx_word' id='word_1_52' title='bbox 523 827 670 863; x_wconf 85' lang='lat' dir='ltr'>verbum</span> <span class='ocrx_word' id='word_1_53' title='bbox 701 839 744 864; x_wconf 85' lang='lat' dir='ltr'>ex</span> 
     </span>
     <span class='ocr_line' id='line_1_10' title="bbox 94 883 742 932; baseline 0.002 -14"><span class='ocrx_word' id='word_1_54' title='bbox 94 883 255 919; x_wconf 86' lang='lat' dir='ltr'>Homero</span> <span class='ocrx_word' id='word_1_55' title='bbox 291 883 437 919; x_wconf 86' lang='lat' dir='ltr'>ductum</span> <span class='ocrx_word' id='word_1_56' title='bbox 451 912 461 929; x_wconf 93' lang='lat'>,</span> <span class='ocrx_word' id='word_1_57' title='bbox 502 883 562 932; x_wconf 88' lang='lat' dir='ltr'>qui</span> <span class='ocrx_word' id='word_1_58' title='bbox 599 883 742 931; x_wconf 89' lang='lat' dir='ltr'>quoties</span> 
     </span>
     <span class='ocr_line' id='line_1_11' title="bbox 95 934 743 989; baseline 0.003 -16"><span class='ocrx_word' id='word_1_59' title='bbox 95 938 203 974; x_wconf 83' lang='lat' dir='ltr'>verbo</span> <span class='ocrx_word' id='word_1_60' title='bbox 215 938 334 975; x_wconf 78' lang='lat' dir='ltr'>medio</span> <span class='ocrx_word' id='word_1_61' title='bbox 356 934 580 989; x_wconf 72' lang='grc' dir='ltr'><em>φράζεσθαι</em></span> <span class='ocrx_word' id='word_1_62' title='bbox 598 938 665 976; x_wconf 78' lang='lat' dir='ltr'>hac</span> <span class='ocrx_word' id='word_1_63' title='bbox 677 940 743 975; x_wconf 87' lang='lat' dir='ltr'>ad-</span> 
     </span>
     <span class='ocr_line' id='line_1_12' title="bbox 94 995 741 1043; baseline 0.003 -14"><span class='ocrx_word' id='word_1_64' title='bbox 94 995 276 1042; x_wconf 75' lang='lat' dir='ltr'>vertendi,</span> <span class='ocrx_word' id='word_1_65' title='bbox 295 996 498 1043; x_wconf 78' lang='lat' dir='ltr'>cogitandi,</span> <span class='ocrx_word' id='word_1_66' title='bbox 517 995 741 1032; x_wconf 77' lang='lat' dir='ltr'>deliberandi</span> 
     </span>
     <span class='ocr_line' id='line_1_13' title="bbox 96 1051 741 1097; baseline 0.002 -12"><span class='ocrx_word' id='word_1_67' title='bbox 96 1051 243 1087; x_wconf 88' lang='lat' dir='ltr'>notione</span> <span class='ocrx_word' id='word_1_68' title='bbox 262 1055 381 1087; x_wconf 83' lang='lat' dir='ltr'>utatur</span> <span class='ocrx_word' id='word_1_69' title='bbox 391 1080 401 1097; x_wconf 84' lang='lat'>,</span> <span class='ocrx_word' id='word_1_70' title='bbox 414 1051 470 1089; x_wconf 71' lang='lat' dir='ltr'>vel</span> <span class='ocrx_word' id='word_1_71' title='bbox 489 1051 600 1088; x_wconf 87' lang='lat' dir='ltr'>lexica</span> <span class='ocrx_word' id='word_1_72' title='bbox 612 1064 741 1087; x_wconf 86' lang='lat' dir='ltr'>unum-</span> 
     </span>
     <span class='ocr_line' id='line_1_14' title="bbox 96 1106 742 1157; baseline 0.006 -17"><span class='ocrx_word' id='word_1_73' title='bbox 96 1119 274 1155; x_wconf 72' lang='lat' dir='ltr'>quemque</span> <span class='ocrx_word' id='word_1_74' title='bbox 292 1107 422 1144; x_wconf 88' lang='lat' dir='ltr'>docere</span> <span class='ocrx_word' id='word_1_75' title='bbox 439 1111 605 1157; x_wconf 83' lang='lat' dir='ltr'>possunt.</span> <span class='ocrx_word' id='word_1_76' title='bbox 662 1106 742 1144; x_wconf 86' lang='lat' dir='ltr'>Nec</span> 
     </span>
     <span class='ocr_line' id='line_1_15' title="bbox 96 1160 741 1214; baseline 0.008 -18"><span class='ocrx_word' id='word_1_77' title='bbox 96 1162 210 1198; x_wconf 79' lang='lat' dir='ltr'>minus</span> <span class='ocrx_word' id='word_1_78' title='bbox 230 1164 403 1211; x_wconf 82' lang='lat' dir='ltr'>frequens</span> <span class='ocrx_word' id='word_1_79' title='bbox 423 1165 521 1213; x_wconf 82' lang='lat' dir='ltr'>apud</span> <span class='ocrx_word' id='word_1_80' title='bbox 538 1164 634 1199; x_wconf 87' lang='lat' dir='ltr'>illum</span> <span class='ocrx_word' id='word_1_81' title='bbox 649 1160 741 1214; x_wconf 71' lang='grc' dir='ltr'>βάλ-</span> 
     </span>
     <span class='ocr_line' id='line_1_16' title="bbox 95 1218 740 1266; baseline 0.006 -12"><span class='ocrx_word' id='word_1_82' title='bbox 95 1221 234 1257; x_wconf 69' lang='grc' dir='ltr'><em>λεσθαι</em></span> <span class='ocrx_word' id='word_1_83' title='bbox 250 1248 261 1266; x_wconf 90' lang='grc'>,</span> <span class='ocrx_word' id='word_1_84' title='bbox 291 1219 424 1255; x_wconf 82' lang='lat' dir='ltr'>additis</span> <span class='ocrx_word' id='word_1_85' title='bbox 442 1220 576 1256; x_wconf 75' lang='lat' dir='ltr'>voculis</span> <span class='ocrx_word' id='word_1_86' title='bbox 605 1218 646 1258; x_wconf 77' lang='grc' dir='ltr'>ἐν</span> <span class='ocrx_word' id='word_1_87' title='bbox 666 1223 740 1258; x_wconf 76' lang='grc' dir='ltr'>θυ-</span> 
     </span>
     <span class='ocr_line' id='line_1_17' title="bbox 94 1275 581 1328; baseline 0.004 -18"><span class='ocrx_word' id='word_1_88' title='bbox 94 1277 157 1328; x_wconf 75' lang='grc' dir='ltr'>μῷ</span> <span class='ocrx_word' id='word_1_89' title='bbox 177 1288 206 1310; x_wconf 90' lang='lat' dir='ltr'>s.</span> <span class='ocrx_word' id='word_1_90' title='bbox 227 1275 364 1326; x_wconf 74' lang='grc' dir='ltr'><em>φρενί,</em></span> <span class='ocrx_word' id='word_1_91' title='bbox 395 1276 581 1312; x_wconf 81' lang='lat' dir='ltr'>similibus.</span> 
     </span>
    </p>
   </div>
   <div class='ocr_carea' id='block_1_8' title="bbox 88 1382 743 2896">
    <p class='ocr_par' dir='ltr' id='par_1_8' title="bbox 88 1382 743 2896">
     <span class='ocr_line' id='line_1_18' title="bbox 163 1382 743 1427; baseline 0.005 -3"><span class='ocrx_word' id='word_1_92' title='bbox 163 1384 231 1424; x_wconf 78' lang='grc' dir='ltr'>καὶ</span> <span class='ocrx_word' id='word_1_93' title='bbox 277 1382 375 1424; x_wconf 76' lang='grc' dir='ltr'><strong>κατ’</strong></span> <span class='ocrx_word' id='word_1_94' title='bbox 414 1382 578 1426; x_wconf 64' lang='grc' dir='ltr'><em>αὐτόν</em></span> <span class='ocrx_word' id='word_1_95' title='bbox 631 1385 743 1427; x_wconf 56' lang='lat' dir='ltr'>&amp;Mon</span> 
     </span>
     <span class='ocr_line' id='line_1_19' title="bbox 96 1438 742 1494; baseline 0 -14"><span class='ocrx_word' id='word_1_96' title='bbox 96 1440 281 1494; x_wconf 74' lang='grc' dir='ltr'>Περσέων</span> <span class='ocrx_word' id='word_1_97' title='bbox 328 1438 569 1494; x_wconf 70' lang='grc' dir='ltr'>εἷνέβαινον]</span> <span class='ocrx_word' id='word_1_98' title='bbox 636 1445 742 1481; x_wconf 80' lang='lat' dir='ltr'>Valla</span> 
     </span>
     <span class='ocr_line' id='line_1_20' title="bbox 92 1499 740 1548; baseline 0.002 -13"><span class='ocrx_word' id='word_1_99' title='bbox 92 1512 168 1535; x_wconf 86' lang='lat' dir='ltr'>cum</span> <span class='ocrx_word' id='word_1_100' title='bbox 191 1499 357 1536; x_wconf 80' lang='lat' dir='ltr'>verterit:</span> <span class='ocrx_word' id='word_1_101' title='bbox 380 1503 440 1546; x_wconf 75' lang='lat' dir='ltr'>„et</span> <span class='ocrx_word' id='word_1_102' title='bbox 454 1504 533 1548; x_wconf 74' lang='lat' dir='ltr'>post</span> <span class='ocrx_word' id='word_1_103' title='bbox 554 1512 628 1537; x_wconf 79' lang='lat' dir='ltr'>eum</span> <span class='ocrx_word' id='word_1_104' title='bbox 647 1501 740 1537; x_wconf 64' lang='lat' dir='ltr'>alii«</span> 
     </span>
     <span class='ocr_line' id='line_1_21' title="bbox 92 1554 738 1604; baseline 0.005 -14"><span class='ocrx_word' id='word_1_105' title='bbox 92 1555 126 1590; x_wconf 85' lang='lat' dir='ltr'>in</span> <span class='ocrx_word' id='word_1_106' title='bbox 147 1568 212 1591; x_wconf 88' lang='lat' dir='ltr'>suo</span> <span class='ocrx_word' id='word_1_107' title='bbox 236 1554 428 1604; x_wconf 82' lang='lat' dir='ltr'>exemplari</span> <span class='ocrx_word' id='word_1_108' title='bbox 458 1555 594 1604; x_wconf 81' lang='lat' dir='ltr'>legisse</span> <span class='ocrx_word' id='word_1_109' title='bbox 624 1557 738 1594; x_wconf 87' lang='lat' dir='ltr'>videri</span> 
     </span>
     <span class='ocr_line' id='line_1_22' title="bbox 91 1606 740 1662; baseline 0.009 -16"><span class='ocrx_word' id='word_1_110' title='bbox 91 1615 234 1660; x_wconf 81' lang='lat' dir='ltr'>potest:</span> <span class='ocrx_word' id='word_1_111' title='bbox 271 1606 362 1661; x_wconf 80' lang='grc' dir='ltr'>μετ’</span> <span class='ocrx_word' id='word_1_112' title='bbox 393 1606 515 1651; x_wconf 65' lang='grc' dir='ltr'><em>αὐτόν</em></span> <span class='ocrx_word' id='word_1_113' title='bbox 545 1625 612 1662; x_wconf 85' lang='lat' dir='ltr'>pro</span> <span class='ocrx_word' id='word_1_114' title='bbox 641 1609 740 1652; x_wconf 81' lang='grc' dir='ltr'><strong><em>κατ’</em></strong></span> 
     </span>
     <span class='ocr_line' id='line_1_23' title="bbox 93 1661 738 1708; baseline 0.008 -7"><span class='ocrx_word' id='word_1_115' title='bbox 93 1661 225 1706; x_wconf 62' lang='grc' dir='ltr'><em>αὐτόν.</em></span> <span class='ocrx_word' id='word_1_116' title='bbox 284 1668 489 1705; x_wconf 83' lang='lat' dir='ltr'>Gronovius</span> <span class='ocrx_word' id='word_1_117' title='bbox 516 1673 636 1706; x_wconf 88' lang='lat' dir='ltr'>tamen</span> <span class='ocrx_word' id='word_1_118' title='bbox 659 1683 738 1708; x_wconf 86' lang='lat' dir='ltr'>ver-</span> 
     </span>
     <span class='ocr_line' id='line_1_24' title="bbox 92 1723 738 1774; baseline 0.006 -16"><span class='ocrx_word' id='word_1_119' title='bbox 92 1724 154 1759; x_wconf 85' lang='lat' dir='ltr'>tit:</span> <span class='ocrx_word' id='word_1_120' title='bbox 219 1723 267 1759; x_wconf 80' lang='lat' dir='ltr'>ad</span> <span class='ocrx_word' id='word_1_121' title='bbox 314 1725 387 1760; x_wconf 64' lang='lat' dir='ltr'>eius</span> <span class='ocrx_word' id='word_1_122' title='bbox 432 1725 643 1774; x_wconf 68' lang='lat' dir='ltr'>exemplum,</span> <span class='ocrx_word' id='word_1_123' title='bbox 701 1730 738 1763; x_wconf 88' lang='lat' dir='ltr'>et</span> 
     </span>
     <span class='ocr_line' id='line_1_25' title="bbox 93 1778 737 1827; baseline 0.008 -14"><span class='ocrx_word' id='word_1_124' title='bbox 93 1778 453 1827; x_wconf 57' lang='lat' dir='ltr'>Schweighaeuserus</span> <span class='ocrx_word' id='word_1_125' title='bbox 479 1794 624 1818; x_wconf 85' lang='lat' dir='ltr'>sensum</span> <span class='ocrx_word' id='word_1_126' title='bbox 661 1794 737 1818; x_wconf 85' lang='lat' dir='ltr'>ma-</span> 
     </span>
     <span class='ocr_line' id='line_1_26' title="bbox 94 1834 737 1886; baseline 0.006 -17"><span class='ocrx_word' id='word_1_127' title='bbox 94 1834 149 1881; x_wconf 70' lang='lat' dir='ltr'>gis</span> <span class='ocrx_word' id='word_1_128' title='bbox 172 1847 279 1882; x_wconf 83' lang='lat' dir='ltr'>quam</span> <span class='ocrx_word' id='word_1_129' title='bbox 307 1836 416 1871; x_wconf 77' lang='lat' dir='ltr'>verba</span> <span class='ocrx_word' id='word_1_130' title='bbox 447 1837 589 1884; x_wconf 80' lang='lat' dir='ltr'>singula</span> <span class='ocrx_word' id='word_1_131' title='bbox 621 1838 737 1886; x_wconf 83' lang='lat' dir='ltr'>respi-</span> 
     </span>
     <span class='ocr_line' id='line_1_27' title="bbox 94 1891 737 1940; baseline 0.006 -15"><span class='ocrx_word' id='word_1_132' title='bbox 94 1891 188 1927; x_wconf 63' lang='lat' dir='ltr'>ciens</span> <span class='ocrx_word' id='word_1_133' title='bbox 203 1904 211 1927; x_wconf 73' lang='grc' dir='ltr'>ε</span> <span class='ocrx_word' id='word_1_134' title='bbox 241 1919 266 1938; x_wconf 90' lang='lat'>„</span> <span class='ocrx_word' id='word_1_135' title='bbox 278 1894 310 1926; x_wconf 74' lang='grc' dir='ltr'>εἴ</span> <span class='ocrx_word' id='word_1_136' title='bbox 328 1893 400 1926; x_wconf 70' lang='lat' dir='ltr'>eius</span> <span class='ocrx_word' id='word_1_137' title='bbox 420 1895 571 1939; x_wconf 67' lang='lat' dir='ltr'>vestigia</span> <span class='ocrx_word' id='word_1_138' title='bbox 589 1892 737 1940; x_wconf 76' lang='lat' dir='ltr'>legentes</span> 
     </span>
     <span class='ocr_line' id='line_1_28' title="bbox 88 1946 737 1995; baseline 0.005 -13"><span class='ocrx_word' id='word_1_139' title='bbox 88 1946 206 1995; x_wconf 72' lang='lat' dir='ltr'>plures</span> <span class='ocrx_word' id='word_1_140' title='bbox 233 1947 492 1984; x_wconf 75' lang='lat' dir='ltr'>adscendebant.</span> <span class='ocrx_word' id='word_1_141' title='bbox 506 1950 529 1967; x_wconf 61' lang='lat'>‘²&#39;</span> <span class='ocrx_word' id='word_1_142' title='bbox 576 1948 619 1984; x_wconf 85' lang='lat' dir='ltr'>ln</span> <span class='ocrx_word' id='word_1_143' title='bbox 640 1949 737 1985; x_wconf 85' lang='lat' dir='ltr'>notis</span> 
     </span>
     <span class='ocr_line' id='line_1_29' title="bbox 92 2003 736 2054; baseline 0.008 -16"><span class='ocrx_word' id='word_1_144' title='bbox 92 2008 276 2052; x_wconf 81' lang='lat' dir='ltr'>comparat</span> <span class='ocrx_word' id='word_1_145' title='bbox 296 2003 474 2041; x_wconf 89' lang='lat' dir='ltr'>Herodot.</span> <span class='ocrx_word' id='word_1_146' title='bbox 496 2004 568 2050; x_wconf 83' lang='grc' dir='ltr'>ΙΙΙ,</span> <span class='ocrx_word' id='word_1_147' title='bbox 598 2007 642 2043; x_wconf 83' lang='grc'>4;</span> <span class='ocrx_word' id='word_1_148' title='bbox 674 2019 736 2054; x_wconf 85' lang='grc' dir='ltr'>με-</span> 
     </span>
     <span class='ocr_line' id='line_1_30' title="bbox 92 2051 737 2106; baseline 0.006 -11"><span class='ocrx_word' id='word_1_149' title='bbox 92 2056 271 2096; x_wconf 68' lang='grc' dir='ltr'>ταδιώκει</span> <span class='ocrx_word' id='word_1_150' title='bbox 294 2056 353 2106; x_wconf 67' lang='grc' dir='ltr'>δὲ,</span> <span class='ocrx_word' id='word_1_151' title='bbox 391 2051 447 2087; x_wconf 62' lang='grc'>’-</span> <span class='ocrx_word' id='word_1_152' title='bbox 474 2080 530 2087; x_wconf 87' lang='grc'>·--</span> <span class='ocrx_word' id='word_1_153' title='bbox 559 2055 737 2099; x_wconf 77' lang='grc' dir='ltr'><em>α’ποστεί-</em></span> 
     </span>
     <span class='ocr_line' id='line_1_31' title="bbox 90 2111 734 2166; baseline 0.006 -15"><span class='ocrx_word' id='word_1_154' title='bbox 90 2118 159 2160; x_wconf 74' lang='grc' dir='ltr'>λας</span> <span class='ocrx_word' id='word_1_155' title='bbox 211 2111 364 2166; x_wconf 77' lang='grc' dir='ltr'><em>τριήρεϊ</em></span> <span class='ocrx_word' id='word_1_156' title='bbox 407 2111 508 2153; x_wconf 75' lang='grc' dir='ltr'><strong>κατ’</strong></span> <span class='ocrx_word' id='word_1_157' title='bbox 567 2113 734 2155; x_wconf 73' lang='grc' dir='ltr'><em>αὐτόν.</em></span> 
     </span>
     <span class='ocr_line' id='line_1_32' title="bbox 88 2170 736 2221; baseline 0.005 -15"><span class='ocrx_word' id='word_1_158' title='bbox 88 2170 267 2219; x_wconf 77' lang='lat' dir='ltr'>Equidem</span> <span class='ocrx_word' id='word_1_159' title='bbox 294 2183 368 2207; x_wconf 88' lang='lat' dir='ltr'>non</span> <span class='ocrx_word' id='word_1_160' title='bbox 403 2172 540 2218; x_wconf 84' lang='lat' dir='ltr'>habeo,</span> <span class='ocrx_word' id='word_1_161' title='bbox 585 2174 684 2221; x_wconf 88' lang='lat' dir='ltr'>quod</span> <span class='ocrx_word' id='word_1_162' title='bbox 714 2186 736 2209; x_wconf 86' lang='lat' dir='ltr'>a</span> 
     </span>
     <span class='ocr_line' id='line_1_33' title="bbox 91 2227 736 2277; baseline 0.006 -15"><span class='ocrx_word' id='word_1_163' title='bbox 91 2227 264 2263; x_wconf 67' lang='lat' dir='ltr'>Gronovii</span> <span class='ocrx_word' id='word_1_164' title='bbox 310 2228 605 2277; x_wconf 76' lang='lat' dir='ltr'>interpretatione</span> <span class='ocrx_word' id='word_1_165' title='bbox 635 2242 736 2266; x_wconf 89' lang='lat' dir='ltr'>rece-</span> 
     </span>
     <span class='ocr_line' id='line_1_34' title="bbox 91 2281 735 2332; baseline 0.008 -15"><span class='ocrx_word' id='word_1_166' title='bbox 91 2283 193 2330; x_wconf 71' lang='lat' dir='ltr'>dam,</span> <span class='ocrx_word' id='word_1_167' title='bbox 227 2296 306 2320; x_wconf 88' lang='lat' dir='ltr'>cum</span> <span class='ocrx_word' id='word_1_168' title='bbox 335 2281 432 2322; x_wconf 69' lang='grc' dir='ltr'>κατὰ</span> <span class='ocrx_word' id='word_1_169' title='bbox 461 2288 638 2332; x_wconf 83' lang='lat' dir='ltr'>sequente</span> <span class='ocrx_word' id='word_1_170' title='bbox 676 2298 735 2322; x_wconf 90' lang='lat' dir='ltr'>ac-</span> 
     </span>
     <span class='ocr_line' id='line_1_35' title="bbox 89 2339 733 2389; baseline 0.006 -16"><span class='ocrx_word' id='word_1_171' title='bbox 89 2340 246 2375; x_wconf 62' lang='lat' dir='ltr'>cusativo</span> <span class='ocrx_word' id='word_1_172' title='bbox 257 2339 353 2376; x_wconf 84' lang='lat' dir='ltr'>haud</span> <span class='ocrx_word' id='word_1_173' title='bbox 368 2354 448 2377; x_wconf 79' lang='lat' dir='ltr'>raro</span> <span class='ocrx_word' id='word_1_174' title='bbox 468 2342 514 2376; x_wconf 90' lang='lat' dir='ltr'>sit</span> <span class='ocrx_word' id='word_1_175' title='bbox 527 2341 733 2389; x_wconf 71' lang='lat' dir='ltr'>secundum,-</span> 
     </span>
     <span class='ocr_line' id='line_1_36' title="bbox 93 2395 734 2446; baseline 0.005 -16"><span class='ocrx_word' id='word_1_176' title='bbox 93 2395 159 2430; x_wconf 77' lang='lat' dir='ltr'>nisi</span> <span class='ocrx_word' id='word_1_177' title='bbox 202 2396 282 2444; x_wconf 91' lang='lat' dir='ltr'>quis</span> <span class='ocrx_word' id='word_1_178' title='bbox 336 2396 436 2432; x_wconf 70' lang='lat' dir='ltr'>malit</span> <span class='ocrx_word' id='word_1_179' title='bbox 474 2398 734 2446; x_wconf 76' lang='lat' dir='ltr'>praepositioni</span> 
     </span>
     <span class='ocr_line' id='line_1_37' title="bbox 92 2451 735 2501; baseline 0.008 -16"><span class='ocrx_word' id='word_1_180' title='bbox 92 2451 246 2488; x_wconf 73' lang='lat' dir='ltr'>tribuere</span> <span class='ocrx_word' id='word_1_181' title='bbox 266 2453 387 2488; x_wconf 67' lang='lat' dir='ltr'>similit</span> <span class='ocrx_word' id='word_1_182' title='bbox 394 2453 509 2489; x_wconf 62' lang='lat' dir='ltr'>inlinis</span> <span class='ocrx_word' id='word_1_183' title='bbox 526 2454 735 2501; x_wconf 80' lang='lat' dir='ltr'>significati-</span> 
     </span>
     <span class='ocr_line' id='line_1_38' title="bbox 91 2508 735 2557; baseline 0.009 -18"><span class='ocrx_word' id='word_1_184' title='bbox 91 2518 219 2552; x_wconf 75' lang='lat' dir='ltr'>onem,</span> <span class='ocrx_word' id='word_1_185' title='bbox 249 2508 472 2545; x_wconf 83' lang='lat' dir='ltr'>coniunctam</span> <span class='ocrx_word' id='word_1_186' title='bbox 499 2510 735 2557; x_wconf 85' lang='lat' dir='ltr'>quodammo—</span> 
     </span>
     <span class='ocr_line' id='line_1_39' title="bbox 92 2561 733 2612; baseline 0.012 -17"><span class='ocrx_word' id='word_1_187' title='bbox 92 2564 138 2597; x_wconf 66' lang='lat'>⁶10</span> <span class='ocrx_word' id='word_1_188' title='bbox 159 2564 384 2612; x_wconf 76' lang='lat' dir='ltr'>cumpri0r13</span> <span class='ocrx_word' id='word_1_189' title='bbox 414 2565 464 2601; x_wconf 78' lang='lat' dir='ltr'>ita</span> <span class='ocrx_word' id='word_1_190' title='bbox 491 2570 528 2601; x_wconf 83' lang='lat' dir='ltr'>ut</span> <span class='ocrx_word' id='word_1_191' title='bbox 554 2561 634 2602; x_wconf 79' lang='grc' dir='ltr'><strong>κατ’</strong></span> <span class='ocrx_word' id='word_1_192' title='bbox 666 2561 733 2603; x_wconf 75' lang='grc' dir='ltr'>αὕ-</span> 
     </span>
     <span class='ocr_line' id='line_1_40' title="bbox 95 2614 734 2670; baseline 0.008 -17"><span class='ocrx_word' id='word_1_193' title='bbox 95 2614 154 2655; x_wconf 63' lang='lat' dir='ltr'>{clv</span> <span class='ocrx_word' id='word_1_194' title='bbox 183 2618 250 2654; x_wconf 86' lang='lat' dir='ltr'>sit:</span> <span class='ocrx_word' id='word_1_195' title='bbox 287 2619 398 2656; x_wconf 81' lang='lat' dir='ltr'>eodem</span> <span class='ocrx_word' id='word_1_196' title='bbox 417 2621 514 2657; x_wconf 73' lang='lat' dir='ltr'>modo</span> <span class='ocrx_word' id='word_1_197' title='bbox 537 2624 642 2670; x_wconf 78' lang='lat' dir='ltr'>atque</span> <span class='ocrx_word' id='word_1_198' title='bbox 665 2621 734 2658; x_wconf 77' lang='lat' dir='ltr'>ille.</span> 
     </span>
     <span class='ocr_line' id='line_1_41' title="bbox 95 2673 734 2725; baseline 0.011 -17"><span class='ocrx_word' id='word_1_199' title='bbox 95 2673 266 2722; x_wconf 68' lang='lat' dir='ltr'>Exempla</span> <span class='ocrx_word' id='word_1_200' title='bbox 304 2677 552 2725; x_wconf 76' lang='lat' dir='ltr'>suppeditabit</span> <span class='ocrx_word' id='word_1_201' title='bbox 586 2677 734 2715; x_wconf 80' lang='lat' dir='ltr'>Fische-</span> 
     </span>
     <span class='ocr_line' id='line_1_42' title="bbox 92 2729 732 2782; baseline 0.009 -18"><span class='ocrx_word' id='word_1_202' title='bbox 92 2742 149 2764; x_wconf 83' lang='lat' dir='ltr'>rus</span> <span class='ocrx_word' id='word_1_203' title='bbox 169 2731 215 2766; x_wconf 87' lang='lat' dir='ltr'>ad</span> <span class='ocrx_word' id='word_1_204' title='bbox 232 2729 376 2768; x_wconf 63' lang='lat' dir='ltr'>W&#39;eller.</span> <span class='ocrx_word' id='word_1_205' title='bbox 399 2732 447 2768; x_wconf 74' lang='lat' dir='ltr'>lli</span> <span class='ocrx_word' id='word_1_206' title='bbox 461 2761 470 2778; x_wconf 90' lang='lat'>,</span> <span class='ocrx_word' id='word_1_207' title='bbox 496 2735 520 2773; x_wconf 87' lang='grc'>6</span> <span class='ocrx_word' id='word_1_208' title='bbox 541 2746 626 2782; x_wconf 83' lang='lat' dir='ltr'>pag.</span> <span class='ocrx_word' id='word_1_209' title='bbox 641 2735 732 2780; x_wconf 84' lang='lat'>181,</span> 
     </span>
     <span class='ocr_line' id='line_1_43' title="bbox 91 2786 733 2837; baseline 0.009 -17"><span class='ocrx_word' id='word_1_210' title='bbox 91 2786 221 2832; x_wconf 67' lang='lat' dir='ltr'>quibus</span> <span class='ocrx_word' id='word_1_211' title='bbox 244 2787 370 2823; x_wconf 89' lang='lat' dir='ltr'>melius</span> <span class='ocrx_word' id='word_1_212' title='bbox 390 2790 550 2837; x_wconf 77' lang='lat' dir='ltr'>profecto</span> <span class='ocrx_word' id='word_1_213' title='bbox 571 2794 733 2827; x_wconf 81' lang='lat' dir='ltr'>nostrum</span> 
     </span>
     <span class='ocr_line' id='line_1_44' title="bbox 94 2842 733 2896; baseline 0.009 -19"><span class='ocrx_word' id='word_1_214' title='bbox 94 2842 205 2880; x_wconf 78' lang='lat' dir='ltr'>locum</span> <span class='ocrx_word' id='word_1_215' title='bbox 214 2843 478 2894; x_wconf 84' lang='lat' dir='ltr'>adscripsisset,</span> <span class='ocrx_word' id='word_1_216' title='bbox 487 2858 592 2894; x_wconf 89' lang='lat' dir='ltr'>quem</span> <span class='ocrx_word' id='word_1_217' title='bbox 602 2859 638 2896; x_wconf 89' lang='lat' dir='ltr'>p.</span> <span class='ocrx_word' id='word_1_218' title='bbox 655 2849 733 2888; x_wconf 87' lang='lat'>179</span> 
     </span>
    </p>
   </div>
   <div class='ocr_carea' id='block_1_9' title="bbox 800 768 1462 2896">
    <p class='ocr_par' dir='ltr' id='par_1_9' title="bbox 811 768 1461 875">
     <span class='ocr_line' id='line_1_45' title="bbox 811 768 1461 819; baseline 0.006 -13"><span class='ocrx_word' id='word_1_219' title='bbox 811 770 970 806; x_wconf 75' lang='lat' dir='ltr'>laudavit</span> <span class='ocrx_word' id='word_1_220' title='bbox 988 771 1128 808; x_wconf 83' lang='lat' dir='ltr'>unicum</span> <span class='ocrx_word' id='word_1_221' title='bbox 1141 800 1151 819; x_wconf 86' lang='lat'>‚</span> <span class='ocrx_word' id='word_1_222' title='bbox 1171 772 1231 809; x_wconf 85' lang='lat' dir='ltr'>ubi</span> <span class='ocrx_word' id='word_1_223' title='bbox 1253 785 1275 810; x_wconf 82' lang='grc' dir='ltr'><strong><em>κ</em></strong></span> <span class='ocrx_word' id='word_1_224' title='bbox 1288 768 1380 810; x_wconf 64' lang='lat' dir='ltr'>avo}</span> <span class='ocrx_word' id='word_1_225' title='bbox 1399 784 1461 809; x_wconf 82' lang='lat' dir='ltr'>va-</span> 
     </span>
     <span class='ocr_line' id='line_1_46' title="bbox 811 827 990 875; baseline 0.006 -12"><span class='ocrx_word' id='word_1_226' title='bbox 811 827 883 864; x_wconf 89' lang='lat' dir='ltr'>leat</span> <span class='ocrx_word' id='word_1_227' title='bbox 900 831 990 875; x_wconf 77' lang='lat' dir='ltr'>post.</span> 
     </span>
    </p>

    <p class='ocr_par' dir='ltr' id='par_1_10' title="bbox 800 878 1462 2896">
     <span class='ocr_line' id='line_1_47' title="bbox 867 878 1459 934; baseline 0.003 -13"><span class='ocrx_word' id='word_1_228' title='bbox 867 880 970 921; x_wconf 73' lang='grc' dir='ltr'><em>οὕτω</em></span> <span class='ocrx_word' id='word_1_229' title='bbox 993 880 1041 932; x_wconf 77' lang='grc' dir='ltr'>δή</span> <span class='ocrx_word' id='word_1_230' title='bbox 1069 878 1237 934; x_wconf 64' lang='grc' dir='ltr'><em>Σάρδιές</em></span> <span class='ocrx_word' id='word_1_231' title='bbox 1261 898 1301 922; x_wconf 85' lang='grc' dir='ltr'>τε</span> <span class='ocrx_word' id='word_1_232' title='bbox 1312 878 1459 934; x_wconf 73' lang='grc' dir='ltr'><em>ἡλώκε-</em></span> 
     </span>
     <span class='ocr_line' id='line_1_48' title="bbox 811 938 1462 989; baseline 0 -12"><span class='ocrx_word' id='word_1_233' title='bbox 811 938 907 989; x_wconf 76' lang='grc' dir='ltr'>σαν]</span> <span class='ocrx_word' id='word_1_234' title='bbox 941 940 1036 987; x_wconf 76' lang='lat' dir='ltr'>lam,</span> <span class='ocrx_word' id='word_1_235' title='bbox 1056 940 1238 977; x_wconf 77' lang='lat' dir='ltr'>Herodoti</span> <span class='ocrx_word' id='word_1_236' title='bbox 1254 941 1462 978; x_wconf 79' lang='lat' dir='ltr'>narratione</span> 
     </span>
     <span class='ocr_line' id='line_1_49' title="bbox 810 996 1461 1046; baseline 0.003 -15"><span class='ocrx_word' id='word_1_237' title='bbox 810 996 856 1033; x_wconf 85' lang='lat' dir='ltr'>de</span> <span class='ocrx_word' id='word_1_238' title='bbox 893 996 1070 1032; x_wconf 80' lang='lat' dir='ltr'>Sardibus</span> <span class='ocrx_word' id='word_1_239' title='bbox 1102 998 1216 1046; x_wconf 81' lang='lat' dir='ltr'>captis</span> <span class='ocrx_word' id='word_1_240' title='bbox 1257 997 1378 1042; x_wconf 87' lang='lat' dir='ltr'>finita,</span> <span class='ocrx_word' id='word_1_241' title='bbox 1422 997 1461 1033; x_wconf 87' lang='lat' dir='ltr'>in</span> 
     </span>
     <span class='ocr_line' id='line_1_50' title="bbox 809 1051 1458 1100; baseline 0.003 -14"><span class='ocrx_word' id='word_1_242' title='bbox 809 1051 1013 1089; x_wconf 80' lang='lat' dir='ltr'>universum</span> <span class='ocrx_word' id='word_1_243' title='bbox 1033 1053 1101 1089; x_wconf 82' lang='lat' dir='ltr'>hoe</span> <span class='ocrx_word' id='word_1_244' title='bbox 1124 1056 1285 1089; x_wconf 79' lang='lat' dir='ltr'>notatum</span> <span class='ocrx_word' id='word_1_245' title='bbox 1298 1052 1458 1100; x_wconf 83' lang='lat' dir='ltr'>velimus,</span> 
     </span>
     <span class='ocr_line' id='line_1_51' title="bbox 810 1108 1460 1158; baseline 0 -14"><span class='ocrx_word' id='word_1_246' title='bbox 810 1108 1064 1146; x_wconf 84' lang='lat' dir='ltr'>dissentientes</span> <span class='ocrx_word' id='word_1_247' title='bbox 1086 1108 1153 1145; x_wconf 83' lang='lat' dir='ltr'>hac</span> <span class='ocrx_word' id='word_1_248' title='bbox 1184 1110 1219 1145; x_wconf 87' lang='lat' dir='ltr'>in</span> <span class='ocrx_word' id='word_1_249' title='bbox 1253 1122 1290 1145; x_wconf 89' lang='lat' dir='ltr'>re</span> <span class='ocrx_word' id='word_1_250' title='bbox 1309 1109 1460 1158; x_wconf 87' lang='lat' dir='ltr'>reperiri</span> 
     </span>
     <span class='ocr_line' id='line_1_52' title="bbox 810 1164 1460 1214; baseline 0.002 -15"><span class='ocrx_word' id='word_1_251' title='bbox 810 1168 949 1201; x_wconf 84' lang='lat' dir='ltr'>veteres</span> <span class='ocrx_word' id='word_1_252' title='bbox 985 1165 1190 1214; x_wconf 70' lang='lat' dir='ltr'>scriptores</span> <span class='ocrx_word' id='word_1_253' title='bbox 1247 1164 1363 1201; x_wconf 78' lang='lat' dir='ltr'>Paulo</span> <span class='ocrx_word' id='word_1_254' title='bbox 1395 1164 1460 1200; x_wconf 88' lang='lat' dir='ltr'>ali-</span> 
     </span>
     <span class='ocr_line' id='line_1_53' title="bbox 808 1220 1460 1269; baseline 0.005 -14"><span class='ocrx_word' id='word_1_255' title='bbox 808 1224 864 1258; x_wconf 91' lang='lat' dir='ltr'>ter</span> <span class='ocrx_word' id='word_1_256' title='bbox 889 1226 998 1269; x_wconf 77' lang='lat' dir='ltr'>atque</span> <span class='ocrx_word' id='word_1_257' title='bbox 1017 1221 1227 1257; x_wconf 85' lang='lat' dir='ltr'>Herodotus</span> <span class='ocrx_word' id='word_1_258' title='bbox 1245 1221 1366 1257; x_wconf 82' lang='lat' dir='ltr'>retulit</span> <span class='ocrx_word' id='word_1_259' title='bbox 1384 1220 1460 1258; x_wconf 86' lang='lat' dir='ltr'>Xe·-</span> 
     </span>
     <span class='ocr_line' id='line_1_54' title="bbox 811 1277 1459 1326; baseline 0 -13"><span class='ocrx_word' id='word_1_260' title='bbox 811 1277 971 1326; x_wconf 88' lang='lat' dir='ltr'>nophon.</span> <span class='ocrx_word' id='word_1_261' title='bbox 1003 1278 1039 1313; x_wconf 87' lang='lat' dir='ltr'>in</span> <span class='ocrx_word' id='word_1_262' title='bbox 1060 1277 1266 1326; x_wconf 73' lang='lat' dir='ltr'>Cyropaed.</span> <span class='ocrx_word' id='word_1_263' title='bbox 1299 1277 1401 1323; x_wconf 79' lang='lat' dir='ltr'>VIII,</span> <span class='ocrx_word' id='word_1_264' title='bbox 1432 1280 1459 1318; x_wconf 82' lang='lat'><strong>2</strong></span> 
     </span>
     <span class='ocr_line' id='line_1_55' title="bbox 812 1331 1459 1382; baseline 0.002 -13"><span class='ocrx_word' id='word_1_265' title='bbox 812 1331 849 1382; x_wconf 58' lang='grc' dir='ltr'>ἓ,</span> <span class='ocrx_word' id='word_1_266' title='bbox 864 1337 878 1372; x_wconf 89' lang='grc'><strong>1</strong></span> <span class='ocrx_word' id='word_1_267' title='bbox 899 1355 953 1359; x_wconf 83' lang='grc'>--</span> <span class='ocrx_word' id='word_1_268' title='bbox 969 1334 1032 1379; x_wconf 80' lang='grc'>13,</span> <span class='ocrx_word' id='word_1_269' title='bbox 1052 1345 1201 1380; x_wconf 88' lang='lat' dir='ltr'>prorsus</span> <span class='ocrx_word' id='word_1_270' title='bbox 1219 1333 1459 1370; x_wconf 83' lang='lat' dir='ltr'>diversimode</span> 
     </span>
     <span class='ocr_line' id='line_1_56' title="bbox 812 1388 1457 1434; baseline 0 -10"><span class='ocrx_word' id='word_1_271' title='bbox 812 1389 955 1425; x_wconf 81' lang='lat' dir='ltr'>Ctesias</span> <span class='ocrx_word' id='word_1_272' title='bbox 968 1416 978 1434; x_wconf 91' lang='lat'>,</span> <span class='ocrx_word' id='word_1_273' title='bbox 996 1388 1151 1424; x_wconf 85' lang='lat' dir='ltr'>Oebaris</span> <span class='ocrx_word' id='word_1_274' title='bbox 1170 1388 1320 1424; x_wconf 85' lang='lat' dir='ltr'>consilio</span> <span class='ocrx_word' id='word_1_275' title='bbox 1331 1389 1457 1425; x_wconf 87' lang='lat' dir='ltr'>urbem</span> 
     </span>
     <span class='ocr_line' id='line_1_57' title="bbox 809 1445 1457 1494; baseline 0.002 -14"><span class='ocrx_word' id='word_1_276' title='bbox 809 1457 960 1480; x_wconf 84' lang='lat' dir='ltr'>narrans</span> <span class='ocrx_word' id='word_1_277' title='bbox 1001 1447 1144 1492; x_wconf 79' lang='lat' dir='ltr'>captain</span> <span class='ocrx_word' id='word_1_278' title='bbox 1178 1456 1283 1490; x_wconf 85' lang='lat' dir='ltr'>esse,</span> <span class='ocrx_word' id='word_1_279' title='bbox 1320 1445 1457 1494; x_wconf 90' lang='lat' dir='ltr'>quippe</span> 
     </span>
     <span class='ocr_line' id='line_1_58' title="bbox 808 1499 1457 1549; baseline 0.002 -13"><span class='ocrx_word' id='word_1_280' title='bbox 808 1501 869 1549; x_wconf 89' lang='lat' dir='ltr'>qui</span> <span class='ocrx_word' id='word_1_281' title='bbox 892 1501 1007 1537; x_wconf 88' lang='lat' dir='ltr'>contis</span> <span class='ocrx_word' id='word_1_282' title='bbox 1025 1499 1144 1548; x_wconf 79' lang='lat' dir='ltr'>longis</span> <span class='ocrx_word' id='word_1_283' title='bbox 1169 1500 1384 1537; x_wconf 81' lang='lat' dir='ltr'>vestimenta</span> <span class='ocrx_word' id='word_1_284' title='bbox 1401 1500 1457 1537; x_wconf 91' lang='lat' dir='ltr'>in-</span> 
     </span>
     <span class='ocr_line' id='line_1_59' title="bbox 807 1556 1457 1605; baseline 0.002 -13"><span class='ocrx_word' id='word_1_285' title='bbox 807 1557 903 1592; x_wconf 88' lang='lat' dir='ltr'>dutis</span> <span class='ocrx_word' id='word_1_286' title='bbox 929 1569 1104 1605; x_wconf 87' lang='lat' dir='ltr'>muroque</span> <span class='ocrx_word' id='word_1_287' title='bbox 1125 1556 1290 1592; x_wconf 80' lang='lat' dir='ltr'>adductis</span> <span class='ocrx_word' id='word_1_288' title='bbox 1316 1560 1457 1593; x_wconf 84' lang='lat' dir='ltr'>tantum</span> 
     </span>
     <span class='ocr_line' id='line_1_60' title="bbox 806 1613 1456 1662; baseline 0 -13"><span class='ocrx_word' id='word_1_289' title='bbox 806 1613 1000 1662; x_wconf 87' lang='lat' dir='ltr'>oppidanis</span> <span class='ocrx_word' id='word_1_290' title='bbox 1023 1616 1198 1650; x_wconf 88' lang='lat' dir='ltr'>terrorem</span> <span class='ocrx_word' id='word_1_291' title='bbox 1213 1613 1386 1659; x_wconf 86' lang='lat' dir='ltr'>iniecerit,</span> <span class='ocrx_word' id='word_1_292' title='bbox 1415 1616 1456 1649; x_wconf 86' lang='lat' dir='ltr'>ut</span> 
     </span>
     <span class='ocr_line' id='line_1_61' title="bbox 805 1668 1453 1718; baseline 0.002 -14"><span class='ocrx_word' id='word_1_293' title='bbox 805 1669 937 1706; x_wconf 88' lang='lat' dir='ltr'>idcirco</span> <span class='ocrx_word' id='word_1_294' title='bbox 966 1673 1071 1718; x_wconf 83' lang='lat' dir='ltr'>capta</span> <span class='ocrx_word' id='word_1_295' title='bbox 1091 1669 1198 1705; x_wconf 89' lang='lat' dir='ltr'>suerit</span> <span class='ocrx_word' id='word_1_296' title='bbox 1215 1669 1312 1705; x_wconf 86' lang='lat' dir='ltr'>urbs.</span> <span class='ocrx_word' id='word_1_297' title='bbox 1370 1668 1453 1705; x_wconf 88' lang='lat' dir='ltr'>Vid.</span> 
     </span>
     <span class='ocr_line' id='line_1_62' title="bbox 804 1723 1455 1775; baseline 0.003 -14"><span class='ocrx_word' id='word_1_298' title='bbox 804 1725 957 1762; x_wconf 86' lang='lat' dir='ltr'>Persice.</span> <span class='ocrx_word' id='word_1_299' title='bbox 988 1725 1171 1775; x_wconf 83' lang='lat' dir='ltr'>Excerptt.</span> <span class='ocrx_word' id='word_1_300' title='bbox 1212 1723 1249 1775; x_wconf 62' lang='grc' dir='ltr'>ἓ.</span> <span class='ocrx_word' id='word_1_301' title='bbox 1275 1723 1323 1773; x_wconf 78' lang='lat'>4,</span> <span class='ocrx_word' id='word_1_302' title='bbox 1361 1738 1455 1774; x_wconf 83' lang='lat' dir='ltr'>quae</span> 
     </span>
     <span class='ocr_line' id='line_1_63' title="bbox 805 1781 1453 1818; baseline 0.002 -2"><span class='ocrx_word' id='word_1_303' title='bbox 805 1781 841 1817; x_wconf 91' lang='lat' dir='ltr'>in</span> <span class='ocrx_word' id='word_1_304' title='bbox 863 1794 901 1818; x_wconf 89' lang='lat' dir='ltr'>re</span> <span class='ocrx_word' id='word_1_305' title='bbox 921 1783 1022 1817; x_wconf 62' lang='lat' dir='ltr'>tanta</span> <span class='ocrx_word' id='word_1_306' title='bbox 1044 1782 1205 1818; x_wconf 74' lang='lat' dir='ltr'>breviora</span> <span class='ocrx_word' id='word_1_307' title='bbox 1221 1794 1304 1818; x_wconf 86' lang='lat' dir='ltr'>esse</span> <span class='ocrx_word' id='word_1_308' title='bbox 1324 1782 1453 1818; x_wconf 89' lang='lat' dir='ltr'>merito</span> 
     </span>
     <span class='ocr_line' id='line_1_64' title="bbox 805 1837 1452 1874; baseline 0.002 -1"><span class='ocrx_word' id='word_1_309' title='bbox 805 1838 979 1874; x_wconf 67' lang='lat' dir='ltr'>dolemus</span> <span class='ocrx_word' id='word_1_310' title='bbox 1039 1837 1186 1873; x_wconf 81' lang='lat' dir='ltr'>Ctesiae</span> <span class='ocrx_word' id='word_1_311' title='bbox 1209 1837 1452 1874; x_wconf 78' lang='lat' dir='ltr'>narrationem</span> 
     </span>
     <span class='ocr_line' id='line_1_65' title="bbox 804 1891 1451 1940; baseline 0.002 -12"><span class='ocrx_word' id='word_1_312' title='bbox 804 1893 924 1929; x_wconf 87' lang='lat' dir='ltr'>retulit</span> <span class='ocrx_word' id='word_1_313' title='bbox 946 1891 1151 1939; x_wconf 73' lang='lat' dir='ltr'>Polyaenus</span> <span class='ocrx_word' id='word_1_314' title='bbox 1172 1892 1451 1940; x_wconf 75' lang='lat' dir='ltr'>Strategg.VII‚</span> 
     </span>
     <span class='ocr_line' id='line_1_66' title="bbox 805 1947 1452 1999; baseline 0 -14"><span class='ocrx_word' id='word_1_315' title='bbox 805 1951 830 1988; x_wconf 86' lang='lat'><strong>6</strong></span> <span class='ocrx_word' id='word_1_316' title='bbox 850 1947 886 1999; x_wconf 61' lang='grc' dir='ltr'>ἓ.</span> <span class='ocrx_word' id='word_1_317' title='bbox 903 1951 976 1994; x_wconf 83' lang='grc'>10,</span> <span class='ocrx_word' id='word_1_318' title='bbox 1005 1949 1073 1984; x_wconf 86' lang='lat' dir='ltr'>sibi</span> <span class='ocrx_word' id='word_1_319' title='bbox 1100 1949 1179 1997; x_wconf 90' lang='lat' dir='ltr'>ipse</span> <span class='ocrx_word' id='word_1_320' title='bbox 1204 1953 1325 1984; x_wconf 81' lang='lat' dir='ltr'>tamen</span> <span class='ocrx_word' id='word_1_321' title='bbox 1354 1948 1452 1985; x_wconf 81' lang='lat' dir='ltr'>haud</span> 
     </span>
     <span class='ocr_line' id='line_1_67' title="bbox 804 2003 1448 2051; baseline 0 -10"><span class='ocrx_word' id='word_1_322' title='bbox 804 2009 999 2051; x_wconf 80' lang='lat' dir='ltr'>constans,</span> <span class='ocrx_word' id='word_1_323' title='bbox 1029 2004 1114 2039; x_wconf 85' lang='lat' dir='ltr'>dum</span> <span class='ocrx_word' id='word_1_324' title='bbox 1143 2003 1211 2039; x_wconf 76' lang='lat' dir='ltr'>alio</span> <span class='ocrx_word' id='word_1_325' title='bbox 1233 2003 1311 2040; x_wconf 90' lang='lat' dir='ltr'>loco</span> <span class='ocrx_word' id='word_1_326' title='bbox 1343 2004 1448 2051; x_wconf 88' lang='lat' dir='ltr'>(ibid.</span> 
     </span>
     <span class='ocr_line' id='line_1_68' title="bbox 806 2058 1450 2110; baseline 0.002 -14"><span class='ocrx_word' id='word_1_327' title='bbox 806 2058 842 2110; x_wconf 59' lang='grc' dir='ltr'>ἓ.</span> <span class='ocrx_word' id='word_1_328' title='bbox 865 2062 909 2108; x_wconf 76' lang='lat'>2)</span> <span class='ocrx_word' id='word_1_329' title='bbox 941 2060 1078 2107; x_wconf 82' lang='lat' dir='ltr'>Cyrum</span> <span class='ocrx_word' id='word_1_330' title='bbox 1097 2059 1147 2096; x_wconf 86' lang='lat' dir='ltr'>ait</span> <span class='ocrx_word' id='word_1_331' title='bbox 1166 2060 1318 2095; x_wconf 82' lang='lat' dir='ltr'>induciis</span> <span class='ocrx_word' id='word_1_332' title='bbox 1333 2061 1450 2108; x_wconf 73' lang='lat' dir='ltr'>factis,</span> 
     </span>
     <span class='ocr_line' id='line_1_69' title="bbox 803 2116 1451 2165; baseline 0 -12"><span class='ocrx_word' id='word_1_333' title='bbox 803 2129 1009 2165; x_wconf 77' lang='lat' dir='ltr'>regressum</span> <span class='ocrx_word' id='word_1_334' title='bbox 1020 2145 1030 2161; x_wconf 92' lang='lat'>,</span> <span class='ocrx_word' id='word_1_335' title='bbox 1059 2119 1166 2152; x_wconf 89' lang='lat' dir='ltr'>nocte</span> <span class='ocrx_word' id='word_1_336' title='bbox 1180 2129 1265 2153; x_wconf 91' lang='lat' dir='ltr'>vero</span> <span class='ocrx_word' id='word_1_337' title='bbox 1278 2116 1451 2164; x_wconf 81' lang='lat' dir='ltr'>ingruen-</span> 
     </span>
     <span class='ocr_line' id='line_1_70' title="bbox 802 2172 1450 2220; baseline -0.002 -11"><span class='ocrx_word' id='word_1_338' title='bbox 802 2177 840 2209; x_wconf 87' lang='lat' dir='ltr'>te</span> <span class='ocrx_word' id='word_1_339' title='bbox 858 2173 977 2209; x_wconf 77' lang='lat' dir='ltr'>denuo</span> <span class='ocrx_word' id='word_1_340' title='bbox 997 2172 1134 2208; x_wconf 85' lang='lat' dir='ltr'>Sardes</span> <span class='ocrx_word' id='word_1_341' title='bbox 1147 2184 1360 2220; x_wconf 75' lang='lat' dir='ltr'>aggressum</span> <span class='ocrx_word' id='word_1_342' title='bbox 1370 2185 1450 2209; x_wconf 83' lang='lat' dir='ltr'>sca-</span> 
     </span>
     <span class='ocr_line' id='line_1_71' title="bbox 801 2228 1450 2277; baseline 0.003 -13"><span class='ocrx_word' id='word_1_343' title='bbox 801 2228 843 2264; x_wconf 87' lang='lat' dir='ltr'>lis</span> <span class='ocrx_word' id='word_1_344' title='bbox 872 2229 1070 2277; x_wconf 80' lang='lat' dir='ltr'>adpositis,</span> <span class='ocrx_word' id='word_1_345' title='bbox 1100 2240 1178 2264; x_wconf 87' lang='lat' dir='ltr'>cum</span> <span class='ocrx_word' id='word_1_346' title='bbox 1208 2228 1353 2265; x_wconf 88' lang='lat' dir='ltr'>moenia</span> <span class='ocrx_word' id='word_1_347' title='bbox 1385 2229 1450 2266; x_wconf 81' lang='lat' dir='ltr'>de-</span> 
     </span>
     <span class='ocr_line' id='line_1_72' title="bbox 801 2284 1449 2334; baseline -0.003 -12"><span class='ocrx_word' id='word_1_348' title='bbox 801 2285 1005 2322; x_wconf 84' lang='lat' dir='ltr'>fensoribus</span> <span class='ocrx_word' id='word_1_349' title='bbox 1030 2286 1217 2331; x_wconf 83' lang='lat' dir='ltr'>vacarent,</span> <span class='ocrx_word' id='word_1_350' title='bbox 1247 2284 1334 2321; x_wconf 91' lang='lat' dir='ltr'>urbe</span> <span class='ocrx_word' id='word_1_351' title='bbox 1353 2285 1449 2334; x_wconf 90' lang='lat' dir='ltr'>poti-</span> 
     </span>
     <span class='ocr_line' id='line_1_73' title="bbox 800 2339 1449 2387; baseline 0 -10"><span class='ocrx_word' id='word_1_352' title='bbox 800 2345 874 2377; x_wconf 85' lang='lat' dir='ltr'>tum</span> <span class='ocrx_word' id='word_1_353' title='bbox 897 2353 990 2377; x_wconf 74' lang='lat' dir='ltr'>esse.</span> <span class='ocrx_word' id='word_1_354' title='bbox 1048 2339 1167 2383; x_wconf 79' lang='lat' dir='ltr'>Quam</span> <span class='ocrx_word' id='word_1_355' title='bbox 1190 2340 1335 2387; x_wconf 87' lang='lat' dir='ltr'>quidem</span> <span class='ocrx_word' id='word_1_356' title='bbox 1365 2353 1449 2377; x_wconf 88' lang='lat' dir='ltr'>nar-</span> 
     </span>
     <span class='ocr_line' id='line_1_74' title="bbox 801 2396 1447 2434; baseline 0 -1"><span class='ocrx_word' id='word_1_357' title='bbox 801 2398 977 2433; x_wconf 83' lang='lat' dir='ltr'>rationem</span> <span class='ocrx_word' id='word_1_358' title='bbox 1005 2396 1074 2433; x_wconf 81' lang='lat' dir='ltr'>alio</span> <span class='ocrx_word' id='word_1_359' title='bbox 1104 2408 1147 2433; x_wconf 85' lang='lat' dir='ltr'>ex</span> <span class='ocrx_word' id='word_1_360' title='bbox 1172 2397 1273 2434; x_wconf 81' lang='lat' dir='ltr'>fonte</span> <span class='ocrx_word' id='word_1_361' title='bbox 1302 2397 1447 2433; x_wconf 88' lang='lat' dir='ltr'>ductam</span> 
     </span>
     <span class='ocr_line' id='line_1_75' title="bbox 801 2451 1446 2499; baseline -0.002 -10"><span class='ocrx_word' id='word_1_362' title='bbox 801 2454 933 2499; x_wconf 65' lang='lat' dir='ltr'>videri,</span> <span class='ocrx_word' id='word_1_363' title='bbox 982 2453 1051 2488; x_wconf 78' lang='lat' dir='ltr'>iam</span> <span class='ocrx_word' id='word_1_364' title='bbox 1098 2451 1167 2488; x_wconf 83' lang='lat' dir='ltr'>alio</span> <span class='ocrx_word' id='word_1_365' title='bbox 1195 2451 1275 2489; x_wconf 85' lang='lat' dir='ltr'>loeo</span> <span class='ocrx_word' id='word_1_366' title='bbox 1313 2454 1446 2489; x_wconf 85' lang='lat' dir='ltr'>monui.</span> 
     </span>
     <span class='ocr_line' id='line_1_76' title="bbox 802 2508 1446 2558; baseline 0 -12"><span class='ocrx_word' id='word_1_367' title='bbox 802 2508 1039 2558; x_wconf 87' lang='lat' dir='ltr'>Nequenunc</span> <span class='ocrx_word' id='word_1_368' title='bbox 1059 2508 1163 2545; x_wconf 85' lang='lat' dir='ltr'>aliter</span> <span class='ocrx_word' id='word_1_369' title='bbox 1178 2509 1264 2545; x_wconf 83' lang='lat' dir='ltr'>mihi</span> <span class='ocrx_word' id='word_1_370' title='bbox 1282 2513 1446 2546; x_wconf 86' lang='lat' dir='ltr'>statuen-</span> 
     </span>
     <span class='ocr_line' id='line_1_77' title="bbox 802 2564 1447 2613; baseline 0 -11"><span class='ocrx_word' id='word_1_371' title='bbox 802 2566 888 2602; x_wconf 81' lang='lat' dir='ltr'>dum</span> <span class='ocrx_word' id='word_1_372' title='bbox 918 2565 1076 2610; x_wconf 80' lang='lat' dir='ltr'>videtur,</span> <span class='ocrx_word' id='word_1_373' title='bbox 1106 2564 1137 2600; x_wconf 90' lang='lat' dir='ltr'>si</span> <span class='ocrx_word' id='word_1_374' title='bbox 1164 2577 1337 2613; x_wconf 75' lang='lat' dir='ltr'>quaeras,</span> <span class='ocrx_word' id='word_1_375' title='bbox 1366 2568 1447 2602; x_wconf 80' lang='lat' dir='ltr'>utra</span> 
     </span>
     <span class='ocr_line' id='line_1_78' title="bbox 800 2621 1446 2667; baseline -0.002 -9"><span class='ocrx_word' id='word_1_376' title='bbox 800 2622 918 2659; x_wconf 85' lang='lat' dir='ltr'>verior</span> <span class='ocrx_word' id='word_1_377' title='bbox 932 2623 979 2657; x_wconf 89' lang='lat' dir='ltr'>sit</span> <span class='ocrx_word' id='word_1_378' title='bbox 996 2621 1152 2657; x_wconf 84' lang='lat' dir='ltr'>narratio</span> <span class='ocrx_word' id='word_1_379' title='bbox 1163 2649 1175 2667; x_wconf 83' lang='lat'>‚</span> <span class='ocrx_word' id='word_1_380' title='bbox 1203 2621 1383 2658; x_wconf 89' lang='lat' dir='ltr'>Herodoti</span> <span class='ocrx_word' id='word_1_381' title='bbox 1399 2634 1446 2657; x_wconf 86' lang='lat' dir='ltr'>an</span> 
     </span>
     <span class='ocr_line' id='line_1_79' title="bbox 801 2677 1446 2726; baseline -0.003 -11"><span class='ocrx_word' id='word_1_382' title='bbox 801 2679 966 2723; x_wconf 76' lang='lat' dir='ltr'>Ctesiae,</span> <span class='ocrx_word' id='word_1_383' title='bbox 997 2690 1043 2713; x_wconf 87' lang='lat' dir='ltr'>an</span> <span class='ocrx_word' id='word_1_384' title='bbox 1060 2677 1219 2713; x_wconf 82' lang='lat' dir='ltr'>aliorum.</span> <span class='ocrx_word' id='word_1_385' title='bbox 1250 2677 1446 2726; x_wconf 83' lang='lat' dir='ltr'>Relinqua-</span> 
     </span>
     <span class='ocr_line' id='line_1_80' title="bbox 801 2733 1446 2781; baseline -0.002 -10"><span class='ocrx_word' id='word_1_386' title='bbox 801 2748 880 2771; x_wconf 85' lang='lat' dir='ltr'>mus</span> <span class='ocrx_word' id='word_1_387' title='bbox 913 2747 1015 2770; x_wconf 86' lang='lat' dir='ltr'>suam</span> <span class='ocrx_word' id='word_1_388' title='bbox 1045 2733 1171 2781; x_wconf 81' lang='lat' dir='ltr'>cuique</span> <span class='ocrx_word' id='word_1_389' title='bbox 1198 2733 1329 2779; x_wconf 86' lang='lat' dir='ltr'>fidem,</span> <span class='ocrx_word' id='word_1_390' title='bbox 1366 2746 1446 2770; x_wconf 81' lang='lat' dir='ltr'>euin</span> 
     </span>
     <span class='ocr_line' id='line_1_81' title="bbox 802 2788 1446 2828; baseline -0.003 -1"><span class='ocrx_word' id='word_1_391' title='bbox 802 2796 964 2828; x_wconf 88' lang='lat' dir='ltr'>neutrum</span> <span class='ocrx_word' id='word_1_392' title='bbox 984 2790 1062 2826; x_wconf 86' lang='lat' dir='ltr'>sine</span> <span class='ocrx_word' id='word_1_393' title='bbox 1078 2788 1231 2825; x_wconf 87' lang='lat' dir='ltr'>testibus</span> <span class='ocrx_word' id='word_1_394' title='bbox 1249 2793 1312 2825; x_wconf 89' lang='lat' dir='ltr'>aut</span> <span class='ocrx_word' id='word_1_395' title='bbox 1323 2794 1446 2826; x_wconf 85' lang='lat' dir='ltr'>aucto-</span> 
     </span>
     <span class='ocr_line' id='line_1_82' title="bbox 801 2845 1443 2896; baseline -0.003 -12"><span class='ocrx_word' id='word_1_396' title='bbox 801 2848 899 2884; x_wconf 85' lang='lat' dir='ltr'>ribus</span> <span class='ocrx_word' id='word_1_397' title='bbox 919 2848 969 2883; x_wconf 88' lang='lat' dir='ltr'>ita</span> <span class='ocrx_word' id='word_1_398' title='bbox 994 2845 1161 2882; x_wconf 85' lang='lat' dir='ltr'>retulisse</span> <span class='ocrx_word' id='word_1_399' title='bbox 1189 2845 1274 2882; x_wconf 86' lang='lat' dir='ltr'>mihi</span> <span class='ocrx_word' id='word_1_400' title='bbox 1296 2858 1443 2896; x_wconf 83' lang='lat' dir='ltr'>persua-</span> 
     </span>
    </p>
   </div>
  </div>
 </body>
</html>
