1877 3223
686 206 901 246 CLIO.
959 208 988 246 Ι.
1388 211 1470 252 183

210 315 353 369 ,,οἵνῳ
383 315 675 370 διαχρέονται,
722 314 831 359 ἄλλα
867 314 1210 372 ὑδροποτέουσι·
1260 314 1314 359 οὐ
1357 321 1467 363 σῦκα

182 397 240 446 4,,
253 393 299 436 δὲ
321 392 462 449 έχουσι
482 392 687 450 τρώγειν,
719 394 802 440 οὐκ
833 393 936 438 ἄλλο
967 393 1140 451 ἀγαθόν
1163 393 1307 439 οὐδέν.
1336 401 1466 440 τοῦτο

207 473 322 528 ,,μὲν
350 472 426 529 δή,
474 474 511 516 εἰ
541 471 752 529 νικήσεις,
789 475 831 517 τί
860 485 997 529 σφεας
1029 474 1313 530 ἀπαιρήσεαι,
1353 479 1468 518 τοῖσί

207 569 289 609 „ys
317 552 375 608 μή
407 552 494 595 ἐστι
522 552 679 608 μηδὲν,
737 555 866 596 τοῦτο
898 553 963 603 δὲ,
1015 552 1068 611 ἢν
1097 557 1307 611 νικηθῇς,
1348 553 1463 610 μάθε
1478 562 1524 596 70

207 630 323 684 ,,ὅσα
354 629 499 687 ἁγαθοὶ
529 630 795 687 ἀποβαλέεις.
847 630 1109 688 γευσάμενοι
1138 632 1221 688 γοὲρ
1251 636 1339 676 τῶν
1366 632 1465 689 ἡμε-

207 710 383 765 ,,τέρων
411 708 615 764 ἀγαθῶν,
654 712 944 766 περιέξονται,
994 709 1098 755 οὐδὲ
1128 710 1320 755 ἀπωστοὶ
1352 712 1467 755 ἔσον-

175 796 228 841 5,,
243 806 324 832 ται.
382 788 464 844 ἐγώ
496 788 574 844 μέν
603 806 687 832 νυν
725 795 867 833 θεοῖσι
910 790 988 846 ἔχω
1019 790 1170 846 χάριν,
1209 793 1252 834 οἳ
1283 789 1363 834 οὐκ
1393 792 1463 834 ἐπὶ

202 866 345 919 ,,νόον
373 867 571 912 ποιέουσι
599 869 794 926 Πέρσῃσι
825 868 1136 923 στρατεύεσθαι
1157 869 1223 913 ἐπὶ
1246 870 1462 921 Λυδούς.“

209 949 354 990 Ταῦτα
385 947 542 1003 λέγων,
589 947 673 992 οὐκ
713 949 855 992 ἔπειθε
890 948 968 992 τόν
997 951 1205 1004 Κροῖσον.
1264 949 1459 1005 Πέρσῃσι

201 1026 310 1081 γὰρ,
341 1027 447 1081 πρὶν
476 1026 652 1078 Λυδούς
669 1028 1075 1084 καταστρέψασθαι,
1106 1022 1160 1083 ἦν
1179 1027 1278 1070 οὔτε
1302 1027 1458 1082 ἁβρὸν,

77 1098 142 1144 72
202 1105 303 1148 οὔτε
333 1103 501 1161 ἀγαθὸν
532 1105 673 1150 οὐδέν.
715 1109 768 1150 Οἱ
798 1107 842 1150 δὲ
872 1105 1166 1151 Καππαδόκαι
1195 1105 1282 1150 ὑπὸ
1308 1105 1502 1163 ‘Eam-75
1515 1091 1794 1165 gssggggffiffitssy‘}

1512 1259 1590 1286 fines
1618 1260 1792 1293 terminans,

138 1313 265 1363 paucis
297 1316 503 1350 contentam
543 1317 581 1349 et
609 1312 708 1350 tenui
739 1312 792 1348 vi-
861 1317 1013 1349 nuntur:
1043 1315 1158 1352 τοῦτο
1180 1310 1222 1352 δὲ
1240 1308 1301 1362 ἦν
1325 1301 1576 1368 νικηθῇςὲιιιιιῗ.
1599 1301 1688 1320 cursu
1713 1292 1793 1321 sera-

140 1372 217 1406 ctus
250 1369 375 1417 generi
409 1367 629 1404 adstrictam.
683 1368 790 1404 Conf.

139 1425 250 1461 modo
271 1424 439 1474 Xenoph.
461 1424 595 1473 Cyrop.
615 1423 653 1470 Ι,
676 1425 724 1470 3,
753 1426 791 1464 2.

138 1480 219 1528 Vll,
238 1481 277 1528 5,
298 1483 362 1521 67.
393 1480 444 1526 V,
475 1482 521 1526 2,
555 1482 616 1520 16.
636 1479 794 1517 Posthac

138 1537 176 1573 in
200 1550 308 1574 omne
347 1536 551 1574 deliciarum
580 1540 616 1573 et
643 1535 792 1574 luxuriei

139 1605 255 1642 genus
292 1593 425 1631 Persas
465 1592 656 1643 prolapsos
697 1606 790 1640 esse,

139 1650 228 1685 satis
246 1654 392 1696 notum,
423 1652 462 1685 ut
480 1649 572 1686 adeo
597 1649 692 1695 vino,
718 1662 790 1698 quo

137 1704 195 1742 hic
225 1710 261 1742 et
279 1707 375 1756 apud
394 1705 676 1755 Xenophontem
697 1705 792 1754 (Cy-

137 1774 216 1811 rop.
246 1762 283 1808 I,
323 1765 372 1808 2,
409 1762 465 1809 8.)
507 1774 628 1799 carere
667 1762 792 1798 dicun-

137 1820 216 1863 tur,
246 1817 350 1854 valde
368 1816 592 1854 indulserint.
622 1818 703 1853 Vid.
732 1818 792 1853 ln-

137 1874 192 1909 fra
212 1872 241 1920 I,
266 1874 357 1914 133.
379 1893 434 1899 -—
452 1872 695 1923 διαχρέονται
714 1886 792 1910 cum

136 1934 285 1966 recentt.
320 1929 402 1966 edd.
438 1930 569 1965 retinui
603 1942 670 1978 pro
701 1929 790 1967 δια-

137 1983 371 2038 χρέωνται.
404 1985 512 2021 Conf.
541 1985 575 2032 Ι,
600 1985 666 2026 34.

193 2047 242 2091 οὗ
263 2054 363 2091 σῦκα
395 2049 438 2091 δὲ
465 2050 596 2101 ἔχουσι
618 2047 790 2103 τρώγειν,

137 2103 212 2148 οὐκ
234 2105 327 2147 ἄλλο
352 2103 518 2159 ἀγαθὸν]
550 2108 725 2158 Disputat
745 2110 791 2146 de

135 2164 205 2201 hoc
225 2164 304 2202 loco
323 2177 367 2201 ac
386 2165 566 2202 sententia
576 2165 791 2202 Herodotea

135 2220 293 2258 Iulianus
338 2220 507 2271 Imperat.
558 2220 627 2271 Ep.
664 2221 789 2257 XXIV

135 2289 173 2327 p.
201 2279 283 2318 390
311 2290 388 2326 seq.
434 2277 605 2325 Namque
630 2276 718 2313 fieus
751 2277 788 2313 in

135 2333 299 2381 frugibus
328 2333 569 2379 suavissimis,
609 2334 789 2381 arborque

136 2388 216 2438 ipsa
241 2389 278 2425 in
299 2390 618 2439 praestantissimis
637 2389 790 2426 habetur

137 2446 236 2493 apud
254 2450 406 2493 veteres,
436 2446 571 2495 quippe
590 2458 663 2494 qua
683 2445 789 2494 quid-

139 2500 226 2547 quid
244 2505 373 2537 natura
391 2515 500 2539 suave
520 2514 561 2538 ac
581 2501 683 2538 dulce
703 2515 790 2550 pro-

139 2555 233 2591 ferre
261 2561 389 2604 queat,
418 2558 563 2593 omnino
593 2557 789 2594 indicatum

139 2610 393 2648 exisfimemus.
415 2613 593 2656 Quocirca
614 2612 643 2649 C
653 2625 680 2649 r.
700 2626 786 2650 con-

137 2667 207 2703 fert
234 2667 385 2705 Homeri
414 2668 550 2717 Odyss.
579 2667 668 2717 VII,
705 2671 784 2711 116

138 2735 241 2772 seqq.

191 2791 309 2829 τοῦτο
341 2787 412 2839 μὲν
442 2788 514 2841 δή,
553 2790 590 2831 εἰ
609 2787 785 2843 νικήσεις

136 2859 171 2885 κ.
191 2861 222 2884 τ.
243 2845 291 2896 λ.]
323 2847 464 2890 Quibus
480 2848 648 2886 continuo
666 2861 784 2900 oppo-

860 1368 941 1405 Nec
961 1372 1083 1406 tamen
1111 1382 1194 1405 raro
1223 1370 1274 1405 sic
1305 1370 1442 1418 opponi
1475 1369 1520 1407 εἰ

862 1428 899 1460 et
926 1419 952 1473 ἢ
967 1439 1008 1470 ν,
1036 1424 1206 1473 exemplis
1227 1426 1520 1461 commonstravit

861 1479 1017 1517 lVerser.
1046 1481 1083 1516 in
1111 1481 1205 1517 Actt.
1225 1480 1325 1530 phili.
1350 1480 1517 1518 Monacc.

859 1536 887 1582 Ι,
912 1539 933 1576 1
955 1550 1042 1587 pag.
1065 1539 1158 1578 101.

915 1609 968 1665 ἦν
996 1612 1087 1653 οὔτε
1107 1612 1281 1667 ἁβρὸν,
1311 1612 1401 1654 οὕτε
1424 1610 1517 1666 ἄγα-

859 1668 940 1710 θὸν
970 1667 1111 1721 οὐδὲν]
1144 1673 1166 1708 i.
1192 1685 1222 1709 e.
1253 1672 1339 1707 nihil
1379 1671 1517 1709 Persae

860 1728 995 1765 deliciis
1017 1728 1076 1775 (ut
1104 1728 1253 1778 postea)
1278 1728 1517 1776 indulgebant

859 1797 926 1820 nec
950 1785 1152 1832 quidquam
1182 1797 1307 1821 eorum
1338 1789 1415 1821 erat
1448 1784 1515 1820 illis

859 1840 1055 1885 bonorum,
1095 1853 1189 1887 quae
1220 1841 1267 1876 ad
1292 1840 1436 1877 mollem
1462 1840 1515 1877 ἡ·

858 1900 933 1932 tam
957 1895 1219 1944 delicatamque
1245 1897 1457 1945 perducant.

1044 1978 1075 2014 C
1089 1991 1155 2028 ap.
1185 1977 1338 2016 LXXII.

916 2060 957 2101 οἵ
976 2059 1018 2100 δὲ
1041 2057 1313 2101 Καππαδόκαι
1331 2058 1412 2101 ‘tino'
1432 2059 1511 2100 Ἑλ-

858 2113 992 2169 λήνων
1043 2114 1186 2169 Σύριοι
1232 2113 1507 2168 ὀνομάζονται]

857 2175 971 2212 Hisce
999 2174 1204 2223 iungenda,
1255 2187 1348 2224 quae
1378 2174 1416 2221 Ι,
1456 2178 1509 2216 71

857 2231 934 2267 init.
967 2235 1126 2268 exstant:
1177 2232 1350 2281 Κροῖσος
1383 2227 1425 2268 δὲ
1454 2250 1510 2258 —-

857 2285 1029 2326 ἐποιέετο
1063 2288 1276 2337 στρατηίην
1315 2285 1354 2332 ἐς
1398 2288 1509 2324 Καπ-

856 2343 1072 2390 παδοκίαν,
1122 2344 1172 2379 ita
1216 2347 1254 2379 ut
1301 2355 1394 2391 quae
1440 2342 1509 2380 hoc

856 2413 933 2448 cap.
967 2402 1019 2440 71
1050 2403 1259 2446 narrantur,
1293 2399 1509 2448 interposita

855 2456 1014 2504 reliquae
1042 2455 1240 2492 narrationi
1270 2456 1508 2504 quodammo-

856 2513 904 2549 do
939 2512 1140 2549 videantur.
1197 2510 1265 2547 Est
1297 2524 1381 2548 vero
1419 2510 1507 2547 illud

855 2568 1052 2606 tenendum
1091 2567 1218 2615 Syriae
1246 2580 1378 2603 nomen
1413 2567 1506 2603 anti-

853 2625 973 2673 quitus
1011 2623 1123 2660 multo
1151 2623 1255 2659 latius
1288 2623 1451 2673 patuisse
1483 2635 1504 2659 a

852 2680 1054 2728 Babylonia
1079 2692 1195 2727 usque
1214 2680 1262 2716 ad
1281 2679 1505 2728 Aegyptum,

854 2737 1016 2773 Ciliciam
1049 2748 1222 2783 oramque
1261 2734 1357 2771 illam
1395 2735 1506 2770 maris

853 2791 1106 2829 mediterranei
1132 2791 1291 2839 indeque
1313 2803 1438 2826 rursus
1457 2790 1506 2826 ad

853 2849 1011 2886 Pontum
1020 2847 1202 2885 Euxinum
1225 2860 1351 2896 usque.
1379 2845 1505 2884 Testis
