1909 3228
551 164 973 203 EUTERPE.
1034 165 1078 202 ll.

1364 166 1445 205 831

190 274 237 318 ἐν
265 274 350 331 γάρ
381 272 489 330 με’σῃ
519 277 572 331 τῆ
602 275 731 330 λίμνῃ
761 271 945 329 μάλιστα
982 290 1036 329 κη
1073 273 1215 316 ἑστᾶσι
1255 270 1337 316 δύο
1368 280 1504 316 mxv—55

190 356 386 408 ραμίδες,
434 358 513 396 τοῦ
551 353 710 403 ὕδατος
748 351 1034 408 ὑπερέχουσαι
1072 351 1341 407 πεντήκοντα
1372 350 1447 406 ὀρ-

188 433 315 489 γυιὰς
346 433 546 488 ἑκατέρη,
576 433 646 475 καὶ
677 433 725 474 τὸ
754 430 844 474 κατ’
874 431 1031 482 ὕδατος
1053 429 1333 487 οἰκοδόμηται
1358 430 1446 474 ἕτε-

189 529 271 567 ρον
298 516 506 555 τοσοῦτο·
554 511 623 554 καὶ
659 508 723 553 ἐπ’
757 508 1026 567 ἀμφοτέρῃσι
1055 511 1195 554 ἔπεστι
1234 510 1448 561 κολοσσός

161 594 380 642 4λίθινος,
410 589 650 646 κατήμενος
678 588 724 632 ἐν
752 588 917 645 θρόνῳ.

977 589 1091 633 οὕτω
1124 592 1169 632 αἱ
1197 591 1275 644 μὲν
1303 605 1446 644 πνρα-

188 673 306 725 μίδες
337 670 415 713 εἰσὶ
446 669 601 712 ἑκατὸν
633 666 869 724 ὀργυιέων,
918 670 963 711 αἱ
1002 667 1043 712 δ’
1078 668 1232 712 ἑκατὸν
1273 667 1447 725 ὀργυιαὶ

184 751 349 792 δίκαιαί
380 750 457 792 εἰσι
490 747 668 790 στάδιον
698 748 980 800 ἑξάπλεθρον·
1023 747 1233 800 ἑξαπέδου
1266 748 1345 803 μὲν
1372 752 1503 804 τῆςδῦ

185 826 365 883 ὀργυιῆς
394 825 699 883 μετρεομένης,
738 826 810 869 καὶ
842 825 1147 881 τετραπήχεος·
1180 831 1267 870 τῶν
1297 829 1447 870 ποδῶν

185 906 265 963 μὲν
293 906 673 961 τετραπαλαίστων
702 903 890 958 ἐόντων,
939 909 1020 949 τοῦ
1053 904 1099 949 δὲ
1129 904 1308 961 πήχεος,
1349 906 1445 958 ἑξα-

127 1138 208 1162 cum
226 1123 301 1162 Nili
320 1137 416 1173 aqua
435 1137 463 1161 s.
481 1137 560 1160 cum
580 1123 679 1160 Bahr
697 1122 778 1161 bela

128 1183 187 1218 ma
225 1181 487 1228 (‚,Her0d0t's
524 1180 679 1228 Angabe
714 1179 780 1228 gilt

127 1250 197 1274 nur
218 1250 287 1273 von
305 1237 437 1273 dessein
459 1259 515 1263 —-
534 1237 598 1273 des
615 1237 704 1274 Sees
724 1257 779 1263 fl-

126 1293 294 1330 iistlicher
340 1293 655 1330 Communication
715 1293 780 1329 mit

126 1351 210 1387 dem
231 1349 448 1395 Nilwasser,
470 1349 622 1385 uamlich
641 1349 779 1385 diesem

126 1405 225 1442 Bahr
242 1405 322 1442 bela
346 1405 478 1451 ma“).
539 1405 646 1441 Conf.
670 1405 780 1441 etiam

125 1461 309 1498 Mannert.
343 1461 365 1497 l.
387 1461 408 1497 l.
435 1473 519 1510 pag.
540 1460 624 1502 423
653 1464 690 1497 et
719 1460 779 1496 lo-

125 1517 241 1555 mard.
264 1517 287 1554 l.
309 1516 332 1553 l.
353 1530 439 1567 pag.
460 1519 512 1558 97
535 1529 637 1566 seqq.

182 1599 318 1640 ἑστᾶσι
339 1595 413 1639 δύο
433 1597 668 1651 πυραμίδες]
699 1599 779 1637 Ha-

125 1670 204 1695 rum
246 1658 474 1707 pyramidum
505 1656 641 1693 nullum
684 1669 779 1693 nunc

123 1714 316 1762 vestigium
340 1726 529 1762 superesse
552 1716 704 1749 testatur
723 1712 780 1748 lo-

125 1770 239 1806 mard.
260 1769 281 1805 l.
298 1769 319 1805 l.
342 1782 425 1818 pag.
440 1771 506 1814 98,
529 1768 589 1804 ubi
608 1769 679 1804 vid.
707 1767 779 1804 Ac-

125 1826 224 1862 cedit
242 1825 476 1862 recentissimi
495 1825 778 1874 peregrinatoris

126 1882 398 1927 testimonium,
436 1881 497 1929 qui
525 1881 561 1916 in
586 1880 701 1917 insula
732 1880 778 1916 El

125 1937 252 1983 Horu,
282 1950 377 1986 quae
396 1937 516 1974 medio
537 1937 572 1973 in
589 1935 667 1973 lacu
684 1950 779 1974 nunc

126 1993 364 2043 conspicitur,
395 1994 529 2030 frustra
550 1994 778 2042 pyramidum

124 2050 278 2098 vestigia
297 2063 336 2087 se
363 2049 582 2098 quaesivisse
609 2054 777 2086 testatur.

124 2105 206 2142 Vid.
229 2105 274 2143 L.
297 2106 344 2142 de
364 2105 536 2142 Laborde
555 2105 576 2141 l.
595 2105 616 2141 l.
650 2119 687 2155 p.
711 2108 776 2146 69.

184 2189 228 2228 αἱ
242 2185 275 2228 δ’
289 2186 429 2228 ἑκατόν
452 2183 608 2240 ὀργυιαὶ
627 2189 779 2227 δίκαιαί

127 2245 202 2284 εἶσι
230 2241 391 2285 στάδιον
415 2241 685 2296 ἑξάπλεθρον]
719 2245 779 2282 In-

126 2307 348 2353 terpretatur
369 2302 569 2351 Schweigh.
601 2303 656 2349 (in
676 2302 776 2338 lexic.

125 2358 306 2405 Herod.):
337 2362 469 2395 centum
497 2361 612 2396 iustae
635 2360 779 2408 orgyz'ae

124 2418 206 2451 sunt
242 2414 395 2451 stadium
438 2428 498 2451 sex
534 2417 668 2463 iugerz's
697 2428 777 2450 con—

123 2474 242 2514 stans‚·
262 2484 289 2507 s.
311 2474 443 2507 centum
465 2473 609 2520 orgyiae
627 2475 778 2520 aequant

125 2527 280 2573 (exacte
307 2527 492 2575 efficiunt)
534 2527 687 2563 stadium
718 2540 777 2563 sex

123 2584 250 2630 iugera
283 2585 467 2619 continens.
525 2582 646 2631 Atque
680 2583 775 2619 haud

124 2639 196 2676 scio
218 2651 264 2674 an
289 2638 358 2675 huc
388 2642 525 2688 spectet
554 2640 776 2686 grammatici

125 2695 255 2731 veteris
276 2694 419 2743 glossa,
443 2695 515 2742 qua
536 2695 691 2732 δίκαιον
710 2693 776 2744 με’-

122 2765 218 2800 τρον
247 2751 343 2800 apud
363 2750 590 2787 Herodotum
610 2752 655 2787 sit
677 2751 773 2787 idem

122 2811 234 2856 atque
264 2803 306 2845 ro*
328 2805 427 2844 ἴσον.
484 2806 592 2843 Conf.
614 2807 772 2849 Bekker‚

846 1122 1035 1161 anecdd.l
1068 1135 1153 1173 pag.
1189 1126 1255 1166 90.
1313 1123 1501 1162 Iomardus

847 1180 982 1227 (deser.
1011 1180 1057 1216 de
1084 1180 1177 1228 l’Eg.
1208 1184 1280 1217 ant.
1312 1180 1350 1226 I,
1380 1183 1406 1222 3
1425 1181 1501 1218 livr.

846 1238 1024 1286 pag.67o
1044 1237 1140 1284 not.)
1163 1236 1209 1274 de
1231 1250 1297 1273 usu
1319 1238 1419 1274 vocis
1443 1237 1501 1276 δι’-

848 1307 959 1338 καιος
974 1292 1010 1328 in
1034 1292 1129 1329 hisce
1160 1294 1211 1329 ita
1242 1293 1388 1330 statuit:
1418 1307 1501 1341 „en

847 1349 995 1398 Egypte
1016 1348 1038 1383 il
1059 1351 1179 1397 paroit
1210 1349 1320 1397 qu’on
1340 1350 1501 1399 appeloit

842 1405 941 1451 juste
961 1404 993 1441 le
1014 1405 1117 1441 stade
1131 1433 1140 1451 ‚
1163 1405 1226 1454 qui
1256 1405 1422 1442 resultoit
1453 1407 1501 1443 de

847 1461 882 1497 la
919 1473 1060 1497 mesure
1091 1461 1140 1496 du
1177 1461 1290 1509 degre
1331 1462 1422 1498 dans
1459 1475 1501 1499 ce

846 1530 949 1567 pays.
963 1517 987 1535 “
1051 1516 1266 1553 Herodoteo
1305 1517 1384 1554 loco
1423 1518 1501 1555 iure

847 1574 958 1609 utitur
969 1572 1107 1609 Wurm.
1127 1573 1174 1610 de
1193 1573 1332 1622 pondd.
1345 1574 1501 1622 Graece,

847 1633 885 1667 et
901 1629 1044 1665 Romm.
1067 1641 1152 1678 pag.
1173 1631 1238 1670 91.
1287 1630 1384 1667 Hinc
1403 1631 1499 1668 enim

846 1689 979 1735 patet,
1032 1686 1192 1722 stadium
1230 1690 1399 1724 constare
1436 1699 1499 1724 sex

845 1741 1018 1791 plethris‚
1050 1754 1143 1788 quae
1174 1746 1319 1779 centum
1350 1743 1498 1791 orgyias

848 1802 885 1834 et
928 1801 1117 1834 sexcentos
1160 1798 1275 1846 pedes
1313 1803 1497 1847 aequant3

846 1865 930 1889 nam
961 1852 1141 1902 plethrum
1179 1858 1322 1891 centum
1354 1859 1498 1892 constat

846 1910 1031 1959 pedibus,
1076 1910 1204 1958 orgyia
1242 1923 1304 1947 sex
1340 1912 1497 1961 pedibus

846 1965 921 2002 sive
953 1970 1111 2014 quatuor
1144 1966 1299 2013 cubitis·‚
1345 1968 1496 2014 cubitus,

845 2022 906 2070 qui
946 2035 1055 2057 unum
1096 2023 1228 2071 pedem
1277 2023 1497 2073 alteriusque

847 2078 1030 2114 dimidium
1052 2080 1232 2126 continet,
1255 2093 1317 2116 sex
1332 2093 1497 2130 compre-

847 2134 973 2170 hendit
992 2134 1213 2184 palaestras,
1236 2149 1387 2185 quarum
1407 2149 1497 2185 qua-

846 2195 924 2227 tuor
948 2203 1057 2227 unum
1088 2193 1221 2241 pedem
1262 2194 1495 2231 constituunt.

847 2247 955 2283 Conf.
984 2248 1092 2284 etiam
1115 2249 1257 2284 Herod.
1280 2249 1336 2296 ΙΙ,
1358 2251 1436 2290 168
1458 2253 1496 2286 et

844 2302 1062 2339 Dahlmann.
1095 2305 1130 2340 in
1161 2305 1301 2341 Herod.
1335 2318 1420 2355 pag.
1440 2307 1495 2346 93

846 2379 900 2385 —
919 2360 993 2406 95,
1030 2360 1092 2408 qui
1118 2360 1186 2396 hoc
1221 2361 1313 2398 bene
1345 2374 1495 2399 monere

845 2415 1007 2462 videtur,
1047 2416 1278 2453 Herodotum
1309 2431 1383 2454 non
1414 2417 1493 2454 aliis

845 2471 914 2507 alio
935 2471 1012 2507 loco
1034 2473 1084 2508 uti
1103 2474 1300 2519 mensuris,
1314 2474 1379 2510 sed
1398 2487 1493 2510 sem-

844 2540 910 2577 per
930 2528 1071 2564 iisdem.
1131 2528 1226 2564 Add.
1255 2529 1408 2566 Iomard.
1429 2531 1494 2567 de-

845 2584 967 2632 script.
999 2584 1045 2620 de
1073 2583 1166 2633 l'Eg.
1192 2589 1266 2621 ant.
1298 2585 1336 2632 I,
1368 2585 1492 2626 31ivr.

843 2652 929 2688 pag.
952 2642 1032 2680 613
1063 2653 1166 2688 seqq.
1204 2641 1280 2678 coll.
1303 2643 1384 2682 683
1414 2655 1491 2691 seq.

844 2695 926 2735 634
957 2708 1060 2744 seqq.
1128 2696 1254 2744 ltaque
1291 2710 1365 2734 non
1402 2702 1491 2744 erat,

843 2761 907 2787 cur
929 2756 1053 2787 nostro
1072 2752 1107 2788 in
1125 2751 1203 2788 loco
1222 2753 1492 2791 haereretZo'e-

841 2819 888 2855 ga
909 2808 955 2844 de
975 2807 1139 2845 obeliscc.
1166 2821 1202 2859 p.
1229 2809 1307 2850 148
1328 2813 1403 2847 not.
1426 2812 1489 2851 12.
