1877 3223
391 211 448 251 46
805 206 1270 246 HERODOTI

393 315 662 374 ὁρμεώμενοι
697 315 776 372 τὴν
813 320 896 373 γῆν
933 318 1122 371 σπείρειν
1160 332 1205 359 τε
1245 315 1318 359 καὶ
1347 315 1601 372 ἐργάζεσθαι
1634 317 1677 360 οἱ

393 396 623 453 Μιλήσιοι,
667 393 799 446 αὐτὸς
833 396 898 447 δὲ,
936 396 1116 440 ἐκείνων
1145 394 1471 451 ἐργαζομένων,
1517 396 1606 452 ἔχοι
1635 412 1676 439 τι

277 482 342 526 18
391 477 466 521 καὶ
487 478 685 519 σίνεσθαι
705 473 939 531 ἐσβάλλων.
979 479 1127 518 Ταῦτα
1149 473 1333 525 ποιέων,
1368 473 1566 530 ἐπολέμεε
1585 475 1723 518 ἐτεαδο

392 555 563 599 ἕνδεκα·
587 555 633 597 ἐν
662 559 777 597 τοῖσι
807 554 1009 609 τρώματα
1039 553 1203 609 μεγάλα
1233 552 1417 619 διφάσια
1448 554 1679 608 Μιλησίων

392 635 580 691 ἐγένετο,
622 633 669 675 ἐύ
705 649 751 676 τε
788 637 1005 692 Λιμενηίῳ
1035 632 1175 689 χώρης
1212 636 1287 688 τῆς
1317 621 1523 687 σφετέρης
1556 647 1679 687 μαχε-

368 713 613 769 Ξσαμένων,
654 711 729 754 καὶ
758 711 804 754 ἐν
831 712 1098 765 Μαιάνδρου
1128 714 1275 769 πεδίῳ.
1313 711 1367 754 τά
1407 711 1485 766 μέν
1524 726 1608 753 νυν
1636 710 1682 762 ἓξ

391 794 487 836 ἔτεα
522 795 610 835 τῶν
653 791 806 833 ἕνδεκα
845 791 1101 847 Σαδυάττης
1140 790 1163 834 ὁ
1193 791 1381 847 ’Ἄρδυος
1422 790 1484 833 ἔτι
1517 790 1682 832 Λυδῶν

390 868 518 929 ἦρχε,
560 871 583 915 ὁ
626 870 700 913 καὶ
739 867 963 925 ἐσβάλλων
1003 875 1241 925 τηνικαῦτα
1279 871 1322 922 ἐς
1351 871 1430 926 τὴν
1458 868 1726 925 Μιλησίην65

542 1056 573 1092 C
586 1068 605 1092 a
617 1068 653 1105 p.
683 1053 819 1091 XVHI.

404 1138 447 1179 ἐν
464 1141 567 1178 τοῖσι
584 1135 768 1191 τρώματα
789 1133 937 1189 μεγάλα
949 1136 1004 1176 δι-

351 1196 481 1245 φάσια
502 1210 539 1234 κ.
559 1210 592 1233 τ.
615 1194 663 1245 λ.]
689 1197 826 1245 τρῶμα
847 1195 893 1231 de
904 1193 1005 1230 clade

347 1266 377 1289 s.
391 1252 508 1302 plaga
538 1253 796 1302 accipiendum.
835 1251 910 1288 Ubi
928 1250 1004 1286 Eu-

349 1309 470 1345 stathii
501 1309 673 1345 admonet
706 1307 762 1344 Cr.
792 1307 839 1344 ad
866 1308 1002 1354 Odyss.

348 1364 460 1411 XXI,
480 1366 562 1405 293
582 1378 667 1414 pag.
689 1367 770 1404 761
792 1363 852 1400 lin.
874 1364 927 1404 25
945 1364 1003 1400 ed.

346 1421 458 1457 Basil.
519 1420 581 1457 Tu
612 1421 698 1456 add.
727 1432 821 1468 quae
848 1419 921 1455 dixi
955 1418 1003 1454 ad

350 1476 531 1513 Plutarch.

349 1545 435 1584 pag·
460 1533 554 1575 215.

592 1475 768 1513 Alcibiad.
826 1488 882 1525 cp.
949 1476 1002 1516 27

405 1616 448 1656 ἔν
473 1632 515 1657 τε
543 1616 751 1669 Λιμενηίῳ
781 1611 910 1668 χώρης
931 1616 1004 1666 τῆς

348 1673 566 1726 σφετέρης]
605 1673 645 1709 ln
668 1673 882 1721 quibusdam
905 1672 1002 1709 libris

347 1735 465 1769 exstat
494 1730 535 1770 ἔν
550 1745 590 1769 τε
612 1728 654 1768 ἐν
677 1730 906 1782 Λιμενηΐῳ,
937 1742 1003 1778 pa-

346 1788 547 1825 trocinante
570 1786 758 1823 Gronoxio
772 1815 782 1832 ‚
818 1786 878 1834 qui
900 1784 942 1823 ἕν
962 1798 1002 1823 τε

346 1843 513 1881 absolute
534 1844 693 1894 positum
704 1842 794 1878 vult:
815 1844 904 1878 inter
913 1841 1002 1888 alia,

345 1902 384 1936 in
413 1900 478 1937 his.
538 1900 615 1937 Sed
657 1912 700 1935 eo
726 1911 836 1935 sensu
877 1898 1005 1935 dicitur

347 1954 391 1995 ἐν
415 1953 457 1994 δὲ
484 1956 581 2006 (pro
602 1954 644 1993 ἐν
667 1950 823 2001 τούτοις
842 1952 910 2002 δὲ)
925 1984 935 2001 ,
964 1957 1004 1990 ut

345 2013 488 2049 monuit
538 2010 760 2059 ll'esseling.
809 2011 866 2047 cui
914 2010 1000 2046 add.

348 2068 543 2106 Ruhnken.
554 2067 672 2116 Epist.
692 2067 799 2104 critic.
809 2080 894 2117 pag.
908 2068 1000 2108 236.

348 2124 442 2171 Alii,
473 2137 546 2173 quo
562 2124 775 2160 mendosam
789 2124 1002 2173 scripturam

349 2181 590 2230 explicarent,
636 2179 678 2218 ἐν
724 2180 915 2232 λιμενηΐῳ
961 2190 1005 2215 ex

347 2238 469 2288 prisco
488 2236 668 2273 scribendi
689 2249 756 2272 usu
769 2236 865 2272 idem
884 2234 1004 2271 valere

348 2306 461 2344 posse
496 2293 666 2330 dicebant
711 2296 821 2340 atque
851 2290 1003 2338 ἐλλιμε-

348 2350 475 2403 νηΐῳ,
516 2353 554 2385 ut
572 2348 639 2385 loci
664 2360 797 2384 nornen
825 2346 1005 2394 intellige-

349 2410 449 2443 retur
465 2399 742 2455 Ἐλλιμενήϊον
757 2434 767 2451 ,
799 2403 860 2440 ubi
879 2414 1005 2452 pugna

347 2461 410 2499 illa
447 2462 494 2498 sit
540 2460 741 2499 commissa.
799 2458 1001 2496 Larcherus

351 2519 410 2565 (in
456 2519 529 2555 tab.
581 2516 781 2566 geograph.
831 2515 878 2553 T.
917 2514 1001 2552 Vlll

349 2588 386 2626 p.
408 2576 524 2623 302)
554 2574 756 2611 coniecerat
784 2571 826 2611 ἔν
847 2586 888 2610 τε
919 2575 1001 2610 Λι-

351 2632 504 2683 μνηΐῳ,
543 2644 623 2667 cum
655 2642 677 2666 a
707 2629 900 2679 paludibus
928 2633 1002 2664 sta-

351 2687 506 2736 gnisque
526 2686 604 2724 loco
623 2698 753 2722 nomen
766 2686 919 2722 inditum
930 2688 1002 2723 Λι-

351 2739 510 2795 μνήϊον.
569 2743 617 2779 Et
645 2742 822 2779 coloniam
842 2741 900 2779 ille
926 2754 1003 2778 me-

351 2805 471 2838 morat
482 2799 704 2838 Milesiorum
721 2799 758 2835 in
770 2799 1002 2836 Chersoneso

353 2855 554 2903 Thracica,
595 2856 649 2893 cui
678 2868 810 2894 nomen
834 2855 1001 2905 Λίμναι,

1074 1059 1169 1093 teste
1189 1053 1372 1090 Strabone
1402 1051 1486 1089 Xsv
1520 1065 1557 1102 p.
1580 1050 1663 1093 635
1695 1064 1724 1089 s.

1074 1111 1170 1158 941,
1197 1110 1244 1146 D.
1290 1109 1471 1145 Herodoti
1500 1107 1727 1158 Λιμενήϊον

1073 1178 1273 1216 sanequam
1306 1165 1452 1202 aliunde
1490 1177 1565 1201 non
1600 1169 1726 1201 notum

1075 1228 1153 1271 cst,
1179 1224 1210 1259 si
1241 1221 1391 1258 Suidam
1426 1221 1633 1271 exceperiS‚
1664 1220 1726 1270 qui

1072 1280 1141 1317 hoc
1160 1279 1306 1316 nomine
1332 1278 1518 1325 regionem
1545 1278 1727 1325 quandam

1070 1336 1221 1373 indicari
1273 1334 1415 1380 scn'bit,
1474 1333 1727 1370 Herodoteum

1070 1393 1178 1430 credo
1218 1391 1333 1427 locum
1374 1390 1582 1439 respiciens.
1642 1390 1727 1432 Quo

1070 1449 1187 1495 magis
1217 1448 1274 1484 hic
1307 1460 1328 1483 a
1358 1447 1520 1483 codicum
1545 1446 1726 1496 scriptura

1070 1505 1239 1542 standum
1259 1504 1410 1540 videtur.
1442 1501 1728 1539 —Allaenanclri

1073 1561 1152 1610 (qui
1166 1574 1259 1597 nuuc
1272 1560 1400 1596 (licitur
1409 1558 1553 1595 ssIimler
1564 1573 1593 1595 s.
1605 1557 1728 1596 Mein-

1072 1618 1150 1662 ‹ler)
1179 1629 1327 1666 campos
1354 1616 1567 1653 Herodotus
1589 1628 1728 1652 memo-

1071 1679 1127 1711 rat
1151 1674 1187 1720 l,
1221 1676 1311 1713 161.
1349 1672 1404 1719 Il,
1430 1675 1503 1719 10,
1533 1672 1727 1722 ipsumque

1071 1731 1218 1767 fluvium
1247 1729 1301 1776 ll,
1333 1731 1398 1770 29.
1426 1728 1518 1775 Vll,
1552 1731 1605 1768 26
1649 1727 1726 1764 coll.

1071 1787 1143 1833 Ill,
1177 1789 1268 1826 122.
1298 1785 1354 1832 V,
1381 1787 1471 1825 118.
1520 1784 1727 1821 Tzschuck.

1071 1844 1120 1880 ad
1142 1843 1321 1892 Pompon.
1341 1840 1427 1878 Mel.
1452 1840 1490 1887 I,
1514 1843 1564 1881 17
1591 1839 1630 1891 ᾖ.
1653 1841 1691 1881 3.

1129 1897 1148 1938 ὁ
1166 1897 1233 1936 καὶ
1255 1893 1456 1948 ἐσβάλλων
1477 1895 1723 1948 τηνικαῦτα]

1070 1955 1169 1992 Male
1197 1955 1279 1991 olim
1312 1950 1509 2005 ἐσβαλών,
1559 1952 1728 1991 meliores

1070 2012 1162 2058 libri,
1184 2024 1276 2060 quos
1297 2024 1375 2047 cuin
1400 2014 1546 2048 recentt.
1570 2011 1726 2048 edd.se-

1071 2069 1141 2106 cuti
1160 2081 1284 2104 sumus
1297 2062 1513 2117 ἐσβάλλων,
1525 2067 1623 2114 quod
1634 2071 1727 2104 tem-

1072 2138 1202 2175 porum
1231 2123 1361 2160 rationi
1399 2123 1518 2171 magis
1548 2123 1726 2170 congruit.

1072 2203 1129 2207 -—
1156 2180 1196 2216 In
1227 2191 1330 2227 seqq.
1354 2191 1433 2214 cnm
1461 2183 1610 2215 recentt.
1642 2179 1726 2216 edd.

1072 2236 1296 2286 scripsimus:
1320 2229 1552 2283 Σαδυάττης
1564 2231 1638 2285 γὰρ
1659 2229 1726 2274 οὗ-

1071 2307 1149 2338 τος,
1170 2302 1387 2340 quamquam
1398 2291 1533 2327 arridet
1541 2291 1728 2341 Schweig-

1072 2347 1239 2385 haeuseri
1261 2347 1439 2396 suspicio,
1460 2347 1544 2396 qui,
1564 2360 1608 2384 eo
1625 2348 1726 2397 quod

1071 2405 1150 2441 libri
1170 2402 1331 2439 nonnulli
1353 2403 1584 2440 distinctione
1605 2405 1726 2453 posita

1069 2465 1155 2511 post
1174 2455 1405 2510 Σαδυάττης
1434 2461 1524 2508 (quin
1548 2458 1638 2496 illud
1657 2473 1724 2497 an-

1070 2516 1318 2554 tecedentibus
1359 2518 1599 2561 annectatur)
1640 2529 1726 2566 per-

1070 2578 1161 2621 gunt
1183 2566 1300 2617 οὗτος
1321 2569 1416 2625 γάρ,
1447 2585 1572 2609 vocem
1594 2572 1724 2612 Σαδυ-

1073 2626 1189 2678 άττης
1206 2633 1343 2666 temere
1373 2629 1409 2664 in
1432 2633 1567 2665 textum
1587 2628 1725 2667 illatam

1072 2686 1274 2723 arbitratur.
1345 2685 1421 2722 Sed
1469 2686 1646 2722 cautiores
1686 2686 1723 2722 in

1072 2741 1227 2779 delendo
1244 2754 1312 2778 nos
1341 2741 1496 2779 reddere
1518 2742 1628 2779 debet
1647 2741 1725 2779 He-

1070 2799 1212 2836 rodotei
1250 2798 1426 2835 sermonis
1474 2798 1581 2861 copia
1615 2801 1725 2846 atque

1070 2854 1307 2892 abundantia.
1344 2854 1402 2891 Ad
1421 2863 1609 2902 συνάψας
1630 2853 1724 2891 conf.
