1877 3223
660 198 958 241 CL10.1.

1373 202 1454 245 117

179 305 317 366 τούτῳ
370 307 397 351 ὅ
436 324 477 352 τι
524 310 614 365 ἔχοι
653 308 840 361 ἕκαστος.
900 309 960 360 ὥς
1004 309 1049 353 δὲ
1087 309 1134 353 ἐκ
1173 312 1248 366 τῆς
1297 313 1454 368 θυσίης

176 386 365 443 ἐγένετο,
405 387 719 445 καταχεάμενος
756 387 919 444 χρυσὸν
948 388 1131 432 ἄπλετον
1142 421 1152 440 ,
1192 387 1497 444 ἡμιπλίνθια55

172 464 217 518 ἐξ
245 462 384 509 αὐτοῦ
416 466 637 524 ἐξήλαυνε·
681 468 750 513 ἐπὶ
788 467 866 525 μὲν
901 465 954 512 τὰ
983 465 1249 524 μακρότερα,
1290 466 1451 512 ποιέων

186 649 241 699 ὥς
261 649 304 692 δὲ
328 651 371 693 ἐκ
388 653 459 703 τῆς
485 652 633 704 θυσίης
653 651 775 706 ἐγένε-

129 706 197 758 το]
229 709 251 746 ἰ.
266 722 296 747 e.
311 712 467 759 peractis
485 711 680 760 sacrejficiis.
709 710 776 747 Di-

128 765 283 802 ctionem
303 765 487 816 γίνεσθαι
517 761 597 805 ἀπό
627 766 703 803 sive
734 764 775 804 ἔκ

125 834 234 866 τινος
256 821 344 857 satis
363 821 566 869 illustrant,
597 835 690 871 quae
703 822 775 859 col-

124 874 213 924 legit
237 876 268 913 F
271 877 429 915 ischerus
459 879 507 916 ad
531 878 678 916 W'eller.
711 878 775 925 lli,

124 933 152 973 6
180 945 266 982 pag.
292 935 384 975 108.
442 934 484 970 In
513 948 615 984 seqq.
652 935 700 971 ad
732 931 772 972 ZZ-

123 990 265 1027 πλεῖον
301 990 462 1038 (ingens,
492 991 674 1039 magnum)
705 989 736 1028 C
742 1004 770 1028 r.

124 1045 263 1082 confert
286 1046 432 1083 Graevii
450 1046 567 1084 Lectt.
590 1047 769 1084 Hesiodd.

123 1113 202 1151 cap.
226 1101 298 1137 XX
318 1101 394 1139 init.
417 1103 465 1138 ad
483 1116 535 1139 vs.
558 1105 649 1144 147.

178 1154 422 1207 ’ἡμιπλίνθια
449 1156 488 1205 ἐξ
525 1154 650 1198 αὐτοῦ
678 1154 767 1210 ἐξή-

121 1212 266 1263 λαυνε]
295 1209 517 1260 ἐξελαύνειν
541 1215 597 1252 hie
627 1217 673 1253 de
693 1229 769 1253 me-

120 1269 238 1315 taliis,
285 1282 379 1318 quae
421 1270 595 1307 ducuntur
632 1271 767 1318 malleo,

119 1336 193 1361 non
216 1325 302 1373 igne
316 1325 515 1374 liquefiunt.
546 1326 626 1364 Nos
638 1327 766 1375 vulgo:

119 1380 268 1428 ΐνείόθη,
299 1381 472 1430 sclclagen.
532 1382 594 1420 Tu
610 1383 682 1420 vid.
713 1384 768 1419 in-

119 1438 175 1473 fra
195 1436 337 1475 Herod.
357 1438 399 1485 I,
422 1440 474 1480 68
495 1445 532 1475 et
563 1451 657 1487 quae
684 1438 765 1486 alia,

117 1497 288 1531 monente
311 1493 391 1541 Cr„
430 1495 561 1532 excitat
589 1496 766 1533 Graevius

117 1549 156 1586 in
181 1548 299 1588 Lectt.
327 1550 506 1588 Hesiodd.
534 1564 612 1601 cap.
636 1554 685 1592 19
718 1552 765 1589 ad

115 1617 168 1642 γε.
203 1608 294 1647 143.
367 1606 465 1644 Hinc
512 1603 765 1657 σφυρήλατος

119 1657 237 1700 εἰκών
266 1663 365 1711 apud
379 1662 558 1700 Herodot.
579 1664 668 1711 Vll,
688 1666 763 1710 693

116 1716 200 1753 hinc
230 1714 424 1767 ἐλάσματα
456 1715 622 1770 σιδήρου
653 1721 708 1767 (i.
730 1734 760 1758 e.

116 1772 350 1822 Ez'senblech)
400 1777 499 1824 apud
544 1776 761 1813 Pausaniam

115 1828 176 1876 X,
209 1833 280 1875 163
316 1830 378 1878 qui
401 1830 498 1868 idem
534 1831 664 1879 (VIII,
696 1835 758 1873 17.

116 1887 191 1932 14)
211 1886 494 1935 antiquissimum
512 1900 604 1937 opus
623 1901 665 1926 ex
677 1900 760 1924 aere

111 1940 208 1978 huuc
226 1942 263 1978 in
273 1942 419 1978 modum
431 1942 652 1980 elaboratum
662 1956 760 1979 eom-

113 2002 309 2046 memorat,
338 1998 459 2034 Iovem
471 1998 628 2047 Hypatis
646 2000 760 2049 Spar-

112 2056 290 2090 tanorum.
322 2053 385 2091 Cr.
406 2054 510 2090 addit
535 2055 666 2102 Heyne
683 2054 759 2090 An-

111 2109 202 2158 tiqq.
224 2109 387 2147 Aufsssitz.
406 2109 422 2145 I
441 2123 477 2158 p.
502 2112 556 2150 73
578 2116 614 2147 et
625 2110 756 2160 Apion.

112 2165 150 2201 in
172 2165 296 2202 Gloss.
312 2165 515 2202 Homericc.
536 2178 590 2202 nr.
614 2166 667 2206 55
682 2179 717 2215 p.
733 2168 757 2207 8

112 2220 193 2270 (ubi
217 2222 390 2271 legimus:
427 2218 548 2272 ’ἤλασε
570 2242 625 2248 -—
652 2218 758 2272 ἐχάλ-

110 2276 264 2327 κευσε),
294 2277 363 2315 alia
382 2278 420 2315 in
440 2278 657 2314 Commentt.
678 2278 757 2316 He-

111 2334 245 2371 rodott.
274 2347 360 2383 pag.
380 2336 474 2375 302.
495 2355 551 2362 --
572 2331 755 2384 ἡμιπλίν-

111 2393 207 2438 θια,
245 2390 425 2427 dimidiata·
452 2390 597 2438 lateres,
646 2390 754 2439 vulgo

112 2445 221 2482 iidem
236 2446 413 2484 habentur
429 2451 539 2495 atque
571 2446 754 2494 πλίνθοι,

113 2500 258 2549 lateres,
318 2503 380 2552 qui
421 2503 555 2540 scilicet
601 2505 752 2540 formam

113 2561 238 2594 exacte
276 2560 488 2607 quadratam
523 2562 559 2596 et
597 2563 753 2607 quatuor

112 2612 223 2649 latera
236 2613 396 2662 aequalia
412 2615 620 2663 praebeant.
642 2614 750 2652 Plura

112 2668 362 2706 Hemsterhus.
397 2670 445 2706 ad
475 2669 625 2707 Lucian.
654 2671 753 2708 Con-

112 2724 237 2774 templ.
274 2727 327 2766 12
352 2724 460 2761 Tom.
489 2726 542 2762 ΙΙΙ
566 2738 651 2775 pag.
672 2728 754 2769 390

112 2781 170 2818 ed.
193 2781 274 2831 Bip.
305 2782 381 2818 Sed
400 2781 602 2819 Herodotei
625 2782 754 2821 lateres

112 2837 288 2876 eiusmodi
323 2837 468 2876 minime
505 2839 670 2886 fuerunt,
715 2843 754 2877 ut

843 653 952 692 verba
965 656 1050 704 post
1062 654 1185 692 addita
1206 654 1293 692 satis
1308 665 1491 693 common-

843 714 980 756 strant3
1001 711 1100 749 fuere
1120 711 1213 748 enim
1234 711 1282 748 illi
1293 712 1406 749 form-22
1416 723 1492 748 non

842 779 1104 816 usquequaque
1125 768 1320 816 quadrata,
1344 768 1410 805 sed
1422 768 1490 804 ob-

843 822 971 870 longa,
1000 836 1078 860 cum
1108 836 1170 861 sex
1194 823 1391 874 palmarum
1410 823 1489 860 lon-

842 879 1061 927 gitudinem,
1092 880 1200 916 trium
1234 893 1320 916 vero
1348 883 1487 916 tantum

841 933 1065 972 latitudinem
1109 937 1284 974 referrent
1338 935 1487 983 (neque

840 1004 926 1037 sex,
951 991 1080 1040 quibus
1101 992 1216 1029 forma
1244 994 1367 1030 exacte
1396 1003 1487 1041 qua-

839 1048 943 1084 drata
991 1047 1243 1096 efficeretur);
1297 1048 1372 1084 sive
1387 1075 1398 1093 ‚
1446 1051 1485 1084 ut

837 1102 1169 1150 Schweighaeuseri
1217 1107 1298 1141 utar
1340 1103 1482 1149 verbis,

837 1160 912 1206 „in
948 1158 1134 1207 longiorem
1167 1163 1305 1210 partem
1340 1157 1405 1198 ἐπὶ
1435 1156 1483 1198 τοὶ

837 1209 1053 1265 μακρότερα
1082 1215 1150 1264 (sc.
1172 1214 1288 1267 μέρη)
1318 1227 1379 1252 sex
1399 1215 1482 1266 pal-

835 1283 910 1308 mas
936 1271 1182 1318 metiebantur,
1229 1273 1266 1310 in
1299 1272 1482 1309 breuiorem

835 1330 904 1363 tres
928 1327 1092 1376 palmas;
1135 1328 1185 1364 ita
1216 1332 1257 1364 ut
1290 1328 1362 1364 duo
1394 1329 1480 1365 talia

832 1381 1097 1432 ἡμιπλίνθια,
1126 1383 1276 1420 alterum
1300 1383 1396 1419 iuxta
1428 1383 1479 1420 al-

832 1442 948 1476 terum
980 1439 1122 1489 posita,
1166 1439 1270 1475 unius
1314 1438 1478 1487 integrae

832 1495 1008 1534 πλίνθου
1025 1495 1179 1544 figuram
1196 1496 1408 1532 referrent.“

888 1549 954 1590 ἐπὶ
975 1548 1046 1602 μὲν
1060 1547 1107 1590 τοὶ
1118 1546 1351 1603 μακρότερα,
1372 1549 1475 1589 ποιέ-

833 1621 888 1646 ων
907 1602 1170 1655 ἑξαπάλαιστα
1189 1622 1226 1646 κ.
1246 1622 1278 1646 τ.
1301 1609 1350 1654 λ.]
1382 1607 1475 1645 Ver-

830 1664 876 1701 ba
896 1662 961 1703 ἔπὶ
981 1660 1028 1702 τοέ
1061 1659 1300 1716 μακρότερα,
1331 1658 1474 1715 βραχύ-

827 1734 938 1771 τερα,
968 1716 1077 1770 ὕψος
1094 1720 1325 1771 adtriplicem
1337 1721 1475 1758 dimen-

827 1777 966 1814 sionem
999 1778 1036 1813 in
1074 1776 1244 1825 longum,
1296 1776 1406 1813 latum
1438 1780 1473 1813 et

826 1834 1045 1882 profundum
1085 1833 1267 1881 pertinere
1301 1844 1345 1870 ex
1382 1831 1473 1868 Bar-

826 1887 994 1936 thelemyi
1040 1888 1294 1924 observatione
1349 1891 1471 1924 monet

825 1941 1046 1989 Lai-cherus‚
1098 1955 1206 1990 quem
1235 1946 1377 1979 secutus
1416 1947 1471 1979 est

825 1998 1007 2036 Schaefer.
1065 1998 1141 2036 Sed
1158 1997 1265 2046 vulgo
1283 1997 1384 2035 aliter
1403 1997 1469 2034 has

824 2065 932 2090 voces
964 2053 1161 2103 accipiunt,
1192 2066 1235 2091 eo
1266 2055 1365 2102 quod
1391 2053 1469 2091 He*

824 2110 974 2146 rodotus
984 2108 1091 2159 paulo
1111 2110 1258 2147 inferius
1267 2123 1339 2146 non
1353 2111 1467 2146 omni-

825 2165 893 2201 bus
928 2165 1097 2203 lateribus
1138 2178 1204 2215 par
1243 2166 1468 2204 constituerit

823 2222 987 2271 pondus,
1042 2222 1208 2271 adeoque
1254 2223 1331 2258 auri
1384 2223 1465 2271 puri

824 2277 1217 2325 quatuorillosminoris
1229 2277 1357 2316 dixerit
1370 2291 1465 2327 pon-

823 2334 919 2370 deris
949 2346 1057 2383 quam
1083 2333 1261 2383 reliquos,
1289 2334 1351 2383 qui
1376 2346 1463 2370 auro

823 2389 892 2426 alia
912 2390 1070 2426 admixta
1096 2389 1279 2427 haberent.
1334 2389 1463 2439 Itaque

821 2450 977 2494 quatuor
992 2445 1070 2482 illos
1090 2445 1293 2492 breviores,
1322 2445 1461 2494 longio·

822 2515 880 2539 res
902 2501 1057 2550 reliquos
1079 2502 1192 2538 fuisse
1211 2506 1385 2548 statuunt,
1405 2502 1461 2538 id-

818 2570 891 2607 que
909 2558 1025 2595 verbis
1052 2557 1271 2595 Herodoteis
1303 2556 1368 2596 ἐπὶ
1388 2554 1460 2607 μὲν

816 2611 864 2653 τα
880 2609 1099 2665 μακρότερα
1118 2618 1154 2651 et
1170 2612 1232 2652 ἐπὶ
1253 2610 1352 2652 δὲτὰ
1367 2615 1459 2665 βρα-

820 2666 961 2721 χύτερα
1006 2669 1180 2707 declarari
1224 2671 1459 2717 contendunt,

818 2730 1016 2777 praeeunte
1030 2724 1182 2763 Aemssio
1199 2724 1310 2762 Porto
1331 2726 1369 2762 in
1384 2725 1459 2763 Le-

818 2783 883 2820 xic.
905 2782 1014 2819 Ionio,
1067 2780 1122 2818 Ac
1153 2782 1250 2818 dictu
1276 2785 1332 2819 est
1361 2782 1458 2818 disfi-

820 2838 902 2886 cile,
931 2851 993 2877 cur
1016 2837 1245 2887 Herodotus,
1281 2837 1343 2889 qui
1370 2837 1456 2875 scri-
