1909 3228
554 228 971 271 EUTERPE.
1025 228 1071 268 11.

1342 228 1427 269 509

177 346 282 385 σθαι
310 340 362 385 τοὶ
391 341 489 395 περὶ
518 341 762 396 Αἴγυπτον,
803 339 851 382 οἳ
877 349 985 395 φασι
1011 336 1060 381 τὸ
1084 336 1227 381 Δέλτα
1255 339 1425 392 μοῦνον
1436 341 1480 378 35

176 417 289 463 εἶναι
317 422 563 475 Αἴγυπτον,
614 418 697 462 ἀπὸ
730 417 920 472 Περσέος
956 416 1218 472 καλεομένης
1247 419 1427 471 σκοπιῆς

177 498 371 554 λέγοντες
398 499 444 544 τό
475 497 592 553 παρά
622 496 850 541 θάλασσαν
879 494 988 540 εἶναι
1022 493 1156 553 αὐτῆς
1183 494 1305 551 μέχρι
1338 498 1422 537 Τα-

121 696 229 732 quam
257 685 357 733 sequi
383 684 561 730 debebat,
590 682 767 731 neglecta.

120 741 151 776 A
173 741 301 789 quibus
319 740 514 791 participiis
532 740 692 788 pendere
707 752 767 776 ac-

121 797 298 833 cusativos
324 809 402 833 cum
423 796 597 832 infinitivo
626 796 686 843 qui
708 808 766 831 se-

121 856 297 900 quantur,
336 852 394 888 vix
422 864 569 889 monere
611 851 678 887 erit
704 863 768 887 ne-

122 921 242 953 cesse3
280 909 330 944 ita
366 912 405 944 ut
441 906 636 957 apodosis,
676 919 768 955 quae

120 965 340 1014 respondeat
366 964 505 1001 verbis:
536 962 571 1002 εἰ
590 956 646 1001 οἶν
675 963 767 1012 βου-

121 1016 277 1070 λόμεθα
304 1017 484 1073 γνώμῃσι
508 1021 597 1073 τῇσι
625 1014 767 1057 Ἰώνων

122 1078 319 1127 χρᾶσθαι,
375 1076 521 1126 incipiat
567 1076 711 1113 demum
745 1087 768 1112 a

122 1133 241 1170 verbis
262 1128 592 1182 εἷποόεικνύοιμεν
611 1127 682 1178 ἂν,
711 1144 769 1169 re·-

123 1189 228 1238 liquis
248 1189 364 1226 verbis
393 1189 555 1225 omnibus
577 1188 771 1237 interposi-

123 1245 169 1282 tis
197 1259 240 1281 eo
268 1258 339 1294 quo
366 1245 518 1281 diximus
545 1245 654 1281 modo
678 1244 771 1281 inter

125 1315 164 1338 se
190 1301 382 1350 iungendis
418 1313 458 1337 ac
500 1300 692 1338 struendis.
717 1320 771 1327 --

124 1359 297 1408 χρᾶσθαι
332 1353 394 1395 τὰ
434 1355 525 1407 περὶ
565 1356 770 1407 Αἴγυπτον

122 1414 334 1450 adscivimus
352 1425 432 1449 cum
464 1417 611 1450 recentt.
629 1412 728 1448 editt.
752 1425 772 1449 e

121 1469 218 1506 libris
244 1469 396 1518 scriptis.
455 1468 574 1516 Vulgo
604 1468 772 1504 omittunt

121 1521 180 1564 τά.

179 1577 258 1620 οἷπό
308 1578 483 1632 Περσέος
531 1577 771 1630 καλεομένης

125 1636 314 1687 σκοπιῆς]
376 1634 549 1688 Περσέος
569 1668 579 1685 ,
624 1637 771 1673 iubente

123 1707 268 1743 quoque
299 1694 468 1732 lVerfero
500 1694 537 1730 in
557 1693 651 1730 Actt.
672 1691 769 1742 phill.

123 1751 287 1787 Monacc.
314 1750 352 1797 I,
384 1752 406 1790 1
439 1762 525 1800 pag.
548 1750 623 1795 85,
656 1748 771 1786 edidi-

125 1819 203 1843 mus
226 1819 305 1842 cum
319 1810 466 1842 recentt.
479 1806 578 1842 editt.
592 1817 659 1854 pro
674 1804 770 1852 vulg.

128 1860 344 1912 Περσέως.
412 1861 536 1898 Persei
573 1860 716 1910 specula
749 1871 772 1895 a

126 1918 307 1955 Strabone
335 1916 457 1964 (XVII
476 1929 562 1966 pag.
584 1916 703 1961 1153,
726 1915 769 1950 C.

127 1976 221 2021 801,
236 1973 291 2021 D)
314 1973 382 2009 sita
402 1985 481 2010 esse
497 1972 623 2009 dicitur
642 1984 663 2008 a
682 1970 771 2007 Bol-

125 2030 237 2067 bitino
269 2030 361 2065 ostio
387 2028 668 2078 septentrionem
690 2040 770 2064 ver-

125 2099 185 2122 sus
206 2085 400 2134 etquidem
423 2085 459 2120 in
477 2097 631 2121 arenoso
648 2087 683 2120 et
700 2083 768 2119 hu-

126 2142 202 2178 mili
228 2141 499 2191 promontorio‚
536 2141 634 2188 quod
660 2139 769 2187 longe

123 2198 328 2249 porrigatur
356 2201 392 2234 et
421 2193 465 2235 τό
491 2194 632 2247 Ἁγνοῦ
657 2193 773 2245 κέρας

124 2254 335 2304 appelletur.
392 2252 469 2289 Sed
511 2253 603 2289 bene
650 2254 774 2288 monet

125 2309 323 2347 Rennelius
344 2308 575 2358 (Geograph.
593 2308 773 2345 Herodot.

126 2379 163 2416 p.
175 2366 288 2413 613),
309 2363 383 2402 non
393 2364 611 2401 Bolbitinum
629 2364 771 2409 ostium,

131 2421 195 2458 sed
214 2422 455 2471 Canopicum,
486 2420 584 2469 quod
608 2421 655 2457 ad
678 2419 773 2456 occi-

132 2477 276 2514 dentem
297 2477 448 2514 maxime
466 2480 612 2524 vergat‚
641 2476 677 2511 in
694 2475 773 2512 He-

130 2532 260 2568 rodoto
280 2531 482 2569 necessario
502 2531 772 2580 intelligendum

133 2600 231 2635 esse,
257 2588 318 2637 qui
344 2600 485 2624 omnem
512 2600 596 2625 orae
615 2587 773 2624 latitudi-

131 2656 213 2681 nem
240 2645 284 2680 ab
312 2644 496 2680 occidente
523 2643 570 2679 ad
599 2643 773 2680 orientem

130 2712 245 2748 usque
263 2699 466 2737 describere
486 2698 646 2736 voluerit.
670 2699 773 2742 Quae

131 2768 211 2792 cum
253 2755 493 2804 quadraginta
540 2755 774 2792 schoenorum

132 2811 174 2858 (i.
197 2824 228 2849 e.
261 2812 368 2852 1600
389 2811 607 2858 stadiorum,
636 2811 666 2848 si
694 2811 774 2860 qui-

131 2868 216 2905 dem
250 2867 491 2918 quadraginta
519 2867 636 2905 stadia
664 2879 774 2905 unum

835 681 1027 720 schoenum
1046 679 1245 729 complent)
1277 693 1358 718 esse
1384 678 1484 716 dica-

834 742 913 785 tur,
943 738 965 774 i.
994 750 1024 774 e.
1055 737 1137 787 33}
1166 736 1320 773 milliarr.
1343 748 1485 785 germa-

835 795 937 841 nice„
948 793 1017 830 hoc
1036 792 1086 829 sic
1106 792 1191 829 satis
1203 793 1392 830 convenire
1403 804 1483 828 cum

836 863 920 887 orae
938 848 1137 886 maritimae
1164 860 1334 886 mensura
1357 848 1442 884 inde
1462 859 1484 883 a

837 907 991 956 Canopo
1036 917 1153 954 usque
1204 904 1251 941 ad
1289 903 1483 949 Pelusium,

835 976 927 1012 quae
947 964 1060 999 ferme
1076 961 1295 998 existimetur
1312 973 1391 997 esse
1402 958 1483 1009 34}

834 1019 1074 1056 milliariorum
1087 1016 1422 1066 geographicorum.
1441 1015 1484 1050 ln

837 1088 965 1112 saxoso
986 1074 1128 1124 Canopi
1146 1073 1392 1123 promontorio
1412 1070 1482 1118 (A—

836 1132 973 1179 bukir),
1003 1131 1063 1167 ubi
1092 1131 1136 1166 ab
1162 1129 1368 1167 recentioris
1386 1132 1486 1165 aeta-

837 1189 882 1225 tis
899 1187 1171 1238 peregrinatore
1184 1198 1246 1222 arx
1257 1185 1398 1222 detecta
1414 1185 1485 1221 fer-

839 1249 916 1290 tur,
948 1244 995 1279 ad
1023 1242 1109 1278 illud
1138 1241 1211 1279 Nili
1237 1242 1389 1287 ostium,
1419 1252 1486 1291 per

840 1301 938 1349 quod
952 1312 1059 1335 unum
1081 1299 1208 1335 exteris
1226 1298 1359 1335 intrare
1378 1296 1486 1333 licue-

839 1357 885 1392 rit
921 1355 1126 1404 Aegyptum
1148 1383 1158 1400 ,
1202 1353 1312 1390 multo
1362 1353 1486 1401 utique

839 1411 1017 1461 aptiorem
1060 1409 1227 1459 speculae
1260 1422 1340 1446 esse
1369 1408 1486 1445 locum

838 1468 933 1504 idem
946 1470 1067 1504 censet
1077 1464 1232 1502 Rennel.
1265 1465 1390 1507 Quare
1405 1476 1487 1501 cum

837 1522 1020 1560 Larchero
1039 1520 1214 1558 malumus
1232 1520 1289 1557 hic
1306 1520 1487 1570 speculam

836 1579 1040 1628 intelligere
1069 1578 1105 1613 in
1128 1577 1375 1627 promontorio
1408 1589 1488 1613 ere-

838 1640 931 1673 ctam
945 1664 955 1682 ,
985 1634 1084 1683 quod
1101 1647 1195 1671 nunc
1222 1638 1370 1670 vocatur
1390 1632 1488 1669 Abu-

838 1692 914 1737 kir,
947 1691 1049 1728 clade
1077 1690 1138 1726 illa
1166 1689 1277 1726 Gallis
1309 1701 1488 1739 perquam

837 1747 936 1785 fatali
968 1747 1122 1795 insigne.
1191 1745 1380 1782 Strabonis
1422 1758 1487 1781 au-

838 1804 1037 1840 ctoritatem
1072 1802 1232 1851 praefert
1270 1801 1488 1848 Danvillius,

839 1859 1019 1909 speculam
1035 1857 1192 1894 scribens
1224 1856 1332 1894 hodie
1360 1869 1488 1906 super-

839 1928 920 1952 esse
946 1914 1091 1950 nomine
1126 1911 1319 1960 IlIegaz'zel.
1378 1913 1486 1949 Conf.

838 1970 1104 2007 Schlichthorst.
1125 1968 1147 2004 l.
1167 1968 1189 2004 l.
1211 1981 1294 2017 pag.
1317 1970 1383 2008 67.

860 2025 1066 2091 *λέγοντες
1082 2020 1124 2063 τό
1149 2020 1255 2075 παροὶ
1278 2019 1487 2063 θάλασσαν

840 2078 940 2121 εἶναι
967 2076 1087 2131 αὐτῆς
1120 2078 1230 2131 μέχρι
1265 2082 1488 2132 Ταριχηϊων

838 2141 917 2177 τῶν
955 2138 1248 2186 Πηλουσιακων
1290 2151 1324 2174 κ.
1360 2151 1391 2174 τ.
1428 2139 1459 2174 λ.
1469 2134 1486 2187 ]

840 2194 976 2259 Scripsi
998 2206 1076 2230 cum
1098 2196 1245 2229 recentt.
1266 2193 1348 2230 edd.
1373 2195 1407 2231 Τ
1403 2206 1487 2243 αρι-

840 2252 963 2301 χηὶῶν
984 2262 1050 2299 pro
1078 2249 1310 2299 ταριχηϊῶν,
1341 2252 1376 2285 et
1403 2249 1486 2285 dein

839 2308 888 2360 τῇ
910 2302 958 2356 δη
984 2318 1050 2355 pro
1070 2305 1164 2353 vulg.
1183 2304 1291 2358 τῇδε.
1317 2304 1384 2341 Est
1399 2316 1486 2341 vero

839 2362 928 2400 haec
951 2361 1129 2398 Herodoti
1156 2360 1353 2398 sententia:
1392 2359 1487 2407 „Io-

839 2432 905 2456 nes
949 2418 1090 2464 dicunt‚
1139 2429 1238 2453 oram
1273 2417 1487 2453 maritimam

840 2475 914 2512 eius
936 2473 1112 2524 (Aegypti
1132 2486 1179 2510 sc.
1199 2484 1291 2521 quae
1308 2485 1380 2508 una
1400 2485 1487 2509 con-

842 2534 913 2567 stet
942 2530 1068 2577 Delta)
1098 2542 1178 2567 esse
1201 2541 1228 2564 s.
1254 2529 1435 2578 pertinere
1464 2539 1487 2564 a

839 2586 963 2624 Persei
993 2584 1135 2635 specula
1160 2597 1277 2633 usque
1303 2585 1350 2621 ad
1377 2583 1486 2621 Tari-

840 2643 944 2680 cheas
963 2641 1188 2688 Pelusiacas,
1217 2640 1289 2689 qua
1315 2640 1385 2677 sint
1415 2638 1485 2676 XL

839 2697 1006 2743 schoeni3
1035 2710 1056 2734 a
1077 2697 1167 2734 mari
1189 2709 1275 2733 vero
1295 2696 1343 2733 ad
1371 2695 1485 2733 medi-

838 2758 1003 2792 terranea
1049 2752 1127 2790 loca
1171 2752 1351 2803 pertinere
1389 2751 1485 2788 illam

840 2809 1073 2860 (Aegyptum
1098 2808 1171 2846 scil.
1207 2808 1282 2845 sive
1312 2807 1484 2855 Deltam)

839 2879 953 2916 usque
974 2865 1022 2903 ad
1043 2864 1231 2903 Cercasori
1254 2865 1398 2911 urbem3
1426 2877 1486 2902 re-
