1909 3228
593 188 1014 230 EUTERPE.
1067 188 1113 226 ΙΙ.

1389 189 1472 229 861

214 303 309 345 εἶσί.
340 302 449 345 κατά
484 301 567 356 γάρ
601 300 653 356 δὴ
684 299 850 354 νομούς
878 300 1099 353 Αἴγυπτος
1128 295 1273 339 ἅπασα
1303 297 1473 350 διαραί-

95 384 191 430 165
216 398 354 436 ρηται.
407 380 704 435 Ἑρμοτυβίων
731 380 809 434 μὲν
838 380 930 422 οἵδε
960 377 1041 421 εἰσὶ
1071 376 1220 432 νομοί·
1268 377 1475 429 Βουσιρί-

215 477 310 515 της,
342 463 529 516 Σαΐτης,
559 460 793 514 Χεμμίτης,
825 457 1131 513 Παπρημίτης,
1155 458 1287 511 νῆσος
1306 453 1333 511 ἡ
1353 458 1477 510 Προ-

163 645 398 697 Καλασίριες
419 650 502 682 sunt
529 647 692 690 iuvenes,
723 642 809 680 ado-

160 703 319 739 lescentes
345 703 456 749 (inde
477 702 630 738 maxime
659 701 734 751 apti
762 699 810 736 ad

159 759 410 808 expeditiones
438 758 584 795 bellicas
612 762 713 794 extra
738 755 809 793 Ae-

160 815 263 865 gypfi
292 815 381 851 sines
414 815 692 861 instituendas),
726 811 808 861 Ἑρ-

161 867 348 922 μοτύβιες
386 883 469 907 vcro
499 870 681 916 bellantes,
713 869 809 905 mile·-

160 931 296 971 ttwtes,
327 927 456 975 quibus
478 928 637 964 seniores
658 925 808 973 intelligi

161 984 376 1030 arbitratur,
415 984 461 1019 ad
492 984 648 1032 patriam
680 983 808 1019 desen-

161 1041 318 1078 dendam
344 1040 465 1089 potius
503 1040 673 1077 destinati
699 1051 807 1087 quam

160 1099 207 1134 ad
234 1096 367 1133 bellum
398 1101 498 1133 extra
531 1096 688 1145 Aegypti
717 1096 807 1131 fines

159 1153 427 1205 proferendum.
494 1153 678 1189 Heerenio
707 1152 810 1188 deni-

161 1224 234 1259 qne
255 1208 276 1244 l.
296 1208 316 1244 l.
339 1222 422 1258 pag.
445 1210 524 1249 136
553 1209 718 1246 diversae
736 1208 810 1257 pri-

161 1267 270 1303 mitus
300 1266 410 1302 fuisse
427 1266 595 1301 videntur
624 1270 752 1314 gentes
782 1278 808 1300 s.

160 1323 299 1366 tribus,
338 1334 432 1369 quae
472 1322 620 1357 dixersis
664 1334 811 1369 quoquc

160 1379 246 1415 locis
271 1378 465 1414 habitarint
497 1382 531 1414 et
559 1378 594 1413 in
617 1390 723 1413 unam
744 1377 811 1412 mi-

158 1435 261 1471 litum
277 1433 429 1470 classem
447 1434 532 1469 dein
554 1432 759 1470 coaluerint.

217 1489 259 1528 ἐκ
297 1491 433 1539 νομῶν
472 1486 514 1526 δὲ
552 1489 674 1528 τῶνδε
719 1487 809 1538 εἰσί]

159 1547 240 1584 Iure
259 1550 361 1582 notat
383 1545 538 1582 Heeren.
564 1545 585 1582 l.
610 1545 631 1581 l.
659 1559 694 1595 p.
720 1547 810 1585 136.

164 1605 243 1644 137
279 1602 470 1638 maximam
496 1601 645 1638 militum
670 1606 811 1652 partem

158 1660 195 1696 in
214 1659 372 1696 inferiori
392 1657 561 1707 Aegypto
590 1663 704 1695 terras
730 1670 811 1694 suas

161 1729 203 1753 ac
221 1715 394 1751 stationes
413 1714 581 1751 habuisse
594 1716 811 1762 assignatas,

160 1785 239 1808 cum
260 1784 350 1807 unus
371 1776 509 1806 tantum
526 1783 654 1806 nomus
681 1771 717 1806 in
737 1783 813 1806 me-

161 1829 222 1864 dia
238 1827 407 1875 Aegypto
432 1826 652 1862 Chemmidis
666 1855 675 1871 ‚
705 1825 813 1862 alter-

163 1897 234 1932 que
259 1883 463 1919 Thebaicus
484 1883 519 1918 in
543 1883 718 1932 superiori
739 1882 811 1918 Ae-

163 1945 277 1989 gypto
307 1939 436 1975 iisdem
469 1939 672 1987 assignatus
703 1943 808 1975 esset.

163 1998 257 2033 Cum
285 2008 370 2032 vero
398 2008 417 2031 e
441 1996 650 2042 regionibus
677 1995 810 2032 Deltae

160 2052 408 2089 adiacentibus
419 2052 609 2087 maximum
622 2051 811 2101 Aegyptiis

160 2108 364 2145 immineret
388 2107 584 2156 periculum
608 2107 814 2143 Psammiti-

162 2165 216 2202 chi
236 2164 462 2214 potissimum
483 2168 602 2201 aetate
620 2169 730 2212 atque
751 2177 813 2200 eo-

162 2234 240 2257 rum
254 2249 264 2266 ‚
294 2221 356 2269 qui
375 2221 487 2256 secuti
506 2225 587 2256 sunt
606 2233 726 2268 reges,
745 2220 813 2257 hoe

162 2278 212 2313 ita
232 2277 429 2313 institutum
451 2277 561 2313 fuisse
583 2277 743 2323 videtur,
773 2280 813 2312 ut

162 2332 230 2369 illis
250 2334 284 2368 in
305 2333 511 2380 regionibus
532 2333 725 2382 praecipue
753 2345 812 2370 ca·-

164 2394 239 2425 stra
259 2401 323 2425 sua
343 2389 518 2426 haberent
534 2388 682 2435 milites,
704 2401 811 2438 prae-

164 2450 221 2482 ter
250 2458 340 2494 quos
367 2445 425 2481 alii
452 2457 598 2493 quoque
614 2445 682 2481 illic
708 2445 810 2481 habi-

164 2506 262 2538 tasse
285 2501 452 2537 videntur
471 2501 656 2547 homines,
687 2504 811 2550 pasto-

164 2570 241 2603 res,
271 2556 450 2605 agricolae
472 2585 482 2602 ,
514 2558 599 2605 qui,
630 2569 724 2605 quae
744 2557 811 2592 mi-

164 2613 282 2649 litibus
302 2613 504 2649 necessaria
533 2616 654 2650 essent
683 2613 730 2649 ad
758 2612 812 2648 vi-

165 2674 283 2715 ctum,
320 2673 502 2718 pararent.
576 2668 678 2718 Ipsos
716 2669 810 2704 enim

164 2725 292 2762 milites
320 2724 414 2771 agris
447 2723 605 2761 colendis
641 2729 810 2773 operatos

165 2794 244 2817 esse
264 2781 406 2816 vixdum
423 2780 603 2817 affirmare
619 2779 713 2825 licet,
732 2793 811 2816 cum

164 2837 235 2874 alia
255 2836 376 2874 desint
396 2837 623 2883 testimonia,
643 2836 672 2872 si
687 2835 812 2873 aDio-

878 642 969 679 doro
1007 641 1238 688 discesseris,
1282 641 1345 691 qui
1389 641 1532 678 tertiam

879 699 1036 735 omnium
1054 711 1223 747 agrorum
1244 699 1446 748 portionem
1464 698 1533 734 mi-

877 755 977 791 litum
998 756 1107 792 fuisse
1127 760 1282 791 enarrat.

935 809 1033 849 κατῑὶ
1060 808 1133 862 γάρ
1164 807 1211 860 δὴ
1238 807 1387 860 νομούς
1408 809 1530 861 Αἴγυ-

877 883 974 914 πτος
1003 864 1137 905 ἅπασα
1168 866 1441 917 διαραίρηται]
1473 867 1531 903 Cf.

879 937 989 974 supra
1010 924 1061 969 ll,
1086 926 1163 964 109
1184 923 1270 972 ibiq.
1302 928 1376 960 not.
1416 923 1533 960 Valde

877 987 998 1019 autem
1027 981 1190 1025 variant,
1225 993 1318 1028 quae
1338 981 1384 1017 ‹le
1406 992 1534 1016 nume-

876 1052 916 1075 ro
935 1050 1123 1074 nomorum
1143 1049 1260 1084 aeque
1277 1050 1318 1073 ac
1337 1037 1382 1072 de
1405 1037 1531 1084 singu-

875 1095 992 1131 lorum
1023 1106 1211 1130 nomorum
1252 1092 1457 1128 nominibus
1489 1104 1530 1129 ac

877 1152 1008 1188 finibus
1042 1150 1139 1199 apud
1169 1153 1312 1186 veteres
1340 1149 1531 1185 inveniun-

877 1213 935 1245 tur
968 1208 1112 1243 tradita.
1170 1205 1304 1254 Neque
1336 1206 1430 1242 enim
1460 1218 1532 1241 una

879 1265 1081 1311 eademque
1098 1275 1285 1298 nemorum
1300 1262 1426 1297 divisio
1439 1274 1535 1297 sem-

878 1333 945 1371 per
965 1321 1000 1355 in
1023 1323 1193 1368 Aegypto
1215 1319 1411 1355 obtinuisse
1432 1318 1534 1354 vide-

881 1382 961 1422 tur,
993 1376 1130 1425 quippe
1149 1379 1352 1424 temporum
1376 1375 1533 1411 decursu

880 1446 947 1482 pro
969 1437 1063 1468 statu
1083 1431 1226 1480 publico
1253 1431 1430 1478 regnique
1446 1442 1534 1467 con-

881 1488 1019 1524 ditione
1052 1487 1210 1523 crebrius
1244 1490 1395 1523 mutata.
1454 1485 1535 1523 No-

881 1557 962 1581 men
983 1548 1102 1580 autem
1131 1542 1261 1591 singuli
1282 1543 1379 1578 nomi
1409 1542 1454 1579 ab
1476 1554 1536 1578 ur-

880 1601 986 1637 bibus
1029 1600 1229 1649 praecipuis
1259 1599 1441 1648 accepisse
1479 1598 1534 1634 vi-

880 1658 1022 1693 dentur.
1083 1655 1143 1691 Tu
1185 1655 1256 1691 vid.
1297 1668 1390 1704 quae
1425 1654 1533 1691 affert

879 1713 991 1750 Beck.
1018 1711 1241 1759 lVeltgesch.
1273 1712 1289 1747 l
1316 1725 1352 1761 p.
1383 1713 1464 1752 736
1497 1715 1533 1747 et

880 1767 1082 1817 Champoll.
1111 1768 1203 1816 l’Eg.
1225 1780 1308 1803 sous
1339 1768 1359 1803 l.
1379 1767 1480 1816 phar.
1499 1766 1533 1802 ΙΙ

876 1839 912 1874 p.
935 1827 1016 1865 270
1045 1836 1148 1872 seqq.
1186 1823 1316 1860 Ritter.
1342 1823 1532 1860 Erdkund.

878 1881 894 1917 I
915 1880 1052 1930 p.704.
1083 1880 1240 1918 Heeren.
1265 1879 1318 1926 ΙΙ,
1340 1883 1367 1921 2
1388 1893 1423 1930 p.
1441 1881 1532 1920 111.

879 1938 959 1978 113
979 1949 1055 1986 seq.

1061 2020 1092 2057 c
1104 2033 1168 2070 ap.
1201 2019 1346 2057 CLXV.

936 2103 1194 2155 Βουσιρίτης]
1226 2104 1283 2141 De
1307 2104 1395 2140 urbe
1422 2102 1535 2139 Busi-

881 2161 991 2208 ridis,
1022 2162 1118 2198 unde
1138 2174 1269 2198 nomen
1288 2161 1369 2197 tulit
1387 2173 1530 2206 nomus,

881 2219 953 2255 vid.
974 2218 1024 2264 ll,
1046 2218 1097 2258 59
1130 2218 1215 2265 ibiq.
1237 2222 1311 2253 not.
1366 2216 1423 2253 De
1444 2216 1532 2252 Sai-

881 2277 950 2311 tico
973 2288 1082 2310 nomo
1111 2274 1205 2310 conf.
1237 2274 1289 2319 ll,
1323 2273 1412 2313 152.
1450 2276 1530 2314 172

881 2336 917 2368 et
944 2330 996 2374 ΙΙ,
1017 2333 1069 2371 62
1096 2331 1180 2378 ibiq.
1201 2334 1290 2366 nott.
1330 2329 1387 2366 De
1410 2328 1530 2365 Cleem-

880 2389 929 2423 mi
946 2388 1099 2424 diximus
1132 2387 1178 2423 ad
1206 2386 1256 2431 ΙΙ,
1274 2388 1348 2430 91;
1379 2385 1425 2422 de
1455 2383 1529 2421 Pa-

871 2445 986 2493 premz'
1001 2444 1048 2479 ad
1070 2442 1119 2487 ll,
1140 2443 1214 2487 633
1245 2443 1292 2479 de
1311 2440 1423 2477 insula
1438 2441 1530 2477 Pro-

881 2500 1037 2549 sopitide
1058 2499 1105 2534 ad
1124 2498 1157 2534 II
1171 2527 1180 2544 ,
1200 2499 1264 2538 41.
1325 2496 1447 2534 Natho
1473 2497 1529 2534 vi-

879 2557 983 2593 detur
1014 2555 1111 2590 idem
1151 2567 1230 2592 esse
1259 2567 1415 2600 nomus,
1465 2553 1527 2602 qui

878 2610 1088 2648 Ptolemaeo
1136 2611 1266 2647 dicitur
1293 2606 1447 2657 Νεούτ,
1491 2613 1527 2646 et

880 2668 926 2703 ab
954 2667 1084 2704 eodem
1113 2666 1205 2703 inter
1229 2666 1458 2702 Busiriticum
1491 2669 1528 2702 et

877 2723 1107 2759 Bubasticum
1147 2722 1196 2769 (s.
1221 2721 1458 2759 Phatniticum
1492 2724 1529 2758 et

877 2778 1130 2823 Pelusiacum)
1180 2778 1328 2814 fluvium
1367 2779 1527 2828 ponitur.

877 2835 919 2872 In
955 2834 1073 2872 insula
1110 2835 1342 2885 Prosopitide
1379 2834 1530 2872 collocat

1534 378 1736 419 1'trorumque
1755 387 1805 405 nn-

1533 420 1573 440 nu
1590 418 1620 440 et
1637 421 1789 441 numerus.
