1909 3228
548 213 970 253 EUTERPE.

1023 213 1069 251 ΙῘ.
1343 213 1425 253 681

167 323 441 380 ταριχεύουσι
481 323 557 374 τὰς
596 323 896 381 ἑβδομήκοντα
938 321 1123 380 ἡμέρας,
1172 321 1245 365 καὶ
1283 320 1427 364 ἔπειτα

42 402 108 448 89
167 401 246 447 ἀπ’
287 397 350 447 ὦν
397 403 565 446 ἔδωκαν
610 401 919 459 ἀποφέρεσθαι.

994 401 1082 453 Τοὶς
1131 401 1175 444 δὲ
1216 404 1426 456 γυναῖκας

1483 397 1630 425 Mulieres
1656 396 1759 424 eximi-

1482 431 1692 463 amdesunctm?
1702 439 1760 457 non

162 488 251 528 τῶν
279 483 525 535 ἐπιφανέων
555 480 748 538 ἀνδρῶν,
779 483 907 526 ἐπεὰν
930 479 1234 537 τελευτήσωσι,
1262 478 1317 523 οὐ
1339 494 1422 523 πα-
1479 467 1579 527 {istim
1620 463 1760 492 wadum-

165 563 349 619 ραυτίκα
380 564 550 605 διδοῦσι
589 561 847 617 ταριχεύειν,
892 560 994 604 οὐδὲ
1029 560 1129 604 ὅσαι
1159 559 1214 602 ἂν
1245 554 1324 602 ὦσι
1354 558 1426 602 εὐ-

166 642 296 693 ειδέες
330 640 468 696 κάρτα
516 642 589 684 καὶ
627 641 761 696 λόγου
809 645 993 691 πλεῦνος
1044 643 1264 695 γυναῖκες·

1328 637 1483 682 ἄλλ’τ5

163 722 292 766 ἐπεὰν
320 726 506 776 τριταῖαι
536 719 563 776 ἢ
592 725 834 775 τεταρταῖαι
864 720 1093 775 γένωνται,
1138 718 1253 762 οὕτω
1283 734 1426 772 παρα-

137 809 160 843 2
170 803 343 845 διδοῦσι
372 805 483 843 τοῖσι
512 798 800 854 ταριχεύουσι.

858 803 987 842 τοῦτο
1027 798 1072 842 δὲ
1106 798 1305 841 ποιέουσι
1343 796 1423 841 οὕ-

163 896 223 923 τω
261 882 389 923 τοῦδε
428 881 612 931 εἵνεκεν,
655 880 727 921 ἵνα
774 876 831 935 μή
872 890 950 934 σφι
997 879 1042 921 οῖ
1076 877 1321 933 ταριχευταὶ
1359 877 1429 932 μί-

135 965 354 1014 Βσγωνται
383 962 481 1016 τῇσι
519 958 701 1013 γυναιξί.

164 1037 431 1093 μισγόμενον
476 1041 618 1094 νεκρῷ
656 1036 896 1095 προσφάτῳ
937 1035 1169 1092 γυναικός·

40 1131 107 1177 90
165 1119 210 1161 δὲ
240 1118 317 1161 τὸν
348 1115 596 1173 ὁμότεχνον.
645 1114 722 1168 Ὃς
752 1114 796 1160 δ’

107 1292 502 1340 (Tamarindenmark)
539 1296 603 1330 aut
627 1291 762 1330 cassiae

108 1350 176 1386 sibi
216 1351 393 1387 invenisse
428 1350 592 1400 putabat.
652 1349 761 1386 Conf.

107 1406 202 1443 infra
223 1406 279 1454 II,
305 1405 384 1447 125
409 1407 496 1455 ibiq.
515 1410 592 1442 not.

267 1489 373 1540 Cap.
403 1487 612 1526 LXXXIX.

163 1572 232 1613 ἵνα
261 1569 316 1625 μή
360 1585 433 1623 σφι
465 1572 507 1612 οἵ
543 1569 765 1624 ταριχευταὶ

107 1630 345 1683 μίσγωνται]
403 1630 509 1666 Haec
550 1630 580 1666 si
616 1633 764 1680 reputes

107 1688 317 1737 turpissima
354 1686 637 1723 taricheutarum
677 1686 766 1723 saci-

109 1756 199 1781 nora
219 1772 230 1791 ‚
268 1744 325 1779 vix
356 1743 615 1779 honoratorum
648 1742 766 1778 homi-

109 1813 197 1837 num
217 1800 336 1836 ordini
349 1812 410 1836 eos
422 1799 618 1844 adscribas,
639 1810 767 1847 quam-

110 1856 162 1892 vis
182 1855 366 1892 Diodorus
386 1855 485 1901 I,91
505 1867 567 1891 eos
587 1854 684 1890 omni
700 1854 766 1890 ho-

111 1924 200 1949 nore
222 1911 390 1959 cultuque
411 1911 580 1958 dignatos
602 1914 636 1946 et
648 1923 765 1946 sacer-

111 1968 256 2005 dotibus
288 1967 481 2004 familiares
520 1967 663 2016 prodat.
722 1966 765 2002 In

111 2024 233 2061 omnia
252 2023 321 2060 alia
341 2023 415 2060 abit
426 2021 764 2059 Pseudo—Manetho

110 2080 183 2127 VI,
211 2080 292 2121 459
317 2093 418 2128 seqq.
450 2079 620 2116 miserum
648 2079 764 2115 homi-

110 2149 197 2173 num
221 2149 338 2184 genus
358 2136 564 2172 describens
585 2135 765 2172 taricheu-

110 2197 181 2230 tas.
229 2193 334 2236 Quae
359 2196 397 2228 ut
416 2191 649 2229 concilientur
670 2192 765 2228 inter

111 2263 150 2287 se
162 2279 173 2297 ,
204 2248 291 2286 illud
309 2249 507 2286 tenendum
519 2276 530 2294 ,
548 2249 661 2285 videri
678 2248 765 2284 istos

112 2305 312 2355 adscriptos
325 2306 438 2342 fuisse
453 2304 686 2354 pastophoris,
703 2304 766 2353 qui

111 2362 180 2399 fuit
226 2361 369 2397 infimus
402 2362 632 2398 sacerdotum
662 2363 764 2397 ordo.

113 2418 222 2454 Conf.
234 2417 404 2454 Creuzer.
418 2421 626 2454 commentt.
651 2431 687 2468 p.
703 2419 765 2458 13.

112 2473 172 2511 De
192 2485 340 2510 munere
369 2473 645 2510 taricheutarum
676 2474 767 2510 dixi-

114 2542 194 2566 mus
217 2529 263 2565 ad
284 2529 315 2565 11
329 2558 339 2576 ,
357 2529 422 2570 85.
479 2528 588 2566 Nunc
607 2530 703 2565 addo
724 2542 768 2567 ex

115 2584 270 2622 Diodori
291 2585 312 2621 l.
334 2584 369 2631 l.‚
390 2590 535 2634 praeter
552 2586 767 2622 taricheutas

115 2641 153 2677 in
192 2640 261 2677 hoc
297 2642 448 2689 negotio
492 2642 766 2678 commemorari

116 2709 264 2746 quoque
287 2697 435 2733 scribam
461 2701 499 2733 et
510 2698 764 2746 parasclu'sten.

116 2753 193 2801 „ln
212 2765 352 2802 papyro
374 2753 515 2789 Graeco
541 2754 589 2789 ad
616 2753 765 2791 Thebas

117 2809 319 2859 Aegyptias
364 2809 569 2859 pertinente
588 2837 599 2855 ‚
659 2822 767 2858 quem

119 2877 235 2917 nuper
253 2879 273 2903 e
286 2864 408 2903 Musei
433 2864 670 2903 Taurinensis
688 2866 769 2905 the-

759 960 1016 1014 λαμφθῆναι
1054 956 1138 1012 γάρ
1181 954 1279 1000 τινά
1320 967 1430 1012 φασι

1231 1040 1430 1079 κατεῖπαι

831 1115 885 1159 ἂν
920 1114 949 1172 ἢ
978 1115 1124 1159 αὐτῶν
1154 1116 1420 1171 Αἰγυπτίων,
1436 1122 1479 1155 80

1484 1116 1525 1143 Ab
1544 1115 1694 1143 crocodilo
1713 1122 1761 1142 ra-

1480 1155 1566 1185 ptus,
1585 1154 1760 1177 autmersus

1482 1184 1574 1211 fluvio
1593 1204 1602 1219 ,

1644 1191 1761 1211 sucrum

1481 1218 1582 1245 funus.

832 1291 945 1328 sauris
967 1291 1060 1328 eruit
1081 1293 1191 1340 atque
1207 1290 1245 1328 in
1265 1290 1380 1328 lucem
1401 1301 1488 1340 pro-

830 1348 912 1385 tulit
930 1348 1075 1397 Peyron
1094 1347 1268 1395 (Taurini
1287 1346 1415 1393 1826)
1435 1345 1488 1383 le-

831 1408 966 1453 guntur
995 1404 1101 1440 haec:
1148 1402 1189 1441 οἵ
1219 1400 1288 1449 τοὶς
1316 1405 1488 1452 λειτουρ-

830 1461 918 1512 γίας
940 1459 982 1498 ἐν
1011 1462 1097 1505 ταῖς
1127 1459 1302 1510 νεκρίαις
1326 1454 1487 1509 παρεχό-

833 1531 968 1568 μενοι,
998 1510 1240 1565 καλούμενοι
1269 1513 1311 1554 δὲ
1333 1509 1488 1564 Χολχύ-

831 1588 907 1612 ται.
966 1572 1078 1609 Unde
1105 1576 1277 1618 constat,
1322 1571 1485 1609 homines

832 1631 993 1667 fortasse
1014 1629 1220 1666 sacerdotes
1231 1628 1409 1666 inferioris
1427 1641 1487 1664 or-

833 1687 926 1723 dinis
946 1715 956 1732 ,
995 1686 1056 1734 qui
1082 1686 1119 1721 in
1146 1684 1400 1735 necropolibus
1431 1697 1487 1731 ea,

833 1755 927 1792 quae
953 1743 1001 1779 ad
1026 1745 1187 1778 mortuos
1214 1743 1397 1787 facerent,
1428 1753 1490 1778 cu-

833 1802 978 1844 rarent,
1019 1799 1134 1834 dictos
1159 1810 1238 1835 esse
1265 1797 1488 1847 Clwlchytas.

835 1855 1001 1898 Quorum
1019 1855 1166 1890 omnino
1188 1854 1312 1890 crebra
1329 1854 1369 1889 fit
1386 1866 1489 1890 rnen-

833 1912 882 1947 tio
904 1911 940 1946 in
953 1911 1100 1960 papyris
1122 1909 1354 1946 Thebaicis.“
1384 1909 1488 1946 Haec

835 1967 866 2004 C
876 1980 928 2012 r.,
958 1967 1165 2015 quibuscum
1188 1967 1281 2002 conf.
1300 1965 1486 2002 Letronne

828 2023 947 2072 journ.
969 2023 1003 2058 d.
1024 2035 1097 2059 sav.
1118 2024 1225 2062 1828
1251 2035 1286 2071 p.
1307 2024 1386 2062 102
1407 2034 1484 2070 seq,

832 2101 888 2107 -
915 2079 987 2115 Pro
1011 2078 1157 2116 εἵνεκεν
1177 2078 1213 2114 in
1234 2078 1396 2127 proxime
1420 2090 1487 2113 an-

832 2136 1085 2173 tecedentibus
1120 2135 1203 2171 dedi
1235 2134 1366 2172 εἴνεκα
1404 2146 1485 2171 cum

833 2192 1035 2240 Schweigh.
1056 2196 1092 2229 et
1110 2190 1332 2227 Gaisfordio.

889 2252 1072 2287 κατεῐπαι
1092 2244 1134 2286 δὲ
1159 2244 1228 2285 τόν
1251 2242 1482 2297 ὁμότεχνον]

832 2304 934 2342 Male
967 2304 1049 2341 olim
1080 2307 1293 2342 κατειπεῖν.
1356 2304 1487 2339 Verum

835 2374 877 2399 ex
900 2362 1005 2398 codd.
1026 2362 1260 2398 restituerunt
1283 2359 1486 2407 Schweigh.

833 2422 944 2466 atque
967 2418 1081 2454 Gaisf.
1139 2416 1199 2453 Tu
1227 2416 1298 2452 vid.
1327 2420 1419 2452 nott.
1440 2415 1488 2451 ad

834 2474 874 2520 Ι,
894 2474 959 2515 49.
1018 2473 1076 2511 De
1105 2472 1366 2521 significatione
1387 2470 1489 2508 verbi

835 2530 1008 2579 (deferre,
1049 2529 1231 2577 indicare)
1284 2528 1405 2565 monui
1440 2527 1489 2564 ad

836 2586 1019 2624 Plutarch.
1043 2586 1171 2635 Pyrrh.
1198 2597 1284 2635 pag.
1310 2583 1402 2625 155.

1046 2669 1158 2720 Cap.
1189 2669 1269 2706 XC.

891 2749 933 2799 ὃς
968 2748 1008 2792 δ’
1049 2749 1100 2792 ‹322›
1132 2749 1161 2804 ἢ
1198 2747 1330 2791 αὐτῶν
1360 2750 1489 2804 Αἰγυ-

836 2809 964 2849 πτίων
989 2824 1023 2848 κ.
1048 2824 1080 2848 τ.
1101 2808 1157 2860 λ.]
1195 2808 1333 2858 Attigit
1360 2810 1489 2847 eadem

836 2866 983 2918 Ioseph.
1020 2870 1148 2905 contra
1194 2865 1325 2917 Apion.
1366 2865 1426 2913 II,
1461 2866 1489 2906 7
