1877 3223
333 895 397 939 81

465 233 548 271 204
877 233 1337 273 HERODOTI

436 339 662 396 7έφθαρτό
697 356 742 383 τε
779 344 840 400 τῷ
870 343 1046 398 Κροίσῳ
1075 340 1102 398 ἡ
1132 342 1256 394 ἐλπίς.
1317 341 1371 386 οὐ
1408 344 1555 399 μέντοι
1595 348 1642 390 οἵ
1665 363 1712 402 γε

460 421 601 463 Λυδοὶ
625 419 673 463 τὸ
704 419 907 463 ἐνθεῦτεν
937 421 1069 464 δειλοὶ
1097 415 1227 477 ἦσαν·
1258 419 1362 471 ἀλλ’,
1393 421 1450 473 ὥς
1479 423 1645 479 ἔμαθον
1664 425 1710 468 vd

459 499 713 555 γινόμενον,
771 498 1069 551 ἀποθορόντες
1121 498 1204 543 ἀπὸ
1249 504 1337 542 τῶν
1385 502 1550 555 ἵππων,
1596 504 1769 557 πεζοὶδο

433 583 578 622 8τοῖσι
607 576 799 634 Πέρσῃσι
829 578 1104 634 συνέβαλλον.
1136 577 1278 635 χρόνῳ
1301 579 1368 631 δὲ,
1397 579 1617 624 πεσόντων
1637 581 1709 639 α’μ-

461 657 660 712 φοτέρων
688 661 885 710 πολλῶν,
927 655 1161 710 ἐτράποντο
1192 658 1235 701 οἱ
1264 660 1415 701 Λυδοί.
1445 658 1712 716 κατειληθέν-

456 751 526 785 τες
555 734 600 777 δὲ
629 733 672 784 ἐς
700 734 748 779 τὸ
778 741 940 792 τεῖχος,
979 736 1314 792 ἐπολιορκέοντο
1352 736 1440 781 ὑπὸ
1478 741 1565 782 τῶν
1594 742 1710 793 Περ-

454 813 578 856 σέων.

127 955 401 985 croesusobscssus
488 971 498 984 κ
625 971 633 984 ι
760 973 773 987 e·
867 971 878 985 ι
994 973 1005 987 «ι
1042 973 1051 988 ι
1218 973 1225 986 ι
1288 973 1307 990 ‚r
1524 973 1534 988 x

124 991 236 1025 mittit,
272 992 320 1026 qui
355 1000 401 1017 20-
458 972 505 1014 δε
535 972 699 1014 δοκέων
729 988 772 1014 οι
798 989 960 1027 χρονον
989 989 1056 1016 επι
1091 988 1258 1028 μακρον
1285 980 1459 1017 εσεσθαι
1488 990 1567 1031 την
1595 979 1766 1018 πολι-65

124 1032 254 1092 ῗνῗῖἷιῗιιᾞο
289 1025 403 1086 ῧὲἶειὲιεῗ
461 1051 641 1106 ορκίην,
672 1050 825 1106 ἔπεμπε
866 1050 912 1094 ἐκ
945 1054 1026 1094 τοῦ
1061 1051 1218 1106 τείχεος
1244 1050 1402 1103 ἄλλους
1432 1052 1640 1108 ἀγγέλους
1669 1054 1711 1103 ἐς

125 1095 203 1118 aaut.

424 1135 447 1168 2
459 1127 536 1180 τοὶς
565 1131 817 1185 συμμαχίας.

574 895 697 935 Τοῖσι
735 893 814 948 μὲν
851 892 904 949 δή
938 893 1189 951 κατεστήκεε
1218 897 1459 952 πολιορκίη.
1518 899 1709 951 Κροῖσος

876 1132 920 1173 οῖ
947 1129 1025 1185 μὲν
1050 1129 1133 1186 γαρ
1164 1129 1380 1186 πρότερον
1410 1130 1708 1186 διεπέμποντο,

453 1208 496 1259 ἐς
522 1207 715 1264 πέμπτον
747 1212 863 1265 μῆνα
905 1208 1187 1263 προερέοντες
1213 1210 1494 1266 συλλέγεσθαι
1523 1210 1566 1261 ἐς
1593 1209 1709 1266 Σάρ-

454 1288 542 1338 δις·
573 1288 757 1340 τούτους
786 1287 832 1331 δὲ
861 1287 1060 1344 ἐξέπεμπε
1088 1287 1168 1345 τὴν
1195 1290 1397 1345 ταχίστην
1427 1288 1600 1333 δέεσθαι
1629 1292 1702 1345 βο-

324 1362 389 1407 82
450 1367 620 1422 ηθέειν,
670 1365 728 1418 ὥς
766 1366 1130 1422 πολιορκεομένου
1177 1369 1386 1422 Κροίσου.

124 1425 281 1452 eontentio
308 1426 402 1461 Spar-
477 1439 494 1458 5-
587 1444 595 1457 ,
663 1444 681 1458 ,,
818 1446 836 1462 ,,
1179 1447 1189 1462 r
1347 1447 1355 1461 ι
1431 1446 1439 1460 ι
1525 1447 1534 1463 ι
1564 1446 1576 1461 ν

123 1461 258 1485 tanarum
272 1462 302 1486 et
316 1460 401 1493 Argi·
458 1461 520 1487 ων
549 1462 626 1495 τας
655 1450 786 1496 αλλας
815 1461 970 1501 ἔπεμπε
1001 1459 1262 1502 συμμαχίας,
1288 1463 1361 1489 και
1392 1448 1444 1502 δη
1466 1463 1539 1490 και
1558 1463 1602 1497 ες
1624 1450 1709 1489 Λα·

121 1499 227 1521 vorum
255 1492 290 1518 dc
315 1492 399 1526 'rhy-

120 1533 184 1552 rca.
229 1525 399 1559 Othryades

118 1558 200 1585 Laco
218 1559 323 1585 victor.
346 1561 398 1585 ΑΙ·-

118 1591 181 1631 givi
204 1599 222 1617 a
241 1592 398 1625 Spartanis

117 1629 228 1651 lterum
247 1625 326 1651 victi.
353 1625 399 1651 Ea

118 1657 156 1684 de
174 1665 264 1684 causa
280 1658 399 1692 utrique

118 1691 198 1725 apud
234 1700 266 1718 se
301 1691 399 1725 legem

117 1725 262 1759 tulerunt,
281 1728 312 1750 et
324 1732 397 1752 suae

117 1757 247 1792 ipsorum
271 1766 396 1784 consue-

115 1790 231 1824 tudini,
266 1794 295 1817 ct
320 1792 395 1818 alte-

116 1831 217 1850 rorum
237 1823 295 1858 legi
325 1832 396 1850 con—

116 1858 240 1883 uariam
292 1857 393 1884 illam:

118 1890 232 1923 Argivi,
250 1892 282 1916 nt
295 1898 393 1917 eomas

117 1924 290 1955 tondet-enm
302 1924 393 1958 Spar-

117 1958 179 1982 tani
192 1977 200 1990 ‚
236 1960 269 1983 ut
292 1959 394 1985 essent

117 1990 235 2018 comati.

394 1985 497 2022 seqq.
520 1967 643 2026 χρόνῳ
666 1969 708 2011 δὲ
731 1976 787 2010 est
804 1972 961 2021 tandem,
973 1987 1039 2024 po-

390 2032 532 2077 stremo,
570 2029 690 2079 aliquo
719 2031 892 2080 temporis
921 2031 1041 2080 spatio

388 2085 622 2137 interposit03
669 2086 741 2124 vid.
781 2099 892 2138 supra
926 2088 975 2124 ad
1010 2086 1039 2134 I,

389 2143 456 2183 68.

444 2224 857 2278 κατειληθέντες
878 2223 922 2265 δέ
941 2224 981 2272 ἐς
995 2222 1040 2265 vd

386 2282 532 2333 τεῖχος]
573 2284 595 2320 i.
616 2297 647 2321 e.
677 2284 771 2321 intra
788 2284 930 2321 moenia
949 2295 1038 2319 com-

384 2338 500 2387 pulsi,
538 2341 662 2377 coacti.
741 2340 850 2377 conf.
881 2334 1036 2390 ἀπειλη-

389 2393 512 2434 θέντα
527 2396 568 2445 Ι,
589 2395 642 2437 24
665 2396 750 2446 ibiq.
770 2400 860 2433 nott.

554 2507 868 2558 cap.LXXXL

442 2586 517 2637 τήν
544 2591 726 2641 ταχίστην
760 2590 919 2630 δέεσθαι
958 2591 1035 2642 βο-

388 2659 413 2693 η
424 2649 454 2683 θ
465 2644 482 2684 έ
495 2660 511 2684 ε
523 2661 535 2683 ι
547 2646 593 2696 v]
638 2648 798 2691 Quidam
820 2648 1035 2698 βοηθηΐην.

387 2701 461 2737 Sed
486 2702 666 2750 vulgatum
690 2704 1035 2751 tueturWesseling.

387 2769 430 2792 ex
454 2757 490 2802 Ῑ,
507 2759 570 2797 83.
604 2781 657 2786 ———
686 2760 744 2797 De
775 2759 973 2811 συμμαχίη
1001 2764 1037 2796 ct

388 2811 454 2848 hoc
474 2817 510 2849 ct
527 2828 602 2863 seq.
629 2815 746 2864 capite
778 2830 844 2866 pro
879 2813 1036 2867 σύμμα-

388 2881 448 2917 χοι
470 2871 561 2906 cons.
584 2884 693 2921 supra
712 2873 759 2908 ad
783 2873 817 2919 1,
837 2875 901 2913 77.

1453 1367 1531 1420 ’Ἐς
1568 1384 1612 1412 τε
1655 1367 1767 1423 δὴ70

456 1525 704 1579 κεδαίμονα.
745 1529 857 1567 τοῖσι
891 1525 936 1568 δὲ
966 1525 1039 1568 καὶ
1069 1523 1238 1568 αὐτοῖσι
1265 1530 1377 1568 τοῖσι
1406 1523 1707 1581 Σπαρτιήτῃσι

455 1602 544 1646 κατ’
585 1601 719 1646 αὐτόν
756 1606 915 1646 τοῦτον
949 1602 1028 1646 τόν
1064 1602 1225 1658 χρόνον
1263 1604 1582 1647 συνεπεπτώκεε
1619 1604 1706 1658 ἔρις

458 1681 590 1724 ἐοῦσα
618 1680 728 1736 πρὸς
754 1681 998 1737 Ἀργείους,
1027 1682 1123 1735 περὶ
1151 1681 1299 1737 χώρου
1328 1682 1592 1738 καλεομένου
1624 1686 1706 1725 Θυ-

422 1759 564 1816 Ξρέης.
595 1760 670 1811 τὰς
697 1761 779 1817 γὰρ
813 1761 979 1816 Θυρέας
1007 1759 1188 1814 ταύτας,
1227 1760 1384 1813 ἐούσας
1414 1765 1489 1818 τῆς
1514 1760 1705 1818 Ἀργολί-

1277 1959 1609 2025 Cap.Lxxxn.

1165 2053 1460 2097 συνεπεπτώκεε
1507 2056 1588 2109 ἔρις
1636 2055 1758 2096 εὀὕσα

1109 2110 1210 2165 πρός
1230 2110 1453 2166 Ἀργείους]
1484 2113 1507 2151 ἰ.
1530 2127 1561 2151 e.
1582 2117 1652 2160 „et
1672 2115 1757 2162 ipsis

1108 2170 1163 2206 his
1175 2171 1364 2220 Spartanis
1377 2173 1558 2219 praeterea
1580 2169 1758 2206 acciderat

1107 2226 1288 2263 contentio
1318 2239 1397 2262 cum
1427 2224 1610 2274 Argivis.“
1638 2223 1757 2261 Parti-

1107 2282 1187 2331 cipii
1230 2281 1390 2328 (ἐοῦσα)
1420 2294 1523 2318 usum
1552 2293 1596 2318 eo
1625 2281 1756 2327 refero,

1106 2338 1206 2386 quod
1223 2338 1329 2375 etiam
1347 2343 1431 2387 post
1450 2336 1658 2388 συμβαίνει
1669 2348 1756 2386 par-

1104 2394 1261 2443 ticipium
1282 2395 1458 2443 reperitur
1477 2393 1554 2430 loco
1572 2392 1757 2437 infinitiw'3

1105 2450 1152 2487 de
1169 2462 1241 2498 quo
1264 2451 1358 2487 conf.
1382 2449 1511 2487 Matth.
1535 2447 1571 2500 §
1585 2448 1665 2490 555
1679 2452 1753 2486 not.

1104 2519 1190 2556 pag.
1215 2508 1334 2548 1091.

1161 2589 1251 2641 περὶ
1271 2586 1401 2641 χώρου
1418 2585 1660 2639 καλεομένου
1680 2589 1754 2627 Θυ-

1106 2645 1220 2698 ρέης]
1259 2648 1350 2683 Erat
1377 2647 1524 2695 antiqua
1548 2645 1620 2682 iam
1647 2644 1754 2692 Argi-

1105 2716 1229 2740 vorum
1251 2716 1330 2740 cum
1347 2701 1647 2740 Lacedaemoniis
1669 2713 1755 2737 eon-

1105 2761 1217 2797 tentio
1257 2772 1372 2808 eaque
1401 2760 1477 2796 sere
1503 2759 1672 2794 continua
1707 2757 1753 2793 de

1105 2821 1223 2853 terrae
1242 2816 1428 2863 utriusque
1456 2815 1598 2851 finibus.
1656 2811 1749 2848 Pau-

1105 2873 1240 2909 saniam
1271 2872 1301 2908 si
1338 2870 1543 2921 sequimur,
1593 2867 1752 2918 Cynuria
