1877 3223
421 230 477 269 6⁰
821 227 1284 267 HERODOTI

421 335 611 380 ἐσελθεῖν
644 336 726 391 γὰρ
764 335 951 393 ἡδονήν,
999 338 1036 380 εἰ
1077 337 1271 392 μέλλοιεν
1311 334 1576 383 ἀκούσεσθαι
1613 340 1695 382 τοῦ

422 414 604 470 ἀρίστου
651 413 898 469 ἀνθρώπων
957 415 1138 468 ἀοιδοῦ,
1196 415 1471 472 ἀναχωρῆσαι
1526 417 1572 460 ἐκ
1620 420 1695 473 τῆς

399 493 620 551 8πρύμνης
658 493 700 544 ἐς
739 494 872 550 μέσην
908 494 999 537 νέα.
1039 495 1116 538 τὸν
1155 495 1221 546 δὲ,
1249 493 1433 538 ἐνδύντα
1469 511 1513 538 τε
1551 499 1695 539 πᾶσαν

421 573 500 629 τὴν
531 573 715 628 σκευὴν,
754 574 826 615 καὶ
865 572 1056 628 λαβόντα
1093 572 1173 629 τήν
1211 573 1424 629 κιθάρην,
1462 573 1621 616 στάντα
1649 573 1696 617 ἐν

420 657 533 696 τοῖσι
562 651 796 704 ἑδωλίοισι,
827 652 1055 704 διεξελθεῖν
1085 650 1221 707 νόμον
1248 652 1326 695 τόν
1352 651 1528 707 ὄρθιον·
1557 656 1694 695 τελευ-

419 735 582 780 τῶντος
612 730 657 772 δὲ
685 733 764 773 τοῦ
799 729 962 783 νόμου,
1004 732 1125 787 ῥίψαι
1162 748 1236 786 μιν
1272 731 1314 782 ἐς
1351 731 1430 787 τὴν
1467 729 1741 776 θάλασσανὸο

397 808 607 861 9ἕωυτόν,
639 807 697 860 ὦς
725 805 828 864 εἶχε,
866 808 947 852 σύν
975 814 1028 866 τῇ
1058 814 1190 867 σκευῇ
1221 809 1348 866 πάσῃ.
1386 810 1456 853 καὶ
1485 810 1589 861 τούς
1616 809 1694 866 μὲν

421 888 653 932 ἀποπλέειν
691 887 734 939 ἐς
773 886 1022 942 Κόρινθον·
1067 887 1146 932 τόν
1184 890 1253 942 δὲ,
1302 891 1482 945 δελφῖνα
1518 888 1693 946 λέγουσι

434 1067 480 1106 εἰ
524 1065 697 1117 μέλλοιεν
749 1061 1020 1114 α’κούσεσθοιι]

377 1126 511 1161 Refero
532 1125 621 1170 hue,
652 1136 744 1172 quae
766 1123 941 1163 Matthiae
957 1139 1022 1162 no-

376 1184 430 1217 tat
459 1181 505 1217 de
535 1180 711 1230 particula
748 1180 783 1219 εἰ
810 1185 897 1230 post
934 1182 1024 1219 affe-

378 1241 498 1273 ctuum
540 1236 650 1273 verba
691 1236 740 1272 ita
780 1237 920 1286 posita,
964 1237 1023 1274 ubi

376 1291 587 1343 particulam
611 1287 671 1329 ὅτι
690 1305 769 1329 cum
790 1292 901 1329 verbo
922 1294 1024 1330 [inito

379 1353 442 1384 aut
461 1348 622 1383 infinitivi
643 1351 855 1385 structuram
873 1362 952 1386 cum
965 1362 1023 1386 ac-

378 1405 536 1441 cusativo
558 1404 816 1453 exspectabas,
847 1417 926 1441 cum
943 1405 1023 1454 ipsa

377 1473 434 1496 res
461 1460 657 1505 indicetur,
685 1472 752 1496 nee
773 1460 930 1496 conditio
958 1461 1022 1496 ad—

375 1516 523 1553 iiciatur.
581 1515 603 1551 V
616 1515 662 1551 id.
689 1514 724 1565 ἓ.
745 1518 825 1556 617
843 1530 878 1565 p.
902 1517 1021 1557 1251·

376 1572 441 1610 Cr.
457 1573 502 1607 ad
525 1571 615 1608 haec
631 1573 784 1608 conferri
801 1573 898 1609 iubet
908 1574 1022 1610 Heiu-

375 1629 471 1665 dors.
493 1628 541 1664 ad
562 1627 873 1665 Plat.Par1uenid
893 1643 927 1678 p.
940 1631 1018 1670 291

376 1684 503 1720 similia
523 1683 700 1732 quaedam
707 1685 972 1749 proferentem.

432 1739 649 1786 διεξελθεῖν
669 1734 794 1791 νόμον
822 1738 886 1779 τὸν
910 1739 1019 1793 ὀρθι-

377 1794 448 1845 ον]
483 1792 621 1846 Νόμος
651 1809 713 1833 cur
742 1799 788 1833 de
816 1798 956 1845 rjthmo
989 1812 1019 1835 s.

375 1853 562 1889 harmonia
599 1852 735 1889 musica
758 1853 918 1901 dicatur,
958 1856 1022 1892 de-

373 1909 485 1945 clarat
532 1907 743 1944 Plutarchus
790 1910 836 1946 de
882 1884 1022 1946 Biusiea

376 1978 413 2015 Ι).
431 1966 550 2011 1133,
563 1963 605 2000 Β.
620 1964 665 1999 C.
686 1964 814 2012 (Tom.
826 1965 928 2015 11)p.
941 1968 1021 2007 633

378 2021 514 2088 Wffgstf
545 2014 592 2058 οὗ
611 2016 684 2071 γοὶρ
706 2019 798 2070 ἐξῆν
818 2018 860 2059 τὸ
885 2024 1021 2060 παλαι-

377 2073 420 2116 ὂν
453 2071 555 2114 ου’τω
575 2079 780 2115 ποιεῖσθαι
813 2093 882 2123 τας
908 2082 1022 2116 κιθα-

376 2132 530 2197 ρῳὸίας
553 2146 604 2177 ως
633 2134 709 2170 νῦν
735 2128 829 2172 ου’δὲ
859 2132 1021 2184 μεταφέ-

376 2203 459 2239 ρειν
488 2185 556 2233 τὰς
593 2185 785 2238 αριιονίας
826 2190 892 2228 καὶ
930 2187 1022 2236 τούς

377 2240 579 2295 ρυθμούς·
611 2243 651 2282 ἐν
674 2241 749 2295 γὰρ
776 2249 857 2291 τοῖς
889 2242 1022 2296 νόμοις

376 2296 524 2366 εκιάστω
556 2295 845 2350 διετηρουντην
871 2302 1021 2340 οἰκείαν

376 2352 516 2395 τοισιν·
546 2353 608 2394 διο
626 2355 692 2393 καὶ
707 2352 853 2406 ταύτην
872 2356 976 2396 ἒπων
980 2373 1021 2396 υ-

378 2413 473 2463 μίαν
492 2408 616 2461 εἶχον
648 2407 797 2462 νόμοι
819 2428 890 2464 γαρ
903 2425 1020 2463 προσ-

377 2464 681 2535 οἶγορεύθησαν,
711 2466 847 2533 ἐπειδη
871 2465 942 2508 ουίι
965 2469 1018 2516 ε’ξ-

376 2540 428 2575 ην
466 2525 695 2575 παραβῆναι
725 2518 818 2563 καθ
858 2524 1020 2564 ἕκαστον

378 2579 660 2632 νενομισμένον
686 2576 789 2627 εἶδος
813 2596 883 2631 της
912 2578 1018 2620 τάσε-

379 2653 444 2684 ως.
473 2637 592 2686 Atque
609 2634 748 2688 ὄρθιος
766 2651 844 2674 cum
866 2639 912 2675 de
932 2651 1018 2675 voce

377 2695 470 2741 alta,
499 2694 614 2740 elata,
646 2694 845 2743 eademque
865 2694 1019 2731 clarissi-

379 2763 438 2787 ma
480 2750 617 2787 dicatur
665 2750 872 2796 (nostrum
916 2751 1017 2787 horle—

376 2808 546 2854 stimmig,
576 2807 638 2843 mit
659 2810 893 2856 gestrengter,
915 2808 1017 2844 heller

379 2862 544 2907 Stimmtu·
583 2863 653 2902 vid.
683 2864 876 2904 Ruhnken,
901 2869 936 2902 et
967 2865 1013 2902 H.

1090 1068 1200 1106 Voss.
1224 1067 1272 1105 ad
1288 1067 1438 1105 Homeri
1457 1067 1591 1117 Hymn.
1614 1069 1650 1106 in
1667 1069 1739 1107 Ce-

1090 1139 1157 1164 rer.
1174 1124 1262 1174 20),
1283 1126 1371 1161 satis
1394 1125 1479 1161 inde
1488 1125 1651 1161 concludi
1672 1138 1739 1174 po-

1090 1182 1194 1229 terit,
1242 1181 1356 1229 qualis
1404 1181 1590 1218 harmonia
1632 1181 1741 1218 suerit

1091 1233 1213 1288 νόμος
1242 1234 1400 1288 ὄρθιος,
1455 1238 1554 1274 cuius
1594 1241 1740 1287 praeter

1090 1294 1319 1331 Herodotum
1340 1293 1397 1329 alii
1417 1306 1562 1341 quoque
1574 1298 1738 1330 auctores

1089 1351 1311 1387 mentionem
1329 1350 1472 1386 saciuut.
1503 1350 1610 1388 Conf.
1633 1362 1739 1398 prae-

1090 1410 1146 1442 ter
1172 1405 1343 1444 Larcher.
1380 1410 1470 1441 nott.
1502 1406 1549 1441 ad
1581 1405 1615 1441 h.
1641 1405 1662 1443 l.
1702 1410 1738 1442 et

1089 1461 1292 1501 Blomfield.
1343 1462 1390 1498 ad
1427 1461 1594 1510 Aeschyl.
1633 1460 1736 1499 Pers.

1091 1518 1253 1555 Glossar.
1274 1530 1326 1554 vs,
1349 1517 1445 1560 395.

1147 1571 1201 1620 ὥς
1229 1569 1328 1623 εἶχε]
1368 1577 1390 1612 i.
1421 1587 1452 1612 e.
1493 1578 1532 1610 ut
1564 1578 1658 1622 erat,
1696 1577 1737 1610 ut

1091 1644 1160 1667 sese
1192 1630 1348 1666 habebat.
1406 1630 1488 1666 Vid.
1511 1629 1640 1666 Matth.
1666 1631 1735 1668 Gr.

1091 1688 1156 1724 Gr.
1178 1685 1307 1736 §.337
1327 1699 1413 1735 pag.
1438 1687 1519 1726 643
1545 1699 1624 1735 seq.

1144 1740 1209 1781 τὸν
1231 1741 1287 1790 δὲ,
1309 1743 1476 1791 δελφῖνα
1504 1740 1657 1793 λέγουσι
1689 1739 1732 1780 v‘-

1089 1802 1180 1838 πολ
1195 1795 1376 1849 αβόντα
1396 1813 1430 1836 κ.
1448 1813 1478 1836 τ.
1502 1801 1557 1844 λ.]
1590 1795 1735 1836 ὑπολα-

1089 1857 1174 1907 βεῖν
1194 1868 1223 1890 s.
1249 1851 1463 1905 ἀπολαβεῖν
1485 1856 1577 1892 bene
1599 1855 1668 1891 dici
1689 1855 1735 1892 de

1089 1911 1258 1961 delphino
1304 1911 1475 1948 Arionem
1510 1911 1548 1947 iu
1588 1911 1734 1947 dorsum

1088 1969 1305 2017 suscipiente
1327 1980 1368 2005 ac
1391 1971 1616 2005 sustentante
1634 1970 1736 2004 notat

1088 2024 1341 2062 Hemsterhus,
1400 2025 1447 2061 ad
1503 2023 1651 2063 Luciam
1701 2022 1735 2060 11

1088 2095 1127 2131 p.
1142 2083 1220 2122 371
1244 2081 1300 2117 ed.
1321 2081 1401 2130 Bip.
1422 2080 1488 2116 Cr.
1502 2081 1623 2116 addit:
1646 2079 1733 2116 Rei-

1089 2149 1177 2173 mar.
1199 2137 1245 2172 ad
1275 2136 1384 2174 Dion.
1413 2136 1518 2171 Cass.
1547 2148 1633 2184 pag.
1650 2136 1733 2175 999

1089 2193 1166 2229 coll.
1180 2192 1319 2227 Platon.
1332 2192 1387 2228 Re
1398 2190 1496 2240 publ.
1508 2191 1553 2237 V,
1564 2194 1589 2231 4
1601 2205 1637 2241 p.
1651 2193 1732 2232 453

1090 2251 1156 2298 (p.
1188 2250 1269 2288 223
1304 2247 1451 2294 Bclxk.)
1492 2248 1612 2295 ibique
1652 2247 1732 2284 Ast.

1088 2317 1173 2354 pag.
1186 2305 1279 2344 510.
1292 2325 1345 2330 -—
1361 2302 1555 2339 Taenarum
1569 2304 1656 2340 satis
1667 2317 1733 2340 no—

1087 2365 1164 2396 tum
1196 2365 1252 2395 cst
1284 2359 1465 2396 Lat-oniae
1492 2360 1734 2409 promontori-

1087 2429 1146 2452 um
1159 2444 1168 2459 ‚
1192 2415 1353 2465 Neptuni
1364 2416 1496 2464 templo
1509 2417 1730 2464 insignitum,

1088 2472 1134 2508 de
1157 2485 1228 2519 quo
1250 2473 1368 2510 Strab.
1389 2472 1474 2508 UH
1501 2486 1537 2522 Ι).
1560 2473 1665 2518 558,
1685 2471 1728 2508 Α.

1215 2530 1307 2568 363.
1368 2528 1619 2576 Quadraginta
1645 2528 1731 2566 inde

1086 2584 1211 2619 stadiis
1244 2585 1353 2622 distat
1383 2585 1542 2621 eiusdem
1575 2585 1730 2621 nominis

1086 2640 1193 2686 urbs,
1234 2641 1279 2677 ab
1313 2642 1504 2678 Herodoto
1532 2645 1730 2678 memorata

1086 2696 1174 2741 ΠΙ,
1205 2700 1295 2738 168.
1353 2696 1461 2734 Nune
1482 2697 1730 2747 promontorio

1085 2765 1216 2789 nomeu
1237 2754 1317 2803 Cap
1340 2752 1520 2804 ,Mutapan
1539 2768 1568 2793 s.
1589 2751 1729 2790 Maina.

1085 2808 1192 2847 cons.
1226 2809 1431 2848 Tzsehuck.
1467 2811 1515 2848 ad
1548 2810 1725 2862 Pompon.

1083 2864 1168 2903 Mel.
1188 2866 1240 2912 u,
1259 2867 1285 2907 3
1304 2865 1340 2917 ς.
1357 2869 1396 2908 8.

1088 2542 1117 2563 s.
1151 2541 1185 2575 p.
