1909 3228
569 205 1084 243 EUTERPE.II.
1356 205 1437 246 551

1494 298 1586 339 uuno'
1607 313 1708 340 Naum
1725 314 1769 339 vi-

1494 345 1576 378 deri,
1604 347 1652 385 qui
1679 346 1770 373 medi-

188 392 415 448 Ἐτεάρχου
459 393 587 449 λόγος
628 393 670 444 ἐς
703 393 831 436 τοῦτό
877 410 950 448 μοι
989 391 1274 448 δεδηλώσθω·
1329 379 1771 472 πλ’ὴτ)45ῧὲιιηῑΑιῘ)ᾞΞῗῖἶιιῡῖἶῗο

189 473 255 516 ὅτι
287 506 310 523 ‚‚
327 472 622 529 ἀπονοστῆσαί
650 489 692 515 τε
723 472 883 527 ἔφασκε
912 471 1014 522 τούς
1043 475 1336 526 Νασαμῶνας,
1378 470 1437 521 (ὃς
1494 453 1769 514 affinga-,gwal-

69 327 133 370 33
189 313 343 369 »αὐτῷ
379 315 724 368 κροκοδείλους.“
787 312 836 355 Ὅ
872 313 950 368 μὲν
990 313 1041 369 δή
1079 316 1159 356 τοῦ
1195 311 1436 369 Ἀμμωνίου

188 553 268 603 ,,οἵ
297 555 540 608 Κυρηναῖοι
570 553 737 605 ἔλεγον·
790 551 862 594 καὶ
892 550 934 601 ἐς
966 550 1068 601 τοὺς
1107 545 1229 593 οὗτοι
1260 549 1440 593 dei-,inov-

159 638 277 682 2,,το
321 630 606 685 ἀνθρώπους,
647 628 807 684 γόητας
851 627 964 672 εἶναι
1003 629 1206 680 πάντας.“

1269 629 1356 672 Τὸν
1396 629 1441 672 δὲ

190 711 242 765 δή
272 710 470 766 ποταμόν
508 713 666 752 τοῦτον
695 708 770 751 τὸν
799 708 1096 764 παραρρέοντα
1125 709 1197 750 καὶ
1222 707 1442 763 Ἐτέαρχος

189 788 475 844 συνεβάλλετο
504 785 614 831 εἶναι
643 786 721 829 τόν
749 790 936 829 Νεῖλον·
976 789 1048 830 καὶ
1079 786 1130 843 δὴ
1161 787 1233 830 καὶ
1263 784 1286 830 ὁ
1316 785 1498 842 λόγοςόΟ

189 867 302 911 οὕτω
334 868 477 922 αἱρέει.
512 867 596 923 ῥέει
625 865 707 921 γὰρ
739 866 785 909 ἐκ
815 865 981 923 Λιβύης
1012 866 1034 910 ὁ
1066 869 1244 917 Νεῖλος,
1275 866 1346 909 καὶ
1366 865 1440 920 μέ-

158 953 273 1002 Βσην
310 945 485 1001 τάμνων
515 943 709 1001 Λιβύην·

772 945 844 988 καὶ
886 944 968 1001 (ὥς
997 946 1079 1000 ἐγώ
1119 944 1442 1000 συμβάλλομαι,

185 1030 298 1068 τοῖσι
327 1025 534 1080 ἐμφανέσι
563 1023 615 1067 τὰ
652 1025 709 1079 μὴ
744 1024 1044 1081 γινωσκόμενα
1075 1023 1439 1080 τεκμαιρόμενος)

155 1107 248 1161 4τῷ
267 1103 419 1162 Ἴστρῳ
450 1104 496 1147 ἐκ
524 1107 611 1147 τῶν
640 1105 748 1146 ἴσων
769 1103 937 1159 μέτρων
965 1102 1163 1159 ὁρμᾶται.
1207 1101 1376 1158 Ἴστρος
1398 1117 1442 1145 τε

298 1334 330 1371 c
341 1346 362 1370 a
373 1347 409 1383 p.
438 1332 611 1371 xxxin.

182 1439 330 1497 γόητας
367 1440 470 1482 εἶναι
503 1440 681 1491 πάντας]
720 1444 782 1482 In-

128 1502 376 1538 cantationum
405 1505 442 1538 et
475 1502 602 1538 artium
621 1502 781 1550 magica-

128 1570 208 1594 rum
226 1557 519 1607 superstitionem
551 1571 617 1607 per
647 1562 778 1606 gentes

128 1613 290 1661 Africae,
321 1626 410 1662 quas
442 1613 548 1661 vulgo
581 1612 700 1662 Neget·
727 1614 782 1650 di-

129 1671 262 1717 cimus,
293 1670 411 1706 adhuc
435 1669 541 1706 valde
564 1670 781 1707 celebratam

130 1739 211 1762 esse
240 1727 408 1762 observat
432 1726 634 1763 Heerenius
662 1727 734 1773 (ll,
761 1730 780 1766 1

128 1794 214 1831 pag.
239 1782 338 1828 199)
361 1794 403 1817 ex
415 1781 701 1829 Europaeorum,
720 1782 782 1830 qui

130 1836 211 1874 illuc
227 1849 446 1887 pervenere,
475 1837 676 1874 itinerariis.

188 1915 448 1969 συνεβάλλετο
472 1915 574 1958 εἶναι
600 1916 670 1958 τόν
690 1921 784 1958 Νεῖ-

131 1974 230 2026 λον]
261 1975 319 2013 De
350 1976 448 2013 verbi
487 1972 784 2026 συμβάλλεσθαι

133 2032 350 2068 coniectandi
377 2032 525 2068 notione
556 2033 707 2068 diximus
734 2032 783 2068 ad

131 2088 170 2134 I,
195 2090 259 2129 68.
325 2088 446 2125 Verba
474 2089 680 2136 sequentia:
715 2086 783 2126 καὶ

132 2141 184 2192 δή
215 2142 283 2182 καὶ
315 2142 336 2183 ὁ
365 2139 481 2194 λόγος
507 2139 610 2182 οὕτω
644 2144 782 2192 (vulgo

133 2197 288 2249 οὕτως)
328 2199 448 2249 αἱρέει
487 2204 636 2237 sonant:
677 2204 784 2249 atque

132 2258 236 2293 etiam
265 2259 360 2293 ratio
389 2258 440 2292 sic
470 2256 614 2303 suadet,
644 2261 681 2293 ut
708 2256 780 2293 scil.

131 2312 226 2349 hunc
245 2313 391 2349 fiuvium
412 2312 533 2350 Nilum
558 2326 637 2349 esse
655 2313 783 2349 creda-

131 2381 220 2404 mus.
279 2369 385 2404 Conf.
408 2369 446 2416 I,
469 2371 548 2409 132
573 2370 632 2405 fin.
661 2370 783 2417 ibique

132 2428 208 2459 not.
239 2423 296 2461 De
322 2425 402 2474 ipso
426 2429 639 2472 argumento
664 2426 711 2461 ad
734 2425 782 2472 II,

133 2480 189 2519 32
205 2480 266 2515 fin.
282 2482 496 2517 monuimus.

191 2561 257 2599 καὶ
277 2561 399 2612 μέσην
419 2560 580 2612 τάμνων
602 2558 780 2613 Λιβύην]

135 2617 202 2656 καὶ
220 2618 404 2655 deleverat
417 2619 649 2667 W'esselingii
669 2620 785 2656 moni-

136 2679 175 2711 tu
191 2675 358 2720 Reizius‚
388 2676 506 2711 invitis
543 2675 652 2711 libris.
708 2675 784 2713 Re-

136 2731 329 2767 stituerunt
357 2731 717 2779 Schweighaeuserus
748 2736 785 2768 et

139 2787 379 2823 Gaissordius.
439 2787 499 2823 Tu
535 2791 653 2824 verte:
694 2787 784 2833 „vel

137 2842 286 2880 mediam
310 2842 484 2880 dissecans
511 2842 702 2894 Lz'byam.“
731 2864 784 2870 —-

847 1331 906 1370 De
918 1335 1097 1369 structura
1106 1332 1206 1369 verbi
1217 1330 1498 1383 τεκμαίρεσθαι

846 1390 939 1425 conf.
966 1388 1095 1424 Matth.
1118 1386 1154 1437 ἓ.
1170 1390 1265 1429 596.

903 1445 961 1496 τῷ
978 1441 1111 1495 Ἴστρῳ
1134 1442 1175 1481 ἐκ
1196 1446 1276 1482 τῶν
1307 1442 1404 1481 ἰ’σων
1432 1441 1496 1493 με’-

846 1514 951 1548 τρων
989 1497 1177 1549 ὁρμᾶται]
1236 1500 1496 1548 lnterpretatus

849 1561 905 1593 est
932 1555 1315 1604 Schweighaeuserus:
1341 1555 1498 1604 paralle-

850 1612 921 1649 lum
939 1611 1033 1649 Istro
1061 1624 1199 1649 cursum
1228 1612 1351 1655 habe&
1380 1612 1497 1648 minus

849 1669 978 1719 opinor
1007 1673 1193 1715 accurate,
1224 1681 1301 1705 cum
1327 1667 1499 1704 Herodo-

848 1730 907 1762 tus
928 1738 1001 1760 non
1021 1729 1095 1761 tam
1126 1725 1172 1762 de
1196 1725 1382 1772 utriusque
1400 1724 1500 1760 fluvii

850 1793 955 1818 cursu
976 1793 1083 1828 quam
1104 1781 1150 1816 de
1168 1780 1327 1816 fontibus
1361 1780 1435 1816 sive
1451 1780 1499 1816 de

849 1836 929 1873 loco
943 1864 954 1882 ‚
983 1836 1081 1872 unde
1104 1840 1255 1884 uterque
1273 1835 1402 1871 fluvius
1430 1834 1499 1871 ini-

850 1892 939 1928 tium
977 1892 1120 1940 capiat,
1178 1890 1276 1939 loqui
1324 1890 1499 1927 videatur.

850 1948 958 1984 Hunc
977 1959 1063 1983 vero
1088 1947 1242 1983 fontium
1268 1946 1385 1983 locum
1411 1946 1499 1982 utri-

851 2016 923 2051 que
949 2003 1058 2039 fluvio
1087 2015 1129 2039 ex
1152 2003 1323 2052 opposito
1349 2002 1499 2039 inveniri

851 2060 937 2096 dicit
958 2058 1027 2094 hoc
1040 2059 1173 2106 modo,
1202 2062 1243 2095 ut
1271 2059 1308 2094 in
1327 2058 1499 2095 meridio-

850 2115 923 2151 nali
952 2115 1048 2150 orbis
1077 2119 1252 2152 terrarum
1279 2118 1405 2164 parte,
1437 2114 1496 2151 ubi

850 2170 926 2207 Nili
953 2183 1077 2206 cursus
1105 2171 1270 2219 incipiat,
1301 2170 1434 2207 ibidem
1459 2171 1496 2207 in

852 2226 1122 2276 septentrionali
1146 2226 1235 2263 Ister
1261 2227 1389 2262 fluvius
1411 2239 1497 2263 exo-

849 2284 970 2319 riatur.
1001 2283 1233 2332 Quapropter
1252 2286 1394 2331 postea,
1416 2282 1498 2318 istri

849 2352 991 2376 cursum
1014 2338 1099 2374 Nilo
1130 2338 1276 2375 similem
1298 2339 1499 2386 descriptu-

850 2408 932 2440 rus,
962 2394 1066 2431 addit
1087 2395 1243 2431 mediam
1260 2393 1355 2430 illum
1380 2395 1496 2430 disse—-

851 2463 932 2488 care
946 2451 1152 2499 Europam,
1183 2455 1223 2486 ut
1250 2463 1271 2487 a
1294 2449 1378 2486 Nilo
1399 2450 1494 2486 Afri-

852 2520 929 2544 cam
955 2507 1065 2544 secari
1085 2506 1244 2543 inediam
1268 2519 1378 2556 supra
1402 2506 1495 2542 indi-

851 2568 1006 2600 caverat.
1063 2562 1121 2599 De
1148 2575 1252 2599 cursu
1280 2562 1362 2598 lstri
1400 2563 1494 2598 conf.

849 2619 942 2656 infra
958 2618 1019 2665 IV,
1039 2618 1103 2658 49.
1134 2618 1216 2655 lstri
1240 2630 1282 2654 ac
1301 2618 1375 2654 Nili
1395 2631 1493 2654 com-

848 2676 1072 2725 parationem
1097 2675 1255 2711 instituit
1283 2675 1389 2711 etiam
1418 2675 1495 2723 Op·

851 2731 949 2780 pian.
983 2731 1161 2779 Cyneget.
1199 2731 1253 2776 ΙΙ,
1293 2732 1381 2770 138.
1441 2730 1500 2768 De

851 2786 937 2823 Istri
961 2787 1123 2823 fontibus
1150 2787 1338 2837 primarius
1377 2790 1499 2824 exstat

851 2842 1000 2879 Pindari
1035 2843 1132 2880 locus
1172 2843 1312 2893 Olymp.
1342 2842 1414 2889 111,
1443 2844 1497 2884 25
