1909 3228
465 231 549 271 548

865 225 1330 265 HERODOTI

468 335 685 392 ,,ἡλι’κων,
743 335 874 377 ὕδασί
911 350 954 377 τε
993 335 1067 376 καὶ
1105 335 1279 377 σιτίοισι
1317 331 1365 376 εὖ
1395 335 1716 391 ἐξηρτυμένους,

467 415 614 467 ,,ἰέναι
641 413 693 456 τὰ
721 417 870 465 πρῶτα
907 412 986 468 μὲν
1030 411 1102 456 διὰ
1139 416 1213 467 τῆς
1244 412 1509 468 οἰκεομένης·
1558 415 1718 469 ταύτην

466 493 550 544 ,,δ“ε
579 489 896 543 διεξελθόντας,
940 492 980 542 ἐς
1009 490 1088 547 τὴν
1128 490 1348 546 θηριώδεα
1379 490 1629 535 α’πικέσθαι·
1671 492 1774 535 έκ30

467 571 549 621 „dh
573 569 749 625 ταύτης,
779 569 856 625 τὴν
887 569 1049 626 ἐρῆμον
1080 569 1301 621 διεξιέναι,
1332 570 1410 624 τὴν
1441 569 1546 613 ὁδὸν
1566 585 1715 614 ποιευ-

444 655 502 699 7,,
520 647 675 702 μένους
704 647 810 701 πρὸς
833 650 1021 702 ζέφυρον
1043 647 1201 702 ἄνεμον
1216 663 1225 672 ·
1257 647 1551 699 διεξελθόντας
1571 647 1615 691 δὲ
1635 652 1718 702 χῶ-

468 742 584 779 ,,ρον
613 726 774 769 πολλὸν
803 726 1064 782 ψαμμώδεα,
1119 727 1193 769 καὶ
1222 726 1268 769 ἐν
1305 731 1485 783 πολλῇσι
1523 725 1718 782 ἡμέρῃσι,

469 806 615 855 ,,ἰδεῖν
656 804 708 860 δή
744 822 842 848 κοτε
873 806 1050 860 δένδρεα
1090 805 1136 848 ἐν
1175 807 1306 862 πεδίῳ
1351 803 1598 860 πεφυκότα·
1649 805 1722 848 καί

469 894 641 938 ,,σφεας
669 883 1013 939 προσελθόντας,
1061 883 1271 927 ἅπτεσθαι
1299 889 1380 927 τοῦ
1425 882 1624 934 ἐπεόντος
1653 883 1721 926 ἐπὶ

412 1072 497 1119 post
516 1066 618 1114 ἐπεὶ,
649 1081 716 1118 per
743 1067 1004 1105 anacoluthiam
1025 1069 1061 1105 in

413 1125 566 1174 apodosi
584 1125 705 1162 inferri
730 1125 854 1171 solita,
870 1125 1062 1174 praecipue

414 1181 450 1216 in
471 1194 627 1217 errorem
647 1182 860 1230 interpretes
880 1181 1062 1218 induxisse

414 1237 533 1273 eidem
545 1237 620 1273 viro
640 1238 746 1274 docto
766 1238 916 1274 videtur.
944 1236 1061 1273 Aliam

413 1293 588 1329 rationem
629 1293 801 1329 orationis
842 1288 1061 1331 α’νακολού-

413 1352 495 1387 θου
534 1350 809 1386 constituendae
848 1350 924 1385 iniit
966 1350 1062 1385 Mat-

415 1404 511 1440 thiae
538 1404 574 1440 in
596 1409 670 1440 not.
693 1405 740 1440 ad
764 1405 798 1440 h.
822 1404 843 1440 l.
890 1405 958 1441 Cui
984 1406 1062 1441 He-

414 1461 587 1505 rodotus,
619 1473 696 1497 cum
717 1460 834 1497 dicere
850 1460 957 1497 vellet
978 1459 1062 1498 ἐπεὶ

416 1509 472 1553 ὧν
504 1512 597 1561 τούς
625 1516 787 1565 νεηνίας
828 1511 1058 1565 οἷποπεμπο-

416 1569 560 1621 μένους
602 1591 659 1599 —-
697 1565 742 1609 εὖ
781 1570 1063 1622 ἐξηρτυμένους

417 1625 580 1674 ἰέναι,
622 1625 722 1665 ἰέναι
754 1629 890 1678 πρῶτα
920 1625 991 1678 μὲν
1022 1643 1059 1666 κ.

415 1697 447 1721 τ.
473 1685 504 1721 λ.
534 1683 632 1732 prius
659 1682 759 1721 ἰέναι
778 1685 940 1721 omisisse
963 1685 1063 1722 vide-

416 1743 495 1785 tur,
516 1745 555 1774 ut
575 1740 747 1788 apodosis
765 1739 854 1776 haec
876 1741 940 1776 sit:
963 1738 1063 1778 ἰέναι

416 1797 552 1844 πρῶτα
581 1792 663 1843 μέν.
721 1794 843 1843 Atque
882 1808 926 1832 ea
969 1797 1062 1832 ratio

416 1852 542 1899 utique
559 1849 696 1887 facilior
719 1851 860 1887 videtur
876 1852 1065 1901 magisque

417 1910 504 1957 apta
520 1907 566 1942 ad
580 1906 698 1956 ipsum
722 1906 787 1943 loci
809 1920 964 1943 sensum.

472 1958 593 2000 ὕδασί
629 1977 669 2001 τε
705 1960 773 2001 καὶ
816 1963 972 2001 σιτίοισι
1021 1956 1066 2001 εὖ

418 2016 702 2068 ἐξηρτυμένους
736 2033 770 2056 κ.
799 2033 830 2057 τ.
854 2017 915 2069 λ.]
964 2019 1066 2057 Bene

418 2075 522 2112 nobis
551 2088 699 2113 monere
732 2075 875 2113 videtur
905 2076 1063 2113 Heeren.

417 2131 529 2168 Ideen
559 2130 615 2177 ΙΙ,
642 2134 664 2172 1
696 2144 780 2181 pag.
810 2133 890 2172 198
921 2132 1065 2169 minime

419 2187 514 2224 solos
535 2188 694 2236 quinque
709 2187 964 2236 intelligendos
985 2201 1065 2225 esse

418 2244 565 2281 iuvenes
587 2243 747 2289 nobiles,
777 2244 838 2292 qui
855 2244 923 2281 iter
943 2257 1065 2281 susce-

418 2300 556 2349 perint,
589 2312 712 2337 verum
729 2300 875 2337 additos
897 2301 1004 2337 etiam
1024 2299 1064 2336 il-

419 2355 462 2392 lis
481 2355 682 2402 ministros,
713 2357 871 2394 comites.
908 2356 988 2394 Nos
1007 2356 1064 2392 di-

419 2412 531 2448 cimus
550 2414 622 2449 ez’ne
642 2411 851 2449 Karawane.
909 2411 989 2450 Nec
1007 2415 1065 2448 ta-

419 2479 503 2504 men
525 2468 571 2504 illi
598 2468 745 2506 iuvenes
764 2470 859 2506 viam
886 2468 922 2505 in
943 2468 1065 2505 istius-

420 2524 518 2560 modi
540 2525 825 2573 prosectionibus
847 2524 986 2561 solitam
1009 2537 1064 2561 se-

420 2580 492 2616 cuti
516 2593 596 2618 esse
632 2581 822 2628 videntur,
852 2581 915 2618 sed
942 2580 1065 2617 relicta

420 2634 499 2681 illa,
529 2649 608 2672 cum
628 2636 716 2673 alias
731 2636 873 2674 Africae
896 2637 1062 2685 regiones

422 2690 539 2727 adhue
559 2693 758 2740 incognitas
782 2694 898 2731 visere
919 2693 1064 2738 vellent,

422 2746 537 2793 magis
556 2748 603 2783 ad
623 2749 842 2786 occidentem
863 2762 902 2786 se
917 2761 1065 2786 conver-

423 2800 522 2837 tisse.
580 2803 663 2845 Quo
682 2810 849 2853 spectant
863 2806 973 2843 verba
990 2802 1064 2855 τήν

422 2852 519 2894 ὁδόν
537 2858 795 2908 ποιευμένους
824 2859 924 2912 πρός
950 2859 1063 2911 ζέφυ-

1131 1084 1200 1119 ρον
1219 1064 1388 1119 ἅνεμον,
1419 1081 1498 1105 cum
1525 1068 1657 1105 scilicet
1685 1068 1778 1105 occi-

1130 1127 1274 1163 dentem
1294 1129 1328 1161 et
1341 1125 1524 1162 meridiem
1536 1138 1659 1161 versus
1672 1125 1779 1172 (sild-

1129 1181 1308 1229 westlich)
1336 1181 1383 1216 illi
1408 1182 1475 1217 iter
1494 1181 1735 1218 instituerent.

1187 1232 1456 1283 διεξελθόντας
1476 1234 1516 1275 δὲ
1535 1239 1665 1287 χῶρον
1686 1238 1779 1275 πολ-

1130 1290 1197 1332 λὸν
1219 1289 1443 1342 ψαμμώδεα
1468 1308 1503 1331 κ.
1530 1309 1562 1331 τ.
1584 1291 1636 1342 L]
1677 1293 1780 1330 Haec

1131 1351 1176 1386 ad
1210 1351 1354 1387 deserta
1386 1349 1530 1386 Salmra
1562 1349 1686 1386 referri
1714 1349 1779 1385 de-

1130 1407 1216 1443 bere
1255 1407 1480 1442 manifestum
1517 1409 1594 1450 est3
1649 1404 1777 1452 quibus

1130 1462 1282 1498 desertis
1308 1462 1572 1508 transmigratis
1594 1460 1660 1507 (id
1678 1459 1777 1509 quod

1128 1518 1310 1564 hodieque
1331 1517 1426 1552 haud
1455 1517 1531 1553 sine
1560 1529 1693 1565 magno
1714 1528 1778 1565 pe-

1131 1573 1238 1609 riculo
1263 1573 1339 1609 fieri
1361 1575 1517 1622 potest),
1542 1572 1639 1609 haud
1661 1572 1776 1608 minus

1129 1629 1376 1675 manifestum,
1405 1630 1613 1678 pervenisse
1633 1630 1778 1665 iuvenes

1131 1686 1178 1721 ad
1201 1699 1260 1721 eas
1285 1685 1472 1732 regiones,
1492 1698 1582 1734 quas
1602 1697 1696 1721 nunc
1717 1697 1776 1719 so-

1130 1740 1242 1777 lemus
1270 1753 1397 1777 vocare
1425 1739 1676 1788 Negerliinder.
1723 1739 1780 1775 Eo

1132 1797 1226 1833 enim
1260 1797 1442 1843 quadrant
1472 1800 1510 1833 et
1537 1796 1634 1833 color
1663 1795 1780 1843 niger,

1133 1852 1193 1900 qui
1211 1851 1335 1888 incolis
1364 1851 1488 1888 harum
1510 1856 1686 1889 terrarum
1715 1851 1781 1887 tri-

1132 1908 1281 1955 buitur,
1322 1912 1359 1945 et
1387 1908 1505 1944 minor
1537 1913 1677 1945 statura
1703 1920 1782 1944 cor-

1132 1965 1251 2014 poris,
1278 1977 1386 2012 quam
1404 1965 1614 2002 recentioris
1635 1976 1781 2014 quoque

1133 2021 1306 2069 temporis
1334 2021 1627 2070 peregrinatores
1656 2021 1782 2058 obser-

1133 2080 1281 2122 varunt,
1332 2081 1369 2113 et
1404 2076 1544 2114 indoles
1586 2077 1780 2114 incolarum

1133 2133 1291 2180 benigne
1315 2136 1351 2169 et
1370 2132 1593 2182 hospitaliter
1619 2133 1779 2169 advenas

1133 2189 1402 2238 excipientium3
1424 2201 1529 2236 quam
1547 2189 1715 2225 virtutem
1736 2188 1779 2224 il-

1133 2244 1199 2280 lius
1220 2245 1337 2292 gentis
1355 2244 1536 2293 hodieque
1554 2248 1777 2290 memorant;

1133 2313 1176 2337 eo
1205 2300 1362 2348 denique
1393 2301 1498 2337 etiam
1522 2305 1689 2349 spectant
1720 2313 1778 2337 ar-

1131 2356 1237 2392 bores
1266 2356 1482 2404 frugiferae,
1509 2357 1635 2393 itidem
1654 2369 1779 2394 recen-

1131 2412 1284 2448 tioribus
1330 2412 1662 2462 peregrinatoribus
1709 2412 1779 2450 illic

1132 2469 1356 2505 observatae.
1416 2469 1498 2505 vid.
1520 2468 1678 2506 Heeren.
1709 2468 1733 2506 l.
1753 2467 1776 2506 l.

1131 2524 1185 2571 ll,
1207 2526 1227 2564 1
1250 2537 1333 2573 pag.
1361 2527 1449 2566 199.
1468 2527 1559 2565 200.

1189 2576 1385 2618 ἅπτεσθαι
1414 2582 1488 2619 τοῦ
1508 2603 1563 2608 -
1593 2578 1774 2631 καρποῦ]

1133 2632 1394 2674 ἅπτεσθαι-
1411 2639 1568 2687 καρποῦ
1604 2650 1677 2673 non
1702 2640 1777 2673 tam

1131 2695 1302 2740 attingere
1341 2693 1489 2742 fructus
1534 2705 1615 2731 esse
1652 2697 1777 2730 monet

1131 2749 1334 2787 Larcherus
1353 2778 1364 2796 ‚
1404 2751 1470 2787 sed
1507 2753 1650 2798 gustare
1690 2749 1777 2798 fru-

1131 2809 1228 2851 ctus,
1247 2808 1357 2851 vesci,
1387 2806 1437 2842 uti
1456 2806 1551 2855 apud
1569 2804 1774 2853 Thucydid.

1128 2861 1184 2908 ΙΙ,
1207 2863 1271 2902 50.
1302 2862 1554 2911 lntelliguntur
1576 2866 1716 2905 autem,
1735 2863 1776 2894 ut
