1909 3228
142 369 152 384 t

250 400 348 445 144

77 463 265 491 Doriensium
294 465 341 491 He

77 498 211 532 xapolifl,
246 499 354 526 Penta-

87 532 153 559 ›nlis
173 530 270 565 sacta,
290 533 352 558 Ha·

89 566 239 592 icarnaeso
256 566 352 592 exclu-

76 607 121 625 κει.
155 596 298 633 'l'riopius
317 600 339 626 A

77 632 168 667 pollo.

405 216 488 256 334

798 211 1264 252 HERODOTI

407 327 562 369 δοῦναι
590 325 826 381 μηδαμοῖσι
857 319 1026 365 ἄλλοισι
1057 318 1232 365 Ἰώνων·
1292 318 1392 364 οὐδ’
1422 321 1661 379 ἐδεήθησαν

407 405 452 448 δὲ
489 402 676 460 οὐδαμοὶ
713 405 958 456 μετασχεῖν,
1005 399 1072 443 ὅτι
1110 399 1168 455 μή
1199 403 1458 454 Σμυρναῖοι.
1518 401 1660 444 Κατά-

410 499 490 537 περ
529 484 571 524 οἱ
618 482 664 523 ἐκ
703 483 777 534 τῆς
824 476 1119 529 Πενταπόλιος
1147 481 1232 521 νῦν
1275 477 1414 534 χώρης
1454 482 1662 534 Δωριέες,

409 561 622 616 πρότερον
651 558 697 600 δὲ
731 555 982 609 Ἑξαπόλιος
1009 561 1083 613 τῆς
1111 555 1243 613 αὐτῆς
1273 556 1431 613 ταύτης
1459 559 1664 614 καλεομέ-

407 658 505 698 νης,
564 636 865 695 φυλάσσονται
917 632 978 679 ὧν
1008 636 1235 692 μηδαμοὺς
1282 636 1537 688 ἐσδέξασθαι
1577 640 1666 680 τῶν

405 718 655 774 προσοίκων
684 716 894 771 Δωριέων
931 715 975 767 ἐς
1014 716 1064 760 τὸ
1108 715 1349 771 Τριοπικὸν
1389 713 1510 769 ἱρόν·
1558 712 1723 758 ἆλλιὲΞο

406 886 513 933 οὐδ’
542 887 770 942 ἐδεήθησαν
803 888 852 930 δὲ
883 886 1001 931 οὖδα-

350 949 417 1002 μοὶ
441 946 670 1000 μετασχεῖν]
703 944 752 986 δὲ
770 948 863 984 utin
884 949 1002 986 diver-

350 1009 399 1044 sis
421 1006 591 1043 orationis
612 1005 796 1055 partibus,
812 1004 861 1041 sic
881 1005 917 1041 in
938 1018 1001 1042 eo-

349 1065 431 1101 dem
453 1063 614 1100 membro
636 1061 692 1098 hic
716 1061 910 1111 repetitum
938 1062 1003 1098 ob-

348 1124 467 1157 servat
494 1119 681 1156 Werserus
712 1118 749 1154 in
780 1116 875 1154 Actt.
904 1117 1003 1169 phill.

348 1176 514 1214 Monacc,
535 1175 571 1222 Ι,
595 1177 616 1215 1
642 1187 728 1225 pag.
750 1175 816 1215 98.

525 1258 558 1297 c
570 1271 590 1295 a
601 1272 637 1309 p.
668 1257 834 1296 CXLIV.

408 1339 594 1394 Κατοῖπερ
627 1340 667 1381 οἵ
694 1340 736 1381 ἐκ
761 1345 832 1394 τῆς
853 1344 1003 1382 Πεντα-

349 1397 487 1447 πόλιος
508 1403 584 1439 νῦν
605 1396 736 1448 χώρης
757 1414 791 1437 κ.
804 1414 836 1438 τ.
850 1398 899 1449 λ..]
931 1399 1005 1436 Ca-

350 1471 393 1495 ve
423 1458 548 1494 eredas
576 1460 723 1504 praeter
749 1455 815 1491 has
845 1456 1004 1503 quinque

350 1528 379 1550 s,
398 1526 460 1550 sex
471 1511 697 1549 Doriensium
718 1510 890 1558 civitates,
909 1523 1005 1559 quae

348 1570 498 1608 foedere
525 1568 618 1604 inter
643 1580 682 1603 se
716 1566 858 1604 iunctae
888 1569 1004 1612 erant,

349 1626 464 1662 nullas
501 1623 587 1660 alias
614 1623 720 1659 urbes
758 1622 936 1659 insulasve
966 1622 1003 1658 in

348 1682 414 1718 illis
444 1679 655 1729 regionibus
690 1678 847 1716 Doricae
882 1679 1002 1728 stirpis

348 1739 471 1775 fuisse.
542 1735 667 1771 Plures
714 1740 944 1772 recensentur
980 1746 1003 1769 a

349 1794 393 1830 C.
414 1794 461 1830 Ο.
485 1791 639 1829 Miillero
660 1789 714 1837 (in
730 1790 820 1827 Dor.
842 1791 905 1840 lp.
919 1789 999 1829 105

348 1849 473 1898 seqq.)
493 1860 587 1897 quae
607 1845 660 1884 vel
682 1846 728 1882 ab
753 1846 820 1882 illis
840 1859 902 1882 sex
923 1857 1000 1881 ma·-

346 1906 482 1942 ioribus
504 1903 715 1954 pendebant
734 1902 790 1939 vel
809 1902 1000 1938 maximam

345 1966 488 2012 partem
508 1964 612 1997 erant
634 1957 773 1996 solutae
793 1959 839 1995 ab
860 1958 926 1994 illis
959 1970 1002 1995 ac

346 2018 502 2064 liberae,
532 2016 668 2066 quippe
685 2015 873 2052 discordiis
891 2018 1002 2063 atque

348 2073 615 2119 controversiis,
637 2076 676 2108 ut
694 2072 853 2118 videtur,
867 2070 1000 2108 abistis

350 2144 412 2168 sex
442 2129 641 2167 civitatibus
667 2128 863 2166 foederatis
884 2130 1002 2163 matu-

347 2200 388 2224 re
422 2187 493 2223 Iam
523 2185 706 2223 seiunctae
741 2187 778 2221 et
812 2183 999 2221 alienatae.

347 2243 480 2292 Neque
499 2242 628 2287 etiam,
650 2240 678 2277 si
688 2239 840 2277 Miillero
863 2239 1001 2285 credas,

348 2299 500 2336 multum
528 2298 575 2334 ad
593 2311 649 2335 res
678 2296 836 2347 publicas
854 2296 1000 2332 omnino

348 2355 459 2392 hocce
483 2355 611 2392 foedus
639 2353 757 2390 valuit.
796 2352 999 2402 Apollinem

349 2410 468 2449 Dores
497 2411 545 2447 illi
573 2411 680 2447 deum
706 2409 894 2446 tutelarem
924 2409 1001 2444 soe-

349 2468 426 2505 deri
447 2470 752 2517 praeposuerant3
775 2465 875 2514 quod
894 2475 1000 2501 nemo

350 2524 556 2570 mirabitur,
588 2522 649 2572 qui
667 2521 770 2558 huius
791 2521 848 2559 dei
869 2519 1001 2557 cultum

349 2579 505 2617 Doricae
540 2579 662 2629 stirpis
701 2578 871 2626 gentibus
900 2575 1002 2624 quasi

348 2638 534 2685 proprium
555 2648 635 2674 esse
656 2634 875 2683 cognoverit.
906 2632 1000 2668 Eum

351 2691 458 2727 etiam
479 2692 587 2729 deum
607 2691 712 2741 primi
732 2690 780 2727 illi
808 2691 844 2726 in
866 2687 1000 2725 Asiati-

352 2758 411 2782 cas
435 2746 592 2784 colonias
622 2761 743 2784 secum
769 2746 912 2783 duxisse
942 2743 1001 2790 (ut

350 2796 598 2852 οἶρχαγήτην)
628 2803 862 2850 eiusdemque
899 2812 1000 2837 sacra

352 2858 545 2895 instituisse
566 2859 752 2904 videntur,
782 2858 926 2894 minime
946 2859 998 2893 ta-

1068 904 1151 930 men
1168 892 1316 929 remotis
1336 890 1379 926 iis
1396 890 1612 937 numinibus,
1629 902 1724 939 quae

1069 953 1154 986 ante
1180 947 1409 985 Doriensium
1445 948 1640 984 adventum
1667 947 1721 983 his

1070 1005 1107 1041 in
1129 1004 1335 1052 regionibus
1354 1004 1447 1041 sorte
1467 1003 1563 1040 culta
1579 1003 1723 1048 suerint,

1072 1061 1138 1097 sed
1164 1061 1256 1097 adeo
1297 1059 1423 1096 iunctis
1460 1058 1643 1108 Apollini,
1675 1058 1724 1094 ita

1072 1122 1113 1154 ut
1132 1116 1313 1166 Triopicis
1345 1116 1412 1152 diis
1437 1115 1639 1152 communia
1665 1127 1722 1150 sa·
1753 1114 1758 1119 '

1072 1186 1132 1211 cra
1152 1174 1334 1217 sacerent3
1363 1172 1399 1208 in
1426 1172 1555 1221 quibus
1581 1174 1726 1222 praeter

1072 1229 1276 1280 Apollinem
1305 1241 1442 1264 summo
1483 1227 1562 1264 loco
1593 1227 1724 1264 cultum

1075 1287 1182 1323 etiam
1222 1285 1417 1334 Neptunus
1459 1283 1725 1334 Nymphaeque

1073 1343 1245 1380 feruntur.
1266 1341 1348 1378 Yid.
1361 1340 1501 1378 Miiller.
1513 1340 1535 1377 l.
1547 1340 1568 1377 l.
1583 1354 1618 1391 p.
1631 1342 1724 1382 262.

1071 1398 1153 1436 Nec
1171 1402 1291 1434 tamen
1312 1397 1456 1434 dubium
1477 1396 1618 1433 w'detur
1629 1396 1727 1433 Boe-

1072 1454 1178 1491 ckhio
1199 1454 1509 1502 (C01·p.lnscript.
1528 1452 1556 1499 l,
1572 1455 1589 1492 1
1604 1466 1638 1502 p.
1651 1451 1726 1499 45)

1073 1509 1161 1546 illud
1180 1521 1319 1545 sacrum
1340 1508 1551 1558 Triopicum
1570 1507 1724 1546 Cereale

1072 1565 1298 1616 potissimum
1320 1565 1450 1609 suisse3
1479 1565 1531 1601 ita
1553 1569 1592 1601 nt
1611 1565 1725 1602 Cere-

1071 1623 1118 1659 ris
1147 1633 1269 1668 sacra,
1300 1621 1346 1658 ‹le
1376 1621 1506 1670 quibus
1536 1620 1623 1657 nihil
1645 1620 1725 1658 No-

1071 1682 1146 1715 ster
1164 1677 1360 1715 memoriae
1376 1677 1564 1728 prodidit,
1584 1677 1640 1714 hic
1659 1676 1726 1714 ad-

1070 1734 1221 1771 iicienda
1241 1738 1373 1770 essent.

1127 1789 1166 1834 ἐς
1189 1785 1232 1827 τὸ
1259 1784 1473 1840 Τριοπικόν
1494 1782 1605 1838 ἱρόν]
1623 1787 1726 1826 Trio-

1062 1847 1162 1895 pz'um
1191 1845 1286 1882 urbis
1323 1845 1475 1882 Curicae
1501 1848 1557 1882 est
1594 1858 1727 1882 nomen

1068 1902 1253 1939 conditum
1305 1913 1327 1938 a
1371 1901 1513 1951 Triopa
1531 1929 1542 1948 ,
1598 1901 1726 1950 Erysi-

1069 1958 1232 1995 chthonis
1254 1962 1370 2007 patre.
1430 1957 1541 1995 Unde
1563 1957 1726 1996 eiusdem

1070 2014 1294 2063 cognominis
1336 2014 1643 2065 promontorium,
1688 2015 1726 2051 in

1069 2083 1141 2119 quo
1173 2069 1349 2120 templum
1380 2070 1476 2106 istud
1516 2068 1675 2120 Apollini
1704 2083 1727 2107 a

1069 2125 1227 2163 Doribus
1267 2127 1304 2162 in
1337 2125 1484 2162 Cariam
1512 2125 1725 2174 immigratis

1071 2183 1292 2230 foedereque
1331 2181 1460 2217 iunctis
1496 2186 1725 2230 exstructum,

1070 2243 1109 2275 nt
1137 2237 1314 2275 communi
1347 2237 1417 2274 deo
1443 2237 1595 2287 principi
1623 2251 1727 2275 sacra

1069 2295 1229 2332 facerent
1247 2294 1450 2342 festumque
1461 2299 1622 2341 agerent.
1641 2294 1724 2332 vid.

1070 2363 1163 2399 quae
1188 2350 1273 2386 citat
1309 2348 1440 2386 wasse
1478 2349 1526 2385 ad
1556 2349 1725 2399 Thucyd.

1069 2406 1177 2453 vill,
1207 2404 1273 2446 35.
1330 2405 1453 2443 Hodie
1473 2405 1602 2442 dicitur
1634 2406 1727 2456 Cape

1072 2461 1165 2499 Crio.
1206 2461 1337 2499 Utrum
1365 2475 1423 2498 res
1448 2462 1609 2511 publicas
1633 2475 1726 2511 quo-

1070 2531 1141 2567 que
1172 2517 1209 2554 in
1244 2517 1313 2554 hoc
1344 2519 1458 2564 sesto,
1496 2518 1557 2555 ubi
1599 2531 1723 2556 omnes

1069 2574 1188 2611 Dores
1229 2587 1292 2611 sex
1335 2574 1516 2610 civitatum
1546 2587 1724 2612 convene-

1070 2635 1172 2677 rant,
1212 2630 1379 2678 egerint,
1410 2630 1507 2666 haud
1541 2631 1723 2679 cognitum

1068 2687 1264 2731 hal›emns;
1304 2698 1524 2735 quamquam
1554 2687 1725 2725 credibile

1068 2743 1210 2779 videtur
1235 2742 1437 2788 nonnullis,
1467 2742 1502 2779 iu
1530 2744 1636 2781 rebus
1666 2755 1724 2780 sa-

1069 2799 1136 2835 cris
1167 2799 1387 2848 peragendis
1417 2799 1496 2835 illos
1532 2812 1572 2837 se
1609 2799 1724 2837 conti-

1068 2855 1199 2892 nuisse.
1260 2856 1397 2893 Confer
1434 2855 1488 2892 St.
1515 2855 1626 2892 Croix
1655 2856 1720 2892 des
