<?xml version="1.0" encoding="UTF-8"?>
<!DOCTYPE html PUBLIC "-//W3C//DTD XHTML 1.0 Transitional//EN"
    "http://www.w3.org/TR/xhtml1/DTD/xhtml1-transitional.dtd">
<html xmlns="http://www.w3.org/1999/xhtml" xml:lang="en" lang="en">
 <head>
  <title>
</title>
<meta http-equiv="Content-Type" content="text/html;charset=utf-8" />
  <meta name='ocr-system' content='tesseract 3.04.00' />
  <meta name='ocr-capabilities' content='ocr_page ocr_carea ocr_par ocr_line ocrx_word'/>
</head>
<body>
  <div class='ocr_page' id='page_1' title='image "./musaeherodoto01hero/musaeherodoto01hero_0600.png"; bbox 0 0 1909 3228; ppageno 0'>
   <div class='ocr_carea' id='block_1_1' title="bbox 445 206 530 247">
    <p class='ocr_par' dir='ltr' id='par_1_1' title="bbox 445 206 530 247">
     <span class='ocr_line' id='line_1_1' title="bbox 445 206 530 247; baseline 0 0"><span class='ocrx_word' id='word_1_1' title='bbox 445 206 530 247; x_wconf 78' lang='lat'>586</span> 
     </span>
    </p>
   </div>
   <div class='ocr_carea' id='block_1_2' title="bbox 856 200 1320 240">
    <p class='ocr_par' dir='ltr' id='par_1_2' title="bbox 856 200 1320 240">
     <span class='ocr_line' id='line_1_2' title="bbox 856 200 1320 240; baseline -0.004 0"><span class='ocrx_word' id='word_1_2' title='bbox 856 200 1320 240; x_wconf 81' lang='lat' dir='ltr'>HERODOTl</span> 
     </span>
    </p>
   </div>
   <div class='ocr_carea' id='block_1_3' title="bbox 447 304 1698 365">
    <p class='ocr_par' dir='ltr' id='par_1_3' title="bbox 447 304 1698 365">
     <span class='ocr_line' id='line_1_3' title="bbox 447 304 1698 365; baseline -0.007 -6"><span class='ocrx_word' id='word_1_3' title='bbox 447 313 557 359; x_wconf 82' lang='grc' dir='ltr'><strong><em>εἶναι</em></strong></span> <span class='ocrx_word' id='word_1_4' title='bbox 596 313 641 356; x_wconf 78' lang='grc' dir='ltr'>δὲ</span> <span class='ocrx_word' id='word_1_5' title='bbox 680 311 773 354; x_wconf 73' lang='grc' dir='ltr'><strong>ἔτεα</strong></span> <span class='ocrx_word' id='word_1_6' title='bbox 812 308 896 365; x_wconf 77' lang='grc' dir='ltr'>ἀφ’</span> <span class='ocrx_word' id='word_1_7' title='bbox 933 304 988 353; x_wconf 79' lang='grc' dir='ltr'>οὗ</span> <span class='ocrx_word' id='word_1_8' title='bbox 1029 307 1175 362; x_wconf 82' lang='grc' dir='ltr'><strong><em>Τύρον</em></strong></span> <span class='ocrx_word' id='word_1_9' title='bbox 1213 308 1423 359; x_wconf 81' lang='grc' dir='ltr'><strong><em>οἰκέουσι,</em></strong></span> <span class='ocrx_word' id='word_1_10' title='bbox 1473 306 1698 364; x_wconf 81' lang='grc' dir='ltr'><strong><em>τριηκόσια</em></strong></span> 
     </span>
    </p>
   </div>
   <div class='ocr_carea' id='block_1_4' title="bbox 418 385 1700 445">
    <p class='ocr_par' dir='ltr' id='par_1_4' title="bbox 418 385 1700 445">
     <span class='ocr_line' id='line_1_4' title="bbox 418 385 1700 445; baseline -0.007 -8"><span class='ocrx_word' id='word_1_11' title='bbox 418 395 526 437; x_wconf 67' lang='lat' dir='ltr'>sual</span> <span class='ocrx_word' id='word_1_12' title='bbox 555 392 750 445; x_wconf 81' lang='grc' dir='ltr'><strong>δισχίλια.</strong></span> <span class='ocrx_word' id='word_1_13' title='bbox 802 387 921 432; x_wconf 81' lang='grc' dir='ltr'><strong><em>εἶδον</em></strong></span> <span class='ocrx_word' id='word_1_14' title='bbox 959 388 1003 431; x_wconf 79' lang='grc' dir='ltr'>δὲ</span> <span class='ocrx_word' id='word_1_15' title='bbox 1040 388 1085 430; x_wconf 83' lang='grc' dir='ltr'>ἐν</span> <span class='ocrx_word' id='word_1_16' title='bbox 1114 390 1168 444; x_wconf 82' lang='grc' dir='ltr'>τῇ</span> <span class='ocrx_word' id='word_1_17' title='bbox 1205 385 1334 442; x_wconf 80' lang='grc' dir='ltr'><em>Τύρῳ</em></span> <span class='ocrx_word' id='word_1_18' title='bbox 1365 388 1436 429; x_wconf 86' lang='grc' dir='ltr'>καὶ</span> <span class='ocrx_word' id='word_1_19' title='bbox 1466 387 1569 430; x_wconf 77' lang='grc' dir='ltr'><em>ἄλλο</em></span> <span class='ocrx_word' id='word_1_20' title='bbox 1602 386 1700 439; x_wconf 71' lang='grc' dir='ltr'><strong><em>ἱρόν</em></strong></span> 
     </span>
    </p>
   </div>
   <div class='ocr_carea' id='block_1_5' title="bbox 418 462 1754 527">
    <p class='ocr_par' dir='ltr' id='par_1_5' title="bbox 418 462 1754 527">
     <span class='ocr_line' id='line_1_5' title="bbox 418 462 1754 527; baseline -0.007 -12"><span class='ocrx_word' id='word_1_21' title='bbox 418 470 696 527; x_wconf 83' lang='grc' dir='ltr'><em>4Ἡρακλέος,</em></span> <span class='ocrx_word' id='word_1_22' title='bbox 728 468 973 523; x_wconf 83' lang='grc' dir='ltr'><strong><em>ἐπωνυμίην</em></strong></span> <span class='ocrx_word' id='word_1_23' title='bbox 1004 467 1168 521; x_wconf 77' lang='grc' dir='ltr'><strong><em>ἔχοντες</em></strong></span> <span class='ocrx_word' id='word_1_24' title='bbox 1193 466 1359 508; x_wconf 87' lang='grc' dir='ltr'><strong><em>Θασίου</em></strong></span> <span class='ocrx_word' id='word_1_25' title='bbox 1391 462 1510 507; x_wconf 81' lang='grc' dir='ltr'><strong>εἶναι.</strong></span> <span class='ocrx_word' id='word_1_26' title='bbox 1543 465 1694 509; x_wconf 75' lang='grc' dir='ltr'><em>ἀπικό-</em></span> <span class='ocrx_word' id='word_1_27' title='bbox 1713 472 1754 505; x_wconf 81' lang='grc'>75</span> 
     </span>
    </p>
   </div>
   <div class='ocr_carea' id='block_1_6' title="bbox 447 538 1700 610">
    <p class='ocr_par' dir='ltr' id='par_1_6' title="bbox 447 538 1700 610">
     <span class='ocr_line' id='line_1_6' title="bbox 447 538 1700 610; baseline -0.006 -16"><span class='ocrx_word' id='word_1_28' title='bbox 447 568 533 610; x_wconf 87' lang='grc' dir='ltr'>μην</span> <span class='ocrx_word' id='word_1_29' title='bbox 563 550 608 594; x_wconf 84' lang='grc' dir='ltr'>δὲ</span> <span class='ocrx_word' id='word_1_30' title='bbox 636 548 708 592; x_wconf 83' lang='grc' dir='ltr'>καὶ</span> <span class='ocrx_word' id='word_1_31' title='bbox 738 548 779 598; x_wconf 81' lang='grc' dir='ltr'>ἐς</span> <span class='ocrx_word' id='word_1_32' title='bbox 813 545 986 598; x_wconf 78' lang='grc' dir='ltr'><strong><em>Θάσον,</em></strong></span> <span class='ocrx_word' id='word_1_33' title='bbox 1023 546 1070 589; x_wconf 83' lang='grc' dir='ltr'>ἐν</span> <span class='ocrx_word' id='word_1_34' title='bbox 1093 549 1146 602; x_wconf 82' lang='grc' dir='ltr'>τῇ</span> <span class='ocrx_word' id='word_1_35' title='bbox 1176 538 1305 599; x_wconf 79' lang='grc' dir='ltr'><strong><em>εὗρον</em></strong></span> <span class='ocrx_word' id='word_1_36' title='bbox 1334 542 1433 599; x_wconf 83' lang='grc' dir='ltr'><strong><em>ἱρὸν</em></strong></span> <span class='ocrx_word' id='word_1_37' title='bbox 1466 541 1700 599; x_wconf 42' lang='grc' dir='ltr'><strong>(Ἡρακλέος</strong></span> 
     </span>
    </p>
   </div>
   <div class='ocr_carea' id='block_1_7' title="bbox 395 683 666 692">
    <p class='ocr_par' dir='ltr' id='par_1_7' title="bbox 395 683 666 692">
     <span class='ocr_line' id='line_1_7' title="bbox 395 683 666 692; baseline 0 2536"><span class='ocrx_word' id='word_1_38' title='bbox 395 683 666 692; x_wconf 95' lang='lat' dir='ltr'> </span> 
     </span>
    </p>
   </div>
   <div class='ocr_carea' id='block_1_8' title="bbox 391 763 1052 2892">
    <p class='ocr_par' dir='ltr' id='par_1_8' title="bbox 391 763 1043 1271">
     <span class='ocr_line' id='line_1_8' title="bbox 391 763 1043 817; baseline -0.012 -8"><span class='ocrx_word' id='word_1_39' title='bbox 391 771 474 809; x_wconf 88' lang='lat' dir='ltr'>ideo</span> <span class='ocrx_word' id='word_1_40' title='bbox 484 768 695 808; x_wconf 81' lang='lat' dir='ltr'>mutaverim</span> <span class='ocrx_word' id='word_1_41' title='bbox 706 764 936 817; x_wconf 78' lang='grc' dir='ltr'><strong><em>ἱδρυθῆναι,</em></strong></span> <span class='ocrx_word' id='word_1_42' title='bbox 945 763 1043 814; x_wconf 91' lang='lat' dir='ltr'>quod</span> 
     </span>
     <span class='ocr_line' id='line_1_9' title="bbox 391 822 1042 875; baseline -0.012 -10"><span class='ocrx_word' id='word_1_43' title='bbox 391 827 580 866; x_wconf 87' lang='lat' dir='ltr'>Atticistae</span> <span class='ocrx_word' id='word_1_44' title='bbox 604 823 778 875; x_wconf 84' lang='lat' dir='ltr'>praeferri</span> <span class='ocrx_word' id='word_1_45' title='bbox 795 822 930 859; x_wconf 90' lang='lat' dir='ltr'>iubent.</span> <span class='ocrx_word' id='word_1_46' title='bbox 962 822 1042 868; x_wconf 83' lang='lat' dir='ltr'>Cs.‚</span> 
     </span>
     <span class='ocr_line' id='line_1_10' title="bbox 392 878 1041 946; baseline -0.014 -25"><span class='ocrx_word' id='word_1_47' title='bbox 392 897 438 921; x_wconf 86' lang='lat' dir='ltr'>ne</span> <span class='ocrx_word' id='word_1_48' title='bbox 456 883 572 946; x_wconf 86' lang='lat' dir='ltr'>plura,</span> <span class='ocrx_word' id='word_1_49' title='bbox 591 882 799 917; x_wconf 86' lang='lat' dir='ltr'><strong>Buttmann.</strong></span> <span class='ocrx_word' id='word_1_50' title='bbox 821 879 857 914; x_wconf 90' lang='lat' dir='ltr'>in</span> <span class='ocrx_word' id='word_1_51' title='bbox 879 878 1041 914; x_wconf 79' lang='lat' dir='ltr'>Grumm.</span> 
     </span>
     <span class='ocr_line' id='line_1_11' title="bbox 392 935 1040 987; baseline -0.015 -9"><span class='ocrx_word' id='word_1_52' title='bbox 392 941 476 978; x_wconf 83' lang='lat' dir='ltr'>mai.</span> <span class='ocrx_word' id='word_1_53' title='bbox 498 939 527 976; x_wconf 82' lang='lat' dir='ltr'>ll</span> <span class='ocrx_word' id='word_1_54' title='bbox 558 951 592 987; x_wconf 89' lang='lat' dir='ltr'>p.</span> <span class='ocrx_word' id='word_1_55' title='bbox 620 938 707 978; x_wconf 82' lang='lat'>152.</span> <span class='ocrx_word' id='word_1_56' title='bbox 738 956 792 962; x_wconf 85' lang='lat'>——-</span> <span class='ocrx_word' id='word_1_57' title='bbox 822 935 862 971; x_wconf 90' lang='lat' dir='ltr'>ln</span> <span class='ocrx_word' id='word_1_58' title='bbox 892 947 946 982; x_wconf 86' lang='lat' dir='ltr'>sq.</span> <span class='ocrx_word' id='word_1_59' title='bbox 973 946 1040 983; x_wconf 90' lang='lat' dir='ltr'>pro</span> 
     </span>
     <span class='ocr_line' id='line_1_12' title="bbox 393 990 1041 1045; baseline -0.015 -9"><span class='ocrx_word' id='word_1_60' title='bbox 393 990 472 1045; x_wconf 60' lang='grc' dir='ltr'><strong>(αἶψ’</strong></span> <span class='ocrx_word' id='word_1_61' title='bbox 514 996 560 1033; x_wconf 83' lang='grc' dir='ltr'>οὐ</span> <span class='ocrx_word' id='word_1_62' title='bbox 597 993 778 1030; x_wconf 84' lang='lat' dir='ltr'>Schaefer.</span> <span class='ocrx_word' id='word_1_63' title='bbox 796 1020 807 1038; x_wconf 90' lang='lat'>,</span> <span class='ocrx_word' id='word_1_64' title='bbox 863 990 1041 1045; x_wconf 83' lang='lat' dir='ltr'>probante</span> 
     </span>
     <span class='ocr_line' id='line_1_13' title="bbox 392 1041 1041 1099; baseline -0.012 -9"><span class='ocrx_word' id='word_1_65' title='bbox 392 1051 563 1090; x_wconf 86' lang='lat' dir='ltr'>Struvel.</span> <span class='ocrx_word' id='word_1_66' title='bbox 585 1049 608 1087; x_wconf 91' lang='lat' dir='ltr'>l.</span> <span class='ocrx_word' id='word_1_67' title='bbox 634 1063 670 1099; x_wconf 90' lang='lat' dir='ltr'>p.</span> <span class='ocrx_word' id='word_1_68' title='bbox 691 1050 766 1095; x_wconf 81' lang='lat'>32,</span> <span class='ocrx_word' id='word_1_69' title='bbox 797 1041 867 1085; x_wconf 73' lang='grc' dir='ltr'>ἄπ’</span> <span class='ocrx_word' id='word_1_70' title='bbox 890 1047 950 1084; x_wconf 87' lang='grc' dir='ltr'><strong>οὐ.</strong></span> <span class='ocrx_word' id='word_1_71' title='bbox 983 1046 1041 1082; x_wconf 88' lang='lat' dir='ltr'>Cf.</span> 
     </span>
     <span class='ocr_line' id='line_1_14' title="bbox 392 1101 1043 1154; baseline -0.014 -8"><span class='ocrx_word' id='word_1_72' title='bbox 392 1108 512 1146; x_wconf 90' lang='lat' dir='ltr'>Koen.</span> <span class='ocrx_word' id='word_1_73' title='bbox 541 1107 589 1144; x_wconf 89' lang='lat' dir='ltr'>ad</span> <span class='ocrx_word' id='word_1_74' title='bbox 618 1105 772 1154; x_wconf 85' lang='lat' dir='ltr'>Gregor.</span> <span class='ocrx_word' id='word_1_75' title='bbox 796 1101 959 1139; x_wconf 88' lang='lat' dir='ltr'>Corinth.</span> <span class='ocrx_word' id='word_1_76' title='bbox 996 1102 1043 1138; x_wconf 89' lang='lat' dir='ltr'>de</span> 
     </span>
     <span class='ocr_line' id='line_1_15' title="bbox 393 1160 728 1213; baseline -0.009 -12"><span class='ocrx_word' id='word_1_77' title='bbox 393 1164 478 1202; x_wconf 86' lang='lat' dir='ltr'>dial.</span> <span class='ocrx_word' id='word_1_78' title='bbox 497 1163 574 1200; x_wconf 90' lang='lat' dir='ltr'>lon.</span> <span class='ocrx_word' id='word_1_79' title='bbox 603 1160 641 1213; x_wconf 64' lang='grc' dir='ltr'>ἓ.</span> <span class='ocrx_word' id='word_1_80' title='bbox 663 1164 728 1203; x_wconf 86' lang='grc'>18.</span> 
     </span>
     <span class='ocr_line' id='line_1_16' title="bbox 394 1213 552 1271; baseline -0.014 -11"><span class='ocrx_word' id='word_1_81' title='bbox 394 1215 467 1271; x_wconf 67' lang='grc' dir='ltr'>ἐφ’</span> <span class='ocrx_word' id='word_1_82' title='bbox 491 1213 552 1259; x_wconf 74' lang='grc' dir='ltr'><strong>οὗ.</strong></span> 
     </span>
    </p>

    <p class='ocr_par' dir='ltr' id='par_1_9' title="bbox 392 1264 1052 2892">
     <span class='ocr_line' id='line_1_17' title="bbox 449 1264 1046 1321; baseline -0.012 -6"><span class='ocrx_word' id='word_1_83' title='bbox 449 1272 552 1315; x_wconf 81' lang='grc' dir='ltr'><strong><em>εἶναι</em></strong></span> <span class='ocrx_word' id='word_1_84' title='bbox 579 1271 622 1314; x_wconf 81' lang='grc' dir='ltr'>δὲ</span> <span class='ocrx_word' id='word_1_85' title='bbox 659 1272 743 1312; x_wconf 83' lang='grc' dir='ltr'><em>ε’τεα</em></span> <span class='ocrx_word' id='word_1_86' title='bbox 762 1292 817 1301; x_wconf 92' lang='lat'>—</span> <span class='ocrx_word' id='word_1_87' title='bbox 835 1264 1046 1321; x_wconf 79' lang='grc' dir='ltr'><em>τριηκόσια</em></span> 
     </span>
     <span class='ocr_line' id='line_1_18' title="bbox 392 1326 1046 1382; baseline -0.018 -9"><span class='ocrx_word' id='word_1_88' title='bbox 392 1332 460 1372; x_wconf 78' lang='grc' dir='ltr'>καὶ</span> <span class='ocrx_word' id='word_1_89' title='bbox 486 1332 672 1382; x_wconf 82' lang='grc' dir='ltr'><strong>δισχίλια]</strong></span> <span class='ocrx_word' id='word_1_90' title='bbox 701 1329 788 1368; x_wconf 85' lang='lat' dir='ltr'><strong>Fuit</strong></span> <span class='ocrx_word' id='word_1_91' title='bbox 816 1328 941 1376; x_wconf 87' lang='lat' dir='ltr'>utique</span> <span class='ocrx_word' id='word_1_92' title='bbox 966 1326 1001 1363; x_wconf 87' lang='grc' dir='ltr'>Τ</span> <span class='ocrx_word' id='word_1_93' title='bbox 1003 1341 1046 1376; x_wconf 79' lang='lat' dir='ltr'>y-</span> 
     </span>
     <span class='ocr_line' id='line_1_19' title="bbox 393 1382 1045 1439; baseline -0.012 -12"><span class='ocrx_word' id='word_1_94' title='bbox 393 1403 454 1427; x_wconf 92' lang='lat' dir='ltr'>rus</span> <span class='ocrx_word' id='word_1_95' title='bbox 483 1393 568 1439; x_wconf 86' lang='lat' dir='ltr'>post</span> <span class='ocrx_word' id='word_1_96' title='bbox 603 1388 779 1424; x_wconf 86' lang='lat' dir='ltr'>Sidonem</span> <span class='ocrx_word' id='word_1_97' title='bbox 816 1388 852 1422; x_wconf 90' lang='lat' dir='ltr'>et</span> <span class='ocrx_word' id='word_1_98' title='bbox 890 1382 1045 1420; x_wconf 86' lang='lat' dir='ltr'>maxima</span> 
     </span>
     <span class='ocr_line' id='line_1_20' title="bbox 394 1439 1042 1493; baseline -0.015 -10"><span class='ocrx_word' id='word_1_99' title='bbox 394 1451 431 1483; x_wconf 88' lang='lat' dir='ltr'>et</span> <span class='ocrx_word' id='word_1_100' title='bbox 450 1444 695 1493; x_wconf 88' lang='lat' dir='ltr'>antiquissima</span> <span class='ocrx_word' id='word_1_101' title='bbox 705 1441 924 1478; x_wconf 85' lang='lat' dir='ltr'>Phoenicum</span> <span class='ocrx_word' id='word_1_102' title='bbox 943 1439 1042 1484; x_wconf 86' lang='lat' dir='ltr'>urbs,</span> 
     </span>
     <span class='ocr_line' id='line_1_21' title="bbox 393 1497 1045 1545; baseline -0.012 -7"><span class='ocrx_word' id='word_1_103' title='bbox 393 1505 488 1539; x_wconf 90' lang='lat' dir='ltr'>teste</span> <span class='ocrx_word' id='word_1_104' title='bbox 511 1501 691 1536; x_wconf 79' lang='lat' dir='ltr'>Strabone</span> <span class='ocrx_word' id='word_1_105' title='bbox 709 1497 795 1534; x_wconf 90' lang='lat' dir='ltr'>XVI</span> <span class='ocrx_word' id='word_1_106' title='bbox 824 1510 859 1545; x_wconf 89' lang='lat' dir='ltr'>p.</span> <span class='ocrx_word' id='word_1_107' title='bbox 881 1497 986 1535; x_wconf 92' lang='grc'>1097</span> <span class='ocrx_word' id='word_1_108' title='bbox 1008 1498 1045 1531; x_wconf 88' lang='lat' dir='ltr'>et</span> 
     </span>
     <span class='ocr_line' id='line_1_22' title="bbox 393 1551 1044 1601; baseline -0.014 -7"><span class='ocrx_word' id='word_1_109' title='bbox 393 1557 498 1594; x_wconf 87' lang='lat' dir='ltr'>Iesai.</span> <span class='ocrx_word' id='word_1_110' title='bbox 527 1555 671 1601; x_wconf 80' lang='lat' dir='ltr'>xxm,</span> <span class='ocrx_word' id='word_1_111' title='bbox 707 1557 755 1598; x_wconf 82' lang='lat'>73</span> <span class='ocrx_word' id='word_1_112' title='bbox 795 1551 895 1600; x_wconf 85' lang='lat' dir='ltr'>quod</span> <span class='ocrx_word' id='word_1_113' title='bbox 923 1555 1044 1587; x_wconf 86' lang='lat' dir='ltr'>tamen</span> 
     </span>
     <span class='ocr_line' id='line_1_23' title="bbox 394 1609 1043 1661; baseline -0.011 -12"><span class='ocrx_word' id='word_1_114' title='bbox 394 1626 470 1650; x_wconf 89' lang='lat' dir='ltr'>non</span> <span class='ocrx_word' id='word_1_115' title='bbox 503 1612 676 1661; x_wconf 89' lang='lat' dir='ltr'>impedit,</span> <span class='ocrx_word' id='word_1_116' title='bbox 714 1621 786 1658; x_wconf 89' lang='lat' dir='ltr'>quo</span> <span class='ocrx_word' id='word_1_117' title='bbox 818 1609 934 1644; x_wconf 87' lang='lat' dir='ltr'>minus</span> <span class='ocrx_word' id='word_1_118' title='bbox 964 1619 1043 1643; x_wconf 91' lang='lat' dir='ltr'>cum</span> 
     </span>
     <span class='ocr_line' id='line_1_24' title="bbox 395 1663 1044 1715; baseline -0.014 -9"><span class='ocrx_word' id='word_1_119' title='bbox 395 1667 642 1715; x_wconf 89' lang='lat' dir='ltr'>Wesselingio</span> <span class='ocrx_word' id='word_1_120' title='bbox 667 1678 745 1703; x_wconf 84' lang='lat' dir='ltr'>eam</span> <span class='ocrx_word' id='word_1_121' title='bbox 766 1664 823 1701; x_wconf 90' lang='lat' dir='ltr'>hic</span> <span class='ocrx_word' id='word_1_122' title='bbox 845 1663 950 1700; x_wconf 89' lang='lat' dir='ltr'>nimis</span> <span class='ocrx_word' id='word_1_123' title='bbox 970 1663 1044 1712; x_wconf 91' lang='lat' dir='ltr'>pri-</span> 
     </span>
     <span class='ocr_line' id='line_1_25' title="bbox 395 1717 1046 1773; baseline -0.014 -11"><span class='ocrx_word' id='word_1_124' title='bbox 395 1737 493 1762; x_wconf 84' lang='lat' dir='ltr'><strong>scam</strong></span> <span class='ocrx_word' id='word_1_125' title='bbox 524 1723 703 1773; x_wconf 83' lang='lat' dir='ltr'>perhiberi</span> <span class='ocrx_word' id='word_1_126' title='bbox 735 1732 957 1757; x_wconf 82' lang='lat' dir='ltr'>censeamus.</span> <span class='ocrx_word' id='word_1_127' title='bbox 1014 1717 1046 1754; x_wconf 92' lang='lat' dir='ltr'>A</span> 
     </span>
     <span class='ocr_line' id='line_1_26' title="bbox 396 1775 1047 1825; baseline -0.015 -7"><span class='ocrx_word' id='word_1_128' title='bbox 396 1780 662 1825; x_wconf 84' lang='lat' dir='ltr'>sacerdotibus‚</span> <span class='ocrx_word' id='word_1_129' title='bbox 701 1775 922 1824; x_wconf 78' lang='lat' dir='ltr'>antiquitatis</span> <span class='ocrx_word' id='word_1_130' title='bbox 959 1785 1047 1809; x_wconf 91' lang='lat' dir='ltr'>suae</span> 
     </span>
     <span class='ocr_line' id='line_1_27' title="bbox 394 1829 1047 1881; baseline -0.015 -8"><span class='ocrx_word' id='word_1_131' title='bbox 394 1835 646 1881; x_wconf 86' lang='lat' dir='ltr'>iactatoribus,</span> <span class='ocrx_word' id='word_1_132' title='bbox 693 1832 830 1869; x_wconf 80' lang='lat' dir='ltr'>Nostro</span> <span class='ocrx_word' id='word_1_133' title='bbox 868 1834 908 1866; x_wconf 87' lang='lat' dir='ltr'>ut</span> <span class='ocrx_word' id='word_1_134' title='bbox 936 1829 1047 1865; x_wconf 83' lang='lat' dir='ltr'>verba</span> 
     </span>
     <span class='ocr_line' id='line_1_28' title="bbox 395 1885 1047 1937; baseline -0.011 -8"><span class='ocrx_word' id='word_1_135' title='bbox 395 1894 483 1930; x_wconf 87' lang='lat' dir='ltr'>data</span> <span class='ocrx_word' id='word_1_136' title='bbox 500 1891 643 1937; x_wconf 88' lang='lat' dir='ltr'>fuerint,</span> <span class='ocrx_word' id='word_1_137' title='bbox 662 1889 738 1926; x_wconf 87' lang='lat' dir='ltr'>fieri</span> <span class='ocrx_word' id='word_1_138' title='bbox 752 1887 874 1936; x_wconf 86' lang='lat' dir='ltr'>utique</span> <span class='ocrx_word' id='word_1_139' title='bbox 885 1885 1047 1936; x_wconf 89' lang='lat' dir='ltr'>potuisse</span> 
     </span>
     <span class='ocr_line' id='line_1_29' title="bbox 395 1941 1047 1992; baseline -0.014 -7"><span class='ocrx_word' id='word_1_140' title='bbox 395 1949 491 1986; x_wconf 87' lang='lat' dir='ltr'>idem</span> <span class='ocrx_word' id='word_1_141' title='bbox 512 1947 570 1984; x_wconf 83' lang='lat' dir='ltr'>ille</span> <span class='ocrx_word' id='word_1_142' title='bbox 589 1945 724 1992; x_wconf 82' lang='lat' dir='ltr'>scribit,</span> <span class='ocrx_word' id='word_1_143' title='bbox 753 1944 885 1981; x_wconf 88' lang='lat' dir='ltr'>reiecta</span> <span class='ocrx_word' id='word_1_144' title='bbox 907 1941 1047 1990; x_wconf 85' lang='lat' dir='ltr'>Vigno-</span> 
     </span>
     <span class='ocr_line' id='line_1_30' title="bbox 395 1993 1046 2051; baseline -0.011 -9"><span class='ocrx_word' id='word_1_145' title='bbox 395 2004 432 2042; x_wconf 90' lang='lat' dir='ltr'>lii</span> <span class='ocrx_word' id='word_1_146' title='bbox 450 2003 666 2048; x_wconf 83' lang='lat' dir='ltr'>coniectura,</span> <span class='ocrx_word' id='word_1_147' title='bbox 686 2013 757 2050; x_wconf 87' lang='lat' dir='ltr'>qua</span> <span class='ocrx_word' id='word_1_148' title='bbox 767 1993 968 2051; x_wconf 80' lang='grc' dir='ltr'><em>τριηκόσια</em></span> <span class='ocrx_word' id='word_1_149' title='bbox 979 1995 1046 2035; x_wconf 83' lang='grc' dir='ltr'>καὶ</span> 
     </span>
     <span class='ocr_line' id='line_1_31' title="bbox 395 2055 1046 2112; baseline -0.017 -12"><span class='ocrx_word' id='word_1_150' title='bbox 395 2061 499 2112; x_wconf 78' lang='grc' dir='ltr'><strong><em>χίλια</em></strong></span> <span class='ocrx_word' id='word_1_151' title='bbox 526 2060 563 2096; x_wconf 92' lang='lat' dir='ltr'>in</span> <span class='ocrx_word' id='word_1_152' title='bbox 591 2058 780 2095; x_wconf 86' lang='lat' dir='ltr'>Herodoto</span> <span class='ocrx_word' id='word_1_153' title='bbox 812 2057 857 2092; x_wconf 94' lang='lat' dir='ltr'>sit</span> <span class='ocrx_word' id='word_1_154' title='bbox 887 2055 1046 2091; x_wconf 89' lang='lat' dir='ltr'>scriben-</span> 
     </span>
     <span class='ocr_line' id='line_1_32' title="bbox 396 2110 1046 2164; baseline -0.015 -9"><span class='ocrx_word' id='word_1_155' title='bbox 396 2119 504 2164; x_wconf 87' lang='lat' dir='ltr'>dum,</span> <span class='ocrx_word' id='word_1_156' title='bbox 533 2128 612 2153; x_wconf 92' lang='lat' dir='ltr'>cum</span> <span class='ocrx_word' id='word_1_157' title='bbox 637 2113 692 2151; x_wconf 90' lang='lat' dir='ltr'>vel</span> <span class='ocrx_word' id='word_1_158' title='bbox 710 2113 777 2150; x_wconf 83' lang='lat' dir='ltr'>hac</span> <span class='ocrx_word' id='word_1_159' title='bbox 795 2112 934 2149; x_wconf 86' lang='lat' dir='ltr'>ratione</span> <span class='ocrx_word' id='word_1_160' title='bbox 955 2109 1046 2159; x_wconf 82' lang='lat' dir='ltr'>syri</span> 
     </span>
     <span class='ocr_line' id='line_1_33' title="bbox 396 2167 1046 2218; baseline -0.014 -8"><span class='ocrx_word' id='word_1_161' title='bbox 396 2174 499 2210; x_wconf 86' lang='lat' dir='ltr'>initia</span> <span class='ocrx_word' id='word_1_162' title='bbox 519 2173 610 2208; x_wconf 92' lang='lat' dir='ltr'>iusto</span> <span class='ocrx_word' id='word_1_163' title='bbox 629 2169 833 2218; x_wconf 81' lang='lat' dir='ltr'>antiquiora</span> <span class='ocrx_word' id='word_1_164' title='bbox 849 2167 1046 2205; x_wconf 88' lang='lat' dir='ltr'>constitue-</span> 
     </span>
     <span class='ocr_line' id='line_1_34' title="bbox 396 2222 1049 2271; baseline -0.017 -4"><span class='ocrx_word' id='word_1_165' title='bbox 396 2234 530 2267; x_wconf 90' lang='lat' dir='ltr'>rentur.</span> <span class='ocrx_word' id='word_1_166' title='bbox 559 2227 690 2265; x_wconf 91' lang='lat' dir='ltr'>Denuo</span> <span class='ocrx_word' id='word_1_167' title='bbox 707 2226 800 2262; x_wconf 89' lang='lat' dir='ltr'>hanc</span> <span class='ocrx_word' id='word_1_168' title='bbox 817 2237 892 2261; x_wconf 88' lang='lat' dir='ltr'>rem</span> <span class='ocrx_word' id='word_1_169' title='bbox 911 2222 1049 2271; x_wconf 89' lang='lat' dir='ltr'>disqui-</span> 
     </span>
     <span class='ocr_line' id='line_1_35' title="bbox 397 2279 1046 2327; baseline -0.014 -4"><span class='ocrx_word' id='word_1_170' title='bbox 397 2286 479 2323; x_wconf 88' lang='lat' dir='ltr'>sivit</span> <span class='ocrx_word' id='word_1_171' title='bbox 507 2283 709 2322; x_wconf 90' lang='lat' dir='ltr'>Larcherus</span> <span class='ocrx_word' id='word_1_172' title='bbox 746 2282 784 2318; x_wconf 89' lang='lat' dir='ltr'>in</span> <span class='ocrx_word' id='word_1_173' title='bbox 824 2279 1046 2327; x_wconf 82' lang='lat' dir='ltr'>Chronolug.</span> 
     </span>
     <span class='ocr_line' id='line_1_36' title="bbox 396 2337 1047 2388; baseline -0.015 -9"><span class='ocrx_word' id='word_1_174' title='bbox 396 2342 577 2379; x_wconf 89' lang='lat' dir='ltr'>Herodot.</span> <span class='ocrx_word' id='word_1_175' title='bbox 607 2352 684 2388; x_wconf 89' lang='lat' dir='ltr'>cap.</span> <span class='ocrx_word' id='word_1_176' title='bbox 713 2337 748 2374; x_wconf 89' lang='grc' dir='ltr'>Π</span> <span class='ocrx_word' id='word_1_177' title='bbox 774 2351 810 2387; x_wconf 89' lang='lat' dir='ltr'>p.</span> <span class='ocrx_word' id='word_1_178' title='bbox 843 2338 921 2377; x_wconf 78' lang='lat'>129</span> <span class='ocrx_word' id='word_1_179' title='bbox 945 2348 1047 2384; x_wconf 86' lang='lat' dir='ltr'>seqq.</span> 
     </span>
     <span class='ocr_line' id='line_1_37' title="bbox 398 2392 1048 2442; baseline -0.012 -7"><span class='ocrx_word' id='word_1_180' title='bbox 398 2399 492 2435; x_wconf 88' lang='lat' dir='ltr'>Cum</span> <span class='ocrx_word' id='word_1_181' title='bbox 513 2397 606 2434; x_wconf 83' lang='lat' dir='ltr'>enim</span> <span class='ocrx_word' id='word_1_182' title='bbox 619 2424 631 2441; x_wconf 91' lang='lat'>,</span> <span class='ocrx_word' id='word_1_183' title='bbox 660 2394 887 2431; x_wconf 88' lang='lat' dir='ltr'>Herodotum</span> <span class='ocrx_word' id='word_1_184' title='bbox 907 2392 963 2430; x_wconf 86' lang='lat' dir='ltr'>vel</span> <span class='ocrx_word' id='word_1_185' title='bbox 982 2405 1048 2442; x_wconf 90' lang='lat' dir='ltr'>po-</span> 
     </span>
     <span class='ocr_line' id='line_1_38' title="bbox 398 2450 1048 2503; baseline -0.012 -13"><span class='ocrx_word' id='word_1_186' title='bbox 398 2454 468 2490; x_wconf 88' lang='lat' dir='ltr'>tius</span> <span class='ocrx_word' id='word_1_187' title='bbox 493 2454 591 2503; x_wconf 87' lang='lat' dir='ltr'>ipsos</span> <span class='ocrx_word' id='word_1_188' title='bbox 621 2451 755 2500; x_wconf 82' lang='lat' dir='ltr'>Tyrios</span> <span class='ocrx_word' id='word_1_189' title='bbox 786 2450 816 2487; x_wconf 84' lang='lat' dir='ltr'>si</span> <span class='ocrx_word' id='word_1_190' title='bbox 844 2459 1048 2498; x_wconf 84' lang='lat' dir='ltr'>sequamur,</span> 
     </span>
     <span class='ocr_line' id='line_1_39' title="bbox 399 2505 1047 2546; baseline -0.012 1"><span class='ocrx_word' id='word_1_191' title='bbox 399 2511 483 2546; x_wconf 86' lang='lat' dir='ltr'>urbs</span> <span class='ocrx_word' id='word_1_192' title='bbox 513 2508 620 2546; x_wconf 88' lang='lat' dir='ltr'>suerit</span> <span class='ocrx_word' id='word_1_193' title='bbox 648 2507 793 2544; x_wconf 87' lang='lat' dir='ltr'>condita</span> <span class='ocrx_word' id='word_1_194' title='bbox 825 2518 909 2542; x_wconf 88' lang='lat' dir='ltr'>ann.</span> <span class='ocrx_word' id='word_1_195' title='bbox 938 2505 1047 2545; x_wconf 83' lang='lat'>2760</span> 
     </span>
     <span class='ocr_line' id='line_1_40' title="bbox 400 2560 1049 2612; baseline -0.011 -10"><span class='ocrx_word' id='word_1_196' title='bbox 400 2578 433 2602; x_wconf 84' lang='lat' dir='ltr'>a.</span> <span class='ocrx_word' id='word_1_197' title='bbox 454 2566 560 2611; x_wconf 90' lang='lat' dir='ltr'>Chr.‚</span> <span class='ocrx_word' id='word_1_198' title='bbox 593 2564 630 2600; x_wconf 87' lang='lat' dir='ltr'>id</span> <span class='ocrx_word' id='word_1_199' title='bbox 654 2563 753 2612; x_wconf 89' lang='lat' dir='ltr'>quod</span> <span class='ocrx_word' id='word_1_200' title='bbox 774 2562 877 2598; x_wconf 91' lang='lat' dir='ltr'>nimis</span> <span class='ocrx_word' id='word_1_201' title='bbox 903 2560 1049 2604; x_wconf 82' lang='lat' dir='ltr'>recedit,</span> 
     </span>
     <span class='ocr_line' id='line_1_41' title="bbox 401 2617 1050 2669; baseline -0.006 -11"><span class='ocrx_word' id='word_1_202' title='bbox 401 2620 599 2658; x_wconf 84' lang='lat' dir='ltr'>Larcherus</span> <span class='ocrx_word' id='word_1_203' title='bbox 625 2619 728 2669; x_wconf 92' lang='lat' dir='ltr'>ponit</span> <span class='ocrx_word' id='word_1_204' title='bbox 756 2619 793 2654; x_wconf 94' lang='lat' dir='ltr'>in</span> <span class='ocrx_word' id='word_1_205' title='bbox 819 2631 913 2654; x_wconf 88' lang='lat' dir='ltr'>anno</span> <span class='ocrx_word' id='word_1_206' title='bbox 945 2617 1050 2657; x_wconf 85' lang='lat'>1590</span> 
     </span>
     <span class='ocr_line' id='line_1_42' title="bbox 403 2672 1052 2725; baseline -0.006 -13"><span class='ocrx_word' id='word_1_207' title='bbox 403 2688 435 2712; x_wconf 82' lang='lat' dir='ltr'>a.</span> <span class='ocrx_word' id='word_1_208' title='bbox 455 2677 539 2712; x_wconf 86' lang='lat' dir='ltr'>Chr.</span> <span class='ocrx_word' id='word_1_209' title='bbox 559 2676 650 2725; x_wconf 88' lang='lat' dir='ltr'>Tyri</span> <span class='ocrx_word' id='word_1_210' title='bbox 668 2675 837 2723; x_wconf 83' lang='lat' dir='ltr'>origines.</span> <span class='ocrx_word' id='word_1_211' title='bbox 895 2672 977 2710; x_wconf 86' lang='lat' dir='ltr'>Nec</span> <span class='ocrx_word' id='word_1_212' title='bbox 995 2676 1052 2708; x_wconf 83' lang='lat' dir='ltr'>ta-</span> 
     </span>
     <span class='ocr_line' id='line_1_43' title="bbox 404 2729 1050 2780; baseline -0.006 -13"><span class='ocrx_word' id='word_1_213' title='bbox 404 2744 485 2768; x_wconf 87' lang='lat' dir='ltr'>men</span> <span class='ocrx_word' id='word_1_214' title='bbox 517 2733 608 2780; x_wconf 85' lang='lat' dir='ltr'>patri</span> <span class='ocrx_word' id='word_1_215' title='bbox 638 2732 808 2768; x_wconf 85' lang='lat' dir='ltr'>historiae</span> <span class='ocrx_word' id='word_1_216' title='bbox 829 2729 962 2779; x_wconf 84' lang='lat' dir='ltr'>Tyrios</span> <span class='ocrx_word' id='word_1_217' title='bbox 984 2729 1050 2764; x_wconf 89' lang='lat' dir='ltr'>im-</span> 
     </span>
     <span class='ocr_line' id='line_1_44' title="bbox 404 2783 1051 2836; baseline -0.002 -14"><span class='ocrx_word' id='word_1_218' title='bbox 404 2787 568 2836; x_wconf 66' lang='lat' dir='ltr'>posuisse</span> <span class='ocrx_word' id='word_1_219' title='bbox 587 2787 674 2833; x_wconf 73' lang='lat' dir='ltr'>vult,</span> <span class='ocrx_word' id='word_1_220' title='bbox 701 2789 765 2824; x_wconf 77' lang='lat' dir='ltr'>sed</span> <span class='ocrx_word' id='word_1_221' title='bbox 781 2787 847 2823; x_wconf 87' lang='lat' dir='ltr'>sibi</span> <span class='ocrx_word' id='word_1_222' title='bbox 861 2788 960 2835; x_wconf 89' lang='lat' dir='ltr'>ipsos</span> <span class='ocrx_word' id='word_1_223' title='bbox 973 2783 1051 2832; x_wconf 81' lang='lat' dir='ltr'>&#39;sy-</span> 
     </span>
     <span class='ocr_line' id='line_1_45' title="bbox 405 2843 1052 2892; baseline -0.002 -14"><span class='ocrx_word' id='word_1_224' title='bbox 405 2843 477 2879; x_wconf 85' lang='lat' dir='ltr'>rios</span> <span class='ocrx_word' id='word_1_225' title='bbox 505 2843 738 2892; x_wconf 75' lang='lat' dir='ltr'>imposuisse,</span> <span class='ocrx_word' id='word_1_226' title='bbox 768 2856 849 2879; x_wconf 90' lang='lat' dir='ltr'>cum</span> <span class='ocrx_word' id='word_1_227' title='bbox 879 2855 965 2878; x_wconf 81' lang='lat' dir='ltr'>suae</span> <span class='ocrx_word' id='word_1_228' title='bbox 993 2853 1052 2877; x_wconf 87' lang='lat' dir='ltr'>ur-</span> 
     </span>
    </p>
   </div>
   <div class='ocr_carea' id='block_1_9' title="bbox 768 1159 1043 1197">
    <p class='ocr_par' dir='ltr' id='par_1_10' title="bbox 768 1159 1043 1197">
     <span class='ocr_line' id='line_1_46' title="bbox 768 1159 1043 1197; baseline -0.011 0"><span class='ocrx_word' id='word_1_229' title='bbox 768 1159 870 1197; x_wconf 90' lang='lat' dir='ltr'>Libri</span> <span class='ocrx_word' id='word_1_230' title='bbox 898 1171 1022 1196; x_wconf 89' lang='lat' dir='ltr'>omnes</span> <span class='ocrx_word' id='word_1_231' title='bbox 1034 1171 1043 1194; x_wconf 79' lang='lat' dir='ltr'><em>z</em></span> 
     </span>
    </p>
   </div>
   <div class='ocr_carea' id='block_1_10' title="bbox 1109 762 1768 2886">
    <p class='ocr_par' dir='ltr' id='par_1_11' title="bbox 1109 762 1766 2092">
     <span class='ocr_line' id='line_1_47' title="bbox 1109 762 1759 813; baseline -0.003 -13"><span class='ocrx_word' id='word_1_232' title='bbox 1109 762 1166 800; x_wconf 88' lang='lat' dir='ltr'>bis</span> <span class='ocrx_word' id='word_1_233' title='bbox 1195 762 1352 813; x_wconf 82' lang='lat' dir='ltr'>origines</span> <span class='ocrx_word' id='word_1_234' title='bbox 1383 763 1645 800; x_wconf 76' lang='lat' dir='ltr'>constmderent</span> <span class='ocrx_word' id='word_1_235' title='bbox 1679 774 1759 798; x_wconf 89' lang='lat' dir='ltr'>cum</span> 
     </span>
     <span class='ocr_line' id='line_1_48' title="bbox 1110 819 1761 868; baseline -0.003 -12"><span class='ocrx_word' id='word_1_236' title='bbox 1110 820 1267 867; x_wconf 85' lang='lat' dir='ltr'>Sidone,</span> <span class='ocrx_word' id='word_1_237' title='bbox 1308 832 1400 868; x_wconf 86' lang='lat' dir='ltr'>quae</span> <span class='ocrx_word' id='word_1_238' title='bbox 1436 819 1515 868; x_wconf 90' lang='lat' dir='ltr'>ipsa</span> <span class='ocrx_word' id='word_1_239' title='bbox 1543 819 1633 867; x_wconf 83' lang='lat' dir='ltr'>Tyri</span> <span class='ocrx_word' id='word_1_240' title='bbox 1665 821 1761 855; x_wconf 83' lang='lat' dir='ltr'>esset</span> 
     </span>
     <span class='ocr_line' id='line_1_49' title="bbox 1109 875 1760 925; baseline -0.006 -11"><span class='ocrx_word' id='word_1_241' title='bbox 1109 876 1337 925; x_wconf 84' lang='lat' dir='ltr'>metropolis,</span> <span class='ocrx_word' id='word_1_242' title='bbox 1367 876 1512 913; x_wconf 87' lang='lat' dir='ltr'>condita</span> <span class='ocrx_word' id='word_1_243' title='bbox 1531 888 1626 911; x_wconf 86' lang='lat' dir='ltr'>anno</span> <span class='ocrx_word' id='word_1_244' title='bbox 1653 875 1760 915; x_wconf 87' lang='lat'>1730</span> 
     </span>
     <span class='ocr_line' id='line_1_50' title="bbox 1109 930 1761 978; baseline -0.005 -9"><span class='ocrx_word' id='word_1_245' title='bbox 1109 945 1141 970; x_wconf 91' lang='lat' dir='ltr'>a.</span> <span class='ocrx_word' id='word_1_246' title='bbox 1161 933 1245 969; x_wconf 89' lang='lat' dir='ltr'>Chr.</span> <span class='ocrx_word' id='word_1_247' title='bbox 1308 932 1396 969; x_wconf 92' lang='lat' dir='ltr'>Utut</span> <span class='ocrx_word' id='word_1_248' title='bbox 1426 937 1499 978; x_wconf 84' lang='lat' dir='ltr'>est,</span> <span class='ocrx_word' id='word_1_249' title='bbox 1534 930 1638 968; x_wconf 64' lang='lat' dir='ltr'>valde</span> <span class='ocrx_word' id='word_1_250' title='bbox 1669 931 1761 966; x_wconf 89' lang='lat' dir='ltr'>anti-</span> 
     </span>
     <span class='ocr_line' id='line_1_51' title="bbox 1109 986 1760 1037; baseline -0.003 -13"><span class='ocrx_word' id='word_1_251' title='bbox 1109 1002 1218 1037; x_wconf 88' lang='lat' dir='ltr'>quam</span> <span class='ocrx_word' id='word_1_252' title='bbox 1235 989 1358 1025; x_wconf 90' lang='lat' dir='ltr'>urbem</span> <span class='ocrx_word' id='word_1_253' title='bbox 1378 988 1511 1034; x_wconf 73' lang='lat' dir='ltr'>videii,</span> <span class='ocrx_word' id='word_1_254' title='bbox 1541 1000 1619 1024; x_wconf 90' lang='lat' dir='ltr'>cum</span> <span class='ocrx_word' id='word_1_255' title='bbox 1642 986 1760 1023; x_wconf 87' lang='lat' dir='ltr'>Gcse—</span> 
     </span>
     <span class='ocr_line' id='line_1_52' title="bbox 1109 1043 1762 1093; baseline -0.003 -13"><span class='ocrx_word' id='word_1_256' title='bbox 1109 1045 1168 1081; x_wconf 88' lang='lat' dir='ltr'>nio</span> <span class='ocrx_word' id='word_1_257' title='bbox 1191 1045 1323 1093; x_wconf 88' lang='lat' dir='ltr'>(quem</span> <span class='ocrx_word' id='word_1_258' title='bbox 1354 1043 1419 1081; x_wconf 85' lang='lat' dir='ltr'>Cr.</span> <span class='ocrx_word' id='word_1_259' title='bbox 1449 1044 1495 1079; x_wconf 87' lang='lat' dir='ltr'>ad</span> <span class='ocrx_word' id='word_1_260' title='bbox 1514 1043 1548 1080; x_wconf 92' lang='lat' dir='ltr'>h.</span> <span class='ocrx_word' id='word_1_261' title='bbox 1581 1043 1602 1080; x_wconf 92' lang='lat' dir='ltr'>l.</span> <span class='ocrx_word' id='word_1_262' title='bbox 1626 1043 1762 1079; x_wconf 86' lang='lat' dir='ltr'>adscri-</span> 
     </span>
     <span class='ocr_line' id='line_1_53' title="bbox 1109 1098 1761 1153; baseline -0.005 -16"><span class='ocrx_word' id='word_1_263' title='bbox 1109 1101 1201 1153; x_wconf 89' lang='lat' dir='ltr'>psit)</span> <span class='ocrx_word' id='word_1_264' title='bbox 1223 1101 1271 1137; x_wconf 82' lang='lat' dir='ltr'>ad</span> <span class='ocrx_word' id='word_1_265' title='bbox 1292 1100 1394 1137; x_wconf 84' lang='lat' dir='ltr'>lesai.</span> <span class='ocrx_word' id='word_1_266' title='bbox 1416 1099 1556 1147; x_wconf 83' lang='lat' dir='ltr'>XXlH,</span> <span class='ocrx_word' id='word_1_267' title='bbox 1574 1098 1600 1140; x_wconf 82' lang='lat'><strong>4</strong></span> <span class='ocrx_word' id='word_1_268' title='bbox 1621 1112 1657 1149; x_wconf 87' lang='lat' dir='ltr'>p.</span> <span class='ocrx_word' id='word_1_269' title='bbox 1677 1099 1761 1139; x_wconf 80' lang='lat'>728</span> 
     </span>
     <span class='ocr_line' id='line_1_54' title="bbox 1113 1154 1763 1205; baseline -0.006 -11"><span class='ocrx_word' id='word_1_270' title='bbox 1113 1162 1269 1195; x_wconf 82' lang='lat' dir='ltr'>statuere</span> <span class='ocrx_word' id='word_1_271' title='bbox 1297 1156 1482 1193; x_wconf 81' lang='lat' dir='ltr'>malumus.</span> <span class='ocrx_word' id='word_1_272' title='bbox 1539 1155 1593 1192; x_wconf 89' lang='lat' dir='ltr'>Ac</span> <span class='ocrx_word' id='word_1_273' title='bbox 1629 1154 1763 1205; x_wconf 86' lang='lat' dir='ltr'>poterit</span> 
     </span>
     <span class='ocr_line' id='line_1_55' title="bbox 1112 1212 1763 1262; baseline -0.008 -11"><span class='ocrx_word' id='word_1_274' title='bbox 1112 1214 1182 1251; x_wconf 91' lang='lat' dir='ltr'>hoc</span> <span class='ocrx_word' id='word_1_275' title='bbox 1200 1214 1322 1262; x_wconf 81' lang='lat' dir='ltr'>utique</span> <span class='ocrx_word' id='word_1_276' title='bbox 1333 1213 1457 1250; x_wconf 83' lang='lat' dir='ltr'>referri</span> <span class='ocrx_word' id='word_1_277' title='bbox 1473 1212 1520 1248; x_wconf 87' lang='lat' dir='ltr'>ad</span> <span class='ocrx_word' id='word_1_278' title='bbox 1539 1223 1763 1249; x_wconf 88' lang='lat' dir='ltr'>communem</span> 
     </span>
     <span class='ocr_line' id='line_1_56' title="bbox 1112 1265 1761 1319; baseline -0.008 -12"><span class='ocrx_word' id='word_1_279' title='bbox 1112 1270 1334 1319; x_wconf 81' lang='lat' dir='ltr'>antiquitatis</span> <span class='ocrx_word' id='word_1_280' title='bbox 1354 1269 1572 1318; x_wconf 85' lang='lat' dir='ltr'>opinionem,</span> <span class='ocrx_word' id='word_1_281' title='bbox 1596 1268 1667 1316; x_wconf 73' lang='lat' dir='ltr'>qua</span> <span class='ocrx_word' id='word_1_282' title='bbox 1682 1265 1761 1304; x_wconf 86' lang='lat' dir='ltr'>aliis</span> 
     </span>
     <span class='ocr_line' id='line_1_57' title="bbox 1111 1323 1762 1377; baseline -0.009 -13"><span class='ocrx_word' id='word_1_283' title='bbox 1111 1327 1394 1377; x_wconf 82' lang='lat' dir='ltr'>praestantiores</span> <span class='ocrx_word' id='word_1_284' title='bbox 1417 1338 1455 1362; x_wconf 93' lang='lat' dir='ltr'>se</span> <span class='ocrx_word' id='word_1_285' title='bbox 1474 1337 1553 1362; x_wconf 85' lang='lat' dir='ltr'>esse</span> <span class='ocrx_word' id='word_1_286' title='bbox 1571 1329 1679 1372; x_wconf 88' lang='lat' dir='ltr'>atque</span> <span class='ocrx_word' id='word_1_287' title='bbox 1698 1323 1762 1359; x_wconf 84' lang='lat' dir='ltr'>ha-</span> 
     </span>
     <span class='ocr_line' id='line_1_58' title="bbox 1112 1380 1762 1428; baseline -0.009 -8"><span class='ocrx_word' id='word_1_288' title='bbox 1112 1383 1189 1420; x_wconf 87' lang='lat' dir='ltr'>beri</span> <span class='ocrx_word' id='word_1_289' title='bbox 1218 1382 1424 1428; x_wconf 87' lang='lat' dir='ltr'>voluerunt,</span> <span class='ocrx_word' id='word_1_290' title='bbox 1456 1394 1498 1417; x_wconf 86' lang='lat' dir='ltr'>eo</span> <span class='ocrx_word' id='word_1_291' title='bbox 1529 1380 1626 1428; x_wconf 87' lang='lat' dir='ltr'>quod</span> <span class='ocrx_word' id='word_1_292' title='bbox 1663 1391 1762 1415; x_wconf 90' lang='lat' dir='ltr'>sum-</span> 
     </span>
     <span class='ocr_line' id='line_1_59' title="bbox 1111 1436 1764 1485; baseline -0.009 -9"><span class='ocrx_word' id='word_1_293' title='bbox 1111 1452 1206 1476; x_wconf 91' lang='lat' dir='ltr'>mam</span> <span class='ocrx_word' id='word_1_294' title='bbox 1229 1438 1480 1485; x_wconf 85' lang='lat' dir='ltr'>antiquitatem</span> <span class='ocrx_word' id='word_1_295' title='bbox 1511 1436 1576 1472; x_wconf 74' lang='lat' dir='ltr'>sibi</span> <span class='ocrx_word' id='word_1_296' title='bbox 1601 1448 1764 1472; x_wconf 78' lang='lat' dir='ltr'>assume-</span> 
     </span>
     <span class='ocr_line' id='line_1_60' title="bbox 1111 1492 1763 1540; baseline -0.006 -9"><span class='ocrx_word' id='word_1_297' title='bbox 1111 1499 1201 1531; x_wconf 89' lang='lat' dir='ltr'>rent.</span> <span class='ocrx_word' id='word_1_298' title='bbox 1250 1493 1377 1529; x_wconf 86' lang='lat' dir='ltr'>Monet</span> <span class='ocrx_word' id='word_1_299' title='bbox 1406 1498 1594 1540; x_wconf 80' lang='lat' dir='ltr'>praeterea</span> <span class='ocrx_word' id='word_1_300' title='bbox 1623 1492 1763 1528; x_wconf 84' lang='lat' dir='ltr'>Heere-</span> 
     </span>
     <span class='ocr_line' id='line_1_61' title="bbox 1111 1549 1764 1597; baseline -0.006 -10"><span class='ocrx_word' id='word_1_301' title='bbox 1111 1551 1191 1587; x_wconf 82' lang='lat' dir='ltr'>nius</span> <span class='ocrx_word' id='word_1_302' title='bbox 1212 1549 1341 1595; x_wconf 88' lang='lat' dir='ltr'>(ldeen</span> <span class='ocrx_word' id='word_1_303' title='bbox 1356 1549 1381 1594; x_wconf 83' lang='grc' dir='ltr'>Ι,</span> <span class='ocrx_word' id='word_1_304' title='bbox 1396 1551 1420 1588; x_wconf 80' lang='grc'>2</span> <span class='ocrx_word' id='word_1_305' title='bbox 1435 1562 1468 1597; x_wconf 92' lang='lat' dir='ltr'>p.</span> <span class='ocrx_word' id='word_1_306' title='bbox 1489 1551 1537 1588; x_wconf 81' lang='grc'>12</span> <span class='ocrx_word' id='word_1_307' title='bbox 1557 1552 1654 1596; x_wconf 90' lang='lat' dir='ltr'>seq.)</span> <span class='ocrx_word' id='word_1_308' title='bbox 1672 1554 1764 1584; x_wconf 86' lang='lat' dir='ltr'>tem-</span> 
     </span>
     <span class='ocr_line' id='line_1_62' title="bbox 1111 1605 1764 1657; baseline -0.006 -15"><span class='ocrx_word' id='word_1_309' title='bbox 1111 1606 1208 1657; x_wconf 90' lang='lat' dir='ltr'>plum</span> <span class='ocrx_word' id='word_1_310' title='bbox 1225 1610 1326 1642; x_wconf 71' lang='lat' dir='ltr'>vetus</span> <span class='ocrx_word' id='word_1_311' title='bbox 1339 1634 1349 1651; x_wconf 92' lang='lat'>,</span> <span class='ocrx_word' id='word_1_312' title='bbox 1379 1605 1477 1653; x_wconf 87' lang='lat' dir='ltr'>quod</span> <span class='ocrx_word' id='word_1_313' title='bbox 1499 1617 1568 1640; x_wconf 84' lang='lat' dir='ltr'>una</span> <span class='ocrx_word' id='word_1_314' title='bbox 1587 1617 1665 1640; x_wconf 89' lang='lat' dir='ltr'>cum</span> <span class='ocrx_word' id='word_1_315' title='bbox 1685 1605 1764 1653; x_wconf 74' lang='lat' dir='ltr'>ipsa</span> 
     </span>
     <span class='ocr_line' id='line_1_63' title="bbox 1112 1661 1765 1699; baseline -0.005 -1"><span class='ocrx_word' id='word_1_316' title='bbox 1112 1664 1201 1699; x_wconf 83' lang='lat' dir='ltr'>urbe</span> <span class='ocrx_word' id='word_1_317' title='bbox 1234 1661 1415 1699; x_wconf 87' lang='lat' dir='ltr'>conditum</span> <span class='ocrx_word' id='word_1_318' title='bbox 1449 1673 1531 1697; x_wconf 83' lang='lat' dir='ltr'>esse</span> <span class='ocrx_word' id='word_1_319' title='bbox 1568 1661 1765 1697; x_wconf 83' lang='lat' dir='ltr'>narrabant</span> 
     </span>
     <span class='ocr_line' id='line_1_64' title="bbox 1113 1715 1765 1767; baseline -0.005 -12"><span class='ocrx_word' id='word_1_320' title='bbox 1113 1718 1236 1767; x_wconf 65' lang='lat' dir='ltr'>Tyrii,</span> <span class='ocrx_word' id='word_1_321' title='bbox 1275 1718 1336 1753; x_wconf 90' lang='lat' dir='ltr'>diu</span> <span class='ocrx_word' id='word_1_322' title='bbox 1362 1716 1568 1753; x_wconf 90' lang='lat' dir='ltr'>demolitum</span> <span class='ocrx_word' id='word_1_323' title='bbox 1593 1715 1765 1764; x_wconf 85' lang='lat' dir='ltr'>aliudque</span> 
     </span>
     <span class='ocr_line' id='line_1_65' title="bbox 1113 1771 1766 1820; baseline -0.005 -10"><span class='ocrx_word' id='word_1_324' title='bbox 1113 1775 1189 1811; x_wconf 75' lang='lat' dir='ltr'>eius</span> <span class='ocrx_word' id='word_1_325' title='bbox 1207 1773 1285 1809; x_wconf 91' lang='lat' dir='ltr'>loco</span> <span class='ocrx_word' id='word_1_326' title='bbox 1307 1785 1328 1809; x_wconf 88' lang='lat' dir='ltr'>a</span> <span class='ocrx_word' id='word_1_327' title='bbox 1345 1785 1431 1820; x_wconf 85' lang='lat' dir='ltr'>rege</span> <span class='ocrx_word' id='word_1_328' title='bbox 1449 1772 1578 1808; x_wconf 85' lang='lat' dir='ltr'>Hiram</span> <span class='ocrx_word' id='word_1_329' title='bbox 1598 1771 1766 1807; x_wconf 89' lang='lat' dir='ltr'>Salomo-</span> 
     </span>
     <span class='ocr_line' id='line_1_66' title="bbox 1113 1828 1763 1878; baseline -0.003 -12"><span class='ocrx_word' id='word_1_330' title='bbox 1113 1830 1168 1866; x_wconf 90' lang='lat' dir='ltr'>nis</span> <span class='ocrx_word' id='word_1_331' title='bbox 1204 1828 1347 1878; x_wconf 85' lang='lat' dir='ltr'>aequali</span> <span class='ocrx_word' id='word_1_332' title='bbox 1384 1832 1600 1865; x_wconf 80' lang='lat' dir='ltr'>exstructum</span> <span class='ocrx_word' id='word_1_333' title='bbox 1639 1829 1763 1864; x_wconf 83' lang='lat' dir='ltr'>fuisse.</span> 
     </span>
     <span class='ocr_line' id='line_1_67' title="bbox 1112 1884 1766 1934; baseline -0.003 -12"><span class='ocrx_word' id='word_1_334' title='bbox 1112 1885 1235 1934; x_wconf 90' lang='lat' dir='ltr'>Atque</span> <span class='ocrx_word' id='word_1_335' title='bbox 1277 1885 1345 1921; x_wconf 87' lang='lat' dir='ltr'>hoc</span> <span class='ocrx_word' id='word_1_336' title='bbox 1380 1885 1502 1933; x_wconf 88' lang='lat' dir='ltr'>potius</span> <span class='ocrx_word' id='word_1_337' title='bbox 1535 1884 1646 1920; x_wconf 83' lang='lat' dir='ltr'>fuisse</span> <span class='ocrx_word' id='word_1_338' title='bbox 1675 1889 1766 1920; x_wconf 89' lang='lat' dir='ltr'>tem-</span> 
     </span>
     <span class='ocr_line' id='line_1_68' title="bbox 1112 1940 1766 1992; baseline -0.003 -14"><span class='ocrx_word' id='word_1_339' title='bbox 1112 1941 1223 1992; x_wconf 87' lang='lat' dir='ltr'>plum,</span> <span class='ocrx_word' id='word_1_340' title='bbox 1243 1941 1342 1990; x_wconf 88' lang='lat' dir='ltr'>quod</span> <span class='ocrx_word' id='word_1_341' title='bbox 1359 1940 1565 1989; x_wconf 82' lang='lat' dir='ltr'>quingentis</span> <span class='ocrx_word' id='word_1_342' title='bbox 1587 1940 1766 1988; x_wconf 90' lang='lat' dir='ltr'>quinqua-</span> 
     </span>
     <span class='ocr_line' id='line_1_69' title="bbox 1113 1995 1764 2047; baseline -0.002 -13"><span class='ocrx_word' id='word_1_343' title='bbox 1113 1999 1214 2046; x_wconf 88' lang='lat' dir='ltr'>ginta</span> <span class='ocrx_word' id='word_1_344' title='bbox 1243 2001 1328 2047; x_wconf 84' lang='lat' dir='ltr'>post</span> <span class='ocrx_word' id='word_1_345' title='bbox 1358 1997 1461 2034; x_wconf 84' lang='lat' dir='ltr'>annis</span> <span class='ocrx_word' id='word_1_346' title='bbox 1490 1996 1619 2034; x_wconf 89' lang='lat' dir='ltr'>viderit</span> <span class='ocrx_word' id='word_1_347' title='bbox 1641 1995 1764 2034; x_wconf 88' lang='lat' dir='ltr'>Hero-</span> 
     </span>
     <span class='ocr_line' id='line_1_70' title="bbox 1112 2055 1231 2092; baseline -0.017 0"><span class='ocrx_word' id='word_1_348' title='bbox 1112 2055 1231 2092; x_wconf 90' lang='lat' dir='ltr'>dotus.</span> 
     </span>
    </p>

    <p class='ocr_par' dir='ltr' id='par_1_12' title="bbox 1113 2102 1767 2551">
     <span class='ocr_line' id='line_1_71' title="bbox 1169 2102 1764 2158; baseline -0.007 -10"><span class='ocrx_word' id='word_1_349' title='bbox 1169 2108 1398 2158; x_wconf 78' lang='grc' dir='ltr'><strong><em>ἐπωνυμίην</em></strong></span> <span class='ocrx_word' id='word_1_350' title='bbox 1411 2130 1458 2135; x_wconf 94' lang='lat'>--</span> <span class='ocrx_word' id='word_1_351' title='bbox 1474 2107 1624 2147; x_wconf 87' lang='grc' dir='ltr'><em>Θασίου</em></span> <span class='ocrx_word' id='word_1_352' title='bbox 1648 2102 1764 2151; x_wconf 80' lang='grc' dir='ltr'><strong><em>εἶναι]</em></strong></span> 
     </span>
     <span class='ocr_line' id='line_1_72' title="bbox 1113 2160 1764 2204; baseline -0.009 0"><span class='ocrx_word' id='word_1_353' title='bbox 1113 2165 1172 2204; x_wconf 87' lang='lat' dir='ltr'>De</span> <span class='ocrx_word' id='word_1_354' title='bbox 1193 2166 1401 2203; x_wconf 88' lang='lat' dir='ltr'>abundante</span> <span class='ocrx_word' id='word_1_355' title='bbox 1420 2165 1529 2201; x_wconf 90' lang='lat' dir='ltr'>verbo</span> <span class='ocrx_word' id='word_1_356' title='bbox 1551 2160 1652 2202; x_wconf 80' lang='grc' dir='ltr'><strong><em>εἶναι</em></strong></span> <span class='ocrx_word' id='word_1_357' title='bbox 1671 2164 1764 2200; x_wconf 85' lang='lat' dir='ltr'>cons.</span> 
     </span>
     <span class='ocr_line' id='line_1_73' title="bbox 1114 2220 1766 2269; baseline -0.006 -10"><span class='ocrx_word' id='word_1_358' title='bbox 1114 2222 1314 2259; x_wconf 87' lang='lat' dir='ltr'>Hermann.</span> <span class='ocrx_word' id='word_1_359' title='bbox 1345 2221 1393 2257; x_wconf 89' lang='lat' dir='ltr'>ad</span> <span class='ocrx_word' id='word_1_360' title='bbox 1415 2220 1537 2268; x_wconf 82' lang='lat' dir='ltr'>Viget.</span> <span class='ocrx_word' id='word_1_361' title='bbox 1567 2233 1603 2269; x_wconf 92' lang='lat' dir='ltr'>p.</span> <span class='ocrx_word' id='word_1_362' title='bbox 1624 2220 1704 2260; x_wconf 88' lang='lat'>751</span> <span class='ocrx_word' id='word_1_363' title='bbox 1729 2223 1766 2256; x_wconf 85' lang='lat' dir='ltr'>et</span> 
     </span>
     <span class='ocr_line' id='line_1_74' title="bbox 1114 2275 1762 2321; baseline -0.005 -7"><span class='ocrx_word' id='word_1_364' title='bbox 1114 2276 1279 2315; x_wconf 89' lang='lat' dir='ltr'>Siebelis.</span> <span class='ocrx_word' id='word_1_365' title='bbox 1301 2277 1348 2313; x_wconf 85' lang='lat' dir='ltr'>ad</span> <span class='ocrx_word' id='word_1_366' title='bbox 1385 2275 1540 2312; x_wconf 76' lang='lat' dir='ltr'>Pausan.</span> <span class='ocrx_word' id='word_1_367' title='bbox 1575 2276 1680 2321; x_wconf 45' lang='lat'>11¹1,</span> <span class='ocrx_word' id='word_1_368' title='bbox 1710 2277 1762 2316; x_wconf 86' lang='lat'>31</span> 
     </span>
     <span class='ocr_line' id='line_1_75' title="bbox 1114 2331 1764 2385; baseline -0.005 -15"><span class='ocrx_word' id='word_1_369' title='bbox 1114 2332 1151 2385; x_wconf 60' lang='grc' dir='ltr'><strong>ἓ.</strong></span> <span class='ocrx_word' id='word_1_370' title='bbox 1182 2333 1219 2374; x_wconf 82' lang='grc'><strong>4.</strong></span> <span class='ocrx_word' id='word_1_371' title='bbox 1283 2332 1313 2369; x_wconf 91' lang='lat' dir='ltr'>C</span> <span class='ocrx_word' id='word_1_372' title='bbox 1326 2346 1352 2369; x_wconf 88' lang='lat' dir='ltr'>r.</span> <span class='ocrx_word' id='word_1_373' title='bbox 1379 2331 1569 2381; x_wconf 83' lang='lat' dir='ltr'>adscripsit</span> <span class='ocrx_word' id='word_1_374' title='bbox 1603 2331 1764 2368; x_wconf 77' lang='lat' dir='ltr'>Platonis</span> 
     </span>
     <span class='ocr_line' id='line_1_76' title="bbox 1114 2386 1766 2451; baseline -0.006 -25"><span class='ocrx_word' id='word_1_375' title='bbox 1114 2391 1228 2427; x_wconf 86' lang='lat' dir='ltr'>locum</span> <span class='ocrx_word' id='word_1_376' title='bbox 1247 2390 1283 2425; x_wconf 92' lang='lat' dir='ltr'>in</span> <span class='ocrx_word' id='word_1_377' title='bbox 1302 2389 1487 2425; x_wconf 88' lang='lat' dir='ltr'>Phaedon.</span> <span class='ocrx_word' id='word_1_378' title='bbox 1519 2386 1555 2438; x_wconf 82' lang='lat'>§.</span> <span class='ocrx_word' id='word_1_379' title='bbox 1581 2391 1678 2451; x_wconf 68' lang='lat'>117,</span> <span class='ocrx_word' id='word_1_380' title='bbox 1706 2387 1766 2424; x_wconf 91' lang='lat' dir='ltr'>ubi</span> 
     </span>
     <span class='ocr_line' id='line_1_77' title="bbox 1114 2444 1767 2483; baseline -0.005 0"><span class='ocrx_word' id='word_1_381' title='bbox 1114 2446 1317 2483; x_wconf 86' lang='lat' dir='ltr'>Herodotei</span> <span class='ocrx_word' id='word_1_382' title='bbox 1357 2444 1424 2481; x_wconf 92' lang='lat' dir='ltr'>loci</span> <span class='ocrx_word' id='word_1_383' title='bbox 1470 2457 1544 2481; x_wconf 90' lang='lat' dir='ltr'>non</span> <span class='ocrx_word' id='word_1_384' title='bbox 1581 2444 1767 2481; x_wconf 86' lang='lat' dir='ltr'>immemor</span> 
     </span>
     <span class='ocr_line' id='line_1_78' title="bbox 1115 2502 1522 2551; baseline 0.003 -11"><span class='ocrx_word' id='word_1_385' title='bbox 1115 2502 1348 2540; x_wconf 88' lang='lat' dir='ltr'>Heindorfius</span> <span class='ocrx_word' id='word_1_386' title='bbox 1370 2514 1406 2551; x_wconf 87' lang='lat' dir='ltr'>p.</span> <span class='ocrx_word' id='word_1_387' title='bbox 1432 2502 1522 2541; x_wconf 90' lang='grc'>198.</span> 
     </span>
    </p>

    <p class='ocr_par' dir='ltr' id='par_1_13' title="bbox 1115 2552 1768 2886">
     <span class='ocr_line' id='line_1_79' title="bbox 1173 2552 1767 2610; baseline -0.005 -14"><span class='ocrx_word' id='word_1_388' title='bbox 1173 2557 1215 2597; x_wconf 80' lang='grc' dir='ltr'>ἐν</span> <span class='ocrx_word' id='word_1_389' title='bbox 1234 2560 1285 2610; x_wconf 79' lang='grc' dir='ltr'>τῇ</span> <span class='ocrx_word' id='word_1_390' title='bbox 1306 2558 1423 2608; x_wconf 76' lang='grc' dir='ltr'><strong><em>εύοον</em></strong></span> <span class='ocrx_word' id='word_1_391' title='bbox 1453 2555 1540 2606; x_wconf 80' lang='grc' dir='ltr'><strong><em>ἱρὸν</em></strong></span> <span class='ocrx_word' id='word_1_392' title='bbox 1559 2552 1767 2606; x_wconf 80' lang='grc' dir='ltr'><em>Ἡοακλὲος</em></span> 
     </span>
     <span class='ocr_line' id='line_1_80' title="bbox 1115 2611 1765 2664; baseline -0.006 -10"><span class='ocrx_word' id='word_1_393' title='bbox 1115 2611 1196 2654; x_wconf 59' lang='lat' dir='ltr'>ind</span> <span class='ocrx_word' id='word_1_394' title='bbox 1220 2615 1418 2653; x_wconf 83' lang='grc' dir='ltr'><strong><em>Φοινίκων</em></strong></span> <span class='ocrx_word' id='word_1_395' title='bbox 1440 2611 1650 2664; x_wconf 80' lang='grc' dir='ltr'><strong><em>ἱδρυμένον</em></strong></span> <span class='ocrx_word' id='word_1_396' title='bbox 1675 2627 1710 2650; x_wconf 84' lang='grc' dir='ltr'><strong>κ.</strong></span> <span class='ocrx_word' id='word_1_397' title='bbox 1732 2626 1765 2650; x_wconf 89' lang='grc' dir='ltr'>τ.</span> 
     </span>
     <span class='ocr_line' id='line_1_81' title="bbox 1117 2669 1768 2721; baseline -0.006 -13"><span class='ocrx_word' id='word_1_398' title='bbox 1117 2669 1173 2721; x_wconf 79' lang='grc' dir='ltr'>λ.]</span> <span class='ocrx_word' id='word_1_399' title='bbox 1204 2672 1286 2707; x_wconf 85' lang='lat' dir='ltr'>Hoc</span> <span class='ocrx_word' id='word_1_400' title='bbox 1302 2669 1484 2719; x_wconf 87' lang='lat' dir='ltr'>templum,</span> <span class='ocrx_word' id='word_1_401' title='bbox 1505 2670 1534 2706; x_wconf 86' lang='lat' dir='ltr'>si</span> <span class='ocrx_word' id='word_1_402' title='bbox 1555 2671 1669 2705; x_wconf 81' lang='lat' dir='ltr'>annos</span> <span class='ocrx_word' id='word_1_403' title='bbox 1681 2681 1768 2718; x_wconf 87' lang='lat' dir='ltr'>sup-</span> 
     </span>
     <span class='ocr_line' id='line_1_82' title="bbox 1118 2724 1766 2778; baseline -0.005 -15"><span class='ocrx_word' id='word_1_404' title='bbox 1118 2727 1299 2778; x_wconf 87' lang='lat' dir='ltr'>putaveris</span> <span class='ocrx_word' id='word_1_405' title='bbox 1318 2739 1338 2763; x_wconf 88' lang='lat' dir='ltr'>e</span> <span class='ocrx_word' id='word_1_406' title='bbox 1356 2731 1476 2763; x_wconf 89' lang='lat' dir='ltr'>mente</span> <span class='ocrx_word' id='word_1_407' title='bbox 1493 2725 1686 2771; x_wconf 82' lang='lat' dir='ltr'>Herodoti,</span> <span class='ocrx_word' id='word_1_408' title='bbox 1700 2724 1721 2760; x_wconf 91' lang='lat' dir='ltr'>i.</span> <span class='ocrx_word' id='word_1_409' title='bbox 1735 2737 1766 2761; x_wconf 91' lang='lat' dir='ltr'>e.</span> 
     </span>
     <span class='ocr_line' id='line_1_83' title="bbox 1122 2779 1764 2825; baseline -0.009 -4"><span class='ocrx_word' id='word_1_410' title='bbox 1122 2786 1200 2825; x_wconf 86' lang='lat'>166</span> <span class='ocrx_word' id='word_1_411' title='bbox 1225 2787 1309 2820; x_wconf 83' lang='lat' dir='ltr'>ante</span> <span class='ocrx_word' id='word_1_412' title='bbox 1327 2782 1547 2819; x_wconf 86' lang='lat' dir='ltr'>Graecorum</span> <span class='ocrx_word' id='word_1_413' title='bbox 1576 2779 1764 2817; x_wconf 82' lang='lat' dir='ltr'>Hercuiem</span> 
     </span>
     <span class='ocr_line' id='line_1_84' title="bbox 1120 2837 1765 2886; baseline 0 -9"><span class='ocrx_word' id='word_1_414' title='bbox 1120 2845 1256 2886; x_wconf 83' lang='lat' dir='ltr'>natum,</span> <span class='ocrx_word' id='word_1_415' title='bbox 1273 2839 1454 2876; x_wconf 88' lang='lat' dir='ltr'>conditum</span> <span class='ocrx_word' id='word_1_416' title='bbox 1474 2839 1539 2875; x_wconf 84' lang='lat' dir='ltr'>erit</span> <span class='ocrx_word' id='word_1_417' title='bbox 1550 2850 1645 2874; x_wconf 84' lang='lat' dir='ltr'>anno</span> <span class='ocrx_word' id='word_1_418' title='bbox 1659 2837 1765 2876; x_wconf 88' lang='grc'>1550</span> 
     </span>
    </p>
   </div>
  </div>
 </body>
</html>
