1909 3228
463 173 546 213 772

860 165 1334 206 HERODOTI

465 278 655 332 πλέθρα,
684 274 840 331 ἐούσης
868 273 1165 330 τετραγώνου,
1195 274 1268 318 καὶ
1293 273 1407 325 ὕψος
1435 276 1552 318 ἰ’σου·
1592 276 1723 317 λίθου

465 359 510 402 δὲ
541 359 690 410 ξεστοῦ
719 371 762 398 τε
792 354 866 398 καὶ
904 352 1180 410 ἁρμοσμένου
1223 353 1275 396 τὰ
1311 351 1517 409 μάλιστα·

412 570 475 603 net
511 564 641 612 Zo'ega
665 561 688 599 l.
713 561 736 598 l.
770 561 884 599 videri
920 564 1061 598 veteres

413 623 607 670 scriptores
627 620 672 656 de
695 618 885 655 altitudine
907 617 1060 666 obliqua,

413 690 519 727 quam
530 676 843 726 peregrinatorum
859 686 952 710 unus
965 687 1064 710 com-

412 734 595 784 putaverit
619 732 702 781 ped.
721 733 802 772 693
828 730 905 767 basi
928 742 1066 778 aequa-

414 791 482 826 lem
497 820 506 836 ‚
533 788 798 836 intelligendos.
856 785 957 824 Alter
977 785 1066 821 Gal—

412 847 466 883 lus
494 845 678 882 Herodoti
706 845 912 893 interpres,
947 842 1066 889 Miot.,

413 904 450 939 in
469 902 555 952 ipsis
578 900 760 937 Herodoti
778 899 897 936 verbis
917 899 967 936 sic
986 911 1065 935 niu-

413 959 481 995 tari
505 957 596 994 vult:
630 955 696 995 καὶ
717 952 827 1004 ὕψος
853 955 895 1001 ἓξ
918 952 985 994 ἓόν
1014 954 1065 1001 (et

415 1015 452 1052 la
487 1015 633 1050 hauteur
672 1015 769 1049 e'tant
797 1014 852 1048 six
890 1012 911 1047 i.
940 1025 972 1048 e.
1009 1013 1067 1047 six

409 1071 603 1122 1)l‹'>thres)‚·
654 1082 732 1106 cum
766 1069 854 1105 haec
894 1069 940 1104 sit
980 1080 1067 1105 vera

414 1127 613 1178 pyramidis
649 1126 817 1163 altitudo.
877 1125 954 1161 Sed
992 1124 1067 1160 iure

415 1184 635 1232 obloquutus
670 1186 726 1219 est
766 1181 954 1219 Letronne
1001 1180 1067 1227 (in

415 1252 567 1278 censura
586 1239 690 1276 huius
707 1238 786 1274 libri
808 1250 893 1287 pag.
910 1240 935 1278 7
956 1237 1067 1285 seq),

344 1294 347 1297 s
416 1310 496 1333 cum
514 1297 661 1344 linguae
690 1295 791 1343 leges
812 1295 968 1344 ipsaque
986 1306 1069 1329 ora-

416 1354 467 1390 tio
486 1353 698 1389 Herodotea
719 1351 865 1388 minime
888 1349 998 1387 talem
1015 1350 1068 1386 fe-

416 1414 497 1445 rant
517 1409 822 1446 emendationem.
863 1405 943 1443 Nec
967 1405 1070 1453 equi-

418 1467 501 1503 dem
520 1465 717 1513 quidquam
737 1463 774 1500 in
790 1462 973 1500 Herodoti
992 1466 1070 1498 tex-

417 1526 456 1558 tu
474 1526 615 1558 mutare
648 1520 803 1556 audeam
816 1547 827 1565 ‚
857 1519 917 1554 ubi
934 1518 969 1553 in
990 1518 1071 1566 ipsa

418 1591 457 1614 re
483 1582 623 1613 veteres
658 1577 852 1626 scriptores
880 1587 997 1623 aeque
1026 1586 1068 1609 ac

418 1634 637 1671 recentiores
651 1636 724 1668 tam
742 1631 996 1667 dissentientes
1014 1630 1067 1665 vi-

417 1691 500 1727 deo.
560 1688 725 1724 Coutelle
758 1687 838 1723 loco
876 1699 961 1723 mox
993 1685 1069 1721 lau-

419 1746 542 1782 dando
563 1756 649 1794 pag.
669 1742 722 1783 47
740 1743 969 1780 altitudinem
990 1753 1070 1777 ver—

418 1801 561 1838 ticalem
595 1800 780 1836 inventam
803 1799 914 1835 fuisse
949 1797 1071 1833 scribit

419 1857 503 1898 428
530 1857 666 1906 pedum
696 1859 731 1891 et
764 1855 863 1903 quod
899 1853 1072 1897 excurrit3

419 1914 578 1950 lomard.
616 1913 751 1957 (deser.
775 1916 802 1947 t.
823 1911 834 1946 l
867 1923 952 1960 pag.
969 1910 1071 1957 516)

421 1968 503 2011 425
524 1969 658 2018 pedum
682 1972 717 2005 et
737 1970 761 2008 9
782 1967 986 2015 digitorum.

477 2021 624 2074 ἐούσης
653 2020 920 2075 τετραγώνου]
963 2022 1073 2059 Conf.

421 2083 455 2129 I,
487 2084 579 2122 181.
623 2081 755 2118 Utrum
780 2080 893 2116 latera
916 2078 1076 2129 pyrami-

421 2140 477 2176 dis
499 2139 660 2188 perfecte
679 2137 750 2173 sint
767 2135 932 2184 aequalia
946 2147 1074 2180 necne,

421 2195 584 2232 nondum
605 2193 738 2243 liquet,
769 2206 849 2229 cum
867 2192 1007 2228 diverse
1028 2191 1076 2228 de

421 2251 476 2288 his
513 2254 673 2287 statuant
710 2249 931 2286 recentiores
970 2260 1076 2297 pere-

423 2308 648 2356 grinatores,
677 2305 840 2354 quamvis
860 2304 907 2341 ad
936 2303 1075 2340 oculum

425 2368 522 2401 certe
549 2363 745 2411 quadratas
785 2373 961 2411 apparere
996 2372 1074 2396 ma-

425 2432 517 2469 gnas
536 2419 757 2468 pyramides,
774 2431 841 2454 nec
852 2417 948 2453 aliud
963 2428 1075 2464 quae-

426 2477 527 2513 siisse
545 2487 667 2511 earum
685 2474 891 2511 conditores
903 2501 913 2518 ‚
937 2473 1076 2522 optime

424 2532 608 2570 monuisse
639 2530 805 2567 videatur
841 2529 971 2577 Zoega
999 2527 1022 2565 l.
1052 2527 1075 2564 l.

425 2601 512 2639 pag.
530 2587 609 2628 401
631 2586 717 2635 ibiq.
739 2589 816 2622 not.

488 2643 608 2682 λίθου
631 2640 673 2681 δὲ
694 2643 833 2689 ξεστοῦ
851 2655 891 2680 τε
912 2639 980 2679 καὶ
1008 2638 1073 2689 ἆρ-

428 2697 627 2749 μοσμένου
652 2695 699 2735 τοὶ
729 2692 916 2747 μάλιστα]
959 2697 1075 2734 Vertit

427 2755 550 2791 Miot.:
591 2754 697 2801 „elle
722 2758 776 2791 est
804 2758 908 2791 toute
938 2754 1076 2790 revetue

427 2823 476 2849 en
496 2812 631 2860 pierres
647 2810 787 2861 polies,
815 2811 970 2848 aiusteles
987 2822 1075 2847 avec

1577 350 1722 404 οὐδεὶς

1131 559 1166 597 le
1188 559 1268 609 plus
1298 559 1417 608 grand
1443 558 1570 603 soin·‚“
1601 558 1666 595 sed
1688 558 1782 596 bene

1131 621 1254 654 monet
1272 615 1478 661 Letronne‚
1508 615 1587 651 loco
1611 615 1707 651 vocis
1727 627 1782 651 re-

1133 673 1234 709 vetem
1264 671 1552 709 substituendum
1581 683 1660 707 esse
1694 670 1780 719 sor-

1133 731 1227 773 m‹5e;
1247 729 1284 765 id
1307 729 1406 777 quod
1427 727 1497 764 loci
1516 727 1696 764 sententia
1716 740 1785 777 po-

1134 786 1254 822 stulat.

1191 837 1324 886 οὐδεὶς
1349 842 1431 878 τῶν
1457 839 1585 878 λίθων
1603 836 1785 890 τριήκον-

1132 913 1180 936 τα
1199 899 1337 936 ποδῶν
1355 892 1546 946 ἐλάσσων]
1573 897 1678 942 Hoc,
1707 909 1785 932 mo-

1134 959 1243 992 nente
1261 954 1390 1002 Zo'ega
1408 966 1492 1003 pag.
1514 955 1595 994 387
1624 957 1697 988 not.
1721 954 1785 998 16,

1134 1024 1257 1048 verum
1286 1023 1364 1047 esse
1391 1013 1532 1058 potest,
1571 1009 1601 1045 si
1635 1009 1785 1046 extimos

1132 1067 1212 1104 illos
1259 1066 1439 1114 intelligas
1485 1065 1623 1114 lapides
1641 1093 1651 1111 ,
1691 1077 1787 1100 nunc

1135 1123 1280 1160 avulsos
1314 1123 1549 1159 barbarorum
1587 1121 1787 1171 rapacitate

1136 1180 1250 1228 (conf.
1272 1193 1308 1229 p.
1328 1179 1448 1225 403)·,
1480 1178 1541 1227 qui
1571 1178 1665 1214 enim
1693 1189 1788 1213 nunc

1135 1241 1275 1274 restant
1301 1235 1466 1284 lapides,
1495 1233 1606 1270 multo
1631 1234 1787 1270 minores

1135 1307 1216 1331 esse
1245 1293 1424 1328 dicuutur.
1454 1311 1509 1317 ——
1551 1290 1624 1326 lam
1652 1291 1688 1326 in
1717 1290 1789 1326 fine

1136 1350 1239 1386 liuius
1261 1349 1387 1396 capitis
1419 1348 1598 1396 quaedam
1626 1347 1673 1383 de
1698 1346 1785 1395 ipsis

1136 1404 1386 1456 pyramidibus
1412 1404 1569 1440 adiicere
1598 1416 1671 1438 non
1701 1402 1788 1439 alie-

1137 1474 1223 1498 num
1263 1461 1340 1497 erit.
1406 1460 1464 1497 De
1508 1460 1637 1508 quibus
1686 1457 1788 1494 multi

1138 1518 1248 1555 multa
1273 1515 1517 1566 protulerunt,
1566 1516 1636 1551 vid.
1677 1515 1787 1550 modo

1137 1573 1249 1610 Beck.
1284 1572 1414 1608 Anleit.
1446 1586 1477 1608 z.
1525 1571 1741 1620 ll'eltgesch.
1774 1570 1791 1607 I

1135 1644 1172 1679 p.
1193 1629 1273 1669 705
1295 1641 1396 1676 seqq.
1419 1634 1456 1665 et
1477 1628 1670 1678 praecipue
1689 1628 1789 1665 Zoe-

1137 1699 1185 1734 ga
1204 1686 1249 1721 de
1280 1684 1447 1721 obeliscc.
1472 1697 1507 1733 p.
1529 1686 1611 1724 394
1648 1683 1789 1731 (ibique

1137 1741 1296 1790 inprimis
1323 1745 1397 1776 not.
1422 1742 1441 1780 1
1457 1769 1467 1786 ‚
1498 1740 1558 1776 ubi
1577 1740 1791 1788 peregrina-

1137 1802 1236 1834 tores
1269 1796 1472 1842 recensuit,
1511 1796 1573 1844 qui
1603 1795 1650 1833 de
1682 1808 1791 1845 pyra-

1139 1853 1296 1890 midibus
1332 1852 1617 1902 exposuerunt).
1692 1851 1790 1888 Add.

1138 1909 1322 1946 lablonsk.
1344 1921 1440 1945 voce.
1461 1909 1634 1958 Aegyptt.
1655 1921 1689 1958 p.
1708 1910 1790 1949 229

1141 1979 1216 2014 seq.
1261 1965 1443 2001 Mannert.
1473 1966 1610 2013 Geogr.
1634 1965 1700 2001 der
1724 1964 1790 2000 Gr.

1141 2036 1175 2059 u.
1202 2022 1309 2058 Rom.
1336 2021 1391 2067 X,
1416 2024 1436 2061 1
1469 2035 1554 2072 pag.
1576 2021 1657 2061 453
1686 2033 1788 2069 seqq.

1142 2078 1224 2119 464
1242 2091 1344 2126 seqq.
1375 2078 1466 2113 Hirt.
1484 2091 1553 2113 von
1573 2077 1645 2114 den
1664 2078 1789 2125 figypt.

1140 2135 1381 2184 Pyramiden‚
1418 2134 1454 2170 in
1474 2134 1561 2170 actis
1583 2133 1704 2169 societ.
1721 2133 1792 2170 Be-

1138 2191 1325 2227 rolinenss.
1349 2203 1432 2227 ann.
1460 2190 1577 2230 1815.
1605 2188 1684 2225 Nos
1700 2201 1792 2239 pau-

1141 2260 1183 2284 ca
1214 2251 1355 2282 tantuin
1385 2246 1492 2292 inde,
1541 2246 1588 2282 ad
1611 2245 1793 2282 Herodoti

1139 2304 1256 2339 locum
1292 2316 1385 2351 quae
1414 2303 1572 2348 faciunt,
1611 2302 1793 2339 exscriba-

1141 2372 1231 2396 mus.
1288 2359 1492 2408 Supersunt
1534 2359 1628 2395 enim
1675 2357 1793 2395 adhuc

1141 2415 1346 2466 pyramides
1366 2415 1543 2465 plurimae
1569 2419 1605 2452 et
1627 2427 1694 2464 pro
1720 2414 1792 2450 situ

1143 2472 1323 2517 locorum,
1363 2472 1398 2507 in
1430 2472 1559 2519 quibus
1592 2475 1793 2508 exstructae

1143 2533 1250 2574 sunt,
1290 2528 1561 2576 distinguuntur
1586 2540 1608 2564 a
1629 2527 1793 2577 peregri-

1142 2584 1339 2621 natoribus.
1406 2584 1544 2621 Confer
1573 2583 1684 2620 Beck.
1714 2583 1736 2619 l.
1767 2582 1790 2621 l.

1142 2653 1226 2690 pag.
1251 2643 1330 2682 711
1359 2653 1462 2689 seqq.
1526 2639 1687 2677 Maxima
1724 2653 1793 2689 py-

1141 2698 1318 2734 ramidum
1354 2702 1498 2734 caterva
1533 2708 1649 2747 prope
1677 2695 1791 2733 Mem-

1141 2754 1229 2804 phin
1259 2766 1351 2790 nunc
1381 2752 1580 2798 invenitur,
1620 2752 1680 2788 ubi
1710 2751 1791 2787 loco

1142 2822 1274 2848 nomen
1297 2810 1388 2847 Gize'
1422 2823 1450 2846 s.
1467 2809 1599 2852 Gizelz,·
1634 2811 1792 2857 quatuor
