1909 3228
428 175 512 214 298

841 172 1309 212 HERODOTI

427 285 506 337 μὲν
536 280 681 325 αὐτῶν
721 282 743 324 ὁ
777 284 926 334 Κῦρος
969 279 1196 330 συνάλισε,
1243 283 1316 324 καὶ
1357 281 1552 326 ἀνέπεισε
1585 282 1685 327 ἀπί-

428 366 614 404 στασθαι
656 358 740 403 ἀπὸ
779 359 959 416 Μήδων.

426 437 583 490 πάντες
623 437 824 493 ἀρτέαται
855 439 1041 493 Πὲρσαι·

1021 359 1110 402 ἔστι
1139 359 1183 403 δὲ
1212 359 1336 411 τάδε,
1386 361 1428 414 ἐξ
1457 357 1519 405 ὧν
1550 356 1741 406 aiaton&

1092 438 1381 494 Πασαργάδαι
1391 473 1403 491 ,
1434 440 1684 496 ΛΙαράφιοι,

398 517 643 562 5Μάσπιοι.
675 516 846 561 τούτων
866 517 1156 573 Πασαργάδαι
1185 519 1264 562 εἰσὶ
1286 517 1474 573 ἄριστοι·
1507 520 1553 562 ἐν
1572 525 1685 564 τοῖσι

426 598 500 642 καὶ
525 596 813 652 Ἀχαιμενίδαι
843 598 923 641 εἰσὶ
954 596 1147 654 φρήτρη,
1192 597 1319 641 ἔνθεν
1350 599 1392 642 οἱ
1419 599 1612 654 βασιλέες
1641 601 1685 642 οἱ

397 683 419 716 6
428 677 658 730 Περσεῖδαι
693 675 911 732 γεγόνασι.

367 849 557 888 Herodoto
582 850 695 887 decem
719 854 859 887 tantum
887 856 1016 901 gentes

367 911 594 944 enumeratas
628 920 710 945 esse
740 907 907 955 miratur,
937 921 1018 945 cum

366 963 545 999 duodecim
594 967 770 1001 memoret
810 963 1018 1015 Xenophon

366 1021 519 1070 ipseque
537 1020 750 1057 Herodotus
773 1019 860 1057 alias
890 1020 1017 1057 [luode-

365 1078 504 1114 narium
522 1089 671 1114 numero
690 1076 796 1114 valde
808 1083 914 1115 amet.
935 1077 1018 1115 Ple-

365 1145 499 1182 rasque
514 1137 634 1171 autem
645 1133 733 1169 istas
746 1138 875 1181 gentes
889 1134 1015 1172 etiam-

364 1202 451 1226 num
469 1189 506 1226 in
527 1189 720 1226 Persarum
746 1190 871 1239 lingua
902 1204 1017 1239 agno-

365 1246 418 1282 sci
449 1245 679 1293 nominibus,
717 1259 797 1283 cum
817 1246 1016 1285 Achaeme-

364 1302 474 1340 nidae
492 1302 565 1339 sint
588 1302 778 1349 ,adse-leem,
806 1302 882 1340 Dm·
902 1304 1014 1341 Dahi-

365 1362 466 1405 stan,
496 1357 624 1395 ,Mardi
654 1357 758 1396 ZlIercl
794 1360 842 1407 (i.
863 1373 893 1397 e.
926 1362 1014 1407 vir),

365 1416 534 1452 Germani
552 1415 686 1451 Garma
699 1444 710 1462 ‚
733 1414 903 1462 Saganis
925 1416 1012 1453 Sal-

364 1471 478 1520 ghar,
505 1468 692 1521 IlIorapln'i
711 1469 825 1508 DIerw
845 1477 912 1510 ete.

422 1522 447 1565 α’
459 1542 481 1578 ρ
495 1542 515 1564 τ
528 1525 546 1565 ε’
559 1542 582 1565 α
593 1542 613 1565 τ
625 1543 648 1565 α
662 1530 698 1573 ι]
741 1527 764 1564 i.
798 1542 828 1566 e.
855 1528 1013 1578 pendent.

363 1583 493 1621 Ionum
512 1596 612 1621 more
631 1584 765 1620 dictum
791 1598 858 1635 pro
875 1582 1016 1637 ἤρτην-

364 1654 448 1687 ται,·
485 1641 578 1677 conf.
607 1640 656 1677 lll
671 1669 682 1686 ‚
718 1642 781 1680 19.
821 1641 869 1678 vl
884 1671 894 1689 ,
925 1644 1014 1682 109.

364 1695 411 1743 V,
430 1697 496 1736 31.
528 1695 603 1742 lx,
622 1698 688 1737 68.
729 1696 838 1734 Falsa
864 1697 1016 1735 lectione

364 1751 533 1788 inductus
558 1753 766 1802 Stephanus
791 1754 1015 1802 Byzantinus

364 1820 409 1846 ex
438 1806 507 1844 hoc
530 1808 610 1845 loco
639 1813 805 1846 recenset
835 1810 1015 1856 Arleatas,

364 1868 524 1912 gentem.
559 1884 615 1892 --
660 1864 774 1901 Paulo
816 1870 901 1904 ante
935 1879 1015 1903 cum

364 1920 482 1958 Gaisf.
508 1921 594 1957 dedi
625 1915 760 1960 αὐτῶν
789 1935 856 1972 pro
889 1917 1015 1960 αὐτέ-

365 1991 421 2015 ων
451 1980 487 2014 et
501 1990 584 2013 mox
603 1973 754 2015 τούτων
774 1991 840 2028 pro
870 1977 1015 2017 τουτέ-

365 2047 434 2072 ων.
483 2033 593 2076 Quod
614 2047 680 2083 pro
699 2033 778 2082 (ἐξ)
798 2029 859 2073 ὧν
883 2036 1016 2072 Strnve

364 2089 538 2137 (Quaest.
574 2090 713 2127 Herod.
748 2091 855 2141 Spec.
887 2105 923 2142 p.
949 2091 1013 2132 44.

363 2145 438 2190 45)
449 2146 678 2184 seribendum
700 2152 826 2185 censet
840 2170 895 2175 ——
905 2163 924 2186 τ
937 2150 967 2186 ὦ
979 2161 1014 2194 ν,

363 2203 400 2239 id
421 2202 523 2238 libris
540 2205 826 2253 repugnantibus
837 2217 1013 2255 reponere

362 2271 436 2296 non
458 2272 538 2295 sum
561 2272 683 2297 ausus.

421 2311 709 2366 Πασαργάδαι]
755 2317 866 2354 Primi
904 2320 1015 2366 atque

362 2371 574 2409 nobilissimi
606 2385 627 2410 e
659 2373 807 2421 Persis,
846 2386 1013 2422 quosque

362 2440 447 2464 mox
474 2426 613 2467 Noster
633 2423 817 2480 α’ρίστους
846 2429 938 2467 haue
963 2429 1010 2466 ob

362 2496 507 2521 causam
547 2485 718 2535 appellat.
789 2486 891 2530 Quas
926 2498 1011 2523 vero

362 2539 451 2577 haec
474 2553 567 2589 gens
599 2543 714 2579 tenuit
741 2543 933 2592 regiones,
972 2542 1009 2578 iu

363 2595 406 2632 iis
425 2596 543 2645 Cyrus
563 2602 649 2647 post
674 2599 881 2636 condidisse
900 2599 1012 2635 fertur

363 2651 488 2689 urbem
516 2653 612 2691 illam
644 2655 805 2694 eiusdem
842 2654 1009 2701 nominis,

363 2707 489 2745 sedem
505 2710 661 2757 regiam,
688 2712 781 2750 bene
798 2715 920 2749 tamen
936 2711 1011 2747 dis-

363 2765 578 2801 cernendam
599 2780 621 2802 a
644 2767 890 2815 l'ersepolidis
913 2769 1010 2804 urbe.

364 2818 484 2868 Atque
502 2821 608 2859 etiam
625 2835 719 2866 nuuc
747 2823 846 2862 Fusa
869 2837 898 2861 s.
912 2822 1011 2862 Pasa

973 675 1095 722 ἄλλοι
1146 677 1192 721 δὲ
1232 678 1401 733 Πέρσαι
1447 678 1528 721 εἰσὶ
1569 678 1682 721 οἵδε·

1084 864 1376 901 unamquamque
1407 852 1531 890 urbem
1568 853 1638 890 dici
1677 867 1740 890 vo-

1084 908 1184 955 lunt,
1215 922 1310 957 quae
1331 910 1502 957 frequens
1522 910 1569 946 sit
1593 914 1629 947 et
1651 911 1739 946 satis

1087 964 1219 1014 ampla.
1278 965 1381 1002 Haec
1407 965 1524 1014 prima
1550 965 1739 1004 Persarum

1087 1034 1179 1069 gens
1205 1025 1344 1057 tantum
1375 1034 1464 1070 prae
1500 1021 1646 1071 reliquis
1677 1035 1739 1060 ex-

1087 1077 1250 1115 celluisse
1283 1077 1445 1125 videtur,
1483 1081 1522 1114 ut
1553 1077 1652 1115 haud
1684 1079 1739 1115 in-

1086 1134 1175 1170 iuria
1195 1133 1324 1171 dixerit
1344 1133 1502 1171 Heeren.
1522 1133 1545 1171 l.
1563 1134 1585 1171 l.
1603 1147 1641 1184 p.
1655 1135 1739 1176 398

1085 1188 1246 1227 nostram
1260 1189 1451 1227 Persarum
1470 1190 1658 1228 historiam
1674 1204 1740 1230 ne-

1085 1260 1267 1296 quaquam
1296 1247 1345 1283 ad
1374 1248 1579 1284 universum
1608 1246 1739 1285 Persa-

1083 1316 1162 1340 rum
1210 1303 1382 1353 populum
1426 1304 1629 1353 pertinere,
1668 1305 1738 1342 sed

1081 1360 1277 1410 primarum
1299 1364 1436 1396 tantum
1469 1373 1550 1397 esse
1574 1361 1738 1408 gentium

1083 1419 1193 1464 atque
1241 1416 1402 1464 inprimis
1444 1415 1738 1465 Pasargadarum

1084 1472 1216 1520 gentis,
1274 1471 1405 1519 Neque
1425 1472 1493 1508 hoc
1511 1473 1557 1508 ab
1578 1472 1737 1510 orienta-

1083 1527 1169 1564 lium
1200 1528 1308 1565 rebus
1338 1528 1522 1575 alienum,
1560 1532 1600 1564 nt
1630 1529 1739 1579 periti

1083 1584 1212 1621 sciunt.
1240 1584 1338 1620 Inter
1359 1583 1512 1621 familias
1531 1590 1651 1622 antem
1660 1586 1735 1621 sin-

1085 1640 1188 1689 gulas
1202 1669 1212 1687 ,
1243 1641 1372 1689 quibus
1393 1641 1482 1678 haec
1501 1653 1592 1688 gens
1606 1642 1665 1688 (nt
1678 1655 1735 1679 re-

1083 1697 1204 1745 liquae
1223 1698 1370 1745 gentes)
1393 1697 1600 1743 constabat,
1619 1698 1735 1747 primo

1083 1753 1163 1788 loco
1177 1753 1466 1790 Achaemenidus
1486 1753 1599 1790 fuisse.
1618 1766 1662 1790 ex
1670 1767 1733 1808 eo·-

1085 1809 1168 1846 dem
1189 1808 1380 1846 Herodoto
1408 1810 1599 1856 discimu53
1628 1811 1735 1860 quip-

1081 1878 1130 1915 pe
1153 1877 1174 1902 e
1196 1866 1324 1913 quibus
1346 1879 1452 1915 reges
1472 1865 1591 1903 exiere
1601 1865 1733 1904 Persa-

1081 1934 1172 1957 rum.
1194 1922 1299 1965 Quae
1321 1923 1400 1972 ipsa
1412 1926 1637 1972 quantopere
1654 1936 1734 1960 cum

1082 1978 1309 2015 orientalium
1352 1979 1568 2028 populorum
1598 1992 1641 2016 ac
1676 1993 1734 2018 re-

1082 2047 1238 2082 gnorum
1257 2035 1379 2072 indole
1400 2035 1626 2082 conveniant,
1637 2037 1734 2073 idem

1082 2096 1341 2128 commonstrat
1369 2091 1406 2128 V.
1429 2091 1476 2128 D.
1502 2090 1523 2127 l.
1539 2090 1561 2127 l.
1583 2103 1619 2140 p.
1634 2093 1731 2138 399,

1082 2148 1142 2182 ubi
1167 2147 1237 2183 alia
1257 2147 1408 2183 aliarum
1438 2147 1600 2194 gentium
1623 2148 1728 2183 insti-

1081 2208 1159 2239 tuta
1179 2203 1306 2239 similia
1322 2204 1471 2253 profert.
1501 2198 1731 2253 ,,Ἀρραχαι-

1082 2259 1238 2309 μενίδαι
1261 2259 1348 2307 (pro
1366 2255 1672 2308 Ἀχαιμενίδαι),
1692 2266 1731 2297 ut

1082 2316 1154 2351 sint
1198 2315 1392 2352 Abraham
1430 2319 1581 2364 posteri,
1624 2317 1731 2353 scribi

1081 2372 1157 2408 vnlt
1184 2373 1236 2409 vir
1263 2373 1390 2409 doctus
1411 2372 1446 2408 in
1466 2372 1635 2421 Monthly
1653 2374 1728 2410 Re-

1079 2429 1190 2474 view,
1212 2428 1288 2465 Mai
1313 2442 1348 2478 p.
1371 2429 1560 2470 38-47.“
1592 2428 1659 2466 Cr.

1135 2481 1379 2537 Mwoimtoc,
1410 2481 1620 2536 stla'omoz]
1640 2484 1728 2523 ssIa-

1078 2542 1197 2591 raplet'c'
1225 2543 1427 2579 reseruntur
1451 2543 1499 2579 ad
1527 2542 1727 2580 Ptolemaei

1077 2597 1316 2645 Marrasium,
1345 2612 1440 2646 quae
1457 2599 1542 2635 urbs
1567 2599 1639 2635 sita.
1667 2611 1728 2636 se-

1077 2655 1320 2704 ptentrionem
1342 2660 1379 2692 et
1397 2656 1572 2694 orientem
1598 2667 1726 2692 versus

1079 2724 1099 2746 a
1127 2711 1371 2761 Persepolidc.
1431 2712 1539 2749 Conf.
1569 2710 1722 2749 Rennel.

1079 2767 1197 2815 Geog.
1222 2769 1307 2805 ller.
1326 2781 1409 2817 pag.
1434 2770 1525 2810 509.
1558 2769 1614 2805 De
1634 2766 1719 2803 Ma—

1079 2826 1163 2874 spt'c's
1184 2824 1269 2861 nihil
1289 2824 1432 2862 aliunde
1451 2828 1600 2863 constat.

1753 534 1807 574 63
