1909 3228
633 219 849 259 CLIO.
908 219 936 258 1.

131 332 336 387 ὅσχίονας
371 331 622 384 παρθένους
660 328 917 385 ἐλάμβανον.

1328 221 1410 260 441

986 328 1044 381 ὦς
1081 328 1165 385 γοέρ
1201 327 1410 380 διεξέλθοι

158 410 182 453 ὁ
213 408 346 465 κῆρυξ
383 409 561 453 πωλέων
598 408 673 459 τὰς
711 408 1002 460 εὐειδεστάτας
1040 413 1128 453 τῶν
1166 408 1467 463 παρθένων,90

159 488 312 545 οἷνίστη
344 487 398 532 ἂν
427 488 506 545 τήν
536 488 889 545 ἀμορφεστάτην,

936 487 964 544 ἢ
994 490 1033 531 εἴ
1059 505 1122 540 τις
1152 486 1317 531 αὐτέων
1347 487 1412 545 ἕμ·

159 583 298 624 πηρος
333 563 410 625 ἦε,
467 569 540 613 καὶ
578 566 740 624 ταύτην
778 566 1064 623 ἅνεκήρυσσε,
1120 566 1237 617 ὅστις
1275 567 1411 616 θέλοι,

159 647 384 704 ἐλάχιστον
419 649 600 703 χρυσίον
638 646 809 702 λαβὼν,
853 646 1090 690 συνοικέειν
1127 646 1262 702 αὐτῇ’
1317 646 1358 696 ές
1388 644 1413 688 ὃ

131 731 224 784 6τῷ
250 727 298 770 τὸ
330 727 552 783 ἐλάχιστον
579 724 851 783 ὑπισταμένῳ
881 723 1149 779 προσεκέετο.

160 808 342 862 χρυσίον
370 805 532 862 ἐγίνετο
563 805 647 849 ἀπὸ
677 809 766 848 τῶν
809 803 1010 848 εὐειδέων
1039 802 1293 858 παρθένων·

1203 725 1251 769 τὸ
1284 726 1329 769 δὲ
1360 724 1415 768 ἂν

1341 804 1416 847 καὶ

160 884 275 928 οὕτω
305 886 351 928 αἱ
378 883 592 940 εὔμορφοι
620 885 696 936 τὰς
727 883 956 940 ἀμόρφους
985 885 1057 926 καὶ
1089 883 1307 940 ἐμπήρους
1338 883 1470 935 εἶξε-95

130 970 153 1004 7
165 964 356 1007 δίδοσαν.

415 964 620 1008 ἐκδοῦναι
664 965 710 1008 δὲ
743 963 822 1019 τήν
862 963 1028 1007 ἑωυτοῦ
1059 964 1277 1017 θυγατέρα
1308 962 1412 1020 ὅτεῳ
1472 969 1526 1011 94

160 1042 367 1099 βούλοιτο
409 1043 588 1094 ἕκαστος
628 1042 711 1087 οὐκ
740 1043 860 1099 ἐξῆν,
916 1041 1016 1086 οὐδὲ
1057 1042 1164 1085 ἄνευ
1205 1041 1414 1097 ἐγγυητέω

162 1121 464 1178 ἀπαγαγέσθαι
492 1124 572 1178 τήν
600 1123 823 1178 παρθένον
851 1121 1117 1178 πριάμενον,
1166 1118 1260 1164 ἀλλ’
1291 1120 1416 1176 ἐγγυ-

161 1200 266 1258 ητὰς
292 1206 399 1258 χρῆν
429 1201 782 1258 καταστήσαντα,
809 1197 838 1258 ἦ
861 1202 946 1258 μὴν
977 1199 1256 1257 συνοικήσειν
1286 1197 1414 1255 αὐτῇ,

163 1279 278 1324 οὕτω
310 1279 574 1337 ἀπάγεσθαι·
605 1284 641 1324 εἰ
671 1282 716 1326 δὲ
744 1280 802 1339 μὴ
830 1282 1148 1338 συμφεροίατο,
1181 1277 1418 1335 ἀποφέρειν

106 1469 180 1502 stro
213 1465 357 1514 collegit
380 1465 490 1502 locos.
546 1463 642 1503 Add.
673 1464 756 1502 Sie-

104 1521 175 1558 bel.
207 1522 255 1558 ad
280 1521 435 1558 Pausan.
468 1521 544 1569 IX,
574 1524 624 1562 13
654 1520 690 1572 §.
716 1525 755 1568 2,

106 1578 169 1626 qui
186 1582 283 1615 recte
300 1582 425 1615 monet
444 1577 511 1615 hac
532 1579 679 1615 subiecti
698 1591 757 1615 re-

104 1634 282 1684 petitione
303 1634 373 1683 (οἵ
391 1635 459 1682 δὲ)
473 1663 484 1682 ,
516 1636 758 1684 praecedente

107 1692 303 1738 negatione
316 1720 327 1738 ‚
365 1691 537 1728 orationis
555 1691 755 1741 perspicui-

107 1750 219 1782 tatem
241 1748 399 1784 adiuvari
421 1751 457 1784 et
476 1760 498 1784 3
519 1748 624 1784 nobis
653 1747 758 1784 reddi

108 1815 237 1852 posse:
268 1803 411 1839 sonclern
439 1816 494 1849 er,
531 1805 591 1840 sie.
619 1823 676 1831 —-
706 1799 757 1840 ἂν

109 1858 321 1907 imperfecto
365 1859 548 1895 indicativi
593 1859 758 1895 additum

111 1913 265 1964 explicat
284 1913 413 1951 Matth.
444 1927 530 1963 pag.
555 1916 674 1955 1198.

169 1985 222 2016 ως
252 1967 325 2022 γὰρ
355 1969 552 2016 διεξέλθοι
582 1967 603 2009 ὁ
633 1964 759 2021 κηρυξ

110 2024 308 2077 πωλέων]
358 2026 479 2075 Vulgo
521 2026 654 2083 edunt:
706 2041 761 2072 ως

76 2097 80 2102 ’
110 2080 185 2135 γὰρ
216 2078 268 2134 δη
293 2082 333 2122 οἰ
357 2056 522 2129 έξέλῠθοι.
570 2064 656 2120 Sed
689 2082 761 2118 iam

112 2140 250 2176 dudum
283 2139 350 2175 viri
391 2139 487 2175 docti
532 2141 761 2184 monuerunt,

111 2195 307 2244 legendum
327 2208 407 2232 esse
428 2192 643 2241 διεξέλθοι,
662 2194 762 2242 quod

111 2252 198 2288 inde
226 2251 355 2288 merito
385 2251 521 2301 recepit
543 2250 761 2298 Schweigh.,

112 2308 165 2344 ita
181 2311 302 2345 tamen
332 2311 371 2344 ut
400 2307 610 2357 particulam
636 2303 685 2355 δή
705 2319 763 2343 re-

113 2365 262 2411 tineret,
296 2376 405 2413 quam
438 2376 506 2401 nos
546 2376 626 2400 cum
655 2362 766 2399 Gais-

115 2419 235 2457 fordio
267 2420 472 2458 abiecimus.
531 2419 592 2456 Sic
617 2431 764 2469 quoque

115 2474 343 2512 Herodotum
397 2476 583 2526 scripsisse
642 2478 766 2512 censet

116 2529 414 2578 WVyttenbachius
443 2533 481 2568 in
507 2530 764 2569 Selectt.histt.

117 2600 154 2637 p.
176 2586 280 2633 354,
309 2587 371 2623 ubi
398 2587 514 2624 locum
535 2588 586 2624 ita
604 2591 765 2624 transtu-

118 2642 178 2679 lit:
216 2662 304 2690 „—
326 2655 431 2693 quam
456 2645 544 2679 enim
574 2642 622 2680 ad
656 2644 766 2692 finem

113 2700 345 2749 pervenisset,
393 2700 568 2747 negotium
599 2699 765 2748 finiisset,

115 2754 370 2792 vendendarum
432 2755 766 2805 formosissimariim

113 2824 264 2861 praeco,·
294 2822 397 2860 quum
417 2823 543 2860 praeco
570 2811 764 2849 venditione

114 2867 387 2918 formosissimas
395 2869 641 2919 permeasset.“
669 2867 767 2906 Lau-

823 1464 887 1501 dat
905 1465 989 1502 dein
1006 1463 1082 1510 ΙΙΙ,
1105 1465 1168 1504 11.
1198 1463 1255 1510 ΙΙ,
1274 1463 1376 1509 143,
1394 1461 1476 1508 alia,

824 1522 951 1569 quibus
982 1492 1082 1558 verbi
1109 1532 1194 1556 usus
1225 1532 1265 1555 ac
1295 1518 1478 1567 significa-

824 1578 876 1615 tio
893 1577 1018 1615 melius
1036 1576 1293 1641 perspiciatur,
1323 1588 1359 1625 p.
1381 1573 1476 1614 448.

883 1629 1022 1683 οἶνιστη
1046 1628 1096 1670 ἂν
1126 1646 1199 1682 την
1230 1624 1477 1683 α’μορφεστα-

824 1688 923 1741 την]
952 1684 1045 1727 De
1028 1685 1079 1727 οἶν
1096 1689 1206 1726 modo
1228 1688 1318 1733 dixi3
1338 1688 1384 1724 de
1404 1688 1479 1723 for-

824 1760 885 1785 ma
926 1745 1134 1797 superlativi
1171 1739 1478 1796 α’μορφεστατην

825 1805 869 1840 cf.
889 1801 1115 1852 supral‚8.
1135 1803 1237 1847 133,
1268 1801 1328 1837 ubi
1349 1799 1479 1835 similia

826 1860 1018 1907 quaedam.
1076 1857 1134 1894 Ad
1162 1859 1316 1893 formam
1337 1851 1475 1904 ανίστη

827 1914 959 1951 adhibe
986 1912 1117 1949 Matth.
1158 1912 1180 1949 l.
1208 1912 1230 1949 l.
1266 1923 1351 1961 pag.
1381 1910 1477 1951 394.

827 1970 870 2007 In
889 1981 991 2017 seqq.
1019 1968 1186 2005 lubenter
1218 1981 1298 2005 cum
1326 1970 1478 2004 recentt.

829 2026 913 2063 edd.
935 2024 1133 2074 recepimus
1160 2021 1392 2075 προσεκέετο
1410 2034 1479 2072 pro

826 2081 922 2129 vulg.
944 2079 1190 2131 προσέκειτο,
1222 2084 1259 2117 et
1292 2078 1400 2129 paulo
1420 2079 1477 2114 in-

828 2138 937 2174 ferius
966 2135 1092 2175 ἒκέετο
1120 2148 1187 2186 pro
1211 2134 1331 2174 ἔκειτο
1341 2151 1353 2184 ,-
1383 2135 1478 2172 conf.

827 2193 958 2231 Matth.
979 2206 1014 2243 p.
1037 2192 1131 2233 467.

885 2247 1072 2288 ἐκδοῦναι
1085 2245 1127 2286 δέ
1142 2262 1216 2297 την
1237 2244 1387 2285 έωυτοῦ
1404 2248 1478 2284 θυ-

831 2303 973 2371 γατέρα
992 2320 1026 2344 ν..
1047 2319 1079 2343 τ.
1099 2303 1146 2355 λ.]
1177 2303 1236 2341 De
1261 2315 1349 2339 voce
1378 2300 1478 2341 ἐκδι-

833 2357 950 2401 δόναι
969 2362 1062 2398 conf.
1083 2372 1192 2410 supia
1210 2360 1256 2396 ad
1277 2358 1312 2405 Ι,
1335 2359 1401 2400 93.
1423 2378 1479 2385 —

831 2418 919 2456 Mox
947 2418 1054 2455 libros
1074 2417 1178 2455 unice
1205 2387 1316 2453 secuti
1336 2414 1481 2465 scripsi-

832 2488 910 2512 mus
933 2471 1124 2526 ἐγγυητέω
1155 2485 1222 2523 pro
1243 2471 1389 2519 vulgato
1412 2468 1480 2522 ἐγ·-

831 2529 1032 2584 γυητέων,
1078 2529 1177 2578 quod
1211 2528 1480 2565 commendatur

833 2587 1000 2637 sequenti
1016 2583 1181 2636 plurali’
1164 2598 1368 2635 εγγυητας.

889 2639 992 2682 ου’τω
1015 2637 1263 2693 ἅπαγεσθαι]
1291 2639 1352 2676 Sic
1367 2639 1481 2677 dede-

831 2703 890 2737 rat
921 2699 991 2736 Iac.
1022 2697 1227 2735 Gronovius
1255 2708 1276 2733 e
1297 2695 1477 2743 Mediceo,

832 2768 942 2805 quem
964 2758 1048 2805 post
1073 2754 1235 2804 plerique
1252 2752 1361 2790 secuti
1382 2755 1477 2788 sunt.

833 2812 954 2854 Quum
972 2822 1057 2848 vero
1078 2810 1116 2847 in
1131 2809 1210 2847 aliis
1233 2807 1331 2846 libris
1362 2811 1479 2846 exstet

833 2863 937 2908 οὕτω
973 2862 1001 2907 δι’
1011 2881 1035 2907 ν
1063 2863 1255 2920 ἄγεσθαι,
1297 2865 1335 2904 id
1360 2865 1478 2917 ipsum
