1909 3228
474 211 558 250 562

477 317 591 370 δεξιοὶ
641 315 848 371 φέροντες
892 313 970 369 τὴν
1011 317 1154 368 χεῖρα·

866 204 1336 243 HERODOTl

1237 312 1466 369 Αἰγύπτιοι
1516 313 1560 357 δὲ
1578 344 1590 366 ,
1645 309 1732 357 dud

479 402 567 440 τῶν
607 396 757 445 δεξιῶν
797 393 866 436 ἐπὶ
904 391 956 435 τὰ
992 389 1222 445 ἀριστερά·
1270 393 1342 436 καὶ
1380 396 1596 443 ποιεῦντες
1625 395 1731 435 ταῦ-

479 493 530 518 τα
599 471 724 516 αὐτοὶ
801 471 810 485 ’
1030 470 1040 485 ’
1078 472 1087 487 “
1239 470 1248 484 “
1378 471 1386 485 '
1521 471 1542 485 ‘'

545 507 557 527 ,
761 488 839 528 μεν
879 482 988 527 φασι
1024 487 1093 515 em
1139 473 1255 524 δεξια
1292 487 1479 523 ποιεειν,
1541 475 1734 528 Ελληνας

451 554 527 597 9δὲ
565 549 636 595 ἐπ’
674 550 889 606 ἀριστερά.
947 551 1188 607 διφασίοισι
1227 551 1272 595 δὲ
1318 547 1541 607 γράμμασι
1579 549 1733 605 χρέων-

426 771 548 813 369.“
577 769 749 807 Creuzer.
763 768 980 806 Commentt.
998 767 1078 806 He-

425 828 528 864 rodd.
545 840 581 877 p.
595 828 678 867 372
692 838 761 874 sq.,
782 825 843 861 ubi
864 825 932 862 alia
953 824 1077 862 adiici-

426 888 544 930 untur,
563 896 657 932 quae
670 882 717 919 ad
732 881 995 931 Aegyptiacam
1015 894 1077 919 ve-

426 944 539 978 terem
559 939 718 988 linguam
738 944 848 987 atque
859 938 1075 974 Hebraicam

427 1009 471 1035 ex
489 1008 561 1033 una
574 996 686 1045 stirpe
698 995 911 1045 progenitas
932 998 968 1031 et
988 1006 1078 1042 qua-

427 1053 457 1090 si
477 1052 653 1098 sororias,
683 1057 722 1088 ut
744 1050 906 1088 nonnulli
928 1055 1076 1087 conten-

427 1110 541 1156 dunt,
580 1111 766 1158 spectant,
805 1107 883 1144 aliis
910 1107 1077 1143 nimirum

426 1165 712 1214 refragantibus,
742 1163 805 1214 qui
830 1163 941 1214 plane
960 1163 1079 1201 diver-

428 1235 488 1260 sas
507 1221 675 1259 iudicant.

483 1277 706 1327 διφασίοισι
727 1272 769 1315 δὲ
787 1269 1079 1327 γράμμασιχρὲ-

431 1349 551 1374 ωνται
569 1349 604 1373 κ.
619 1349 650 1371 τ.
661 1331 708 1383 λ.]
736 1332 974 1380 „Herodotus
990 1331 1081 1368 eluas

427 1390 680 1429 tantummodo
702 1389 868 1437 agnoscit
888 1388 1080 1438 scripturas

429 1447 689 1496 Aegyptiorum
702 1474 712 1491 ,
723 1444 1017 1494 hieroglypltz'cam
1039 1456 1081 1480 ac

425 1502 638 1554 popularem.
696 1501 749 1537 Ac
782 1499 862 1538 licet
895 1500 1080 1537 Diodorus

431 1558 572 1596 Siculus
603 1557 673 1605 (I,
706 1559 756 1598 81
798 1555 879 1593 coll.
907 1555 956 1592 Ill
972 1584 983 1601 ‚
1006 1555 1081 1595 4et

430 1615 545 1652 Palin.
578 1615 745 1662 fragmm.
773 1625 834 1649 sur
861 1611 982 1649 l'etud.
1013 1611 1078 1648 des

430 1670 658 1720 hieroglyph.
672 1672 755 1719 part
775 1669 791 1705 I
812 1680 898 1718 pag.
921 1668 992 1715 12)
1013 1667 1080 1704 hac

431 1727 470 1764 in
488 1740 528 1764 re
556 1726 666 1776 plane
694 1737 774 1762 cum
794 1724 930 1761 Nostro
953 1724 1079 1760 faciat:

430 1787 552 1820 tamen
583 1781 781 1818 Clementis
818 1778 1082 1829 porphyriique

432 1839 611 1876 diversam
627 1837 801 1873 rationem
817 1848 927 1884 supra
944 1846 1081 1871 memo-

431 1894 609 1940 ravimus,
648 1893 677 1930 si
702 1892 812 1929 modo
844 1891 987 1928 diversa
1012 1893 1080 1927 est.

433 1951 507 1988 Iam
527 1949 731 2000 quaeritur,
757 1952 875 1984 utrum
902 1945 1082 1984 Herodoti

432 2007 660 2055 Diodorique
711 2004 868 2041 narratio
902 2003 1082 2040 conciliari

433 2068 543 2113 queat
559 2076 637 2099 cum
659 2065 858 2098 ceterorum
881 2073 972 2109 quos
992 2056 1083 2095 dixi-

434 2133 511 2157 mus
533 2118 760 2164 auctoritate,
783 2130 829 2154 an
841 2129 954 2154 secus.
985 2115 1083 2152 Zoe-

435 2190 483 2225 ἔζη
502 2176 670 2224 quidem,
697 2178 737 2211 ut
759 2174 840 2210 hinc
858 2173 992 2218 ordiar,
1020 2171 1082 2220 qui

434 2234 470 2269 in
491 2246 568 2269 eam
591 2243 754 2267 caussam
777 2230 941 2267 studiose
966 2227 1084 2276 inqui-

435 2301 515 2326 rere
527 2287 678 2324 instituit
691 2288 758 2332 (de
775 2286 939 2323 obelisco.
952 2297 988 2334 p.
1001 2282 1082 2325 424

435 2366 488 2372 ——
513 2342 606 2385 440.
639 2344 765 2391 549),
806 2341 1004 2379 Clementis
1042 2352 1083 2376 ac

436 2400 627 2451 Porphyrii
654 2400 831 2436 rationem
862 2395 1083 2446 argumentis

436 2469 590 2506 operose
603 2456 785 2504 congestis
813 2460 986 2502 tanquam
1004 2452 1084 2489 uni-

437 2526 477 2551 ce
507 2525 628 2550 veram
663 2513 806 2549 firmare
839 2516 895 2548 est
921 2513 1082 2547 conatus.

438 2568 546 2606 Ponit
576 2574 695 2606 autem
729 2567 786 2605 ille
821 2566 1083 2604 Alexandrinus

439 2624 522 2662 haec
542 2627 612 2662 tria
639 2637 786 2674 genera:
816 2620 862 2661 τοὶ
887 2621 1083 2661 ἐπιστολο-

439 2677 633 2731 γραφικοὶ,
666 2679 714 2720 vo?
736 2675 1013 2731 ἷερογλυφικᾶ,
1037 2673 1083 2715 τοὶ

441 2732 669 2786 συμβολικά.
739 2737 878 2773 Contra
908 2734 1086 2772 conciliari

441 2790 530 2828 haec
555 2793 647 2830 inter
677 2807 716 2830 se
740 2806 848 2842 posse
866 2792 997 2829 iudicat
1017 2790 1086 2826 Sa-

442 2859 547 2894 cyus,
579 2848 639 2896 qui
671 2849 719 2885 ita
750 2850 870 2886 scribit
904 2847 1033 2895 (lettre
1063 2847 1084 2883 a

1142 768 1233 806 Msr.
1253 767 1410 820 Chaptal
1431 771 1498 806 etc.
1529 780 1564 817 p.
1588 766 1682 815 39):
1717 764 1793 812 „Si

1143 825 1176 863 le
1195 830 1347 875 rapport
1373 825 1419 862 de
1439 829 1495 862 cet
1512 823 1664 860 ecrivain
1687 821 1793 869 (Cle-

1143 883 1292 930 mentis)
1312 880 1446 919 semble
1465 880 1644 918 contraire
1662 879 1684 916 a
1703 876 1794 915 celui

1144 938 1372 976 d'Herodote
1391 943 1427 974 et
1439 938 1484 974 de
1496 937 1659 974 Diodore
1676 935 1723 972 de
1734 934 1792 970 Si-

1144 995 1229 1042 cile,
1268 995 1329 1043 qui
1365 1007 1411 1032 ne
1446 993 1586 1044 parlent
1599 1020 1610 1039 ,
1650 1003 1722 1040 que
1747 990 1794 1027 de

1145 1052 1240 1089 deux
1275 1056 1391 1088 sortes
1428 1050 1639 1095 d’ecriture,
1685 1046 1709 1083 il
1740 1049 1796 1084 est

1145 1108 1352 1158 cependant
1369 1119 1473 1144 assez
1489 1104 1592 1142 facile
1610 1104 1657 1141 de
1675 1101 1797 1140 conci-

1146 1164 1212 1202 lier
1228 1177 1287 1201 ces
1312 1163 1430 1201 divers
1454 1161 1719 1210 temoignages.
1767 1156 1796 1195 ll

1146 1221 1241 1258 n'est
1258 1232 1323 1270 pas
1335 1219 1535 1257 necessaire
1553 1230 1646 1268 pour
1663 1215 1739 1254 cela
1749 1214 1797 1253 de

1148 1289 1325 1328 supposer
1343 1290 1429 1314 avec
1449 1275 1495 1313 D.
1517 1273 1695 1318 wilkins,
1724 1283 1798 1321 que

1149 1347 1233 1371 sous
1261 1333 1294 1370 le
1315 1345 1397 1370 nom
1423 1332 1611 1369 d’ecriture
1632 1327 1795 1379 dpistolu-

1145 1389 1340 1439 graplu'que
1360 1388 1525 1426 Clement
1541 1382 1798 1423 d’Alexandrie

1147 1459 1169 1482 a
1190 1446 1349 1483 entendu
1371 1444 1490 1494 parler
1516 1444 1566 1479 du
1591 1440 1797 1479 charactere

1148 1502 1267 1547 Grec,
1298 1513 1338 1538 ce
1357 1501 1416 1549 qui
1439 1512 1484 1536 ne
1505 1512 1563 1536 me
1579 1498 1698 1548 paroit
1717 1494 1798 1532 nul-

1146 1557 1280 1595 lement
1315 1554 1606 1599 vraisemblable3
1653 1552 1676 1589 il
1712 1554 1798 1589 vaut

1146 1614 1264 1651 mieux
1306 1612 1492 1662 expliquer
1528 1610 1718 1648 Herodote
1761 1611 1798 1645 et

1146 1670 1310 1707 Diodore
1328 1669 1374 1705 de
1386 1668 1493 1705 Sicile
1508 1680 1574 1717 par
1588 1665 1622 1703 le
1640 1677 1798 1715 passage

1148 1726 1195 1762 de
1213 1738 1253 1761 ce
1272 1725 1364 1761 Pei-e
1384 1729 1421 1761 ct
1441 1723 1518 1760 dire
1536 1734 1608 1772 que
1629 1734 1688 1758 ces
1708 1720 1798 1758 ecri-

1147 1781 1250 1817 vains
1269 1784 1333 1816 ont
1352 1779 1527 1830 compris,
1561 1790 1646 1815 sous
1666 1776 1699 1815 le
1713 1789 1799 1814 nom

1148 1836 1335 1873 d‘ecriture
1354 1835 1535 1884 vulgaire,
1564 1846 1632 1885 par
1648 1832 1798 1884 opposi-

1147 1893 1224 1930 tion
1250 1904 1319 1929 aux
1353 1892 1573 1929 characteres
1599 1890 1718 1927 sacre's
1750 1902 1799 1926 ou

1149 1949 1342 1998 hier-atique
1367 1953 1403 1986 et
1422 1945 1801 1998 epistolograpln‘quess

1147 2005 1311 2042 Vidimus
1361 2005 1515 2043 eandem
1570 2001 1802 2051 Wesselingii

1151 2061 1367 2099 senteutiam
1405 2074 1496 2098 esse.
1564 2059 1645 2097 Nec
1681 2059 1798 2096 minus

1149 2118 1395 2169 patrocinatur
1415 2116 1604 2155 Herodoto
1615 2115 1800 2153 Diodoro-

1150 2187 1222 2224 que
1246 2173 1455 2220 lomardus,
1486 2173 1547 2221 qui
1567 2184 1610 2209 ex
1638 2170 1674 2208 T
1676 2170 1801 2208 hebai-

1150 2231 1199 2267 cis
1216 2230 1455 2267 monumentis
1473 2228 1657 2278 copiosam
1675 2227 1731 2264 his
1751 2227 1799 2265 de

1148 2287 1257 2323 rebus
1277 2285 1485 2335 disputandi
1510 2284 1696 2322 materiam
1722 2286 1800 2321 erat

1149 2347 1286 2379 nactus.
1345 2341 1420 2379 Sed
1438 2341 1532 2378 idem
1551 2344 1674 2378 tamen
1692 2339 1798 2381 aliam

1148 2398 1240 2435 illius
1271 2398 1487 2435 diversitatis
1518 2397 1695 2434 rationem
1733 2395 1801 2433 sibi

1149 2456 1319 2491 insonum
1329 2455 1365 2491 it.
1422 2454 1510 2491 Eius
1544 2465 1613 2503 ego
1643 2453 1708 2489 viri
1741 2464 1799 2489 ar-

1150 2517 1402 2560 gumentorum
1424 2523 1598 2548 summam
1627 2509 1695 2546 hoc
1719 2508 1798 2545 loco

1150 2567 1404 2604 subiiciendam
1435 2567 1554 2613 duco,
1581 2579 1655 2615 quo
1680 2565 1801 2602 Hero-

1152 2624 1228 2661 doti
1258 2623 1447 2661 lectoribus
1480 2622 1677 2660 consulam.
1735 2620 1801 2657 Vi-

1151 2679 1280 2717 delicet
1298 2679 1485 2716 oblocutus
1498 2679 1648 2727 Zo'egae
1664 2678 1802 2715 lomar-

1153 2736 1219 2773 dus
1248 2735 1448 2785 (Descript.
1478 2737 1524 2773 de
1550 2735 1642 2783 l’Eg.
1661 2734 1800 2782 antiqq.

1151 2793 1220 2828 vol.
1242 2792 1270 2828 ll
1305 2805 1389 2842 pag.
1411 2793 1523 2839 370)
1561 2791 1632 2829 duo
1661 2794 1798 2827 tantum

1153 2849 1348 2899 scripturae
1377 2860 1513 2896 genera
1543 2846 1642 2898 apud
1659 2850 1797 2882 veteres
