1909 3228
529 223 1046 264 EUTERPE.II.
1319 227 1402 266 669

121 337 240 381 3σύν
281 336 326 380 δέ
365 347 443 392 σφι
482 337 527 379 αἱ
564 332 866 390 προσήκουσαι
905 336 1053 376 πᾶσαι.
1113 332 1327 387 ἑτέρωθεν
1367 333 1413 378 δὲ

122 419 200 460 4οῐ
233 417 385 469 ἄνδρες
419 415 671 466 τύπτονται,
705 414 984 469 ἐπεζωσμὲνοι
1016 413 1090 457 καὶ
1119 407 1253 456 οὗτοι.
1285 411 1416 455 ἐπεὰν

152 497 197 540 δὲ
226 501 363 539 ταῦτα
394 495 628 550 ποιήσωσι,
676 493 791 536 οὕτω
822 492 863 543 ἐς
902 492 982 547 τήν
1018 494 1264 547 ταρίχευσιν
1293 493 1472 547 κομί-25

1467 563 1591 597 Triplex
1609 563 1748 590 condien-

29 575 94 619 86
153 580 284 629 ζουσι.
342 576 442 617 Εἰσὶ
475 575 518 617 δὲ
550 578 591 616 οἳ
631 573 698 616 ἐπ’
740 570 859 630 αὐτῷ
896 572 1035 628 τούτῳ
1066 572 1290 621 κατέαται,
1337 570 1410 613 καὶ
1468 597 1496 623 di
1517 597 1672 623 cadaveris
1701 605 1748 623 m-

1467 631 1524 657 tio:
1562 631 1658 664 qualis
1668 664 1674 670 .
1686 631 1747 665 pri-

123 655 308 711 2τὲχνην
347 656 490 710 ἔχουσι
534 652 706 708 ταύτην.
765 646 887 695 οὗτοι
929 649 1058 693 ἐπεάν
1097 662 1176 706 σφι
1219 653 1410 707 κομισθῇ
1467 673 1533 691 ma:
1566 673 1676 697 ganum
1694 671 1747 699 pro

96 852 249 888 cumdet.
287 852 392 887 Conf.
415 850 565 886 Costaz.
587 849 623 886 in
643 849 748 886 mem.

97 909 284 957 (descript.
308 908 354 944 de
383 907 494 955 l'Eg.)
530 907 543 942 I
576 919 661 956 pag.
682 908 745 946 74.

95 964 205 1001 Plura
225 965 286 1000 Cr.
318 964 338 1000 l.
363 963 384 999 l.
425 964 529 1006 Quae
551 965 660 999 etiam
683 976 746 999 ex-

93 1021 227 1071 plicant
247 1020 401 1057 Diodori
419 1021 526 1056 verba
549 1020 594 1056 de
619 1019 748 1067 lugen-

95 1078 191 1114 tibus
222 1077 407 1125 Aegyptiis
434 1076 467 1122 I,
493 1079 564 1117 72:
596 1075 661 1114 καὶ
682 1090 748 1113 πε-

96 1133 348 1184 ριεζωσμένοι
377 1129 562 1180 σινδόνας
596 1128 746 1171 ὑποκά-

95 1205 148 1228 τω
167 1192 247 1227 τῶν
269 1192 440 1239 μαστῶν.

152 1245 219 1284 καὶ
242 1246 458 1294 φαίνουσαι
475 1243 568 1292 τούς
585 1241 746 1296 μαζούς]

94 1303 170 1339 Iam
206 1303 387 1339 Homerus
418 1304 489 1340 Od.
522 1303 661 1350 XVIII,
693 1306 746 1343 67

96 1359 257 1408 φαίνειν
294 1355 446 1409 μηρούς
484 1360 591 1405 dicit,
630 1372 747 1408 eoque

95 1417 201 1452 etiam
222 1416 405 1465 pertinent
423 1416 626 1465 Spartanae
653 1430 744 1464 φαι-

94 1472 334 1522 νομηρίὸες,
366 1476 536 1508 monente
570 1473 653 1517 Cr.,
684 1471 745 1520 qui

94 1528 117 1565 l.
148 1529 169 1565 l.
193 1533 337 1578 praeter
365 1528 434 1564 alia
462 1528 550 1564 haec
583 1528 743 1564 addidit:

95 1613 119 1633 ‚,
132 1585 327 1622 Caeterum
348 1584 443 1621 hunc
470 1584 652 1634 planctum
671 1584 745 1620 Ae-

95 1642 303 1691 gyptiorum
346 1645 499 1691 propter
553 1642 744 1678 defunctos

95 1697 221 1735 Moses
242 1699 349 1734 etiam
366 1698 533 1745 agnoscit
551 1698 586 1733 in
601 1697 746 1746 Iosephi

96 1754 232 1804 pietate
252 1754 485 1791 memoranda
505 1754 640 1790 Genes.
663 1753 708 1798 L,
723 1756 744 1794 1

98 1823 199 1858 seqq.
236 1810 285 1846 Et
314 1810 595 1858 Babyloniorum
614 1810 745 1846 similes

96 1866 371 1902 lamentationes
405 1879 447 1902 ea
485 1866 521 1901 in
561 1878 600 1902 re
635 1866 747 1901 fuisse

96 1922 262 1973 perhibet
280 1922 491 1958 Herodotus
511 1921 548 1967 Ι,
571 1924 648 1962 198
669 1922 750 1967 (ubi

97 1979 167 2014 vid.
190 1980 312 2026 nott).
370 1978 450 2014 Alia
478 1979 524 2015 de
546 1978 749 2014 huiusmodi

96 2035 279 2071 mulierum
313 2034 458 2084 planctu
491 2047 510 2071 e
540 2034 752 2082 peregrina-

97 2092 233 2127 tionum
257 2091 355 2127 libris
383 2091 565 2138 congessit
586 2091 749 2138 Heynius

98 2147 135 2183 in
154 2147 312 2196 spicileg.
333 2148 445 2195 antiq.
466 2159 572 2183 mum.
590 2147 625 2182 in
648 2159 747 2183 com-

98 2209 223 2241 mentt.
244 2217 315 2240 soc.
339 2203 440 2239 Gott.
466 2203 515 2239 III
541 2216 575 2252 p.
595 2205 646 2243 80
667 2215 747 2251 sqq.

97 2259 218 2308 Magis
240 2273 306 2295 nos·
325 2260 513 2297 advertere
525 2260 633 2296 debet
648 2258 748 2305 illud,

99 2317 200 2365 quod
225 2317 371 2352 eosdem
397 2316 546 2364 lugendi
571 2315 749 2364 plangen-

100 2373 209 2420 dique
231 2372 317 2408 ritus
339 2372 520 2420 hodieque
541 2385 606 2421 per
624 2372 748 2420 Aegy-

98 2433 199 2478 ptum
219 2428 381 2465 obtinere
397 2428 494 2465 docti
515 2428 747 2476 Francogalli

98 2488 298 2529 testantur,
328 2484 451 2532 quales
472 2489 508 2520 et
536 2485 747 2521 Herodotus

100 2540 290 2588 descripsit
313 2545 348 2576 et
368 2541 527 2589 picturae
544 2540 624 2576 illae
644 2540 746 2576 The-

100 2595 224 2631 baicae
251 2595 288 2630 in
316 2596 487 2645 sepulcris
513 2601 599 2633 ante
624 2595 747 2632 oculos

98 2656 251 2701 ponunt.
281 2651 362 2687 vid.
385 2652 518 2700 Royer.
539 2656 575 2689 et
591 2652 746 2688 Iomard.

99 2707 137 2743 in
158 2709 272 2744 deser.
294 2707 340 2744 de
357 2707 449 2756 l’Eg.
476 2708 551 2744 Iivr.
572 2708 607 2744 X
635 2721 672 2758 p.
691 2710 746 2749 43

100 2768 139 2801 et
157 2764 294 2812 antiqq.
320 2763 351 2799 II
370 2777 405 2813 p.
425 2765 611 2805 383.“—-

155 2815 259 2858 οὕτω
277 2818 317 2866 ἐς
336 2818 410 2871 τήν
435 2820 656 2870 ταρίχευσιν
681 2834 746 2859 κο-

99 2873 279 2926 μίζουσι]
317 2875 340 2913 i.
371 2889 402 2914 e.
444 2876 491 2913 ad
523 2876 746 2914 condiendum

1468 697 1593 732 glutine.

816 848 987 897 efferunt,
1018 852 1055 885 ut
1073 848 1128 895 II,
1154 851 1206 890 89
1231 847 1386 886 διδοῦσι
1406 863 1471 886 τα-

818 902 997 957 ριχεύειν.
1048 904 1099 941 Ac
1121 905 1307 955 probabile
1328 908 1403 951 est,
1433 906 1470 941 in

818 963 967 1009 singulis
1007 962 1091 998 vicis
1137 963 1316 1011 pagisque
1357 962 1469 998 fuisse

817 1020 1000 1065 aedificia,
1034 1019 1091 1054 ubi
1130 1020 1307 1055 cadavera
1344 1017 1470 1053 condi-

816 1080 958 1122 rentur,
989 1075 1092 1124 plura
1121 1076 1228 1111 etiam
1254 1076 1289 1110 in
1310 1074 1470 1123 qualibet

815 1132 904 1169 urbe
947 1132 1094 1168 maiore.
1160 1131 1319 1168 Verbum
1357 1144 1468 1179 ταρι-

815 1183 966 1238 χεύειν,
998 1189 1096 1236 quod
1127 1188 1173 1224 de
1206 1187 1369 1236 quolibet
1398 1186 1469 1222 sal-

816 1246 968 1281 samenti
993 1257 1126 1292 genere
1147 1248 1352 1293 usurpatur,
1381 1256 1468 1292 pro-

812 1302 931 1351 prium
962 1302 1044 1337 dein
1075 1301 1241 1337 universo
1262 1300 1384 1336 huicce
1404 1312 1470 1336 ne-

814 1358 914 1405 gotio
942 1358 1227 1393 condiendorum
1251 1356 1469 1392 cadaverum

812 1413 988 1450 adhaesit.
1045 1413 1154 1449 Plura
1183 1414 1398 1449 Creuzerus.

980 1497 1010 1533 c
1024 1509 1044 1533 a
1054 1510 1091 1546 p.
1119 1495 1328 1533 LXXXVI.

871 1580 909 1619 οἳ
937 1575 1002 1619 ἐπ’
1033 1575 1144 1633 αὐτῷ
1176 1575 1302 1632 τούτῳ
1333 1577 1469 1618 κατέα-

814 1638 898 1686 ται]
919 1635 1100 1675 κατέαται
1121 1636 1243 1673 Ionica
1263 1638 1381 1674 forma
1401 1649 1468 1687 pro

815 1691 1017 1743 κάθηνται
1037 1698 1076 1729 ut
1098 1692 1138 1740 Ι,
1161 1695 1251 1734 199.
1298 1693 1468 1743 Explicat

815 1750 1096 1787 Valckenarius:
1137 1751 1299 1799 occupati
1328 1752 1364 1786 in
1399 1749 1470 1786 ali-

817 1820 885 1856 qua
903 1819 938 1842 re
950 1836 960 1853 ‚
980 1813 1015 1843 et
1028 1806 1242 1842 locutionem
1256 1807 1470 1855 καθῆσθαι

816 1863 881 1902 ἐντί
908 1877 984 1901 τινι
1021 1864 1066 1899 de
1091 1863 1290 1911 artificibus
1323 1862 1468 1898 sellula-

818 1922 903 1966 riis,
932 1922 967 1955 in
989 1918 1127 1966 officina
1142 1932 1207 1955 sua
1228 1918 1422 1954 sedentibus
1436 1922 1469 1955 et

818 1976 1034 2024 operantibus
1073 1976 1244 2011 usitatam
1263 2004 1273 2021 ‚
1332 1975 1470 2023 aliquot

817 2033 969 2068 illustrat
997 2031 1180 2081 exemplis.
1241 2031 1364 2074 Quare
1399 2031 1468 2068 hoc

817 2089 895 2125 loco
917 2084 1216 2136 κατατετάχαται
1228 2116 1238 2133 ,
1271 2088 1369 2136 quod
1381 2087 1468 2123 Val-

817 2145 873 2181 lae
891 2146 1006 2182 versio
1025 2145 1219 2194 expressit,
1238 2144 1411 2192 quodque
1430 2144 1468 2180 in

816 2201 996 2237 Sancrosti
1012 2200 1103 2236 libro
1116 2204 1259 2237 vetusto
1270 2204 1468 2250 comparet,

818 2262 856 2294 et
884 2258 985 2293 simili
1021 2258 1176 2306 denique
1208 2256 1287 2293 loco
1317 2257 1352 2303 I,
1386 2259 1465 2296 191

818 2314 951 2350 firmari
978 2327 1087 2364 posse
1114 2314 1255 2350 videtur
1282 2312 1400 2362 (‚,quz'
1418 2311 1466 2349 acl

818 2371 879 2406 hoc
897 2373 1007 2419 ipsum
1022 2372 1204 2406 constituti
1219 2371 1365 2412 erant;“
1381 2381 1466 2406 nam

813 2427 956 2477 publica
981 2426 1063 2475 lege
1093 2426 1294 2474 designati,
1336 2425 1465 2473 quibus

814 2485 979 2520 funerum
1001 2495 1100 2528 cura,
1130 2486 1222 2519 teste
1245 2482 1410 2518 Diodoro
1436 2481 1465 2528 I,

816 2542 903 2587 91)⁷
934 2539 1150 2588 quibusdam
1174 2537 1384 2587 placiturum
1413 2537 1467 2573 vi-

817 2596 908 2640 deo;
949 2596 1034 2641 nisi,
1069 2607 1161 2643 quae
1187 2606 1268 2631 mea
1296 2598 1351 2630 est
1381 2607 1466 2631 sen-

815 2652 948 2698 tentia,
990 2651 1104 2700 ipsius
1134 2651 1229 2686 vocis
1261 2650 1464 2700 primitivae

813 2709 978 2744 videatur
997 2708 1352 2757 interpretamentum
1369 2706 1464 2744 male

815 2764 898 2800 dein
918 2764 955 2799 in
978 2767 1117 2800 textum
1133 2767 1328 2812 receptum.
1385 2762 1466 2800 Nec

814 2820 971 2868 denique
987 2819 1214 2857 inhonestum
1235 2818 1462 2865 vocabulum,

815 2876 844 2913 si
859 2876 1073 2914 taricheutas
1092 2876 1192 2927 ipsos
1204 2904 1215 2923 ,
1236 2874 1461 2913 inferiorem-
