1877 3223
639 220 941 260 cL10.1.

1337 226 1419 266 179

164 332 237 376 καὶ
265 331 558 387 δεησομένους
588 333 848 387 συμμαχίης,
879 328 1173 387 ἐντειλάμενός
1201 347 1245 374 τε
1273 331 1326 374 τοὶ
1355 333 1419 376 λέ-

136 418 256 467 Ξγειν
290 415 413 467 χρῆν.

473 413 517 454 οἱ
556 411 621 459 δὲ,
672 409 872 462 ἐλθόντες
907 410 1072 465 ἔλεγον·
1131 408 1347 465 ,,Ἔπεμψε
1373 410 1420 467 ἡ-

162 491 300 546 ,,μέας
329 493 522 544 Κροῖσος
552 490 574 532 ὁ
607 492 766 533 Λυδῶν
803 506 847 532 τε
877 490 949 532 καὶ
979 489 1121 532 ἄλλων
1150 489 1311 533 ἐθνέων
1340 493 1418 546 βα-

164 570 365 620 ,,σιλεὺς,
396 569 533 624 λέγων
560 568 682 611 τάδε·
715 564 766 610 Ὦ
795 569 1151 623 Λακεδαιμόνιοι,
1181 567 1420 624 χρήσαντος

163 652 277 700 ,,τοῦ
305 652 416 691 θεοῦ
443 648 524 691 τόυ
544 647 732 703 “’Έλληνα
770 649 902 703 φίλον
940 648 1240 702 προσθέσθαι,
1290 647 1429 703 ’ὑμέας

166 727 282 783 ,,γάρ
312 724 595 781 πυνθάνομαι
624 726 884 781 προεστάναι
915 731 991 782 τῆς
1021 725 1244 778 Ἑλλάδος,
1282 726 1417 783 ὑμέας
1431 734 1476 769 25

164 800 264 857 „03²1
292 805 401 848 κατὰ
431 804 482 848 τό
521 804 783 862 χρηστήριον
823 807 1169 861 προσκαλέομαι,
1222 807 1348 861 φίλος
1376 821 1420 848 τε

161 883 330 935 ,,θέλων
359 885 562 939 γενέσθαι
591 886 664 928 καὶ
695 885 917 941 σύμμαχος
953 884 1058 928 ἄνευ
1099 901 1143 928 τε
1181 885 1314 929 δόλου
1345 886 1419 928 καὶ

131 969 185 1014 3„
198 961 405 1018 a'mimygf‘
444 966 635 1017 Κροῖσος
668 964 746 1018 μὲν
777 964 828 1020 δὴ
855 968 990 1007 ταῦτα
1021 962 1072 1007 δι’
1104 962 1293 1020 ἀγγέλων
1322 964 1420 1007 έπε-

159 1041 434 1097 κηρυκεύετο.

494 1042 839 1098 Λακεδαιμόνιοι
870 1043 939 1093 δὲ,
980 1042 1213 1099 ἀκηκοότες
1241 1043 1314 1086 καὶ
1344 1041 1419 1086 αὐ-

159 1121 228 1163 τοὶ
262 1120 312 1164 τὸ
356 1121 628 1175 θεοπρόπιον
666 1122 714 1165 τὸ
751 1124 928 1177 Κροίσῳ
968 1122 1227 1178 γενόμενον,
1284 1120 1475 1178 ἥσθη-30

158 1199 241 1242 σάν
268 1216 312 1242 τε
330 1203 383 1255 τῇ
407 1198 551 1254 ἀφίξει·
577 1205 665 1243 τῶν
694 1203 874 1253 Λυδῶν,
905 1202 978 1244 καὶ
1007 1200 1263 1257 ἐποιήσαντο
1294 1200 1421 1256 ὅρκια

159 1279 315 1334 ξεινίης
343 1277 440 1332 πέρι
473 1279 542 1321 καὶ
572 1280 830 1336 ξυμμαχίης·
881 1281 953 1323 καὶ
989 1280 1073 1335 γάρ
1113 1297 1225 1331 τινες
1256 1277 1419 1330 αὐτοὺς

160 1355 401 1412 εὐεργεσίαι
431 1355 546 1412 εἶχον
576 1359 622 1400 ἐκ
651 1360 849 1413 Κροίσου
868 1358 1082 1413 πρότερον
1103 1359 1164 1402 ἔτι
1183 1363 1418 1414 γεγονυῖαι.

129 1435 400 1490 4πέμψαντες
437 1436 520 1492 γὰρ
562 1438 604 1480 οἱ
635 1435 973 1492 Λακεδαιμόνιοι
1002 1437 1044 1487 ές
1078 1435 1274 1491 Σάρδις,
1321 1453 1419 1490 χρυ-

158 1514 239 1558 σὸν
268 1512 477 1568 ὠνέοντο,
510 1516 552 1566 ές
583 1514 753 1572 ἄγαλμα
772 1514 1034 1572 βουλόμενοι
1052 1515 1297 1571 χρήσασθαι
1319 1513 1475 1557 τού-35

104 1690 151 1726 ad
183 1689 348 1739 Euphori
380 1691 546 1739 fragmm.
587 1703 623 1740 p.
656 1692 750 1732 207.

105 1750 140 1783 et
162 1745 328 1782 Eustath.
355 1748 403 1783 ad
429 1747 578 1784 Homer.
614 1747 752 1794 odyss,

106 1801 216 1848 XIX,
253 1801 334 1842 247
363 1815 399 1852 p.
431 1804 535 1849 694,
566 1801 619 1842 43
640 1803 751 1840 Basil.

161 1853 380 1907 χρήσαντος
415 1860 487 1896 τοῦ
534 1860 638 1895 θεοῦ
683 1855 753 1897 τὸν

93 1909 268 1964 ’Ἕλληνα
316 1914 435 1962 φίλον
483 1911 750 1965 προσθέσθαι]

104 1970 262 2019 Insignis
289 1971 428 2007 numeri
450 1970 641 2018 singularis
671 1983 757 2005 usus

103 2026 183 2062 loco
209 2026 357 2076 pluralis
387 2022 499 2073 (τούς
518 2023 757 2074 Ἕλληνας),

105 2083 204 2130 quod
229 2087 352 2119 tamen
378 2082 531 2119 subinde
553 2082 630 2118 fieri
655 2085 760 2118 notat

105 2138 234 2175 Matth.
256 2136 292 2188 §.
315 2139 396 2179 293
415 2152 451 2188 p.
475 2139 568 2178 587.

162 2189 210 2233 δι’
233 2189 406 2246 ἀγγέλων
428 2188 754 2245 ἐπεκηρυκεύετο]

105 2249 345 2288 Locutionem
411 2254 558 2288 tuentur
620 2250 758 2299 aliquot

107 2306 273 2356 exempla
295 2319 316 2343 a
331 2306 482 2344 Wessel.
506 2305 626 2343 allata.
658 2305 758 2343 Nam

109 2362 243 2410 aliquot
288 2362 367 2399 libri
413 2363 627 2400 coniunctim
671 2362 759 2399 scri-

111 2422 211 2466 ptum
236 2419 429 2468 praebent:
461 2420 607 2471 διαγγ
622 2416 758 2456 ε’λων.

111 2472 181 2508 Est
211 2479 332 2511 autem
361 2471 444 2513 διὰ
476 2476 510 2512 h.
529 2475 552 2511 l.
582 2487 658 2524 per,
688 2487 759 2523 ope,

113 2528 243 2576 durch,
281 2531 506 2579 vermittelst,
544 2534 606 2567 mit
628 2530 758 2580 Hal-fe,

113 2589 283 2622 monente
328 2585 458 2623 Matth.
508 2586 544 2637 ξ.
586 2587 688 2633 580,
735 2587 761 2623 d

113 2653 150 2690 p-
183 2641 302 2681 1150.
351 2642 412 2678 Sic
435 2638 498 2681 δι’
528 2637 760 2694 οἷγγέλων

113 2694 152 2742 Ι,
188 2699 255 2737 99.
302 2699 391 2737 141.
429 2698 516 2745 Vll,
558 2699 651 2739 203.
687 2698 763 2735 sed

113 2751 256 2788 videtur
279 2753 318 2789 in
347 2753 560 2791 Herodotea
581 2754 761 2791 locutione

113 2807 236 2845 inesse
298 2809 477 2857 quaedam
533 2810 765 2857 abundantia,

115 2862 252 2902 Nostro
274 2864 441 2916 scriptori
461 2869 582 2903 tamen
606 2877 681 2902 non
710 2866 765 2903 in-

820 1691 962 1727 usitata.
992 1689 1089 1728 Nam
1118 1684 1477 1741 ἐπικηρυκεύεσθαι

821 1747 1047 1794 Thucydidis
1082 1747 1275 1783 scholiasta
1309 1747 1357 1783 ad
1394 1746 1475 1792 VH,

820 1804 875 1843 48
902 1803 1067 1851 exponit:
1099 1800 1164 1840 δια).
1197 1797 1383 1853 κηρύκων
1406 1817 1477 1851 μη-

821 1854 946 1903 νύειν,
966 1859 1027 1894 ubi
1050 1858 1201 1895 aliorum
1224 1859 1477 1906 grammatico-

824 1927 902 1950 rum
931 1914 1030 1950 locos
1067 1914 1186 1950 attulit
1217 1914 1356 1950 Duker.
1396 1913 1475 1950 coll.

829 1969 936 2015 VIII,
969 1968 1033 2009 44.
1065 1971 1129 2009 80.
1159 1969 1299 2006 Dicitur
1327 1969 1478 2019 potissi-

825 2038 922 2062 mum
957 2025 1003 2061 de
1041 2025 1187 2072 regibus
1225 2028 1287 2061 aut
1327 2025 1478 2062 civitati-

826 2083 893 2119 bus
912 2081 1053 2129 legatos
1073 2080 1294 2118 induciarum
1315 2085 1377 2118 aut
1398 2082 1479 2118 soe-

827 2139 954 2175 derum
983 2149 1091 2173 causa
1130 2137 1277 2187 publice
1304 2137 1479 2174 mittenti-

826 2194 905 2231 bus.

881 2246 949 2288 καὶ
997 2245 1071 2299 γάρ
1132 2262 1236 2295 τινες
1293 2244 1479 2296 αὐτοῦς

828 2301 1041 2357 εὐεργεσίαι
1055 2299 1174 2354 εἶχον]
1206 2306 1348 2354 Steger.
1366 2305 1479 2342 Prae-

825 2364 890 2400 fat.
918 2362 966 2397 ad
993 2362 1132 2398 Herod.
1162 2375 1199 2411 p.
1225 2361 1260 2398 X
1283 2362 1479 2410 legendum

826 2421 932 2468 putat
970 2416 1016 2462 ἒς
1053 2412 1218 2465 αὐτοῦς,
1264 2431 1342 2455 cum
1378 2416 1479 2467 ἔχειν

827 2474 1052 2511 intransitivo
1083 2486 1192 2510 sensu
1224 2473 1270 2510 sit
1300 2474 1480 2524 accipien-

829 2531 915 2567 dum
947 2530 1120 2578 (exstare)
1154 2533 1192 2566 ut
1213 2529 1251 2576 I,
1273 2531 1364 2570 180.
1387 2531 1479 2570 181.

827 2586 892 2633 ΙΙΙ,
916 2587 970 2626 48
989 2590 1055 2624 cet.
1081 2584 1161 2623 Nec
1175 2589 1297 2623 tamen
1317 2585 1404 2624 mihi
1421 2584 1480 2622 ille

828 2642 1019 2693 persuasit.

884 2695 1030 2749 χρυσόν
1063 2690 1256 2747 ω’νέοντο]
1308 2692 1478 2737 ω’νέοντο

830 2766 934 2791 emere
962 2754 1139 2800 volebant,
1169 2755 1205 2790 in
1237 2756 1351 2791 animo
1377 2754 1481 2790 habe-

832 2811 915 2846 bant
926 2823 939 2854 ,·
969 2811 1015 2847 de
1031 2822 1102 2858 quo
1118 2809 1316 2859 imperfecti
1336 2823 1404 2847 usu
1425 2810 1481 2846 di-

832 2866 948 2904 ximus
977 2866 1025 2903 ad
1051 2865 1090 2913 Ι,
1122 2867 1271 2961 ῗΞ*-
1312 2866 1354 2903 In
1375 2878 1478 2915 seqq.
