1877 3223
445 234 528 275 146
857 231 1324 271 HERODOTI

443 344 652 399 κυρῆσαι,
689 341 906 398 πρότερον
933 340 1224 399 εὐδοκιμήσας
1253 340 1301 384 ἐν
1329 344 1382 398 τῇ
1413 341 1524 396 πρὸς
1552 346 1698 399 Μεγα.

441 420 542 474 ρέας
576 420 786 479 γενομένῃ
824 422 1078 478 στρατηγίῃ,
1124 419 1318 464 Νίσαιάν
1359 436 1403 463 τε
1443 420 1576 475 ἑλὼν,
1624 422 1699 466 καὶ

414 505 437 539 6
447 498 556 543 ἄλλα
586 498 903 556 ἀποδεξάμενος
932 499 1091 555 μεγάλα
1121 500 1233 555 ἔργα.
1280 498 1330 542 ‘O
1353 499 1398 542 δὲ
1421 501 1556 555 δῆμος
1575 500 1598 544 ὁ
1619 505 1708 544 τῶν

437 576 686 634 Ἀθηναίων
714 578 1013 634 ἐξαπατηθεὶς,
1046 578 1173 622 ἔδωκέ
1205 579 1248 621 οἱ
1275 582 1364 621 τῶν
1394 576 1539 622 οἰστῶν
1567 588 1724 624 κατα-5

441 659 561 709 λέξας
592 655 756 712 ἄνδρας
784 657 992 710 τούτους,
1034 660 1076 701 οἳ
1117 657 1364 713 δορυφόροι
1395 658 1472 712 μὲν
1502 655 1584 702 οὐκ
1614 658 1698 713 ἐγέ-

439 752 569 779 νοντο
601 736 938 791 Πεισιστράτου,
980 734 1288 793 κορυνηφόροι
1327 736 1385 779 δέ.

1446 735 1586 788 ξύλων
1614 736 1699 792 γὰρ

410 812 635 870 7κορύνας
665 813 833 868 ἔχοντες
863 814 1037 859 εἵποντό
1068 817 1112 858 οἱ
1142 815 1305 859 ὄπισθε.
1349 815 1698 858 συνεπαναστάν-

437 908 507 943 τες
536 892 581 936 δὲ
613 886 734 936 οὗτοι
764 892 854 948 ἅμα
885 894 1203 950 Πεισιστράτῳ,
1242 895 1366 949 ἔσχον
1395 894 1473 950 τὴν
1503 894 1699 949 οἷκρόπο-

437 975 519 1014 λιν.
559 971 668 1015 ἔνθα
699 972 750 1027 δὴ
784 970 807 1015 ὁ
839 973 1147 1027 Πεισίστρατος
1173 968 1275 1028 ἦρχε
1300 971 1566 1028 Ἀθηναίων,
1599 972 1697 1017 οὔτε

438 1048 565 1105 τιμάς
593 1050 668 1101 τοὶς
699 1047 855 1101 ἐούσας
884 1049 1174 1105 συνταράξας,
1231 1052 1328 1094 οὔτε
1357 1052 1514 1107 θέσμια
1544 1057 1696 1107 μεταλ-
1711 1059 1753 1091 1ο

439 1127 570 1181 λα”ξας
583 1143 592 1153 ·

439 1296 702 1353 εὐδοκιμήσας
745 1301 789 1341 ἕν
836 1304 886 1356 τῇ
936 1300 1034 1354 πρὸς

383 1356 598 1409 Μεγαρέας
633 1357 826 1412 γενομένῃ
873 1371 1033 1409 στρατη-

382 1412 465 1467 γίῃ]
498 1414 659 1452 Pertinet
685 1415 754 1451 hoc
786 1415 948 1464 inprimis
985 1416 1033 1451 ad

383 1470 651 1519 expeditionem
694 1470 741 1507 de
785 1472 1032 1520 recuperanda

382 1525 587 1573 Salamine,
645 1538 753 1574 quam
792 1525 1032 1574 Megarenses

382 1582 579 1628 tenebant,
622 1586 848 1631 susceptam,
884 1583 920 1618 in
959 1595 1032 1631 qua

381 1641 528 1687 praeter
602 1637 776 1675 Solonem
813 1675 819 1686 ‚
850 1637 1030 1675 Pisistrati

383 1692 490 1729 etiam
516 1693 555 1729 fit
578 1693 712 1731 mentio
734 1694 832 1743 apud
851 1694 1029 1731 Plutarch.

382 1747 455 1784 Vit.
478 1748 603 1787 Solon.
628 1762 683 1799 cp.
707 1750 732 1789 8
752 1762 837 1799 pag.
861 1752 926 1790 82.

441 1802 578 1841 Nisaea
609 1804 785 1853 Megarae
815 1811 870 1842 est
888 1809 1030 1854 portus,

384 1860 446 1909 qui
474 1859 594 1909 longis
625 1861 813 1897 moenibus
841 1874 920 1897 cum
951 1861 1031 1909 ipsa

385 1916 473 1952 urbe
494 1920 550 1953 est
577 1917 799 1953 coniunctus.
830 1916 913 1952 Vid.
927 1916 962 1953 T
965 1917 1031 1952 hu-

383 1971 500 2012 cvdid.
544 1972 579 2018 Ι,
623 1975 712 2012 103.
760 1971 870 2008 Plura
908 1972 1030 2009 Kruse

383 2026 510 2064 Hellas
538 2027 584 2074 ΙΙ,
619 2030 639 2068 1
671 2041 706 2078 p.
726 2028 807 2068 385
830 2040 933 2077 seqq.
952 2027 1030 2065 coll.

385 2083 469 2124 362
497 2086 532 2120 et
564 2084 813 2132 Reinganum:
852 2083 930 2121 Das
959 2084 1030 2121 alte

383 2138 558 2187 Megaris.
582 2140 740 2177 Berolin.
773 2139 892 2181 1825.

440 2193 562 2233 ἔδωκε’
604 2195 644 2234 οἱ
687 2197 766 2234 τῶν
800 2191 927 2234 εἷστῶν
959 2210 1030 2234 κα-

384 2248 541 2297 ταλέξας
563 2247 711 2303 ἄνδρας
730 2248 911 2302 τούτους]
926 2252 1030 2295 Quos

385 2306 647 2355 qninquaginta
686 2321 835 2345 numero
877 2309 1031 2358 primum

384 2363 497 2399 fuisse
518 2368 637 2400 narrat
659 2364 838 2401 Plutarch.
865 2364 935 2401 Vit.
959 2364 1029 2400 So-

384 2417 456 2454 lon.
476 2419 553 2465 30,
574 2420 655 2455 dein
678 2424 800 2457 auctos
823 2433 904 2457 esse
926 2433 947 2456 a
967 2419 1028 2456 Pi-

384 2474 542 2520 sistrato,
571 2477 801 2524 permittente
825 2480 886 2512 ant
905 2476 1027 2513 conni-

383 2534 490 2566 vente
509 2531 654 2579 populo.
687 2532 887 2569 Trecentos
916 2532 1027 2569 fuisse

384 2590 508 2621 auctor
542 2591 597 2622 est
625 2587 828 2635 Polyaenus
857 2588 896 2624 in
925 2588 1028 2624 Stra-

383 2644 457 2688 teg.
485 2640 524 2688 Ι,
545 2645 595 2682 21
621 2641 656 2693 ὃ.
673 2646 709 2684 3.
738 2639 1029 2694 Κορυνηφόροι

384 2695 519 2733 diserte
559 2697 614 2734 hie
674 2700 942 2748 distinguuMur
980 2700 1026 2736 ab

384 2750 447 2798 iis,
477 2752 537 2800 qui
565 2754 790 2803 appellantur
809 2750 1027 2808 δορυφόροι

384 2806 507 2852 (hasta
538 2813 689 2856 ανηιιιΐί,
718 2811 857 2848 lem-tam
886 2816 1027 2860 gestan-

385 2863 453 2910 tes)
487 2865 631 2902 nornine
653 2867 698 2903 de
728 2868 836 2915 regiis
863 2868 1027 2905 satelliti·-

652 1129 720 1173 ἐπί
757 1145 802 1173 τε
841 1136 953 1174 τοῖσι
992 1134 1249 1174 κατεστεῶσι
1289 1131 1409 1186 ἔνεμε
1446 1130 1525 1186 τήν
1555 1128 1698 1182 πόλιν,

1103 1303 1169 1339 bus
1192 1303 1325 1339 usitato
1356 1301 1514 1351 indeque
1544 1301 1642 1352 apud
1665 1300 1754 1338 libe-

1102 1372 1160 1394 ras
1189 1360 1350 1395 civitates
1384 1359 1585 1403 imidioso3
1624 1358 1695 1394 vid.
1724 1357 1753 1404 Ι,

1102 1418 1139 1454 8.
1177 1413 1467 1465 Κορυνηφόροι
1521 1418 1695 1450 vocantur
1732 1426 1754 1450 a

1101 1470 1221 1516 clara,
1259 1472 1329 1518 qna
1369 1469 1495 1506 armati
1543 1474 1627 1506 sunt
1672 1474 1753 1505 tan-

1101 1539 1210 1575 quam
1242 1526 1382 1563 milites.
1414 1526 1512 1562 Alias
1545 1530 1629 1562 snut
1658 1525 1751 1563 servi

1097 1583 1233 1633 pedum
1272 1581 1457 1632 pastorale
1508 1595 1537 1618 S.
1586 1581 1750 1618 baculum

1098 1639 1267 1675 rusticum
1303 1643 1500 1686 gestantes,
1567 1636 1625 1675 De
1670 1638 1752 1686 qni-

1098 1695 1166 1731 bus
1187 1699 1331 1744 praeter
1351 1694 1481 1731 Athen.
1505 1693 1572 1729 ΧΠ
1595 1707 1631 1743 p.
1655 1693 1749 1734 410.

1098 1750 1180 1791 504
1229 1750 1431 1797 Schweigh.
1485 1749 1550 1786 Cr.
1609 1749 1748 1786 consuli

1097 1805 1171 1841 vult
1201 1805 1394 1842 Ruhnken.
1425 1806 1472 1842 ad
1500 1804 1643 1842 Timaei
1674 1804 1751 1843 Le-

1098 1861 1163 1900 xic.
1185 1861 1328 1899 Platon.
1362 1873 1448 1910 pag.
1474 1860 1567 1902 214.
1590 1865 1627 1898 et
1658 1865 1748 1898 nott.

1099 1918 1147 1953 ad
1181 1917 1296 1954 Cicer.
1344 1917 1390 1954 de
1426 1917 1586 1955 Divinat.
1613 1917 1653 1966 I,
1684 1919 1749 1959 17.

1098 1986 1182 2024 pag.
1216 1974 1281 2015 85.

1154 2029 1219 2068 ἐπί
1265 2044 1304 2068 τε
1354 2032 1456 2068 τοῖσι
1511 2030 1746 2068 κατεστεῶσι

1099 2082 1210 2135 ἔνεμε
1230 2082 1303 2136 τὴν
1323 2081 1435 2124 πόλιν
1447 2100 1484 2124 κ.
1506 2100 1538 2123 τ.
1560 2084 1612 2134 λ.]
1642 2085 1746 2122 Haec

1097 2143 1209 2178 verba
1244 2155 1287 2180 ex
1315 2142 1612 2179 antecedentibus
1641 2139 1745 2178 facile

1097 2198 1265 2246 explicari
1293 2201 1473 2248 poterinit.
1520 2196 1618 2234 Nam
1650 2196 1745 2232 Pisi-

1097 2257 1230 2289 stratus
1251 2254 1481 2301 magistratus
1504 2257 1613 2301 atque
1628 2251 1744 2289 hono-

1097 2322 1155 2345 res
1176 2309 1258 2357 lege
1277 2310 1492 2346 constitutos
1519 2309 1637 2345 nullos
1659 2322 1744 2359 per-

1095 2365 1215 2402 ῐυιὺω
1226 2366 1251 2401 it
1277 2369 1338 2402 aut
1369 2366 1513 2402 sustulit
1550 2362 1661 2412 (οὕτε
1689 2379 1744 2403 τι·

1097 2417 1173 2470 μάς
1205 2417 1274 2467 τάς
1307 2419 1448 2467 ἐούσας
1479 2416 1741 2472 συνταράξας)

1096 2490 1215 2525 neque
1231 2477 1320 2513 ullas
1340 2478 1488 2514 mutavit
1520 2477 1622 2526 leges
1656 2477 1738 2525 (eas

1094 2533 1185 2580 scil„
1204 2547 1298 2581 quae
1318 2533 1486 2571 aSolone
1506 2533 1599 2571 latae
1618 2538 1740 2572 erant:

1096 2586 1186 2628 οὔτε
1208 2588 1354 2640 θέσμια
1372 2585 1643 2641 μεταλλάξας),
1673 2589 1740 2627 sed

1094 2645 1157 2691 iis,
1188 2659 1280 2695 quae
1312 2647 1347 2683 in
1377 2646 1579 2696 republica
1604 2645 1739 2683 consti-

1093 2705 1171 2737 tuta
1221 2705 1343 2750 erant,
1388 2704 1523 2752 optime
1572 2702 1735 2746 servatis,

1094 2758 1271 2795 civitatem
1301 2759 1508 2795 moderatus
1543 2763 1599 2794 est
1621 2758 1735 2807 impe-

1092 2814 1254 2862 riumque
1287 2813 1559 2850 administravit.
1615 2813 1735 2859 Atque

1094 2869 1278 2906 declarant
1338 2871 1466 2907 verba:
1522 2867 1587 2908 ἐπὶ
1634 2870 1736 2905 τοῖσι

1867 157 1875 177 2-
