1909 3228
679 227 896 267 CLIO.
952 227 980 266 1.

1375 231 1458 272 389

200 335 249 379 ἐν
277 336 411 394 πεδίῳ
453 335 644 396 μεγάλῳ,
701 337 893 394 μέγαθος
944 336 1077 381 ἐοῦσα
1121 337 1322 395 μέτωπον
1360 338 1454 382 ἕκα-
1512 347 1565 388 84

199 424 303 459 στον
358 416 494 459 εἴκοσι
537 417 610 459 καὶ
657 415 811 461 ἑκατόν
848 417 1060 467 σταδίων,
1116 414 1272 473 ἐούσης
1310 433 1456 472 τετρα-

197 493 368 550 γώνου·
431 490 553 539 οὗτοι
603 494 771 540 στάδιοι
821 499 896 552 τῆς
939 494 1147 551 περιόδου
1186 499 1262 553 τῆς
1299 494 1453 547 πόλιος

142 680 220 717 nuit
247 680 355 718 etiam
378 680 425 718 de
450 679 640 729 Babylone
665 692 708 718 ex
733 693 790 718 re-

141 736 358 783 centiorum,
398 749 490 785 quos
530 749 639 786 supra
674 737 791 772 nomi-

140 793 246 840 navi,
277 792 468 830 itinerariis
495 791 575 829 Van
602 793 668 829 der
688 793 786 841 Chys

139 849 177 885 in
195 849 439 885 Commentar.
463 848 600 896 Geogr.
631 848 667 884 in
688 847 789 884 Arri-

139 917 197 941 an.
220 904 380 953 (Exped.
402 902 597 941 Alexandr.
624 904 688 952 ΠΙ,
715 906 786 954 16)

136 973 222 1012 pag·
248 961 301 1001 63
324 973 426 1008 seqq·

194 1016 316 1056 ἐοῦσα
339 1010 501 1065 τοιαύτη
529 1011 579 1066 δή
605 1014 687 1066 τις]
725 1016 786 1053 Sic

137 1087 217 1110 cum
238 1072 440 1120 Schweigh.
461 1073 684 1109 distinximus
698 1101 708 1120 ,
734 1073 786 1109 uti

138 1131 208 1166 iam
225 1129 305 1165 libri
333 1128 494 1166 nonnulli
523 1141 632 1166 manu
662 1129 786 1179 scripti

136 1186 353 1222 iudicabant.
411 1184 531 1234 Vulgo
562 1186 658 1222 enim
693 1185 787 1222 male

136 1244 190 1279 liis
212 1243 350 1278 addunt
369 1254 494 1278 vocem
514 1237 647 1289 πόλις,
677 1253 785 1290 quam

137 1298 261 1336 melius
294 1298 418 1348 utique
443 1298 675 1347 sequentibus
706 1298 786 1333 iun-

135 1368 237 1392 xeris.

188 1409 316 1448 κέεται
353 1408 396 1449 ἒν
433 1408 556 1461 πεδίῳ
595 1404 781 1461 μεγάλῳ]

134 1467 238 1511 Quae
256 1467 401 1515 quidem
420 1465 606 1503 verissima
626 1478 705 1502 esse
716 1478 780 1501 ne-

132 1537 191 1560 mo
222 1536 317 1559 nunc
350 1522 511 1570 dubitat,
542 1521 603 1557 ubi
636 1522 682 1558 de
712 1521 781 1557 situ

131 1579 328 1628 Babylonis
359 1578 499 1615 illorum
527 1578 781 1627 peregrinato-

131 1649 209 1674 rum
245 1635 371 1672 studiis
401 1634 622 1672 accuratiora
658 1647 778 1670 sumus

132 1692 262 1729 edocti.
311 1692 384 1734 Qui
412 1692 448 1727 in
471 1704 513 1728 eo
533 1692 609 1728 sere
627 1703 779 1727 consen-

132 1749 251 1796 tiunt,
285 1751 324 1784 ut
355 1748 508 1793 rudera,
549 1758 643 1794 quae
672 1746 778 1782 meri-

133 1804 227 1840 diem
257 1816 380 1839 versus
413 1803 457 1839 ab
494 1803 581 1838 urbe
621 1801 778 1849 Bagdad

133 1859 321 1896 duodecim
345 1858 507 1895 milliaria
533 1858 779 1906 geographica

130 1916 372 1966 proficiscenti
389 1915 438 1950 ad
454 1915 568 1950 vicum
579 1912 697 1959 Hella,
717 1913 779 1961 qui

131 1984 225 2008 uunc
247 1971 396 2018 dicitur,
417 1973 638 2019 comparent,
660 1968 779 2018 ampla

130 2041 171 2065 ac
191 2028 355 2077 dispersa
384 2027 420 2063 in
441 2030 593 2074 utraque
620 2025 776 2061 fluminis

130 2084 228 2134 ripa,
274 2084 322 2120 ad
359 2082 584 2130 Babylonem
619 2085 776 2118 veterem

127 2141 342 2190 pertineant.
400 2138 468 2175 Est
492 2138 638 2186 quidem
660 2136 778 2187 plani-

127 2196 194 2233 ties
213 2195 322 2244 longe
348 2195 493 2243 lateque
511 2197 639 2244 patens
652 2221 662 2240 ⁷
692 2193 777 2230 olim

130 2252 342 2300 cultissima,
391 2264 486 2288 nune
520 2250 620 2286 rudis
655 2253 691 2286 et
722 2249 777 2286 in-

130 2308 241 2355 culta,
271 2308 322 2344 ita
356 2311 477 2345 tamen
516 2311 557 2343 ut
587 2306 777 2342 manifesta

127 2365 280 2412 vestigia
309 2367 532 2414 appareant,
577 2362 661 2399 olim
689 2375 777 2399 ean-

130 2421 212 2458 dem
229 2420 459 2457 cultissimam
477 2420 600 2456 fuisse.
630 2418 777 2455 Descri-

127 2480 277 2526 pserunt
295 2477 390 2513 illam
411 2477 447 2512 iu
466 2475 614 2523 singulis
632 2478 778 2523 praeter

129 2531 219 2568 alios
240 2532 346 2569 Rich.
368 2536 403 2569 et
432 2531 587 2577 Por-ten,
617 2531 775 2578 indeque

130 2588 257 2624 Ritter.
284 2588 321 2624 in
341 2588 544 2624 Erdkunde
565 2587 598 2622 ΙΙ
621 2600 657 2636 p.
681 2586 772 2626 144.

129 2644 287 2681 Heeren.
306 2644 418 2680 Ideen
437 2644 465 2690 Ι,
481 2647 507 2684 ‘2
527 2656 563 2692 p.
578 2644 655 2682 161
671 2655 773 2690 seqq.

186 2694 296 2738 οὗτοι
322 2695 475 2738 στάδιοι
493 2701 566 2748 τῆς
590 2693 773 2748 περιόδου

127 2770 163 2794 κ.
183 2770 213 2793 τ.
235 2754 282 2805 λ.]
318 2756 361 2792 In
388 2756 522 2792 ambitu
551 2753 774 2801 Babyloniae

128 2813 227 2849 urbis
268 2812 475 2849 definiendo
519 2810 773 2859 moeniumque

127 2869 304 2906 mensuris
324 2872 462 2906 veteres
481 2867 676 2904 admodum
698 2867 773 2903 dis-

857 679 1027 718 sentiunt.
1067 679 1298 718 Herodotum
1322 678 1433 717 secuti
1453 678 1507 716 vi-

856 736 990 774 dentur
1024 735 1161 774 Plinius
1180 737 1228 775 H.
1257 736 1306 773 N.
1338 736 1410 783 VI,
1440 738 1507 783 26,

855 792 1061 829 Philostrat.
1096 792 1170 830 Vit.
1206 792 1326 843 Apoll.
1367 792 1405 839 I,
1438 792 1506 839 25,

856 848 1009 885 Orosius
1047 848 1103 896 ΙΙ,
1146 852 1182 890 6.
1240 849 1317 887 Sed
1361 848 1504 886 Ctesias

855 907 1007 942 trecenta
1034 907 1223 955 sexaginta
1245 909 1383 942 tantum
1401 904 1506 954 ponit

855 962 992 1007 stadia,
1013 974 1119 1010 quem
1137 961 1238 999 multi
1255 964 1424 1011 posterae
1443 973 1506 997 ae-

853 1018 936 1054 tatis
957 1018 1149 1067 scriptores
1175 1022 1259 1054 sunt
1279 1016 1402 1055 secuti.
1445 1016 1503 1053 Cf.

853 1074 985 1111 Strabo
1004 1074 1091 1111 XVI
1111 1087 1197 1124 pag.
1218 1076 1349 1120 1072,
1370 1072 1416 1118 B,
1441 1072 1503 1108 ubi

853 1142 876 1166 a
896 1129 1046 1167 librariis
1064 1137 1249 1180 peccatum
1271 1142 1350 1167 esse
1364 1127 1502 1175 volunt,

852 1199 933 1223 cum
964 1186 1172 1224 CCCLXV
1208 1185 1406 1223 stadiorum
1432 1196 1501 1220 nu-

853 1255 970 1279 merus
991 1246 1086 1280 esset
1103 1243 1307 1292 ponendus.
1344 1240 1501 1288 Reliqua

854 1299 1002 1336 excitavi
1042 1299 1089 1335 ad
1119 1299 1267 1337 Ctesiae
1295 1299 1501 1345 fragmenta

850 1367 937 1404 pag.
964 1354 1044 1395 401
1076 1367 1151 1403 seq.
1196 1354 1274 1392 coll.
1302 1365 1389 1402 pag.
1416 1354 1500 1394 396

850 1423 950 1458 seq„
979 1410 1041 1446 ubi
1068 1411 1177 1447 etiam
1203 1409 1411 1447 recentioris
1437 1421 1500 1445 ae-

849 1467 934 1503 tatis
962 1465 1058 1502 viros
1086 1465 1238 1503 indicavi
1261 1466 1408 1510 doctos,
1437 1463 1499 1512 qui

849 1523 1010 1559 diversas
1035 1526 1196 1559 veterum
1215 1520 1412 1559 sententias
1441 1533 1499 1557 se-

849 1591 930 1616 cum
950 1577 1138 1615 conciliare
1155 1577 1368 1615 studuerint.
1404 1576 1499 1612 Sunt

849 1636 910 1684 qui
931 1647 974 1672 ex
993 1647 1183 1672 mensurae
1206 1633 1414 1671 diversitate
1443 1632 1499 1668 di-

848 1704 992 1729 versum
1024 1703 1170 1740 quoque
1205 1689 1404 1727 stadiorum
1430 1701 1498 1724 nu-

846 1761 985 1785 merum
1010 1747 1178 1797 explicari
1200 1760 1310 1797 posse
1334 1745 1496 1790 credant,

846 1817 927 1841 cum
959 1803 1106 1840 Ctesiae
1135 1803 1253 1839 stadia
1277 1800 1496 1838 Herodoteis

843 1859 977 1896 fuerint
1012 1859 1149 1895 maiora
1192 1859 1351 1906 indeque
1389 1857 1496 1894 etiam

844 1927 993 1951 numero
1027 1914 1219 1963 pauciora,
1258 1912 1421 1962 quamvis
1454 1924 1497 1947 u-

844 1983 928 2007 nam
956 1970 1183 2017 eandemque
1207 1970 1305 2005 urbis
1324 1967 1495 2016 amplitu-

845 2027 965 2063 dinem
993 2025 1222 2063 declarantia.
1264 2025 1493 2061 Herodotum

844 2083 937 2120 enim
968 2081 1037 2127 (ita
1062 2085 1146 2131 post
1175 2080 1264 2117 alios
1292 2080 1414 2116 statuit
1439 2079 1493 2115 vir

843 2139 970 2175 doctus
988 2138 1025 2173 in
1043 2136 1239 2174 Recherch.
1258 2136 1411 2173 nouvell.
1433 2148 1493 2171 sur

843 2194 948 2231 l’hist.
969 2194 1105 2230 ancien.
1130 2192 1181 2229 Ill
1195 2205 1230 2241 p.
1243 2192 1295 2233 56
1317 2192 1413 2240 seq.)
1436 2192 1491 2227 lo-

844 2251 906 2300 qui
926 2251 972 2287 de
994 2250 1118 2286 stadiis
1149 2248 1353 2285 Chaldaicis
1369 2277 1380 2294 ‚
1400 2248 1489 2284 Cte-

844 2308 936 2344 siam
957 2306 1004 2342 de
1036 2304 1206 2353 Assyriis,
1238 2316 1390 2353 quorum
1419 2304 1488 2339 tria

842 2366 1001 2411 aequent
1026 2361 1221 2398 Chaldaica
1246 2364 1419 2408 quatuor3
1448 2363 1488 2395 ut

843 2419 1109 2468 quadringenta
1121 2417 1304 2464 octoginta
1314 2415 1486 2452 Chaldai-

842 2488 884 2513 ca
900 2488 940 2512 re
953 2487 1037 2511 vera
1047 2486 1122 2510 non
1139 2473 1308 2510 differant
1318 2472 1484 2508 trecentis

840 2531 1028 2579 sexaginta
1059 2528 1226 2577 Assyriis.
1281 2528 1356 2565 Sed
1383 2527 1483 2564 Ren-

839 2588 934 2624 nelio
953 2586 994 2634 (l.
1017 2585 1040 2622 l.
1056 2598 1141 2636 pag.
1158 2585 1259 2632 534)
1284 2584 1429 2621 Ctesiae
1447 2588 1482 2620 et

839 2642 1009 2680 Clitarchi
1028 2643 1149 2691 potior
1175 2642 1212 2677 in
1229 2641 1325 2677 hisce
1343 2640 1484 2677 videtur

837 2700 1050 2743 auctoritas,
1080 2698 1249 2746 quoniam
1268 2696 1337 2745 ipsi
1360 2696 1482 2743 Baby-

838 2755 958 2792 lonem
978 2754 1161 2790 inviserint
1186 2754 1336 2802 ipseque
1356 2764 1480 2788 mime-

839 2824 897 2847 rus
916 2810 1112 2846 stadiorum
1134 2810 1178 2846 ab
1201 2810 1267 2845 iilis
1288 2809 1478 2852 indicatus,

839 2881 917 2904 cuin
936 2867 1072 2903 dierum
1101 2866 1185 2902 anni
1214 2877 1362 2902 numero
1392 2864 1480 2900 mire
