1909 3228
463 208 546 248 522
852 206 1327 246 HERODOTI

335 316 401 361 20
456 320 551 373 μῶν
571 314 745 359 πάντων
769 313 824 358 οὐ
845 313 1084 370 παρέχεται.
1114 313 1235 357 Ἀλλὰ
1251 314 1467 371 Ἑλλήνων
1491 319 1569 372 μέν
1587 332 1711 368 τινες,
1722 323 1766 358 26

134 379 297 412 opiniones
308 379 410 407 deNm

131 413 276 440 adscensu
286 417 356 448 tren,
374 413 410 440 ab

132 446 304 474 fleu-odota·
296 455 405 482 unpro-

132 479 231 508 banau.

467 396 663 449 ἐπίσημοι
693 391 952 448 βουλόμενοι
980 392 1182 448 γενέσθαι
1213 397 1394 450 σοφίην,
1443 397 1585 448 ἔλεξαν
1615 397 1710 450 περὶ

461 478 539 517 τοῦ
568 472 726 522 ὕδατος
752 470 913 515 τούτου
954 474 1182 527 τριφασίας
1210 472 1364 524 ὁδούς·
1415 479 1502 517 τῶν
1529 476 1604 526 τιὶς
1632 477 1710 530 μὲν

460 551 539 595 δύο
569 555 656 593 τῶν
695 549 812 594 ὁδῶν
850 549 946 595 οὐδ’
984 549 1086 603 ἀξιῶ
1126 557 1394 609 μνησθῆναι,
1445 553 1565 609 εἰμὴ
1605 553 1709 597 ὅσον

430 633 651 685 Ξσημῆναι
679 629 946 686 βουλόμενος
973 634 1152 686 μοῦνον.
1183 635 1270 674 τῶν
1302 632 1328 688 ἡ
1361 632 1480 688 ἑτέρη
1503 634 1581 688 μὲν
1600 634 1710 688 λέγει

458 707 562 759 τούς
601 708 769 765 ἐτησίας
807 708 992 765 ἀνέμους
1032 708 1142 753 εἶναι
1179 712 1343 761 αἰτίους
1387 712 1598 767 πληθύειν
1633 713 1765 755 τὸν30

458 787 676 843 ποταμόν,
705 788 954 840 κωλύοντας
984 788 1025 839 ἐς
1052 789 1278 833 θάλασσαν
1307 789 1467 843 ἐκρέειν
1496 791 1574 834 τόν
1606 794 1707 835 Νεῖ-

429 871 552 910 3λον.
582 866 788 918 πολλάκις
827 868 871 911 δὲ
907 868 1070 924 ἐτησίαι
1097 869 1175 923 μὲν
1206 867 1286 911 οὐκ
1317 864 1376 911 ὧν
1404 871 1639 923 ἔπνευσαν,
1683 868 1708 913 ὁ

429 946 508 989 4δὲ
537 948 692 996 Νεῖλος
720 945 859 989 τωύτό
891 945 1123 1001 ἐργάζεται.
1155 947 1264 1001 προς
1294 949 1360 999 δὲ,
1393 951 1428 991 εἰ
1459 950 1619 1005 ἐτησίαι
1642 951 1707 992 αἵ-

455 1041 540 1068 τιοι
568 1020 704 1081 ἦσαν,
752 1029 858 1081 χρῆν
896 1027 969 1069 καὶ
1001 1025 1104 1077 τούς
1135 1024 1292 1078 ἄλλους
1320 1027 1563 1082 ποταμούς,
1612 1027 1708 1071 ὅσοι

453 1109 566 1147 τοῖσι
596 1105 786 1162 ἐτησίῃσι
824 1104 964 1149 ἀντίοι
1004 1106 1173 1162 ῥέουσι,
1223 1104 1381 1162 ὁμοίως
1419 1106 1598 1163 πάσχειν
1634 1106 1764 1150 καὶ35

613 1308 722 1359 Cap.
753 1306 837 1344 XX.

451 1407 534 1431 των
555 1390 584 1443 ἦ
604 1390 714 1442 ἑτέρη
737 1389 808 1442 μὲν
828 1388 927 1442 λέγει
953 1405 1046 1436 τους

396 1446 552 1498 ἐτησίας
574 1444 743 1498 οἷνέμους
767 1462 868 1486 ειναι
895 1447 1045 1492 αἰτίους

395 1500 597 1554 πληθυειν
620 1502 686 1542 τὸν
714 1500 911 1553 ποταμὸν]
944 1503 1044 1539 Haec

395 1561 573 1598 sententia
584 1560 774 1597 Thaletem
790 1564 969 1596 auctorem
981 1559 1044 1594 ha-

393 1617 478 1663 bet,
500 1621 539 1652 ut
569 1629 611 1653 ex
638 1617 766 1653 Senec.
787 1615 871 1652 Nat.
892 1616 1041 1658 Quaest.

392 1672 464 1719 lV,
491 1675 540 1713 11
569 1676 603 1709 et
630 1672 740 1708 Diod.
775 1671 880 1707 Sicul.
913 1672 947 1717 1,
976 1672 1043 1716 38,

393 1729 454 1777 qui
472 1740 551 1765 eain
570 1728 697 1764 iisdem
718 1732 825 1775 atque
835 1727 1042 1763 Herodotus

393 1785 616 1832 argumentis
635 1784 835 1832 impugnat,
863 1783 1041 1818 discimus,

392 1839 500 1889 Apud
512 1840 560 1875 lo.
573 1839 680 1876 Laur.
693 1839 834 1887 Lydum
848 1837 868 1873 l.
879 1837 900 1873 l.
912 1851 947 1886 p.
961 1839 1042 1878 263

393 1900 429 1932 et
454 1895 699 1944 Eutllymenes
738 1894 973 1930 Massiliensis
1007 1898 1044 1930 et

393 1950 629 2000 Thrasy-alces
678 1950 834 1987 Thasius
881 1951 1043 1987 eiusdem

392 2007 570 2057 opinionis
592 2008 701 2044 fuisse
723 2007 899 2043 dicuntur.
932 2007 1042 2049 Quod

391 2064 537 2110 mirum,
584 2077 663 2100 cum
693 2064 953 2112 Euthymenem
985 2076 1042 2100 se-

391 2121 529 2157 cundae
547 2120 747 2157 sententiae
767 2122 865 2168 (cap.
890 2120 962 2166 21)
976 2120 1042 2155 ad-

391 2176 523 2213 dictum
543 2177 651 2213 fuisse
671 2176 728 2213 alii
750 2176 906 2212 tradant.
948 2176 1042 2212 Hinc

390 2232 485 2269 idem
513 2232 651 2270 dulcem
678 2234 754 2270 fere
771 2232 938 2268 Atlantici
960 2244 1037 2267 ma-

389 2289 436 2325 ris
465 2301 544 2326 esse
573 2301 704 2337 aquam
736 2293 771 2326 et
801 2289 932 2325 similes
961 2287 1036 2324 eius

390 2345 513 2382 beluas
531 2345 696 2382 Niloticis
723 2349 910 2381 statuerat.
941 2344 1038 2380 Cau-

390 2401 459 2437 tius
473 2402 518 2439 de
535 2401 652 2439 etesiis
664 2402 912 2451 pronuntiarat
924 2400 1037 2436 Chre-

391 2461 467 2493 stus
496 2458 704 2504 Romanus,
735 2463 773 2494 ut
792 2457 859 2493 illic
886 2456 1037 2504 legimus

390 2526 426 2563 p.
439 2515 532 2554 266.
562 2515 600 2549 Si
613 2526 696 2550 vero
710 2526 936 2562 quaeramus,
952 2512 1037 2559 quid

390 2570 440 2606 rei
458 2570 514 2616 sit,
544 2570 687 2607 minime
701 2570 843 2618 quidem
861 2569 944 2604 solis
963 2573 1037 2604 cte-

391 2625 449 2661 siis
481 2626 572 2662 effici
605 2638 816 2676 persuasum
853 2625 1036 2670 habemus,

388 2684 428 2716 ut
449 2681 549 2717 Nilus
567 2687 718 2727 crescat3
749 2681 1035 2718 nonniliiltamen

391 2737 535 2773 easdem
558 2739 675 2775 facere
688 2739 734 2775 ad
746 2737 818 2775 Nili
837 2738 1034 2774 incremen-

394 2794 467 2827 tum
490 2793 723 2830 observarunt
748 2794 1035 2843 peregrinaturos

394 2848 618 2885 recentiores.
648 2850 753 2886 Venti
781 2851 873 2887 enim
904 2850 1036 2887 etesiae

1117 1294 1139 1317 a
1155 1280 1400 1329 septentrione
1413 1281 1513 1326 ssant,
1535 1280 1619 1317 inde
1631 1291 1652 1316 a
1663 1291 1763 1316 men-

1115 1350 1154 1374 se
1182 1336 1281 1372 Maio
1313 1337 1420 1386 paulo
1451 1341 1534 1374 ante
1555 1336 1677 1373 Nilum
1705 1348 1764 1372 ac-

1115 1398 1331 1429 crescentem
1367 1406 1481 1440 usque
1518 1393 1565 1428 ad
1601 1393 1762 1428 movem-

1115 1449 1234 1493 boem,
1264 1454 1299 1484 et
1319 1449 1463 1496 quidem
1489 1454 1560 1484 tam
1589 1447 1761 1492 continui,

1113 1509 1151 1539 ut
1169 1517 1213 1540 ne
1241 1504 1328 1539 ullus
1357 1504 1446 1540 alius
1467 1510 1593 1540 ventus
1612 1516 1676 1552 per
1695 1504 1762 1539 linc

1112 1565 1253 1608 teinpus
1283 1561 1483 1595 inveniatur
1503 1566 1537 1596 et
1558 1561 1625 1595 hoc
1653 1560 1761 1595 modo

1112 1616 1327 1664 impediatur
1340 1616 1432 1651 celer
1448 1629 1619 1664 aquarum
1640 1616 1762 1665 lapsus

1112 1673 1148 1707 in
1169 1685 1278 1716 mare,
1306 1672 1438 1721 quippe
1452 1673 1523 1708 hili
1543 1673 1643 1707 ostiis
1656 1677 1761 1708 vento

1112 1728 1213 1775 quasi
1232 1728 1531 1764 ‹›bst1uctis.'lu
1551 1729 1623 1764 wid.
1649 1728 1696 1763 H
1689 1731 1762 1763 trt-

1112 1796 1156 1818 m
1150 1796 1233 1819 u.m
1274 1782 1492 1819 Erdbeschr.
1530 1796 1560 1819 v.
1600 1783 1702 1832 Aea>
1708 1788 1760 1832 pt

1111 1852 1148 1888 p.
1175 1839 1292 1878 43-
1304 1839 1368 1879 46-
1395 1841 1460 1879 96.
1492 1841 1544 1880 97
1572 1839 1650 1876 coll.
1681 1840 1762 1875 Sal-

1111 1907 1197 1931 mas.
1212 1895 1381 1931 Exercitt.
1402 1895 1517 1931 Plinn.
1536 1909 1572 1945 p.
1590 1895 1684 1942 304,
1700 1896 1760 1944 qui

1110 1956 1267 1988 veterum
1288 1951 1387 1988 locos
1410 1952 1540 1999 attigit,
1569 1952 1605 1988 in
1629 1953 1759 2000 quibus

1109 2009 1303 2057 praecipue
1344 2008 1529 2045 Philonem
1580 2013 1760 2055 notamus,

1110 2064 1170 2111 qui
1189 2064 1259 2100 tale
1281 2064 1369 2112 quid
1387 2065 1629 2112 pronuntiavit
1646 2065 1682 2100 in
1697 2065 1756 2101 vit.

1108 2119 1205 2156 Mos.
1230 2120 1242 2155 l
1262 2134 1296 2168 p.
1316 2123 1397 2160 620
1418 2125 1460 2156 A.

1166 2177 1316 2221 αἰτίους
1339 2172 1559 2225 πληθύειν]
1595 2176 1647 2212 De
1672 2176 1755 2211 arti-

1109 2231 1185 2268 culo
1209 2234 1280 2269 τοῦ
1305 2237 1387 2268 ante
1414 2232 1624 2267 infinitivum
1648 2232 1757 2267 omis·-

1108 2302 1147 2324 so
1169 2288 1614 2336 cont.M·111h.p.1064
1642 2289 1680 2324 Ρ
1674 2288 1755 2324 mlo

1105 2349 1189 2400 post
1208 2357 1284 2379 cum
1299 2344 1331 2379 (ι
1337 2344 1481 2380 aissmd.
1495 2344 1660 2393 rescripsi
1680 2339 1754 2382 οὔκ

1109 2401 1165 2438 ὠν
1186 2413 1252 2449 pro
1276 2400 1360 2448 xulg
1363 2429 1370 2435 .
1398 2397 1528 2437 οὔκων
1550 2404 1585 2436 et
1602 2400 1673 2437 sme
1693 2413 1756 2436 cw-

1105 2457 1191 2507 pitis
1212 2459 1365 2494 τοιοῦτο
1389 2469 1454 2505 pio
1477 2457 1670 2494 τοιοῦτον.

1162 2515 1260 2562 χρῆν
1281 2511 1346 2550 καὶ
1366 2509 1458 2557 τοὺς
1471 2509 1612 2557 ἄλλους
1634 2527 1751 2551 ποτα-

1106 2567 1223 2619 μούς]
1253 2569 1312 2605 De
1340 2569 1533 2605 omissione
1559 2569 1754 2617 particulae

1105 2621 1167 2671 ἂν,
1199 2638 1291 2673 quae
1310 2626 1420 2661 verbo
1437 2626 1533 2674 χρῆν
1552 2625 1618 2661 hac
1639 2626 1753 2673 signi-

1106 2681 1272 2717 ficatione
1289 2682 1374 2717 addi
1388 2681 1509 2726 debet,
1541 2680 1605 2717 Cr.
1628 2680 1751 2718 laudat

1105 2738 1285 2774 Seliuefer.
1303 2736 1439 2773 Melett.
1462 2736 1594 2774 critice.
1608 2751 1643 2786 p.
1659 2738 1748 2778 130.

1107 2795 1198 2839 131,
1216 2793 1272 2829 ubi
1298 2793 1400 2842 plura
1424 2793 1578 2830 omissae
1593 2793 1749 2843 particu-

1103 2849 1158 2886 lae
1177 2849 1338 2898 exempla
1353 2849 1586 2885 inveniuntur.
