1877 3223
410 236 492 275 140
799 233 1264 272 HERODOTI

380 343 485 386 4καὶ
521 343 603 398 γὰρ
645 342 697 400 δὴ
736 341 836 387 οὔτε
876 344 920 386 οῖ
959 345 1283 399 Κρηστωνιῆται
1313 341 1543 400 οὐδαμοῖσι
1571 347 1659 388 τῶν

407 425 490 465 νῦν
520 435 654 478 σφεας
683 421 1013 477 περιοικεόντων
1043 422 1123 465 εἶσὶ
1151 420 1444 477 ὁμόγλωσσοι,
1486 421 1584 466 οὔτε
1615 425 1661 466 οἱ
1700 425 1782 470 ‘27

408 502 670 557 Πλακιηνοί·
700 503 823 558 σφίσι
853 502 919 552 ὁὲ,
951 499 1240 557 ὁμόγλωσσοι·
1273 502 1453 556 δηλοῦσί
1480 517 1547 553 τε,
1577 501 1656 554 ὅτι,

404 581 482 625 τὸν
510 579 736 636 ἠνείκαντο
765 578 960 636 γλώσσης
988 583 1244 636 χαρακτῆρα
1263 580 1592 635 μεταβαίνοντες
1615 580 1658 632 ἐς
1669 587 1713 622 70

1525 658 1583 702 Τό
1612 658 1659 702 δὲ

401 737 649 794 Ἑλληνικὸν
675 735 848 793 γλώσσῃ
879 737 977 793 μὲν,
1027 738 1118 780 ἐπεί
1145 753 1188 780 τε
1219 736 1407 793 ἐγένετο,
1452 738 1534 780 αἰεί
1563 753 1660 780 κοτε

403 664 538 704 ταῦτα
566 658 619 701 τά
647 659 806 713 χωρία,
835 662 994 702 τοῦτον
1023 658 1165 714 ἔχουσι
1196 659 1243 701 ἐν
1273 662 1461 715 φυλακῇ.

278 661 346 708 58

75 727 175 761 Quare
183 727 350 767 plurimum

75 760 225 788 creverint
248 761 350 790 IIeIIe-

75 802 146 825 new,
186 794 317 830 Pelasgi,

75 828 181 857 minus.

405 820 458 873 τῇ
499 814 612 870 αὐτῇ
648 815 909 871 διαχρὲεται,
962 815 1020 867 ὡς
1057 817 1155 872 ἐμοὶ
1190 818 1501 872 καταφαίνεται
1530 815 1656 859 εἶναι.

375 893 672 950 Ξᾶποσχισθὲν
698 893 844 950 μέντοι
874 894 958 939 ἀπὸ
989 899 1069 938 τοῦ
1108 899 1394 950 Πελασγικοῦ,
1428 896 1501 939 ἐὸν
1530 895 1657 938 ἀσθε-

403 973 498 1026 νὲς,
542 972 624 1017 ἀπὸ
659 978 843 1028 σμικροῦ
871 990 942 1017 τεο
971 972 1050 1029 τὴν
1080 971 1216 1029 ἀρχὴν
1247 973 1548 1029 ὁρμεῶμενον,
1578 971 1652 1016 αὔ·
1667 981 1711 1014 75

404 1055 525 1110 ξηται
572 1053 614 1104 ἐς
661 1057 830 1109 πλῆθος
876 1057 964 1097 τῶν
1009 1051 1177 1095 ἐθνέων
1213 1055 1414 1102 πολλῶν,
1473 1051 1656 1108 μάλιστα

405 1247 473 1287 καὶ
493 1245 568 1301 yde
603 1245 654 1300 δή
693 1245 785 1288 οὔτε
821 1248 862 1288 οἵ
890 1251 996 1300 Κρη-

348 1307 561 1356 στωνιῆται
583 1320 620 1344 κ.
643 1321 676 1344 τ.
697 1304 747 1356 λ.]
778 1304 887 1356 Apud
906 1306 996 1342 Dio-

347 1362 490 1409 nysium
545 1362 792 1399 Halicarnass.
846 1360 994 1410 Antiqq.

348 1416 492 1454 Romm.
519 1417 556 1463 Ι,
588 1421 640 1458 29
671 1431 756 1467 pag.
784 1421 838 1458 77
866 1417 994 1454 Reisk.

346 1472 436 1509 haec
455 1473 645 1520 citantem,
672 1473 802 1521 legitur
832 1475 988 1521 Κροτω-

346 1531 498 1576 νιᾶται,
529 1530 628 1578 quod
660 1532 782 1566 tamen
815 1529 850 1565 in
871 1529 990 1566 Hero-

345 1585 423 1621 doti
450 1589 548 1622 textu
580 1598 758 1635 reponere
785 1585 905 1621 nolim.
935 1604 990 1610 -—-

347 1641 466 1683 Quam
483 1641 682 1678 Bouherius
714 1642 831 1688 (Diss.
852 1642 989 1678 Herod.

345 1710 402 1746 cp.
420 1697 474 1745 X)
503 1697 587 1733 olim
605 1697 769 1746 vulgarat
786 1698 989 1746 inscriptio-

345 1765 450 1799 nem,
480 1754 527 1790 ad
554 1753 711 1790 Placiam
737 1754 988 1802 pertinentem,

345 1821 426 1845 cum
446 1808 636 1846 Placianae
657 1810 779 1845 matris
800 1810 863 1845 fiat
886 1822 988 1846 men-

343 1865 415 1911 tio,
461 1877 504 1901 ea
538 1866 585 1901 ad
620 1865 792 1913 Cyzicum
821 1866 992 1914 pertinet,

343 1933 419 1957 non
449 1920 553 1958 valde
596 1926 773 1958 remotum
809 1934 831 1957 a
856 1921 990 1968 Placia,

343 1977 529 2025 sacrisque
566 1977 745 2024 Cybeles,
785 1989 876 2026 quae
911 1978 992 2027 ipsa

344 2036 402 2070 est
439 2037 554 2070 mater
595 2033 784 2080 Placiana,
835 2033 990 2081 insigne.

343 2089 467 2136 „Hinc
481 2090 577 2139 apud
593 2090 810 2126 Pausaniam
825 2089 871 2137 V,
888 2091 951 2134 13,
964 2087 990 2129 4

340 2145 506 2182 S1ebeli5.
528 2146 563 2181 in
587 2145 782 2183 Amalthea
805 2146 887 2195 IIp.
902 2144 983 2186 265

344 2202 545 2238 iestitutum
569 2202 641 2238 ηιΙῐ
666 2204 737 2253 τῆς
759 2202 990 2251 Πλακιηνῆς

344 2258 440 2306 (pro
469 2254 732 2308 Πλαστήνης)
773 2254 914 2309 μητρὸς
944 2272 987 2295 το

345 2309 454 2363 ἱερὸν
468 2314 504 2349 in
526 2318 647 2351 monte
667 2315 805 2364 Sim-,lo
809 2316 832 2335 “
864 2315 920 2351 Cr.
932 2334 988 2342 --

344 2369 458 2406 Paulo
479 2375 563 2407 ante
584 2384 664 2407 cum
686 2372 801 2408 Gaiss.
822 2371 988 2408 dedimus

344 2428 511 2465 τοιοῦτο
556 2439 621 2475 pro
662 2430 857 2467 τοιοῦτον
886 2427 987 2463 item-

345 2495 415 2530 que
443 2478 658 2532 ήνείκαντο
684 2497 751 2534 pro
780 2483 988 2524 ἐνείκαντο

344 2542 382 2574 et
409 2538 651 2577 εἰνείκαντο.

401 2594 517 2645 σφίσι
536 2592 601 2641 δὲ,
627 2591 883 2649 ὁμόγλωσσοι]
915 2594 988 2630 Ex-

345 2653 417 2686 stat
437 2651 484 2686 ad
502 2651 535 2687 h.
558 2651 580 2688 l.
602 2653 690 2689 scita
716 2652 871 2701 Augusti
891 2651 988 2688 Mat-

345 2705 439 2743 thiae
479 2709 667 2744 annotatio
706 2710 752 2747 de
784 2709 988 2745 discrimine

344 2762 438 2799 inter
457 2763 569 2812 σφίσι
591 2769 627 2801 et
647 2765 719 2813 σφί
741 2767 840 2815 apud
868 2765 986 2801 Hero-

345 2819 493 2864 dotum3
523 2820 594 2869 σφί
619 2821 831 2871 plerumque
861 2820 988 2858 tertiae

346 2887 523 2925 personae
544 2889 743 2927 pronomen
779 2891 861 2916 esse
882 2878 988 2915 docet

1063 1261 1131 1299 pro
1160 1242 1295 1294 αὐτοῖς
1321 1248 1409 1296 (iis,
1438 1246 1552 1295 illis),
1600 1245 1714 1295 σφίσι

1063 1305 1283 1355 reciprocum
1305 1317 1386 1341 esse
1412 1305 1498 1350 sibi,
1528 1302 1711 1351 sibiipsis,

1063 1360 1257 1399 ἑωυτοῖσι.
1296 1381 1352 1386 -
1398 1359 1455 1395 Ad
1495 1359 1710 1396 locutionem

1063 1416 1106 1455 ἐν
1131 1418 1294 1470 φυλακῇ
1317 1414 1416 1465 ἔχειν
1446 1416 1624 1464 (servare,
1654 1428 1709 1450 re-

1059 1475 1199 1519 tinere),
1212 1473 1348 1509 Nostro
1362 1474 1601 1520 frequentem,
1614 1472 1706 1507 conf.

1058 1530 1092 1576 l,
1115 1532 1204 1570 160.
1234 1528 1280 1577 V,
1300 1531 1365 1569 77.
1395 1527 1474 1575 Hi,
1495 1531 1589 1569 207.
1612 1527 1708 1573 VIII,

1060 1589 1124 1627 23.
1150 1585 1215 1626 40.

1249 1669 1281 1706 C
1296 1682 1363 1719 ap.
1394 1667 1525 1705 Lvlll.

1114 1751 1194 1791 αιέί
1211 1767 1300 1792 κοτε
1319 1753 1368 1805 τῇ
1395 1746 1499 1804 αὐτῇ
1526 1750 1637 1801 διαχρ
1651 1747 1709 1789 εἐ-

1059 1807 1144 1858 ται]
1176 1809 1295 1857 Vulgo
1334 1809 1568 1858 ὸιαχρᾶται.
1627 1806 1708 1844 Nos

1058 1865 1292 1915 praetulimus
1317 1864 1427 1914 διαχρ
1441 1861 1459 1901 ε’
1471 1877 1579 1910 εται,
1609 1864 1707 1912 quod

1059 1921 1191 1957 Aldina
1216 1920 1378 1970 aliaeque
1398 1920 1480 1957 edd.
1499 1919 1677 1957 exhibent.

1117 1974 1283 2027 αὔξηται
1331 1975 1370 2022 ἐς
1423 1978 1583 2026 πλῆθος
1628 1977 1708 2014 τῶν

1058 2031 1212 2072 ἐθνέων
1242 2034 1425 2078 πολλῶν]
1474 2032 1597 2069 Verba
1626 2033 1706 2070 τῶν

1058 2088 1212 2128 ἐθνέων
1231 2091 1389 2128 πολλῶν
1413 2090 1505 2125 bene
1524 2088 1575 2124 sic
1597 2088 1706 2124 inter-

1056 2151 1218 2195 pretatur
1235 2145 1430 2182 Matthiae:
1472 2143 1705 2192 „populorum

1057 2214 1074 2237 e
1097 2202 1217 2251 quibus
1236 2205 1390 2237 constare
1407 2199 1568 2236 Hellenos
1588 2203 1705 2237 notum

1057 2261 1127 2304 est,
1158 2259 1282 2307 quique
1302 2256 1405 2292 multi
1422 2257 1540 2291 sunt.“
1569 2256 1607 2291 Si
1620 2269 1704 2293 vero

1057 2327 1077 2351 e
1088 2314 1320 2362 sequentibus
1332 2310 1505 2355 (ἐθνέων
1529 2313 1703 2362 συχνῶν)

1056 2370 1124 2406 huc
1139 2370 1311 2406 translata
1329 2368 1389 2405 illa
1409 2369 1621 2418 suspicatur,
1635 2368 1702 2404 mi—

1056 2439 1123 2462 nus
1163 2439 1221 2463 me
1250 2425 1396 2461 habebit
1420 2425 1700 2476 assentientem.

1056 2482 1187 2530 Reque
1209 2483 1245 2517 in
1276 2481 1373 2517 hisce
1402 2481 1542 2517 verbis:
1573 2477 1701 2519 ἄλλων

1057 2536 1211 2577 ἐθνέων
1229 2532 1442 2588 βαρβάρων
1465 2538 1618 2586 συχνῶν
1637 2551 1701 2573 vo-

1056 2594 1169 2631 culam
1189 2593 1341 2633 ἐθνέων
1364 2594 1573 2631 exstinctum
1583 2593 1699 2640 velim,

1055 2664 1134 2686 cum
1156 2651 1284 2687 iterata
1307 2663 1394 2687 voce
1420 2650 1586 2698 equidem
1614 2649 1699 2686 nihil

1055 2708 1231 2744 offendar.
1289 2707 1366 2744 Sed
1389 2706 1613 2743 coniunctum
1631 2706 1699 2742 hoc

1055 2768 1110 2799 est
1129 2776 1206 2799 cum
1219 2763 1284 2799 Ioci
1296 2763 1596 2812 interpunctione,
1607 2774 1699 2811 quae

1054 2818 1136 2854 olim
1158 2819 1227 2856 alia
1254 2820 1321 2856 fuit
1358 2823 1468 2867 atque
1495 2831 1590 2855 nunc
1616 2821 1696 2861 est;

1053 2887 1190 2914 comma
1208 2875 1303 2914 enim
1320 2879 1405 2926 post
1432 2875 1589 2926 πλῆθος
1620 2875 1695 2910 erat
