1909 3228
387 178 473 219 764
801 177 1271 217 HERODOTI

386 288 469 330 τοῦ
499 284 697 342 σώματος
727 286 772 331 δὲ
801 287 1175 342 καταφθίνοντος,
1209 286 1252 338 ἐς
1282 285 1388 330 ἄλλο
1419 291 1529 341 ζῶον
1560 289 1643 332 αἰεὶ
1688 295 1768 335 163

330 459 566 510 τεμβαίνειν.
634 459 718 502 Qua
755 459 857 497 brevi
903 473 984 498 sen-

331 517 446 553 tentia
462 515 690 553 declarantur
707 516 834 553 eadem
848 545 858 563 ,
888 529 983 565 quae

331 572 491 623 pluribus
514 571 700 621 aliquanto
719 572 839 610 verbis
863 572 983 610 elocu-

331 634 388 665 tus
405 632 462 664 est
480 628 705 665 Herodotus.
763 627 895 678 Neque
917 629 982 666 ali-

331 688 388 722 ter
400 684 453 721 his
471 684 518 721 de
535 685 644 721 rebus
661 685 819 722 sensisse
836 686 981 723 videtur

330 740 461 789 Zoega
490 741 537 778 de
566 741 729 778 obeliscc.
770 754 855 791 pag.
888 744 984 788 300,

331 810 412 834 cum
449 797 486 833 in
515 797 610 833 hunc
639 798 785 834 modum
823 811 985 848 pronun-

330 853 414 890 tiat:
452 853 536 901 „Et
559 854 702 890 videtur
733 854 801 890 hoc
829 855 983 905 primurn

330 909 377 945 ab
406 908 598 959 Aegyptiis
622 911 797 947 traditum
824 912 983 960 indeque

330 965 380 1002 ad
408 965 570 1003 Graecos
615 966 819 1003 traductum
851 968 981 1004 fuisse:

331 1035 411 1059 esse
441 1034 521 1059 eam
552 1023 694 1059 animae
726 1027 911 1069 naturam,
941 1028 983 1060 ut

330 1091 398 1128 per
416 1090 455 1115 se
481 1079 588 1115 sitae
612 1079 736 1125 duret,
767 1079 983 1129 habitetque

331 1135 368 1170 in
384 1147 534 1184 corpore
551 1134 647 1171 velut
668 1136 704 1171 in
722 1136 844 1181 domo,
874 1149 982 1185 quam

330 1191 409 1227 sine
431 1191 485 1227 sui
512 1191 649 1227 iactura
670 1191 875 1241 relinquere
898 1206 984 1242 pos-

330 1247 376 1284 sit
397 1248 487 1284 etin
513 1247 620 1284 aliam
640 1249 835 1286 transire.“
881 1249 984 1286 Idem

329 1303 384 1340 vir
401 1304 529 1340 doctus
555 1304 592 1340 in
619 1316 730 1354 opere
758 1305 906 1342 laudato
937 1307 984 1343 de

329 1360 397 1396 hac
423 1359 689 1409 Aegyptiorum
726 1366 887 1399 veterum
918 1363 985 1398 do-

330 1416 443 1452 ctrina
468 1417 623 1454 maxime
653 1418 811 1455 omnium
839 1431 984 1468 prome-

329 1472 400 1508 ruit
440 1484 594 1520 eamque
628 1473 811 1521 sigillatim
846 1479 882 1511 et
917 1488 984 1524 per

330 1540 412 1564 suos
440 1530 543 1577 quasi
563 1533 702 1566 meatus
733 1534 788 1568 est
812 1543 984 1580 persecu-

329 1585 425 1620 tus.“
455 1606 510 1612 —

385 1641 457 1678 τοῦ
489 1634 671 1690 σώματος
707 1638 750 1680 δὲ
784 1641 984 1690 καταφθί-

330 1692 740 1746 νοντος-ἐσδύεται]
770 1697 825 1734 Ex
851 1698 983 1735 Creuz.

330 1756 538 1790 commentt.
565 1753 762 1790 Herodott.
787 1766 873 1802 pag.
901 1755 983 1794 319

330 1821 433 1857 seqq.
455 1808 544 1846 haec
569 1809 618 1845 ad
641 1809 897 1847 accuratiorem
915 1809 985 1846 loci

329 1864 607 1912 intelligentiam
659 1865 804 1902 adferre
859 1865 984 1903 liceat:

329 1921 432 1958 Haec
457 1921 569 1958 verba
607 1921 655 1957 ad
691 1922 984 1971 metempsycho-

330 1990 411 2014 seos
437 1978 639 2014 doctrinam
669 1979 893 2027 spectantia,
934 1979 985 2015 ita

330 2033 509 2071 intellexit
527 2033 656 2082 Zoega
674 2033 696 2070 l.
716 2033 736 2069 l.
757 2048 793 2083 p.
809 2035 891 2075 310
904 2034 984 2071 coll.

329 2102 415 2140 pag.
439 2089 542 2136 204,
572 2094 614 2126 ut
634 2090 727 2127 hanc
749 2091 862 2128 fuisse
885 2090 985 2139 vulgi

330 2146 503 2195 Aegyptii
543 2146 749 2196 opinionem
788 2151 983 2184 statueret:

331 2203 516 2250 „animam
528 2215 601 2238 non
621 2203 720 2252 prius
747 2216 854 2251 quam
873 2203 986 2253 priori

331 2271 484 2309 corpore
501 2264 669 2308 corrupto
688 2264 799 2308 atque
817 2260 983 2296 absumto

331 2315 378 2352 ab
398 2328 441 2352 eo
465 2315 653 2352 discedere
682 2320 792 2364 atque
820 2316 868 2351 ad
896 2315 984 2351 illud

331 2372 527 2408 transire.“
585 2371 691 2414 Quae
735 2372 851 2409 citans
885 2371 986 2408 Hee-

332 2429 452 2464 renius
473 2427 610 2474 (Ideen
634 2428 688 2475 ΙΙ,
707 2432 733 2469 2
762 2440 847 2478 pag.
872 2429 985 2475 193),

332 2484 409 2521 iure
437 2483 592 2520 dubitari
617 2497 726 2533 posse
746 2487 892 2529 censet,
921 2497 986 2521 ne-

333 2552 404 2588 que
431 2541 527 2577 enim
551 2539 704 2589 intelligi
727 2553 856 2590 posse,
894 2552 986 2588 quo-

332 2596 442 2632 modo
474 2597 510 2632 in
531 2596 706 2633 eiusmodi
731 2596 889 2646 populo,
923 2596 986 2644 qui

334 2652 599 2689 accuratissima
636 2652 850 2703 pollinctura
887 2665 985 2689 mor-

335 2711 480 2743 tuorum
510 2710 688 2745 cadavera
718 2721 921 2758 perennare
950 2709 987 2744 in

334 2768 549 2813 perpetuum
578 2764 761 2811 effecerit,
800 2765 909 2813 igitur
937 2764 986 2801 ibi

336 2819 520 2869 quomodo
541 2820 716 2858 eiusmodi
740 2821 863 2872 opinio
886 2820 986 2857 inva-

1049 459 1124 498 lere
1144 460 1316 510 potuerit.
1354 457 1403 497 At
1420 473 1504 498 vero
1523 461 1593 497 iam
1614 461 1700 499 Ser-

1049 518 1127 553 vius
1156 517 1233 564 (ad
1257 516 1381 565 Virgil.
1414 516 1504 553 Aen.
1538 516 1604 563 lll,
1626 519 1699 565 68)

1049 573 1143 609 inter
1163 573 1234 610 alia
1250 572 1338 609 haec
1358 585 1504 621 quoque
1522 573 1702 623 disputat:

1048 628 1254 679 Aegyptios
1273 629 1420 665 condita
1433 629 1568 665 diutius
1585 642 1702 666 reser-

1048 698 1133 722 vare
1154 686 1351 732 cadavera,
1382 689 1422 721 ut
1442 686 1562 721 anima
1591 684 1701 722 multo

1051 746 1217 791 tempore
1236 742 1411 791 perduret
1431 746 1467 778 et
1496 743 1638 791 corpori
1658 741 1703 778 sit

1051 798 1219 844 obnoxia,
1241 811 1307 835 nec
1325 798 1394 834 cito
1413 798 1460 834 ad
1477 797 1565 834 alios
1582 802 1704 835 trans-

1051 859 1120 891 eat.
1181 854 1323 897 Quibus
1352 854 1448 891 adde
1487 854 1703 891 Tertulliani

1050 910 1167 947 locum
1189 911 1235 946 de
1254 911 1374 946 anima
1393 923 1469 960 cap.
1488 911 1541 950 23
1565 924 1600 960 p.
1620 912 1702 950 288

1050 979 1126 1015 seq.
1149 966 1272 1015 ibique
1298 967 1385 1003 haec
1408 968 1603 1016 praecipue
1624 979 1704 1003 ver-

1051 1024 1117 1059 ba:
1159 1044 1209 1069 „—
1231 1044 1248 1049 -
1266 1044 1283 1050 -
1303 1023 1404 1071 quod
1438 1028 1475 1059 et
1504 1022 1703 1060 Mercurius

1049 1078 1254 1128 Aegyptius
1275 1080 1386 1124 novit,
1405 1079 1526 1116 dicens
1547 1080 1705 1115 animam

1051 1135 1250 1183 digressam
1266 1148 1287 1172 a
1308 1148 1459 1184 corpore
1478 1148 1550 1172 non
1561 1135 1705 1172 refundi

1052 1192 1088 1228 in
1108 1192 1263 1228 animam
1280 1192 1451 1237 universi,
1472 1192 1537 1228 sed
1557 1203 1704 1228 manere

1052 1249 1340 1294 determinatam,
1365 1248 1417 1284 uti
1438 1248 1628 1295 rationem,
1650 1248 1706 1283 in-

1053 1305 1152 1353 quit,
1181 1305 1278 1354 patri
1297 1305 1426 1342 reddat
1444 1317 1580 1351 eorum,
1610 1315 1704 1353 quae

1051 1361 1087 1396 in
1114 1374 1268 1411 corpore
1303 1361 1466 1409 gesserit.
1481 1363 1507 1382 “
1564 1361 1704 1403 Quibus

1051 1417 1245 1454 edocemur
1283 1417 1486 1465 Aegyptios
1527 1416 1704 1452 condiisse

1052 1473 1254 1517 cadavera,
1296 1473 1467 1520 quoniam
1498 1472 1704 1508 determina-

1052 1532 1124 1564 tam
1165 1528 1336 1565 volebant
1375 1541 1587 1578 permanere
1625 1528 1704 1564 ani-

1051 1597 1157 1621 mam.
1231 1585 1479 1632 Cogitandum
1515 1586 1610 1622 enim
1650 1588 1704 1621 est

1052 1640 1185 1689 duplex
1234 1641 1432 1689 antiquitus
1481 1641 1626 1677 omnino
1666 1641 1704 1676 in

1051 1695 1224 1745 Aegypto
1239 1697 1348 1733 fuisse
1367 1709 1482 1744 genus
1501 1696 1704 1741 hominum,

1053 1751 1204 1789 alterum
1236 1752 1465 1789 sacerdotum
1490 1752 1601 1800 idque
1630 1751 1707 1788 cul-

1052 1811 1128 1843 tum
1148 1812 1184 1844 et
1204 1809 1394 1855 eruditum,
1413 1808 1564 1845 alterum
1581 1812 1707 1858 pasto-

1051 1863 1191 1910 ritium,
1222 1864 1333 1913 idque
1358 1865 1447 1901 rude
1465 1869 1502 1902 et
1520 1864 1707 1911 incultum,

1052 1919 1260 1968 vulgaribus
1273 1921 1586 1970 superstitionibus
1601 1921 1707 1958 dedi-

1051 1980 1148 2023 tum,
1178 1977 1279 2025 quod
1298 1977 1381 2014 inde
1399 1990 1472 2014 non
1492 1978 1613 2027 potuit
1632 1989 1707 2014 non

1052 2033 1212 2069 animum
1231 2033 1427 2070 humanum
1457 2034 1596 2083 corpori
1615 2046 1706 2082 quo-

1052 2089 1247 2125 dammodo
1265 2091 1508 2140 mancipatum
1521 2090 1706 2126 existima-

1052 2158 1092 2182 re
1111 2145 1376 2194 obnoxiumque
1393 2175 1403 2193 ‚
1435 2147 1484 2181 ita
1512 2152 1550 2182 ut
1573 2146 1602 2182 si
1631 2158 1705 2182 non

1052 2214 1315 2250 usquequaque
1354 2202 1510 2238 animam
1556 2202 1706 2239 interire

1053 2257 1275 2294 existimaret
1307 2271 1460 2307 corpore
1499 2257 1639 2307 dilapso
1670 2261 1706 2295 et

1052 2314 1089 2350 in
1109 2314 1244 2351 cineres
1268 2313 1465 2361 dissoluto,
1496 2327 1624 2362 vagam
1648 2318 1706 2351 ta-

1052 2382 1136 2406 men
1157 2382 1197 2406 ac
1218 2383 1332 2419 prope
1354 2370 1487 2407 nullam
1509 2371 1704 2419 imaginem

1052 2427 1313 2475 notionemque
1337 2427 1478 2463 animae
1506 2440 1526 2462 a
1552 2439 1706 2476 corpore

1053 2482 1235 2519 seiunctae
1256 2487 1291 2519 et
1311 2482 1356 2518 ab
1376 2483 1450 2520 eius
1463 2484 1606 2519 servitio
1617 2483 1705 2520 libe—

1053 2551 1115 2575 rae
1136 2539 1202 2575 sibi
1222 2539 1416 2575 informare
1435 2544 1568 2588 posset.
1602 2539 1706 2576 Haec

1053 2594 1082 2631 si
1121 2600 1332 2644 reputemus
1353 2623 1363 2641 ‚
1403 2595 1580 2643 simulque
1619 2595 1706 2631 illud

1051 2654 1253 2698 teneamus,
1279 2651 1484 2688 sacerdotes
1504 2652 1706 2700 Aegyptios

1052 2708 1197 2744 novisse
1226 2712 1376 2744 naturae
1395 2708 1464 2743 vim
1485 2708 1630 2756 penitus
1651 2707 1706 2743 vi-

1052 2763 1163 2801 talem
1195 2775 1379 2812 nunquam
1421 2763 1634 2800 exstinctam
1667 2766 1703 2800 et

1052 2819 1090 2856 in
1125 2819 1304 2856 infinitum
1330 2831 1553 2871 perennem,
1589 2823 1702 2868 atque
