1909 3228
584 161 1012 201 EUTERPE.
1057 162 1103 200 ΙΙ.

1381 163 1464 203 777

199 287 275 316 τα·
305 272 409 328 μετὰ
440 272 509 325 δὲ,
541 273 593 316 τοὶ
625 271 813 328 ἑπόμενα
841 271 1011 315 τούτων
1040 271 1278 323 ἐξεποίευν·
1318 275 1518 314 πλευ-95

198 356 299 395 ταῖα
329 351 374 395 δὲ
406 350 538 408 αὐτῆς
565 351 618 395 τὰ
648 351 820 407 ἐπίγαια
849 351 922 394 καὶ
943 349 996 393 τοὶ
1019 348 1250 394 κατωτάτω
1273 350 1463 406 ἐξεποίη-

169 440 190 473 5
202 444 296 475 σαν.

356 432 635 487 Σεσήμανται
666 431 711 474 δὲ
741 429 813 474 δια
842 429 1110 486 γραμμάτων
1137 430 1387 484 Αἰγυπτίων
1417 429 1463 472 ἐν

197 515 251 567 τῇ
275 513 506 566 πυραμίδι,
548 509 629 553 ὅσα
659 510 700 560 ἒς
729 526 771 552 τε
803 511 1019 564 συρμαίην
1053 509 1124 552 καὶ
1154 508 1358 564 κρόμμυα
1387 509 1462 551 καὶ

197 590 392 645 σκόροδα
431 588 709 644 ἀναισιμώθη
747 594 860 631 τοῖσι
900 588 1246 643 ἐργαζομένοισι·
1299 589 1372 631 καὶ
1404 587 1462 639 ὥς

197 669 268 725 ἐμὲ
297 665 347 712 εὖ
377 673 622 725 μεμνῆσθαι
653 668 705 710 τὰ
736 666 758 711 ὁ
791 666 1001 723 ἑρμηνεύς
1029 684 1127 721 μοι,
1159 667 1457 723 ἐπιλεγόμενος
1471 673 1517 708 30

196 749 248 791 τὰ
276 747 530 804 γράμματα,
559 748 667 804 ἔφη,
700 745 902 799 ἑξακόσια
932 746 1003 790 καὶ
1034 748 1148 802 χίλια
1169 745 1359 790 τάλαντα
1380 746 1459 801 ἆρ-

138 954 285 991 omnino
306 954 415 991 modo
434 955 657 1005 pyramidem
671 955 793 1006 perfici

138 1011 307 1062 potuisse
324 1018 446 1048 monet
465 1013 560 1048 Hirt.
584 1011 605 1048 l.
623 1012 643 1048 l.
668 1026 703 1062 p.
726 1012 791 1053 25.

197 1063 437 1117 σεσήμανται
459 1065 500 1105 δὲ
533 1065 598 1106 δια
616 1063 793 1119 γραμμά-

138 1139 216 1162 των
238 1124 467 1175 Αἰγυπτίων
495 1123 535 1163 ἒν
556 1127 604 1178 τῇ
624 1125 792 1176 πυραμί-

139 1179 192 1230 δι]
224 1181 281 1217 Dc
310 1181 436 1230 plurali
470 1193 492 1219 6
505 1195 519 1219 ε
534 1193 555 1219 σ
569 1179 595 1232 η’
607 1198 631 1230 μ
646 1196 702 1220 αν
714 1197 732 1219 τ
744 1196 791 1219 αι

138 1238 263 1273 confer
291 1238 337 1272 ad
383 1237 432 1283 ll,
463 1240 526 1278 96.
597 1239 791 1275 Caeterum

137 1294 338 1329 istiusmodi
367 1293 618 1343 inscriptiones
647 1295 683 1330 in
702 1294 792 1343 lapi—

138 1350 203 1386 des
226 1349 444 1396 laevigatas,
474 1351 603 1398 quibus
623 1355 700 1386 tota
726 1364 792 1399 py-

135 1406 244 1442 ramis
265 1407 484 1442 extrinsecus
508 1411 604 1442 tecta
624 1411 714 1452 erat,
737 1407 791 1442 in-

135 1463 231 1498 cisae
248 1462 361 1498 fuisse
381 1462 556 1498 videntur.
590 1462 673 1498 Vid.
694 1463 788 1499 Hirt.

135 1518 157 1555 l.
176 1518 198 1554 l.
229 1531 314 1567 pag.
338 1520 388 1558 13
412 1531 487 1567 seq.
506 1539 561 1544 —
580 1516 789 1569 γράμματα

133 1570 336 1625 Αἰγύπτια
358 1574 414 1611 hie
439 1576 485 1611 de
505 1574 644 1624 vulgari
666 1576 790 1624 Aegy-

133 1632 291 1681 ptiorum
331 1632 507 1681 scriptura
526 1660 535 1677 ,
583 1645 702 1680 neque
741 1633 788 1669 de

133 1687 410 1737 hieroglyphicis
438 1688 548 1724 literis
578 1689 688 1737 accipi
716 1688 789 1724 vult

133 1743 335 1781 Larcherus
361 1772 371 1788 ‚
420 1757 498 1779 cum
538 1744 655 1780 adhuc
693 1743 789 1781 nulla

134 1799 485 1849 hieroglyphicorum
502 1801 655 1848 vestigia
668 1801 703 1836 in
719 1813 788 1849 py-

134 1857 332 1892 ramidibus
352 1856 627 1905 conspiciantur.
686 1856 789 1893 Idem

134 1912 252 1962 placet
275 1912 502 1949 Dahlmanuo
523 1913 629 1957 (Her.
652 1926 687 1962 p.
701 1914 787 1960 65),

135 1982 212 2006 cum
231 1969 362 2017 alioqui
382 1981 601 2018 supervacua
613 1974 707 2006 esset
720 1982 788 2005 vox

133 2025 384 2076 Αἰγυπτίων,
410 2026 600 2074 ipsumque
621 2026 714 2062 adeo
733 2026 787 2061 in-

132 2082 339 2132 scriptionis
376 2086 625 2129 argumentum
665 2082 784 2118 hiero-

131 2138 276 2188 glyphis
299 2139 462 2188 profecto
490 2139 607 2175 minus
632 2138 783 2185 dignum

131 2189 268 2232 fuisset.
326 2198 446 2243 Atque
463 2207 541 2231 cum
560 2198 644 2244 post
662 2195 783 2231 Hero-

132 2252 242 2287 dotus
268 2251 501 2300 interpretem
521 2250 684 2300 appellet
702 2249 783 2301 (ἕρ-

132 2305 290 2358 μηνέα),
320 2308 379 2355 qui
413 2307 481 2355 ipsi
509 2307 597 2345 haec
619 2308 783 2355 edixerit,

131 2364 290 2411 vulgaris
333 2363 513 2400 hominem
568 2365 781 2401 conditionis

131 2424 236 2470 putat
255 2420 364 2456 fuisse
386 2420 631 2457 Graecanicae
650 2422 781 2457 fortas-

134 2490 172 2513 se
193 2477 322 2521 faecis,
353 2489 447 2524 quae
467 2477 552 2513 iude
572 2476 781 2513 aPsammi-

130 2532 215 2569 tichi
232 2536 395 2582 tempore
414 2545 478 2581 per
491 2532 696 2582 Aegyptum
716 2533 779 2569 ha-

132 2590 262 2625 bitarit.
322 2589 433 2632 Quod
452 2589 537 2625 mihi
557 2601 659 2625 secus
682 2590 783 2626 vide-

130 2651 211 2690 tur,
239 2646 299 2693 qui
317 2645 431 2694 probe
449 2645 579 2689 sciam,
612 2645 783 2681 Herodo-

130 2707 207 2738 tum
229 2702 285 2748 (ut
305 2702 384 2751 ipse
404 2702 556 2747 fatetur)
575 2712 595 2735 a
614 2703 782 2739 sacerdo-

130 2764 205 2795 tum
234 2757 438 2794 narratione
472 2757 634 2806 pendere
662 2763 697 2794 et
722 2770 780 2794 sa-

130 2815 316 2852 cerdotum
364 2813 625 2851 consuetudine
668 2815 779 2851 fuisse

863 968 989 1002 usum3
1037 968 1150 1005 quare
1187 954 1307 992 malim
1347 953 1515 1003 equidem

863 1017 1045 1058 statuere,
1079 1026 1098 1049 e
1126 1012 1355 1049 sacerdotum
1382 1011 1516 1047 familia

862 1069 958 1105 illum
987 1070 1221 1119 interpretem
1258 1069 1382 1105 fuisse.
1440 1067 1516 1103 Cur

860 1138 945 1161 vero
977 1121 1187 1176 γράμματα
1226 1120 1429 1175 Αἰγύπτια
1467 1123 1517 1160 ad

860 1181 1045 1229 vulgarem
1070 1183 1282 1231 scripturam
1310 1180 1515 1217 necessario

860 1239 933 1274 sint
962 1239 1153 1275 referenda
1171 1265 1181 1284 ,
1212 1237 1309 1274 haud
1337 1236 1513 1284 intelligo,

860 1308 941 1330 cum
959 1299 995 1332 et
1015 1307 1153 1331 sacram
1177 1298 1212 1330 et
1229 1293 1413 1341 vulgatam
1429 1294 1515 1329 scri-

860 1355 1003 1399 pturam
1024 1350 1244 1399 Aegyptiam
1271 1350 1410 1386 Noster
1438 1362 1514 1386 me-

859 1411 976 1443 moret
997 1406 1028 1442 ll
1043 1435 1053 1452 ‚
1074 1408 1139 1446 36.
1176 1406 1239 1442 Cr.
1267 1405 1420 1442 conferri
1440 1404 1515 1441 vult

859 1462 990 1508 Palm„
1013 1464 1196 1510 sragmens
1213 1475 1274 1498 sur
1295 1461 1426 1499 l'etude
1447 1461 1512 1498 des

859 1518 1116 1568 hieroglyphes
1142 1518 1191 1554 lV
1219 1532 1256 1568 p.
1279 1518 1340 1559 15.

913 1598 984 1641 ὅσα
1007 1601 1045 1648 ἔς
1064 1616 1104 1641 τε
1126 1601 1324 1653 συρμαίην
1351 1616 1388 1640 κ.
1411 1616 1442 1639 τ.
1463 1599 1511 1652 λ.]

859 1659 1056 1708 συρμαίην
1087 1659 1144 1695 hic
1164 1658 1288 1708 procul
1310 1658 1423 1695 dubio
1457 1659 1513 1695 in-

857 1715 984 1763 telligit
1013 1714 1187 1764 raphanos
1205 1744 1215 1761 ‚
1247 1727 1401 1764 quorum
1432 1729 1514 1751 suc-

858 1785 937 1807 cum
976 1772 1022 1806 ad
1071 1776 1231 1808 ventrem
1280 1772 1513 1819 purgandum

858 1828 954 1863 haud
982 1828 1054 1863 scio
1086 1840 1132 1863 an
1166 1827 1297 1863 dixerit
1324 1839 1433 1876 supra
1464 1826 1511 1875 II,

858 1885 934 1930 88,
965 1884 1024 1919 ubi
1048 1884 1118 1919 vid.
1167 1883 1341 1919 Probat-it
1364 1883 1512 1921 wesse-

856 1939 942 1987 ling.
958 1941 1004 1976 ad
1025 1939 1178 1976 Diodor.
1195 1939 1222 1985 I,
1245 1940 1297 1979 64
1320 1940 1414 1976 bene
1434 1940 1511 1976 lau-

856 1997 946 2033 dans
968 1996 1123 2032 Plinium
1140 1995 1173 2031 h.
1197 2009 1232 2031 n.
1251 1995 1425 2042 XXXVI,
1447 1998 1509 2036 12.

853 2051 906 2089 Ac
946 2057 1093 2102 praeter
1122 2052 1305 2087 Zonaram
1343 2052 1379 2087 in
1408 2051 1509 2090 lexic.

854 2109 984 2145 Graec.
1002 2123 1040 2158 p.
1063 2107 1172 2149 1684
1203 2108 1283 2155 (ubi
1303 2108 1418 2144 cibum
1441 2108 1510 2146 hoc

851 2166 998 2202 nomine
1018 2165 1195 2213 insignem
1215 2165 1393 2212 agnoscit,
1412 2177 1510 2201 com-

850 2221 1009 2271 positum
1035 2234 1055 2258 e
1075 2220 1180 2257 melle
1203 2225 1240 2258 et
1260 2221 1394 2270 adipe)
1423 2234 1510 2270 per-

852 2278 944 2315 tinet
996 2278 1064 2314 huc
1106 2277 1228 2326 glossa
1273 2277 1508 2314 Herodotea:

852 2334 1050 2384 συρμαίην
1065 2346 1073 2353 ·
1132 2329 1306 2384 λα’χανον
1368 2333 1507 2386 σελίνῳ

851 2387 998 2437 ἐοικὸς,
1030 2385 1057 2440 ἢ
1087 2391 1228 2442 βρῶμα
1258 2386 1324 2428 δια
1350 2388 1508 2436 στέατος

849 2445 915 2485 καὶ
937 2446 1100 2497 μέλιτος.

908 2528 972 2576 οἷς
999 2528 1065 2580 ἐμὲ
1090 2524 1135 2569 εὖ
1156 2527 1414 2580 μεμνῆσθαι]
1446 2530 1505 2567 Cf.

849 2587 979 2624 Matth.
994 2588 1058 2623 Gr.
1072 2587 1136 2624 Gr.
1148 2601 1183 2637 p.
1201 2589 1320 2628 1069.
1343 2585 1383 2622 111
1400 2599 1502 2635 seqq.

849 2640 1124 2694 ἐπιλεγόμενος
1149 2645 1216 2680 erit
1236 2642 1503 2691 accipiendum:

847 2700 962 2748 legens
981 2728 992 2745 ,
1029 2705 1198 2738 monente
1228 2698 1431 2746 Schweigh.
1467 2699 1503 2736 in

847 2757 914 2793 lex.
937 2757 1116 2794 Herodot.
1144 2770 1172 2793 s.
1202 2769 1299 2802 voc„
1339 2755 1399 2792 ubi
1426 2755 1499 2792 vid.

845 2813 962 2864 plura.
