<?xml version="1.0" encoding="UTF-8"?>
<!DOCTYPE html PUBLIC "-//W3C//DTD XHTML 1.0 Transitional//EN"
    "http://www.w3.org/TR/xhtml1/DTD/xhtml1-transitional.dtd">
<html xmlns="http://www.w3.org/1999/xhtml" xml:lang="en" lang="en">
 <head>
  <title>
</title>
<meta http-equiv="Content-Type" content="text/html;charset=utf-8" />
  <meta name='ocr-system' content='tesseract 3.04.00' />
  <meta name='ocr-capabilities' content='ocr_page ocr_carea ocr_par ocr_line ocrx_word'/>
</head>
<body>
  <div class='ocr_page' id='page_1' title='image "./musaeherodoto01hero/musaeherodoto01hero_0803.png"; bbox 0 0 1909 3228; ppageno 0'>
   <div class='ocr_carea' id='block_1_1' title="bbox 557 165 1078 203">
    <p class='ocr_par' dir='ltr' id='par_1_1' title="bbox 557 165 1078 203">
     <span class='ocr_line' id='line_1_1' title="bbox 557 165 1078 203; baseline 0.002 -1"><span class='ocrx_word' id='word_1_1' title='bbox 557 165 977 203; x_wconf 87' lang='lat' dir='ltr'><strong>EUTERPE.</strong></span> <span class='ocrx_word' id='word_1_2' title='bbox 1035 166 1078 203; x_wconf 88' lang='lat'><strong>11.</strong></span> 
     </span>
    </p>
   </div>
   <div class='ocr_carea' id='block_1_2' title="bbox 1354 168 1437 207">
    <p class='ocr_par' dir='ltr' id='par_1_2' title="bbox 1354 168 1437 207">
     <span class='ocr_line' id='line_1_2' title="bbox 1354 168 1437 207; baseline -0.012 0"><span class='ocrx_word' id='word_1_3' title='bbox 1354 168 1437 207; x_wconf 77' lang='lat'><strong>789</strong></span> 
     </span>
    </p>
   </div>
   <div class='ocr_carea' id='block_1_3' title="bbox 175 268 1434 333">
    <p class='ocr_par' dir='ltr' id='par_1_3' title="bbox 175 268 1434 333">
     <span class='ocr_line' id='line_1_3' title="bbox 175 268 1434 333; baseline -0.001 -17"><span class='ocrx_word' id='word_1_4' title='bbox 175 271 251 316; x_wconf 83' lang='grc' dir='ltr'><strong>ὑπ’</strong></span> <span class='ocrx_word' id='word_1_5' title='bbox 283 274 385 328; x_wconf 79' lang='grc' dir='ltr'><strong><em>ἐμεῦ</em></strong></span> <span class='ocrx_word' id='word_1_6' title='bbox 424 274 492 317; x_wconf 80' lang='grc' dir='ltr'><strong>ἐπὶ</strong></span> <span class='ocrx_word' id='word_1_7' title='bbox 533 273 717 333; x_wconf 76' lang='grc' dir='ltr'><em>τοιούτῳ</em></span> <span class='ocrx_word' id='word_1_8' title='bbox 748 274 986 331; x_wconf 77' lang='grc' dir='ltr'><em>πρήγματι,</em></span> <span class='ocrx_word' id='word_1_9' title='bbox 1035 273 1130 318; x_wconf 85' lang='grc' dir='ltr'><em>τότε</em></span> <span class='ocrx_word' id='word_1_10' title='bbox 1166 268 1226 317; x_wconf 73' lang='grc' dir='ltr'><strong>ὧν</strong></span> <span class='ocrx_word' id='word_1_11' title='bbox 1255 273 1326 316; x_wconf 81' lang='grc' dir='ltr'><strong>καὶ</strong></span> <span class='ocrx_word' id='word_1_12' title='bbox 1356 274 1434 329; x_wconf 74' lang='grc' dir='ltr'><strong>τὴν</strong></span> 
     </span>
    </p>
   </div>
   <div class='ocr_carea' id='block_1_4' title="bbox 144 353 870 408">
    <p class='ocr_par' dir='ltr' id='par_1_4' title="bbox 144 353 870 408">
     <span class='ocr_line' id='line_1_4' title="bbox 144 353 870 408; baseline 0.003 -15"><span class='ocrx_word' id='word_1_13' title='bbox 144 355 285 408; x_wconf 84' lang='grc' dir='ltr'><em>4βοῦν</em></span> <span class='ocrx_word' id='word_1_14' title='bbox 320 353 553 408; x_wconf 78' lang='grc' dir='ltr'>ἐκφέρουσι</span> <span class='ocrx_word' id='word_1_15' title='bbox 595 354 636 404; x_wconf 74' lang='grc' dir='ltr'><strong>ἒς</strong></span> <span class='ocrx_word' id='word_1_16' title='bbox 675 353 723 396; x_wconf 78' lang='grc' dir='ltr'><strong>τό</strong></span> <span class='ocrx_word' id='word_1_17' title='bbox 764 358 870 408; x_wconf 78' lang='grc' dir='ltr'><strong><em>φῶς.</em></strong></span> 
     </span>
    </p>
   </div>
   <div class='ocr_carea' id='block_1_5' title="bbox 932 350 1431 409">
    <p class='ocr_par' dir='ltr' id='par_1_5' title="bbox 932 350 1431 409">
     <span class='ocr_line' id='line_1_5' title="bbox 932 350 1431 409; baseline -0.006 -12"><span class='ocrx_word' id='word_1_18' title='bbox 932 355 1041 409; x_wconf 85' lang='grc' dir='ltr'><em>φασὶ</em></span> <span class='ocrx_word' id='word_1_19' title='bbox 1080 352 1163 409; x_wconf 69' lang='grc' dir='ltr'><strong>γάρ</strong></span> <span class='ocrx_word' id='word_1_20' title='bbox 1204 352 1256 408; x_wconf 82' lang='grc' dir='ltr'><strong>δὴ</strong></span> <span class='ocrx_word' id='word_1_21' title='bbox 1295 350 1431 408; x_wconf 74' lang='grc' dir='ltr'><em>αὐτὴν</em></span> 
     </span>
    </p>
   </div>
   <div class='ocr_carea' id='block_1_6' title="bbox 173 431 1425 490">
    <p class='ocr_par' dir='ltr' id='par_1_6' title="bbox 173 431 1425 490">
     <span class='ocr_line' id='line_1_6' title="bbox 173 431 1425 490; baseline 0 -16"><span class='ocrx_word' id='word_1_22' title='bbox 173 433 384 488; x_wconf 80' lang='grc' dir='ltr'><em>δεηθῆναι</em></span> <span class='ocrx_word' id='word_1_23' title='bbox 422 437 501 476; x_wconf 89' lang='grc' dir='ltr'><strong>τοῦ</strong></span> <span class='ocrx_word' id='word_1_24' title='bbox 537 433 699 488; x_wconf 82' lang='grc' dir='ltr'><em>πατρός</em></span> <span class='ocrx_word' id='word_1_25' title='bbox 735 435 994 488; x_wconf 80' lang='grc' dir='ltr'><strong><em>Μυκερίνου</em></strong></span> <span class='ocrx_word' id='word_1_26' title='bbox 1040 431 1425 490; x_wconf 71' lang='grc' dir='ltr'><em>ἀποθνήσκουσαν,</em></span> 
     </span>
    </p>
   </div>
   <div class='ocr_carea' id='block_1_7' title="bbox 88 617 766 2858">
    <p class='ocr_par' dir='ltr' id='par_1_7' title="bbox 88 617 766 2858">
     <span class='ocr_line' id='line_1_7' title="bbox 113 617 764 667; baseline -0.002 -13"><span class='ocrx_word' id='word_1_27' title='bbox 113 617 349 654; x_wconf 76' lang='lat' dir='ltr'><em>celebrabant:</em></span> <span class='ocrx_word' id='word_1_28' title='bbox 399 617 598 667; x_wconf 62' lang='lat' dir='ltr'><strong>Pasiphaes·</strong></span> <span class='ocrx_word' id='word_1_29' title='bbox 645 622 764 654; x_wconf 81' lang='lat' dir='ltr'><strong>autem</strong></span> 
     </span>
     <span class='ocr_line' id='line_1_8' title="bbox 112 673 766 723; baseline -0.003 -12"><span class='ocrx_word' id='word_1_30' title='bbox 112 674 296 723; x_wconf 84' lang='lat' dir='ltr'><strong>flagitiosa</strong></span> <span class='ocrx_word' id='word_1_31' title='bbox 325 673 448 710; x_wconf 85' lang='lat' dir='ltr'><strong>fabula</strong></span> <span class='ocrx_word' id='word_1_32' title='bbox 474 678 591 709; x_wconf 92' lang='lat' dir='ltr'><strong>ortum</strong></span> <span class='ocrx_word' id='word_1_33' title='bbox 623 675 766 710; x_wconf 77' lang='lat' dir='ltr'><strong>duxerit</strong></span> 
     </span>
     <span class='ocr_line' id='line_1_9' title="bbox 112 729 763 778; baseline -0.005 -9"><span class='ocrx_word' id='word_1_34' title='bbox 112 743 155 769; x_wconf 84' lang='lat' dir='ltr'><strong>ex</strong></span> <span class='ocrx_word' id='word_1_35' title='bbox 185 731 284 767; x_wconf 79' lang='lat' dir='ltr'><strong>verni</strong></span> <span class='ocrx_word' id='word_1_36' title='bbox 319 730 490 778; x_wconf 91' lang='lat' dir='ltr'><strong>temporis</strong></span> <span class='ocrx_word' id='word_1_37' title='bbox 523 729 763 776; x_wconf 78' lang='lat' dir='ltr'><strong>solemnitate,</strong></span> 
     </span>
     <span class='ocr_line' id='line_1_10' title="bbox 110 781 762 837; baseline 0.002 -14"><span class='ocrx_word' id='word_1_38' title='bbox 110 786 182 835; x_wconf 71' lang='lat' dir='ltr'><strong>qua</strong></span> <span class='ocrx_word' id='word_1_39' title='bbox 217 786 253 822; x_wconf 94' lang='lat' dir='ltr'><strong>in</strong></span> <span class='ocrx_word' id='word_1_40' title='bbox 287 785 430 835; x_wconf 87' lang='lat' dir='ltr'><strong>templis</strong></span> <span class='ocrx_word' id='word_1_41' title='bbox 467 782 540 835; x_wconf 74' lang='grc' dir='ltr'><strong>τήν</strong></span> <span class='ocrx_word' id='word_1_42' title='bbox 571 781 762 837; x_wconf 76' lang='grc' dir='ltr'><em>Ὀσίριδος</em></span> 
     </span>
     <span class='ocr_line' id='line_1_11' title="bbox 109 837 761 893; baseline -0.005 -12"><span class='ocrx_word' id='word_1_43' title='bbox 109 841 276 893; x_wconf 74' lang='grc' dir='ltr'><em>ἔμβασιν</em></span> <span class='ocrx_word' id='word_1_44' title='bbox 309 841 365 887; x_wconf 82' lang='grc' dir='ltr'><strong>εἰς</strong></span> <span class='ocrx_word' id='word_1_45' title='bbox 392 837 466 892; x_wconf 72' lang='grc' dir='ltr'><strong>τήν</strong></span> <span class='ocrx_word' id='word_1_46' title='bbox 487 838 657 892; x_wconf 81' lang='grc' dir='ltr'><em>σελήνην</em></span> <span class='ocrx_word' id='word_1_47' title='bbox 683 847 761 879; x_wconf 87' lang='lat' dir='ltr'><strong>arte</strong></span> 
     </span>
     <span class='ocr_line' id='line_1_12' title="bbox 109 897 762 947; baseline 0 -12"><span class='ocrx_word' id='word_1_48' title='bbox 109 899 249 935; x_wconf 88' lang='lat' dir='ltr'><strong>scenica</strong></span> <span class='ocrx_word' id='word_1_49' title='bbox 268 899 631 947; x_wconf 88' lang='lat' dir='ltr'><strong>repraesentabant.“</strong></span> <span class='ocrx_word' id='word_1_50' title='bbox 661 897 762 935; x_wconf 89' lang='lat' dir='ltr'><strong>Hac-</strong></span> 
     </span>
     <span class='ocr_line' id='line_1_13' title="bbox 106 954 760 1004; baseline -0.002 -13"><span class='ocrx_word' id='word_1_51' title='bbox 106 959 215 991; x_wconf 86' lang='lat' dir='ltr'><strong>tenus</strong></span> <span class='ocrx_word' id='word_1_52' title='bbox 265 954 467 992; x_wconf 85' lang='lat' dir='ltr'><strong>Creuzerus</strong></span> <span class='ocrx_word' id='word_1_53' title='bbox 488 983 499 1000; x_wconf 89' lang='lat'><strong><em>‚</em></strong></span> <span class='ocrx_word' id='word_1_54' title='bbox 545 955 760 1004; x_wconf 85' lang='lat' dir='ltr'>quibuscum</span> 
     </span>
     <span class='ocr_line' id='line_1_14' title="bbox 107 1011 759 1060; baseline 0 -12"><span class='ocrx_word' id='word_1_55' title='bbox 107 1012 231 1048; x_wconf 87' lang='lat' dir='ltr'><strong>confer</strong></span> <span class='ocrx_word' id='word_1_56' title='bbox 249 1040 259 1057; x_wconf 91' lang='lat'><strong>,</strong></span> <span class='ocrx_word' id='word_1_57' title='bbox 298 1023 393 1059; x_wconf 86' lang='lat' dir='ltr'><strong>quae</strong></span> <span class='ocrx_word' id='word_1_58' title='bbox 418 1011 454 1047; x_wconf 91' lang='lat' dir='ltr'><strong>in</strong></span> <span class='ocrx_word' id='word_1_59' title='bbox 486 1011 682 1060; x_wconf 72' lang='lat' dir='ltr'><strong>Symbolic.</strong></span> <span class='ocrx_word' id='word_1_60' title='bbox 709 1011 759 1048; x_wconf 90' lang='lat' dir='ltr'><strong>IV</strong></span> 
     </span>
     <span class='ocr_line' id='line_1_15' title="bbox 105 1066 759 1117; baseline 0 -14"><span class='ocrx_word' id='word_1_61' title='bbox 105 1079 192 1117; x_wconf 86' lang='lat' dir='ltr'><strong>pag.</strong></span> <span class='ocrx_word' id='word_1_62' title='bbox 214 1070 294 1108; x_wconf 77' lang='grc'><strong>227</strong></span> <span class='ocrx_word' id='word_1_63' title='bbox 315 1080 418 1115; x_wconf 85' lang='lat' dir='ltr'><strong>seqq.</strong></span> <span class='ocrx_word' id='word_1_64' title='bbox 449 1066 628 1115; x_wconf 80' lang='lat' dir='ltr'><strong>leguntur.</strong></span> <span class='ocrx_word' id='word_1_65' title='bbox 687 1068 759 1111; x_wconf 86' lang='lat' dir='ltr'><strong>Qui</strong></span> 
     </span>
     <span class='ocr_line' id='line_1_16' title="bbox 104 1123 758 1173; baseline 0.003 -14"><span class='ocrx_word' id='word_1_66' title='bbox 104 1124 203 1160; x_wconf 90' lang='lat' dir='ltr'><strong>idem</strong></span> <span class='ocrx_word' id='word_1_67' title='bbox 223 1137 243 1161; x_wconf 90' lang='lat' dir='ltr'><strong>e</strong></span> <span class='ocrx_word' id='word_1_68' title='bbox 263 1124 504 1160; x_wconf 81' lang='lat' dir='ltr'>monumentis</span> <span class='ocrx_word' id='word_1_69' title='bbox 526 1123 758 1173; x_wconf 72' lang='lat' dir='ltr'><strong>Aegyptiacis</strong></span> 
     </span>
     <span class='ocr_line' id='line_1_17' title="bbox 105 1179 758 1228; baseline 0.002 -12"><span class='ocrx_word' id='word_1_70' title='bbox 105 1179 249 1217; x_wconf 84' lang='lat' dir='ltr'><strong>fabulae</strong></span> <span class='ocrx_word' id='word_1_71' title='bbox 286 1181 531 1217; x_wconf 83' lang='lat' dir='ltr'><strong>testimonium</strong></span> <span class='ocrx_word' id='word_1_72' title='bbox 566 1193 758 1228; x_wconf 88' lang='lat' dir='ltr'><strong>quaerens,</strong></span> 
     </span>
     <span class='ocr_line' id='line_1_18' title="bbox 103 1235 757 1285; baseline 0 -13"><span class='ocrx_word' id='word_1_73' title='bbox 103 1235 199 1272; x_wconf 89' lang='lat' dir='ltr'><strong>hunc</strong></span> <span class='ocrx_word' id='word_1_74' title='bbox 217 1237 252 1272; x_wconf 90' lang='lat' dir='ltr'><strong>in</strong></span> <span class='ocrx_word' id='word_1_75' title='bbox 275 1237 423 1273; x_wconf 88' lang='lat' dir='ltr'><strong>modum</strong></span> <span class='ocrx_word' id='word_1_76' title='bbox 453 1237 590 1285; x_wconf 80' lang='lat' dir='ltr'><strong>pergit:</strong></span> <span class='ocrx_word' id='word_1_77' title='bbox 621 1237 757 1282; x_wconf 80' lang='lat' dir='ltr'><strong>„Divi-</strong></span> 
     </span>
     <span class='ocr_line' id='line_1_19' title="bbox 101 1293 756 1330; baseline 0.002 -1"><span class='ocrx_word' id='word_1_78' title='bbox 101 1305 169 1329; x_wconf 88' lang='lat' dir='ltr'><strong>nos</strong></span> <span class='ocrx_word' id='word_1_79' title='bbox 196 1298 317 1329; x_wconf 88' lang='lat' dir='ltr'><strong>autem</strong></span> <span class='ocrx_word' id='word_1_80' title='bbox 346 1293 502 1329; x_wconf 88' lang='lat' dir='ltr'><strong>honores</strong></span> <span class='ocrx_word' id='word_1_81' title='bbox 532 1305 660 1330; x_wconf 80' lang='lat' dir='ltr'><strong>vaccae</strong></span> <span class='ocrx_word' id='word_1_82' title='bbox 689 1294 756 1330; x_wconf 90' lang='lat' dir='ltr'><strong>im·</strong></span> 
     </span>
     <span class='ocr_line' id='line_1_20' title="bbox 99 1349 755 1399; baseline 0.005 -15"><span class='ocrx_word' id='word_1_83' title='bbox 99 1349 253 1399; x_wconf 89' lang='lat' dir='ltr'><strong>pertitos</strong></span> <span class='ocrx_word' id='word_1_84' title='bbox 272 1349 480 1397; x_wconf 85' lang='lat' dir='ltr'><strong>reliquaque</strong></span> <span class='ocrx_word' id='word_1_85' title='bbox 497 1350 635 1394; x_wconf 88' lang='lat' dir='ltr'><strong>omnia,</strong></span> <span class='ocrx_word' id='word_1_86' title='bbox 661 1362 755 1397; x_wconf 88' lang='lat' dir='ltr'><strong>quae</strong></span> 
     </span>
     <span class='ocr_line' id='line_1_21' title="bbox 98 1403 753 1454; baseline 0.002 -13"><span class='ocrx_word' id='word_1_87' title='bbox 98 1404 333 1441; x_wconf 87' lang='lat' dir='ltr'><strong>Herodoteus</strong></span> <span class='ocrx_word' id='word_1_88' title='bbox 361 1403 459 1441; x_wconf 90' lang='lat' dir='ltr'><strong>locus</strong></span> <span class='ocrx_word' id='word_1_89' title='bbox 499 1405 546 1442; x_wconf 89' lang='lat' dir='ltr'><strong>de</strong></span> <span class='ocrx_word' id='word_1_90' title='bbox 575 1404 753 1454; x_wconf 77' lang='lat' dir='ltr'><strong>Mycerini</strong></span> 
     </span>
     <span class='ocr_line' id='line_1_22' title="bbox 99 1460 751 1507; baseline 0 -10"><span class='ocrx_word' id='word_1_91' title='bbox 99 1460 228 1497; x_wconf 71' lang='lat' dir='ltr'><strong>bucula</strong></span> <span class='ocrx_word' id='word_1_92' title='bbox 255 1461 356 1497; x_wconf 71' lang='lat' dir='ltr'><strong>sacra</strong></span> <span class='ocrx_word' id='word_1_93' title='bbox 381 1460 510 1507; x_wconf 89' lang='lat' dir='ltr'><strong>habet,</strong></span> <span class='ocrx_word' id='word_1_94' title='bbox 551 1461 599 1497; x_wconf 91' lang='lat' dir='ltr'><strong>ad</strong></span> <span class='ocrx_word' id='word_1_95' title='bbox 629 1461 751 1497; x_wconf 85' lang='lat' dir='ltr'><strong>oculo-</strong></span> 
     </span>
     <span class='ocr_line' id='line_1_23' title="bbox 97 1517 750 1567; baseline 0.005 -15"><span class='ocrx_word' id='word_1_96' title='bbox 97 1529 178 1554; x_wconf 91' lang='lat' dir='ltr'><strong>rum</strong></span> <span class='ocrx_word' id='word_1_97' title='bbox 223 1529 366 1554; x_wconf 85' lang='lat' dir='ltr'><strong>sensum</strong></span> <span class='ocrx_word' id='word_1_98' title='bbox 407 1517 555 1567; x_wconf 82' lang='lat' dir='ltr'><strong>exponit</strong></span> <span class='ocrx_word' id='word_1_99' title='bbox 600 1519 750 1566; x_wconf 85' lang='lat' dir='ltr'><strong>egregia</strong></span> 
     </span>
     <span class='ocr_line' id='line_1_24' title="bbox 95 1573 748 1622; baseline 0.003 -13"><span class='ocrx_word' id='word_1_100' title='bbox 95 1573 194 1620; x_wconf 87' lang='lat' dir='ltr'><strong>icon,</strong></span> <span class='ocrx_word' id='word_1_101' title='bbox 226 1586 333 1622; x_wconf 84' lang='lat' dir='ltr'><strong>quam</strong></span> <span class='ocrx_word' id='word_1_102' title='bbox 356 1573 519 1610; x_wconf 75' lang='lat' dir='ltr'><strong>Venetiis</strong></span> <span class='ocrx_word' id='word_1_103' title='bbox 546 1579 748 1611; x_wconf 84' lang='lat' dir='ltr'><strong>exstantem</strong></span> 
     </span>
     <span class='ocr_line' id='line_1_25' title="bbox 98 1629 748 1680; baseline 0 -13"><span class='ocrx_word' id='word_1_104' title='bbox 98 1642 141 1667; x_wconf 86' lang='lat' dir='ltr'><strong>ex</strong></span> <span class='ocrx_word' id='word_1_105' title='bbox 161 1629 300 1667; x_wconf 85' lang='lat' dir='ltr'><strong>Pricaei</strong></span> <span class='ocrx_word' id='word_1_106' title='bbox 321 1631 580 1667; x_wconf 87' lang='lat' dir='ltr'><strong>commentario</strong></span> <span class='ocrx_word' id='word_1_107' title='bbox 603 1631 650 1667; x_wconf 87' lang='lat' dir='ltr'><strong>ad</strong></span> <span class='ocrx_word' id='word_1_108' title='bbox 671 1630 748 1680; x_wconf 83' lang='lat' dir='ltr'><strong>Ap-</strong></span> 
     </span>
     <span class='ocr_line' id='line_1_26' title="bbox 96 1685 748 1736; baseline 0.003 -15"><span class='ocrx_word' id='word_1_109' title='bbox 96 1685 256 1736; x_wconf 90' lang='lat' dir='ltr'><strong>puleium</strong></span> <span class='ocrx_word' id='word_1_110' title='bbox 274 1686 487 1723; x_wconf 91' lang='lat' dir='ltr'><strong>Herodoteo</strong></span> <span class='ocrx_word' id='word_1_111' title='bbox 510 1685 588 1723; x_wconf 94' lang='lat' dir='ltr'><strong>loco</strong></span> <span class='ocrx_word' id='word_1_112' title='bbox 612 1687 748 1736; x_wconf 82' lang='lat' dir='ltr'><strong>primus</strong></span> 
     </span>
     <span class='ocr_line' id='line_1_27' title="bbox 96 1741 750 1792; baseline 0.002 -14"><span class='ocrx_word' id='word_1_113' title='bbox 96 1742 227 1778; x_wconf 89' lang='lat' dir='ltr'><strong>adiecit</strong></span> <span class='ocrx_word' id='word_1_114' title='bbox 243 1741 314 1778; x_wconf 87' lang='lat' dir='ltr'><strong>lac.</strong></span> <span class='ocrx_word' id='word_1_115' title='bbox 333 1742 555 1789; x_wconf 76' lang='lat' dir='ltr'><strong>Gronovius,</strong></span> <span class='ocrx_word' id='word_1_116' title='bbox 582 1747 750 1792; x_wconf 88' lang='lat' dir='ltr'><strong>repeten-</strong></span> 
     </span>
     <span class='ocr_line' id='line_1_28' title="bbox 97 1798 750 1846; baseline 0.005 -13"><span class='ocrx_word' id='word_1_117' title='bbox 97 1798 256 1846; x_wconf 88' lang='lat' dir='ltr'><strong>damque</strong></span> <span class='ocrx_word' id='word_1_118' title='bbox 277 1798 412 1835; x_wconf 74' lang='lat' dir='ltr'><strong>curavit</strong></span> <span class='ocrx_word' id='word_1_119' title='bbox 438 1799 474 1834; x_wconf 92' lang='lat' dir='ltr'><strong>in</strong></span> <span class='ocrx_word' id='word_1_120' title='bbox 508 1812 573 1835; x_wconf 89' lang='lat' dir='ltr'><strong>sua</strong></span> <span class='ocrx_word' id='word_1_121' title='bbox 591 1799 750 1836; x_wconf 81' lang='lat' dir='ltr'><strong>editione</strong></span> 
     </span>
     <span class='ocr_line' id='line_1_29' title="bbox 96 1853 750 1903; baseline 0.002 -12"><span class='ocrx_word' id='word_1_122' title='bbox 96 1853 330 1903; x_wconf 55' lang='lat' dir='ltr'><strong>WVesseling„</strong></span> <span class='ocrx_word' id='word_1_123' title='bbox 350 1867 445 1891; x_wconf 92' lang='lat' dir='ltr'><strong>nunc</strong></span> <span class='ocrx_word' id='word_1_124' title='bbox 459 1868 543 1891; x_wconf 74' lang='lat' dir='ltr'><strong>vero</strong></span> <span class='ocrx_word' id='word_1_125' title='bbox 556 1867 666 1903; x_wconf 77' lang='lat' dir='ltr'><strong>aegre</strong></span> <span class='ocrx_word' id='word_1_126' title='bbox 684 1855 750 1892; x_wconf 89' lang='lat' dir='ltr'><strong>de-</strong></span> 
     </span>
     <span class='ocr_line' id='line_1_30' title="bbox 96 1910 750 1960; baseline 0.002 -14"><span class='ocrx_word' id='word_1_127' title='bbox 96 1910 293 1947; x_wconf 83' lang='lat' dir='ltr'><strong>sideramus</strong></span> <span class='ocrx_word' id='word_1_128' title='bbox 321 1911 357 1947; x_wconf 92' lang='lat' dir='ltr'><strong>in</strong></span> <span class='ocrx_word' id='word_1_129' title='bbox 382 1911 542 1948; x_wconf 85' lang='lat' dir='ltr'><strong>editione</strong></span> <span class='ocrx_word' id='word_1_130' title='bbox 566 1911 750 1960; x_wconf 65' lang='lat' dir='ltr'><strong>Schweig-</strong></span> 
     </span>
     <span class='ocr_line' id='line_1_31' title="bbox 95 1966 748 2015; baseline 0.005 -13"><span class='ocrx_word' id='word_1_131' title='bbox 95 1966 270 2004; x_wconf 84' lang='lat' dir='ltr'><strong>haeuseri.</strong></span> <span class='ocrx_word' id='word_1_132' title='bbox 327 1966 448 2015; x_wconf 77' lang='lat' dir='ltr'><strong>Magis</strong></span> <span class='ocrx_word' id='word_1_133' title='bbox 482 1971 602 2004; x_wconf 87' lang='lat' dir='ltr'><strong>autem</strong></span> <span class='ocrx_word' id='word_1_134' title='bbox 639 1968 748 2005; x_wconf 88' lang='lat' dir='ltr'><strong>debet</strong></span> 
     </span>
     <span class='ocr_line' id='line_1_32' title="bbox 94 2023 747 2073; baseline 0.002 -15"><span class='ocrx_word' id='word_1_135' title='bbox 94 2035 162 2059; x_wconf 92' lang='lat' dir='ltr'><strong>nos</strong></span> <span class='ocrx_word' id='word_1_136' title='bbox 190 2023 379 2060; x_wconf 82' lang='lat' dir='ltr'><strong>advertere</strong></span> <span class='ocrx_word' id='word_1_137' title='bbox 399 2023 484 2059; x_wconf 88' lang='lat' dir='ltr'><strong>illud</strong></span> <span class='ocrx_word' id='word_1_138' title='bbox 512 2024 612 2072; x_wconf 89' lang='lat' dir='ltr'><strong>quod</strong></span> <span class='ocrx_word' id='word_1_139' title='bbox 631 2036 747 2073; x_wconf 90' lang='lat' dir='ltr'><strong>nuper</strong></span> 
     </span>
     <span class='ocr_line' id='line_1_33' title="bbox 92 2079 747 2116; baseline 0.002 -1"><span class='ocrx_word' id='word_1_140' title='bbox 92 2079 290 2115; x_wconf 88' lang='lat' dir='ltr'><strong>admodum</strong></span> <span class='ocrx_word' id='word_1_141' title='bbox 312 2080 360 2115; x_wconf 88' lang='lat' dir='ltr'><strong>ad</strong></span> <span class='ocrx_word' id='word_1_142' title='bbox 386 2079 636 2116; x_wconf 83' lang='lat' dir='ltr'><strong>Herodoteam</strong></span> <span class='ocrx_word' id='word_1_143' title='bbox 663 2093 747 2116; x_wconf 91' lang='lat' dir='ltr'><strong>nar-</strong></span> 
     </span>
     <span class='ocr_line' id='line_1_34' title="bbox 93 2135 745 2186; baseline 0.003 -15"><span class='ocrx_word' id='word_1_144' title='bbox 93 2136 273 2172; x_wconf 86' lang='lat' dir='ltr'><strong>rationem</strong></span> <span class='ocrx_word' id='word_1_145' title='bbox 310 2135 525 2172; x_wconf 79' lang='lat' dir='ltr'><strong>firmandam</strong></span> <span class='ocrx_word' id='word_1_146' title='bbox 564 2135 745 2186; x_wconf 82' lang='lat' dir='ltr'><strong>explican-</strong></span> 
     </span>
     <span class='ocr_line' id='line_1_35' title="bbox 93 2191 743 2242; baseline 0.003 -15"><span class='ocrx_word' id='word_1_147' title='bbox 93 2192 249 2240; x_wconf 88' lang='lat' dir='ltr'><strong>damque</strong></span> <span class='ocrx_word' id='word_1_148' title='bbox 274 2204 316 2228; x_wconf 81' lang='lat' dir='ltr'><strong>ex</strong></span> <span class='ocrx_word' id='word_1_149' title='bbox 331 2191 366 2228; x_wconf 92' lang='lat' dir='ltr'>T</span> <span class='ocrx_word' id='word_1_150' title='bbox 368 2192 523 2229; x_wconf 87' lang='lat' dir='ltr'><strong>hebaicis</strong></span> <span class='ocrx_word' id='word_1_151' title='bbox 543 2192 743 2242; x_wconf 72' lang='lat' dir='ltr'><strong>hypogaeis</strong></span> 
     </span>
     <span class='ocr_line' id='line_1_36' title="bbox 92 2248 745 2298; baseline 0.002 -14"><span class='ocrx_word' id='word_1_152' title='bbox 92 2251 264 2285; x_wconf 90' lang='lat' dir='ltr'><strong>eruerunt</strong></span> <span class='ocrx_word' id='word_1_153' title='bbox 282 2252 432 2297; x_wconf 84' lang='lat' dir='ltr'><strong>arteque</strong></span> <span class='ocrx_word' id='word_1_154' title='bbox 451 2249 603 2298; x_wconf 86' lang='lat' dir='ltr'><strong>pictoria</strong></span> <span class='ocrx_word' id='word_1_155' title='bbox 619 2248 745 2286; x_wconf 83' lang='lat' dir='ltr'><strong>lineari</strong></span> 
     </span>
     <span class='ocr_line' id='line_1_37' title="bbox 92 2304 744 2342; baseline 0.002 -2"><span class='ocrx_word' id='word_1_156' title='bbox 92 2304 372 2341; x_wconf 88' lang='lat' dir='ltr'><strong>describendum</strong></span> <span class='ocrx_word' id='word_1_157' title='bbox 406 2309 619 2342; x_wconf 85' lang='lat' dir='ltr'><strong>curaverunt</strong></span> <span class='ocrx_word' id='word_1_158' title='bbox 645 2306 744 2342; x_wconf 88' lang='lat' dir='ltr'><strong>docti</strong></span> 
     </span>
     <span class='ocr_line' id='line_1_38' title="bbox 92 2360 742 2409; baseline 0 -12"><span class='ocrx_word' id='word_1_159' title='bbox 92 2360 385 2409; x_wconf 84' lang='lat' dir='ltr'><strong>peregrinatores</strong></span> <span class='ocrx_word' id='word_1_160' title='bbox 400 2360 431 2397; x_wconf 86' lang='lat' dir='ltr'>F</span> <span class='ocrx_word' id='word_1_161' title='bbox 434 2361 640 2409; x_wconf 80' lang='lat' dir='ltr'><strong>raneogalli.</strong></span> <span class='ocrx_word' id='word_1_162' title='bbox 688 2361 742 2398; x_wconf 87' lang='lat' dir='ltr'><strong>Illi</strong></span> 
     </span>
     <span class='ocr_line' id='line_1_39' title="bbox 92 2416 741 2466; baseline 0.005 -15"><span class='ocrx_word' id='word_1_163' title='bbox 92 2416 242 2452; x_wconf 89' lang='lat' dir='ltr'><strong>enimin</strong></span> <span class='ocrx_word' id='word_1_164' title='bbox 273 2429 404 2464; x_wconf 89' lang='lat' dir='ltr'><strong>opere:</strong></span> <span class='ocrx_word' id='word_1_165' title='bbox 446 2418 668 2466; x_wconf 84' lang='lat' dir='ltr'><strong>description</strong></span> <span class='ocrx_word' id='word_1_166' title='bbox 694 2417 741 2454; x_wconf 93' lang='lat' dir='ltr'><strong>de</strong></span> 
     </span>
     <span class='ocr_line' id='line_1_40' title="bbox 92 2472 739 2522; baseline 0.003 -15"><span class='ocrx_word' id='word_1_167' title='bbox 92 2472 248 2520; x_wconf 74' lang='lat' dir='ltr'><strong>l&#39;Egypt.</strong></span> <span class='ocrx_word' id='word_1_168' title='bbox 271 2473 409 2521; x_wconf 81' lang='lat' dir='ltr'><strong>antiqq.</strong></span> <span class='ocrx_word' id='word_1_169' title='bbox 447 2473 517 2510; x_wconf 80' lang='lat' dir='ltr'><strong>vol.</strong></span> <span class='ocrx_word' id='word_1_170' title='bbox 544 2473 575 2509; x_wconf 89' lang='grc' dir='ltr'><strong>ΙΙ</strong></span> <span class='ocrx_word' id='word_1_171' title='bbox 600 2487 636 2522; x_wconf 91' lang='lat' dir='ltr'><strong>p.</strong></span> <span class='ocrx_word' id='word_1_172' title='bbox 662 2475 739 2514; x_wconf 84' lang='lat'><strong>169</strong></span> 
     </span>
     <span class='ocr_line' id='line_1_41' title="bbox 92 2527 741 2578; baseline 0.002 -14"><span class='ocrx_word' id='word_1_173' title='bbox 92 2527 230 2565; x_wconf 89' lang='lat' dir='ltr'><strong>Thebis</strong></span> <span class='ocrx_word' id='word_1_174' title='bbox 262 2530 442 2578; x_wconf 81' lang='lat' dir='ltr'><strong>reperisse</strong></span> <span class='ocrx_word' id='word_1_175' title='bbox 483 2543 522 2566; x_wconf 91' lang='lat' dir='ltr'><strong>se</strong></span> <span class='ocrx_word' id='word_1_176' title='bbox 562 2534 741 2566; x_wconf 88' lang='lat' dir='ltr'><strong>testantur</strong></span> 
     </span>
     <span class='ocr_line' id='line_1_42' title="bbox 91 2584 740 2634; baseline 0.005 -15"><span class='ocrx_word' id='word_1_177' title='bbox 91 2584 128 2619; x_wconf 90' lang='lat' dir='ltr'><strong>in</strong></span> <span class='ocrx_word' id='word_1_178' title='bbox 157 2588 314 2632; x_wconf 82' lang='lat' dir='ltr'><strong>angusto</strong></span> <span class='ocrx_word' id='word_1_179' title='bbox 351 2585 509 2621; x_wconf 71' lang='lat' dir='ltr'><strong>conclaxi</strong></span> <span class='ocrx_word' id='word_1_180' title='bbox 541 2586 655 2634; x_wconf 89' lang='lat' dir='ltr'><strong>quinti</strong></span> <span class='ocrx_word' id='word_1_181' title='bbox 683 2598 740 2622; x_wconf 90' lang='lat' dir='ltr'><strong>se-</strong></span> 
     </span>
     <span class='ocr_line' id='line_1_43' title="bbox 89 2639 740 2689; baseline 0.005 -14"><span class='ocrx_word' id='word_1_182' title='bbox 89 2639 202 2689; x_wconf 88' lang='lat' dir='ltr'><strong>pulcri</strong></span> <span class='ocrx_word' id='word_1_183' title='bbox 241 2653 365 2688; x_wconf 80' lang='lat' dir='ltr'><strong>regun]</strong></span> <span class='ocrx_word' id='word_1_184' title='bbox 416 2653 534 2678; x_wconf 87' lang='lat' dir='ltr'><strong>arcam</strong></span> <span class='ocrx_word' id='word_1_185' title='bbox 580 2641 740 2688; x_wconf 88' lang='lat' dir='ltr'><strong>feralem,</strong></span> 
     </span>
     <span class='ocr_line' id='line_1_44' title="bbox 89 2697 739 2744; baseline 0.005 -13"><span class='ocrx_word' id='word_1_186' title='bbox 89 2708 185 2744; x_wconf 89' lang='lat' dir='ltr'><strong>quae</strong></span> <span class='ocrx_word' id='word_1_187' title='bbox 208 2697 376 2733; x_wconf 85' lang='lat' dir='ltr'><strong>omnibus</strong></span> <span class='ocrx_word' id='word_1_188' title='bbox 403 2697 440 2733; x_wconf 90' lang='lat' dir='ltr'><strong>in</strong></span> <span class='ocrx_word' id='word_1_189' title='bbox 469 2697 575 2734; x_wconf 87' lang='lat' dir='ltr'><strong>rebus</strong></span> <span class='ocrx_word' id='word_1_190' title='bbox 605 2697 739 2734; x_wconf 90' lang='lat' dir='ltr'><strong>descri-</strong></span> 
     </span>
     <span class='ocr_line' id='line_1_45' title="bbox 88 2752 739 2803; baseline 0.003 -15"><span class='ocrx_word' id='word_1_191' title='bbox 88 2753 202 2803; x_wconf 87' lang='lat' dir='ltr'><strong>ptioni</strong></span> <span class='ocrx_word' id='word_1_192' title='bbox 224 2752 458 2790; x_wconf 89' lang='lat' dir='ltr'><strong>Herodoteae</strong></span> <span class='ocrx_word' id='word_1_193' title='bbox 479 2765 739 2802; x_wconf 86' lang='lat' dir='ltr'><strong>usquequaque</strong></span> 
     </span>
     <span class='ocr_line' id='line_1_46' title="bbox 88 2808 738 2858; baseline 0.002 -12"><span class='ocrx_word' id='word_1_194' title='bbox 88 2813 316 2858; x_wconf 83' lang='lat' dir='ltr'><strong>congrueret.</strong></span> <span class='ocrx_word' id='word_1_195' title='bbox 346 2808 398 2846; x_wconf 90' lang='lat' dir='ltr'><strong>Et</strong></span> <span class='ocrx_word' id='word_1_196' title='bbox 420 2810 516 2846; x_wconf 83' lang='lat' dir='ltr'><strong>sistit</strong></span> <span class='ocrx_word' id='word_1_197' title='bbox 531 2809 653 2846; x_wconf 88' lang='lat' dir='ltr'><strong>tabula</strong></span> <span class='ocrx_word' id='word_1_198' title='bbox 673 2810 738 2847; x_wconf 89' lang='lat' dir='ltr'><strong>ad-</strong></span> 
     </span>
    </p>
   </div>
   <div class='ocr_carea' id='block_1_8' title="bbox 805 617 1483 2798">
    <p class='ocr_par' dir='ltr' id='par_1_8' title="bbox 805 617 1483 2798">
     <span class='ocr_line' id='line_1_47' title="bbox 834 617 1483 666; baseline 0 -13"><span class='ocrx_word' id='word_1_199' title='bbox 834 618 926 654; x_wconf 87' lang='lat' dir='ltr'><strong>iecta</strong></span> <span class='ocrx_word' id='word_1_200' title='bbox 973 617 1137 655; x_wconf 82' lang='lat' dir='ltr'><strong>buculam</strong></span> <span class='ocrx_word' id='word_1_201' title='bbox 1192 617 1483 666; x_wconf 82' lang='lat' dir='ltr'><strong>ingeniculatain,</strong></span> 
     </span>
     <span class='ocr_line' id='line_1_48' title="bbox 833 672 1482 722; baseline 0.003 -14"><span class='ocrx_word' id='word_1_202' title='bbox 833 672 985 710; x_wconf 79' lang='lat' dir='ltr'><strong>velatam</strong></span> <span class='ocrx_word' id='word_1_203' title='bbox 1005 703 1015 721; x_wconf 93' lang='lat'><strong>,</strong></span> <span class='ocrx_word' id='word_1_204' title='bbox 1063 675 1246 722; x_wconf 87' lang='lat' dir='ltr'><strong>quomodo</strong></span> <span class='ocrx_word' id='word_1_205' title='bbox 1271 674 1482 710; x_wconf 87' lang='lat' dir='ltr'><strong>Herodotus</strong></span> 
     </span>
     <span class='ocr_line' id='line_1_49' title="bbox 832 729 1483 766; baseline -0.002 0"><span class='ocrx_word' id='word_1_206' title='bbox 832 729 1002 766; x_wconf 82' lang='lat' dir='ltr'><strong>describit</strong></span> <span class='ocrx_word' id='word_1_207' title='bbox 1029 743 1109 766; x_wconf 91' lang='lat' dir='ltr'><strong>cum</strong></span> <span class='ocrx_word' id='word_1_208' title='bbox 1136 731 1235 766; x_wconf 82' lang='lat' dir='ltr'><strong>diseo</strong></span> <span class='ocrx_word' id='word_1_209' title='bbox 1262 730 1368 766; x_wconf 78' lang='lat' dir='ltr'><strong>solari</strong></span> <span class='ocrx_word' id='word_1_210' title='bbox 1391 731 1483 766; x_wconf 90' lang='lat' dir='ltr'><strong>iuter</strong></span> 
     </span>
     <span class='ocr_line' id='line_1_50' title="bbox 831 785 1482 835; baseline 0.002 -13"><span class='ocrx_word' id='word_1_211' title='bbox 831 798 964 822; x_wconf 81' lang='lat' dir='ltr'><strong>cornua</strong></span> <span class='ocrx_word' id='word_1_212' title='bbox 982 785 1114 822; x_wconf 83' lang='lat' dir='ltr'><strong>locato.</strong></span> <span class='ocrx_word' id='word_1_213' title='bbox 1148 787 1263 833; x_wconf 88' lang='lat' dir='ltr'><strong>(Sunt</strong></span> <span class='ocrx_word' id='word_1_214' title='bbox 1281 787 1390 823; x_wconf 81' lang='lat' dir='ltr'><strong>verba</strong></span> <span class='ocrx_word' id='word_1_215' title='bbox 1403 787 1482 835; x_wconf 85' lang='lat' dir='ltr'><strong>ipsa</strong></span> 
     </span>
     <span class='ocr_line' id='line_1_51' title="bbox 831 841 1481 891; baseline 0.002 -14"><span class='ocrx_word' id='word_1_216' title='bbox 831 841 1019 878; x_wconf 83' lang='lat' dir='ltr'><strong>Gallorum</strong></span> <span class='ocrx_word' id='word_1_217' title='bbox 1042 842 1149 879; x_wconf 87' lang='lat' dir='ltr'><strong>haec:</strong></span> <span class='ocrx_word' id='word_1_218' title='bbox 1182 871 1205 889; x_wconf 89' lang='lat'><strong>‚,</strong></span> <span class='ocrx_word' id='word_1_219' title='bbox 1218 842 1241 878; x_wconf 89' lang='lat' dir='ltr'><strong>il</strong></span> <span class='ocrx_word' id='word_1_220' title='bbox 1261 842 1372 887; x_wconf 80' lang='lat' dir='ltr'><strong>suffit,</strong></span> <span class='ocrx_word' id='word_1_221' title='bbox 1390 855 1481 891; x_wconf 87' lang='lat' dir='ltr'><strong>pour</strong></span> 
     </span>
     <span class='ocr_line' id='line_1_52' title="bbox 829 898 1480 947; baseline 0.002 -13"><span class='ocrx_word' id='word_1_222' title='bbox 829 898 920 935; x_wconf 83' lang='lat' dir='ltr'><strong>ainsi</strong></span> <span class='ocrx_word' id='word_1_223' title='bbox 949 898 1027 935; x_wconf 91' lang='lat' dir='ltr'><strong>dire</strong></span> <span class='ocrx_word' id='word_1_224' title='bbox 1048 927 1058 945; x_wconf 93' lang='lat'>‚</span> <span class='ocrx_word' id='word_1_225' title='bbox 1100 899 1147 935; x_wconf 90' lang='lat' dir='ltr'><strong>de</strong></span> <span class='ocrx_word' id='word_1_226' title='bbox 1172 899 1281 947; x_wconf 79' lang='lat' dir='ltr'><strong>jetter</strong></span> <span class='ocrx_word' id='word_1_227' title='bbox 1308 898 1359 934; x_wconf 85' lang='lat' dir='ltr'><strong>les</strong></span> <span class='ocrx_word' id='word_1_228' title='bbox 1389 911 1480 946; x_wconf 77' lang='lat' dir='ltr'><strong>yeux</strong></span> 
     </span>
     <span class='ocr_line' id='line_1_53' title="bbox 827 954 1479 1004; baseline -0.002 -13"><span class='ocrx_word' id='word_1_229' title='bbox 827 967 888 991; x_wconf 86' lang='lat' dir='ltr'><strong>sur</strong></span> <span class='ocrx_word' id='word_1_230' title='bbox 908 954 943 992; x_wconf 82' lang='lat' dir='ltr'><strong>la</strong></span> <span class='ocrx_word' id='word_1_231' title='bbox 964 955 1146 1004; x_wconf 89' lang='lat' dir='ltr'><strong>peinture‚</strong></span> <span class='ocrx_word' id='word_1_232' title='bbox 1169 955 1260 990; x_wconf 89' lang='lat' dir='ltr'><strong>dont</strong></span> <span class='ocrx_word' id='word_1_233' title='bbox 1280 967 1371 990; x_wconf 90' lang='lat' dir='ltr'><strong>nous</strong></span> <span class='ocrx_word' id='word_1_234' title='bbox 1395 968 1479 1004; x_wconf 87' lang='lat' dir='ltr'><strong>par-</strong></span> 
     </span>
     <span class='ocr_line' id='line_1_54' title="bbox 827 1010 1479 1060; baseline 0.002 -14"><span class='ocrx_word' id='word_1_235' title='bbox 827 1010 921 1058; x_wconf 85' lang='lat' dir='ltr'><strong>lous,</strong></span> <span class='ocrx_word' id='word_1_236' title='bbox 940 1024 1033 1060; x_wconf 90' lang='lat' dir='ltr'><strong>pour</strong></span> <span class='ocrx_word' id='word_1_237' title='bbox 1052 1011 1222 1048; x_wconf 84' lang='lat' dir='ltr'><strong>s&#39;assurer</strong></span> <span class='ocrx_word' id='word_1_238' title='bbox 1240 1011 1285 1047; x_wconf 92' lang='lat' dir='ltr'><strong>de</strong></span> <span class='ocrx_word' id='word_1_239' title='bbox 1298 1023 1363 1046; x_wconf 89' lang='lat' dir='ltr'><strong>son</strong></span> <span class='ocrx_word' id='word_1_240' title='bbox 1377 1010 1479 1047; x_wconf 89' lang='lat' dir='ltr'><strong>ideu-</strong></span> 
     </span>
     <span class='ocr_line' id='line_1_55' title="bbox 825 1067 1479 1118; baseline 0.002 -15"><span class='ocrx_word' id='word_1_241' title='bbox 825 1067 890 1104; x_wconf 64' lang='lat' dir='ltr'><strong>tite:</strong></span> <span class='ocrx_word' id='word_1_242' title='bbox 911 1080 999 1104; x_wconf 79' lang='lat' dir='ltr'><strong>avec</strong></span> <span class='ocrx_word' id='word_1_243' title='bbox 1017 1068 1050 1105; x_wconf 88' lang='lat' dir='ltr'><strong>le</strong></span> <span class='ocrx_word' id='word_1_244' title='bbox 1076 1067 1188 1105; x_wconf 82' lang='lat' dir='ltr'><strong>coffre</strong></span> <span class='ocrx_word' id='word_1_245' title='bbox 1212 1067 1387 1118; x_wconf 73' lang='lat' dir='ltr'><strong>sepulcral</strong></span> <span class='ocrx_word' id='word_1_246' title='bbox 1413 1067 1479 1104; x_wconf 89' lang='lat' dir='ltr'><strong>de-</strong></span> 
     </span>
     <span class='ocr_line' id='line_1_56' title="bbox 826 1123 1478 1174; baseline 0.003 -15"><span class='ocrx_word' id='word_1_247' title='bbox 826 1124 891 1160; x_wconf 88' lang='lat' dir='ltr'><strong>crit</strong></span> <span class='ocrx_word' id='word_1_248' title='bbox 921 1136 988 1174; x_wconf 88' lang='lat' dir='ltr'><strong>par</strong></span> <span class='ocrx_word' id='word_1_249' title='bbox 1011 1124 1214 1161; x_wconf 89' lang='lat' dir='ltr'><strong>Herodote.</strong></span> <span class='ocrx_word' id='word_1_250' title='bbox 1280 1123 1478 1161; x_wconf 81' lang='lat' dir='ltr'><strong>L&#39;attitude</strong></span> 
     </span>
     <span class='ocr_line' id='line_1_57' title="bbox 826 1179 1477 1230; baseline 0 -14"><span class='ocrx_word' id='word_1_251' title='bbox 826 1181 873 1217; x_wconf 93' lang='lat' dir='ltr'><strong>de</strong></span> <span class='ocrx_word' id='word_1_252' title='bbox 893 1179 927 1217; x_wconf 89' lang='lat' dir='ltr'><strong>la</strong></span> <span class='ocrx_word' id='word_1_253' title='bbox 945 1181 1104 1229; x_wconf 86' lang='lat' dir='ltr'><strong>genisse,</strong></span> <span class='ocrx_word' id='word_1_254' title='bbox 1133 1180 1167 1217; x_wconf 89' lang='lat' dir='ltr'><strong>la</strong></span> <span class='ocrx_word' id='word_1_255' title='bbox 1187 1180 1367 1230; x_wconf 87' lang='lat' dir='ltr'><strong>draperie,</strong></span> <span class='ocrx_word' id='word_1_256' title='bbox 1387 1181 1477 1216; x_wconf 88' lang='lat' dir='ltr'><strong>dont</strong></span> 
     </span>
     <span class='ocr_line' id='line_1_58' title="bbox 824 1235 1476 1286; baseline 0.003 -15"><span class='ocrx_word' id='word_1_257' title='bbox 824 1249 891 1272; x_wconf 89' lang='lat' dir='ltr'><strong>son</strong></span> <span class='ocrx_word' id='word_1_258' title='bbox 909 1250 1014 1286; x_wconf 91' lang='lat' dir='ltr'><strong>corps</strong></span> <span class='ocrx_word' id='word_1_259' title='bbox 1035 1241 1090 1274; x_wconf 89' lang='lat' dir='ltr'><strong>est</strong></span> <span class='ocrx_word' id='word_1_260' title='bbox 1110 1241 1278 1283; x_wconf 85' lang='lat' dir='ltr'><strong>convert,</strong></span> <span class='ocrx_word' id='word_1_261' title='bbox 1295 1235 1328 1273; x_wconf 90' lang='lat' dir='ltr'><strong>le</strong></span> <span class='ocrx_word' id='word_1_262' title='bbox 1347 1236 1476 1284; x_wconf 91' lang='lat' dir='ltr'><strong>disque</strong></span> 
     </span>
     <span class='ocr_line' id='line_1_59' title="bbox 822 1293 1474 1342; baseline -0.002 -14"><span class='ocrx_word' id='word_1_263' title='bbox 822 1294 913 1342; x_wconf 74' lang='lat' dir='ltr'><strong>pose</strong></span> <span class='ocrx_word' id='word_1_264' title='bbox 934 1299 1036 1330; x_wconf 85' lang='lat' dir='ltr'><strong>entre</strong></span> <span class='ocrx_word' id='word_1_265' title='bbox 1056 1293 1107 1330; x_wconf 91' lang='lat' dir='ltr'><strong>les</strong></span> <span class='ocrx_word' id='word_1_266' title='bbox 1127 1306 1266 1339; x_wconf 87' lang='lat' dir='ltr'><strong>cornes,</strong></span> <span class='ocrx_word' id='word_1_267' title='bbox 1284 1296 1363 1328; x_wconf 90' lang='lat' dir='ltr'><strong>tout</strong></span> <span class='ocrx_word' id='word_1_268' title='bbox 1383 1293 1474 1328; x_wconf 82' lang='lat' dir='ltr'><strong>dans</strong></span> 
     </span>
     <span class='ocr_line' id='line_1_60' title="bbox 821 1349 1474 1386; baseline 0.003 -3"><span class='ocrx_word' id='word_1_269' title='bbox 821 1353 928 1386; x_wconf 86' lang='lat' dir='ltr'><strong>notre</strong></span> <span class='ocrx_word' id='word_1_270' title='bbox 971 1350 1094 1386; x_wconf 85' lang='lat' dir='ltr'><strong>dessin</strong></span> <span class='ocrx_word' id='word_1_271' title='bbox 1134 1354 1188 1386; x_wconf 88' lang='lat' dir='ltr'><strong>est</strong></span> <span class='ocrx_word' id='word_1_272' title='bbox 1216 1349 1399 1385; x_wconf 90' lang='lat' dir='ltr'><strong>conforme</strong></span> <span class='ocrx_word' id='word_1_273' title='bbox 1427 1360 1474 1385; x_wconf 82' lang='lat' dir='ltr'><strong>au</strong></span> 
     </span>
     <span class='ocr_line' id='line_1_61' title="bbox 820 1404 1474 1453; baseline 0 -13"><span class='ocrx_word' id='word_1_274' title='bbox 820 1405 907 1441; x_wconf 79' lang='lat' dir='ltr'><strong>recit</strong></span> <span class='ocrx_word' id='word_1_275' title='bbox 926 1405 973 1442; x_wconf 92' lang='lat' dir='ltr'><strong>de</strong></span> <span class='ocrx_word' id='word_1_276' title='bbox 994 1405 1251 1453; x_wconf 81' lang='lat' dir='ltr'><strong>l‘hist01-ien.“)</strong></span> <span class='ocrx_word' id='word_1_277' title='bbox 1289 1404 1393 1441; x_wconf 88' lang='lat' dir='ltr'><strong>Haec</strong></span> <span class='ocrx_word' id='word_1_278' title='bbox 1412 1405 1474 1453; x_wconf 89' lang='lat' dir='ltr'><strong>qui</strong></span> 
     </span>
     <span class='ocr_line' id='line_1_62' title="bbox 819 1459 1472 1508; baseline 0.002 -12"><span class='ocrx_word' id='word_1_279' title='bbox 819 1459 974 1508; x_wconf 80' lang='lat' dir='ltr'><strong>legerit,</strong></span> <span class='ocrx_word' id='word_1_280' title='bbox 1025 1462 1055 1498; x_wconf 82' lang='lat' dir='ltr'><strong>is</strong></span> <span class='ocrx_word' id='word_1_281' title='bbox 1094 1466 1194 1498; x_wconf 80' lang='lat' dir='ltr'><strong>extra</strong></span> <span class='ocrx_word' id='word_1_282' title='bbox 1234 1460 1472 1497; x_wconf 86' lang='lat' dir='ltr'><strong>dubitationis</strong></span> 
     </span>
     <span class='ocr_line' id='line_1_63' title="bbox 818 1517 1471 1566; baseline -0.002 -13"><span class='ocrx_word' id='word_1_283' title='bbox 818 1517 934 1553; x_wconf 85' lang='lat' dir='ltr'><strong>aleam</strong></span> <span class='ocrx_word' id='word_1_284' title='bbox 964 1517 1035 1554; x_wconf 88' lang='lat' dir='ltr'><strong>iam</strong></span> <span class='ocrx_word' id='word_1_285' title='bbox 1065 1518 1223 1566; x_wconf 86' lang='lat' dir='ltr'><strong>positum</strong></span> <span class='ocrx_word' id='word_1_286' title='bbox 1259 1517 1471 1565; x_wconf 86' lang='lat' dir='ltr'><strong>suspicetur,</strong></span> 
     </span>
     <span class='ocr_line' id='line_1_64' title="bbox 818 1572 1471 1623; baseline -0.002 -13"><span class='ocrx_word' id='word_1_287' title='bbox 818 1573 926 1610; x_wconf 89' lang='lat' dir='ltr'><strong>etiam</strong></span> <span class='ocrx_word' id='word_1_288' title='bbox 944 1578 1028 1623; x_wconf 89' lang='lat' dir='ltr'><strong>post</strong></span> <span class='ocrx_word' id='word_1_289' title='bbox 1046 1574 1183 1610; x_wconf 88' lang='lat' dir='ltr'><strong>obitum</strong></span> <span class='ocrx_word' id='word_1_290' title='bbox 1200 1574 1237 1609; x_wconf 89' lang='lat' dir='ltr'><strong>in</strong></span> <span class='ocrx_word' id='word_1_291' title='bbox 1259 1572 1395 1609; x_wconf 90' lang='lat' dir='ltr'><strong>buculis</strong></span> <span class='ocrx_word' id='word_1_292' title='bbox 1413 1586 1471 1609; x_wconf 90' lang='lat' dir='ltr'><strong>se·-</strong></span> 
     </span>
     <span class='ocr_line' id='line_1_65' title="bbox 817 1628 1470 1679; baseline -0.002 -13"><span class='ocrx_word' id='word_1_293' title='bbox 817 1629 1007 1679; x_wconf 86' lang='lat' dir='ltr'><strong>peliendos</strong></span> <span class='ocrx_word' id='word_1_294' title='bbox 1039 1643 1078 1667; x_wconf 90' lang='lat' dir='ltr'><strong>se</strong></span> <span class='ocrx_word' id='word_1_295' title='bbox 1103 1643 1247 1667; x_wconf 80' lang='lat' dir='ltr'><strong>curasse</strong></span> <span class='ocrx_word' id='word_1_296' title='bbox 1266 1628 1470 1679; x_wconf 70' lang='lat' dir='ltr'><strong>Aegyptio-</strong></span> 
     </span>
     <span class='ocr_line' id='line_1_66' title="bbox 817 1685 1470 1735; baseline -0.003 -13"><span class='ocrx_word' id='word_1_297' title='bbox 817 1699 895 1722; x_wconf 89' lang='lat' dir='ltr'><strong>rum</strong></span> <span class='ocrx_word' id='word_1_298' title='bbox 917 1686 1056 1735; x_wconf 86' lang='lat' dir='ltr'><strong>aliquot</strong></span> <span class='ocrx_word' id='word_1_299' title='bbox 1081 1699 1188 1734; x_wconf 84' lang='lat' dir='ltr'><strong>reges</strong></span> <span class='ocrx_word' id='word_1_300' title='bbox 1215 1685 1352 1722; x_wconf 72' lang='lat' dir='ltr'><strong>aliosve</strong></span> <span class='ocrx_word' id='word_1_301' title='bbox 1383 1698 1470 1734; x_wconf 90' lang='lat' dir='ltr'><strong>pro-</strong></span> 
     </span>
     <span class='ocr_line' id='line_1_67' title="bbox 817 1741 1469 1790; baseline 0 -12"><span class='ocrx_word' id='word_1_302' title='bbox 817 1755 929 1778; x_wconf 89' lang='lat' dir='ltr'><strong>ceres.</strong></span> <span class='ocrx_word' id='word_1_303' title='bbox 986 1742 1106 1790; x_wconf 80' lang='lat' dir='ltr'><strong>Regia</strong></span> <span class='ocrx_word' id='word_1_304' title='bbox 1137 1742 1232 1778; x_wconf 87' lang='lat' dir='ltr'><strong>enim</strong></span> <span class='ocrx_word' id='word_1_305' title='bbox 1265 1741 1469 1778; x_wconf 86' lang='lat' dir='ltr'><strong>conditoria.</strong></span> 
     </span>
     <span class='ocr_line' id='line_1_68' title="bbox 816 1796 1467 1835; baseline 0.002 -3"><span class='ocrx_word' id='word_1_306' title='bbox 816 1798 923 1834; x_wconf 88' lang='lat' dir='ltr'><strong>nobis</strong></span> <span class='ocrx_word' id='word_1_307' title='bbox 962 1798 1200 1835; x_wconf 84' lang='lat' dir='ltr'><strong>exhibuerunt</strong></span> <span class='ocrx_word' id='word_1_308' title='bbox 1231 1796 1328 1834; x_wconf 90' lang='lat' dir='ltr'><strong>illam</strong></span> <span class='ocrx_word' id='word_1_309' title='bbox 1363 1809 1467 1833; x_wconf 90' lang='lat' dir='ltr'><strong>arcu-</strong></span> 
     </span>
     <span class='ocr_line' id='line_1_69' title="bbox 816 1851 1466 1902; baseline 0 -12"><span class='ocrx_word' id='word_1_310' title='bbox 816 1853 926 1890; x_wconf 90' lang='lat' dir='ltr'><strong>lam.“</strong></span> <span class='ocrx_word' id='word_1_311' title='bbox 969 1854 1072 1891; x_wconf 92' lang='lat' dir='ltr'><strong>Haec</strong></span> <span class='ocrx_word' id='word_1_312' title='bbox 1090 1854 1312 1901; x_wconf 85' lang='lat' dir='ltr'><strong>Creuzerus,</strong></span> <span class='ocrx_word' id='word_1_313' title='bbox 1338 1851 1466 1902; x_wconf 83' lang='lat' dir='ltr'><strong>Apidis</strong></span> 
     </span>
     <span class='ocr_line' id='line_1_70' title="bbox 816 1909 1465 1958; baseline 0 -12"><span class='ocrx_word' id='word_1_314' title='bbox 816 1910 903 1946; x_wconf 91' lang='lat' dir='ltr'><strong>dein</strong></span> <span class='ocrx_word' id='word_1_315' title='bbox 928 1911 1148 1947; x_wconf 88' lang='lat' dir='ltr'><strong>mentionem</strong></span> <span class='ocrx_word' id='word_1_316' title='bbox 1175 1909 1327 1955; x_wconf 81' lang='lat' dir='ltr'><strong>faciens,</strong></span> <span class='ocrx_word' id='word_1_317' title='bbox 1358 1922 1465 1958; x_wconf 85' lang='lat' dir='ltr'><strong>quein</strong></span> 
     </span>
     <span class='ocr_line' id='line_1_71' title="bbox 816 1966 1466 2016; baseline -0.003 -13"><span class='ocrx_word' id='word_1_318' title='bbox 816 1966 923 2003; x_wconf 83' lang='lat' dir='ltr'><strong>etiam</strong></span> <span class='ocrx_word' id='word_1_319' title='bbox 945 1966 1191 2016; x_wconf 80' lang='lat' dir='ltr'><strong>sarcophagus</strong></span> <span class='ocrx_word' id='word_1_320' title='bbox 1212 1966 1361 2002; x_wconf 84' lang='lat' dir='ltr'><strong>buculae</strong></span> <span class='ocrx_word' id='word_1_321' title='bbox 1390 1966 1466 2002; x_wconf 86' lang='lat' dir='ltr'><strong>for-</strong></span> 
     </span>
     <span class='ocr_line' id='line_1_72' title="bbox 813 2022 1464 2073; baseline -0.002 -14"><span class='ocrx_word' id='word_1_322' title='bbox 813 2035 909 2059; x_wconf 88' lang='lat' dir='ltr'><strong>mam</strong></span> <span class='ocrx_word' id='word_1_323' title='bbox 930 2035 1018 2073; x_wconf 87' lang='lat' dir='ltr'><strong>prae</strong></span> <span class='ocrx_word' id='word_1_324' title='bbox 1041 2036 1080 2059; x_wconf 87' lang='lat' dir='ltr'><strong>se</strong></span> <span class='ocrx_word' id='word_1_325' title='bbox 1109 2024 1228 2060; x_wconf 85' lang='lat' dir='ltr'><strong>serens</strong></span> <span class='ocrx_word' id='word_1_326' title='bbox 1250 2022 1464 2070; x_wconf 85' lang='lat' dir='ltr'><strong>designasse</strong></span> 
     </span>
     <span class='ocr_line' id='line_1_73' title="bbox 812 2078 1462 2128; baseline 0 -14"><span class='ocrx_word' id='word_1_327' title='bbox 812 2079 981 2128; x_wconf 91' lang='lat' dir='ltr'><strong>potuerit.</strong></span> <span class='ocrx_word' id='word_1_328' title='bbox 1038 2078 1155 2125; x_wconf 84' lang='lat' dir='ltr'><strong>„Hoc</strong></span> <span class='ocrx_word' id='word_1_329' title='bbox 1202 2079 1231 2115; x_wconf 89' lang='lat' dir='ltr'><strong>si</strong></span> <span class='ocrx_word' id='word_1_330' title='bbox 1280 2079 1462 2124; x_wconf 84' lang='lat' dir='ltr'><strong>statuas,“</strong></span> 
     </span>
     <span class='ocr_line' id='line_1_74' title="bbox 811 2135 1462 2185; baseline 0 -15"><span class='ocrx_word' id='word_1_331' title='bbox 811 2135 933 2185; x_wconf 82' lang='lat' dir='ltr'><strong>pergit</strong></span> <span class='ocrx_word' id='word_1_332' title='bbox 950 2135 1153 2172; x_wconf 91' lang='lat' dir='ltr'><strong>Creuzerus</strong></span> <span class='ocrx_word' id='word_1_333' title='bbox 1178 2148 1214 2184; x_wconf 90' lang='lat' dir='ltr'><strong>p.</strong></span> <span class='ocrx_word' id='word_1_334' title='bbox 1236 2136 1328 2181; x_wconf 82' lang='grc'><strong>130,</strong></span> <span class='ocrx_word' id='word_1_335' title='bbox 1349 2147 1462 2184; x_wconf 83' lang='lat' dir='ltr'><strong>„pos-</strong></span> 
     </span>
     <span class='ocr_line' id='line_1_75' title="bbox 812 2190 1462 2241; baseline 0.002 -14"><span class='ocrx_word' id='word_1_336' title='bbox 812 2192 860 2227; x_wconf 86' lang='lat' dir='ltr'><strong>sis</strong></span> <span class='ocrx_word' id='word_1_337' title='bbox 881 2204 959 2228; x_wconf 88' lang='lat' dir='ltr'><strong>eam</strong></span> <span class='ocrx_word' id='word_1_338' title='bbox 975 2204 1051 2228; x_wconf 91' lang='lat' dir='ltr'><strong>rem</strong></span> <span class='ocrx_word' id='word_1_339' title='bbox 1071 2191 1123 2228; x_wconf 89' lang='lat' dir='ltr'><strong>ita</strong></span> <span class='ocrx_word' id='word_1_340' title='bbox 1143 2190 1333 2241; x_wconf 84' lang='lat' dir='ltr'><strong>explicare,</strong></span> <span class='ocrx_word' id='word_1_341' title='bbox 1351 2194 1390 2227; x_wconf 87' lang='lat' dir='ltr'><strong>ut</strong></span> <span class='ocrx_word' id='word_1_342' title='bbox 1405 2204 1462 2228; x_wconf 88' lang='lat' dir='ltr'><strong>re-</strong></span> 
     </span>
     <span class='ocr_line' id='line_1_76' title="bbox 810 2246 1461 2297; baseline 0 -13"><span class='ocrx_word' id='word_1_343' title='bbox 810 2261 875 2296; x_wconf 84' lang='lat' dir='ltr'><strong>ges</strong></span> <span class='ocrx_word' id='word_1_344' title='bbox 887 2246 1088 2297; x_wconf 79' lang='lat' dir='ltr'><strong>Aegyptios</strong></span> <span class='ocrx_word' id='word_1_345' title='bbox 1105 2248 1201 2284; x_wconf 89' lang='lat' dir='ltr'><strong>dicas</strong></span> <span class='ocrx_word' id='word_1_346' title='bbox 1213 2251 1297 2297; x_wconf 83' lang='lat' dir='ltr'><strong>post</strong></span> <span class='ocrx_word' id='word_1_347' title='bbox 1308 2251 1461 2284; x_wconf 81' lang='lat' dir='ltr'><strong>mortem</strong></span> 
     </span>
     <span class='ocr_line' id='line_1_77' title="bbox 809 2304 1460 2341; baseline 0 -1"><span class='ocrx_word' id='word_1_348' title='bbox 809 2317 932 2340; x_wconf 87' lang='lat' dir='ltr'><strong>secum</strong></span> <span class='ocrx_word' id='word_1_349' title='bbox 952 2304 1123 2341; x_wconf 84' lang='lat' dir='ltr'><strong>habuisse</strong></span> <span class='ocrx_word' id='word_1_350' title='bbox 1144 2304 1298 2340; x_wconf 82' lang='lat' dir='ltr'><strong>bovinae</strong></span> <span class='ocrx_word' id='word_1_351' title='bbox 1322 2304 1460 2341; x_wconf 82' lang='lat' dir='ltr'><strong>formae</strong></span> 
     </span>
     <span class='ocr_line' id='line_1_78' title="bbox 809 2359 1459 2409; baseline -0.003 -12"><span class='ocrx_word' id='word_1_352' title='bbox 809 2361 954 2408; x_wconf 88' lang='lat' dir='ltr'><strong>cistam,</strong></span> <span class='ocrx_word' id='word_1_353' title='bbox 995 2373 1068 2409; x_wconf 92' lang='lat' dir='ltr'><strong>quo</strong></span> <span class='ocrx_word' id='word_1_354' title='bbox 1099 2364 1221 2397; x_wconf 86' lang='lat' dir='ltr'><strong>essent</strong></span> <span class='ocrx_word' id='word_1_355' title='bbox 1256 2360 1364 2396; x_wconf 88' lang='lat' dir='ltr'><strong>etiam</strong></span> <span class='ocrx_word' id='word_1_356' title='bbox 1390 2359 1459 2396; x_wconf 89' lang='lat' dir='ltr'><strong>hoe</strong></span> 
     </span>
     <span class='ocr_line' id='line_1_79' title="bbox 807 2411 1458 2467; baseline 0.003 -15"><span class='ocrx_word' id='word_1_357' title='bbox 807 2420 915 2467; x_wconf 87' lang='lat' dir='ltr'><strong>pacto</strong></span> <span class='ocrx_word' id='word_1_358' title='bbox 937 2413 1135 2467; x_wconf 80' lang='grc' dir='ltr'><em>ὁμόταφοι</em></span> <span class='ocrx_word' id='word_1_359' title='bbox 1159 2411 1370 2467; x_wconf 78' lang='grc' dir='ltr'><em>Ὀσίριδος,</em></span> <span class='ocrx_word' id='word_1_360' title='bbox 1403 2419 1458 2451; x_wconf 86' lang='lat' dir='ltr'><strong>ut-</strong></span> 
     </span>
     <span class='ocr_line' id='line_1_80' title="bbox 807 2471 1458 2522; baseline 0 -14"><span class='ocrx_word' id='word_1_361' title='bbox 807 2478 895 2522; x_wconf 93' lang='lat' dir='ltr'><strong>pote</strong></span> <span class='ocrx_word' id='word_1_362' title='bbox 922 2474 1020 2510; x_wconf 91' lang='lat' dir='ltr'><strong>cuius</strong></span> <span class='ocrx_word' id='word_1_363' title='bbox 1041 2472 1270 2509; x_wconf 87' lang='lat' dir='ltr'><strong>simulacrum</strong></span> <span class='ocrx_word' id='word_1_364' title='bbox 1288 2471 1377 2522; x_wconf 91' lang='lat' dir='ltr'><strong>Apis</strong></span> <span class='ocrx_word' id='word_1_365' title='bbox 1399 2484 1458 2509; x_wconf 90' lang='lat' dir='ltr'><strong>es-</strong></span> 
     </span>
     <span class='ocr_line' id='line_1_81' title="bbox 808 2528 1457 2578; baseline -0.002 -13"><span class='ocrx_word' id='word_1_366' title='bbox 808 2530 901 2565; x_wconf 90' lang='lat' dir='ltr'><strong>set.“</strong></span> <span class='ocrx_word' id='word_1_367' title='bbox 958 2528 1017 2565; x_wconf 88' lang='lat' dir='ltr'><strong>Ad</strong></span> <span class='ocrx_word' id='word_1_368' title='bbox 1038 2528 1194 2578; x_wconf 88' lang='lat' dir='ltr'><strong>Apidem</strong></span> <span class='ocrx_word' id='word_1_369' title='bbox 1213 2541 1357 2577; x_wconf 85' lang='lat' dir='ltr'><strong>quoque</strong></span> <span class='ocrx_word' id='word_1_370' title='bbox 1373 2541 1457 2577; x_wconf 87' lang='lat' dir='ltr'><strong>per-</strong></span> 
     </span>
     <span class='ocr_line' id='line_1_82' title="bbox 807 2585 1456 2622; baseline 0 -1"><span class='ocrx_word' id='word_1_371' title='bbox 807 2587 898 2622; x_wconf 88' lang='lat' dir='ltr'><strong>tinet</strong></span> <span class='ocrx_word' id='word_1_372' title='bbox 927 2585 1009 2621; x_wconf 88' lang='lat' dir='ltr'><strong>solis</strong></span> <span class='ocrx_word' id='word_1_373' title='bbox 1040 2585 1159 2621; x_wconf 89' lang='lat' dir='ltr'><strong>discus</strong></span> <span class='ocrx_word' id='word_1_374' title='bbox 1192 2585 1285 2621; x_wconf 90' lang='lat' dir='ltr'><strong>inter</strong></span> <span class='ocrx_word' id='word_1_375' title='bbox 1323 2596 1456 2621; x_wconf 84' lang='lat' dir='ltr'><strong>cornua</strong></span> 
     </span>
     <span class='ocr_line' id='line_1_83' title="bbox 808 2639 1455 2689; baseline -0.002 -12"><span class='ocrx_word' id='word_1_376' title='bbox 808 2642 908 2677; x_wconf 85' lang='lat' dir='ltr'><strong>bovis</strong></span> <span class='ocrx_word' id='word_1_377' title='bbox 929 2641 1086 2685; x_wconf 82' lang='lat' dir='ltr'><strong>locatus-‚</strong></span> <span class='ocrx_word' id='word_1_378' title='bbox 1114 2640 1152 2677; x_wconf 92' lang='lat' dir='ltr'><strong>id</strong></span> <span class='ocrx_word' id='word_1_379' title='bbox 1175 2641 1274 2689; x_wconf 92' lang='lat' dir='ltr'><strong>quod</strong></span> <span class='ocrx_word' id='word_1_380' title='bbox 1302 2641 1339 2676; x_wconf 92' lang='lat' dir='ltr'><strong>in</strong></span> <span class='ocrx_word' id='word_1_381' title='bbox 1358 2639 1455 2676; x_wconf 90' lang='lat' dir='ltr'><strong>haud</strong></span> 
     </span>
     <span class='ocr_line' id='line_1_84' title="bbox 805 2696 1453 2747; baseline 0 -15"><span class='ocrx_word' id='word_1_382' title='bbox 805 2697 929 2747; x_wconf 86' lang='lat' dir='ltr'><strong>paucis</strong></span> <span class='ocrx_word' id='word_1_383' title='bbox 943 2696 1072 2733; x_wconf 88' lang='lat' dir='ltr'><strong>tabulis</strong></span> <span class='ocrx_word' id='word_1_384' title='bbox 1085 2697 1317 2744; x_wconf 87' lang='lat' dir='ltr'><strong>iconibusque</strong></span> <span class='ocrx_word' id='word_1_385' title='bbox 1329 2696 1453 2733; x_wconf 86' lang='lat' dir='ltr'><strong>etiam-</strong></span> 
     </span>
     <span class='ocr_line' id='line_1_85' title="bbox 806 2752 1450 2798; baseline 0.002 -9"><span class='ocrx_word' id='word_1_386' title='bbox 806 2766 893 2790; x_wconf 90' lang='lat' dir='ltr'><strong>num</strong></span> <span class='ocrx_word' id='word_1_387' title='bbox 921 2753 1072 2790; x_wconf 81' lang='lat' dir='ltr'><strong>servatis</strong></span> <span class='ocrx_word' id='word_1_388' title='bbox 1100 2753 1225 2791; x_wconf 87' lang='lat' dir='ltr'><strong>videre</strong></span> <span class='ocrx_word' id='word_1_389' title='bbox 1247 2752 1350 2798; x_wconf 82' lang='lat' dir='ltr'><strong>licet3</strong></span> <span class='ocrx_word' id='word_1_390' title='bbox 1380 2752 1450 2790; x_wconf 88' lang='lat' dir='ltr'><strong>vid.</strong></span> 
     </span>
    </p>
   </div>
   <div class='ocr_carea' id='block_1_9' title="bbox 804 2808 1395 2860">
    <p class='ocr_par' dir='ltr' id='par_1_9' title="bbox 804 2808 1395 2860">
     <span class='ocr_line' id='line_1_86' title="bbox 804 2808 1395 2860; baseline 0 -14"><span class='ocrx_word' id='word_1_391' title='bbox 804 2808 1026 2848; x_wconf 88' lang='lat' dir='ltr'><strong>Creuzerum</strong></span> <span class='ocrx_word' id='word_1_392' title='bbox 1046 2822 1083 2860; x_wconf 90' lang='lat' dir='ltr'><strong>p.</strong></span> <span class='ocrx_word' id='word_1_393' title='bbox 1103 2810 1181 2850; x_wconf 87' lang='lat'><strong>137</strong></span> <span class='ocrx_word' id='word_1_394' title='bbox 1205 2812 1279 2846; x_wconf 89' lang='lat' dir='ltr'><strong>not.</strong></span> <span class='ocrx_word' id='word_1_395' title='bbox 1304 2810 1395 2850; x_wconf 85' lang='lat'><strong>113.</strong></span> 
     </span>
    </p>
   </div>
  </div>
 </body>
</html>
