1909 3228
273 568 370 613 173
429 560 597 605 ου’τοισι
644 556 864 614 χρέωνται.

95 634 204 670 Lycios
229 641 248 661 e
281 634 375 659 Creta

96 669 126 695 in
148 668 244 695 Asiam
272 666 372 701 profe-

96 707 171 736 ctos,
193 701 279 728 «luctu
300 700 371 725 Sar-

95 734 220 770 pedonis
240 742 257 760 a
270 733 372 759 Minoe

96 770 192 797 fratre
208 766 295 803 pulsi,
313 765 372 792 Mi-

97 802 214 835 lyadem
233 805 342 827 terram
354 806 372 825 a

96 835 224 869 Summis
259 832 372 859 liabita-

131 877 157 894 m
203 873 373 904 occupasse,

96 901 192 928 veteri
256 905 374 926 nomine

97 934 263 967 'fcrmilas‚

97 969 191 994 uictos
227 975 245 993 a
291 964 372 998 Lyco

97 1000 254 1028 Pandionis
295 998 373 1025 mio:

96 1042 198 1061 vorum
232 1033 374 1071 genealo-

97 1068 148 1103 gia
164 1075 199 1095 cx
215 1066 370 1095 matribus.

297 939 373 958 nssVo

425 218 509 258 38⁰

817 211 1287 253 HERODOTI

426 323 615 382 ἡβηδὸν,
644 320 873 373 τύπτοντες
902 318 1086 376 δούρασι
1113 318 1192 365 τὸν
1219 318 1350 378 ἠέρα,
1385 320 1508 378 μέχρι
1535 317 1737 374 οὕρων4ο

425 408 515 447 τῶν
554 402 843 446 Καλυνδικῶν
891 398 1074 451 ἕποντο,
1131 399 1206 442 καὶ
1253 399 1422 456 ἔφασαν
1459 397 1682 455 ἐκβάλλειν

425 482 529 533 τούς
558 477 769 533 ξεινικοὺς
797 476 945 529 θεούς.
1005 477 1078 521 καὶ
1107 471 1231 521 οὗτοι
1259 476 1337 533 μὲν
1363 475 1565 531 τρόποισι
1591 494 1681 521 τοι-

925 557 977 600 Οἷ
1005 556 1051 600 δὲ
1093 555 1253 599 Λύκιοι
1290 555 1337 599 ἐκ
1375 554 1546 611 Κρήτης
1579 555 1682 610 τώρ-

429 643 555 694 χαῖον
585 635 802 693 γεγόνασι.
833 634 913 693 τὴν
940 633 1024 691 γάρ
1056 634 1233 692 Κρήτην
1272 633 1388 691 εἶχον
1416 632 1464 678 τὸ
1494 632 1682 678 παλαιὸν

426 720 572 760 πᾶσαν
601 713 831 773 βάρβαροι.
872 715 1196 769 διενειχθέντων
1234 714 1279 758 δὲ
1319 714 1365 758 ἐν
1396 712 1547 770 Κρήτῃ
1585 712 1738 768 περὶ45

429 798 503 852 τῆς
531 797 756 852 βασιληίης
789 797 877 838 τῶν
914 792 1131 850 Εὐρώπης
1158 794 1350 846 παίδων,
1390 792 1684 850 Σαρπηδόνος

427 890 471 918 τε
495 874 568 918 καὶ
596 875 757 923 Μίνω,
787 871 846 925 ὥς
867 872 1123 930 ἐπεκράτησε
1141 876 1194 930 τῇ
1221 871 1367 916 στάσει
1386 873 1562 925 Μίνως,
1592 871 1683 927 ἐξή-

428 958 531 999 λασε
559 950 696 998 αὐτόν
723 968 768 996 τε
791 951 1059 1008 Σαρπηδόνα
1087 952 1161 996 καὶ
1198 950 1302 1002 τούς
1341 949 1580 1003 στασιώτας
1609 949 1683 994 αὐ-

401 1036 530 1078 2τοῦ·
563 1034 606 1077 οἱ
634 1031 680 1076 δὲ
709 1029 1003 1084 ἀπωσθέντες,
1032 1030 1241 1075 ἀπίκοντο
1271 1033 1345 1087 τῆς
1369 1027 1509 1086 Ἀσίης
1531 1030 1574 1081 ἐς
1599 1033 1682 1086 γῆν

424 1113 504 1169 τὴν
535 1109 767 1155 Μιλυάδα·
798 1111 877 1168 τὴν
905 1109 989 1167 γάρ
1018 1113 1101 1155 νῦν
1129 1108 1291 1154 Λύκιοι
1319 1108 1540 1166 νέμονται,
1571 1108 1681 1165 αὕτη
1693 1115 1739 1151 50

398 1190 478 1235 3τό
507 1189 693 1235 παλαιόν
719 1185 776 1248 ἦν
802 1189 1000 1243 Μιλυάς·
1029 1191 1074 1235 οἱ
1101 1189 1148 1235 δὲ
1169 1187 1339 1234 Μιλύαι
1367 1186 1464 1234 τότε
1483 1187 1685 1247 Σόλυμοι

415 1397 526 1449 μέχρι
547 1394 607 1437 οὔ
619 1412 640 1449 ρ
656 1411 686 1436 ω
698 1410 723 1436 ν
750 1397 832 1435 τῶν
862 1397 1018 1436 Καλυν·

368 1453 512 1504 δικῶν]
544 1450 679 1506 οὔρων
700 1453 746 1490 ab
771 1447 890 1504 οὖρος
911 1454 1016 1503 fluis,

367 1524 437 1549 nec
456 1511 502 1547 ab
527 1506 619 1561 ὅρος
638 1522 756 1556 mons3
786 1509 886 1558 quod
911 1508 941 1544 si
960 1522 1018 1546 es-

369 1571 426 1604 set
455 1570 542 1613 (nec
567 1565 669 1603 aliter
689 1577 801 1614 prave
817 1565 1017 1602 redderunt

367 1623 508 1674 priores
522 1622 771 1672 interpretes),
787 1621 1017 1658 scribendum

367 1681 483 1726 foret,
514 1678 632 1715 iudice
648 1676 910 1722 Valckenario,
941 1672 1016 1715 οὖ-

369 1733 494 1786 ρὲων,
522 1737 562 1769 ut
579 1733 617 1780 I,
638 1732 806 1787 llo-„IL
827 1734 893 1779 28,
915 1732 1013 1771 alibi.

369 1790 445 1828 Sed
464 1785 597 1839 οὔρων
617 1788 682 1835 (ab
706 1788 844 1838 οὖρος)
864 1788 926 1834 lv,
947 1790 1014 1829 99.

370 1845 463 1888 125.
507 1844 634 1881 Simile
660 1844 844 1893 quoddam
876 1844 923 1881 de
948 1844 1017 1881 Se-

368 1901 528 1951 gestanis
558 1900 730 1938 matronis
746 1899 1017 1949 wirginibusque

368 1958 526 1996 Dianam
553 1969 597 1995 ex
626 1956 715 1994 urbe
744 1956 1016 2006 exportantibus

370 2018 407 2053 et
432 2025 548 2062 usque
579 2012 627 2049 ad
653 2012 733 2060 agri
760 2012 851 2049 fines
889 2025 1018 2062 prose·

368 2070 560 2119 quentibus
581 2073 704 2106 narrat
719 2068 846 2105 Cicero
865 2068 902 2105 in
912 2069 1016 2106 Verr.

367 2126 432 2173 lv,
443 2125 509 2167 35.
528 2124 608 2161 Alia
626 2124 730 2161 huius
753 2124 896 2173 generis
910 2137 1018 2176 prae·

368 2186 469 2220 terea
486 2180 645 2218 laudavit
653 2180 921 2218 Valckenarius.
944 2180 1016 2218 Ca-

368 2238 477 2289 lynda
498 2238 583 2274 urbs
607 2238 643 2273 in
665 2235 800 2286 Lyciae
819 2242 929 2287 atque
943 2237 1015 2274 Ca-

368 2296 444 2332 riae
472 2294 603 2331 finibus
632 2293 680 2330 ad
705 2305 804 2330 mare
830 2294 899 2330 sita
924 2296 1014 2340 erat,

369 2351 468 2388 unde
488 2350 596 2387 modo
607 2349 742 2398 Lyciae
756 2351 866 2387 modo
886 2349 1017 2386 Cariae

371 2407 596 2444 adscribitur.
623 2406 732 2442 Conf.
750 2406 918 2443 Strabon.
929 2403 1016 2442 XIV

372 2476 409 2512 p.
428 2463 509 2504 963
521 2491 531 2509 ‚
552 2462 583 2499 B
613 2462 736 2511 ibique
754 2460 1016 2500 Casaub.Plin.

372 2518 421 2555 H.
444 2517 493 2556 N.
513 2517 558 2566 V,
577 2520 643 2560 28.

526 2601 637 2653 Cap.
667 2601 871 2641 chxm,

427 2680 500 2734 τήν
532 2681 606 2737 γὰρ
649 2681 812 2738 Κρήτην
847 2680 952 2737 εἶχον
979 2680 1022 2725 τό

372 2737 544 2780 παλαιόν
562 2743 694 2781 πᾶσαν
713 2738 932 2794 βάρβαροι]
961 2741 1021 2780 De

373 2795 512 2834 insulae
524 2797 654 2834 Cretae
672 2798 796 2836 incolis
815 2798 1021 2847 antiquissi-

375 2851 443 2890 mis
463 2852 533 2889 vid.
553 2852 663 2892 Diod.
683 2855 793 2893 Sicul.
806 2855 852 2903 V,
870 2857 935 2898 64.
953 2857 1018 2897 80.

1083 1395 1254 1435 Primitus
1284 1397 1378 1436 enim
1397 1397 1507 1435 fuisse
1525 1395 1737 1434 Eteocretas

1083 1467 1114 1491 s.
1132 1454 1346 1502 indigenas,
1375 1466 1525 1502 quorum
1545 1465 1607 1490 rex
1630 1453 1738 1489 fuerit

1084 1509 1197 1556 Cres,
1233 1509 1424 1546 multarum
1452 1522 1572 1547 rerum
1596 1507 1737 1545 utilium

1086 1565 1262 1603 inventor.
1319 1565 1388 1602 His
1410 1565 1522 1602 multo
1552 1568 1637 1616 post
1665 1563 1737 1602 Pe-

1084 1621 1206 1670 lasgos
1264 1623 1512 1672 supervenisse
1530 1650 1542 1669 ,
1597 1620 1736 1658 insulae

1082 1682 1224 1728 partem
1252 1678 1455 1727 quandam,
1495 1677 1555 1714 ubi
1584 1676 1738 1727 appule-

1082 1738 1186 1779 rant,
1215 1734 1431 1770 obtinentes.
1490 1732 1636 1770 Tertios
1668 1733 1736 1770 im-

1082 1790 1259 1838 migrasse
1277 1788 1395 1826 Dores
1409 1818 1420 1836 ,
1449 1788 1625 1826 Tectamo
1646 1787 1738 1826 Dori

1083 1845 1159 1882 filio
1180 1846 1282 1883 duce.
1340 1844 1391 1882 Et
1414 1845 1606 1883 arcessisse
1626 1857 1736 1894 quar-

1081 1905 1160 1939 tum
1190 1901 1371 1938 hominum
1411 1914 1546 1950 genus,
1586 1901 1686 1950 quod
1714 1914 1736 1939 e

1081 1957 1294 2008 promiscuis
1325 1958 1485 2006 undique
1511 1957 1672 1994 barbaris
1696 1957 1736 1994 in

1084 2015 1233 2051 Cretam
1254 2014 1485 2060 confluxerit,
1507 2013 1734 2063 eandemque

1082 2070 1266 2119 linguam,
1297 2082 1369 2119 qua
1392 2069 1518 2118 reliqui
1537 2070 1732 2107 Cretenses

1080 2130 1278 2172 uterentur,
1297 2127 1515 2163 assumserit.
1540 2124 1731 2172 Asterium,

1081 2195 1191 2233 porro
1221 2185 1391 2228 narrant,
1416 2181 1580 2218 Tectami
1608 2181 1732 2230 filium,

1080 2237 1265 2288 Europam
1280 2238 1316 2273 in
1332 2237 1596 2274 matrimonium
1611 2237 1733 2274 duxis-

1082 2307 1122 2332 se
1142 2293 1326 2342 filiosque,
1353 2305 1375 2329 a
1399 2293 1483 2330 Iove
1509 2297 1593 2330 ante
1612 2306 1734 2330 susce-

1082 2354 1179 2402 ptos,
1200 2350 1395 2399 adoptasse
1407 2380 1417 2397 ,
1436 2348 1611 2397 Minoem,
1630 2348 1733 2386 Rha-

1084 2406 1314 2442 damanthum
1342 2409 1450 2454 atque
1468 2405 1733 2455 Sarpedonem.

1086 2462 1159 2506 Qui
1179 2461 1301 2499 Minos
1316 2474 1401 2498 avus
1423 2465 1477 2499 est
1498 2462 1572 2498 eius
1584 2461 1732 2510 Minois,

1085 2531 1194 2567 quem
1214 2523 1297 2568 post
1320 2517 1427 2554 maris
1455 2518 1642 2568 imperium
1665 2518 1733 2555 ob-

1085 2575 1236 2611 tinuisse
1258 2575 1397 2612 scimus.
1448 2574 1555 2611 Cons.
1575 2574 1730 2612 Diodor.

1086 2630 1158 2667 Sic.
1176 2629 1238 2677 IV,
1268 2633 1333 2672 60.
1389 2630 1482 2666 Sunt
1507 2643 1654 2680 quoque
1681 2629 1731 2667 ad

1086 2686 1312 2724 Cretensium
1339 2700 1396 2724 res
1423 2687 1574 2724 notandi
1609 2687 1732 2724 Hero-

1086 2742 1164 2779 doti
1193 2742 1260 2780 loci
1279 2742 1369 2790 vll,
1391 2744 1539 2783 169—-
1553 2744 1631 2783 171
1649 2741 1730 2779 incl·

1143 2794 1242 2848 αὕτη
1263 2795 1306 2838 τὸ
1321 2795 1485 2837 παλαιὸν
1514 2792 1568 2848 ἦν
1599 2799 1728 2836 Μιλυ-

1086 2849 1156 2902 άς”
1184 2855 1225 2895 οἱ
1251 2852 1293 2896 δὲ
1312 2851 1471 2896 Μιλύαι
1496 2850 1583 2895 τότε
1599 2848 1728 2894 Σόλυ-
