1909 3228
48 651 113 696 78

550 224 971 263 EUTERPE.
1026 224 1070 262 11.

1346 227 1430 266 659

174 331 352 388 νήσσας,
382 333 454 376 καὶ
483 333 536 376 τοὶ
567 334 725 389 σμικρὰ
753 337 841 376 τῶν
873 330 1108 387 ὀρνιθίων,
1139 330 1235 388 ω’μόι
1264 333 1430 377 σιτέον-

144 420 265 463 8ται,
300 411 723 468 προταριχεύσαντες.
765 412 817 456 τὰ
846 412 891 456 δὲ
922 409 1030 456 ἄλλα
1066 409 1201 466 ὅσαῆ
1234 409 1428 467 ὀρνίθων

169 489 198 547 ἢ
227 490 394 546 ἰχθύων
430 491 519 535 ἐστί
558 503 636 548 σφι
676 490 877 548 ἐχόμενα,
934 491 1063 547 χωρὶς
1098 489 1127 545 ἦ
1166 490 1318 534 ὁκόσοι
1348 502 1428 547 σφι

172 571 261 625 ἱροὶ
291 569 624 626 ἀποδεδέχαται,
653 570 758 622 τούς
774 570 958 622 λοιπούς
978 568 1138 620 ὀπτούς
1158 570 1231 613 καὶ
1261 570 1430 626 ἑφθούς
1441 579 1486 613 60

172 728 339 780 αὐτῶν,
397 729 527 772 ἐπεὰν
567 727 651 773 dmi
698 730 879 773 δείπνου
922 727 1152 783 γένωνται,
1200 728 1427 784 περιφέρει

171 649 398 693 σιτέονται.
454 648 526 692 Ἐν
556 650 601 693 δὲ
629 654 727 707 τῇσι
757 651 1038 706 συνουσίῃσι,
1069 653 1181 692 τοῖσι
1197 647 1425 705 εὐδαίμοσι

171 806 281 864 ἀνὴρ
317 808 474 863 νεκρὸν
511 809 558 852 ἐν
596 813 715 866 σορῷ
745 807 922 860 ξύλινον
949 805 1264 863 πεποιημένον,
1305 825 1428 864 μεμι-

168 886 363 943 μημένον
392 888 434 939 ἐς
461 886 513 931 τὰ
541 886 728 945 μάλιστα
763 888 837 932 καὶ
880 890 1030 944 γραφῇ
1069 885 1142 930 καὶ
1172 885 1304 946 ἔργῳ,
1355 887 1429 944 μέ-

283 1071 314 1109 C
325 1084 346 1108 a
353 1085 390 1123 p.
418 1070 625 1110 LXXVIII.

171 1150 251 1193 οἷπό
272 1155 436 1195 δείπνου
457 1155 661 1208 γένωνται]
684 1157 765 1194 vid.

111 1216 202 1248 nott.
227 1213 274 1248 ad
298 1211 331 1258 I,
357 1215 447 1254 126.
470 1235 525 1239 —
543 1214 658 1250 Paulo
680 1219 766 1251 ante

112 1281 193 1334 cuin
226 1268 342 1306 Gaiss.
378 1270 505 1320 scripsi
536 1265 669 1309 αὐτῶν
697 1283 765 1322 pro

206 1322 215 1335 Ι

112 1339 186 1363 αυτ
198 1339 214 1363 ε
230 1339 298 1363 ων.

167 1404 608 1459 περιφέρει--ξύλινον
629 1423 767 1448 πεποι-

110 1463 282 1515 ημένον]
309 1465 484 1514 Intelligit
501 1466 656 1502 hominis
670 1478 766 1502 mor-

109 1523 161 1558 tui
183 1521 410 1558 simulacrum
440 1535 483 1559 ex
511 1521 610 1570 ligno
632 1524 765 1559 factum

111 1582 148 1615 et
171 1578 208 1614 in
229 1577 346 1615 loculo
370 1580 589 1627 repositum,
620 1579 766 1616 minime

114 1647 200 1671 vero
221 1635 344 1685 ,ipsum
374 1634 529 1671 hominis
552 1636 684 1672 mortui
707 1647 767 1671 ca-

110 1691 242 1737 daver3
274 1704 346 1740 quo
375 1692 474 1728 ducit
501 1691 685 1729 Plutarchi
712 1690 768 1726 lo-

110 1760 172 1784 cus
207 1748 272 1794 (in
305 1752 397 1797 sept.
423 1748 594 1796 sapientt.
628 1748 765 1784 conviv.

110 1816 195 1853 pag.
221 1803 322 1849 148,
345 1804 376 1839 Β
407 1803 486 1840 coll.
508 1803 764 1851 WVyttenbach.

112 1860 369 1896 animadverss.
392 1872 428 1908 p.
451 1860 567 1905 921),
596 1860 656 1895 ubi
680 1871 765 1897 σκε-

112 1912 219 1954 λετὸν
239 1915 418 1965 appellat,
430 1927 649 1963 quamquam
669 1916 766 1952 idem

112 1973 242 2009 rectius
261 1972 307 2008 de
326 1972 373 2007 Is.
393 1975 430 2008 et
449 1972 545 2007 Osir.
566 1984 650 2020 pag.
669 1970 766 2019 357,

112 2028 143 2064 F
164 2027 394 2065 simulacrum
420 2027 623 2075 (εἴδωλον)
650 2027 767 2064 homi-

112 2085 167 2121 nis
191 2084 380 2121 intellexit.

170 2139 442 2190 μεμιμημένον
466 2161 512 2168 —
537 2137 606 2178 καὶ
626 2141 767 2192 γραφῇ

112 2196 180 2237 καὶ
201 2195 325 2250 ἔργῳ]
368 2197 532 2234 Indicare
553 2196 665 2233 voluit
688 2197 767 2234 He-

112 2255 285 2301 rodotus,
315 2253 406 2290 haec
434 2253 621 2290 simulacra
644 2252 767 2301 lignea

112 2310 298 2347 homiuum
314 2314 536 2346 mortuorum
567 2310 615 2346 ad
641 2322 767 2347 verum

113 2367 267 2403 maxime
297 2378 468 2415 expressa
500 2379 581 2404 esse
607 2370 681 2402 tum
712 2365 769 2416 pi-

117 2422 241 2469 ctura,
270 2425 346 2458 tum
372 2435 483 2471 opere
506 2423 598 2472 ipso.
657 2422 768 2459 Unde

114 2481 243 2526 patet,
272 2490 464 2527 perperam
486 2478 523 2514 in
552 2478 768 2526 quibusdam

116 2533 213 2570 libris
254 2538 396 2571 exstare
426 2532 664 2585 μεμιγμένον
699 2547 767 2583 pro

116 2587 385 2639 μεμιμημένον
401 2617 413 2636 ,
471 2590 568 2626 haud
621 2589 767 2626 insolito

116 2646 263 2694 quidem
300 2658 440 2690 errore3
491 2647 538 2683 de
580 2658 653 2694 quo
700 2645 766 2682 Cr.

117 2702 271 2739 conferri
293 2701 391 2738 iubet
409 2700 591 2739 Schaefer.
613 2702 661 2737 ad
679 2700 768 2738 Dio-

115 2770 195 2806 nys.
227 2757 345 2794 Halic.
375 2758 422 2793 de
451 2770 612 2807 compos.
643 2758 767 2794 verbb.

115 2826 202 2863 pag.
227 2816 319 2855 291.
337 2833 386 2840 —-
408 2815 546 2867 γραφῇ
560 2842 572 2860 ,
601 2814 700 2861 quod
720 2814 770 2850 ad

116 2870 310 2908 simulacra
339 2870 506 2908 coloribus
536 2869 684 2907 inducta
711 2882 770 2908 re-

835 1072 906 1109 fert
937 1071 1126 1120 Heynius,
1165 1072 1212 1109 de
1241 1073 1319 1121 ipsa
1340 1072 1487 1120 pictura

834 1128 1110 1177 intelligendum
1129 1141 1209 1166 esse
1228 1132 1352 1165 monet
1372 1127 1489 1164 Creu-

834 1198 938 1222 zerus
968 1197 1096 1222 comm.
1116 1185 1256 1222 Herod.
1286 1198 1322 1235 p.
1346 1186 1417 1230 17,
1448 1187 1488 1220 ut

833 1241 865 1278 11
880 1270 890 1287 ‚
909 1243 974 1282 73.
992 1243 1067 1288 86,
1099 1241 1159 1278 ubi
1180 1242 1272 1278 conf.
1293 1244 1383 1277 nott.
1415 1239 1488 1276 Cui

834 1297 1039 1346 obloquitur
1060 1297 1227 1334 Siebelis.
1259 1297 1308 1333 ad
1328 1296 1487 1333 Pausan.

834 1353 881 1400 V,
905 1356 954 1394 11
986 1351 1022 1404 ἓ.
1053 1357 1080 1395 2
1118 1366 1198 1390 cum
1227 1353 1338 1390 hocce
1362 1352 1488 1389 Hero-

835 1409 916 1446 doti
941 1409 1021 1446 loco
1048 1407 1146 1462 ἔργῳ
1176 1410 1224 1446 ad
1256 1408 1487 1457 sculpturam,

833 1467 973 1519 γραφῇ
990 1466 1037 1501 ad
1052 1465 1190 1502 colores
1210 1465 1486 1514 superinductos

835 1523 881 1558 sit
919 1521 1163 1559 referendum.
1243 1520 1326 1557 Nec
1363 1524 1489 1557 tamen

835 1579 889 1615 vir
920 1578 1048 1614 doctus
1077 1578 1162 1614 mihi
1193 1577 1395 1627 persuasit,
1425 1575 1489 1624 qui

835 1638 1017 1672 caeterum
1028 1634 1075 1671 de
1092 1635 1171 1684 ipsa
1185 1633 1366 1671 locutione
1378 1632 1488 1683 (γρα-

835 1693 897 1744 φῇ
929 1688 1220 1741 μεμιμημένον)
1250 1689 1411 1740 pluribus
1433 1688 1489 1725 lo-

835 1748 885 1784 eis
905 1760 926 1784 a
942 1746 1125 1784 Pausania
1145 1746 1321 1783 imitando
1338 1758 1490 1795 expres-

836 1817 877 1840 sa
892 1803 995 1852 plura
1017 1802 1174 1851 collegit.
1233 1801 1313 1838 Nos
1336 1802 1371 1837 in
1394 1801 1493 1838 clau-

835 1859 912 1896 sula
930 1859 1017 1895 illud
1039 1870 1273 1895 moneamus:
1304 1857 1372 1893 hoe
1390 1870 1491 1894 more

832 1915 1037 1952 universam
1079 1914 1199 1962 gentis
1241 1913 1491 1962 Aegyptiacae

832 1971 992 2008 indolem
1014 1970 1245 2018 animumque
1267 1982 1428 2006 severum
1449 1981 1491 2006 ac

833 2040 981 2076 gravem
1002 2026 1138 2076 optime
1156 2025 1341 2063 declarari.
1380 2024 1490 2062 Plura

834 2085 1004 2120 Creuzer.
1025 2084 1062 2119 in
1082 2081 1244 2131 Symbol.
1268 2080 1488 2131 lpag.415,

833 2142 895 2190 qui
923 2140 1019 2176 idem
1059 2139 1107 2175 ad
1145 2138 1179 2174 h.
1211 2137 1234 2174 l.
1273 2137 1488 2187 adscripsit:

833 2197 977 2244 „Confi
999 2195 1178 2242 Bottiger.
1198 2193 1310 2230 Ideen
1327 2206 1393 2229 zur
1418 2192 1489 2228 Ar-

833 2252 1020 2300 chaeolog.
1043 2252 1078 2288 d.
1098 2249 1226 2287 Maler.
1250 2249 1265 2285 I
1286 2263 1322 2300 p.
1337 2249 1390 2291 55
1406 2261 1488 2297 sqq.

835 2309 921 2358 ibiq.
942 2308 1065 2345 laudd.
1085 2311 1121 2345 et
1143 2307 1238 2343 conf.
1251 2306 1345 2342 infra
1364 2319 1418 2355 cp.
1434 2306 1489 2344 86

836 2366 883 2402 de
910 2365 1040 2402 arbore
1073 2362 1311 2414 (συκαμίνῳ
1339 2362 1488 2410 eiusque

834 2422 952 2458 fructu
979 2415 1188 2473 συκομόρῳ
1217 2418 1289 2455 vid.
1316 2418 1488 2454 Strabon.

836 2478 942 2514 XVII
963 2490 999 2527 p.
1018 2479 1098 2518 823
1118 2489 1147 2512 s.
1164 2489 1200 2525 p.
1215 2477 1295 2516 629
1316 2473 1487 2520 Tzsch.).

835 2533 894 2571 De
914 2534 1008 2570 binis
1030 2533 1146 2582 capsis
1172 2530 1405 2577 mumiarurn,
1435 2528 1487 2566 al-

836 2594 916 2627 tera
941 2601 983 2626 ex
1002 2589 1134 2638 pannis
1157 2587 1424 2636 conglutinatis,
1438 2585 1492 2622 al-

836 2651 914 2683 tera
934 2658 977 2682 ex
994 2645 1092 2693 liguo
1111 2642 1288 2692 sycomori
1305 2643 1376 2679 vid.
1387 2642 1490 2678 Rou-

837 2715 912 2750 yer.
938 2702 974 2737 in
1004 2701 1173 2750 descript.
1195 2700 1242 2737 de
1271 2698 1429 2748 l‘Egypt.
1451 2697 1488 2734 X

836 2771 872 2808 p.
892 2759 972 2798 219
1004 2761 1042 2794 et
1062 2757 1148 2793 ibid.
1175 2756 1219 2803 (t.
1235 2755 1283 2802 ΙΙ,
1303 2758 1329 2795 2
1351 2755 1486 2801 deser.)

836 2813 993 2850 Iomard.
1030 2825 1091 2849 sur
1122 2812 1175 2849 les
1214 2810 1400 2861 hypogees
1439 2810 1487 2846 de

838 2869 987 2908 'she-bes
1015 2873 1102 2907 sect.
1123 2868 1158 2906 X
1180 2865 1217 2918 ἓ.
1238 2869 1264 2908 8
1292 2879 1378 2918 pag.
1405 2867 1488 2907 350

1171 2925 1228 2964 42
1250 2924 1269 2945 *

1479 642 1515 669 Iu
1540 643 1759 670 commessatio-

1480 685 1519 703 ne
1549 683 1759 709 argumentum

1481 710 1601 739 bibendi
1623 715 1759 738 amor-te.
