1909 3228
493 185 578 226 756

889 181 1357 222 HERODOT1

495 291 691 349 μάμενον
730 289 887 344 νέκυν,
945 289 1248 334 ἐπισπάσαντα
1285 293 1375 335 τῶν
1413 291 1561 337 άσκῶν
1601 291 1682 337 δύο
1726 292 1754 349 ἢ

437 379 479 412 21
494 376 606 425 τρεῖς
643 371 868 422 ποδεῶνας
908 367 1045 413 αὐτόν
1087 368 1207 412 λύειν
1253 367 1544 426 ἀπαμμένους.

1605 372 1665 423 ὦς
1705 371 1750 415 δὲ
1764 378 1809 412 95

493 450 614 505 ἔρῤεε
645 446 668 492 ὁ
700 446 841 501 οἶνος,
888 448 968 504 τὴν
996 447 1191 504 κεφαλήν
1216 465 1292 504 μιν
1323 449 1561 493 κόπτεσθαι
1590 451 1754 506 μεγάλα

494 532 689 585 βοῶντα,
750 525 809 578 ὥς
846 525 927 570 οὐκ
967 526 1117 582 ἔχοντα
1156 526 1267 582 πρὸς
1307 526 1460 572 ὁκοῖον
1502 533 1591 572 τῶν
1637 528 1752 573 ὄνων

436 611 666 661 ἓῐπρῶτον
695 605 918 662 τράπηται.
957 605 1061 657 τούς
1091 606 1136 649 δὲ
1166 605 1411 662 φυλάκους,
1445 604 1504 658 ὥς
1534 609 1642 651 ἰδεῖν
1671 622 1754 651 πο-

494 686 575 731 λὺν
605 687 762 742 ῥέοντα
791 685 870 728 τὸν
900 682 1043 737 οἶνον,
1088 684 1337 742 συντρέχειν
1368 686 1410 737 ές
1439 685 1516 742 τὴν
1542 685 1649 730 ὁδόν
1673 686 1751 742 ἆγ-

491 766 595 823 γήϊα
625 766 821 822 ἔχοντας,
868 764 941 807 καὶ
968 763 1047 807 τὸν
1077 764 1362 820 ἐκκεχυμένον
1393 763 1515 808 οἶνον
1546 767 1754 822 συγκομί-
1798 770 1870 808 161

495 849 582 898 ζειν
612 845 660 888 έν
693 841 835 898 κέρδεϊ
862 843 1173 899 ποιευμένους·
1203 843 1281 887 τὸν
1309 843 1354 887 δὲ
1378 844 1755 900 διαλοιδορέεσθαι

436 927 618 975 23πᾶσι,
658 921 792 979 ὀργὴν
830 921 1216 978 προσποιεύμενον.
1274 923 1678 980 παραμυθευμένων
1708 924 1754 967 δὲ

494 1001 630 1046 αὐτόν
658 1005 748 1045 τῶν
779 1001 1013 1056 φυλάκων,
1041 1001 1184 1059 χρόνῳ
1214 1001 1488 1057 πρηΰνεσθαι
1513 1001 1778 1057 προσποιέ-1

495 1087 645 1134 εσθαι,
676 1079 749 1124 καὶ
778 1078 986 1124 ὑπίεσθαι
1014 1087 1090 1136 τῆς
1119 1079 1272 1137 ὀργῆς·
1312 1081 1431 1132 τέλος
1462 1081 1530 1133 δὲ,
1560 1079 1753 1133 ἐξελάσαι

491 1159 627 1204 αὐτὸν
652 1158 756 1211 τοὺς
784 1157 918 1211 ὅνους
948 1159 994 1203 ἐκ
1023 1163 1099 1216 τῆς
1133 1158 1263 1212 ὁδοῦ,
1310 1160 1382 1203 καὶ
1411 1159 1753 1213 κατασκευάζειν.

437 1244 483 1281 24
499 1239 559 1292 ὦς
589 1241 634 1284 δὲ
663 1238 822 1295 λόγους
850 1255 895 1282 τε
929 1240 1106 1290 πλείους
1141 1238 1408 1295 ἐγγίνεσθαι,
1451 1240 1526 1282 καί
1555 1255 1653 1282 τινα
1680 1239 1753 1282 καὶ

493 1321 664 1371 σκῶψαί
694 1334 770 1375 μιν
799 1318 872 1362 καὶ
901 1317 943 1369 ές
979 1317 1143 1374 γέλωτα
1172 1319 1529 1374 προαγαγέσθαι,
1570 1316 1780 1361 {acideo—5

492 1415 566 1441 ναι
596 1397 767 1441 αὐτοῖσι
795 1402 884 1440 τῶν
914 1395 1063 1440 άσκῶν
1093 1396 1191 1440 ἕνα·
1223 1396 1326 1447 τούς
1347 1397 1392 1439 δὲ
1416 1395 1575 1448 αὐτοῦ,
1607 1395 1748 1450 ὥσπερ

492 1474 631 1532 εἶχον,
671 1476 1008 1528 κατακλιθέντας
1036 1476 1176 1519 πίνειν
1206 1475 1502 1528 διανοέεσθαι,
1539 1475 1612 1519 καὶ
1642 1475 1749 1518 έκεῖ-

436 1717 499 1742 ver
535 1704 800 1742 custodiebant.
873 1704 950 1742 Ubi
997 1709 1088 1741 nota

435 1773 539 1797 usum
563 1760 841 1811 praepositionis
860 1758 960 1799 κατά
979 1761 1087 1810 (pro-

430 1829 494 1866 pe,
522 1818 650 1863 iuxta,
680 1816 777 1864 ad),
808 1817 854 1853 de
883 1830 955 1865 quo
982 1817 1087 1866 plura

434 1873 628 1909 Fischerus
674 1873 722 1909 ad
762 1872 909 1910 IVeller.
957 1873 1029 1920 111,
1063 1874 1085 1910 b

435 1941 521 1980 pag.
542 1930 633 1969 183.
660 1930 750 1969 187.

490 1987 570 2023 τῶν
592 1980 793 2023 οἷσκιόν-
815 1979 1085 2035 ἐπαμμένους]

435 2042 457 2077 ἰ.
476 2055 506 2079 e.
536 2043 668 2078 utrium
699 2041 785 2077 duos
807 2041 861 2078 vel
888 2045 955 2078 tres
972 2043 1086 2091 petio-

435 2098 486 2135 Ios
504 2110 682 2148 suspensos
706 2098 765 2145 (s.
784 2098 988 2147 pendulos)
1019 2098 1088 2134 sol-

434 2157 536 2192 visse.
576 2150 734 2192 ποδεαὶν
754 2158 810 2191 est
831 2156 923 2191 utris
936 2154 1087 2203 potiolus

437 2225 465 2248 s.
482 2211 689 2261 prominens
708 2222 792 2260 pars
813 2207 856 2257 (ὃ
868 2213 939 2249 τοῦ
959 2206 1088 2250 άσκοῦ

435 2265 591 2318 προέχει
617 2270 658 2303 ut
687 2267 737 2304 ait
763 2267 872 2304 schol.
893 2270 941 2304 ad
958 2267 1083 2317 Eurip.

434 2323 536 2362 Med.
555 2324 671 2371 679),
700 2322 827 2359 lacinia
854 2323 1034 2374 pendula,
1065 2336 1086 2360 e

435 2381 508 2430 qua
523 2380 640 2428 liquor
659 2379 842 2416 emittitur.
876 2379 957 2416 Alio
976 2393 1086 2416 sensu

435 2438 482 2474 de
517 2436 675 2484 regionis
706 2435 836 2471 lacinia
861 2449 889 2472 s.
923 2439 1085 2473 extrema

433 2496 538 2543 parte
555 2491 708 2529 occurrit
726 2490 831 2537 VIII,
850 2493 914 2532 31.

489 2545 563 2598 τήν
581 2542 761 2598 κεφαλήν
771 2562 839 2597 μιν
849 2543 1082 2598 κόπτεσθαι]

435 2604 543 2641 Conf.
570 2604 625 2652 II,
651 2606 703 2645 61
745 2607 782 2641 et
806 2605 855 2641 ad
881 2605 1009 2641 verba:
1041 2603 1084 2643 ἐν

434 2658 569 2710 κέρδεϊ
581 2657 841 2710 ποιευμένους
866 2660 908 2707 (i.
926 2673 956 2697 e.
988 2660 1085 2697 lucro

435 2717 503 2752 sibi
516 2729 705 2766 apponere,
741 2717 780 2753 z'n
802 2717 898 2753 lucro
923 2717 994 2755 sibi
1014 2730 1083 2767 po-

433 2773 530 2820 nere)
559 2772 574 2808 I
584 2801 594 2819 ,
619 2775 710 2813 118.

489 2824 555 2867 τὸν
573 2825 616 2866 δὲ
637 2826 979 2881 διαλοιδορέεσθαι
1006 2830 1080 2868 ποῖ-

1157 1702 1219 1753 σι]
1258 1704 1316 1741 De
1335 1708 1515 1741 structura
1534 1705 1604 1741 vid.
1626 1703 1806 1741 Matthiae

1157 1761 1222 1796 Gr.
1243 1760 1307 1796 Gr.
1338 1773 1422 1810 pag.
1446 1760 1540 1801 705.
1580 1763 1805 1810 προσποιεῖ-

1156 1819 1254 1854 σθαι
1278 1816 1313 1852 ἰη
1339 1830 1441 1866 seqq.
1464 1821 1520 1854 est
1541 1817 1726 1863 simulare,
1758 1816 1806 1852 si-

1153 1873 1386 1921 gnificatione
1407 1873 1491 1909 satis
1518 1879 1616 1910 nota.
1653 1873 1712 1910 De
1734 1887 1806 1910 πα-

1155 1933 1428 1979 ραμυθεῖσθαι
1457 1929 1676 1977 (consolari,
1706 1931 1804 1965 miti-

1153 1998 1257 2033 gare,
1289 1986 1394 2022 lenire
1412 1987 1541 2034 verbis)
1562 1987 1632 2023 vid.
1652 1985 1700 2023 ad
1718 1985 1806 2022 Plu-

1153 2041 1263 2078 tarch.
1284 2041 1396 2079 Alcib.
1416 2055 1500 2092 pag.
1515 2045 1594 2084 129
1613 2055 1689 2090 seq.
1715 2037 1804 2092 χρό-

1154 2112 1211 2150 νῳ
1234 2103 1291 2135 est
1311 2102 1452 2148 postea,
1479 2104 1624 2147 tempore
1653 2098 1802 2147 quodam

1152 2154 1288 2203 clap-90,
1325 2159 1368 2191 ut
1389 2155 1421 2201 I,
1442 2156 1507 2196 80.
1531 2157 1621 2195 171.
1653 2154 1744 2195 175-

1209 2208 1462 2249 ύπίεσθαι
1503 2212 1592 2260 τῆς
1623 2205 1800 2262 ὀργῆς]

1152 2266 1258 2303 Conf.
1279 2267 1316 2313 Ι,
1336 2267 1424 2308 156.
1454 2267 1516 2314 IV,
1540 2269 1631 2308 181.

1207 2321 1274 2360 καὶ
1321 2321 1360 2369 ἐς
1398 2321 1545 2375 γέλωτα
1583 2321 1799 2375 προαγαγέ-

1151 2378 1265 2429 σθαι]
1297 2379 1318 2415 i.
1338 2393 1368 2416 e.
1390 2382 1597 2429 permovisse
1616 2379 1663 2416 ad
1679 2383 1798 2427 risum,

1149 2438 1258 2472 risum
1278 2435 1457 2482 elicuisse,
1489 2437 1549 2473 ubi
1572 2436 1681 2473 medii
1700 2436 1800 2474 verbi

1150 2505 1254 2529 usum
1276 2505 1343 2542 pro
1369 2494 1488 2529 activo
1517 2492 1638 2541 attigit
1667 2491 1798 2530 Matth.

1153 2549 1218 2585 Gr.
1249 2548 1312 2584 Gr.
1352 2561 1438 2599 pag.
1464 2549 1560 2590 935.
1616 2547 1676 2585 Ad
1698 2549 1798 2587 verbi

1150 2604 1449 2653 significationem
1458 2607 1555 2642 conf.
1568 2605 1723 2642 Pausan.
1733 2605 1799 2652 IX,

1151 2662 1189 2702 5.
1210 2662 1248 2701 8.
1278 2661 1350 2698 vit.
1367 2662 1516 2700 Homer.
1536 2664 1607 2707 213
1635 2673 1726 2710 quos
1745 2661 1800 2698 lo-

1151 2730 1212 2754 cos
1231 2717 1355 2754 laudat
1370 2718 1590 2766 wesseling.

1208 2769 1338 2824 ὥσπερ
1357 2771 1476 2824 εἶχον]
1507 2776 1528 2812 i.
1555 2787 1585 2812 e.
1615 2773 1710 2810 nullo
1737 2772 1797 2810 de-

1148 2828 1263 2878 lectu,
1295 2835 1400 2881 prout
1421 2843 1456 2868 ce
1483 2830 1665 2868 habebant.
1728 2829 1796 2867 Cr.
