1909 3228
424 187 508 226 262

813 186 1275 226 HERODOTI

393 294 535 350 Βδικῇ.
567 291 621 337 οὐ
647 293 795 349 μέντοι
828 297 875 337 οἵ
899 311 945 350 γε
974 294 1149 339 Σκύθαι
1177 296 1313 354 ταύτῃ
1342 298 1565 355 ἐσέβαλον,
1590 297 1667 342 ἆλ-

423 369 478 414 λά
504 371 582 428 τὴν
609 371 850 428 κατύπερθε
880 372 988 416 ὁδόν
1025 379 1170 434 πολλῷ
1213 380 1483 433 μακροτέρην
1515 379 1667 433 ἐκτρα-

395 449 627 505 4πόμενοι,
656 450 702 494 ἐν
730 452 847 508 δεξιῇ
875 452 1040 508 ἔχοντες
1078 453 1126 497 τό
1158 456 1413 498 Καυκάσιον
1443 454 1556 510 ὅρος.
1602 456 1662 498 ἐν.
1679 462 1725 496 30

419 533 564 572 θαῦτα
593 531 637 572 οἱ
673 530 753 586 μὲν
789 534 939 587 Μῆὸοι
980 532 1272 589 συμβαλόντες
1311 539 1423 577 τοῖσι
1452 533 1668 590 Σκύθῃσι,

420 608 493 650 καὶ
523 607 780 660 ἑσσωθέντες
807 614 861 666 τῇ
891 612 1026 667 μάχῃ,
1075 616 1149 667 τῆς
1187 610 1319 668 ἀρχῆς
1348 611 1666 668 κατελύθησαν·

265 678 362 725 105
420 687 464 728 οῖ
490 686 534 729 δὲ
563 686 741 731 Σκύθαι
769 688 849 744 τήν
875 688 1018 746 Ἀσίην
1043 695 1187 734 πᾶσαν
1215 690 1403 746 ἐπέσχον.
1451 690 1672 735 Ἐνθεῦτεν

88 742 290 777 Pei-gentibus
331 745 369 771 iis

89 776 122 802 ῖιι
133 778 212 810 Aegy
221 782 310 813 utum,
322 787 370 805 oc—

91 810 186 836 currit
204 810 370 838 psammiti-

89 842 164 869 chus
182 851 250 878 rex,
275 845 371 879 iisque

87 877 251 910 persuadet
270 882 301 905 ut
320 887 366 905 re-

90 909 190 936 deant.
240 910 366 945 Scytha-

87 950 155 969 rum
165 950 256 976 parva
264 952 368 972 manus

428 845 695 902 Παλαιστίνῃ
736 849 881 904 Συρίῃ
894 881 904 899 a

86 975 194 1002 aedem
245 977 370 1006 Veneris

90 1008 236 1036 caelestis
277 1012 364 1039 Asca-

91 1041 159 1069 lone
210 1043 365 1079 despoliat.

91 1074 146 1101 uis
164 1080 306 1105 eteorum
317 1087 368 1113 po-

88 1109 177 1136 uteris
234 1112 366 1139 morbum

91 1141 233 1170 inflictum

89 1177 271 1207 muliebrem.

298 1153 366 1174 esse
422 1135 522 1179 ἄλλά
550 1139 625 1193 τήν
648 1139 875 1195 κατύπερθε
911 1141 1009 1183 ὁδόν

363 1199 500 1251 πολλῷ
515 1199 757 1251 μακροτέρην
774 1196 1010 1252 ἐκτραπόμε-

360 1267 426 1291 νοι
444 1268 480 1292 κ.
491 1268 522 1292 τ.
539 1257 590 1302 λ.]
622 1253 903 1308 ἐκτραπόμενοι
926 1258 1009 1294 bre-

360 1309 438 1345 vius
459 1310 591 1348 dictum
610 1312 679 1350 hoc
705 1327 833 1350 sensu:
863 1313 1007 1363 „defle-

362 1368 490 1402 etentes
510 1368 556 1403 ab
576 1368 636 1404 illa
655 1370 818 1407 breviore
838 1370 915 1417 via,
944 1369 1010 1406 ali-

361 1433 493 1469 amque
512 1424 734 1472 superiorem
747 1438 899 1473 eamque
917 1424 1012 1460 mul-

361 1480 400 1513 to
433 1476 633 1526 longiorem
663 1482 855 1528 i11g1·essz'.“
912 1481 1011 1516 Indi-

360 1536 463 1569 catur
483 1538 603 1571 autem
624 1549 666 1572 ea
683 1536 751 1583 via,
770 1537 840 1585 quai
853 1536 1010 1584 Scythae

359 1588 447 1625 inde
475 1602 497 1626 a
523 1589 708 1629 Maeotide
748 1592 883 1641 palude
910 1595 1008 1629 recta

360 1644 535 1683 orientem
559 1660 685 1685 versus
714 1648 886 1697 profecti,
909 1648 1008 1684 Cau-

360 1712 445 1736 caso
466 1707 589 1738 monte
609 1705 656 1740 ad
685 1704 846 1741 dextram
872 1703 1006 1750 relicto,

361 1755 448 1793 dein
482 1758 702 1796 occidentale
733 1760 859 1809 Caspii
899 1760 1007 1795 maris

360 1810 443 1848 litus
472 1812 635 1862 legentes
658 1816 706 1851 ad
731 1816 866 1863 Cyrum
891 1828 1006 1864 usque

360 1868 398 1904 in
423 1881 522 1906 mare
551 1869 648 1907 istud
681 1871 910 1918 influentem,
940 1883 1006 1921 per

359 1923 517 1973 Caspias
552 1931 677 1976 portas
706 1927 743 1962 in
770 1927 930 1964 Mediam
957 1927 1006 1962 ir-

356 1984 540 2028 ruperunt.
599 1982 719 2025 Quam
738 1984 891 2020 eandem
911 1983 1005 2020 viam

355 2040 444 2084 post
458 2036 581 2073 Hunni
592 2042 628 2075 et
646 2038 738 2075 aliae
757 2052 901 2088 quoque
914 2052 1005 2087 gen-

356 2096 412 2128 tes
440 2092 594 2140 ingressi
623 2095 808 2142 dicuntur,
857 2108 936 2132 cuin
967 2095 1004 2131 in

355 2145 518 2185 Mediam
562 2149 798 2200 Persiamque
844 2152 1003 2189 incursa-

357 2207 450 2250 rent,
470 2217 513 2242 ac
532 2207 721 2243 recentiori
743 2211 862 2245 aetate
873 2208 1001 2244 Petrus

355 2271 511 2308 magnus
538 2262 596 2299 ille
622 2262 825 2300 Russorum
847 2264 1002 2313 impera-

356 2318 413 2351 tor
434 2316 501 2353 hac
535 2318 593 2353 via
632 2320 802 2366 tetendit,
843 2320 1001 2368 litusque

355 2369 443 2407 illud
467 2376 683 2421 augustuni,
712 2388 779 2424 per
808 2376 907 2424 quod
934 2375 1002 2411 iter

355 2426 452 2464 ducit
471 2429 516 2465 ab
536 2442 606 2465 una
624 2435 728 2479 parte
749 2432 837 2468 mari
871 2431 918 2467 ab
947 2429 1002 2466 al-

354 2483 433 2519 tera
463 2485 644 2521 montibus
696 2486 778 2523 altis
817 2486 1001 2533 inclusum,

353 2537 480 2574 ditioni
515 2553 604 2578 suae
628 2541 769 2579 adiecit.
826 2542 933 2580 Nunc
959 2541 999 2579 il-

355 2592 398 2629 lic
436 2595 646 2634 nobilitatae
678 2599 823 2645 saucae,
872 2597 1002 2647 quibus

354 2660 485 2686 nomen
519 2651 686 2689 Derbend.
749 2654 826 2692 Sed
860 2654 908 2692 de
944 2653 1000 2690 his

353 2705 518 2742 omuibus
552 2708 703 2756 plurima
732 2713 900 2747 accurate
927 2709 1001 2746 dis-

355 2763 490 2808 putans
517 2764 724 2801 consulatur
751 2765 881 2804 Ritter.
907 2765 1001 2805 Erd-

357 2813 479 2853 kunde
500 2816 533 2854 11
559 2831 594 2868 p.
617 2821 694 2862 861
723 2834 824 2872 seqq.

428 764 474 807 δὲ
502 764 632 821 ἤϊσαν
658 766 719 810 ἐπ’
750 770 996 823 Αἴγυπτον·
1025 770 1099 813 καὶ
1129 770 1218 813 ἐπεί
1245 786 1287 813 τε
1317 769 1515 825 ἐγένοντο
1548 773 1594 816 ἐν
1619 776 1672 828 τῇ

964 848 1228 905 Ψαμμίτιχός
1274 860 1409 904 σφεας
1444 848 1725 905 Αἰγύπτου35

422 923 624 977 βασιλεὺς
652 925 857 978 ἀντιάσας
886 927 1065 982 δώροισί
1092 944 1136 972 τε
1166 928 1239 971 καὶ
1267 933 1408 984 λιτῇσι
1440 927 1671 983 ἀποτρέπει

1295 1143 1404 1194 Cap.
1436 1143 1514 1182 CV.

1090 1248 1107 1256 ..
1129 1194 1357 1256 Ἰῑῖνθεῦτενα
1369 1197 1411 1239 δὲ
1441 1198 1583 1252 ἤϊσαν]
1605 1200 1725 1250 Vulgo

1076 1257 1204 1310 ῄσαν,
1243 1261 1304 1293 aut
1329 1257 1445 1306 ἦσαν.
1502 1257 1583 1295 Nos
1614 1258 1726 1295 secuti

1077 1326 1201 1349 sumus
1230 1313 1430 1361 Schweigh.
1466 1319 1502 1351 et
1540 1314 1724 1351 Gaisford.

1077 1372 1117 1403 ut
1151 1369 1188 1414 l,
1226 1368 1290 1409 43.
1328 1372 1392 1410 62.
1453 1370 1560 1406 Conf.
1604 1375 1723 1407 tamen

1077 1423 1207 1460 Matth.
1225 1437 1310 1473 pag.
1328 1423 1422 1465 417.

1133 1478 1218 1518 ἐπεί
1240 1494 1279 1518 τε
1300 1479 1478 1531 ἐγένοντο
1502 1478 1544 1518 ἒν
1569 1482 1620 1534 τῇ
1642 1482 1724 1519 Πα-

1077 1535 1254 1588 λαιστίνῃ
1283 1535 1436 1589 Συρίῃ]
1475 1536 1533 1574 De
1551 1536 1725 1574 Palaesti-

1073 1604 1120 1628 na
1147 1591 1253 1639 Syria
1283 1592 1444 1642 inprimis
1479 1605 1636 1642 compar.
1658 1593 1722 1640 Ill,

1075 1648 1100 1688 5
1134 1647 1298 1696 aliosque
1350 1648 1449 1684 locos
1503 1648 1669 1685 laudatos
1700 1662 1723 1685 a

1073 1703 1287 1740 Billerbeck.
1315 1704 1350 1740 iu
1362 1704 1459 1740 Diss.
1473 1705 1518 1741 dc
1530 1705 1724 1752 quibusdd.

1073 1758 1181 1796 Asiae
1202 1760 1395 1796 Herodott.
1417 1760 1561 1797 difficili.
1583 1773 1669 1811 pag.
1683 1758 1721 1800 4.

1075 1815 1150 1857 Qui
1188 1815 1283 1852 idem
1316 1816 1472 1852 nominis
1506 1830 1585 1853 eain
1616 1817 1725 1854 affert

1074 1871 1269 1918 rationem,
1300 1873 1399 1920 quod
1426 1871 1632 1910 Palaestina
1648 1873 1721 1922 Sy-

1073 1927 1148 1963 riae
1175 1928 1242 1963 suit
1279 1940 1363 1977 pars
1401 1928 1505 1976 eique
1540 1929 1724 1967 accenseri

1073 1982 1200 2029 solita,
1239 1984 1313 2020 sive
1338 1984 1437 2031 quod
1468 1984 1562 2031 Syrii
1591 1985 1720 2023 Palae-

1071 2039 1200 2075 stinam
1223 2039 1475 2076 inhabitarunt.
1533 2039 1629 2077 Nam
1649 2042 1721 2090 Sy-

1071 2096 1203 2132 riorum
1223 2095 1430 2132 vocabuliun
1451 2095 1579 2133 latiore
1607 2110 1719 2134 sensu

1071 2164 1092 2187 a
1111 2150 1250 2188 Nostro
1275 2151 1463 2201 usurpari,
1504 2151 1575 2188 iam
1609 2166 1720 2202 supra

1069 2208 1118 2243 ad
1149 2207 1182 2253 Ι,
1214 2210 1251 2248 6.
1281 2209 1336 2247 72
1372 2208 1586 2244 not-mimus.
1646 2208 1719 2246 Pa-

1069 2263 1221 2300 laestina
1250 2268 1370 2299 autem
1401 2264 1532 2300 haecce
1552 2269 1647 2301 terra
1674 2278 1718 2302 ex

1066 2318 1247 2356 Herodoti
1268 2320 1447 2356 sententia
1462 2320 1547 2357 inde
1567 2334 1587 2356 a
1600 2321 1718 2360 Phoe-

1067 2374 1148 2412 nice
1180 2388 1295 2423 usque
1322 2376 1369 2411 ad
1400 2375 1609 2425 Aegyptum
1632 2391 1720 2427 pro-

1067 2431 1177 2467 cessit
1204 2431 1316 2478 (cons.
1346 2431 1409 2478 lv,
1435 2433 1532 2479 39),
1562 2437 1599 2469 et
1620 2446 1719 2471 com-

1066 2485 1235 2536 plectitur
1291 2488 1519 2537 potissimum
1565 2493 1717 2527 tractum

1067 2542 1303 2589 maritimum,
1358 2544 1493 2581 inclusa
1527 2542 1716 2582 Ascalonis

1068 2599 1157 2636 urbe
1188 2603 1224 2636 et
1244 2599 1408 2647 Iudaica,
1437 2613 1531 2650 quae
1557 2606 1716 2649 vocatur,

1069 2655 1174 2691 terni.
1234 2654 1294 2692 'su
1311 2657 1381 2693 vid.
1400 2655 1530 2693 Ritter.
1543 2656 1714 2695 Erdkun—

1069 2710 1115 2747 de
1140 2711 1172 2747 ll
1192 2724 1228 2761 p.
1242 2714 1333 2752 302.
1354 2712 1436 2754 304
1457 2725 1534 2761 seq.

1132 2763 1353 2818 Ψαμμίτιχό
1359 2785 1378 2815 ς
1400 2780 1524 2818 σφεας
1540 2791 1585 2796 —-
1602 2764 1712 2808 ἅντι-

1071 2817 1170 2871 άσας
1192 2819 1356 2878 δώροισί
1377 2839 1417 2866 τε
1439 2823 1505 2866 καὶ
1525 2827 1654 2881 λιτῇσι
1675 2839 1708 2865 κ.

1739 773 1792 815 53
