1909 3228
148 541 233 575 Quae

170 576 254 602 uibus

154 642 267 669 Amasin
280 651 286 668 :

304 729 421 768 filialius

152 778 330 803 exstructum
343 785 349 801 :
363 775 422 807 (ty-

150 818 158 843 1
159 817 255 835 ))))))
258 809 274 834 b
287 808 424 834 Amaside

149 843 274 877 primum
299 849 425 878 occupa-

474 213 557 252 888

875 211 1340 249 HERODOTI

449 318 640 376 ὃταύτην
679 320 758 375 τὴν
798 320 994 375 Λαδίκην
1019 353 1029 370 ,
1086 320 1144 370 ὥς
1192 319 1448 376 ἐπεκράτησε
1491 322 1727 378 Καμβύσης

475 397 724 453 Αἰγύπτου,
754 398 828 441 καὶ
857 397 1042 442 ἐπύθετο
1074 397 1207 455 αὐτῆς
1234 399 1262 454 ἥ
1290 415 1354 449 τις
1383 401 1470 454 εἴη,
1511 398 1726 455 ἀπέπεμψε
1740 408 1785 441 90

469 553 646 610 ’Ἀμασις
676 555 718 606 ἐς
751 555 830 611 τὴν
865 553 1068 598 Ἑλλάδα·

404 716 422 734 a

322 478 419 522 182
478 475 629 519 ἀσινέα
658 476 700 527 ἐς
731 475 953 533 Κυρήνην.
1007 475 1209 533 Ἀνέθηκε
1239 477 1284 520 δὲ
1316 477 1388 520 καὶ
1418 477 1677 534 ἀναθήματα
1706 477 1728 522 ὁ

300 541 423 582 donaria

181 577 423 636 raeciaeiigille'i'il

348 647 421 669 tem-

148 677 227 711 plum
248 675 324 709 quod
336 675 421 702 Lindi

148 713 194 736 est
211 709 368 735 Minervae

151 742 245 769 Danai

1128 559 1258 598 τοῦτο
1289 556 1391 610 μὲν,
1442 556 1485 607 ἐς
1522 556 1732 612 Κυρήνην

479 632 649 688 ἄγαλμα
687 633 919 689 ἐπίχρυσον
965 633 1216 690 Ἀθηναίης,
1270 635 1344 678 καὶ
1383 635 1528 679 εἰκόνα
1567 635 1732 678 ἑωυτοῦ

478 716 626 769 γραφῇ
656 714 934 769 εἰκασμένην·
982 716 1114 756 τοῦτο
1146 712 1191 756 δὲ
1210 746 1223 765 ,
1274 717 1328 770 τῇ
1358 714 1403 758 ἐν
1433 715 1578 772 Λίνδῳ
1603 712 1732 770 Ἀθη-

479 792 581 847 ναίῃ
613 791 692 835 δύο
723 808 766 836 τε
796 791 1019 848 ἀγάλματα
1049 793 1222 844 λίθινα,
1262 792 1335 835 καὶ
1372 792 1555 849 θώρηκα
1593 795 1789 836 λίνεον95

452 868 763 926 Ξοῖξιοθὲητον·
806 875 935 915 τοῦτο
973 868 1031 922 δ’,
1073 870 1116 922 ἐς
1143 870 1299 926 Σάμον
1336 876 1388 929 τῇ
1418 870 1534 930 Ἥρῃ
1565 871 1735 923 εἰκόνας

478 948 645 992 ἑωυτοῦ
676 951 882 1005 διφασίας
912 951 1106 1002 ξυλίνας,
1147 953 1191 993 αἳ
1229 951 1276 994 ἐν
1305 954 1365 1007 τῷ
1394 955 1486 1010 νηῷ
1514 956 1574 1010 τῷ
1605 950 1733 1008 μεγά-

478 1033 540 1088 λῳ
582 1028 763 1084 ἱδρύατο
804 1028 865 1072 ἔτι
902 1029 975 1072 καὶ
1013 1028 1061 1071 τό
1103 1029 1248 1084 μέχρις
1288 1030 1410 1083 ἐμεῦ,
1455 1030 1609 1073 ὄπισθε
1647 1034 1735 1073 τῶν

449 1108 664 1164 3θυρέων.
711 1107 754 1158 ἐς
783 1106 861 1163 μέν
888 1124 973 1151 νυν
1003 1105 1160 1163 Σάμον
1200 1105 1383 1164 ἀνέθηκε
1423 1108 1532 1152 κατὰ
1573 1110 1732 1163 ξεινίην

476 1187 556 1243 τὴν
585 1188 752 1232 ἑωυτοῦ
779 1202 822 1230 τε
851 1187 924 1231 καὶ
955 1185 1259 1242 Πολυκράτεος
1287 1192 1366 1231 τοῦ
1390 1187 1593 1238 Αἰάκεος·
1627 1189 1668 1238 ἐς
1688 1187 1734 1230 δὲ

424 1406 478 1442 bit
495 1406 598 1442 vultu
618 1410 718 1442 extra
738 1407 852 1443 urbem
869 1418 977 1453 verso,
997 1407 1071 1444 sive

424 1465 628 1510 spectantem
688 1463 764 1499 loca
831 1463 1037 1500 suburbana.
1051 1464 1074 1481 ‘⁶

432 1517 697 1566 Wesselz'ng.

566 1647 596 1681 C
610 1658 631 1682 a
643 1659 679 1696 p.
712 1646 934 1683 CLXXXII.

510 1725 642 1766 εἰκόνα
659 1751 713 1755 —-
738 1731 878 1782 γραφῇ
901 1728 1076 1779 εἰκασμέ-

425 1786 528 1834 νην]
561 1785 598 1820 id
620 1789 696 1822 est:
727 1787 912 1833 imaginem
930 1785 1077 1834 pictur&

425 1841 675 1887 assimilatam,
706 1846 745 1877 ut
768 1842 889 1879 reddit
909 1842 1073 1890 Schwgh.

427 1897 535 1933 Conf.
555 1910 664 1947 supra
683 1896 716 1933 ΙΙ
729 1928 739 1945 ,
760 1899 825 1938 73.
883 1898 1076 1935 Caeterum

427 1953 495 1989 hoc
514 1966 556 1989 ex
573 1953 650 1989 loco
671 1953 718 1989 G.
736 1953 934 1990 Hermann.
959 1955 1076 2002 (cuius

426 2009 542 2045 locum
590 2004 782 2058 adscripsit
834 2009 864 2046 C
880 2023 929 2046 r..·
988 2011 1078 2048 iiber

426 2064 604 2102 Boeckh’s
628 2065 804 2102 Behandl.
837 2067 872 2103 d.
900 2066 1078 2103 Inschrist.

425 2133 511 2170 pag.
533 2123 634 2170 203)
671 2121 875 2166 concludit,
921 2124 991 2159 iam
1019 2123 1077 2159 illa

427 2180 549 2214 aetate
580 2178 739 2227 privatos
773 2178 936 2215 homines
963 2192 1079 2228 aeque

428 2245 470 2269 ac
487 2246 593 2281 reges
614 2247 697 2270 suas
709 2234 885 2282 imagines
898 2239 1079 2272 statuasve

431 2289 672 2326 elaborandas
687 2303 831 2327 curasse
850 2290 1001 2339 aliisque
1014 2292 1079 2327 ho-

429 2345 524 2381 noris
547 2347 649 2394 quasi
676 2358 784 2383 causa
804 2348 971 2385 donasse.
1002 2348 1078 2384 Sed

429 2401 545 2438 iudice
563 2401 724 2439 Boeckh.
751 2404 807 2449 (in
833 2417 929 2454 corp.
954 2405 1078 2440 inscrr.

429 2457 579 2494 Graece.
600 2457 635 2504 l,
654 2459 680 2498 3
711 2471 747 2508 p.
766 2460 867 2507 872)
895 2472 980 2497 cave
1003 2473 1080 2497 cre-

431 2513 496 2548 das
523 2514 559 2548 in
590 2514 733 2563 publico
766 2519 904 2551 statuas
939 2517 1078 2567 positas

432 2582 513 2604 esse
532 2569 577 2605 ab
598 2569 768 2608 Amaside
787 2571 935 2608 Graecis
966 2573 1001 2608 in
1033 2572 1081 2609 ci-

429 2625 621 2671 vitatibus,
651 2639 729 2663 cum
760 2626 943 2675 religionis
973 2640 1081 2665 causa

430 2678 506 2714 illas
531 2681 566 2716 in
588 2682 722 2731 templa
745 2683 926 2720 dicaverit.
945 2707 998 2710 —
1024 2683 1080 2721 De

433 2735 572 2771 thorace
604 2736 720 2783 lineo,
760 2739 860 2775 euius
885 2740 1007 2776 statim
1038 2740 1079 2776 sit

433 2791 591 2837 montio,
622 2795 714 2829 cous.
739 2795 874 2830 Herod.
895 2796 963 2842 ΙΙΙ,
979 2799 1030 2836 47
1043 2800 1078 2833 et

433 2846 523 2882 Pliu.
544 2847 577 2882 h.
599 2860 632 2883 u.
652 2849 752 2895 mx,
780 2853 812 2889 1.

1199 1409 1246 1460 τῇ
1292 1407 1335 1447 ἐν
1381 1408 1519 1460 Λίνδῳ
1570 1403 1789 1460 Ἀθηναίῃ]

1143 1464 1254 1501 Haud
1281 1465 1516 1513 praetermitti
1545 1464 1675 1510 debet,
1714 1464 1792 1501 Da-

1144 1520 1291 1566 naidas‚
1322 1533 1417 1568 quae
1437 1519 1728 1569 Thesmophoria
1754 1520 1789 1556 in

1146 1576 1335 1611 Graeciam
1364 1576 1603 1612 introduxisse
1632 1576 1793 1612 seruntur

1146 1631 1227 1678 (Il,
1252 1634 1384 1678 171),
1431 1632 1617 1669 Minervae
1646 1643 1792 1680 quoque

1145 1700 1246 1723 sacra
1273 1687 1568 1735 antiquissimam
1588 1687 1709 1723 Lindo
1737 1688 1792 1723 iu-

1145 1743 1306 1779 stituisse
1328 1743 1410 1787 dici,
1428 1756 1470 1779 ex
1482 1743 1649 1792 Aegypto
1669 1747 1704 1779 et
1715 1744 1794 1791 qui-

1147 1799 1231 1835 dem
1264 1811 1308 1835 ex
1349 1799 1437 1835 urbe
1465 1799 1549 1846 Sal,
1588 1799 1640 1834 uti
1666 1799 1793 1848 opinor

1144 1854 1248 1900 (nam
1269 1855 1417 1903 insignis
1437 1855 1525 1891 haec
1546 1855 1628 1890 urbs
1648 1855 1793 1903 religio-

1145 1911 1248 1947 nibus
1269 1911 1373 1947 lsidis
1386 1910 1521 1948 -Neith
1534 1924 1561 1947 s.
1573 1910 1791 1960 Minervae),

1146 1966 1214 2003 huc
1236 1967 1343 2004 allata
1370 1972 1406 2004 et
1438 1967 1522 2003 inde
1553 1980 1618 2017 per
1649 1980 1792 2005 omnem

1147 2023 1336 2060 Graeciam
1357 2029 1572 2073 propagata.
1630 2022 1710 2061 Nec
1729 2024 1793 2060 ab·

1145 2079 1300 2125 horret,
1335 2080 1435 2128 quod
1472 2079 1517 2115 ab
1557 2080 1636 2129 ipso
1664 2079 1794 2116 Danao

1147 2135 1319 2184 templum
1341 2136 1523 2172 conditum
1534 2135 1693 2171 nonnulli
1707 2137 1794 2172 scri-

1147 2192 1248 2228 bunt.
1307 2191 1387 2227 Vid.
1405 2191 1556 2228 Diodor.
1578 2191 1613 2237 l,
1635 2192 1702 2236 58,
1731 2192 1792 2229 ubi

1145 2247 1256 2284 multa
1277 2249 1324 2284 de
1352 2248 1420 2284 hoc
1436 2247 1568 2296 templo
1596 2248 1641 2284 W
1644 2247 1794 2285 esselin-

1147 2304 1237 2352 gius.
1297 2304 1373 2340 Sed
1395 2304 1526 2340 Strabo
1545 2303 1629 2340 xlv
1655 2317 1690 2354 p.
1712 2304 1793 2345 655

1148 2373 1175 2396 s.
1196 2362 1289 2405 967,
1310 2360 1341 2395 C
1371 2359 1601 2397 Herodotum
1620 2360 1794 2409 sequitur,

1148 2429 1255 2464 quem
1290 2416 1444 2452 eundem
1482 2417 1574 2452 conf.
1616 2416 1671 2462 ll,
1704 2418 1792 2456 107.

1153 2475 1225 2512 171
1255 2472 1339 2520 ibiq.
1359 2476 1433 2508 not.
1492 2471 1600 2509 Plura
1626 2472 1794 2509 Creuzer.

1149 2529 1185 2564 in
1206 2527 1366 2575 Symbol.
1390 2528 1421 2563 ll
1451 2540 1485 2577 p.
1510 2529 1590 2568 683
1612 2541 1714 2576 seqq.
1740 2548 1795 2555 —-

1149 2583 1207 2620 Ad
1226 2579 1385 2630 ἱδρύατο
1405 2584 1497 2620 cous.
1509 2583 1636 2620 Matth.
1652 2584 1715 2620 Gr.
1729 2584 1793 2620 Gr.

1149 2653 1184 2690 p.
1207 2641 1301 2680 378.
1360 2640 1400 2675 ln
1420 2652 1522 2689 seqq.
1545 2652 1623 2677 cum
1644 2644 1794 2677 recentt.

1149 2696 1233 2733 dedi
1252 2690 1494 2747 ἱδρύσασθαι
1514 2709 1580 2746 pro
1593 2695 1794 2746 ἱδρῦσθαι.

1147 2773 1201 2779 -
1231 2750 1289 2788 Ad
1323 2747 1563 2803 προσχόντας
1598 2753 1691 2789 conf.
1722 2755 1794 2788 not.

1146 2810 1192 2845 ad
1217 2808 1253 2854 I,
1276 2812 1311 2848 2.
