1909 3228
491 232 574 272 242

900 224 1360 265 HERODOTI

492 341 580 382 τῶν
608 336 768 381 ἀλλέων
794 335 967 379 πασέων
994 334 1227 389 παιγνιέων
1254 334 1306 376 τὰ
1336 334 1472 385 εἴδεα,
1502 333 1615 390 πλήν
1643 345 1737 377 πεσ-

494 421 593 461 σῶν.
651 415 816 459 τούτων
843 415 926 471 γάρ
957 409 1018 458 ὧν
1046 412 1125 470 τήν
1163 410 1377 467 ἐξεύρεσιν
1414 411 1496 455 οὐκ
1526 415 1739 469 οἰκηιοῦν-

465 504 562 539 5ται
590 495 741 539 Λυδοί.

804 494 966 537 ποιέειν
1004 493 1050 536 δὲ
1079 487 1189 543 ὦδε,
1224 491 1335 546 πρὸς
1362 489 1439 534 τὸν
1466 491 1594 546 λιμὸν
1623 492 1736 544 ἐξευ-
1750 497 1792 530 71

495 575 667 630 ρόντας·
714 571 794 628 τήν
828 573 906 628 μὲν
944 570 1092 626 ἑτέρην
1129 574 1219 614 τῶν
1253 568 1443 626 ἡμερέων
1471 570 1635 622 παίζειν
1662 573 1739 614 πᾶ-

497 664 602 702 σαν,
642 651 714 693 ἵνα
745 649 796 706 δή
827 649 885 706 μὴ
926 649 1111 705 ζητέοιεν
1141 649 1275 692 σιτία·
1323 648 1403 705 τὴν
1433 649 1479 692 δὲ
1504 647 1653 704 ἑτέρην
1680 658 1741 691 σι-

493 730 687 779 τέεσθαι,
717 727 991 784 παυομένους
1018 731 1106 770 τῶν
1132 727 1378 784 παιγνιέων.
1431 726 1618 786 τοιούτῳ
1647 724 1744 782 τρό-

467 816 563 864 6πῳ
593 805 757 862 διάγειν
785 805 846 850 ἐπ’
874 807 966 850 ἔτεα
995 808 1116 850 δυῶν
1144 806 1299 850 δέοντα
1328 808 1475 850 εἴκοσι.
1505 805 1595 850 ἐπεί
1623 821 1667 850 τε
1696 805 1743 850 δὲ

440 957 568 1006 quibus
598 956 645 993 ad
670 955 865 994 ludendum
894 956 1086 993 utebantur

438 1018 588 1050 veteres.
647 1013 810 1055 Quorum
846 1013 1085 1050 inventionem

439 1068 552 1117 Lydis
581 1082 661 1105 eum
701 1069 835 1106 tribuat
861 1069 1084 1115 Herodotus,

439 1123 613 1161 Athenaei
641 1125 677 1160 in
703 1124 1002 1175 vituperationem
1028 1125 1083 1160 in-

439 1181 568 1227 currit,
597 1180 632 1227 l,
656 1181 707 1222 15
729 1193 815 1231 pag.
829 1183 901 1229 19,
916 1180 948 1217 A
962 1210 972 1228 ‚
997 1181 1082 1230 quia

439 1236 498 1273 isti
515 1236 588 1273 Iudi
611 1237 723 1274 multo
746 1237 877 1274 suerint
902 1237 1083 1286 antiquio-

439 1305 517 1340 res,
547 1291 684 1343 quippe
701 1293 784 1330 belli
813 1292 965 1330 Troiani
992 1299 1083 1331 tem-

439 1361 529 1398 pore
562 1349 634 1384 iam
668 1349 800 1386 usitati.
858 1349 990 1398 Neque
1019 1362 1083 1386 ne-

439 1404 619 1452 gandum,
675 1405 826 1442 inveniri
872 1405 944 1441 iam
985 1405 1085 1454 apud

438 1460 638 1496 Homerum
661 1461 755 1510 pilae
793 1464 829 1497 et
856 1460 1009 1498 talorum
1031 1461 1084 1497 lu-

438 1528 517 1552 sum
563 1514 686 1562 (cons.
725 1516 860 1563 Odyss.
889 1516 960 1563 Vl,
992 1519 1083 1558 100.

438 1570 541 1617 VIII,
563 1573 656 1613 372.
688 1571 726 1608 II.
743 1571 888 1619 XXIII,
911 1574 998 1621 88),
1019 1573 1085 1610 sed

437 1623 575 1678 κύβων
594 1627 812 1666 mentionem
828 1629 960 1665 frustra
974 1642 1086 1677 quae-

438 1696 497 1719 ras
515 1684 613 1733 apud
632 1684 785 1721 eundem
797 1712 807 1730 ,
828 1688 867 1720 ut
886 1684 971 1721 nihil
990 1690 1086 1723 certe

438 1738 632 1788 impediat,
691 1740 884 1789 posteriori
932 1741 1086 1792 tempori

438 1806 561 1830 eorum
595 1794 837 1832 inventionem
868 1797 1085 1834 adscribere.

435 1848 519 1886 vid.
532 1849 783 1888 Hemsterhus.
796 1852 843 1888 ad
862 1851 997 1890 Polluc.
1019 1853 1086 1900 IX,

437 1907 502 1946 97.
561 1905 672 1949 Quod
700 1907 747 1943 ad
774 1906 926 1957 pilarum
961 1908 1085 1945 ludum

436 1962 585 2009 attinet,
615 1963 690 2000 eius
712 1963 952 2002 inventionem
982 1965 1086 2002 Nau-

436 2017 556 2054 sicaae
572 2018 944 2069 tribueratArogalIiS‚
961 2034 1083 2070 gram-

436 2072 585 2109 maticus
603 2073 839 2122 Corcyraeus.
878 2077 961 2114 vid.
979 2077 1081 2114 Suid.

437 2141 468 2165 s.
485 2140 518 2164 v.

467 2202 469 2205 ·
491 2180 596 2232 πλήν
621 2186 802 2232 πεσσῶν]
833 2185 971 2226 πεσσοὶ
999 2190 1083 2224 sunt

438 2239 590 2288 calculi,
616 2244 774 2292 ψῆφοι,
813 2243 874 2291 qui
897 2256 971 2280 non
996 2243 1082 2280 iaci-

436 2300 567 2344 untur,
598 2302 638 2334 ut
668 2297 751 2344 tali,
783 2300 848 2336 sed
867 2300 1081 2347 digeruntur

436 2351 473 2389 in
494 2352 596 2390 lineis
615 2365 659 2391 ac
677 2354 936 2404 disponuntur,
949 2355 1081 2393 deinde

435 2414 633 2446 moventur.
690 2409 822 2460 Neque
856 2411 965 2459 igitur
1002 2423 1082 2447 ver-

435 2464 561 2502 nacule
592 2465 817 2503 reddendum
846 2466 1081 2516 Wiirselspiel

436 2519 500 2566 (id
526 2521 625 2569 quod
640 2521 722 2558 talis
744 2523 833 2571 fit),
870 2523 937 2560 sed
959 2522 1082 2559 Brett-

435 2574 531 2623 spz'el.
588 2576 677 2613 Eius
710 2583 829 2616 autem
855 2578 928 2616 ludi
958 2579 1082 2617 inven-

435 2631 568 2669 tionem
595 2633 703 2681 vulgo
728 2633 913 2673 Palamedi
946 2635 1083 2672 adscri-

437 2684 551 2729 bunt3
596 2689 668 2734 qua
692 2689 739 2727 de
773 2703 813 2728 re
853 2691 974 2728 omnia
1004 2692 1081 2727 sere

437 2739 580 2789 collegit
599 2741 892 2783 Hemsterhusius
910 2746 933 2783 l.
954 2746 976 2783 l.
998 2746 1082 2793 „De

437 2807 524 2832 voce
552 2797 684 2835 πεττοί
723 2799 873 2848 elusque
901 2799 1081 2848 significa-

438 2851 536 2888 tione
569 2853 795 2902 potissimum
843 2855 1081 2893 conserendus

1153 955 1326 995 Timaeus
1340 957 1376 995 in
1395 955 1516 995 Lexic.
1537 955 1678 994 Platon.
1704 969 1733 993 s,
1765 969 1797 994 v.

1153 1017 1189 1049 et
1204 1014 1364 1051 eiusdem
1378 1014 1604 1050 doctissimus
1622 1013 1800 1062 interpres

1151 1081 1237 1119 pag.
1257 1071 1376 1111 217.“
1421 1069 1488 1106 Cr.

1209 1120 1282 1164 οὐκ
1302 1125 1548 1176 οἰκηϊοῦνται
1559 1122 1704 1170 Λυδοί]
1730 1124 1801 1161 Su-

1152 1193 1219 1231 pra
1247 1182 1285 1229 1,
1311 1182 1355 1222 4:
1388 1181 1583 1221 οἶκειεῢν
1596 1195 1680 1230 ται,
1722 1193 1801 1218 eum

1152 1239 1251 1286 apud
1278 1238 1382 1276 Iones
1414 1239 1450 1275 in
1471 1238 1612 1283 verbis,
1643 1248 1739 1286 quae
1764 1236 1801 1273 in

1153 1321 1207 1345 οω
1241 1309 1393 1352 exeunt,
1422 1305 1570 1355 saepius
1601 1304 1803 1342 inveniatur

1153 1391 1216 1423 ευ,
1246 1377 1305 1413 ubi
1336 1375 1443 1424 vulgo
1473 1390 1520 1414 ov
1554 1387 1597 1412 ex
1625 1390 1668 1415 οε
1693 1387 1724 1411 s,
1755 1389 1801 1413 oo

1152 1437 1373 1469 contractum
1412 1431 1623 1468 invenimus.
1691 1430 1800 1467 Conf.

1152 1488 1282 1525 Matth.
1318 1486 1355 1538 ἓ.
1383 1487 1435 1529 51
1465 1500 1551 1537 pag.
1585 1488 1688 1533 119,
1740 1487 1802 1536 qui

1152 1545 1252 1595 quod
1269 1545 1339 1581 hoc
1366 1543 1444 1580 loco
1468 1543 1601 1592 legitur
1628 1543 1706 1581 coll.
1737 1542 1802 1590 lv,

1155 1614 1235 1656 148
1248 1642 1258 1661 ,
1291 1614 1337 1651 ad
1358 1614 1490 1650 formas
1509 1614 1608 1651 verbi
1626 1614 1663 1651 in
1688 1627 1728 1653 εο
1744 1626 1803 1651 re-

1154 1671 1239 1708 ferri
1258 1683 1368 1721 posse
1389 1670 1613 1720 suspicatur,
1638 1668 1802 1719 quamvis

1154 1727 1251 1764 nulla
1264 1739 1380 1764 rerum
1399 1726 1558 1776 ipsarum
1577 1726 1732 1775 vestigia
1742 1738 1804 1763 oc-

1154 1786 1309 1820 currant.

1209 1837 1359 1877 ποιέειν
1380 1835 1421 1877 δὲ
1443 1831 1605 1877 ὦδε-
1626 1834 1800 1890 ἐξευρόν-

1153 1897 1245 1942 τας]
1279 1889 1356 1933 ὦδε
1382 1895 1460 1932 Ioco
1485 1895 1708 1945 pronominis
1735 1892 1800 1929 de-

1152 1952 1378 1988 monstrativi
1428 1952 1586 2001 positum
1640 1948 1802 1993 videtur,

1153 2008 1255 2056 quod
1274 2008 1369 2045 idem
1399 2007 1435 2044 in
1454 2004 1633 2044 Pausania
1662 2004 1724 2053 (Ι,
1745 2007 1796 2046 21

1152 2062 1189 2114 ἓ.
1213 2065 1267 2112 6)
1298 2065 1435 2100 notavit
1471 2060 1659 2108 Siebelis„
1694 2059 1799 2097 huius

1149 2119 1217 2156 loci
1237 2131 1310 2156 non
1331 2119 1527 2155 immemor.

1207 2183 1357 2238 διάγειν
1389 2180 1446 2226 ἐπ’
1481 2184 1566 2224 ἔτεα
1602 2184 1709 2224 δυῶν
1741 2182 1799 2224 δὲ-

1153 2258 1247 2283 οντα
1269 2241 1418 2292 εἴκοσι]
1449 2242 1557 2281 δυῶν
1577 2242 1633 2288 (in
1651 2254 1724 2290 quo
1744 2245 1800 2278 ta-

1148 2313 1230 2337 men
1251 2299 1362 2336 libros
1389 2298 1501 2337 secuti
1522 2298 1707 2335 omisimus
1727 2297 1800 2334 iota

1150 2356 1392 2405 subscriptum
1409 2354 1517 2403 vulgo
1539 2353 1720 2398 additum)
1739 2352 1799 2390 Io-

1149 2425 1236 2448 num
1266 2415 1322 2448 est
1356 2424 1423 2462 pro
1452 2411 1588 2457 δυοῖν,
1625 2413 1665 2445 ut
1688 2421 1800 2460 supra

1149 2467 1188 2514 1,
1213 2466 1263 2508 14
1284 2467 1437 2517 aliisque
1458 2467 1569 2512 Iocis,
1599 2478 1691 2514 quos
1703 2465 1799 2502 indi-

1148 2531 1206 2560 cat
1225 2522 1402 2561 Matthiae
1431 2521 1468 2574 §.
1492 2523 1572 2564 138
1597 2534 1682 2572 pag.
1702 2523 1797 2567 262,

1149 2581 1211 2629 qui
1232 2580 1330 2617 idem
1363 2578 1399 2630 ἓ.
1422 2579 1499 2621 141
1530 2591 1615 2629 pag.
1638 2578 1718 2619 265
1750 2576 1798 2614 de

1150 2636 1361 2673 numerandi
1382 2636 1522 2672 ratione
1535 2663 1545 2682 ,
1575 2644 1646 2682 qua
1666 2636 1703 2670 et
1728 2632 1797 2670 hoc

1151 2696 1187 2729 et
1206 2692 1282 2728 aliis
1303 2691 1389 2728 locis
1406 2691 1543 2729 Noster
1563 2689 1692 2735 utitur,
1721 2688 1797 2726 dis-

1150 2749 1270 2784 seruit.
1330 2746 1425 2782 Nam
1461 2744 1706 2793 duodeviginti
1730 2756 1796 2780 an-

1149 2813 1275 2838 norum
1294 2814 1481 2839 numerum
1497 2801 1687 2838 Herodoto
1701 2799 1794 2836 iudi-

1149 2857 1221 2893 cari
1253 2857 1375 2906 liquet.
1433 2856 1487 2895 Ac
1523 2857 1678 2907 denique
1705 2867 1794 2894 eun-

1808 413 1861 455 49
