1877 3223
444 235 500 275 58
844 233 1310 272 HERODOTI

419 340 668 396 5προϊέντα,
707 343 849 398 ψυχὴν
885 343 930 386 δὲ
966 342 1321 399 παραιτεόμενον.
1361 343 1507 386 οὔκων
1543 343 1596 399 δή
1635 344 1720 386 πεί-

442 427 540 464 θειν
571 419 709 464 αὐτὸν
735 420 950 464 τούτοισι·
993 421 1100 466 ἀλλὰ
1138 421 1326 466 κελεύειν
1363 422 1467 472 τούς
1495 421 1720 477 πορθμέας

441 498 471 556 ἢ
499 498 633 543 αὐτὸν
662 502 922 556 διαχρᾶσθαί
949 518 1040 556 μιν,
1082 500 1141 553 ὠς
1181 502 1238 545 ἂν
1266 504 1407 557 ταφῆς
1435 499 1481 543 ἐν
1512 505 1567 558 γῇ
1596 500 1765 557 vimmo

417 578 470 636 σῆ
507 579 701 637 ἐκπηδᾷν
738 580 780 631 ἐς
822 579 901 636 τήν
939 580 1169 623 θάλασσαν
1200 580 1280 636 τὴν
1308 581 1520 635 ταχίστην.
1551 578 1719 636 ἅπειλη·

437 658 574 701 θέντα
618 657 663 701 δὲ
701 657 779 703 τὸν
813 658 983 714 Ἀρίονα
1024 660 1066 711 ἐς
1103 659 1309 716 ἀπορίην,
1356 657 1719 714 παραιτήσασθαι,

437 736 583 792 ἐπειδή
632 747 711 792 σφι
759 737 873 782 οὕτω
911 740 1079 793 δοκέοι,
1129 737 1356 795 περιϊδέειν
1404 736 1540 781 αὐτόν
1578 737 1625 780 ἐν
1667 739 1721 791 τῇ

439 819 574 872 σκευῇ
625 813 744 873 πάσῃ
795 816 955 862 στάντα
1003 820 1050 864 ἐν
1103 824 1216 863 τοῖσι
1262 819 1501 870 ἑδωλίοισι,
1558 814 1719 860 ἀεῖσαι·

396 1012 512 1049 Gaisf.
550 1012 820 1062 anteposuimus
858 1012 1043 1049 meliorum

395 1067 564 1106 librorum
585 1069 808 1105 auctoritate.
822 1090 876 1097 —
892 1070 950 1107 De
963 1069 1042 1107 δια-

395 1127 569 1174 χρᾶσθαι
601 1125 844 1176 (z'nterficere)
888 1126 981 1163 conf.
1014 1125 1044 1173 I,

398 1183 478 1221 110
499 1181 583 1229 ibiq.
601 1186 676 1218 not.

452 1232 719 1287 ἀπειληθέντα
742 1235 784 1275 δὲ
807 1234 874 1277 τὸν
889 1232 1047 1288 Ἀρίονα

393 1290 435 1338 ἐς
457 1288 655 1344 ἀπορίην]
686 1295 708 1330 i.
732 1307 763 1332 e.
790 1295 982 1341 „Arionem
1000 1294 1048 1330 ad

394 1348 458 1387 Ιιαε
476 1353 663 1397 angustias
682 1364 710 1387 s.
724 1350 771 1387 ad
788 1351 876 1387 lianc
894 1353 1047 1399 inopiam

393 1405 620 1442 redactmn.“
661 1401 881 1445 οἷπειλέω
916 1407 967 1442 uti
1003 1401 1045 1444 ἆ-

394 1462 538 1500 πείλλω
559 1463 688 1499 eadem
709 1462 888 1512 primitiva
907 1462 1045 1499 volven-

393 1518 454 1565 di,
492 1518 667 1565 vertendi,
704 1519 787 1556 dein
813 1519 1044 1568 compellendi,

393 1575 571 1611 coercendi
586 1575 848 1624 significatione
861 1605 870 1622 ,
890 1576 1045 1612 iliustra-

392 1636 542 1679 verunt,
571 1635 741 1668 monente
762 1631 792 1668 C
797 1645 839 1679 r„
852 1632 1044 1669 Ruhnken.

393 1692 504 1736 atque
533 1687 778 1726 Hemsterhus.
811 1691 859 1726 ad
901 1689 1044 1725 Timaei

393 1743 484 1781 Lex.
507 1744 650 1781 Platon.
677 1757 712 1794 p.
736 1747 789 1785 69
807 1759 890 1795 sqq.
928 1745 1045 1781 Hein-

393 1800 488 1837 dorf.
508 1802 555 1836 ad
577 1801 719 1837 Platon.
743 1801 859 1850 Gorg.
889 1816 925 1852 p.
948 1802 1042 1842 259.

392 1854 490 1893 Add.
512 1856 641 1893 Matth.
655 1855 690 1907 ἓ.
711 1857 795 1896 233
813 1863 887 1895 not.
900 1872 935 1908 p.
951 1857 1043 1898 455-

448 1911 660 1963 περιὶᾶέειν
673 1907 790 1951 αὐτὸν
803 1913 844 1953 ἐν
862 1917 911 1967 τῇ
924 1916 1047 1967 σκευῇ

391 1980 501 2022 πασῃ
526 1980 672 2007 σταντα
693 1968 734 2007 ἐν
756 1973 858 2008 τοῖσι
873 1969 1045 2009 ἑδωλίοι-

393 2039 452 2073 σι,
479 2008 634 2075 ἀεῖσαι]
665 2023 723 2060 Ad
743 2027 1045 2063 constructionem

391 2082 483 2128 loci,
512 2082 737 2130 ubi1)1··aete1
759 2095 894 2119 morem
923 2082 1043 2119 infini-

391 2138 484 2174 tivus
502 2138 612 2174 verbo
634 2140 920 2189 περιορᾶσθαι,
944 2139 1043 2188 quod

394 2194 492 2231 idem
514 2193 608 2229 valet
639 2198 747 2242 atque
770 2193 864 2242 ἐᾶν,
895 2195 1040 2231 additus

394 2254 470 2297 est,
491 2251 585 2288 cons.
606 2249 735 2286 Matth.
758 2249 793 2300 ἓ.
811 2252 893 2291 550
907 2255 979 2288 not.
1002 2253 1039 2290 3.

394 2305 552 2342 Vocibus
599 2304 642 2343 ἐν
687 2307 737 2358 τῇ
776 2309 898 2359 σκευῇ
934 2302 1041 2360 πάσῃ

393 2374 536 2398 omnem
563 2361 759 2398 solemnem
789 2364 976 2410 poetarum
1007 2367 1043 2399 et

394 2418 680 2455 citharoedarum
702 2422 866 2453 ornatum
887 2419 932 2454 ab
964 2418 1042 2454 Hc—

394 2474 524 2510 rodoto
545 2473 693 2522 exprimi
724 2478 845 2510 monet
877 2474 956 2517 Cr..
981 2474 1041 2522 qui

393 2529 518 2567 laudat
552 2530 738 2577 mamb.
778 2531 824 2566 ad
863 2530 1039 2566 Plutarch.

393 2584 798 2623 Moral.Animadve1-ss.
822 2587 847 2633 Ι,
860 2589 932 2636 21).
944 2588 1037 2627 982.

393 2642 644 2680 Hemsterhus.
703 2644 749 2678 ad
795 2642 942 2679 Lucian.
1004 2642 1036 2678 11

393 2712 429 2749 p.
453 2701 530 2740 371
566 2711 622 2747 sq.
653 2698 710 2736 cd.
741 2698 822 2749 Bip.
870 2699 1036 2749 Inprimis

393 2768 478 2792 vero
504 2755 560 2791 hic
587 2754 715 2791 stolam
746 2755 838 2792 illam
862 2756 1037 2793 citharoe-

394 2811 519 2848 darum
538 2811 585 2846 ad
605 2811 695 2847 tales
714 2824 831 2859 nsque
852 2812 1037 2862 pertinen-

391 2871 463 2906 tem
473 2896 484 2916 ‚
495 2867 594 2905 cuius
614 2880 744 2905 nomen
757 2863 1037 2920 ὄρθοσταόίας,

1111 1008 1376 1065 ὄρθοστοίδιος
1406 1024 1435 1049 s,
1467 1009 1511 1050 τό
1530 1004 1763 1063 ὀρθοστάδι-

1112 1084 1178 1116 ον,
1197 1068 1390 1117 significari
1411 1068 1533 1106 credo,
1590 1067 1648 1104 De
1677 1079 1764 1115 qua,

1113 1126 1242 1164 eodem
1269 1125 1335 1161 Cr.
1355 1128 1524 1161 monente
1540 1153 1550 1171 ,
1571 1123 1662 1160 conf.
1679 1122 1764 1158 Pol-

1111 1183 1171 1219 lux
1211 1183 1400 1219 onomast.
1434 1179 1500 1216 Vll
1515 1209 1525 1227 ‚
1566 1181 1633 1220 48.
1691 1179 1764 1216 Dio

1116 1239 1267 1275 Cassius
1288 1237 1429 1283 Lxlll,
1455 1239 1506 1276 17
1527 1249 1563 1286 p.
1582 1235 1762 1283 999ibiq,

1114 1299 1190 1331 not.
1247 1294 1417 1331 Lorentz.
1440 1292 1460 1329 l.
1482 1292 1503 1328 l.
1525 1305 1612 1342 pag.
1636 1295 1688 1332 12
1717 1292 1765 1328 (le

1114 1354 1242 1387 ornatu
1284 1354 1467 1386 cantorum
1500 1353 1661 1385 veterum
1687 1347 1763 1383 lau-

1114 1408 1177 1443 dat
1191 1407 1328 1454 Gierig.
1343 1406 1389 1441 ad
1400 1405 1506 1443 Ovid.
1520 1403 1762 1453 Metamorph.

1112 1463 1188 1510 IX,
1212 1464 1302 1503 165.
1322 1463 1370 1498 ad
1386 1462 1487 1498 Fast.
1508 1461 1563 1507 ΙΙ,
1588 1460 1682 1500 105-
1703 1459 1763 1496 Ad

1112 1531 1235 1556 vocem
1257 1514 1378 1567 σκευή
1391 1546 1401 1564 ,
1431 1530 1525 1566 quae
1550 1517 1695 1553 omnino
1716 1515 1764 1552 de

1111 1576 1270 1612 vestibus
1314 1574 1525 1611 histrionum
1568 1573 1764 1623 praecipue

1111 1636 1324 1681 usurpatur,
1371 1630 1466 1667 idem
1520 1629 1584 1666 Cr.
1623 1630 1764 1666 confert

1111 1688 1274 1725 l’icrson.
1297 1691 1386 1723 nott.
1409 1687 1456 1722 ad
1477 1686 1593 1723 Moer.
1624 1698 1659 1734 p.
1683 1687 1761 1728 223

1112 1746 1159 1781 ad
1179 1757 1252 1781 rem
1274 1744 1390 1793 ipsam
1410 1742 1603 1792 adscripsit
1630 1743 1762 1790 poctae

1111 1801 1227 1837 locum
1250 1801 1348 1850 apud
1377 1798 1537 1835 Mallium
1570 1797 1605 1833 Τ
1607 1797 1760 1834 hendor.

1113 1858 1159 1894 de
1180 1857 1302 1893 metris
1318 1870 1353 1906 p.
1377 1857 1450 1896 30:
1473 1854 1634 1901 „Celsus
1651 1865 1760 1902 equ0‚

1114 1912 1305 1950 Phoenicia
1329 1915 1421 1949 veste
1441 1912 1559 1948 nitens
1573 1939 1584 1957 ‚
1617 1910 1692 1946 ibat
1708 1908 1761 1945 A-

1111 1971 1231 2016 rion‚“
1252 1970 1298 2005 (le
1310 1982 1382 2018 quo
1394 1968 1588 2006 Ruhnken.
1602 1967 1759 2016 Opuscc.

1110 2026 1144 2062 Π
1176 2040 1213 2076 p.
1239 2028 1322 2067 712
1350 2025 1408 2061 ed.
1441 2024 1547 2062 Leid.
1588 2021 1759 2061 ἕδωλί·

1112 2097 1132 2120 ο
1149 2094 1220 2120 ισι
1267 2082 1395 2118 merito
1442 2080 1564 2131 plures
1603 2079 1759 2116 retinent

1109 2139 1215 2175 codd.
1246 2143 1282 2175 et
1308 2137 1523 2173 novissimae
1559 2135 1758 2172 editiones:

1110 2190 1290 2231 ἕδώλοισι
1309 2206 1328 2228 e
1356 2192 1522 2228 Mcdiceo
1552 2191 1642 2228 libro
1665 2191 1758 2228 male

1108 2254 1227 2286 tuetur
1254 2248 1480 2285 G1·«›n›xius:
1521 2252 1607 2283 sunt
1637 2252 1758 2284 autem

1110 2301 1275 2352 ἕδωλια,
1296 2305 1419 2340 seddi«
1444 2317 1473 2341 5.
1499 2319 1546 2342 τα
1567 2305 1638 2353 τῆς
1658 2317 1758 2350 νεως

1110 2358 1226 2412 ζυγα,
1279 2355 1342 2409 ἐφ
1371 2362 1426 2398 ὠν
1458 2360 1499 2398 οἵ
1533 2359 1756 2410 ἐρέσσοντες

1109 2416 1212 2455 καθέ
1217 2420 1368 2464 ζοιται,
1405 2422 1444 2453 ut
1470 2418 1502 2451 G
1508 2416 1626 2453 lossae
1654 2421 1755 2453 xete-

1108 2488 1186 2513 res:
1217 2474 1317 2523 plura
1346 2474 1445 2509 dabit
1471 2472 1673 2509 Blomfield.
1716 2472 1753 2508 in

1109 2531 1270 2566 Closs-ar.
1290 2532 1335 2567 ad
1353 2529 1519 2577 Aeschyl.
1540 2529 1577 2564 S.
1590 2543 1619 2565 c.
1633 2527 1752 2566 Theb.

1107 2588 1203 2627 451.
1260 2586 1315 2623 Ex
1344 2585 1553 2634 Etymolog.
1590 2585 1750 2624 Gudian.

1106 2656 1142 2692 p-
1186 2646 1286 2689 161,
1342 2645 1392 2682 13
1448 2642 1511 2678 Cr.
1557 2642 1647 2678 haec
1685 2641 1752 2677 ad-

1105 2699 1267 2748 scripsit:
1300 2694 1441 2737 ἑδώλια
1469 2697 1534 2736 ἐπὶ
1552 2713 1634 2736 των
1657 2712 1749 2736 ναυ-

1103 2758 1224 2793 τικῶν
1253 2755 1482 2806 καθεδρῶν·
1531 2769 1638 2805 παρα
1675 2768 1750 2806 γαρ

1104 2814 1176 2849 τοῦ
1197 2811 1265 2858 ἕζω
1286 2809 1555 2876 ζυγᾶκυρίως,
1586 2807 1748 2861 εἶτατης

1104 2864 1197 2918 νηὸς
1217 2864 1326 2920 ζυγα.
