1909 3228
266 230 351 268 910
737 228 1316 267 EXCURSUSVI

266 344 393 378 merat.
448 340 577 389 Zo‘ega
593 345 719 378 contra
738 340 784 376 de
804 340 969 377 obeliscc.
998 351 1082 389 pag.
1108 338 1190 380 264
1215 344 1328 388 negat
1358 353 1493 390 operae
1517 342 1672 392 pretium
1697 355 1778 379 esse

264 408 445 456 inquirere
462 408 498 444 in
520 408 695 456 originem
715 419 953 456 caussamque
970 408 1100 453 moris,
1130 407 1190 456 qui
1212 420 1284 443 non
1306 407 1418 444 solum
1437 409 1536 458 apud
1563 407 1778 459 Aegyptios,

265 476 330 512 sed
349 475 446 524 apud
468 475 664 525 permultos
684 486 750 524 per
770 474 975 511 universum
1006 477 1180 510 terrarum
1206 475 1330 512 orbem
1352 475 1506 525 populos
1528 476 1679 512 diffusus
1698 478 1776 514 sne-

263 542 319 579 rit.
351 541 428 592 [Tu
449 543 554 588 vide,
588 554 683 590 quae
705 541 784 590 ipse
815 553 896 577 eam
925 541 961 576 in
981 553 1057 577 rem
1087 541 1232 590 collegit
1261 547 1297 579 et
1317 543 1413 580 adde
1431 543 1556 579 Zachii
1577 543 1776 594 geograph.

263 610 485 660 ephemerid.
508 611 638 655 1806,
664 609 677 645 I
708 621 745 658 p.
774 607 856 658 54]
917 607 1196 656 Verumtamen,
1237 614 1276 646 ut
1300 609 1461 648 Aeneam
1494 610 1681 648 Gazaeum
1713 611 1777 659 (in

262 675 506 727 Theophrast.
541 690 577 726 p.
602 678 655 716 68
677 688 754 723 seq.
788 676 846 711 ed.
868 675 979 725 Casp.
998 676 1143 724 Barth.)
1171 680 1333 725 taceam,
1364 678 1411 714 ad
1440 676 1633 725 religiones
1655 676 1779 726 Aegy-

260 744 417 794 ptiorum
440 744 519 794 ipse
536 756 602 780 nos
620 743 775 779 advocat
796 742 967 780 historiae
984 748 1088 793 pater
1109 744 1181 790 Ill,
1204 746 1254 784 16
1267 772 1276 790 ,
1296 756 1375 780 cum
1396 756 1514 792 neque
1533 745 1617 793 igne
1639 745 1778 782 absumi

261 824 437 861 corpora,
468 825 533 848 nec
553 811 733 847 vermibus
754 810 881 847 confici
905 823 967 848 eos
989 811 1145 848 voluisse
1166 815 1361 857 memoret,
1393 815 1429 848 et
1451 813 1567 860 magis
1583 814 1690 850 etiam
1708 812 1777 849 hoc

262 879 343 928 ipso
365 879 505 927 capite,
535 878 596 916 ubi
618 890 759 915 sacrum
781 878 1007 916 simulacrum
1022 891 1044 915 a
1063 880 1279 916 cadaverum
1299 879 1547 916 conditoribus
1566 893 1634 930 pro
1658 892 1778 917 exem-

259 946 322 997 plo
346 946 571 996 propositum
596 959 677 983 esse
708 946 828 982 refert.
889 946 965 984 Sed
987 948 1134 995 quando
1168 946 1359 996 religiones
1385 948 1556 994 dicimus,
1587 946 1692 997 plura
1717 959 1777 983 co-

259 1014 366 1063 gitari
387 1016 560 1064 possunt,
591 1026 686 1063 quae
714 1014 829 1063 probe
851 1014 1109 1063 distinguenda
1133 1018 1226 1051 sunt.
1285 1014 1382 1051 Nam
1411 1017 1566 1065 primum
1595 1014 1713 1064 potuit
1740 1015 1775 1050 in

258 1094 389 1118 caussa
414 1082 525 1119 fuisse
555 1081 781 1130 migrationis
811 1081 1010 1118 animarum
1037 1086 1109 1119 tam
1141 1082 1269 1119 efficax
1303 1083 1478 1119 doctrina.
1555 1081 1680 1131 Atque
1710 1082 1778 1119 hoc

258 1150 377 1199 ipsum
400 1152 559 1198 arguunt
580 1149 785 1186 Herodotei
806 1148 872 1185 loci
892 1149 949 1197 Il,
974 1151 1053 1191 123
1083 1154 1193 1199 atque
1225 1150 1378 1188 Diodori
1400 1150 1435 1198 Ι,
1457 1153 1509 1192 91
1541 1164 1621 1188 cum
1650 1155 1776 1188 nostro

258 1216 337 1253 loco
357 1216 497 1263 collati3
526 1216 693 1254 videlicet
714 1217 885 1265 quoniam
908 1230 953 1255 ex
971 1217 1069 1266 vulgi
1090 1218 1261 1268 opinione
1292 1218 1410 1255 anima
1438 1219 1598 1256 defuncti
1618 1219 1665 1257 ab
1686 1219 1778 1256 infe-

260 1284 314 1321 lici
337 1285 425 1322 orbe
447 1285 674 1334 migrationis
700 1285 834 1321 diutius
862 1285 1077 1323 retineretur
1108 1287 1201 1323 circa
1225 1286 1406 1335 integrum
1436 1288 1592 1325 cadaver
1622 1286 1777 1324 libenter

258 1352 361 1401 quasi
383 1365 621 1390 commorans.
670 1353 784 1389 Cuius
808 1353 859 1389 rei
879 1357 978 1390 recte
1004 1354 1194 1390 admonuit
1222 1366 1339 1404 nuper
1365 1356 1471 1392 etiam
1495 1354 1693 1402 Lauthius,
1724 1355 1777 1391 vir

257 1421 387 1457 doctus
407 1421 442 1457 in
467 1420 614 1458 histoire
636 1421 682 1459 de
705 1420 912 1457 l’anatomie
930 1425 1018 1457 tom.
1038 1420 1053 1456 Ι
1083 1434 1120 1471 p.
1145 1424 1181 1462 9.
1251 1421 1351 1459 Alius
1378 1436 1530 1461 caussae
1554 1424 1774 1461 mentionem

258 1487 369 1524 iniicit
391 1487 477 1525 Tib.
498 1488 796 1526 Hemsterhusius
819 1489 866 1525 ad
895 1488 1047 1525 Luciani
1067 1489 1243 1538 Necyom.
1277 1491 1323 1526 lll
1354 1504 1438 1540 pag.
1462 1491 1544 1531 356
1567 1491 1665 1541 Bip.,
1695 1504 1774 1527 cum

258 1555 364 1602 dicit:
402 1560 476 1602 „ut
508 1553 557 1592 ne'
588 1560 672 1605 post
700 1556 837 1592 obitum
866 1557 1013 1604 quidem
1050 1558 1316 1594 carissimorum
1352 1558 1544 1607 pignorum
1579 1563 1773 1608 conspectu

258 1623 524 1673 privarentur.“
582 1622 629 1659 Et
657 1636 788 1673 reapse
815 1623 883 1660 huc
911 1636 977 1659 nos
1003 1629 1147 1661 revocat
1176 1626 1253 1674 ipse
1281 1624 1492 1662 Herodotus
1521 1626 1573 1673 ll,
1594 1628 1668 1673 78,
1700 1638 1773 1674 quo

257 1690 336 1726 loco
359 1691 538 1727 cadavera
572 1691 608 1726 in
632 1692 721 1727 arcis
749 1692 891 1741 pictura
915 1693 1097 1728 exornatis
1121 1693 1167 1728 ad
1194 1692 1458 1741 Aegyptiorum
1483 1693 1644 1729 convivia
1670 1693 1773 1729 adhi-

259 1758 333 1794 bita
353 1762 487 1795 narrat,
545 1758 710 1795 Pertinet
742 1759 832 1796 haec
859 1772 915 1795 res
943 1760 990 1795 ad
1018 1772 1121 1795 sacra
1149 1764 1311 1795 veterum
1343 1760 1559 1809 populorum
1583 1760 1772 1809 gentilitia.

257 1825 310 1862 Ac
328 1838 437 1874 quam
457 1825 529 1862 vim
550 1825 709 1863 habeant
728 1825 842 1863 cultus
862 1827 1114 1863 defunctorum
1139 1828 1238 1878 apud
1258 1828 1396 1877 priscos
1418 1828 1594 1879 populos,
1623 1829 1772 1866 orientis

257 1894 432 1941 maxime,
463 1892 649 1944 sepultura
668 1894 704 1930 in
725 1894 876 1931 aedibus
896 1894 952 1932 vel
971 1896 1007 1931 in
1025 1895 1155 1932 vicinia
1177 1896 1320 1932 aedium
1333 1926 1343 1943 ‚
1375 1896 1524 1934 inferiae
1556 1897 1661 1933 statis
1679 1902 1772 1934 tem-

256 1962 405 2011 poribus
428 1965 620 2012 peractae,
649 1962 729 1998 iura
747 1960 934 2009 Manium,
963 1963 1074 2011 igitur
1093 1963 1182 2000 haec
1202 1964 1324 2000 omnia
1341 1977 1448 2013 quam
1468 1968 1688 2014 potestatem
1705 1964 1771 2002 ha-

257 2030 367 2067 beant
384 2029 421 2066 in
444 2029 657 2066 familiarum
680 2042 802 2075 sacra,
831 2031 885 2066 ius
909 2031 1121 2078 gentilitium
1141 2033 1308 2081 adeoque
1324 2032 1596 2080 hereditarium,
1616 2032 1772 2070 breviter

255 2098 320 2134 sed
351 2099 458 2136 docte
499 2110 616 2147 nuper
644 2097 871 2134 adumbravit
901 2098 1106 2136 Bunsenius
1134 2101 1180 2137 de
1208 2101 1283 2138 iure
1311 2100 1464 2138 heredit.
1494 2099 1768 2138 Atheniensium

254 2178 290 2215 p.
310 2168 400 2206 122.
460 2165 580 2209 Quam
609 2166 645 2202 in
668 2179 744 2203 rem
767 2165 872 2215 plura
902 2166 1067 2203 dicentur
1092 2167 1186 2204 infra
1208 2169 1256 2204 ad
1288 2169 1466 2205 Herodot.
1486 2167 1558 2215 Vl,
1581 2169 1634 2208 68
1663 2180 1767 2217 seqq.

256 2232 334 2269 coll.
364 2232 402 2279 I,
433 2236 485 2274 67
517 2246 594 2283 seq.
653 2233 763 2271 Nunc
793 2234 862 2271 hoc
888 2247 997 2271 unum
1026 2235 1210 2283 adiiciam,
1249 2236 1331 2272 hinc
1355 2236 1506 2284 intelligi
1537 2248 1648 2285 posse
1675 2248 1769 2284 quae

255 2300 546 2350 peregrinatores
587 2306 873 2339 commemorant
901 2303 947 2340 de
977 2303 1172 2352 sepulchris
1200 2304 1248 2340 ad
1286 2304 1428 2341 moenia
1458 2304 1630 2353 ipsasque
1657 2305 1767 2342 aedes

257 2369 477 2405 Graecorum
510 2369 673 2417 urbium,
713 2369 956 2417 Athenarum,
993 2371 1183 2419 Corinthi,
1213 2372 1495 2420 Syracusarum,
1535 2371 1686 2409 aliarum
1710 2384 1768 2409 re-

255 2437 389 2485 pertis,
418 2437 516 2474 unde
532 2449 621 2474 vasa
641 2437 702 2474 illa
728 2442 899 2475 eruuntur
921 2439 1143 2489 picturarum
1161 2440 1208 2475 ad
1229 2439 1421 2488 religiones
1442 2439 1664 2489 antiquiores
1682 2453 1768 2490 per-

255 2504 446 2541 tinentium
472 2505 610 2553 largam
637 2517 792 2542 messem
818 2506 1061 2544 exhibentia.“
1109 2507 1290 2556 Equidem
1315 2507 1348 2544 h.
1379 2507 1402 2545 l.
1433 2511 1574 2544 tantum
1602 2508 1765 2544 adiiciam

255 2572 401 2608 uomina
421 2585 565 2619 eorum,
585 2573 646 2621 qui
663 2577 749 2611 ante
771 2574 992 2612 Creuzerum
1011 2575 1056 2612 de
1073 2575 1287 2613 cadaverum
1309 2576 1604 2613 medicandorum
1624 2576 1766 2613 ratione

256 2644 500 2688 exposuerunt
522 2640 764 2689 peculiaribus
786 2655 829 2679 ex
856 2646 961 2693 parte
982 2642 1256 2693 scriptionibus:
1289 2642 1441 2693 Caylus:
1472 2643 1537 2680 des
1560 2643 1766 2680 embaume-

257 2710 373 2743 ments
393 2707 456 2742 des
478 2707 611 2757 Egypt.
642 2709 800 2755 (liistoir.
823 2710 870 2746 de
901 2710 1028 2747 l'acad.
1052 2711 1087 2747 d.
1117 2711 1221 2748 inser.
1249 2715 1273 2747 t.
1293 2711 1449 2757 XXllI).
1509 2710 1675 2747 Rouelle:
1706 2723 1766 2747 sur

258 2773 308 2811 les
330 2774 633 2812 embaumements
658 2781 723 2813 etc.
755 2778 909 2823 (liistoir.
931 2779 977 2815 de
992 2778 1117 2815 l'acad.
1135 2779 1201 2816 des
1220 2780 1349 2816 scienc.
1373 2778 1488 2815 Paris.
1503 2778 1609 2818 1750
1628 2791 1664 2828 p-
1685 2779 1763 2818 123

257 2842 392 2893 seqq).
451 2841 697 2881 Blumenbacl«.
728 2846 915 2896 (Giitting.
948 2846 1095 2895 Magaz.
1117 2847 1143 2883 l.
1174 2847 1345 2896 Beitriige
1365 2859 1430 2883 zur
1449 2844 1690 2894 Naturgesch.
1713 2844 1761 2893 Ι).
