1909 3228
482 229 566 269 674

895 223 1365 263 HERODOTI

483 333 652 390 μάτων,
682 333 795 390 πλὴν
827 336 1097 390 λιβανωτοῦ,
1138 331 1404 390 πλήσαντες,
1445 332 1804 389 συῤῥάπτουσι45

457 411 634 457 ὃόπίσω.
692 416 831 456 ταῦτα
876 412 922 456 δὲ
960 411 1237 467 ποιήσαντες,
1285 413 1563 468 ταριχεύουσι
1591 415 1745 470 λίτρῳ,

429 619 572 673 μένης]
641 619 828 669 Myrrham
879 614 1083 669 οἷκήρατον

429 679 544 724 hanc,
588 677 610 713 i.
637 690 668 713 e.
711 689 837 726 puram
856 704 867 723 ,
906 676 1083 713 illibatam

429 734 554 782 (conf.
585 733 757 770 Creuzeri
783 732 905 770 laudd.
937 733 985 770 ‹le
1014 733 1084 770 hae

428 791 537 839 voce)
565 790 768 826 Creuzerus
796 789 817 825 l.
844 789 865 825 l.
899 792 1085 839 comparat

430 861 510 885 eum
533 859 597 893 eo,
628 847 732 895 quod
758 845 795 881 in
813 845 931 883 Exod.
949 848 1017 891 30,
1030 846 1083 887 23

430 903 563 940 dicitur
594 899 724 949 ἄνθος
762 897 942 953 σμύρνης
982 901 1085 941 ἐκλε-

429 962 540 1010 κτῆς,
562 959 584 996 i.
602 971 634 997 e.
648 958 870 1009 (explicante
882 958 1085 1006 Michaele)

431 1029 558 1054 succus
587 1015 753 1065 myrrhae
782 1018 899 1064 sponte
921 1016 1085 1066 fluentis,

430 1086 552 1122 neque
573 1073 747 1109 incisione
768 1071 889 1120 aliqua
912 1072 1084 1117 eductus3

430 1129 494 1179 qui
512 1129 597 1166 inde
619 1129 667 1165 sit
687 1129 917 1177 generosior,
935 1141 978 1166 ex
987 1127 1086 1165 Afri-

431 1198 495 1224 cae
529 1185 695 1223 nimirum
725 1184 916 1222 arbuscula
945 1184 1085 1222 acacia-

430 1255 509 1279 rum
533 1241 708 1280 consimili
730 1254 916 1279 emanans.
973 1240 1085 1278 Plura

431 1300 521 1336 citat
559 1299 762 1336 Creuzerus
789 1297 812 1335 l.
840 1298 888 1345 l.,
924 1298 1086 1346 itemque

431 1356 606 1392 admonet
626 1354 768 1403 Evang.
790 1354 915 1391 Ioann.
939 1356 1084 1402 19‚39,

432 1412 494 1448 ubi
514 1411 660 1460 myrrha
678 1411 882 1448 condiendo
905 1410 985 1448 Iesu
1004 1424 1086 1447 cor-

432 1468 513 1519 pori
534 1467 695 1504 inservit.
725 1468 808 1510 Quo
823 1468 870 1504 de
889 1466 1085 1504 locouber-

433 1525 523 1560 rime
543 1523 742 1572 disputavit
771 1523 809 1559 in
835 1522 925 1560 Plin.
950 1535 1085 1560 exerce.

433 1579 653 1624 Salmasius3
694 1582 731 1616 et
753 1579 965 1615 mumiarum
995 1592 1087 1627 quo-

434 1648 506 1684 que
539 1635 758 1672 mentionem
799 1636 850 1671 ita
888 1635 974 1672 fecit
992 1662 1003 1681 ‚
1050 1639 1089 1671 ut

434 1691 626 1728 discrimen
635 1695 855 1728 monstraret
875 1691 967 1728 inter
979 1703 1089 1728 exen-

434 1751 551 1785 terata
571 1748 748 1784 cadavera
767 1746 1033 1797 Aegyptiorum
1053 1750 1089 1784 et

434 1803 607 1854 pollincta
637 1804 889 1840 tantummodo
913 1832 924 1851 ‚
966 1802 1088 1852 qualia

435 1860 534 1911 apud
554 1859 707 1897 Iudaeos
727 1861 839 1897 suere.

493 1914 559 1954 καὶ
578 1915 741 1965 κασίης,
771 1914 838 1954 καὶ
855 1917 937 1954 τῶν
958 1912 1088 1953 ἄλλων

436 1968 686 2022 θυωμάτων]
729 1973 943 2009 Herodotea
971 1973 1088 2009 cassia

437 2034 491 2066 est
510 2029 628 2067 κασία
650 2025 785 2081 σύριγξ
808 2043 836 2066 s,
850 2030 964 2065 cassia
973 2029 1087 2078 fistu-

437 2086 474 2123 la
515 2085 714 2134 (canelle)
751 2090 787 2123 et
814 2098 900 2123 vero
930 2087 1088 2123 sortasse

437 2142 559 2179 laurus
588 2144 705 2179 cassia
746 2142 855 2179 Linn.
895 2141 1088 2179 consimilis

437 2201 664 2237 cinnamomo
676 2202 695 2246 ¹,
725 2211 798 2248 quo
825 2199 905 2248 ipso
942 2199 1090 2235 condita

437 2254 702 2305 Aegyptiorum
748 2256 925 2292 cadavera
968 2255 1091 2304 prodit

436 2311 621 2349 Diodorus
637 2312 659 2348 l.
680 2312 703 2349 l.
761 2311 845 2348 Vid.
865 2311 1005 2348 Herod.
1028 2310 1092 2357 Ill,

443 2370 535 2408 107·
558 2370 636 2408 110
659 2372 695 2406 et
715 2368 885 2405 Creuzeri
906 2366 1091 2404 laudd.——-

438 2419 588 2474 θύωμα
609 2425 655 2461 ab
676 2437 741 2470 e0,
773 2424 872 2473 quod
893 2424 1092 2469 antecedit,

437 2481 627 2531 θυμίημα
642 2481 789 2517 nonnisi
804 2481 919 2516 forma
934 2480 1093 2527 differre,

441 2541 539 2574 recte
575 2541 700 2574 monet
725 2536 921 2573 Ruhnken.
951 2537 999 2573 ad
1023 2535 1092 2573 Ti-

439 2594 532 2630 maei
560 2593 626 2630 lex.
649 2593 741 2630 Plat.
768 2607 803 2643 p.
834 2592 924 2634 143.
983 2591 1091 2630 Adde

440 2648 528 2685 alios
548 2662 569 2686 a
591 2649 775 2687 Creuzero
800 2649 988 2696 laudatos,
1017 2662 1090 2697 quo

442 2708 478 2740 et
505 2705 609 2742 huius
632 2707 730 2743 vocis
768 2710 804 2744 et
839 2705 1089 2742 antecedentis

441 2761 628 2811 θυμίημα
649 2762 837 2812 integritas
860 2762 1090 2810 intelligatur.

442 2813 530 2851 Mox
548 2818 594 2854 de
614 2817 734 2865 thure,
753 2819 854 2868 quod
866 2818 1091 2867 λιβανωτοῦ

443 2871 589 2910 nomine
615 2874 753 2923 intulit,
791 2875 864 2912 vid.
891 2874 965 2922 III,
997 2876 1090 2916 107.

1151 619 1260 657 Plura
1279 617 1363 666 Cr.,
1385 619 1484 657 unde
1515 618 1606 656 haec
1630 618 1805 656 adscribi-

1151 690 1249 713 mus:
1280 676 1456 723 „Elicitur
1473 679 1594 713 autem
1613 687 1656 712 ex
1677 675 1806 713 arbore

1151 733 1324 770 thurifera
1345 761 1357 779 ,
1395 745 1505 782 quam
1549 744 1615 781 pro
1641 729 1806 782 Ium‘pero

1154 788 1348 826 ΡΙιοεηίυίᾶ
1383 803 1410 826 5.
1460 787 1639 838 tleurzferd
1671 788 1807 825 habent

1151 846 1333 893 nonnulli,
1364 858 1489 883 succus
1509 844 1662 895 duplex:
1693 844 1808 882 maior

1153 917 1182 941 5.
1211 905 1416 952 stagonz'as,
1454 906 1491 940 et
1523 902 1640 939 minor
1674 915 1702 938 s.
1729 913 1807 937 oro-

1153 960 1251 1004 bz'as5
1280 960 1351 996 vid.
1371 959 1398 996 I.
1414 959 1463 996 H.
1485 957 1589 995 Voss.
1612 957 1660 994 ad
1680 956 1806 1005 virgil.

1152 1017 1292 1065 Georg.
1321 1015 1375 1064 11,
1415 1017 1509 1056 117.
1551 1013 1678 1064 Eclog.
1708 1013 1806 1061 vlll,

1153 1073 1247 1114 65·“

1208 1122 1462 1179 ταριχεύουσι
1489 1123 1633 1180 λίτρῳ]
1673 1124 1807 1176 λίτρον

1151 1183 1293 1223 Atticos
1322 1185 1442 1221 dicere
1455 1214 1465 1231 ,
1479 1183 1613 1235 νίτρον
1637 1183 1806 1229 seriores,

1151 1246 1276 1279 monet
1291 1241 1428 1279 Moeris
1446 1239 1726 1286 Grammaticus,
1744 1238 1807 1275 ubi

1150 1299 1225 1335 vid.
1246 1298 1410 1336 Piersoni
1429 1300 1505 1334 not.
1527 1309 1613 1347 pag.
1625 1296 1718 1336 246.
1738 1295 1808 1331 Est

1150 1367 1237 1392 vero
1262 1355 1350 1392 satis
1381 1367 1476 1391 nunc
1494 1354 1703 1402 cognitum,
1732 1362 1809 1389 non

1153 1425 1236 1449 esse
1255 1412 1324 1451 hoc
1347 1411 1429 1448 salis
1449 1423 1582 1459 genus,
1604 1409 1670 1446 sed
1692 1408 1807 1454 istud,

1153 1468 1253 1516 quod
1278 1471 1419 1503 matrum
1446 1471 1483 1504 et
1507 1466 1619 1502 alcalz'
1644 1463 1809 1501 mz'nerale

1153 1536 1250 1560 nunc
1268 1535 1440 1560 vocamus
1475 1521 1669 1568 (mineral-
1682 1520 1809 1556 alkali-

1158 1579 1259 1616 sches
1281 1579 1386 1627 Salz)
1400 1607 1410 1625 ,
1441 1579 1542 1627 quod
1561 1578 1668 1613 variis
1695 1577 1731 1613 in
1749 1589 1808 1613 re-

1156 1636 1348 1683 gionibus,
1389 1634 1606 1671 australibus
1638 1645 1807 1683 praeser-

1153 1692 1237 1738 tim,
1263 1692 1463 1737 invenitur,
1489 1695 1525 1727 et
1548 1689 1676 1740 saponi
1694 1689 1809 1727 confi-

1155 1748 1286 1784 ciendo
1320 1747 1494 1793 inservit,
1526 1758 1671 1795 quoque
1697 1745 1809 1782 hodie,

1156 1803 1262 1841 etiam
1284 1816 1352 1853 per
1372 1802 1583 1852 Aegyptum
1602 1802 1712 1839 lintea
1722 1813 1811 1851 pur-

1156 1864 1300 1908 gantur.
1366 1859 1451 1896 Vid.
1484 1858 1519 1895 T
1522 1858 1730 1909 heophrast.
1759 1857 1808 1894 de

1155 1918 1231 1964 ign.
1253 1915 1382 1966 p.434
1404 1915 1634 1963 (Schneider.
1655 1913 1810 1963 Eclogg.

1155 1973 1278 2023 phySS.
1312 1986 1348 2022 p.
1372 1971 1452 2013 154
1483 1976 1519 2009 et
1538 1976 1627 2009 nott.
1646 1982 1732 2020 pag.
1753 1972 1808 2011 90

1155 2029 1242 2077 ibiq.
1280 2029 1504 2066 Beckmann.
1544 2028 1592 2065 ad
1625 2025 1809 2064 Aristotel.

1155 2085 1234 2122 mir.
1267 2098 1383 2122 auscc.
1409 2084 1493 2121 LIV
1519 2098 1555 2135 p.
1583 2086 1660 2125 111
1692 2088 1728 2120 et
1760 2082 1809 2119 ad

1155 2141 1330 2190 Antigon.
1352 2141 1483 2178 Carist.
1505 2154 1541 2191 p.
1563 2142 1656 2181 216.
1694 2139 1808 2176 Cuius

1157 2197 1269 2248 ipsius
1290 2211 1369 2235 cum
1390 2197 1487 2233 nulla
1509 2197 1572 2233 fiat
1596 2196 1695 2246 apud
1714 2195 1808 2233 Dio-

1158 2255 1285 2291 dorum
1329 2253 1489 2299 mentio,
1534 2265 1655 2302 neque
1701 2252 1810 2289 etiam

1159 2311 1234 2347 eius
1254 2314 1390 2347 certum
1407 2309 1599 2357 vestigium
1613 2309 1647 2345 in
1667 2308 1810 2344 mumiis

1160 2367 1317 2403 chemiea
1337 2365 1585 2416 exploratione
1601 2364 1810 2415 perquisitis

1159 2427 1358 2473 appareat,
1388 2422 1601 2459 dubitarunt
1621 2421 1685 2457 viri
1712 2420 1810 2457 docti

1159 2492 1228 2516 nec
1244 2479 1441 2528 quidquam
1462 2479 1549 2515 certi
1574 2477 1810 2529 pronuntiare

1157 2535 1358 2572 voluerunt.
1416 2535 1493 2572 Sed
1519 2533 1726 2585 nuperrime
1754 2536 1811 2570 te-

1158 2596 1274 2629 status
1297 2596 1351 2630 est
1380 2591 1682 2629 Blumenbachius
1706 2589 1811 2637 (Bei-

1156 2650 1260 2698 trage
1280 2662 1310 2685 z.
1331 2647 1574 2696 Naturgesch.
1594 2647 1627 2684 ll
1645 2658 1730 2697 pag.
1743 2645 1809 2687 58.

1159 2707 1212 2746 87
1230 2718 1260 2742 s·
1282 2705 1381 2753 113)
1402 2718 1441 2742 se
1460 2704 1553 2741 natri
1576 2703 1673 2740 haud
1692 2702 1809 2739 ambi-

1157 2774 1230 2810 gua
1251 2761 1288 2797 in
1300 2761 1536 2798 cadaveribus
1546 2758 1810 2809 Aegyptiorum

1157 2818 1345 2855 medicatis
1360 2818 1515 2866 vestigia
1525 2816 1735 2861 offendisse,
1745 2826 1809 2850 ne-

1157 2886 1231 2924 que
1248 2886 1393 2912 carnem
1411 2873 1539 2921 solum,
1556 2883 1681 2911 verum
1700 2869 1809 2908 etiam
