1909 3228
433 236 518 278 636

846 234 1314 275 HERODOTI

432 350 486 404 τῇ
516 348 689 390 ἑωυτῶν
719 345 892 389 ἕκαστοι
919 343 1020 388 πόλι
1044 344 1263 388 θάπτουσι
1293 345 1340 388 ἐν
1369 346 1484 403 ἱρῇσι
1512 344 1687 405 θήκῃσι.

404 425 495 478 3053
523 426 569 469 δὲ
599 424 740 476 αὕτως
775 428 872 482 τῇσι,
902 425 1001 468 κυσὶ
1031 426 1075 468 οἱ
1102 425 1292 480 ἰχνευταὶ
1319 422 1573 470 θάπτονται.
1612 428 1687 478 τὰς

376 635 473 672 dium
496 633 644 671 Metam.
674 632 720 680 V,
747 635 828 675 329
849 632 929 670 coll.
949 629 1027 669 An-

375 695 450 728 ton.
469 689 593 727 Liber.
617 693 762 728 metam.
785 689 857 727 sab.
875 691 928 731 28
950 692 1026 725 tra-

374 747 488 784 ditum
509 746 682 796 legimus,
717 748 822 784 deam
844 747 880 782 in
900 758 1025 796 pugna

376 802 572 853 Typhonia
601 817 641 842 se
661 804 700 841 in
718 803 826 842 felem
850 804 1025 840 transfor-

373 872 505 898 masse.

428 913 497 963 τοῖς
512 913 554 955 δὲ
575 911 700 963 κύνας
729 915 773 955 ἐν
794 916 846 970 τῇ
865 913 1024 953 ἒωυτῶν

375 971 531 1012 ἕκαστοι
550 989 584 1012 κ.
604 988 635 1011 τ.
657 975 702 1020 L]
724 973 846 1010 Canes
864 984 1022 1021 quoque,

373 1043 524 1079 quarum
554 1031 625 1067 iam
656 1031 791 1067 mentio
821 1029 875 1076 ll,
904 1031 957 1069 66
984 1029 1022 1065 in

372 1088 456 1133 fin.,
486 1088 523 1124 in
559 1088 667 1124 sacris
698 1087 924 1123 habebantur
946 1085 1023 1122 ani-

370 1144 545 1191 malibus,
581 1157 647 1181 nec
675 1143 835 1179 infimum
866 1142 935 1179 illic
961 1155 1023 1178 oc-

371 1201 554 1250 cupabant
580 1200 697 1237 locum
728 1204 880 1250 propter
910 1199 1022 1235 ratio-

370 1270 436 1294 nes
469 1257 750 1303 astronomicas,
791 1269 881 1305 quas
912 1255 1021 1291 modo

370 1314 568 1362 attigimus.
633 1313 837 1360 „Proxime
884 1313 1021 1358 monui,

370 1383 392 1406 a
411 1370 595 1420 solis,per
613 1370 717 1418 signa
738 1369 826 1407 coeli
847 1369 1023 1417 insignio-

370 1439 410 1463 ra
432 1427 606 1473 meantis,
637 1439 758 1462 annuo
779 1426 866 1462 orbe
893 1425 960 1462 hac
983 1425 1021 1462 in

370 1495 410 1519 re
433 1483 593 1532 pendere
612 1483 773 1532 plurima.
813 1481 936 1517 Solem
957 1494 1022 1517 au-

369 1543 442 1576 tem
461 1538 653 1589 Aegyptiis
676 1538 860 1575 Osiridem
888 1538 1020 1573 dictum

370 1608 451 1632 esse
472 1608 581 1645 supra
601 1595 799 1631 docuimus.
838 1594 919 1631 Hoc
941 1593 1019 1629 loco

368 1651 456 1687 illud
483 1652 677 1688 addamus:
714 1650 893 1687 Osiridem
925 1649 1018 1686 sola-

369 1721 444 1744 rem
490 1707 710 1756 appellatum
745 1720 826 1744 esse
857 1706 1017 1754 Σείριον

369 1764 484 1811 (conf.
511 1763 688 1799 Plutarch.
719 1763 765 1799 de
796 1763 837 1798 ls.
867 1767 903 1799 et
919 1763 1015 1799 Osir.

367 1833 404 1870 p.
427 1823 509 1860 372
535 1833 562 1855 s.
594 1819 674 1859 525
700 1819 918 1866 W'yttenb.)
975 1818 1016 1855 In

369 1877 498 1913 eodem
551 1874 647 1912 Sirio
683 1875 847 1912 habitare
887 1875 1018 1911 Isidem

369 1933 477 1970 etiam
506 1932 686 1968 docebant
713 1930 885 1980 Aegyptii
926 1931 1016 1978 (vid.

367 1988 636 2038 inscriptionem
679 1988 779 2037 apud
815 1987 1018 2024 Diodorum

367 2045 428 2082 lib.
446 2045 461 2081 l
482 2047 624 2094 cap.27
643 2058 678 2094 p.
691 2046 743 2085 31
766 2044 1019 2092 wesseling).

366 2101 540 2138 Habebat
577 2105 696 2138 autem
724 2100 884 2137 canicula
914 2101 1017 2137 binas

366 2157 488 2195 stellas
519 2171 609 2208 prae
637 2157 764 2195 ceteris
795 2157 1018 2206 splendidas,

366 2214 515 2251 alteram
534 2215 569 2250 in
592 2214 729 2264 capite,
761 2226 867 2262 quam
886 2214 1018 2251 Isidem

366 2272 573 2317 vocabant,
620 2271 656 2307 in
710 2270 834 2318 lingua
870 2270 1018 2307 alteram

368 2327 462 2364 Sz‘rz'i
488 2328 633 2364 nomine
659 2327 836 2375 insignem
867 2326 1019 2374 (confer

364 2383 550 2421 Iablonsk.
571 2383 700 2420 Panth.
723 2383 814 2432 Aeg.
844 2382 874 2419 ll
906 2397 941 2433 p.
963 2382 1016 2423 34

367 2441 502 2488 seqq).
560 2440 635 2477 Iam
659 2453 765 2477 nemo
792 2439 926 2486 nescit,
957 2452 1017 2476 ca-

366 2496 504 2533 niculae
551 2497 653 2546 quasi
703 2496 887 2533 dominum
936 2507 1017 2533 esse

366 2552 556 2589 Anubz'clem
568 2582 579 2600 ,
610 2553 684 2589 sive
703 2551 940 2598 BIercurium,
958 2565 1017 2588 ca-

367 2609 452 2644 nino
473 2609 590 2659 capite
616 2609 785 2659 imposito
806 2607 1014 2653 notabilem,

367 2665 389 2699 i.
418 2678 448 2701 e.
479 2678 559 2701 eum
588 2666 695 2702 deum
713 2694 723 2712 ,
766 2665 826 2713 qui
854 2664 941 2700 Isidi
980 2668 1017 2701 et

369 2720 504 2756 Osiridi
535 2722 571 2756 in
610 2722 706 2757 omni
739 2721 833 2758 vitae
874 2720 1014 2757 actione

367 2775 492 2822 adest,
521 2781 557 2813 et
577 2777 691 2814 necati
709 2777 767 2813 dei
784 2789 916 2826 corpus
941 2780 1014 2813 stu-

368 2831 471 2867 diose
498 2832 643 2880 inquirit
667 2845 709 2870 ac
739 2832 806 2870 rite
830 2832 1014 2869 conditum

368 2886 416 2923 ad
440 2885 563 2924 Nilum
581 2888 710 2926 defert.
766 2888 879 2925 Cuius
892 2888 1013 2938 inqui-

1094 632 1232 670 sitionis
1264 633 1328 670 fidi
1352 633 1455 670 'socii
1495 633 1608 671 fuisse
1634 646 1741 674 canes

1091 690 1311 727 serebantur.
1370 690 1410 726 ln
1429 690 1504 728 eius
1530 691 1582 728 rei
1604 704 1743 729 memo-

1090 747 1180 784 riam
1201 747 1238 782 iu
1256 746 1360 783 Isidis
1380 747 1439 784 die
1460 748 1553 784 festo
1570 760 1744 798 pompam

1091 804 1274 840 ducebant
1290 816 1398 840 canes
1411 833 1420 850 ,
1437 804 1488 840 uti
1506 804 1631 853 prodit
1649 804 1743 842 Dio-

1091 860 1169 896 dor.
1195 860 1305 897 Sicul.
1341 860 1356 897 I
1386 873 1442 910 cp.
1463 862 1528 901 87.
1585 859 1639 898 Ac
1667 861 1743 899 Nili

1090 917 1281 954 crescentis
1301 920 1337 954 et
1356 929 1524 955 annonae
1542 916 1653 955 felicis
1674 919 1740 956 abs

1089 971 1258 1011 Anubide
1300 974 1450 1021 auguria
1480 986 1608 1024 capere
1646 974 1741 1013 sole-

1091 1029 1178 1066 bant
1197 1031 1414 1068 sacerdotes.
1452 1030 1566 1067 Sirius
1588 1031 1740 1081 eiusque

1087 1099 1237 1136 praeses
1258 1087 1344 1123 deus
1364 1086 1520 1123 universi
1540 1087 1625 1124 anni
1646 1101 1741 1124 nun-

1087 1143 1159 1179 tius
1179 1147 1235 1180 est
1261 1143 1417 1180 habitus.
1477 1142 1533 1180 Ab
1559 1157 1602 1181 eo
1632 1144 1741 1193 igitur

1088 1199 1180 1246 deo,
1211 1201 1293 1248 qui,
1331 1203 1510 1248 quatenus
1531 1203 1652 1238 mente
1676 1201 1741 1237 sua

1087 1257 1298 1293 moderatur
1353 1256 1523 1293 inferiora
1595 1257 1741 1303 omnia,

1090 1311 1215 1349 Thoth
1233 1335 1250 1339 -
1270 1312 1426 1349 Hermes
1456 1313 1593 1359 dietus,
1630 1313 1741 1362 igitur

1090 1369 1136 1405 ab
1157 1382 1200 1405 eo
1225 1369 1552 1418 quidquidluminis
1574 1370 1596 1406 i.
1609 1383 1639 1407 e.
1653 1382 1741 1407 con-

1091 1425 1158 1461 silii
1182 1426 1380 1474 salutisque
1407 1426 1442 1462 in
1463 1425 1573 1462 solem
1589 1455 1599 1472 ,
1629 1431 1738 1474 atque

1089 1493 1111 1516 a
1139 1481 1214 1518 sole
1246 1483 1280 1517 in
1310 1481 1448 1528 lunam,
1481 1482 1641 1530 indeque
1662 1495 1739 1518 rur-

1090 1550 1150 1573 sus
1172 1537 1207 1573 in
1229 1542 1361 1574 terram
1380 1538 1556 1584 defluxit,
1588 1539 1625 1574 id
1646 1551 1740 1587 quo-

1086 1594 1206 1630 tannis
1256 1598 1432 1641 tanquam
1479 1607 1521 1631 ex
1570 1594 1740 1643 primario

1086 1650 1187 1686 fonte
1214 1651 1403 1699 repetitur3
1444 1650 1494 1686 ita
1523 1654 1666 1698 tamen,
1696 1655 1738 1688 ut

1084 1704 1165 1754 ipse
1196 1719 1290 1755 quae
1318 1707 1446 1743 mentis
1491 1711 1571 1743 sunt
1607 1708 1738 1758 imper,-

1084 1762 1170 1808 tiat,
1195 1775 1289 1810 quae
1308 1763 1343 1798 in
1364 1763 1610 1799 communibus
1630 1764 1736 1801 bonis

1086 1824 1301 1865 censentur,
1332 1831 1373 1855 ea
1403 1820 1525 1855 omnia
1545 1819 1649 1856 Isidis
1679 1833 1739 1857 ar-

1085 1873 1192 1910 bitrio
1224 1879 1335 1923 atque
1364 1875 1518 1911 Osiridis
1550 1876 1618 1912 sint
1639 1889 1738 1913 com-

1085 1929 1206 1966 missa.
1264 1931 1392 1981 Itaque
1421 1932 1517 1968 idem
1545 1931 1602 1969 ille
1628 1932 1738 1970 latra-

1086 1990 1145 2022 tor
1165 1985 1303 2024 Anubis
1317 2017 1327 2035 ,
1357 1988 1395 2024 in
1412 1988 1501 2025 coeli
1521 1989 1668 2037 fastigio
1693 2002 1736 2026 ac

1087 2044 1189 2091 quasi
1217 2043 1362 2094 specula
1391 2044 1530 2082 locatus
1550 2074 1560 2092 ‚
1599 2045 1738 2094 sagaci-

1085 2103 1160 2136 tate
1190 2101 1255 2136 sua
1280 2100 1463 2150 praecellit
1486 2102 1641 2150 reliquas
1672 2102 1736 2139 be-

1087 2156 1174 2192 stias
1197 2170 1340 2203 omnes,
1371 2157 1470 2193 velut
1500 2158 1735 2206 sagacissima

1085 2212 1201 2248 bestia
1221 2213 1356 2249 canis.“
1368 2213 1539 2250 Creuzer.
1559 2214 1593 2249 in
1605 2227 1733 2250 comm.

1084 2267 1249 2305 Herodd.
1278 2282 1314 2318 p.
1340 2268 1417 2310 149
1451 2283 1527 2318 seq.
1584 2269 1641 2307 De
1669 2270 1736 2306 ho-

1084 2337 1173 2361 nore
1193 2338 1317 2361 camtm
1340 2326 1438 2374 apud
1467 2325 1665 2376 Aegyptios
1688 2327 1732 2363 cs.

1084 2380 1264 2417 Plutarch.
1292 2382 1337 2418 de
1355 2382 1400 2417 ls.
1416 2386 1451 2418 et
1465 2382 1560 2418 Osir.
1584 2396 1618 2432 p.
1639 2383 1734 2429 368,

1083 2435 1114 2473 F
1146 2441 1181 2473 et
1206 2437 1357 2474 Diodor.
1384 2438 1405 2474 l.
1426 2438 1448 2474 l.
1497 2438 1577 2475 lN'ec
1605 2440 1734 2475 mirum

1083 2492 1193 2529 multa
1207 2507 1334 2530 canum
1349 2495 1526 2531 cadavera
1544 2495 1637 2532 bene
1657 2508 1735 2532 me-

1084 2549 1206 2586 dicata
1230 2551 1265 2585 in
1289 2551 1423 2600 cryptis
1447 2552 1558 2587 fuisse
1577 2555 1731 2601 reperta.

1082 2604 1166 2642 vid.
1187 2606 1340 2643 lomard.
1367 2607 1387 2643 l.
1406 2607 1426 2643 l.
1457 2611 1491 2643 et
1510 2608 1613 2657 plura
1633 2607 1733 2657 apud

1082 2661 1297 2699 Reinhardt.
1326 2663 1362 2699 in
1387 2663 1474 2700 diss.
1496 2662 1589 2700 laud.
1622 2676 1657 2713 p.
1681 2662 1731 2704 15

1084 2731 1159 2767 seq.
1218 2718 1324 2768 Apud
1345 2719 1499 2756 Latinos
1528 2719 1610 2756 hinc
1633 2720 1734 2756 inve-

1081 2776 1176 2812 nitur
1196 2775 1345 2812 latrator
1361 2775 1518 2824 Anubis,
1547 2779 1589 2812 ut
1608 2778 1733 2812 monet

1079 2829 1296 2869 Larcherns.

1138 2886 1192 2935 ὥς
1223 2885 1267 2927 δὲ
1297 2883 1426 2935 αὕτως
1451 2888 1544 2941 τῇσι
1569 2883 1662 2926 κυσὶ
1690 2882 1734 2924 οἵ
