1909 3228
475 214 559 253 6138

868 211 1337 251 HERODOTI

476 321 531 365 ἂν
561 318 821 375 ἀπογένηται
850 318 896 361 ἐκ
924 323 1013 362 τῶν
1042 321 1222 375 οἰκηΐων
1260 320 1513 374 ἅνθρωπος,
1557 327 1637 366 τοῦ
1666 339 1731 374 τις

474 402 548 444 καὶ
576 399 703 454 λόγος
732 393 780 453 ᾗ,
812 397 860 440 τό
893 402 1007 454 θῆλυ
1036 398 1161 452 ’γένος
1190 402 1276 441 πᾶν
1302 399 1349 443 τὸ
1382 400 1426 442 ἐκ
1444 406 1530 443 τῶν
1551 403 1729 457 οἰκηΐων

473 477 643 521 τούτων
691 474 787 519 κατ’

445 564 467 597 2
535 557 543 570 ,
616 555 625 569 ,
731 555 741 567 ,
982 555 999 566 ‚1
1159 556 1170 570 ‚
1281 562 1298 568 ι
1401 559 1422 580 ‚¹
1447 559 1456 571 ,
1688 564 1705 570 -

477 574 549 600 και
577 573 625 598 το
656 566 906 608 προσωπον.
942 572 1122 599 καπειτα
1154 573 1199 599 εν
1227 568 1339 599 τοισι
1369 569 1544 600 οιιιιοισι
1574 563 1727 602 λιπου-
1771 559 1850 604 142

832 472 893 519 ὦν
942 477 1153 520 ἐπλάσατο
1193 477 1270 533 τὴν
1307 478 1504 535 κεφαλήν
1547 485 1669 537 πηλῷ
1698 480 1782 538 ἧΞο

473 648 546 678 σαι
568 634 645 678 τὸν
662 634 837 689 νεκρόν,
871 634 997 678 αὐταὶ
1024 634 1107 678 ἀνὰ
1135 634 1214 691 τὴν
1243 635 1372 679 πόλιν
1401 635 1728 692 στρωφώμεναι,

471 713 708 759 τύπτονται
737 714 1044 771 ἐπεζωσμέναι,
1071 715 1144 760 καὶ
1167 716 1406 772 φαίνουσαι
1426 714 1527 767 τοὺς
1545 716 1727 772 μαζούς·

470 951 572 987 τοῖσι
592 943 642 986 ὅὶν
662 942 902 997 ἀπογένηται
927 944 969 986 ἐκ
981 949 1062 986 ταῖν

415 1019 435 1043 ο
450 1003 534 1055 ἷκη
549 1005 639 1043 ΐων
669 1001 908 1054 ἅνθρωπος]
938 1005 1063 1041 Edidit

413 1061 614 1109 Schweigh.
637 1061 765 1110 (quem
787 1060 972 1097 Gaisford.
1005 1074 1063 1098 se-

412 1122 512 1154 cutus
533 1119 606 1166 est)
621 1122 656 1155 et
674 1118 742 1154 hoc
757 1116 836 1153 loco
857 1121 893 1154 et
907 1130 1062 1166 sequen-

411 1174 438 1209 ti
469 1174 649 1213 οἰκίων
680 1187 702 1210 a
735 1169 782 1211 τοὶ
808 1172 934 1218 οἰκία,
967 1187 1062 1222 quae

412 1231 484 1267 sint
504 1230 615 1267 aedes.
665 1230 846 1279 Equidem
868 1231 956 1267 nihil
978 1244 1062 1267 cau-

412 1299 476 1324 sae
502 1288 598 1334 vidi,
637 1301 699 1324 cur
719 1300 741 1324 a
766 1286 933 1334 vulgata,
963 1287 1060 1323 libris

409 1344 565 1393 probata
592 1343 679 1391 (nisi
703 1343 802 1392 quod
833 1356 923 1379 unus
954 1344 1062 1381 affert

411 1398 588 1447 οἰκιέων)
608 1401 842 1437 discederem.
892 1400 1063 1448 Intelligit

409 1456 547 1494 Noster
565 1469 671 1493 unum
691 1469 732 1492 est·
742 1456 1001 1505 Ῑαιηίίι(ιη’,ὁιιε
1018 1469 1060 1492 ea:

403 1511 566 1561 familia.
623 1512 665 1548 In
690 1513 807 1549 verbis
834 1513 1060 1560 subsequen-

408 1568 504 1605 tibus
554 1570 626 1606 τοῦ
662 1583 720 1614 τις
760 1567 827 1606 καὶ
864 1564 978 1619 λόγος
1017 1568 1058 1621 ᾔ,

408 1622 597 1662 WVerferus
619 1624 1057 1672 (actt.1›l1ill.Monacc.l

407 1692 492 1730 pag.
509 1681 610 1728 256)
641 1681 825 1717 desiderat
846 1680 1056 1731 particulam

408 1732 481 1784 ἂν,
511 1741 596 1787 post
611 1739 682 1774 τοῦ
702 1737 944 1783 inserendam,
968 1750 1059 1785 quo-

407 1794 503 1829 niam
529 1793 732 1829 huiusmodi
764 1793 942 1829 sententia
966 1793 1058 1829 rela-

406 1849 478 1885 tiva
509 1862 576 1898 per
606 1849 868 1885 coniunctis-um
901 1849 977 1885 sine
1007 1844 1057 1887 ἂν

407 1905 528 1942 efferri
565 1913 735 1953 nequeat.
801 1905 878 1942 Sed
918 1905 1056 1942 cautius

405 1960 583 1998 Matthiae
605 1961 668 1997 Gr.
694 1962 759 1998 Gr.
783 1959 818 2012 ᾗ.
841 1962 921 2002 527
942 1966 1016 1998 not.
1031 1965 1056 2002 2

404 2017 521 2054 locum
542 2017 597 2054 vel
615 2018 651 2053 in
674 2018 716 2054 iis
742 2019 960 2055 censendum
978 2032 1058 2057 esse

404 2079 529 2124 putat,
568 2074 605 2110 in
625 2075 756 2123 quibus
783 2079 928 2124 praeter
950 2089 1058 2123 regu-

404 2130 475 2167 lam
506 2131 618 2167 rarius
651 2131 837 2167 omittatur
868 2132 1056 2181 particula,

404 2187 460 2224 vel
479 2187 529 2224 ita
548 2186 796 2236 explicandum
809 2217 819 2235 ,
849 2192 887 2224 ut
909 2201 951 2224 ex
971 2202 1056 2237 pro-

404 2244 498 2280 xime
538 2244 834 2281 antecedentibus
880 2244 1054 2295 particula

404 2299 472 2337 huc
499 2312 645 2350 quoque
676 2301 863 2338 referatur.

459 2407 541 2451 κατ’
565 2414 621 2451 ὠν
641 2408 837 2452 επλασατο
851 2427 923 2462 την
935 2427 1055 2461 κεφα-

405 2464 479 2516 Ᾱήν
496 2471 610 2522 πηλῷ
631 2485 656 2519 η
676 2468 743 2507 καὶ
767 2466 807 2508 τὸ
823 2465 1053 2521 ποόσωπον]

402 2522 461 2562 De
481 2526 585 2563 tmesi
601 2521 690 2564 κατ’
710 2541 767 2564 ων
788 2521 980 2564 ἔπλασατο
1009 2526 1053 2562 cf.

403 2578 460 2627 II,
490 2584 544 2622 70
574 2582 634 2618 fin.
666 2582 726 2629 ΙΙ,
756 2584 821 2622 39.
848 2582 913 2623 40-
972 2582 1056 2618 Hoc

406 2633 484 2672 loco
505 2651 567 2674 cur
587 2639 706 2675 medio
726 2640 837 2675 verbo
855 2638 991 2676 Noster
1010 2637 1055 2673 sit

403 2704 489 2728 usus
504 2721 514 2739 ,
554 2698 731 2730 attentum
771 2695 941 2732 lectorem
980 2706 1053 2729 non

404 2746 538 2785 latebit.
595 2750 691 2786 Nam
711 2751 779 2787 ,ςιὺί
798 2751 953 2787 oblmmzt
981 2749 1054 2786 luto

405 2807 509 2850 caput.
539 2809 601 2840 aut
630 2807 745 2855 ipsam
773 2809 879 2844 ettam
905 2806 1051 2856 faczem.

405 2855 531 2907 πηλὸς
549 2861 676 2897 dicitur
693 2866 787 2900 terra
805 2863 937 2913 liquore
952 2861 1051 2912 affu-

1130 962 1167 986 so
1198 949 1366 997 subacta,
1405 953 1443 986 ut
1471 949 1631 1000 pluribus
1659 952 1782 986 monet

1131 1006 1345 1043 Crenzerus‚
1404 1006 1511 1043 Conf.
1543 1006 1598 1053 ll,
1628 1007 1693 1046 36.
1714 1008 1781 1046 70.

1187 1057 1278 1100 αὐτ
1293 1062 1342 1101 αὶ
1371 1084 1427 1091 -
1467 1057 1778 1112 στρωφώμεναι]

1131 1112 1246 1157 αὐταὶ
1267 1120 1431 1156 dedimus
1448 1132 1527 1155 eum
1547 1123 1694 1155 recentt.
1714 1130 1780 1167 pro

1129 1174 1225 1223 vulg.
1251 1170 1386 1224 αὗται,·
1404 1177 1502 1225 quod
1527 1175 1594 1211 huc
1613 1187 1686 1210 non
1697 1187 1782 1224 per-

1128 1231 1230 1268 tinet.

1185 1284 1398 1328 τύπτονται
1416 1285 1694 1337 ἐπεζωσμέναι]
1715 1281 1780 1324 τύ-

1127 1358 1292 1383 πτονται
1324 1350 1365 1382 ut
1391 1345 1443 1392 ll,
1466 1348 1529 1386 61.
1568 1341 1781 1392 ἐπεζωσμέ-

1127 1415 1197 1439 ναι
1228 1406 1302 1449 est,
1335 1401 1535 1451 explicante
1560 1400 1781 1447 Wyttenba-

1129 1457 1209 1493 chio
1232 1458 1268 1494 in
1289 1458 1424 1495 selectt.
1444 1457 1526 1493 hist.
1549 1470 1583 1505 p.
1603 1456 1698 1501 355,
1721 1458 1778 1491 in-

1128 1526 1229 1561 super
1248 1516 1383 1550 cinctae
1404 1514 1425 1549 i.
1450 1527 1480 1549 e.
1513 1512 1654 1559 cingulo
1671 1524 1779 1560 supra

1127 1569 1280 1619 reliquas
1316 1573 1424 1605 vestes
1464 1568 1607 1611 (nlcle'1‘05
1659 1569 1710 1604 ita
1739 1572 1778 1604 ut

1126 1624 1331 1675 Aegyptiae
1344 1654 1353 1672 ,
1375 1627 1410 1662 in
1430 1625 1526 1661 luctu
1546 1629 1694 1674 pectora
1712 1636 1779 1660 nu-

1127 1682 1277 1729 dantes,
1299 1695 1370 1730 quo
1391 1694 1433 1718 ea
1455 1681 1682 1730 plangerent,
1703 1680 1778 1716 cin-

1125 1738 1247 1785 gulum
1261 1767 1271 1784 ,
1289 1751 1335 1774 ne
1355 1737 1485 1774 scilicet
1506 1737 1651 1774 ulterius
1669 1737 1777 1773 etiam

1125 1794 1323 1830 nudaretur
1346 1806 1498 1842 corpus,
1538 1794 1629 1830 circa
1659 1797 1778 1829 extre-

1125 1862 1221 1886 mam
1239 1850 1399 1899 corpo1⁴is
1417 1849 1541 1885 nudati
1553 1854 1694 1898 partem
1709 1849 1778 1885 ad-

1125 1907 1330 1943 sumserint.
1390 1905 1519 1942 Maluit
1548 1910 1670 1942 tamen
1698 1905 1777 1942 Fea

1127 1963 1195 2009 (ad
1208 1962 1494 1999 lVinckelmann.
1516 1962 1626 2011 opp.I
1645 1976 1680 2011 p.
1695 1964 1775 2002 333

1126 2019 1184 2056 ed.
1204 2019 1358 2067 Dresd.)
1389 2019 1505 2055 locum
1525 2018 1575 2054 ita
1596 2017 1778 2066 intellige-

1126 2088 1187 2122 re,
1218 2079 1257 2111 ut
1285 2075 1380 2111 intra
1408 2079 1543 2112 vestem
1571 2075 1720 2111 fasciam
1745 2087 1773 2110 s.

1126 2131 1306 2179 cingulum
1365 2132 1543 2168 assuerint
1589 2130 1773 2180 Aegyptii,

1126 2188 1276 2251 quales'
1270 2200 1305 2223 m
1333 2200 1414 2224 ana‹
1406 2187 1548 2236 gryphis
1572 2186 1774 2235 Aegyptia-

1125 2245 1175 2280 cis
1205 2244 1357 2280 vetustis
1383 2256 1513 2293 reapse
1546 2242 1774 2292 conspiciun-

1118 2305 1176 2338 tur
1204 2300 1365 2337 homines
1393 2299 1592 2346 seminudi,
1630 2298 1773 2346 cingulo

1121 2358 1213 2393 intra
1243 2361 1363 2393 vestes
1392 2355 1550 2403 alligato.
1608 2355 1685 2392 Sed
1705 2355 1774 2392 hoc

1121 2415 1215 2450 soret
1234 2408 1568 2459 ὑποζώννυσθαι,
1598 2424 1620 2448 a
1646 2416 1772 2448 nostro

1121 2469 1200 2506 loco
1236 2469 1402 2506 alienum.
1461 2468 1582 2516 Magis
1622 2467 1690 2504 huc
1715 2468 1771 2504 fa-

1123 2526 1219 2563 ciunt
1247 2525 1316 2562 alia
1348 2524 1575 2574 anaglypha,
1617 2536 1771 2572 quorum

1122 2582 1285 2619 notitiam
1308 2582 1423 2618 doctis
1452 2581 1622 2617 debemus
1645 2579 1771 2616 Gallis.

1122 2638 1418 2688 Repraesentant
1445 2637 1502 2673 illa
1533 2637 1684 2673 seminas
1713 2637 1769 2672 fu-

1122 2708 1188 2730 nus
1235 2695 1405 2730 ducentes
1453 2692 1742 2742 plangentesque
1757 2721 1769 2738 ‚

1121 2763 1215 2799 quae
1249 2754 1396 2800 pectora
1429 2749 1587 2795 nudant,
1626 2749 1675 2784 ita
1710 2752 1769 2784 ta-

1121 2819 1204 2843 men
1219 2810 1258 2842 ut
1274 2804 1454 2853 cingulum
1472 2803 1577 2841 valde
1596 2808 1704 2841 tenue
1731 2806 1767 2839 et

1121 2866 1316 2911 angustum
1344 2861 1504 2899 medium
1541 2872 1671 2911 corpus
1700 2858 1766 2895 cir·
