1909 3228
530 202 955 242 EUTERPE.
1008 202 1052 241 ΙΙ.

149 315 326 369 ποιῆσαι
339 328 347 335 ·

1327 205 1411 245 755

408 316 486 355 τοῦ
525 313 673 368 φωρὸς
712 313 786 355 τὸν
827 314 958 356 νέκυν
996 312 1105 357 κατὰ
1144 316 1223 355 τοῦ
1252 315 1408 368 τείχεος

148 391 487 447 κατακρεμάσαι·
541 391 768 447 φυλάκους
809 394 853 435 δὲ
889 391 1026 436 αὐτοῦ
1057 390 1462 446 καταστήσαντα,δο

149 471 420 514 ἐντείλασθαί
451 483 554 527 σφι,
592 471 669 514 τὸν
699 469 753 513 ἄν
783 472 963 514 ἴδωνται
993 470 1351 521 ἀποκλαύσαντα,
1379 469 1409 526 ἢ

146 550 548 606 κατοικτισάμενον,
598 549 895 605 συλλαβόντας
933 548 1055 606 ἄγειν
1090 549 1200 605 πρὸς
1229 549 1406 593 ἑωυτόν.

93 637 133 669 18
148 628 506 685 ἀνακρεμαμένου
545 629 589 672 δὲ
620 633 699 671 τοῦ
734 628 912 679 νέκυος,
958 629 1037 685 τήν
1063 630 1224 686 μητέρα
1254 631 1407 680 δεινῶς

147 709 317 764 φέρειν·
353 707 510 764 λόγους
540 707 586 751 δὲ
614 706 724 762 πρὸς
753 707 831 750 τὸν
852 708 1078 762 περιεόντα
1101 710 1236 752 παῖδα
1254 724 1403 751 ποιευ-

146 787 302 843 μένην,
353 785 641 842 προστάσσειν
679 785 827 844 αὐτῷ,
876 786 983 844 ὅτεῳ
1023 786 1170 845 τρόπῳ
1210 786 1461 838 δύναται,85

146 870 424 922 μηχανᾶσθαι
465 865 578 916 ὅκως
614 864 662 908 τό
704 871 827 921 σῶμα
856 870 935 909 τοῦ
966 864 1185 921 ἀδελφεοῦ
1215 865 1405 909 καταλύ-

146 957 224 996 σας
254 950 414 1000 κομιεῖ·
447 946 483 988 εἰ
514 945 559 988 δὲ
588 945 757 988 τούτων
784 944 1004 1002 ἀμελήσει,
1037 944 1294 990 διαπειλέειν
1325 945 1405 988 αὐ-

143 1023 241 1079 τὴν,
272 1022 330 1076 ὦς
362 1024 553 1067 ἐλθοῦσα
582 1023 692 1080 πρὸς
720 1024 796 1069 τὸν
826 1025 1028 1082 βασιλέα,
1057 1024 1240 1081 μηνύσει
1270 1022 1408 1068 αὐτὸν

34 1113 62 1152 4
94 1110 133 1143 19
148 1103 298 1158 ἔχοντα
326 1103 376 1147 τοὶ
407 1103 612 1159 χρήματα.

677 1103 755 1155 Ὡς
785 1105 830 1148 δὲ
859 1108 1053 1161 χαλεπῶς
1082 1103 1346 1161 ἐλαμβάνετο
1375 1121 1403 1161 η

143 1262 222 1317 τὴν
251 1263 387 1318 λέγων
418 1262 500 1306 οὐκ
530 1264 674 1306 ἔπειθε
692 1299 701 1315 ,
751 1262 1108 1320 ἐπιτεχνήσασθαι
1145 1261 1292 1307 τοιοίδε
1320 1271 1464 1319 μιν.90

87 1347 132 1380 ΞΟ
145 1339 277 1393 ὄνους
304 1342 759 1398 κατασκευασάμενον,
791 1343 863 1386 καὶ
893 1341 1054 1393 ἀσκοὺς
1083 1343 1307 1398 πλήσαντα
1337 1344 1403 1385 οἴ-

143 1437 248 1471 νου,
290 1421 507 1465 ἐπιθεῖναι
538 1422 604 1464 ἐπὶ
634 1427 721 1465 τῶν
751 1422 889 1473 ὄνων,
933 1423 1006 1465 καὶ
1036 1422 1179 1464 ἔπειτα
1207 1420 1406 1464 ἐλαύνειν

144 1497 332 1551 αὐτούς·
364 1499 422 1551 ὠς
453 1501 498 1544 δὲ
528 1501 637 1544 κατὰ
669 1501 772 1552 τούς
804 1499 1110 1557 φυλάσσοντας
1130 1495 1187 1557 ἦν
1205 1498 1284 1544 τὸν
1301 1515 1402 1555 κρε-

89 1727 229 1776 δεμίαν
254 1743 334 1767 cum
358 1730 475 1768 Gaisf.
502 1733 647 1782 reposui
669 1745 737 1782 pro

89 1780 229 1835 ου’δεμί
238 1801 263 1835 η
274 1801 308 1823 ν.

144 1838 242 1879 κατὰ
271 1843 343 1880 τοῦ
371 1842 516 1892 τείχεος
554 1857 738 1892 κατακρε·

88 1892 226 1947 μασαι]
258 1898 278 1933 i.
302 1912 332 1935 e.
364 1911 406 1933 ex
425 1912 521 1935 muro
539 1900 738 1948 suspendis-

87 1967 132 1990 se.
168 1954 225 1991 De
245 1967 312 1990 usu
336 1956 616 2005 praepositionis
642 1953 740 1993 κατοέ

86 2011 261 2046 monitum
282 2011 350 2047 hoc
376 2011 454 2048 loco
477 2011 585 2049 allato
608 2014 644 2048 in
675 2011 738 2049 Fi-

86 2067 201 2103 scheri
232 2068 489 2105 animadverss.
521 2070 568 2105 ad
591 2068 738 2106 Weller.

89 2123 154 2159 Gr.
185 2123 249 2159 Gr.
283 2123 354 2170 Ill,
385 2125 409 2161 b
446 2137 531 2174 pag.
562 2128 651 2165 177.
682 2145 738 2152 —

86 2178 176 2215 Mox
203 2178 454 2219 ἐντείλασθαί
492 2192 579 2229 σφι
621 2181 739 2218 edidi-

87 2249 168 2272 mus
191 2249 271 2272 cum
299 2235 416 2276 Gaisf.
435 2250 503 2287 pro
532 2237 626 2286 vulg.
662 2236 737 2276 ἐντ.

89 2303 112 2330 σ
125 2307 154 2341 φ
168 2307 180 2329 ι
195 2303 216 2329 σ
229 2307 253 2330 ι.

143 2344 218 2398 τὴν
246 2345 391 2397 μητέρα
414 2348 555 2394 δεινῶς
585 2347 736 2399 φέρειν]

87 2403 293 2441 Moerorem
320 2407 444 2441 matris
476 2406 561 2442 inde
588 2405 738 2455 explico,

88 2461 188 2508 quod
206 2460 268 2496 filii
289 2461 454 2508 cadaver,
475 2474 547 2497 non
565 2463 633 2498 rite
652 2475 739 2498 con—

89 2516 201 2551 ditum
226 2528 267 2552 ae
294 2516 493 2566 sepultum,
543 2523 582 2553 ut
614 2517 738 2566 Aegy-

88 2572 245 2621 ptiorum
274 2572 480 2621 postulabat
507 2574 632 2622 religio
663 2573 739 2620 (ll,

89 2628 141 2668 85
165 2633 300 2676 seqq),
331 2630 502 2666 remansit
518 2642 636 2678 neque
655 2630 740 2666 inde

88 2685 136 2720 ad
178 2685 373 2721 inferorum
417 2685 552 2722 incolas
596 2685 740 2722 admitti

88 2741 165 2790 ipse
185 2740 278 2777 filius
301 2746 457 2791 poterat.

364 2795 400 2847 ς.
427 2798 464 2837 4.

147 2850 200 2899 ὥς
223 2849 264 2891 δὲ
285 2847 739 2903 χαλεπῶςέλαμβά-

808 1744 919 1769 νετο
940 1728 968 1780 ἦ
990 1725 1118 1781 μήτηρ
1140 1731 1212 1769 τοῦ
1234 1741 1462 1780 περιεοντος
1522 1741 1525 1743 ·

807 1783 961 1832 παιδὸς]
983 1786 1166 1823 Immerito
1186 1785 1316 1822 verba:
1337 1783 1366 1835 ἦ
1387 1780 1461 1835 μή-

806 1858 878 1893 τηρ
927 1844 1000 1880 τοῦ
1049 1838 1278 1892 περιεόντος
1320 1838 1461 1887 παιδὸς

808 1898 1051 1947 wesselingio
1090 1898 1241 1947 aliisque
1291 1901 1461 1946 suspecta

809 1960 891 1991 sunt
909 1955 995 1991 visa.
1035 1954 1168 2003 Neque
1189 1955 1284 1990 enim
1310 1953 1460 1990 subiecti

806 2013 843 2047 in
871 2012 1035 2061 proxima
1061 2011 1235 2046 orationis
1263 2015 1367 2059 parte
1399 2023 1462 2046 su-

806 2069 882 2104 bita
901 2068 1053 2104 mutatio
1083 2080 1149 2103 nos
1182 2066 1370 2103 offendere
1395 2066 1462 2102 de-

807 2124 870 2161 bet
893 2124 997 2170 (nam
1018 2123 1065 2159 ad
1092 2121 1160 2161 καὶ
1180 2118 1306 2161 πολλοὶ
1327 2143 1382 2150 —
1399 2119 1459 2159 λε’-

806 2195 886 2232 γων
905 2175 979 2218 οὐκ
1001 2178 1137 2218 ἔπειθε
1154 2178 1272 2228 suppl.
1285 2175 1306 2216 ὁ
1324 2179 1458 2225 παῖς);

806 2237 941 2286 quippe
968 2248 1084 2285 quae,
1113 2236 1247 2272 omisso
1272 2234 1457 2284 pronomi-

805 2306 873 2339 ne,
902 2292 959 2330 vel
990 2292 1132 2329 serioris
1158 2292 1287 2329 aetatis
1308 2291 1459 2340 scripto-

806 2349 903 2386 ribus
932 2349 1030 2385 haud
1067 2353 1122 2385 est
1158 2347 1314 2384 insolita.
1372 2347 1456 2383 Vid.

807 2418 900 2454 quae
936 2405 973 2441 in
1017 2404 1189 2441 Creuzeri
1230 2403 1370 2440 Melett.
1408 2402 1459 2439 ΙΙΙ

805 2475 892 2511 pag.
913 2463 967 2502 36
999 2460 1190 2510 disputavi.
1247 2458 1379 2508 Neque
1404 2458 1459 2494 lo-

806 2519 903 2554 cutio
957 2518 1134 2567 χαλεπῶς
1181 2511 1459 2565 λαμβάνεσθαι

806 2574 919 2610 habet
946 2573 1046 2622 quod
1075 2585 1142 2608 nos
1173 2571 1359 2617 offendat3
1401 2574 1458 2608 est

808 2630 904 2666 enim
940 2630 1136 2678 interprete
1179 2627 1458 2675 Schweighaeu-

809 2698 912 2722 sero:
943 2697 1060 2734 aspere
1087 2686 1269 2731 incessere,
1293 2696 1457 2732 premere.

866 2739 918 2786 ὥς
936 2737 1129 2796 δὲηκατὰ
1160 2736 1277 2785 τούς
1307 2734 1456 2788 φυλάσ-

810 2809 951 2843 σοντας
976 2796 1043 2847 ἠν]
1081 2798 1103 2833 i.
1132 2809 1163 2833 e.
1204 2809 1282 2833 cuin
1308 2809 1345 2832 eo
1376 2795 1455 2833 loco

809 2858 927 2900 esset,
956 2854 1017 2890 ubi
1038 2852 1086 2890 illi
1112 2857 1235 2899 erant,
1265 2853 1327 2902 qui
1347 2853 1455 2889 cada-

1142 2909 1238 2948 48*

1388 1103 1401 1118 ‘'
1458 1104 1492 1132 Id
1511 1113 1568 1139 qno
1593 1107 1661 1131 astu
1684 1103 1735 1132 de-

1460 1139 1555 1173 ceptis
1565 1137 1735 1165 custodibus

143 1182 279 1239 μήτηρ
310 1187 391 1227 τοῦ
418 1181 666 1237 περιεόντος
701 1184 880 1236 παιδὸς,
910 1185 983 1228 καὶ
1012 1183 1151 1228 πολλοὶ
1179 1183 1291 1239 πρὸς
1319 1181 1401 1227 αὐ-
1457 1172 1554 1200 sffl‘e‘
1567 1172 1735 1200 ‘munem’
