1877 3223
641 210 859 252 CLIO.
915 211 943 251 1.
1342 211 1424 254 15⁴5

1480 316 1553 345 Inde
1577 317 1696 346 adortus
1718 322 1751 346 Λ-

1477 351 1667 386 thenienses,
1705 362 1738 379 ur

48 331 114 377 63
166 322 214 366 Ὁ
242 322 321 377 μὲν
349 321 401 378 δή
432 324 474 367 οἱ
502 320 716 375 ἐνθεάζων
743 325 825 379 χρᾷ
851 319 973 365 τάδε·
1026 320 1330 374 Πεισίστρατος
1361 321 1421 373 δὲ,
1742 370 1752 373 ,

170 400 397 457 συλλαβών
449 400 496 445 τὸ
544 400 822 458 χρηστήριον,
883 400 955 443 καὶ
1008 399 1094 454 φὰς
1140 397 1340 441 δέκεσθαι
1370 398 1417 442 τὸ
1477 385 1650 454 ἔῖἷῖἷιωηίο
1676 388 1752 414 '⁰⁰⁵'

140 481 382 536 Ξχρησθὲν,
432 480 559 536 ἐπῆγε
599 479 678 535 τὴν
707 479 921 536 στρατιήν.
979 477 1202 534 Ἀθηναῖοι
1232 477 1277 521 δὲ
1306 479 1351 520 οἵ
1377 476 1425 521 ἐκ

171 558 323 610 ἄστεος
352 559 464 616 πρὸς
492 559 674 613 ἄριστον
704 558 983 614 τετραμμένοι
1011 553 1123 613 ἦσαν
1156 556 1207 612 δὴ
1226 560 1482 613 τηνικαῦ-ΩΟ

167 654 237 683 τα·
270 640 342 683 καὶ
373 638 478 695 μετὰ
507 638 555 681 τὸ
588 636 766 692 ἄριστον
794 637 1052 693 μετεξέτεροι
1072 636 1240 688 αὐτῶν,
1272 638 1315 679 οἱ
1331 636 1422 692 μὲν,

166 718 275 773 πρὸς
305 718 488 774 κύβους,
522 719 565 761 οἱ
595 717 663 770 δὲ,
694 716 804 772 πρὸς
832 716 987 760 ὕπνον.
1047 717 1089 758 οἱ
1119 715 1163 758 ὁὲ
1186 713 1297 771 ἀμφὶ
1324 720 1421 760 Πει-

166 800 394 850 σίστρατον
440 796 710 847 ἐσπεσόντες,
773 795 877 846 τούς
912 793 1165 851 Ἀθηναίους
1201 794 1419 850 τρέπουσι.

134 874 422 933 3φευγόντων
451 875 496 920 δὲ
525 874 718 931 τούτων,
748 874 914 932 βουλήν
943 874 1136 918 ἐνθαῦτα
1160 873 1421 931 σοφωτάτην

106 1097 173 1134 per
185 1083 387 1121 Gaditanas
405 1084 591 1133 angustias
613 1084 648 1121 in
661 1097 760 1123 mare

106 1141 407 1178 mediterraneum
431 1141 592 1188 intrans,
622 1146 696 1178 tum
716 1142 759 1178 li-

106 1200 186 1233 tora
220 1196 414 1246 Europaea
440 1198 571 1234 radens
598 1211 666 1247 per
685 1197 758 1235 Ae-

106 1266 237 1301 gaeum
272 1265 371 1289 mare
397 1253 434 1288 in
463 1253 618 1290 Pontum
641 1267 756 1302 usque

104 1313 268 1359 permeat
299 1308 457 1356 indeque
487 1310 690 1357 regreditur
718 1310 754 1346 in

104 1377 204 1402 mare
242 1364 430 1412 Aegaeum
462 1377 504 1401 ac
541 1366 755 1402 mediterra-

102 1433 221 1458 neum.
278 1420 434 1456 Multum
463 1420 510 1456 ad
541 1421 616 1458 eius
635 1421 753 1470 pisca-

102 1477 238 1514 tionem
260 1476 497 1513 incubuerunt
523 1481 686 1524 veteres,
714 1477 752 1513 in

103 1534 233 1582 quibus
268 1533 488 1579 Phoenices,
543 1533 752 1581 ijzantini,

103 1589 162 1626 alii
190 1589 422 1639 praecipuum
440 1589 604 1626 obtinent
621 1589 751 1635 locum,

104 1658 172 1682 nec
218 1646 335 1681 minus
378 1649 504 1681 nostra
542 1649 662 1683 aetate
716 1645 755 1681 in

107 1700 249 1737 Galliae
287 1705 397 1749 atque
430 1701 554 1739 Italiae
585 1702 649 1738 ora
674 1701 756 1738 huic

105 1757 158 1793 rei
185 1756 321 1793 incolae
357 1758 524 1804 student,
571 1770 665 1806 quae
699 1757 756 1793 hic

106 1825 288 1862 exponere
304 1812 450 1860 longum
468 1817 535 1858 est,
564 1826 642 1850 cum
661 1826 755 1862 quae

106 1869 278 1914 diximus,
325 1869 373 1904 ad
406 1868 637 1905 Herodotum
677 1869 756 1904 illu-

103 1926 292 1961 strandum
309 1925 474 1961 sufficere
504 1928 647 1972 queant.
675 1924 756 1959 Pri-

103 1980 236 2017 marios
265 1984 385 2016 tamen
412 1984 570 2016 veterum
603 1979 757 2029 scripto-

102 2049 182 2073 rum
217 2036 316 2072 locos
354 2036 534 2072 indicasse
566 2035 663 2071 haud
689 2036 755 2071 abs

102 2105 142 2129 re
163 2105 244 2129 esse
265 2092 415 2128 videtur.
448 2092 521 2134 Qui
544 2096 628 2127 sunt
642 2090 756 2128 Athe-

102 2149 183 2185 naei
201 2147 280 2194 VII,
309 2149 362 2188 63
390 2160 494 2196 seqq.
526 2161 562 2197 p.
588 2149 693 2193 301,
723 2146 755 2182 E

104 2217 206 2253 seqq.
232 2203 371 2240 Aeliani
390 2204 486 2240 Hist.
510 2202 662 2239 Animal.
689 2201 755 2248 IX,

104 2259 169 2301 42.
208 2259 301 2306 XV,
342 2260 379 2300 5.
419 2259 624 2296 Aristotelis
658 2258 754 2295 Hist.

104 2314 255 2351 Animal.
283 2315 389 2359 VIII,
414 2316 478 2361 15,
506 2316 567 2352 ubi
593 2316 756 2352 confera-

104 2374 161 2406 tur
177 2371 385 2409 Schneideri
420 2371 604 2409 annotatio
635 2374 671 2408 et
696 2383 756 2406 su-

106 2438 174 2474 pra
201 2427 346 2464 laudata
372 2427 551 2475 Bottigeri
589 2427 755 2477 disputa-

107 2481 158 2517 tio
187 2481 224 2518 in
245 2481 432 2520 Amalthea
458 2484 491 2520 II
519 2496 555 2532 p.
576 2484 670 2524 303.

164 2532 375 2587 οἰμήσουσι
413 2552 436 2575 a
476 2539 586 2576 verbo
633 2538 754 2592 οἰμᾷν

106 2593 235 2640 impetu
253 2592 358 2642 ferri.
415 2594 508 2641 „De
530 2594 696 2643 accipitre
716 2594 753 2630 in

107 2648 307 2685 columbam
324 2649 428 2687 celeri
452 2650 574 2686 volatu
597 2651 754 2687 irruente

105 2709 255 2754 usurpat
273 2704 452 2743 Homerus
467 2706 506 2742 Il.
523 2705 642 2751 XXII,
663 2705 752 2747 140.

104 2762 188 2801 308
218 2759 294 2797 coll.
322 2763 414 2802 311.
448 2762 584 2810 Odys&
619 2761 753 2808 XXIV,

104 2817 198 2858 537.
228 2817 335 2854 Cous.
362 2816 528 2868 Apollon.
559 2816 648 2854 Lex.
674 2817 754 2854 Ho-

826 1083 945 1121 meric.
977 1094 1062 1132 pag.
1095 1079 1197 1129 494,
1226 1082 1288 1120 ubi
1321 1082 1476 1134 explica-

825 1145 883 1176 tur
907 1153 972 1190 per
993 1137 1157 1191 ὁρμςῖν.“
1189 1138 1251 1175 Cr.

1015 1196 1123 1244 Cap.
1151 1193 1285 1232 LXIII.

881 1248 905 1290 ὅ
932 1248 1003 1301 μὲν
1049 1248 1100 1300 δή
1142 1251 1183 1289 οἷ
1212 1247 1476 1298 ἐνθεάζων

823 1309 899 1360 χρᾷ
928 1303 1042 1353 τάδε]
1083 1306 1242 1344 Verbum
1274 1305 1478 1354 ἐνθεάζειν

821 1375 935 1399 eorum
960 1375 1064 1407 esse,
1096 1364 1157 1411 qui
1184 1363 1267 1409 cleo,
1298 1367 1339 1399 ut
1364 1364 1480 1400 videri

820 1419 1000 1464 volebant,
1024 1418 1142 1466 pleni,
1166 1418 1300 1468 futura
1334 1423 1477 1466 canant,

820 1480 944 1512 monet
980 1473 1048 1509 hoc
1077 1473 1156 1509 loco
1192 1474 1338 1511 laudato
1367 1475 1478 1513 Wes-

820 1531 948 1579 seling.
972 1530 1019 1565 ad
1040 1529 1194 1567 Diodor.
1213 1530 1321 1568 Sicul.
1340 1530 1403 1579 IV,
1421 1535 1477 1573 66

822 1587 869 1625 T.
892 1587 907 1623 I
926 1600 962 1636 p.
984 1586 1078 1625 311.

880 1638 1086 1692 συλλαβών
1128 1638 1170 1682 τὸ
1208 1637 1474 1695 χρηστήριον]

821 1700 844 1736 ἰ.
864 1713 895 1737 e.
916 1702 1091 1748 percepta,
1121 1700 1294 1737 intellecto
1313 1703 1476 1737 carmine.

821 1756 990 1793 Recurrit
1017 1754 1089 1801 III,
1112 1755 1177 1797 64.
1205 1757 1302 1794 Hinc
1328 1758 1476 1794 minime

823 1811 1090 1849 emendandum
1143 1809 1377 1863 συμβαλών,
1435 1816 1475 1849 ut

822 1868 971 1915 quidam
999 1867 1121 1904 voluit.
1150 1868 1258 1905 Plura
1285 1870 1331 1905 de
1359 1869 1475 1916 signi-

822 1923 989 1958 ficatione
1008 1923 1107 1959 verbi
1130 1926 1239 1972 atque
1265 1924 1477 1961 confusione

825 1978 1027 2014 Creuzerus
1049 1978 1085 2013 in
1113 1978 1332 2016 Commentt.
1354 1979 1476 2016 Hero-

825 2034 915 2070 dott.
942 2046 979 2082 p.
1009 2034 1091 2073 303
1119 2039 1193 2071 not.
1224 2035 1285 2072 Tu
1318 2037 1411 2072 conf.
1443 2035 1474 2082 I,

823 2091 889 2130 91.
918 2109 975 2117 —
1005 2089 1116 2132 Quod
1145 2091 1193 2127 ad
1210 2092 1399 2140 sequentia
1418 2096 1476 2128 at-

822 2146 936 2191 tinet,
966 2145 1027 2182 ubi
1055 2146 1201 2183 victoria
1229 2152 1395 2184 narratur
1411 2148 1475 2184 Pi-

823 2201 978 2247 sistrati,
1008 2202 1136 2238 mirum
1165 2206 1222 2240 est
1252 2203 1474 2241 Andocidem

822 2257 920 2306 loqui
942 2257 988 2294 de
1006 2257 1155 2295 victoria
1177 2259 1222 2295 ab
1244 2258 1474 2297 Atheniensi-

822 2314 889 2350 bus
918 2319 1104 2363 reportata
1127 2319 1252 2351 contra
1276 2316 1472 2362 Periclem;

821 2370 892 2406 vid.
921 2373 1011 2406 orat.
1032 2370 1078 2407 de
1103 2376 1249 2419 myster.
1269 2385 1306 2423 p.
1333 2374 1385 2414 14
1410 2373 1472 2410 lin.

823 2428 875 2467 21
899 2438 1002 2474 seqq.

878 2480 998 2534 ἐπῆγε
1018 2477 1091 2531 τήν
1112 2478 1318 2534 στρατιήν]
1347 2483 1471 2521 Imita-

821 2541 880 2574 tus
911 2543 967 2575 est
983 2537 1182 2575 Pausanias
1203 2539 1341 2588 aliquot
1369 2540 1470 2587 locis,

821 2593 1002 2631 indicante
1021 2594 1151 2632 Siebel.
1171 2595 1219 2631 ad
1236 2596 1299 2642 IV,
1324 2599 1377 2638 20
1397 2595 1468 2647 §.3

821 2662 906 2699 pag.
930 2649 1020 2690 135.
1049 2645 1232 2702 Ἐπάγειν
1260 2653 1355 2688 enim
1394 2652 1473 2703 ple-

820 2718 971 2753 rumque
1017 2706 1063 2743 (le
1098 2707 1201 2744 malis
1234 2709 1396 2745 immissis
1440 2722 1471 2746 s.

819 2761 946 2798 illatis.
987 2761 1095 2800 conf.
1128 2767 1249 2800 tamen
1284 2764 1370 2801 ibid.
1407 2764 1471 2812 III,

822 2819 848 2858 6
871 2816 906 2868 ἓ.
929 2821 966 2858 2.
993 2830 1080 2868 pag.
1106 2819 1156 2861 15
1177 2820 1396 2858 Commentt.
