1909 3228
504 220 590 261 AD
633 220 1244 271 HERODOT.11‚121.
1548 228 1634 268 913

114 332 262 383 surripit
292 336 329 371 et
358 333 406 371 ad
435 333 551 373 lucem
583 336 744 385 profert,
783 334 932 372 indicari
962 335 1106 373 videtur
1131 347 1238 385 seges
1278 347 1322 372 ex
1350 335 1484 374 intimis
1514 342 1633 379 terrae

113 400 218 449 quasi
247 402 481 452 receptaculis
510 415 604 451 quae
642 403 679 439 in
718 401 832 438 lucem
862 402 1024 439 educitur
1052 407 1164 451 atque
1194 402 1381 440 emittitur.
1440 403 1520 442 Nec
1554 406 1632 445 sine

113 469 217 516 gravi
249 469 409 518 periculo
440 470 619 508 damnove
647 470 716 506 hoc
746 469 823 506 fieri
853 473 996 519 potest:
1046 469 1108 518 qui
1138 469 1233 507 enim
1272 469 1340 506 hoc
1378 471 1483 508 nobis
1525 485 1631 522 prae-

112 540 186 572 stat
215 540 450 585 segetemque
480 538 517 573 in
547 542 643 574 terra
671 537 856 575 conditam
885 537 921 573 iu
949 536 1067 574 lucem
1099 539 1261 587 profert,
1310 537 1338 574 is
1367 542 1519 577 mortem
1551 540 1631 591 ipse

112 602 220 640 obeat
249 608 284 640 et
314 617 454 640 summa
484 617 652 653 quaeque
682 606 760 654 ipse
790 603 948 654 patiatur
976 616 1126 642 necesse
1157 609 1224 642 est.
1274 605 1350 643 Ubi
1378 607 1494 644 teneri
1525 608 1630 646 velim

110 670 281 707 notiones
311 671 358 708 de
403 671 473 709 deo
503 672 730 721 perpetieute
766 676 802 708 et
831 671 924 708 mala
962 670 1120 709 humana
1152 673 1330 711 subeunte
1367 674 1415 710 ad
1452 675 1629 713 beneficia

110 736 268 774 humano
306 739 432 787 generi
461 739 664 776 tribuenda.
723 739 806 777 Vid.
837 739 1010 777 Creuzeri
1049 740 1212 790 Symbol.
1251 740 1283 778 11
1322 753 1406 791 pag.
1436 743 1519 783 379
1549 756 1626 793 seq.

109 804 188 842 coll.
220 806 262 842 C.
292 807 338 844 O.
370 806 511 844 Miiller.
538 806 560 844 1.
593 807 615 843 1.
646 820 732 858 pag.
766 806 856 848 155.
899 806 959 843 Ad
987 807 1208 858 Aegyptiam
1238 808 1398 846 fabulam
1425 809 1471 848 de
1489 810 1628 848 Rham-

107 872 246 923 psinito
276 875 433 924 pertinet
462 875 624 913 eiusdem
653 887 799 924 quoque
828 875 924 923 regis
954 874 1021 913 iter
1048 876 1097 913 ad
1126 876 1281 924 inferos,
1311 877 1500 927 ipsumque
1527 892 1626 917 com-

108 941 279 978 mercium
313 955 392 980 eum
428 943 496 980 diis
533 943 688 980 inferum
726 942 966 995 praesidibus.
1051 942 1129 981 Sed
1167 942 1215 982 de
1250 943 1306 983 his
1343 945 1416 983 vid.
1453 951 1546 985 nott.
1575 949 1624 986 ad

107 1007 164 1056 ΙΙ,
199 1011 291 1051 122.

212 2888 422 2931 Hmzonor.
451 2891 481 2931 1.
1215 2892 1272 2933 58
