1909 3228
337 481 403 525 30
459 477 636 535 κελεύῃ,
667 477 811 521 ἐκεῖσε.

131 545 202 572 inde
246 545 404 578 Antoniou,

129 579 225 605 coloni
255 579 403 617 Aegyptii,

130 613 178 672 qai
197 621 213 639 a
233 611 404 671 Penni-neti-

129 654 186 706 gn?
205 653 404 716 '¹'t4a‘3wf'SAEf

130 715 216 738 runt:
260 711 405 750 Aegyptia

130 744 280 781 praesidia
327 744 405 772 tria·

455 216 540 256 542

840 209 1314 250 HERODOTI

404 322 580 380 1οτήϊον
604 319 713 370 Διὸς
740 319 982 374 κατέστηκε.
1014 316 1323 371 στρατεύονται
1353 316 1400 361 δ’
1421 318 1551 362 ἐπεαν
1581 329 1716 374 σφεας

460 401 484 446 ὁ
512 402 616 451 θεὸς
646 394 774 450 οὗτος
802 395 956 454 κελεύῃ
988 396 1060 441 διὰ
1090 395 1417 452 θεσπισμάτων·
1458 398 1552 449 καὶ,
1577 401 1630 456 τῇ
1661 397 1717 440 ἂν

466 559 478 574 7

867 475 969 520 Ἀπό
996 477 1042 519 δὲ
1078 475 1236 533 ταύτης
1273 480 1350 533 τῆς
1378 475 1529 527 πόλιος
1557 478 1715 528 πλέων,

461 575 508 602 εν
538 559 616 613 ἴσῳ
646 556 791 612 χρόνῳ
823 555 936 614 ἄλλῳ
965 554 1079 611 ἥξεις
1117 555 1159 606 ἐς
1193 555 1298 606 τούς
1327 552 1632 610 Αὑτομόλους,
1671 555 1774 598 ἐν70

461 637 550 693 ὅσῳ
579 651 657 691 περ
688 636 730 687 ἐξ
760 633 1066 691 Ἐλεφαντίνης
1097 630 1228 690 ἦλθες
1264 634 1308 686 ἐς
1344 633 1425 690 τήν
1452 632 1720 690 μητρόπολιν

402 946 475 984 isse
494 946 578 984 satis
597 944 835 996 comprobant
851 943 1057 994 anaglypha

405 1008 515 1052 atque
534 1002 722 1050 imagines,
753 1001 883 1049 quibus
903 1000 1058 1051 templo-

403 1073 482 1097 rum
502 1059 634 1095 rudcra
653 1059 788 1095 referta
806 1070 884 1094 esse
903 1057 1058 1094 clamant

403 1116 694 1166 peregrinatores
722 1114 979 1158 recentissimi,
1011 1113 1056 1150 ab

403 1172 588 1209 Heerenio
616 1171 714 1208 citati
737 1170 759 1206 l.
777 1170 800 1206 l.
859 1170 956 1207 Nam
977 1170 1057 1206 uni-

402 1241 546 1266 versum
566 1227 828 1277 Aegyptiorum
855 1227 986 1263 cultum
1015 1226 1058 1263 il-

403 1285 592 1333 lorumque
611 1285 761 1321 deorum
784 1295 883 1320 sacra
900 1284 982 1320 hinc
999 1296 1057 1321 re-

403 1342 564 1392 petenda
587 1353 688 1387 esse,
716 1340 787 1376 iam
808 1353 916 1376 nemo
933 1340 969 1376 in
991 1340 1058 1376 du-

404 1398 502 1435 bium
513 1409 642 1433 vocare
653 1397 799 1446 poterit.
814 1396 936 1438 Quare
948 1397 1058 1433 etiam

403 1454 504 1502 quod
522 1452 708 1489 Ammonis
727 1451 861 1500 templo
874 1452 993 1500 (quod
1005 1452 1059 1487 in-

406 1513 462 1546 ter
480 1509 600 1545 ruinas
619 1508 694 1544 illas
706 1507 987 1544 Heereniussibi
1003 1508 1060 1543 in-

405 1565 550 1602 venisse
572 1565 728 1610 videtur,
765 1563 788 1598 l.
814 1562 836 1599 l.
865 1576 950 1612 pag.
977 1563 1058 1603 416

407 1634 511 1669 seqq.
541 1623 622 1661 420
646 1620 774 1668 seqq.)
805 1619 963 1655 iunctum
993 1619 1060 1656 fuit

406 1676 608 1722 oraculum,
639 1688 770 1726 parens
788 1676 1059 1723 quodammodo

406 1733 625 1781 reliquorum
650 1744 715 1781 per
742 1731 950 1781 Aegyptum
979 1743 1061 1767 ora-

407 1788 567 1826 culorum
587 1787 710 1824 haberi
731 1788 877 1835 poterit,
908 1800 1061 1835 quorum

407 1845 585 1893 originem
612 1843 660 1879 ad
679 1843 825 1879 colonos
847 1843 936 1879 istos
958 1855 1063 1880 revo-

406 1900 543 1938 caveris
570 1899 675 1946 licet,
704 1899 764 1947 qui
793 1912 837 1936 ex
867 1898 1062 1949 Aethiopia

405 1957 444 1994 in
464 1955 622 2006 Aegypti
647 1955 815 2003 regiones
841 1955 987 1992 demissi
1013 1955 1060 1991 ad

406 2018 597 2061 utramque
628 2011 702 2048 Nili
731 2013 846 2061 ripam
885 2012 1062 2049 consede-

407 2070 491 2106 rint.
523 2070 606 2112 Quo
629 2080 671 2105 ea
689 2069 841 2114 ducere,
874 2081 966 2116 quae
983 2068 1062 2104 He-

406 2126 557 2162 rodotus
578 2124 625 2162 de
646 2124 688 2160 iis
719 2137 801 2160 mox
824 2125 966 2171 tradat,
999 2123 1060 2173 qui

408 2181 634 2218 oraculorum
651 2180 750 2217 iussu
769 2181 817 2217 ad
838 2180 929 2217 bella
950 2180 1061 2230 profi-

409 2238 606 2284 ciscantur,
646 2237 742 2274 idem
779 2240 883 2273 notat
921 2237 1062 2274 Heere-

408 2295 498 2331 nius.
538 2293 637 2331 Nam
663 2293 748 2329 satis
779 2294 963 2341 cognitum
993 2296 1060 2339 est,

407 2350 568 2388 colonias
589 2354 747 2387 veterum
774 2349 871 2386 haud
903 2361 984 2385 raro
1013 2348 1059 2384 ab

409 2406 561 2443 oraculis
576 2406 672 2444 exire
683 2406 797 2442 iussas
813 2418 914 2452 esse3
930 2405 1059 2454 quibus

409 2463 560 2499 oraculis
581 2475 659 2500 cum
688 2462 894 2499 sacerdotes
912 2474 1060 2511 praees-

409 2522 511 2565 sent,
550 2519 648 2556 haud
675 2518 821 2564 mirum,
862 2517 940 2554 illos
963 2516 1061 2554 colo-

410 2575 547 2611 niarum
569 2579 604 2612 et
625 2580 788 2612 auctores
803 2578 838 2611 et
851 2575 958 2610 duces
979 2585 1061 2623 per-

409 2629 534 2668 hiberi.
575 2631 683 2667 Conf.
706 2631 812 2667 etiam
830 2630 981 2666 Diodor.
1003 2629 1062 2664 Si-

410 2685 479 2721 cul.
503 2686 566 2733 lll,
586 2688 624 2727 3.
639 2689 675 2727 6.
708 2687 781 2729 Qui
802 2699 843 2723 ex
861 2686 960 2722 ludia
973 2685 1061 2722 haec

410 2742 529 2777 onmia
554 2744 669 2791 repeti
692 2742 828 2789 volunt,
853 2742 907 2778 cui
931 2746 968 2779 et
989 2740 1062 2778 Ae-

411 2795 548 2845 thiopia
566 2804 601 2834 et
619 2798 806 2848 Aegyptus
825 2811 925 2834 sacra
943 2810 1007 2833 sua
1019 2810 1061 2833 ac

411 2851 547 2901 templa
566 2853 718 2900 debeat,
748 2866 810 2890 eos
833 2867 927 2891 nunc
952 2853 1062 2890 mitti-

433 715 543 772 Ξτὴν
570 715 814 759 Αἰθιόπων.
865 719 980 758 τοῖσι
1008 713 1054 758 δὲ
1094 712 1388 772 Λύτομόλοισι
1422 714 1616 759 τούτοισι
1642 711 1719 757 οὕ-

1124 957 1224 993 mus,
1253 958 1332 982 cum
1362 944 1433 982 tale
1459 947 1707 992 argumentum
1729 941 1776 979 ab

1124 1002 1314 1039 Herodoto
1333 1001 1559 1051 explicandO,
1575 1001 1610 1037 in
1623 1013 1694 1049 quo
1705 1010 1777 1035 uno

1125 1070 1219 1094 nunc
1239 1070 1446 1104 versamur,
1485 1056 1639 1093 alienum
1665 1054 1777 1092 videri

1125 1118 1247 1162 queat.
1288 1114 1372 1149 vid.
1403 1118 1524 1150 tamen
1549 1112 1778 1150 Henrichsen

1125 1171 1174 1208 de
1215 1169 1385 1207 Phoenic.
1424 1173 1633 1207 commentt.
1677 1167 1779 1205 alter.

1124 1240 1161 1278 p.
1185 1229 1210 1269 8
1232 1227 1371 1274 (Havn.
1393 1225 1533 1273 1827).

1323 1367 1354 1404 c
1364 1379 1384 1403 a
1395 1380 1432 1417 p.
1462 1364 1583 1403 xxx.

1181 1454 1283 1489 τοῖσι
1301 1448 1343 1488 δὲ
1356 1445 1617 1498 Αὐτομόλοισι
1627 1443 1779 1485 τούτοι-

1128 1518 1166 1545 σι
1188 1501 1344 1556 οὔνομά
1363 1504 1443 1544 ἐστι
1458 1500 1627 1554 Ἀσμάχ]
1658 1503 1778 1541 Nemo

1127 1563 1242 1599 nescit
1259 1575 1347 1599 voce
1367 1557 1609 1610 Αὕτομόλων
1630 1560 1779 1596 indicari

1127 1619 1292 1668 transsng
1285 1631 1361 1661 as‚·
1400 1618 1524 1666 quales
1549 1617 1679 1654 suerint
1706 1615 1780 1652 Ae-

1128 1677 1334 1725 g)ptioruin
1360 1673 1512 1720 milites,
1553 1674 1614 1722 qui
1638 1673 1684 1708 ad
1706 1672 1777 1709 Ae-

1127 1732 1269 1780 thiopes
1293 1734 1525 1767 secesserant.
1555 1730 1690 1765 Vocem
1719 1723 1780 1766 'A-

1132 1783 1257 1836 σιιάχ,
1287 1787 1384 1823 cuius
1414 1785 1493 1822 loco
1524 1785 1602 1821 libri
1633 1784 1781 1833 quidam

1127 1838 1294 1892 Ἀσχάμ,
1333 1841 1391 1877 alii
1423 1854 1467 1879 ex
1493 1841 1693 1887 Hebraica,
1722 1840 1781 1877 alii

1130 1898 1201 1935 alia
1227 1912 1268 1936 ex
1289 1898 1413 1946 lingua
1433 1898 1610 1947 explicare
1632 1897 1782 1934 studue-

1127 1959 1221 1991 runt.
1263 1955 1301 1990 Si
1321 1954 1391 1991 una
1416 1953 1519 1992 litera
1537 1954 1662 1990 addita
1681 1952 1782 2001 lege-

1127 2016 1226 2049 retur
1251 2005 1439 2060 Σασμάχ,
1486 2011 1523 2046 id
1552 2009 1780 2046 lablonskius

1128 2067 1295 2117 explicari
1327 2080 1436 2117 posse
1463 2070 1568 2116 putat
1593 2078 1636 2103 ex
1659 2065 1780 2114 Acgy-

1127 2125 1246 2174 ptiaco
1267 2123 1406 2159 Sosmeh
1424 2126 1485 2159 aut
1507 2121 1668 2168 Sosmali‚
1682 2121 1780 2169 quod

1129 2181 1279 2217 denotet
1305 2178 1423 2228 plenos
1443 2179 1636 2226 ignominia
1662 2180 1695 2213 et
1720 2177 1781 2214 ‹le-

1127 2239 1267 2285 spectu‚·
1310 2235 1338 2271 si
1365 2234 1545 2282 legeretur
1569 2229 1779 2284 Ἁσασμάχ,

1126 2292 1363 2341 compositam
1384 2291 1496 2327 videri
1516 2303 1655 2336 vocem,
1685 2302 1779 2339 quae

1127 2349 1276 2385 denotet
1296 2347 1342 2384 ad
1359 2349 1538 2383 sinistram
1549 2349 1693 2392 stantes,
1716 2347 1779 2383 be-

1126 2417 1246 2452 neque
1274 2404 1462 2440 conveniat
1496 2403 1559 2449 iis,
1598 2415 1691 2451 quos
1720 2401 1779 2439 alii

1127 2460 1319 2510 scriptores
1332 2459 1516 2510 appellent
1528 2454 1780 2509 εὕωνυμίτας.

1128 2516 1185 2553 Ad
1205 2517 1452 2553 Herodoteam
1476 2515 1573 2552 vocis
1602 2515 1779 2564 interpre-

1128 2572 1300 2609 tationem
1323 2572 1484 2622 inprimis
1502 2570 1778 2608 tacitDiodorus

1131 2629 1157 2675 l,
1178 2631 1241 2669 67.
1274 2629 1367 2665 Cum
1389 2629 1482 2665 enim
1500 2640 1581 2673 rex,
1611 2631 1778 2676 suscepta

1129 2685 1166 2720 in
1189 2686 1238 2732 S)
1243 2685 1329 2721 riam
1349 2697 1453 2734 expe
1443 2684 1590 2729 ditione,
1619 2682 1780 2732 peregri-

1128 2753 1195 2777 nos
1218 2741 1346 2777 milites
1365 2739 1600 2790 praeferens
1592 2752 1628 2774 in
1652 2739 1779 2775 dextra

1128 2797 1215 2833 aciei
1235 2802 1337 2846 parte
1356 2795 1556 2842 collocaret,
1576 2794 1776 2843 Aegyptios

1128 2865 1213 2890 vero
1236 2853 1272 2889 in
1301 2852 1464 2899 sinistra,
1494 2851 1663 2900 Aegyptii
1684 2848 1776 2885 iudi-
