1877 3223
445 228 527 268 124

854 227 1325 269 HERODOTI

420 333 586 391 ὁμένων
613 334 725 380 εἶναι
752 333 979 394 ἀνάθημα·
1010 336 1090 382 οὐκ
1119 337 1269 393 ὀρθῶς
1295 339 1502 396 λέγοντες.
1532 342 1619 386 ἔστι
1634 341 1718 398 γάρ

442 415 516 459 καὶ
543 418 672 459 τοῦτο
703 417 911 471 Κροίσου.
970 416 1181 473 ἐπέγραψε
1219 419 1265 462 δὲ
1300 423 1389 462 τῶν
1415 437 1480 473 τις
1514 426 1764 478 Δελφῶυ,85

440 495 823 550 Λακεδαιμονίοισι
852 494 1118 551 βουλόμενος
1145 498 1410 552 χαρίζεσθαι·
1443 503 1522 544 τοῦ
1552 499 1719 544 ἐπιστά-

440 589 569 628 μενος
598 570 645 615 τό
674 570 865 629 οὔνομα,
897 571 980 618 οὐκ
1010 573 1306 631 ἐπιμνήσομαι.
1345 574 1433 621 ἀλλ’
1465 577 1489 621 ὁ
1507 578 1586 633 μὲν
1604 583 1718 631 παῖς,

441 650 493 695 δι’
518 646 573 695 οὗ
593 654 668 707 τῆς
695 651 836 706 χειρός
854 651 938 708 ῥέει
966 652 1015 697 τὸ
1045 653 1188 711 ὕδωρ,
1219 658 1579 712 Λακεδαιμονίων
1608 656 1716 700 ἐστί·

416 728 493 773 6οὐ
523 730 671 785 μέντοι
715 734 802 773 τῶν
839 747 886 786 γε
923 734 1291 790 περιῤῥαντηρίων
1329 734 1569 790 οὐδέτερον.
1612 735 1718 779 ἄλλα

436 824 480 851 τε
512 806 771 865 ἀναθήματα
799 807 881 852 οὐκ
907 810 1092 869 ἐπίσημα
1115 814 1253 857 πολλοὶ
1276 812 1494 871 ἀπέπεμψε
1514 814 1602 871 ἅμα
1619 812 1763 858 τού-9ο

435 898 547 931 τοισι
576 885 600 932 ὁ
629 891 843 943 Κροῖσος,
880 891 954 934 καὶ
990 892 1177 948 χεύματα
1215 891 1407 949 ἀργύρεα
1435 893 1714 947 κυκλοτερέα·

435 967 508 1010 καὶ
539 965 591 1022 δὴ
622 967 695 1010 καὶ
731 969 940 1024 γυναικὸς
979 972 1160 1014 εἴδωλον
1196 971 1379 1027 χρύσεον
1415 973 1617 1028 τρίπηχυ,
1661 970 1711 1014 τό

435 1046 604 1102 Δελφοὶ
631 1050 708 1103 τῆς
737 1045 988 1104 ἀρτοκόπου
1017 1053 1092 1106 τῆς
1119 1052 1313 1105 Κροίσου
1351 1048 1499 1096 εἰκόνα
1539 1050 1714 1106 λέγουσι

394 1231 513 1268 suasit
528 1231 760 1270 Hermannus
771 1263 782 1282 ‚
811 1235 910 1272 cuius
929 1233 1045 1272 locum

392 1287 458 1324 Cr.
489 1289 732 1340 adscripserat
769 1282 897 1339 (Uber
916 1292 951 1329 d.
972 1291 1045 1328 Be-

393 1343 516 1380 handl.
557 1346 592 1382 d.
631 1345 807 1384 lnschrist.
847 1360 934 1397 pag.
964 1350 1041 1388 191

388 1400 501 1448 seq).
531 1422 586 1428 -—
615 1400 657 1437 ln
674 1414 778 1451 seqq.
808 1404 927 1440 verbis
958 1416 1042 1440 sen-

388 1467 468 1491 sum
497 1456 614 1504 magis
638 1469 746 1505 quam
768 1460 1037 1506 grammaticam

388 1515 602 1549 structuram
663 1512 802 1551 Noster
857 1515 1038 1564 respexit,

386 1580 467 1604 cum
487 1568 581 1605 enim
603 1568 768 1606 dixisset:
793 1585 823 1619 φ
836 1586 859 1608 α
873 1570 962 1620 μέν
974 1586 1002 1609 ω
1015 1565 1037 1610 ν

387 1619 492 1661 εἶναι
535 1619 749 1674 α’νάθημα·
782 1628 924 1676 pergit:
964 1623 1037 1666 οὐκ

384 1674 522 1731 ὀρθῶς
552 1682 571 1718 λ
585 1679 633 1731 έγ
646 1696 730 1718 οντ
743 1694 759 1719 ε
773 1697 792 1727 ς
811 1697 846 1721 κ.
862 1698 891 1720 τ.
906 1685 951 1730 L,
974 1685 1033 1720 ubi

384 1736 620 1785 exspectabas
641 1734 831 1790 λεγόντων
847 1739 903 1778 vel
933 1739 1031 1777 aliud

384 1791 484 1840 quid.

440 1848 795 1899 Λακεδαιμονίοισι
846 1847 1032 1902 βουλόμε-

382 1916 453 1950 νος
485 1904 741 1957 χαρίζεσθαι]
788 1906 874 1943 Una
901 1906 1033 1944 Aldina

383 1963 420 1996 et
438 1965 619 2009 quotquot
636 1962 722 1999 inde
747 1964 943 1999 fluxerunt:
968 1978 1032 2012 χα,

382 2015 586 2065 ρίσασθαι.
637 2017 822 2055 Mediceus
843 2031 885 2055 ac
904 2018 1031 2068 reliqui

382 2071 462 2108 libri
484 2074 716 2123 χαρίζεσθαι
729 2104 740 2122 ,
770 2075 869 2123 quod
888 2076 1029 2113 reduxit

382 2126 667 2178 l'Vesselingius,
697 2144 719 2167 a
741 2143 813 2179 quo
830 2143 891 2167 cur
909 2144 1028 2168 reces-

381 2185 492 2221 serint
512 2185 713 2235 Schweigh.
736 2192 771 2224 et
791 2187 908 2224 Gaisf.
929 2187 1026 2224 libris

379 2240 517 2288 invitis,
547 2242 677 2280 nullam
706 2243 873 2292 equidem
899 2244 1026 2280 idone—

379 2308 439 2332 ain
456 2298 633 2347 perspicio
666 2311 821 2336 causam.
879 2299 1025 2336 Rescri-

378 2353 436 2402 psi
469 2366 547 2389 cuin
573 2354 748 2393 Matthiae
784 2355 1023 2408 χαρίζεσθαι.

377 2429 434 2436 —·
461 2407 606 2447 Nomen
626 2410 797 2459 hominis,
834 2412 933 2461 quod
963 2425 1021 2449 ce-

374 2463 428 2500 lat
456 2464 687 2514 Herodotus,
735 2468 881 2505 Aetleum
909 2468 1022 2505 fuisse

375 2524 498 2556 auctor
517 2526 574 2559 est
595 2522 823 2561 Ptolemaeus
847 2524 883 2560 in
902 2523 1020 2560 Photii

374 2574 542 2614 Biblioth.
566 2578 661 2616 Cod.
683 2581 762 2621 190
781 2593 866 2631 pag.
888 2579 980 2621 481.

432 2639 531 2682 ἄλλα
575 2659 616 2684 τε
663 2641 905 2698 ἀναθήματα
948 2641 1021 2685 οὔκ

374 2696 571 2751 ἐπίσημα]
602 2703 624 2739 i.
653 2715 685 2740 e.
716 2703 863 2741 (lunaria
882 2705 1021 2740 minoris

370 2757 485 2804 pretii.
543 2758 742 2807 Schweigh.
788 2760 850 2809 qui
893 2760 1021 2798 vertit:

374 2811 495 2857 „nullo
514 2816 658 2861 signata
669 2815 774 2852 titulo
789 2816 1020 2864 (donaria),“

375 2866 410 2905 h.
447 2867 468 2905 l.
498 2868 644 2920 haeret,
680 2883 758 2910 cum
793 2871 1020 2910 simulacrum

1112 1235 1212 1273 istud
1232 1246 1380 1273 aureum
1408 1232 1629 1281 tricubitale‚
1659 1231 1760 1282 quod

1111 1305 1194 1328 mox
1218 1295 1459 1337 memoratur,
1489 1302 1563 1326 non
1585 1293 1659 1326 tam
1678 1288 1757 1325 vilis

1110 1348 1217 1385 suerit
1244 1347 1361 1399 pretii.
1419 1347 1493 1384 Sed
1526 1346 1634 1382 hocce
1664 1357 1756 1395 opus

1109 1404 1240 1451 adea,
1266 1416 1360 1452 quae
1393 1398 1465 1440 οὐκ
1495 1399 1667 1451 ἐπίσημα
1699 1401 1755 1438 di-

1107 1465 1255 1507 cuntur,
1286 1472 1328 1496 cx
1354 1458 1535 1495 Herodoti
1574 1457 1755 1494 sententia

1105 1528 1180 1552 non
1217 1516 1456 1553 referendum.
1491 1535 1546 1541 ·—
1581 1509 1754 1563 χεύματα

1105 1584 1200 1620 quae
1231 1572 1278 1608 ad
1308 1583 1446 1607 sacram
1469 1569 1752 1620 suppellectilem

1104 1628 1310 1678 pertinent,
1332 1640 1417 1664 vasa
1435 1627 1600 1664 videntur
1620 1638 1701 1663 esse
1722 1639 1751 1662 s,

1103 1696 1216 1720 urnae
1248 1684 1296 1720 ad
1333 1683 1502 1719 libamina
1531 1681 1752 1720 effundenda

1103 1740 1140 1776 in
1160 1739 1304 1789 templis
1323 1739 1523 1784 adhibitae,
1551 1740 1659 1786 gatti.
1691 1737 1751 1774 In-

1102 1799 1157 1833 ter
1201 1795 1320 1832 lances
1353 1807 1395 1831 ac
1432 1794 1575 1844 patinas
1623 1793 1751 1830 Pollux

1102 1851 1290 1889 Onomast.
1322 1850 1395 1897 YI,
1424 1849 1489 1892 84.
1529 1849 1586 1898 X,
1608 1851 1663 1892 82
1692 1862 1749 1888 re-

1100 1909 1170 1945 sert
1199 1904 1381 1958 χεύματα.

1153 1971 1199 2014 τό
1229 1971 1381 2023 Δελφοὶ
1416 1974 1489 2023 τῆς
1524 1968 1747 2025 ἄρτοκὸπου

1097 2032 1169 2078 τῆς
1200 2031 1377 2082 Κροίσου
1421 2024 1557 2069 εἰκόνα
1588 2029 1745 2081 λέγουσι

1097 2084 1227 2137 εἶναι]
1270 2088 1450 2133 Causam,
1488 2099 1549 2123 cur
1593 2086 1664 2123 tale
1695 2087 1744 2122 si-

1095 2143 1288 2181 mulacrum
1317 2142 1535 2179 dedicaverit
1569 2142 1742 2189 Croesus,

1094 2200 1211 2248 aperit
1222 2198 1433 2235 Plutarchus
1445 2198 1490 2234 (le
1512 2196 1614 2245 Pyth.
1626 2210 1740 2234 oracc.

1093 2256 1192 2304 Opp.
1215 2253 1261 2291 T.
1284 2254 1316 2290 ll
1340 2267 1425 2304 pag.
1448 2253 1542 2299 401,
1565 2253 1611 2292 E.
1653 2254 1739 2291 Ser-

1091 2315 1195 2347 vatus
1217 2311 1312 2347 enini
1335 2310 1401 2347 suit
1422 2323 1487 2359 per
1509 2309 1737 2347 illiusmulie-

1090 2367 1138 2403 ris
1169 2366 1302 2415 fidem,
1337 2379 1416 2404 cum
1445 2378 1598 2403 noverca
1628 2378 1737 2404 vene-

1090 2427 1177 2458 nato
1203 2435 1299 2472 pane
1331 2436 1413 2460 eum
1442 2422 1643 2460 interficere
1673 2435 1736 2458 vo-

1088 2479 1226 2515 luisset,
1291 2478 1402 2522 Quod
1447 2479 1495 2515 ad
1540 2478 1735 2526 imaginem

1086 2535 1203 2584 ipsam
1231 2535 1379 2582 attinet,
1414 2535 1489 2573 iure
1517 2534 1586 2571 hoc
1614 2547 1735 2572 exem-

1087 2591 1171 2641 plo,
1201 2595 1240 2628 ut
1258 2591 1322 2628 Cr.
1343 2592 1515 2638 adnotat,
1544 2604 1634 2627 usus
1662 2595 1731 2637 est,

1086 2647 1320 2684 llermannus
1373 2649 1410 2685 in
1463 2647 1553 2684 libro
1595 2647 1730 2684 laudat.

1087 2716 1173 2754 pag.
1192 2704 1272 2745 205
1286 2734 1296 2751 ‚
1311 2717 1384 2753 quo
1403 2704 1536 2742 scilicet
1551 2708 1732 2741 monstra-

1087 2765 1163 2807 ret,
1193 2761 1477 2809 „antiquissima
1505 2761 1576 2797 iam
1610 2764 1729 2797 aetate

1086 2820 1222 2853 statuas
1245 2818 1423 2864 extitisse,
1443 2830 1536 2866 quae
1557 2815 1728 2866 ipsosho·

1086 2872 1200 2911 mines
1235 2874 1601 2925 repraesentaverint5
1629 2873 1727 2925 quod
