1909 3228
573 235 996 278 EUTERPE.
1044 237 1090 278 n.

192 344 439 400 ἐπωνυμίας
468 344 637 399 δόντες,
667 347 741 391 καὶ
768 346 894 403 τιμάς
927 364 971 392 τε
998 348 1072 393 καὶ
1098 349 1245 406 τέχνας
1274 345 1441 393 διελόν-
1500 351 1580 394 130

163 427 284 476 4τες,
314 425 386 467 καὶ
417 427 532 469 εἴδεα
563 425 708 470 αὐτῶν
737 426 1012 484 σημήναντες.

1361 240 1445 281 611

1073 430 1116 472 οἱ
1153 429 1199 473 δὲ
1231 427 1445 483 πρότερον
1455 433 1500 469 30

190 505 365 560 ποιηταὶ
406 504 627 560 λεγόμενοι
666 504 832 550 τούτων
878 512 967 550 τῶν
1004 505 1180 561 ἀνδρῶν
1216 508 1442 563 γενέσθαι,

162 582 404 637 5ῧστερον,
437 584 532 639 ἐμοί
560 601 607 640 γε
637 586 824 637 δοκέειν,
852 585 1048 640 ἐγένοντο
1078 586 1258 630 τούτων.
1288 586 1361 630 καὶ
1389 584 1443 628 τὰ

189 663 268 718 μὲν
307 667 458 716 πρῶτα
494 666 539 707 αἱ
575 667 833 716 Δωδωνίδες
871 664 1006 720 ῖρήϊαι
1053 666 1250 723 λέγουσι·

1304 664 1357 708 τὰ
1396 664 1444 708 δὲ

188 742 368 797 ὕστερα,
399 743 450 786 τὰ
481 744 522 795 ἐς
546 743 750 789 “Ησίοδόν
779 760 824 788 τε
845 745 918 788 καὶ
936 743 1133 801 ’Όμηρον
1153 747 1327 802 ἔχοντα,
1357 743 1439 799 ἐγώ

186 822 311 877 λέγω.

181 1023 300 1079 τιμάς
320 1042 360 1066 τε
380 1026 448 1066 καὶ
475 1025 612 1078 τέχνας
634 1023 780 1068 διελόν-

126 1082 210 1134 τες]
243 1084 308 1122 Cr.
339 1085 489 1122 similem
507 1086 644 1121 confert
662 1085 778 1122 locum

126 1141 293 1189 Aeschyli
318 1142 354 1177 in
377 1141 650 1182 Prometh.228
674 1143 775 1187 (237

127 1210 205 1246 seq.
228 1198 390 1241 mount).
440 1198 497 1234 Ad
519 1211 644 1234 vocem
661 1194 777 1248 τιμάς

124 1256 218 1291 conf.
240 1255 346 1290 etiam
364 1254 513 1291 Homer.
544 1254 678 1303 Odyss.
709 1255 774 1303 XI,

124 1311 218 1351 301·
238 1313 344 1357 303,
371 1323 418 1347 ne
440 1310 556 1360 plura.

180 1420 222 1460 οἵ
240 1419 282 1460 δὲ
310 1417 504 1472 πρότερον
528 1419 688 1470 ποιηταὶ
718 1424 775 1461 λε-

120 1471 281 1529 γόμενοι
292 1474 442 1517 τούτων
453 1480 533 1516 τῶν
546 1473 705 1528 οἷνδοων
716 1499 773 1505 ——

121 1532 299 1584 ἐγένοντο
321 1529 495 1584 τούτων]
526 1534 626 1571 Bene
647 1538 772 1571 monet

119 1590 284 1640 Heynins
307 1590 328 1627 l.
348 1590 391 1627 l.:
423 1591 543 1637 „sorte
573 1590 773 1637 (Herodo-

119 1649 196 1695 tus)
216 1648 374 1684 carmina
397 1647 554 1696 respicit,
584 1659 678 1695 quae
703 1647 769 1683 sub

121 1703 273 1752 Orphei,
301 1703 456 1749 Musaei,
471 1702 567 1749 Lini,
587 1702 770 1752 Eumolpi,

120 1759 271 1808 aliisque
307 1760 513 1796 nominibus
541 1759 770 1804 ferebantur3

120 1820 161 1852 ut
189 1828 263 1852 non
286 1819 361 1852 tam
388 1815 467 1851 illos
495 1815 657 1851 homines
686 1818 772 1864 post

119 1871 319 1908 Homerum
340 1872 483 1917 vixisse,
513 1883 620 1919 quam
643 1871 771 1906 carmi-

121 1940 170 1963 na
188 1927 253 1963 iilis
280 1928 387 1963 tribui
411 1928 516 1963 solita
545 1927 657 1963 serius
686 1939 771 1962 con-

122 1984 198 2019 dita
217 1997 364 2021 censere
383 1984 495 2020 videri
518 1983 660 2019 debeat.
693 1981 772 2019 Nec

121 2052 206 2076 vero
226 2040 310 2077 inde
330 2040 453 2076 inferri
481 2045 541 2075 aut
565 2043 686 2087 potest
709 2042 771 2074 ant

121 2096 245 2142 debet,
275 2097 380 2144 quasi
396 2096 605 2133 Herodotus
625 2098 771 2141 statuat,

119 2151 235 2190 nullos
258 2154 403 2188 omnino
422 2156 505 2189 ante
519 2152 719 2188 Homeriun
736 2155 771 2187 et

117 2208 322 2246 Hesiodum
348 2208 457 2246 fuisse
482 2212 633 2258 poetas,
674 2206 770 2243 nulla

119 2265 231 2302 fuisse
259 2266 434 2302 carmina:
472 2265 510 2301 id
542 2264 641 2313 quod
670 2263 768 2299 omni

117 2333 237 2358 rerum
261 2322 393 2358 rationi
424 2322 654 2366 adversatum
690 2319 768 2356 fieri

120 2377 216 2414 enim
236 2376 335 2414 nullo
358 2379 469 2414 modo
496 2378 631 2427 potuit,
661 2380 700 2412 ut
728 2376 767 2412 in

120 2433 202 2469 rudi
227 2437 263 2470 et
289 2445 311 2469 a
334 2433 430 2470 nullo
452 2433 521 2471 alio
542 2437 652 2483 poeta
679 2433 765 2468 sub-

120 2492 201 2524 acto
221 2493 256 2525 et
274 2493 427 2526 tractato
454 2502 618 2527 sermone
639 2488 766 2525 carmi-

119 2556 168 2580 na
184 2544 377 2582 Homerica
395 2550 430 2582 et
440 2546 627 2583 Hesiodea
644 2544 768 2581 elabo-

119 2604 302 2645 rarentur3
332 2606 370 2638 et
392 2605 476 2638 sunt
503 2602 642 2638 infinita
666 2600 704 2636 in
723 2600 765 2637 iis

119 2656 228 2705 ipsis,
257 2669 351 2706 quae
380 2658 586 2706 antiquiora
610 2657 766 2693 carmina

119 2713 250 2762 partim
269 2716 470 2760 testantur,
499 2714 629 2763 partim
659 2725 768 2761 argu-

119 2770 223 2805 unt.“
273 2769 377 2812 Quae
404 2770 532 2807 eadem
562 2770 638 2806 sere
666 2769 768 2818 ponit

119 2825 320 2863 Creuzerus
340 2825 374 2863 ll,
386 2825 441 2875 ll.,
462 2825 675 2877 praesertim
687 2837 768 2862 cum

845 1030 924 1081 ipse
962 1029 1175 1068 Herodotus
1206 1029 1365 1080 pluribus
1406 1028 1493 1066 locis

845 1087 1003 1124 carmina
1027 1090 1063 1125 et
1083 1099 1185 1122 sacra
1212 1087 1375 1123 videatur
1394 1098 1494 1122 com-

843 1156 1064 1190 memorare,
1093 1156 1188 1191 quae
1207 1143 1254 1179 ad
1280 1143 1378 1193 prius
1401 1146 1493 1180 tem-

843 1213 910 1250 pus
943 1200 1012 1236 sint
1042 1199 1246 1236 revocanda
1275 1200 1339 1247 (ef.
1363 1199 1407 1245 ll,
1422 1198 1490 1239 49.

845 1258 909 1297 51.
931 1256 995 1297 52.
1014 1257 1118 1304 81),
1151 1256 1326 1305 ipsosque
1361 1258 1490 1305 poetas

842 1313 1005 1348 Homero
1027 1312 1164 1361 priores
1184 1311 1230 1359 ΙΙ,
1250 1313 1322 1357 233
1353 1316 1391 1347 ut
1406 1311 1493 1349 inde

842 1381 989 1416 quoque
1036 1372 1233 1417 appareat,
1288 1367 1492 1417 respexisse

841 1423 1018 1460 Nostrum
1038 1436 1081 1459 ea
1099 1424 1274 1469 carmina,
1304 1435 1397 1472 quae
1425 1435 1492 1460 sua

840 1480 950 1528 ipsius
984 1482 1106 1515 aetate
1127 1479 1192 1515 sub
1222 1478 1312 1515 falso
1339 1479 1491 1528 Orphei,

838 1535 921 1572 Lini
959 1534 1182 1582 aliorumque
1217 1535 1362 1571 nomine
1395 1536 1491 1572 sere—

838 1592 982 1637 bantur,
1004 1603 1084 1627 cum
1104 1590 1153 1627 ad
1169 1591 1304 1628 seriora
1323 1595 1490 1642 tempora

836 1648 1071 1698 pertinerent.

892 1758 956 1798 καὶ
974 1755 1021 1798 vd
1040 1756 1111 1809 μὲν
1127 1761 1267 1811 πρῶτα
1285 1757 1329 1797 αἱ
1343 1759 1488 1798 Δωδω-

836 1816 943 1861 νίδες
966 1812 1093 1866 ἱρήϊαι
1110 1813 1285 1866 λέγουσι]
1316 1815 1488 1864 Intelligit

837 1885 893 1918 ea,
907 1884 1001 1920 quae
1021 1884 1099 1921 cap.
1120 1875 1174 1912 52
1191 1875 1411 1908 narraverat.
1430 1891 1486 1899 —-

837 1929 1029 1965 Caeterum
1048 1928 1138 1964 haec
1149 1940 1270 1964 rursus
1290 1927 1487 1964 candidum

835 1984 1015 2020 Herodoti
1033 1984 1189 2020 studium
1202 1984 1486 2032 religionemque

836 2040 912 2076 veri
928 2040 1097 2076 tradendi
1119 2040 1203 2076 satis
1222 2040 1392 2089 produnt,
1422 2040 1484 2087 qui

835 2099 910 2131 tam
928 2099 1104 2141 accurate,
1135 2108 1229 2144 quae
1248 2096 1327 2145 ipse
1352 2096 1485 2132 sentiat

837 2156 900 2188 aut
920 2155 1075 2198 statuat,
1105 2152 1150 2188 ab
1171 2153 1235 2198 iis,
1264 2164 1358 2200 quae
1385 2152 1486 2189 fama

836 2212 1036 2257 acceperat,
1067 2207 1276 2256 distinguat.
1317 2207 1417 2245 Idem
1445 2208 1483 2244 in

835 2265 952 2313 capite
984 2265 1147 2312 sequenti
1170 2265 1364 2301 observare
1387 2263 1482 2310 licet,

834 2320 896 2356 ubi
923 2320 1095 2369 legimus:
1134 2316 1249 2359 τόνδε
1268 2313 1484 2371 Αἰγύπτιοι

833 2371 953 2427 λόγον
977 2375 1155 2429 λέγουσις
1199 2377 1284 2414 add.
1317 2388 1395 2429 cap.
1425 2373 1481 2417 55

830 2432 908 2470 init.

890 2541 937 2583 τοέ
964 2542 1003 2591 ἐς
1035 2541 1218 2582 Ἡσίοδον
1239 2562 1294 2571 -
1318 2539 1482 2593 ἔχοντα]

832 2602 856 2638 ἰ.
876 2615 907 2638 e.
927 2614 968 2638 ea
989 2614 1077 2650 quae
1089 2599 1337 2637 aclHeswdam
1355 2603 1386 2635 et
1401 2598 1483 2635 Ho-

831 2670 959 2694 merum
979 2660 1143 2706 spectant.
1172 2655 1409 2693 Locutionem
1425 2655 1481 2692 in-

833 2715 879 2751 de
908 2715 1032 2750 sumsit
1052 2713 1250 2750 Pausanias
1275 2711 1312 2761 I,
1331 2715 1358 2754 2
1382 2709 1419 2762 ὃ.
1439 2710 1481 2760 4,

834 2770 895 2807 ubi
911 2769 1015 2821 plura
1031 2768 1196 2808 Siebelis.

1171 2936 1265 2976 39*
