1909 3228
502 242 588 281 516

911 235 1372 277 HERODOTI

503 347 791 402 διαιρέεσθαι,
838 344 910 387 καὶ
952 342 1212 399 ἀμφοτέρων
1239 348 1327 388 ταῖν
1357 345 1631 402 ἐπωνυμιέων
1659 345 1749 402 ἕχε-

503 430 625 468 σθαι·
670 421 722 466 τοὶ
750 422 829 477 μὲν
857 421 941 478 γὰρ
972 421 1105 478 αὐτῆς
1133 421 1242 466 εἶναι
1271 427 1345 479 τῆς
1374 423 1561 480 Λιβύης·
1609 424 1660 468 τά
1691 424 1750 475 δὲ,

473 506 578 557 4τῆς
605 501 754 556 Ἀσίης.
786 500 809 544 ὁ
838 500 921 556 γὰρ
952 499 1004 557 δὴ
1037 505 1197 552 Νεῖλος
1227 500 1465 556 ἀρξάμενος
1485 503 1529 545 ἐκ
1549 507 1635 545 τῶν
1662 506 1750 545 Κα-

501 579 758 631 ταδούπων,
789 579 901 634 ῥέει,
929 580 1063 636 μέσην
1082 581 1305 635 Αἴγυπτον
1328 582 1501 635 σχίζων,
1523 580 1565 631 ἐς
1585 579 1751 624 θάλασ-

503 669 598 701 σαν.
657 657 779 713 μέχρι
817 658 898 714 μέν
932 674 1014 701 νυν
1053 657 1348 713 Κερκασώρου
1387 658 1537 709 πόλιος
1574 658 1659 712 ῥέει
1691 655 1750 708 εἷς
1765 666 1809 699 80

502 734 586 779 ἐών
616 732 638 778 ὁ
670 739 846 787 Νεῖλος·
893 738 941 780 τὸ
972 736 1017 780 δὲ
1048 735 1132 780 ἀπὸ
1160 735 1318 793 ταύτης
1346 742 1422 793 τῆς
1452 737 1622 788 πόλιος,
1664 738 1752 791 σχί-

500 817 613 866 ζεται
643 816 874 870 τριφασίας
903 813 1054 866 ὁδούς·
1097 817 1170 859 καὶ
1199 814 1226 871 ἡ
1259 816 1337 871 μὲν
1374 815 1483 869 πρὸς
1511 813 1574 871 ἠῶ
1604 814 1753 869 τρέπε-

499 910 591 945 ται,
622 892 670 936 τὸ
700 893 894 936 καλέεται
924 893 1178 950 Πηλούσιον
1209 894 1363 950 στόμα’
1395 894 1421 949 ἡ
1453 895 1497 937 δὲ
1521 894 1641 948 ἑτέρη
1666 896 1755 935 τῶν

500 970 617 1015 ὁδῶν
645 971 752 1025 πρὸς
783 971 964 1028 ἑσπέρην
1000 975 1099 1028 ἔχει·
1132 978 1260 1016 τοῦτο
1294 974 1338 1016 δὲ
1365 971 1625 1027 Κανωβικὸν
1655 969 1753 1014 στό-

472 1058 563 1106 5μα
601 1051 810 1106 κέκληται.
866 1050 892 1107 ἡ
932 1053 977 1095 δὲ
1015 1050 1067 1106 δή
1105 1052 1203 1094 ἰθέα
1238 1057 1326 1094 τῶν
1363 1052 1479 1094 ὁδῶν
1518 1055 1577 1109 τῷ
1610 1053 1755 1106 Νείλῳ

503 1129 592 1172 ἐστὶ
621 1129 713 1185 ἥδε·
747 1129 918 1173 ἄνωθεν
948 1129 1213 1186 φερόμενος,
1251 1130 1293 1181 ές
1323 1130 1369 1174 τὸ
1401 1129 1476 1181 ὀξὺ
1508 1134 1586 1173 τοῦ
1617 1128 1754 1172 Δέλτα
1767 1132 1810 1169 85

501 1206 744 1252 ἀπικνέεται
755 1219 767 1232 ”

827 1209 875 1252 τὸ
912 1209 958 1253 δὲ
1001 1209 1084 1253 ἀπὸ
1124 1209 1306 1260 τούτου,
1349 1211 1501 1263 σχίζων
1540 1207 1675 1263 μέσον
1706 1206 1756 1250 τὸ

499 1287 660 1339 Δέλτα,
707 1287 749 1339 ἐς
776 1286 1004 1332 θάλασσαν
1041 1289 1161 1340 ἐξίει,
1218 1286 1318 1331 οὔτε
1348 1287 1569 1343 ἐλαχίστην
1598 1287 1757 1342 μοίρην

500 1369 581 1408 τοῦ
610 1366 771 1417 ὕδατος
800 1366 1090 1424 παρεχόμενος
1114 1367 1278 1422 ταύτῃ,
1310 1364 1408 1410 οὔτε
1437 1366 1591 1421 ἥκιστα
1623 1364 1755 1408 ου’νο-

472 1443 690 1499 6μαστήν·
729 1446 777 1488 τὸ
808 1444 1003 1489 καλέεται

1033 1443 1353 1501 Σεβεννυτικὸν
1385 1443 1533 1499 στόμα.
1593 1442 1677 1486 ἔστι
1709 1442 1755 1485 δὲ

499 1523 573 1566 καὶ
600 1523 722 1577 ἕτερα
752 1522 934 1579 διφάσια
964 1522 1177 1579 στόματα,
1209 1522 1292 1566 ἀπὸ
1323 1526 1402 1566 τοῦ
1432 1524 1753 1578 Σεβεννυτικοῦ
1766 1528 1811 1561 90

500 1691 736 1747 ἀμφοτέρων
754 1717 799 1725 -—
828 1695 1008 1747 ἔχεσθαι]
1036 1695 1094 1735 De

444 1754 621 1788 structura
646 1753 744 1789 verbi
771 1751 931 1802 ἔχεσθαι
951 1755 1045 1790 cons
1063 1753 1092 1799 l,

447 1809 657 1848 120190.

501 1861 609 1914 μέχρι
630 1860 700 1912 μέν
725 1875 801 1901 νυν
823 1858 1091 1915 Κερκασώρου

443 1914 580 1964 πόλιος
607 1918 686 1969 ῥέει
714 1914 768 1964 εἷς
788 1916 863 1957 ε’ὠν
883 1935 903 1959 ο
929 1917 1088 1969 Νεῖλος]

442 1975 501 2012 De
521 1975 698 2011 Cercason'
716 1976 852 2025 oppido
873 1977 967 2013 conf.
991 1977 1093 2012 Stra-

442 2031 527 2068 bon.
548 2031 653 2067 XVII
687 2034 842 2080 p.806‚
867 2031 900 2069 D
933 2046 960 2068 s.
985 2034 1092 2073 1160

443 2091 481 2124 et
509 2087 687 2124 Herodot.
721 2087 775 2134 ll,
804 2090 866 2128 19.
890 2090 955 2129 97.
1013 2086 1094 2125 Nec

443 2143 610 2180 dissentit
635 2143 857 2193 Pomponius
886 2143 985 2181 Mela
1009 2143 1045 2190 I,
1068 2144 1092 2183 9

442 2198 532 2236 haec
553 2199 732 2236 scribens:
763 2200 899 2247 „quta
919 2200 1094 2237 Cercaso-

442 2268 521 2291 rum
547 2255 724 2305 oppidum
753 2255 882 2306 triplex
904 2269 984 2293 esse
1005 2254 1093 2303 (Ni-

442 2310 516 2359 lus)
537 2311 700 2361 incipit.“
757 2311 946 2349 Cercasori
974 2311 1091 2348 locum

442 2380 538 2404 nunc
584 2379 760 2416 occupare
805 2367 928 2405 dicunt
975 2368 1090 2404 vicum

442 2422 563 2460 Eksas
595 2436 622 2459 s.
649 2422 764 2460 Alcsas
807 2423 844 2459 in
880 2423 1091 2461 occidentali

442 2479 521 2529 ripa
540 2479 637 2526 Nili,
667 2492 734 2517 nec
763 2480 978 2517 audiendum
1009 2491 1089 2516 esse

443 2536 600 2582 Savary‚
635 2534 678 2571 V.
707 2535 778 2581 D.,
826 2536 886 2584 qui
914 2535 949 2571 in
991 2547 1089 2584 pago

444 2590 673 2628 Charakanie
707 2591 753 2628 ab
803 2590 964 2629 orientali
1010 2591 1089 2639 ripa

442 2645 518 2682 Nili
546 2651 701 2684 veterem
731 2647 856 2684 urbem
883 2646 1086 2696 quaesierit.

444 2701 550 2738 Cons.
581 2702 849 2740 Schlichthorst.
872 2703 893 2739 l.
920 2702 941 2738 l.
964 2717 999 2753 p.
1021 2703 1086 2743 63.

442 2756 655 2794 Hartmann.
682 2758 704 2794 l.
725 2758 747 2795 l.
775 2772 860 2808 pag.
885 2761 978 2799 783.
1019 2758 1087 2795 Ni-

445 2810 515 2848 lum
536 2826 620 2849 vero
647 2815 768 2851 scribit
794 2814 850 2852 Le
871 2815 962 2852 Pizre
991 2815 1086 2862 (Βέ-

446 2868 618 2918 script.de
628 2869 720 2918 l'Eg.
734 2870 793 2908 Et.
804 2873 900 2909 mod.
912 2872 971 2923 Ip.
985 2871 1085 2919 119)

1163 1709 1206 1734 eo
1228 1697 1305 1734 loco
1328 1696 1460 1742 dividi,
1490 1697 1552 1745 qui
1572 1709 1666 1734 nunc
1685 1696 1812 1744 cogni-

1162 1758 1220 1789 tus
1240 1753 1385 1788 nomine
1397 1751 1495 1787 Βιιίη
1506 1774 1521 1779 -
1534 1752 1564 1788 el
1574 1751 1809 1801 -Baquarak.

1161 1807 1221 1844 De
1243 1808 1388 1855 reliquis
1404 1808 1474 1844 vid.
1495 1807 1642 1844 Excurs.

1219 1879 1244 1913 η
1269 1861 1311 1902 ὁὲ
1330 1860 1379 1913 δη
1409 1861 1502 1902 ἰθέα
1527 1878 1606 1902 των
1629 1862 1738 1903 όδων
1754 1865 1812 1917 τῷ

1168 1920 1294 1972 Νείλῳ
1313 1934 1347 1957 κ.
1367 1934 1398 1957 τ.
1415 1918 1463 1970 λ]
1500 1918 1559 1956 Ad
1578 1921 1735 1957 dativum
1755 1922 1812 1974 τῷ

1163 1976 1294 2027 Νείλῳ
1330 1976 1464 2015 consul.
1493 1975 1623 2012 Matth.
1654 1977 1718 2013 Gr.
1745 1961 1810 2014 G'r.

1161 2045 1246 2082 pag.
1271 2031 1379 2078 714,
1409 2036 1445 2069 et
1469 2033 1515 2068 ad
1544 2034 1696 2069 sormam
1718 2031 1810 2079 ἐξίει

1163 2089 1317 2125 eundern
1348 2100 1434 2138 pag.
1456 2088 1549 2128 401.
1590 2088 1672 2125 Vid.
1700 2100 1809 2138 supra

1160 2144 1256 2191 1‚6.
1283 2145 1372 2183 180-
1421 2143 1532 2180 Paulo
1551 2148 1635 2193 post
1657 2157 1734 2180 cum
1752 2157 1809 2181 re-

1160 2205 1266 2237 ccntt.
1300 2199 1397 2236 edidi
1422 2195 1542 2252 ταύτῃ
1573 2212 1640 2249 pro
1661 2199 1808 2248 vulgato

1158 2251 1316 2305 ταύτην.

1216 2306 1384 2361 διφασια
1428 2305 1602 2361 στόματα
1625 2340 1636 2358 ,
1688 2327 1712 2349 α
1735 2325 1764 2350 π
1785 2327 1806 2351 ο

1158 2369 1249 2406 τοῦ
1267 2365 1676 2417 Σεβεννυτικοῦ]
1696 2367 1807 2411 Quod

1157 2423 1425 2461 schlichthorst.
1458 2423 1480 2459 l.
1514 2423 1535 2460 Ι.
1563 2436 1648 2472 pag.
1667 2425 1721 2464 38
1749 2437 1807 2462 re-

1157 2481 1243 2529 poni
1275 2480 1369 2516 vult:
1416 2474 1492 2518 a’nd
1519 2481 1590 2518 τοῦ
1619 2482 1807 2519 Βουκολι-

1156 2537 1253 2583 κοῦ,
1284 2550 1326 2573 eo
1357 2534 1454 2571 libris
1484 2536 1698 2586 praesertim
1738 2536 1807 2573 ad-

1157 2592 1381 2628 versantibus
1412 2592 1557 2629 minime
1584 2605 1686 2641 opus.
1724 2591 1806 2629 Nec

1155 2648 1270 2695 magis
1289 2661 1379 2697 opus
1396 2674 1406 2692 ‚
1437 2647 1546 2696 paulo
1576 2647 1724 2684 inferius
1747 2660 1804 2685 re-

1155 2705 1310 2741 scribere
1349 2700 1550 2742 Τανιτικόν
1577 2716 1644 2753 pro
1669 2706 1804 2742 Σαϊτι-

1154 2757 1248 2808 κόν,
1278 2764 1315 2796 ut
1337 2760 1452 2797 eidem
1476 2760 1610 2810 piacuit
1626 2759 1801 2797 Schlicht-

1153 2816 1264 2853 horst.
1286 2815 1308 2852 l.
1330 2815 1351 2852 l.
1372 2829 1457 2867 pag.
1478 2815 1544 2858 42.
1595 2815 1655 2853 Tu
1675 2815 1799 2852 videas

1152 2872 1301 2910 Excurs-
