1909 3228
535 208 616 245 AD
661 204 1262 252 HERODOT.11‚148.
1571 208 1655 246 919

146 333 256 358 unum
274 319 567 358 Psannnitichum
583 321 751 369 adeoque
769 320 876 356 etiam
899 320 946 355 ad
973 331 1084 355 unum
1102 330 1145 355 ex
1171 317 1262 354 illius
1284 318 1559 354 successoribus.
1607 318 1653 356 Et

145 394 274 439 postea
297 390 393 426 idem
412 389 626 426 Mannertus
645 388 665 425 l.
689 387 710 424 l.
742 399 826 438 pag.
848 386 927 427 441
958 386 1051 423 hanc
1068 385 1240 436 proponit
1264 385 1529 422 coniecturam:
1561 400 1649 423 eun-

145 457 227 493 dem
251 456 502 503 Memnonem,
535 458 596 505 qui
618 456 864 493 Mernnoninm
884 459 919 491 et
940 454 1077 491 Thebis
1106 458 1143 492 et
1170 453 1292 502 Abydi
1318 454 1553 499 exstruxerit,
1584 468 1651 504 pro

142 524 334 573 labyrinthi
366 530 511 561 auctore
541 530 650 573 atque
677 525 862 561 conditore
891 536 970 560 esse
998 522 1217 559 habendum.

254 593 311 630 De
330 593 473 629 nomine
494 592 688 642 labyrinthi
706 593 823 628 varias
842 592 876 628 in
897 596 1018 642 partes
1041 591 1177 627 abeunt
1194 591 1260 626 viri
1279 591 1389 628 docti.
1429 590 1522 625 Sunt
1543 590 1650 636 enini,

142 661 204 709 qui
230 660 408 697 Graecum
430 660 639 696 vocabulum
659 673 737 697 esse
759 661 1001 705 contendant,
1035 671 1151 708 eoque
1169 658 1363 708 significari
1383 658 1507 694 volunt
1526 669 1651 705 quem-

141 729 193 765 vis
211 727 340 774 locum,
365 741 407 765 ex
427 742 498 776 quo
520 727 714 765 difficulter
733 729 865 765 exitum
890 727 1049 778 reperire
1069 740 1202 775 queas,
1232 726 1289 762 alii
1310 739 1330 763 e
1351 725 1506 775 Coptica
1527 724 1650 772 lingua

139 797 237 832 vocis
265 796 422 843 origines
453 801 617 846 repetere
646 796 804 841 malunt,
846 795 904 831 alii
935 795 1114 843 denique,
1145 808 1224 831 cuin
1259 795 1357 844 apud
1388 792 1648 829 Manethonern

139 863 300 912 legatur,
330 862 525 900 Lacliarem
546 865 620 900 sive
640 863 820 909 Labarin,
851 862 1009 913 Aegypti
1032 875 1156 910 regem
1177 861 1372 911 perfecisse
1396 860 1648 910 labyrinthum,

139 930 222 968 hinc
250 932 439 968 commode
465 932 596 981 exponi
619 944 727 981 posse
754 934 904 968 censent
934 930 1147 966 domicilium
1168 928 1333 965 Labaris.
1393 929 1473 965 vid.
1504 933 1650 978 praeter

138 999 249 1036 Beck.
268 999 290 1036 l.
308 999 329 1035 l.
352 999 511 1049 inprimis
533 999 711 1035 lablonsk.
732 1012 828 1036 voce.
848 998 965 1047 Aegg.
985 1011 1070 1048 pag.
1093 998 1172 1038 123
1189 1009 1264 1045 seq.
1286 995 1407 1044 ibique
1428 996 1486 1033 Te
1508 996 1646 1033 W'ater.

136 1080 221 1117 pag.
245 1066 322 1108 125
346 1080 420 1116 seq.
451 1071 527 1103 not.
552 1080 580 1102 r.
639 1067 720 1117 lpse
747 1066 974 1103 Iablonskius
1005 1066 1119 1116 (pag.
1143 1065 1221 1105 125
1245 1064 1266 1100 l.
1286 1064 1328 1109 l.)
1360 1076 1403 1100 ea
1426 1077 1469 1101 ex
1500 1069 1647 1101 sentcn-

136 1136 210 1181 tia,
241 1147 314 1184 qua
332 1134 522 1184 labyrinthi
542 1148 633 1185 opus
654 1148 674 1171 a
694 1134 858 1185 pluribus
881 1134 1039 1184 Aegypti
1065 1133 1212 1181 regibus
1244 1130 1416 1181 paulatim
1442 1134 1551 1169 fuerit
1581 1133 1644 1169 ab-

136 1201 314 1250 solutum,
345 1204 511 1253 exponit:
553 1217 636 1252 opus
655 1203 840 1239 multorum
865 1201 920 1239 vel
943 1214 1090 1249 magnae
1111 1200 1367 1242 nuzltituclinzk5
1398 1200 1444 1236 ab
1475 1200 1646 1236 Israelitis

136 1270 255 1316 enim,
287 1283 377 1318 quos
401 1271 600 1320 permultos
626 1271 662 1307 in
686 1270 856 1320 Aegypto
882 1271 994 1306 fuisse
1026 1271 1191 1306 novimus
1223 1269 1336 1315 (cons.
1361 1268 1465 1304 exod.
1490 1267 1524 1313 I,
1544 1270 1580 1307 7.
1608 1271 1644 1308 9.

140 1338 234 1385 12),
266 1339 378 1376 videri
399 1343 639 1384 exstructum3
669 1340 769 1388 quod
795 1338 998 1388 Aegyptios
1022 1337 1218 1387 postmodo
1247 1337 1297 1372 ita
1323 1336 1436 1372 fuisse
1465 1336 1645 1385 interpre—

133 1410 250 1453 tatos,
281 1410 320 1442 ut
338 1406 493 1456 plurium
512 1410 547 1443 et
568 1407 716 1454 quidem
734 1407 926 1443 duodecim
948 1406 1151 1455 principum
1180 1417 1273 1453 opus
1298 1403 1460 1440 dicerent
1486 1402 1644 1451 labyrin-

132 1472 245 1510 thum.
303 1472 524 1523 Nuperrime
549 1474 596 1510 de
629 1474 825 1522 labyrinthi
848 1486 936 1510 voce
959 1474 1009 1509 sic
1032 1471 1156 1509 statuit
1184 1471 1334 1507 Sickler.
1355 1470 1560 1507 Handbnch
1580 1472 1644 1507 der

133 1539 233 1577 alten
256 1541 396 1590 Geogr.
417 1555 502 1592 pag.
521 1544 624 1589 797,
654 1547 696 1578 ut
713 1544 930 1591 exponeret:
962 1548 1101 1593 riu-T:⁴
1115 1549 1134 1557 ·
1148 1533 1215 1592 ,πῂ
1244 1538 1431 1586 (ᾹαυαΙι-
1445 1538 1644 1583 Biranitlz)

131 1608 153 1644 i.
177 1621 208 1646 e.
239 1609 391 1646 cohaesit
409 1622 495 1656 arx,
525 1622 610 1659 pro:
643 1608 824 1646 cohaerens
855 1621 940 1644 auc:
982 1608 1048 1645 das
1073 1606 1478 1655 zusammenhiingende
1497 1605 1642 1643 Schloss

131 1677 221 1714 oder
243 1677 564 1725 Prachtgebaude!

247 1745 366 1782 Situm
396 1744 589 1792 labyrinthi
616 1744 702 1780 satis
733 1743 916 1781 declarare
942 1743 1112 1780 videntur
1138 1742 1321 1779 Herodoti
1348 1743 1477 1779 verba:
1509 1737 1642 1795 ὀλίγον

130 1810 231 1864 ’ὑπὲρ
258 1814 329 1862 τῆς
357 1813 498 1862 λίμνης
531 1813 602 1861 τῆς
628 1810 805 1861 Μοίριος
829 1816 867 1848 et
898 1824 992 1860 quae
1018 1814 1228 1858 sequuntur.
1260 1810 1383 1851 Quare
1413 1810 1513 1858 quod
1537 1810 1635 1846 Dan-

129 1880 242 1916 villius
277 1881 455 1929 duplicem
486 1878 729 1928 labyrinthum
758 1879 871 1916 fuisse
900 1880 984 1915 olim
1012 1879 1213 1924 statuebat,
1260 1877 1514 1924 Herodotique
1541 1876 1640 1924 laby-

128 1949 285 1985 rinthum
310 1947 654 1997 Heracleopolitano
696 1959 804 1982 nomo
835 1947 1055 1997 adscriptum
1092 1945 1239 1983 volebat
1274 1957 1390 1996 prope
1422 1945 1637 1994 septentrio-

129 2017 248 2054 nalem
288 2017 481 2054 terminum
519 2015 594 2051 eius
630 2012 762 2050 canalis
790 2042 801 2060 ,
850 2014 912 2062 qui
951 2028 1048 2052 nunc
1076 2014 1224 2064 quidem
1253 2012 1456 2063 appelletur
1483 2011 1639 2058 Bathen,

128 2086 267 2135 lapsum
286 2085 394 2121 fuisse
410 2084 525 2119 virum
548 2081 734 2131 egregium
754 2082 833 2132 ipsa
853 2082 1035 2119 Herodoti
1055 2083 1166 2119 verba
1186 2086 1295 2130 atque
1317 2079 1509 2116 Strabonis
1536 2079 1640 2116 facile

128 2154 306 2191 evincunt.
364 2151 490 2189 Unum
518 2155 658 2187 tantum
684 2152 720 2186 in
752 2150 922 2201 Aegypto
953 2150 1224 2188 commemorari
1255 2147 1495 2196 labyrinthum
1528 2159 1550 2182 a
1576 2159 1638 2183 ven

128 2221 264 2258 teribus
291 2224 388 2257 recte
414 2219 537 2270 posuit
566 2219 695 2267 Zoega
733 2219 780 2255 de
805 2219 909 2256 obell.
948 2232 1032 2268 pag.
1059 2217 1140 2258 418
1179 2222 1255 2254 not.
1288 2219 1338 2256 10
1376 2215 1445 2251 hoc
1473 2215 1632 2250 addens:

127 2288 298 2337 reliquias
327 2288 402 2325 eius
434 2288 589 2338 primum
617 2287 797 2324 detexisse
820 2286 958 2324 Lucam
983 2299 1099 2336 prope
1129 2285 1304 2323 Moeridis
1336 2283 1449 2319 lacum
1472 2295 1515 2318 eo
1544 2282 1634 2328 loco,

128 2357 189 2405 qui
220 2369 315 2393 nunc
345 2356 484 2392 dicatur
513 2354 757 2392 Kesr-Caron
786 2355 808 2391 i.
843 2368 875 2392 e.
911 2367 980 2391 ara:
1009 2354 1169 2390 Carum's.
1235 2352 1333 2390 Nam
1364 2349 1516 2387 multum
1551 2349 1634 2386 olim

127 2423 369 2472 disceptatum
393 2426 448 2459 est
479 2422 572 2458 inter
597 2421 692 2458 viros
722 2423 871 2470 doctos,
900 2422 1095 2472 labyrinthi
1112 2426 1229 2458 utrum
1251 2419 1322 2456 ulla
1344 2418 1490 2454 omnino
1510 2430 1636 2467 snper-

129 2491 200 2526 sint
218 2491 352 2527 rudera
371 2503 439 2527 nec
457 2502 526 2535 ne,
561 2489 630 2525 vid.
652 2491 761 2527 modo
782 2491 895 2528 Beck.
922 2490 944 2527 l.
967 2490 989 2526 l.
1011 2504 1046 2539 p.
1071 2492 1153 2530 722
1183 2492 1219 2526 et
1240 2487 1369 2534 Zo'ega
1388 2485 1410 2521 l.
1434 2484 1456 2522 l.
1496 2484 1635 2522 Nostra

127 2561 249 2593 aetate
273 2557 475 2594 accuratius
497 2557 533 2592 in
552 2556 642 2593 haec
659 2557 921 2606 inquisiverunt
942 2558 1039 2594 docti
1062 2557 1157 2593 Galli
1181 2556 1202 2592 l.
1221 2556 1241 2592 l.
1267 2566 1351 2605 pag.
1373 2554 1438 2593 32.
1483 2551 1634 2590 Minime

128 2624 224 2661 enim
244 2637 287 2661 eo
307 2624 407 2671 loco,
447 2624 507 2660 ubi
535 2623 654 2660 Lucas
683 2624 815 2673 aliique
845 2626 977 2661 rudera
1010 2622 1205 2671 labyrinthi
1234 2621 1414 2658 detexisse
1440 2620 1507 2656 sibi
1532 2621 1632 2657 vide-

126 2691 278 2739 bantur,
308 2691 501 2741 labyrinthi
519 2690 686 2739 reliquias
711 2705 792 2728 esse
817 2692 1044 2740 quaerendas
1076 2691 1229 2735 docent,
1261 2701 1355 2738 quae
1381 2701 1496 2738 prope
1516 2689 1630 2724 Kest-

126 2757 249 2795 Caron
278 2759 373 2805 (sive
396 2758 707 2807 Kassr-Kemun)
736 2759 963 2796 inveniantur
984 2759 1133 2803 rudera,
1168 2770 1211 2794 ea
1232 2757 1280 2793 ad
1296 2756 1432 2806 templa
1449 2757 1631 2805 pertinere

125 2838 221 2864 nunc
251 2827 380 2864 diruta.
439 2827 522 2864 vid.
555 2826 713 2864 Ioniard.
739 2826 760 2862 l.
782 2826 804 2863 l.
832 2839 917 2877 pag.
946 2829 994 2868 13
1013 2839 1116 2876 seqq.
1147 2825 1227 2863 coll.
1247 2825 1380 2863 Ritter,
1398 2823 1589 2860 Erdkund.
1614 2821 1628 2858 1
