1877 3223
443 240 498 278 38
856 237 1324 277 HERODOTI

447 346 694 401 χρεωμένῳ.
737 343 792 389 οὐ
821 347 1072 400 Κορινθίων
1097 351 1177 390 τοῦ
1205 348 1420 401 δημοσίου
1449 348 1565 391 ἐστὶν
1595 347 1619 390 ὁ
1651 353 1731 404 θη-

1509 421 1649 478 Οὗτος
1684 427 1732 471 δὲ
1776 426 1802 465 8

450 501 472 546 ὁ
498 501 665 558 Γύγης,
696 507 870 558 πρῶτος
889 503 1125 561 βαρβάρων
1145 508 1233 547 τῶν
1254 503 1374 561 ἡμεῖς
1394 505 1540 560 ἰ’δμεν,
1562 504 1606 557 ἐς
1625 509 1730 549 Δελ-

426 422 633 478 Βσαυρός,
680 422 788 467 ἀλλά
826 424 1035 476 Κυψέλου
1078 429 1157 468 τοῦ
1194 424 1434 476 Ἠετίωνος.
1866 407 1874 429 ⁹

406 680 589 728 Participii
610 680 646 716 in
666 680 788 716 dativo
815 694 919 718 usum
938 684 996 722 (ut
1016 681 1059 728 ll,

408 739 456 776 11
471 766 480 781 ‚
522 736 597 772 aliis
626 735 741 780 locis)
793 737 886 774 bene
923 738 1060 774 notavit

409 792 581 829 Matthiae
618 792 685 829 Gr.
722 792 790 830 Gr.
828 792 865 843 ἓ.
896 795 998 840 388,
1034 794 1056 830 h

403 860 439 897 p.
463 850 556 888 711.
588 847 648 885 Tu
672 852 791 885 verte:
822 850 978 899 „siquis
1000 862 1057 885 ve-

407 915 484 940 rum
499 904 610 941 (licere
627 903 747 942 vult.“

462 983 512 1027 οὗ
550 988 787 1040 Κορινθίων
825 990 900 1027 τοῦ
934 987 1059 1037 δημο-

407 1044 496 1084 σίου
528 1043 632 1084 ἔστὶν
657 1043 680 1085 ὁ
701 1041 927 1097 θησαυρός,
962 1040 1057 1082 α’λλοὶ

405 1099 599 1149 Κυψέλου
626 1103 700 1141 τοῦ
726 1096 954 1150 Ἠετίωνος]
985 1100 1058 1136 Pro

403 1157 603 1207 δημοσίου
665 1158 744 1194 libri
793 1158 941 1207 quidam
990 1151 1058 1207 δή-

403 1227 503 1263 μου,
531 1214 649 1262 quod,
676 1219 752 1251 uta
774 1214 955 1251 sententia
978 1213 1059 1263 ipsa

404 1281 478 1305 non
501 1269 677 1317 alienum,
706 1270 756 1306 ita
784 1274 908 1307 tamen
936 1269 991 1305 hic
1015 1281 1058 1306 ex

403 1325 584 1362 scribendi
602 1327 819 1377 compendio
839 1331 955 1363 ortum
975 1338 1057 1362 esse

403 1381 461 1417 vix
494 1381 655 1420 dubium.
711 1382 808 1419 Hinc
836 1387 933 1419 recte
965 1394 1057 1430 quo-

404 1450 476 1485 que
514 1437 626 1474 tuitus
676 1442 732 1475 est
777 1438 961 1475 Schaefcr.
1010 1437 1057 1472 ad

404 1492 594 1531 Lambert.
653 1493 741 1530 Bos.
801 1495 847 1531 dc
905 1492 1055 1542 Ellipss.

403 1561 440 1599 p.
467 1549 550 1590 462
575 1549 635 1586 ubi
654 1550 726 1587 vid.
747 1572 803 1577 —
834 1549 893 1588 De
914 1549 1058 1599 Cypsela

403 1605 478 1642 vid.
506 1606 600 1642 infra
626 1605 671 1654 V,
693 1609 758 1648 92.
779 1628 834 1633 —-—
855 1602 1059 1657 θησαυροὶ

403 1674 667 1712 saepenumero
707 1662 875 1700 dicuntur
913 1663 1058 1700 aedicu-

402 1716 461 1755 lae
493 1731 522 1754 S.
556 1717 667 1756 cellae
688 1719 726 1755 in
758 1719 935 1770 Delphico
966 1723 1058 1755 tem-

402 1773 466 1824 plo
487 1786 510 1810 a
536 1774 686 1822 singulis
713 1775 861 1823 regibus
883 1789 911 1811 s.
936 1776 1058 1812 civita-

403 1829 499 1866 tibus
528 1830 736 1878 dedicatae,
767 1832 804 1868 in
832 1832 962 1881 quibus
992 1844 1059 1867 sua

403 1897 571 1934 quaeque
590 1886 713 1923 civitas
737 1887 908 1935 donaria,
933 1899 1059 1924 aurum

403 1940 511 1977 etiam
557 1946 593 1978 et
632 1948 842 1991 argentum,
901 1943 1059 1993 Apollini

403 1998 619 2034 sacrandum
650 1992 865 2049 deponeret.
906 1999 1060 2036 Minime

404 2054 515 2101 igitur
544 2054 601 2091 hic
628 2056 861 2103 cogitandum
897 2056 943 2092 dc
978 2056 1057 2092 thc-

401 2111 522 2145 sauris
549 2111 764 2158 quibusdam
797 2111 974 2162 Apollinis
996 2124 1058 2148 ve-

405 2165 469 2201 luti
505 2165 591 2202 fidei
630 2168 844 2205 commissis,
898 2167 1059 2216 Egregie

404 2221 476 2258 hoc
496 2222 685 2259 admonuit
711 2223 885 2261 Valcken.
919 2225 968 2260 ad
981 2223 1057 2260 He-

406 2277 487 2314 rod.
508 2277 581 2325 IV,
613 2281 713 2326 162,
741 2280 802 2330 qui
823 2280 921 2317 locus
942 2279 1057 2316 omni-

406 2345 455 2369 no
497 2346 577 2369 cum
616 2339 741 2371 nostro
780 2336 1056 2385 comparandus·

406 2387 503 2425 Add.
525 2388 779 2437 Wyttenbach.
805 2391 973 2428 Animad.
1011 2391 1058 2427 ad

408 2443 588 2482 Plutarch.
618 2445 750 2484 Moral.
786 2447 801 2483 l
832 2461 870 2498 p.
906 2450 988 2488 990
1023 2452 1061 2483 et

406 2500 531 2539 Kruse
551 2501 678 2539 Hellas
705 2502 751 2549 ΙΙ,
783 2507 809 2544 2
833 2517 871 2553 p.
893 2503 969 2550 85,
1000 2503 1062 2551 qui

408 2556 598 2594 thesauros
643 2558 870 2605 istiusmodi,
909 2571 1062 2607 quorum

410 2613 544 2650 mentio
592 2613 633 2650 fit
674 2615 771 2664 apud
807 2618 967 2661 veteres,
1006 2627 1063 2652 re-

410 2673 547 2707 censet.

467 2757 583 2810 οὗτος
608 2762 650 2804 ὁὲ
680 2763 701 2804 ὁ
734 2760 886 2817 Γύγης,
911 2766 1066 2816 πρῶτος

410 2814 626 2870 βαρβάρων
670 2823 751 2861 τῶν
794 2819 910 2873 ἡμεῖς
951 2821 1065 2872 ἴδμεν

409 2890 446 2914 κ.
466 2891 501 2915 τ.
522 2875 573 2927 λ-]
612 2877 770 2916 Phanias
790 2891 832 2916 ac
853 2878 889 2916 T
890 2878 1063 2932 heopoui-

1127 693 1196 730 pus
1246 681 1391 729 Gygem
1436 681 1581 718 omnino
1624 681 1779 731 primum

1127 738 1239 774 fuisse
1270 743 1471 775 memorant
1485 768 1495 785 ,
1535 736 1596 787 qui
1611 736 1778 787 Delphos

1126 794 1277 830 donaria
1317 794 1466 831 miserit.
1515 794 1599 830 vid.
1640 793 1774 830 Athen.

1124 849 1187 895 w,
1219 850 1244 889 4
1274 863 1308 899 p.
1333 852 1426 897 231,
1444 851 1486 887 E.
1519 849 1676 900 'l'.11p.
1693 851 1776 890 390

1127 906 1184 942 ed.
1215 906 1416 954 Schweigh.
1456 908 1559 950 Quos
1591 905 1776 942 Xanthum

1127 961 1300 1010 imprimis
1313 968 1455 999 secutos
1466 976 1559 1010 esse,
1571 975 1649 999 cum
1661 962 1776 999 Creu-

1127 1029 1212 1053 zero
1225 1018 1417 1067 suspiceris
1432 1018 1525 1066 licet,
1546 1019 1608 1067 qui
1624 1018 1777 1056 dehisce

1126 1071 1313 1120 Lydorum
1334 1074 1493 1109 donariis
1511 1073 1635 1111 laudat
1644 1075 1778 1123 Heyne

1128 1129 1285 1178 Opuscc.
1313 1128 1456 1167 Acadd.
1478 1129 1510 1166 V
1528 1143 1567 1180 p.
1591 1129 1686 1170 347·
1705 1129 1777 1166 Pa·

1126 1185 1246 1221 ciaudi
1292 1184 1533 1223 Monumentt.
1574 1186 1775 1236 Peloponn.

1126 1240 1160 1278 ll
1196 1254 1233 1291 p.
1277 1242 1327 1283 51
1371 1256 1456 1291 sqq.
1491 1247 1527 1280 et
1557 1242 1776 1279 Ramshom.

1126 1297 1368 1336 Commentat.
1396 1299 1443 1335 de
1471 1302 1671 1336 statuarum
1685 1298 1777 1335 mul-

1124 1353 1229 1391 titud.
1273 1358 1309 1391 et
1354 1355 1400 1392 de
1446 1355 1606 1392 donariis
1641 1354 1777 1405 Delph-

1124 1409 1340 1458 Altenburg.
1382 1412 1489 1452 1814
1531 1425 1568 1461 p.
1612 1414 1666 1452 22
1694 1424 1777 1460 sqq.

1124 1465 1281 1515 Propter
1328 1468 1417 1504 haec
1462 1472 1538 1504 tam
1586 1468 1780 1518 splendida

1126 1522 1297 1569 donaria,
1327 1536 1401 1560 non
1431 1524 1560 1560 mirum
1590 1530 1669 1572 est,
1700 1524 1780 1572 Gy-

1126 1590 1210 1627 gem
1259 1579 1308 1615 ad
1357 1584 1497 1616 tantam
1537 1580 1780 1618 celebritatem

1124 1636 1357 1684 pervenisse,
1414 1641 1453 1673 ut
1510 1637 1586 1674 eius
1636 1637 1780 1674 divitiae

1126 1692 1224 1742 apud
1268 1692 1434 1730 Graecos
1471 1693 1510 1730 in
1552 1694 1780 1743 proverbium

1126 1747 1290 1786 abierint.
1349 1748 1445 1786 Eine
1471 1749 1703 1786 Archilochus
1720 1762 1779 1788 ce·-

1127 1804 1263 1841 cinerat
1303 1804 1402 1850 (vid.
1439 1805 1556 1843 locum
1592 1806 1688 1843 laud.
1732 1806 1782 1844 ad

1126 1872 1207 1911 cap.
1234 1864 1286 1902 12
1309 1862 1412 1910 fin.):

1184 1931 1232 1974 οὕ
1261 1949 1328 1985 μοι
1359 1931 1406 1974 τὰ
1444 1931 1579 1987 Γύγεω
1607 1937 1682 1976 τοῦ
1709 1951 1780 1978 πο-

1346 1987 1549 2043 λυχρύσου
1577 1991 1696 2044 μέλει.

1127 2058 1239 2102 Quod
1298 2060 1477 2109 expressit
1531 2061 1782 2100 Anacreontici

1126 2115 1293 2152 carminis
1318 2119 1464 2162 auctor,
1495 2129 1549 2152 nr.
1577 2117 1668 2154 XV:

1184 2179 1234 2220 οὕ
1257 2196 1325 2233 μοι
1349 2179 1454 2231 μέλει
1479 2178 1613 2234 Γύγεω

1183 2239 1255 2276 τοῦ
1291 2237 1478 2289 Σαρδίων
1514 2236 1696 2288 ἄνακτος.

1126 2316 1222 2352 Hinc
1269 2316 1470 2355 celebratur
1513 2319 1622 2368 vulgo
1647 2314 1781 2372 Γύγου

1126 2373 1297 2418 πλοῦτος
1376 2386 1451 2410 non
1517 2377 1634 2413 minus
1727 2381 1782 2414 at-

1127 2442 1198 2477 que
1233 2430 1361 2466 Croesi
1385 2431 1594 2481 opulentia,
1626 2445 1781 2481 quocum

1129 2485 1208 2534 ipse
1254 2487 1382 2533 Gyges
1430 2488 1567 2537 passim
1614 2489 1783 2538 iungitur.

1130 2541 1212 2580 xid.
1260 2555 1354 2590 quae
1418 2543 1575 2581 laudavit
1628 2545 1694 2586 Cr.
1745 2546 1782 2583 in

1131 2597 1316 2646 Frugnun.
1354 2598 1497 2637 historr.
1536 2615 1575 2651 p.
1609 2603 1690 2644 203
1720 2615 1778 2651 sq.

1133 2659 1169 2690 ct
1197 2655 1233 2691 in
1260 2655 1401 2695 Melett.
1430 2656 1446 2693 l
1477 2670 1514 2706 p.
1541 2660 1597 2699 72
1624 2663 1703 2696 not.
1725 2660 1780 2700 28

1135 2711 1182 2747 ad
1220 2709 1346 2748 Nonni
1382 2718 1541 2760 οἰκ-νοις
1590 2714 1653 2764 qui
1685 2727 1781 2752 nunc

1134 2767 1235 2804 addit
1259 2768 1417 2806 Dracon.
1441 2770 1487 2807 de
1512 2771 1637 2808 metris
1665 2783 1702 2821 p.
1724 2771 1780 2812 33

1134 2823 1233 2866 (coll.
1264 2826 1362 2873 117)
1401 2830 1552 2876 propter
1588 2826 1780 2864 versiculos

1133 2879 1198 2916 illic
1219 2880 1365 2929 allatos,
1395 2883 1455 2920 ubi
1481 2881 1654 2931 syllabam
1679 2883 1779 2936 prio7
