1877 3223
425 260 509 302 116
842 240 1310 291 HERonoTl

426 359 636 425 τρισχίλια
684 364 834 415 ἔθυσε,
881 359 1030 408 κλίνας
1074 370 1119 399 τε
1160 346 1418 408 ἐπιχρύσους
1455 344 1530 391 καὶ
1573 343 1745 399 {noco-50

428 447 613 506 γύρους,
651 444 724 488 καὶ
753 439 913 499 φιάλας
935 434 1140 494 χρυσέας,
1180 432 1253 476 καὶ
1279 429 1429 484 εἵματα
1455 421 1702 480 πορφύρεα,

429 528 505 572 καὶ
531 527 747 574 κιθῶνας,
783 518 944 577 νηήσας
971 513 1114 571 πυρήν
1143 507 1353 569 μεγάλην,
1384 502 1599 548 κατέκαιε·
1641 500 1704 543 ἐλ-

433 608 570 658 πίζων
604 600 683 646 τόν
715 598 823 644 θεὸν
861 594 1024 654 μᾶλλόν
1060 609 1102 637 τι
1143 589 1338 634 τούτοισι
1368 580 1706 637 ἀνακτήσεσθαι·

413 681 623 732 ΞΛυδοῖσί
650 694 695 723 τε
723 680 828 722 πᾶσι
856 677 1053 732 προεῖπε,
1088 669 1216 716 θύειν
1253 663 1395 711 πάντα
1432 658 1531 706 τινα
1563 650 1710 703 αῧτῶν

396 895 434 932 p.
463 876 558 921 104.
612 873 709 912 Α(1(1.
739 871 912 910 Creuzeri
938 872 1046 921 Sym-

397 935 471 975 bol.
494 935 512 972 Ι
537 947 574 984 p.
605 934 684 973 173
713 941 792 977 Seq·
850 928 955 971 Quae
986 927 1048 976 qui

399 993 567 1043 reputet,
616 988 650 1026 ei
687 984 900 1023 sacrificium
940 983 1051 1020 hocce

401 1048 555 1087 forsitan
575 1046 694 1082 minus
721 1041 852 1080 mirum
873 1039 1052 1076 videbitur

403 1116 513 1154 quam
533 1113 601 1148 ea,
629 1111 723 1149 quae
740 1101 826 1149 post
853 1096 900 1132 de
915 1093 1054 1143 ingenti

404 1161 483 1198 auri
509 1156 726 1206 argentique
761 1154 816 1200 vi,
846 1152 966 1200 deque
1001 1150 1057 1187 ‹li-

406 1215 503 1254 vitiis
525 1213 712 1261 Lydorum
743 1212 942 1246 narrantur.
981 1205 1058 1244 Sed

406 1271 475 1310 hac
493 1270 540 1307 de
559 1281 600 1306 re
617 1268 688 1305 iam
707 1277 817 1318 supra
838 1264 874 1313 Ι,
899 1262 951 1306 14
967 1274 1060 1300 nou-

408 1326 506 1366 nulla
527 1324 743 1364 monuimus.

421 1450 424 1452 ,
468 1405 621 1462 νηήσας
641 1402 775 1458 πυρήν
791 1398 1063 1456 μεγᾰλήν]νη-

413 1463 514 1518 ’ᾖσας
526 1463 891 1502 Schellershemianus
901 1460 1064 1508 aliusque

414 1523 504 1561 liber
523 1520 735 1572 praebebat.
765 1516 884 1566 vulgo
913 1510 1063 1566 νήσαςς

410 1580 485 1617 *sed
506 1578 601 1615 conf.
631 1575 669 1622 l,
697 1576 765 1617 86·
793 1574 858 1614 34.
887 1572 943 1619 ll,
973 1573 1065 1612 107-

417 1634 549 1672 Matth.
580 1631 716 1683 §.243
750 1642 835 1681 pag.
854 1630 949 1670 475.
989 1627 1068 1664 He-

387 1720 392 1730 ,
420 1692 589 1740 rodotum
643 1688 786 1724 imitans
830 1684 1068 1722 Philostratus

421 1759 509 1784 usus
531 1749 587 1783 est
604 1743 673 1781 hoc
699 1742 810 1780 verbo
840 1753 883 1778 ex
908 1743 1070 1777 veterum

423 1799 682 1840 consuetudine
695 1810 762 1848 pro
774 1790 974 1848 σωρεύειν.
988 1794 1071 1831 vid.

358 1897 362 1901 ,
424 1870 519 1908 quae
538 1857 636 1893 idem
657 1854 860 1891 Creuzerus
885 1851 1010 1888 laudat
1024 1849 1073 1886 ad

424 1912 586 1953 Bekkeri
646 1910 806 1960 Specim.
867 1907 1074 1944 Philostrat.

425 1982 512 2022 pag.
546 1968 600 2009 83
627 1969 704 2003 not.
736 1966 800 2006 19.
857 1961 977 2012 Atque
1005 1961 1077 1997 hoc

427 2026 576 2063 verbum
600 2020 678 2061 νέω
705 2034 735 2058 s,
771 2017 876 2070 νηὲω
896 2016 1077 2069 peculiare

430 2094 515 2132 esse
537 2080 584 2117 de
606 2090 697 2127 rogo
719 2076 958 2122 exstruendo,
990 2076 1078 2123 post

431 2137 523 2175 alios
540 2134 677 2172 monuit
694 2133 791 2171 idem
811 2132 1017 2169 Creuzerus
1038 2129 1077 2165 in

432 2196 599 2242 fragmm.
613 2190 788 2228 historice.
808 2200 894 2238 pag.
917 2187 1077 2228 212—-

433 2249 476 2288 In
494 2260 596 2296 seqq.
622 2245 787 2297 plerique
808 2244 888 2281 libri
908 2234 1079 2290 ἀνακτή-

437 2317 460 2344 σ
474 2307 617 2349 εσθαι,
645 2306 685 2338 ut
714 2313 811 2338 nune
828 2300 965 2338 editum
988 2296 1080 2345 legi-

435 2373 527 2399 mus⁴
583 2358 702 2406 Vulgo
735 2351 914 2407 ἆνακτήσ
925 2357 1080 2399 ασθαι,

436 2429 506 2456 nec
533 2415 651 2465 ipsum
671 2413 841 2450 librorum
871 2409 1083 2449 auctoritate

439 2472 672 2516 destitutum,
699 2482 766 2507 nec
792 2480 942 2520 prorsus
968 2464 1085 2503 reiici-

441 2528 575 2566 endum
587 2539 598 2571 3
627 2526 720 2562 conf.
736 2537 829 2573 quae
836 2524 910 2562 dixi
921 2523 958 2559 in
969 2521 1085 2558 Creu-

440 2584 517 2622 zeri
541 2581 679 2619 Melett.
716 2581 768 2618 111
803 2594 840 2632 p.
881 2580 944 2620 11.
1008 2575 1086 2613 Sed

442 2639 511 2677 hoc
526 2638 605 2676 loco
631 2636 802 2674 librorum
819 2635 1004 2673 meliorum
1020 2644 1086 2669 au·-

443 2695 643 2733 ctoritatem
659 2694 762 2744 sequi
787 2694 960 2743 praaetat.

499 2772 619 2816 θύειν
655 2771 787 2815 πάντα
822 2771 911 2814 τινοῖ
958 2767 1088 2812 αὐτῶν

445 2829 571 2886 τούτῳ
601 2829 658 2872 ὅτι
689 2831 767 2883 ἔχοι
792 2829 974 2876 ἕκαστος]
999 2822 1089 2867 τού-

445 2904 501 2943 τῳ
534 2889 764 2936 retinuimus,
801 2886 962 2938 pluribus
991 2884 1089 2923 libris

1111 871 1162 907 ita
1196 863 1412 906 iubentibus.
1487 857 1596 896 Unus
1634 850 1760 891 Schel-

1111 923 1389 963 lershemianus:
1425 917 1562 962 τοῦτο,
1607 910 1708 961 quod
1740 919 1763 944 a

1117 978 1327 1017 Gaissordio
1355 975 1393 1010 in
1418 976 1554 1010 textum
1580 972 1638 1007 est
1664 976 1765 1002 Γεω-

1117 1040 1242 1088 ptum,
1279 1031 1364 1069 mihi
1396 1033 1518 1065 tamen
1552 1020 1764 1075 glossatoris

1120 1102 1267 1130 manum
1287 1098 1418 1137 sapere
1436 1084 1600 1127 videtur,
1625 1078 1686 1128 qui
1699 1077 1766 1113 da-

1121 1149 1233 1186 tivum
1252 1139 1379 1196 τούτῳ
1394 1153 1469 1177 non
1486 1137 1574 1175 satis
1591 1133 1770 1185 explicare

1124 1202 1286 1242 valuerit.
1344 1199 1480 1235 Refero
1501 1198 1622 1232 autem
1644 1184 1771 1240 τούτῳ

1126 1261 1175 1299 ad
1195 1259 1302 1296 deum
1319 1253 1532 1304 Delphicum
1544 1279 1555 1297 ‚
1584 1247 1640 1285 cui
1657 1246 1774 1282 Croe-

1128 1330 1191 1353 sus
1212 1315 1257 1352 ab
1278 1311 1375 1348 omni
1391 1309 1497 1357 Lydo
1516 1307 1554 1343 id
1575 1302 1698 1341 offerri
1709 1313 1774 1336 vo-

1128 1372 1214 1418 luit,
1243 1367 1419 1418 quidquid
1444 1361 1689 1412 unusquisque
1708 1356 1774 1393 ha-

1130 1428 1232 1466 beret
1277 1427 1401 1474 aptiun
1444 1420 1490 1456 ad
1539 1414 1777 1458 offerendum,

1132 1482 1231 1533 quod
1278 1479 1402 1516 offerri
1442 1477 1570 1526 posset
1604 1478 1778 1519 tanquam

1132 1549 1272 1577 sacrum
1297 1536 1389 1581 deo,
1431 1533 1506 1568 sive
1533 1530 1621 1566 illud
1648 1522 1779 1564 animal

1133 1598 1231 1634 esset
1250 1592 1349 1642 quod
1374 1591 1610 1632 mactaretur,
1647 1583 1722 1619 sive
1740 1593 1781 1617 a-

1133 1652 1184 1689 lia
1206 1648 1396 1699 quaepiam
1417 1658 1475 1682 res
1494 1644 1606 1691 digna
1626 1651 1720 1688 quae
1742 1636 1780 1673 in

1135 1707 1194 1745 (lei
1230 1703 1363 1754 templo
1398 1703 1664 1750 deponeretur,
1704 1705 1783 1731 me·-

1135 1763 1219 1801 talla
1234 1759 1461 1812 potissimiuu
1482 1753 1710 1805 pretiosiora,
1742 1760 1784 1786 a-

1136 1820 1197 1857 lia.
1256 1815 1354 1854 Nam
1381 1815 1427 1851 de
1453 1810 1580 1849 hostiis
1615 1806 1702 1845 solis
1728 1805 1785 1842 in-

1137 1875 1300 1923 telligere
1322 1870 1420 1908 haud
1437 1869 1559 1905 sinunt
1586 1876 1679 1915 quae
1700 1864 1787 1913 post

1139 1932 1342 1969 reseruntur
1382 1939 1404 1963 a
1431 1924 1606 1975 scriptore
1632 1918 1787 1964 Nostro,

1141 1985 1311 2036 quoniam
1331 1995 1374 2020 ex
1392 1994 1478 2019 auro
1496 1981 1721 2029 argentoque
1733 1974 1788 2010 sic

1142 2056 1165 2080 a
1184 2040 1335 2090 singulis
1353 2038 1482 2076 collato
1516 2036 1695 2073 Croesum
1720 2031 1788 2067 do-

1142 2099 1243 2137 naria
1298 2097 1368 2132 ista
1415 2092 1633 2136 confecisse,
1694 2097 1789 2136 quae

1142 2153 1305 2203 Delphos
1317 2151 1541 2187 mitterentur
1551 2176 1561 2193 ‚
1569 2146 1692 2194 utique
1703 2155 1792 2180 eon-

1143 2214 1354 2246 sentaneum
1390 2218 1472 2243 esse
1498 2203 1651 2240 videtur.
1736 2197 1791 2235 Ut

1143 2277 1229 2302 vero
1256 2264 1303 2300 ad
1318 2262 1506 2299 lectionem
1526 2254 1651 2309 τούτῳ
1670 2267 1793 2294 rever-

1144 2325 1222 2368 tar,
1245 2319 1347 2355 aliter
1365 2319 1524 2354 dativum
1544 2313 1711 2365 explicari
1727 2323 1793 2347 vo-

1145 2377 1257 2414 luisse
1283 2375 1424 2411 videtur
1449 2372 1646 2417 Matthiae,
1676 2372 1716 2405 ut
1743 2367 1793 2402 sit:

1147 2428 1267 2471 θύειν
1296 2430 1396 2474 τινί;
1425 2440 1565 2476 „sacra
1577 2425 1699 2476 facere
1721 2422 1793 2461 ali-

1149 2502 1222 2539 qua
1246 2500 1281 2524 re
1302 2486 1500 2523 adhibitaf‘
1530 2482 1643 2527 Quod
1668 2481 1699 2518 si
1725 2479 1796 2516 hoc

1148 2545 1228 2582 loco
1249 2543 1385 2589 valeat,
1423 2540 1591 2591 equidem
1608 2542 1697 2589 puto
1718 2535 1798 2573 He-

1149 2602 1317 2638 rodotum
1347 2611 1414 2650 pro
1433 2592 1560 2650 τούτῳ
1587 2592 1795 2645 scripsisse:

1152 2656 1203 2697 ἐκ
1231 2651 1426 2696 τούτων
1453 2654 1529 2691 sive
1545 2651 1618 2690 alio
1634 2659 1798 2700 quomo-

1153 2714 1213 2750 do.
1242 2710 1442 2760 Schweigh.
1462 2710 1577 2746 locum
1600 2707 1650 2744 ita
1675 2703 1798 2744 reddi-

1152 2770 1227 2807 dit:
1257 2773 1332 2817 „ut
1348 2767 1389 2804 de
1413 2779 1475 2803 suo
1502 2762 1672 2815 quidquid
1700 2761 1796 2812 quis-

1155 2838 1218 2876 que
1246 2825 1406 2872 haberet,
1434 2820 1542 2862 eidem
1570 2819 1632 2858 deo
1657 2815 1798 2868 menfi-

1152 2882 1284 2920 caret.“
