<?xml version="1.0" encoding="UTF-8"?>
<!DOCTYPE html PUBLIC "-//W3C//DTD XHTML 1.0 Transitional//EN"
    "http://www.w3.org/TR/xhtml1/DTD/xhtml1-transitional.dtd">
<html xmlns="http://www.w3.org/1999/xhtml" xml:lang="en" lang="en">
 <head>
  <title>
</title>
<meta http-equiv="Content-Type" content="text/html;charset=utf-8" />
  <meta name='ocr-system' content='tesseract 3.04.00' />
  <meta name='ocr-capabilities' content='ocr_page ocr_carea ocr_par ocr_line ocrx_word'/>
</head>
<body>
  <div class='ocr_page' id='page_1' title='image "./musaeherodoto01hero/musaeherodoto01hero_0756.png"; bbox 0 0 1909 3228; ppageno 0'>
   <div class='ocr_carea' id='block_1_1' title="bbox 453 200 1338 244">
    <p class='ocr_par' dir='ltr' id='par_1_1' title="bbox 453 200 1338 244">
     <span class='ocr_line' id='line_1_1' title="bbox 453 200 1338 244; baseline -0.005 0"><span class='ocrx_word' id='word_1_1' title='bbox 453 205 537 244; x_wconf 60' lang='lat'>742</span> <span class='ocrx_word' id='word_1_2' title='bbox 867 200 1338 241; x_wconf 88' lang='lat' dir='ltr'>HERODOTI</span> 
     </span>
    </p>
   </div>
   <div class='ocr_carea' id='block_1_2' title="bbox 426 310 1839 1131">
    <p class='ocr_par' dir='ltr' id='par_1_2' title="bbox 426 310 1839 1131">
     <span class='ocr_line' id='line_1_2' title="bbox 426 310 1716 369; baseline 0.002 -16"><span class='ocrx_word' id='word_1_3' title='bbox 426 311 757 369; x_wconf 79' lang='grc' dir='ltr'><em>4Ἐπιμέμυηται</em></span> <span class='ocrx_word' id='word_1_4' title='bbox 785 310 831 355; x_wconf 81' lang='grc' dir='ltr'>δὲ</span> <span class='ocrx_word' id='word_1_5' title='bbox 860 311 933 355; x_wconf 82' lang='grc' dir='ltr'>καὶ</span> <span class='ocrx_word' id='word_1_6' title='bbox 962 311 1008 355; x_wconf 82' lang='grc' dir='ltr'><em>ἐν</em></span> <span class='ocrx_word' id='word_1_7' title='bbox 1035 310 1260 368; x_wconf 84' lang='grc' dir='ltr'><em>Ὀδυσσείῃ</em></span> <span class='ocrx_word' id='word_1_8' title='bbox 1277 344 1289 364; x_wconf 89' lang='grc'><em>,</em></span> <span class='ocrx_word' id='word_1_9' title='bbox 1338 310 1386 354; x_wconf 79' lang='grc' dir='ltr'><em>ἐν</em></span> <span class='ocrx_word' id='word_1_10' title='bbox 1413 312 1575 356; x_wconf 81' lang='grc' dir='ltr'><em>τοῖσίδε</em></span> <span class='ocrx_word' id='word_1_11' title='bbox 1603 316 1716 356; x_wconf 87' lang='grc' dir='ltr'><em>τοῖσι</em></span> 
     </span>
     <span class='ocr_line' id='line_1_3' title="bbox 455 392 593 435; baseline -0.007 0"><span class='ocrx_word' id='word_1_12' title='bbox 455 392 593 435; x_wconf 73' lang='grc' dir='ltr'><em>ἔπεσι·</em></span> 
     </span>
     <span class='ocr_line' id='line_1_4' title="bbox 539 467 1461 515; baseline -0.002 -11"><span class='ocrx_word' id='word_1_13' title='bbox 539 472 633 504; x_wconf 89' lang='grc' dir='ltr'><em>Τοῖα</em></span> <span class='ocrx_word' id='word_1_14' title='bbox 653 470 744 511; x_wconf 88' lang='grc' dir='ltr'><em>Διὸς</em></span> <span class='ocrx_word' id='word_1_15' title='bbox 769 469 940 515; x_wconf 76' lang='grc' dir='ltr'><em>θυγάτηρ</em></span> <span class='ocrx_word' id='word_1_16' title='bbox 968 467 1022 512; x_wconf 72' lang='grc' dir='ltr'><em>ἔχε</em></span> <span class='ocrx_word' id='word_1_17' title='bbox 1050 468 1227 512; x_wconf 78' lang='grc' dir='ltr'><em>φάρμακα</em></span> <span class='ocrx_word' id='word_1_18' title='bbox 1251 467 1461 512; x_wconf 78' lang='grc' dir='ltr'><em>μητιόεντα,</em></span> 
     </span>
     <span class='ocr_line' id='line_1_5' title="bbox 535 524 1634 570; baseline -0.002 -9"><span class='ocrx_word' id='word_1_19' title='bbox 535 526 670 570; x_wconf 76' lang='grc' dir='ltr'><em>ἐσθλὰ,</em></span> <span class='ocrx_word' id='word_1_20' title='bbox 696 526 742 561; x_wconf 77' lang='grc' dir='ltr'>τά</span> <span class='ocrx_word' id='word_1_21' title='bbox 770 528 807 562; x_wconf 78' lang='grc' dir='ltr'>οἱ</span> <span class='ocrx_word' id='word_1_22' title='bbox 837 526 1064 569; x_wconf 80' lang='grc' dir='ltr'><em>Πολύδαμνα</em></span> <span class='ocrx_word' id='word_1_23' title='bbox 1087 525 1223 569; x_wconf 89' lang='grc' dir='ltr'><em>πόρεν,</em></span> <span class='ocrx_word' id='word_1_24' title='bbox 1260 526 1390 564; x_wconf 77' lang='grc' dir='ltr'><em>Θῶνος</em></span> <span class='ocrx_word' id='word_1_25' title='bbox 1416 524 1634 570; x_wconf 75' lang='grc' dir='ltr'><em>παράκοιτις</em></span> 
     </span>
     <span class='ocr_line' id='line_1_6' title="bbox 533 579 1771 630; baseline 0 -12"><span class='ocrx_word' id='word_1_26' title='bbox 533 585 730 629; x_wconf 73' lang='grc' dir='ltr'><em>Αἰγυπτίη·</em></span> <span class='ocrx_word' id='word_1_27' title='bbox 759 586 803 630; x_wconf 84' lang='grc' dir='ltr'>τῇ</span> <span class='ocrx_word' id='word_1_28' title='bbox 823 587 972 618; x_wconf 84' lang='grc' dir='ltr'><em>πλεῖστα</em></span> <span class='ocrx_word' id='word_1_29' title='bbox 992 582 1094 627; x_wconf 70' lang='grc' dir='ltr'><em>φέρει</em></span> <span class='ocrx_word' id='word_1_30' title='bbox 1117 584 1289 627; x_wconf 81' lang='grc' dir='ltr'><em>ζείδωρος</em></span> <span class='ocrx_word' id='word_1_31' title='bbox 1307 579 1453 627; x_wconf 77' lang='grc' dir='ltr'><em>ἄρουρα</em></span> <span class='ocrx_word' id='word_1_32' title='bbox 1727 586 1771 619; x_wconf 78' lang='lat'>45</span> 
     </span>
     <span class='ocr_line' id='line_1_7' title="bbox 536 638 1679 686; baseline -0.002 -10"><span class='ocrx_word' id='word_1_33' title='bbox 536 641 736 686; x_wconf 81' lang='grc' dir='ltr'><em>φάρμακα,</em></span> <span class='ocrx_word' id='word_1_34' title='bbox 761 641 877 676; x_wconf 80' lang='grc' dir='ltr'><em>πολλὰ</em></span> <span class='ocrx_word' id='word_1_35' title='bbox 896 641 961 686; x_wconf 71' lang='grc' dir='ltr'><em>μὲν</em></span> <span class='ocrx_word' id='word_1_36' title='bbox 982 640 1097 676; x_wconf 77' lang='grc' dir='ltr'><em>ἐσθλὰ</em></span> <span class='ocrx_word' id='word_1_37' title='bbox 1114 638 1334 686; x_wconf 73' lang='grc' dir='ltr'><em>μεμιγμένα,</em></span> <span class='ocrx_word' id='word_1_38' title='bbox 1358 639 1475 675; x_wconf 80' lang='grc' dir='ltr'><em>πολλὰ</em></span> <span class='ocrx_word' id='word_1_39' title='bbox 1496 639 1535 674; x_wconf 76' lang='grc' dir='ltr'>δὲ</span> <span class='ocrx_word' id='word_1_40' title='bbox 1555 639 1679 684; x_wconf 76' lang='grc' dir='ltr'><em>λυγρά.</em></span> 
     </span>
     <span class='ocr_line' id='line_1_8' title="bbox 426 708 1641 766; baseline 0.001 -14"><span class='ocrx_word' id='word_1_41' title='bbox 426 711 530 754; x_wconf 75' lang='grc' dir='ltr'>ὅκαὶ</span> <span class='ocrx_word' id='word_1_42' title='bbox 558 710 659 754; x_wconf 76' lang='grc' dir='ltr'><em>τάδε</em></span> <span class='ocrx_word' id='word_1_43' title='bbox 685 711 808 765; x_wconf 78' lang='grc' dir='ltr'><em>ἕτερα</em></span> <span class='ocrx_word' id='word_1_44' title='bbox 837 709 947 764; x_wconf 85' lang='grc' dir='ltr'><em>πρὸς</em></span> <span class='ocrx_word' id='word_1_45' title='bbox 983 710 1230 766; x_wconf 82' lang='grc' dir='ltr'><em>Τηλέμαχον</em></span> <span class='ocrx_word' id='word_1_46' title='bbox 1260 709 1486 760; x_wconf 82' lang='grc' dir='ltr'><em>Μενέλεως</em></span> <span class='ocrx_word' id='word_1_47' title='bbox 1512 708 1641 764; x_wconf 81' lang='grc' dir='ltr'><em>λέγει·</em></span> 
     </span>
     <span class='ocr_line' id='line_1_9' title="bbox 536 787 1476 836; baseline -0.002 -12"><span class='ocrx_word' id='word_1_48' title='bbox 536 789 704 836; x_wconf 78' lang='grc' dir='ltr'><em>Αἰγύπτῳ</em></span> <span class='ocrx_word' id='word_1_49' title='bbox 730 787 764 833; x_wconf 83' lang='grc' dir='ltr'>μ’</span> <span class='ocrx_word' id='word_1_50' title='bbox 795 787 847 823; x_wconf 73' lang='grc' dir='ltr'><em>ἔτι</em></span> <span class='ocrx_word' id='word_1_51' title='bbox 876 790 986 833; x_wconf 81' lang='grc' dir='ltr'><em>δεῦρο</em></span> <span class='ocrx_word' id='word_1_52' title='bbox 1014 790 1100 824; x_wconf 79' lang='grc' dir='ltr'><em>θεοὶ</em></span> <span class='ocrx_word' id='word_1_53' title='bbox 1125 790 1299 832; x_wconf 80' lang='grc' dir='ltr'><em>μεμαῶτα</em></span> <span class='ocrx_word' id='word_1_54' title='bbox 1324 788 1476 823; x_wconf 81' lang='grc' dir='ltr'><em>νέεσθαι</em></span> 
     </span>
     <span class='ocr_line' id='line_1_10' title="bbox 537 843 1775 891; baseline -0.002 -10"><span class='ocrx_word' id='word_1_55' title='bbox 537 845 659 891; x_wconf 76' lang='grc' dir='ltr'><em>ἔσχον,</em></span> <span class='ocrx_word' id='word_1_56' title='bbox 686 845 763 881; x_wconf 82' lang='grc' dir='ltr'><em>ἐπεὶ</em></span> <span class='ocrx_word' id='word_1_57' title='bbox 786 843 832 881; x_wconf 79' lang='grc' dir='ltr'>οὔ</span> <span class='ocrx_word' id='word_1_58' title='bbox 852 858 937 890; x_wconf 83' lang='grc' dir='ltr'><em>σφιν</em></span> <span class='ocrx_word' id='word_1_59' title='bbox 960 845 1063 890; x_wconf 79' lang='grc' dir='ltr'><em>ἔρεξα</em></span> <span class='ocrx_word' id='word_1_60' title='bbox 1081 845 1271 890; x_wconf 78' lang='grc' dir='ltr'><em>τεληέσσας</em></span> <span class='ocrx_word' id='word_1_61' title='bbox 1290 844 1507 890; x_wconf 71' lang='grc' dir='ltr'><em>ἑκατόμβας.</em></span> <span class='ocrx_word' id='word_1_62' title='bbox 1729 848 1775 882; x_wconf 89' lang='grc'>50</span> 
     </span>
     <span class='ocr_line' id='line_1_11' title="bbox 428 912 1718 970; baseline 0 -14"><span class='ocrx_word' id='word_1_63' title='bbox 428 912 527 958; x_wconf 85' lang='grc' dir='ltr'><em>6Ἐν</em></span> <span class='ocrx_word' id='word_1_64' title='bbox 555 915 749 959; x_wconf 81' lang='grc' dir='ltr'><em>τούτοισι</em></span> <span class='ocrx_word' id='word_1_65' title='bbox 778 920 890 958; x_wconf 83' lang='grc' dir='ltr'><em>τοῖσι</em></span> <span class='ocrx_word' id='word_1_66' title='bbox 926 915 1044 958; x_wconf 76' lang='grc' dir='ltr'><em>ἔπεσι</em></span> <span class='ocrx_word' id='word_1_67' title='bbox 1081 917 1238 970; x_wconf 87' lang='grc' dir='ltr'><em>δηλοῖ,</em></span> <span class='ocrx_word' id='word_1_68' title='bbox 1285 914 1351 958; x_wconf 85' lang='grc' dir='ltr'><em>ὅτι</em></span> <span class='ocrx_word' id='word_1_69' title='bbox 1389 913 1597 970; x_wconf 84' lang='grc' dir='ltr'><em>ἠπίστατο</em></span> <span class='ocrx_word' id='word_1_70' title='bbox 1637 913 1718 970; x_wconf 77' lang='grc' dir='ltr'><em>τὴν</em></span> 
     </span>
     <span class='ocr_line' id='line_1_12' title="bbox 455 991 1717 1050; baseline -0.002 -13"><span class='ocrx_word' id='word_1_71' title='bbox 455 993 498 1045; x_wconf 79' lang='grc' dir='ltr'>ἐς</span> <span class='ocrx_word' id='word_1_72' title='bbox 527 996 751 1050; x_wconf 78' lang='grc' dir='ltr'><em>Αἴγυπτον</em></span> <span class='ocrx_word' id='word_1_73' title='bbox 784 991 1067 1048; x_wconf 77' lang='grc' dir='ltr'><em>Ἀλεξάνδρου</em></span> <span class='ocrx_word' id='word_1_74' title='bbox 1103 993 1293 1050; x_wconf 79' lang='grc' dir='ltr'><em>πλάνην·</em></span> <span class='ocrx_word' id='word_1_75' title='bbox 1347 993 1548 1049; x_wconf 83' lang='grc' dir='ltr'><em>ὁμουρέει</em></span> <span class='ocrx_word' id='word_1_76' title='bbox 1575 993 1660 1048; x_wconf 72' lang='grc' dir='ltr'><em>γάρ</em></span> <span class='ocrx_word' id='word_1_77' title='bbox 1690 991 1717 1049; x_wconf 84' lang='grc' dir='ltr'><strong><em>ἡ</em></strong></span> 
     </span>
     <span class='ocr_line' id='line_1_13' title="bbox 457 1069 1839 1131; baseline 0 -16"><span class='ocrx_word' id='word_1_78' title='bbox 457 1075 602 1130; x_wconf 86' lang='grc' dir='ltr'><em>Συρίη</em></span> <span class='ocrx_word' id='word_1_79' title='bbox 625 1074 849 1131; x_wconf 81' lang='grc' dir='ltr'><em>Αἰγύπτῳ·</em></span> <span class='ocrx_word' id='word_1_80' title='bbox 882 1074 926 1115; x_wconf 79' lang='grc' dir='ltr'>οἱ</span> <span class='ocrx_word' id='word_1_81' title='bbox 955 1073 1000 1116; x_wconf 78' lang='grc' dir='ltr'>δὲ</span> <span class='ocrx_word' id='word_1_82' title='bbox 1022 1075 1243 1124; x_wconf 84' lang='grc' dir='ltr'><em>Φοίνικες,</em></span> <span class='ocrx_word' id='word_1_83' title='bbox 1274 1076 1362 1115; x_wconf 78' lang='grc' dir='ltr'><em>τῶν</em></span> <span class='ocrx_word' id='word_1_84' title='bbox 1392 1073 1478 1115; x_wconf 80' lang='grc' dir='ltr'><em>ἐστὶ</em></span> <span class='ocrx_word' id='word_1_85' title='bbox 1507 1069 1717 1128; x_wconf 79' lang='grc' dir='ltr'><em>ἡΣιδών,</em></span> <span class='ocrx_word' id='word_1_86' title='bbox 1763 1075 1839 1118; x_wconf 90' lang='grc'>157</span> 
     </span>
    </p>
   </div>
   <div class='ocr_carea' id='block_1_3' title="bbox 301 1150 1720 1209">
    <p class='ocr_par' dir='ltr' id='par_1_3' title="bbox 301 1150 1720 1209">
     <span class='ocr_line' id='line_1_14' title="bbox 301 1150 1720 1209; baseline -0.003 -11"><span class='ocrx_word' id='word_1_87' title='bbox 301 1153 400 1198; x_wconf 73' lang='grc' dir='ltr'>ῙΙἹ</span> <span class='ocrx_word' id='word_1_88' title='bbox 459 1153 505 1195; x_wconf 79' lang='grc' dir='ltr'><em>ἐν</em></span> <span class='ocrx_word' id='word_1_89' title='bbox 534 1156 587 1208; x_wconf 84' lang='grc' dir='ltr'>τῇ</span> <span class='ocrx_word' id='word_1_90' title='bbox 625 1153 770 1209; x_wconf 83' lang='grc' dir='ltr'><em>Συρίῃ</em></span> <span class='ocrx_word' id='word_1_91' title='bbox 808 1153 1012 1195; x_wconf 77' lang='grc' dir='ltr'><em>οἰκέουσι.</em></span> <span class='ocrx_word' id='word_1_92' title='bbox 1089 1151 1214 1194; x_wconf 82' lang='grc' dir='ltr'><em>Κατὰ</em></span> <span class='ocrx_word' id='word_1_93' title='bbox 1253 1155 1390 1194; x_wconf 80' lang='grc' dir='ltr'><em>ταῦτα</em></span> <span class='ocrx_word' id='word_1_94' title='bbox 1429 1151 1475 1194; x_wconf 80' lang='grc' dir='ltr'>δὲ</span> <span class='ocrx_word' id='word_1_95' title='bbox 1513 1150 1567 1194; x_wconf 75' lang='grc' dir='ltr'>τοὶ</span> <span class='ocrx_word' id='word_1_96' title='bbox 1606 1151 1720 1202; x_wconf 76' lang='grc' dir='ltr'><em>ἔπεα,</em></span> 
     </span>
    </p>
   </div>
   <div class='ocr_carea' id='block_1_4' title="bbox 128 1218 405 1281">
    <p class='ocr_par' dir='ltr' id='par_1_4' title="bbox 128 1218 405 1281">
     <span class='ocr_line' id='line_1_15' title="bbox 128 1218 405 1254; baseline -0.007 -8"><span class='ocrx_word' id='word_1_97' title='bbox 128 1218 240 1254; x_wconf 53' lang='lat' dir='ltr'>(typi-ia</span> <span class='ocrx_word' id='word_1_98' title='bbox 271 1219 405 1245; x_wconf 75' lang='lat' dir='ltr'>carmina</span> 
     </span>
     <span class='ocr_line' id='line_1_16' title="bbox 129 1253 404 1281; baseline -0.011 0"><span class='ocrx_word' id='word_1_99' title='bbox 129 1253 250 1281; x_wconf 78' lang='lat' dir='ltr'>nometi</span> <span class='ocrx_word' id='word_1_100' title='bbox 261 1260 319 1280; x_wconf 86' lang='lat' dir='ltr'>uon</span> <span class='ocrx_word' id='word_1_101' title='bbox 328 1260 404 1280; x_wconf 74' lang='lat' dir='ltr'>esse.</span> 
     </span>
    </p>
   </div>
   <div class='ocr_carea' id='block_1_5' title="bbox 409 1284 679 1290">
    <p class='ocr_par' dir='ltr' id='par_1_5' title="bbox 409 1284 679 1290">
     <span class='ocr_line' id='line_1_17' title="bbox 409 1284 679 1290; baseline 0 0"><span class='ocrx_word' id='word_1_102' title='bbox 409 1284 679 1290; x_wconf 95' lang='lat' dir='ltr'> </span> 
     </span>
    </p>
   </div>
   <div class='ocr_carea' id='block_1_6' title="bbox 401 1353 1060 2299">
    <p class='ocr_par' dir='ltr' id='par_1_6' title="bbox 401 1353 1060 2299">
     <span class='ocr_line' id='line_1_18' title="bbox 457 1353 1052 1415; baseline -0.002 -18"><span class='ocrx_word' id='word_1_103' title='bbox 457 1357 499 1397; x_wconf 83' lang='grc' dir='ltr'><em>ἒν</em></span> <span class='ocrx_word' id='word_1_104' title='bbox 524 1353 755 1415; x_wconf 80' lang='grc' dir='ltr'><em>Ὀδυσσείῃ]</em></span> <span class='ocrx_word' id='word_1_105' title='bbox 804 1360 887 1397; x_wconf 82' lang='lat' dir='ltr'>vid.</span> <span class='ocrx_word' id='word_1_106' title='bbox 916 1360 1052 1409; x_wconf 83' lang='lat' dir='ltr'>Odyss.</span> 
     </span>
     <span class='ocr_line' id='line_1_19' title="bbox 401 1415 1054 1465; baseline 0 -13"><span class='ocrx_word' id='word_1_107' title='bbox 401 1415 464 1462; x_wconf 91' lang='lat' dir='ltr'>lV,</span> <span class='ocrx_word' id='word_1_108' title='bbox 483 1419 563 1456; x_wconf 90' lang='grc'>227</span> <span class='ocrx_word' id='word_1_109' title='bbox 588 1429 665 1465; x_wconf 88' lang='lat' dir='ltr'>seq.</span> <span class='ocrx_word' id='word_1_110' title='bbox 683 1424 720 1455; x_wconf 88' lang='lat' dir='ltr'>et</span> <span class='ocrx_word' id='word_1_111' title='bbox 736 1417 798 1463; x_wconf 88' lang='lat' dir='ltr'>lv,</span> <span class='ocrx_word' id='word_1_112' title='bbox 820 1418 914 1458; x_wconf 86' lang='lat'><strong>351.</strong></span> <span class='ocrx_word' id='word_1_113' title='bbox 955 1417 1054 1453; x_wconf 90' lang='lat' dir='ltr'>Scri-</span> 
     </span>
     <span class='ocr_line' id='line_1_20' title="bbox 401 1471 1054 1519; baseline 0.002 -12"><span class='ocrx_word' id='word_1_114' title='bbox 401 1472 454 1508; x_wconf 85' lang='lat' dir='ltr'>bit</span> <span class='ocrx_word' id='word_1_115' title='bbox 469 1484 554 1509; x_wconf 85' lang='lat' dir='ltr'>vero</span> <span class='ocrx_word' id='word_1_116' title='bbox 574 1471 736 1511; x_wconf 85' lang='lat' dir='ltr'>Nitzsch.</span> <span class='ocrx_word' id='word_1_117' title='bbox 764 1473 986 1519; x_wconf 86' lang='lat' dir='ltr'>(Anmerkk.</span> <span class='ocrx_word' id='word_1_118' title='bbox 1008 1485 1054 1508; x_wconf 93' lang='lat' dir='ltr'>zu</span> 
     </span>
     <span class='ocr_line' id='line_1_21' title="bbox 401 1527 1054 1579; baseline 0.002 -15"><span class='ocrx_word' id='word_1_119' title='bbox 401 1527 552 1565; x_wconf 86' lang='lat' dir='ltr'><strong>Homer.</strong></span> <span class='ocrx_word' id='word_1_120' title='bbox 570 1528 703 1578; x_wconf 83' lang='lat' dir='ltr'>Odyss.</span> <span class='ocrx_word' id='word_1_121' title='bbox 731 1542 817 1579; x_wconf 83' lang='lat' dir='ltr'>pag.</span> <span class='ocrx_word' id='word_1_122' title='bbox 836 1529 916 1570; x_wconf 88' lang='grc'>255</span> <span class='ocrx_word' id='word_1_123' title='bbox 940 1529 1054 1576; x_wconf 77' lang='lat' dir='ltr'>not.):</span> 
     </span>
     <span class='ocr_line' id='line_1_22' title="bbox 403 1583 1055 1631; baseline -0.002 -10"><span class='ocrx_word' id='word_1_124' title='bbox 403 1613 428 1631; x_wconf 95' lang='lat'>‚,</span> <span class='ocrx_word' id='word_1_125' title='bbox 443 1584 513 1621; x_wconf 81' lang='lat' dir='ltr'>Die</span> <span class='ocrx_word' id='word_1_126' title='bbox 541 1583 655 1622; x_wconf 84' lang='lat' dir='ltr'>Verse</span> <span class='ocrx_word' id='word_1_127' title='bbox 685 1587 924 1627; x_wconf 80' lang='grc'>227--230</span> <span class='ocrx_word' id='word_1_128' title='bbox 957 1584 1055 1621; x_wconf 83' lang='lat' dir='ltr'>fiihrt</span> 
     </span>
     <span class='ocr_line' id='line_1_23' title="bbox 403 1640 1055 1687; baseline 0 -11"><span class='ocrx_word' id='word_1_129' title='bbox 403 1640 571 1677; x_wconf 79' lang='lat' dir='ltr'>Herodot</span> <span class='ocrx_word' id='word_1_130' title='bbox 592 1641 636 1687; x_wconf 88' lang='lat' dir='ltr'>ll,</span> <span class='ocrx_word' id='word_1_131' title='bbox 659 1644 736 1682; x_wconf 85' lang='lat'>116</span> <span class='ocrx_word' id='word_1_132' title='bbox 755 1641 942 1679; x_wconf 79' lang='lat' dir='ltr'>seltsamer</span> <span class='ocrx_word' id='word_1_133' title='bbox 955 1640 1055 1678; x_wconf 85' lang='lat' dir='ltr'>Wei-</span> 
     </span>
     <span class='ocr_line' id='line_1_24' title="bbox 405 1696 1055 1746; baseline 0.002 -14"><span class='ocrx_word' id='word_1_134' title='bbox 405 1709 444 1733; x_wconf 84' lang='lat' dir='ltr'>se</span> <span class='ocrx_word' id='word_1_135' title='bbox 459 1710 541 1732; x_wconf 90' lang='lat' dir='ltr'>zum</span> <span class='ocrx_word' id='word_1_136' title='bbox 559 1696 697 1746; x_wconf 81' lang='lat' dir='ltr'>Belege</span> <span class='ocrx_word' id='word_1_137' title='bbox 720 1711 786 1744; x_wconf 83' lang='lat' dir='ltr'>an,</span> <span class='ocrx_word' id='word_1_138' title='bbox 815 1698 899 1734; x_wconf 79' lang='lat' dir='ltr'>&lt;lass</span> <span class='ocrx_word' id='word_1_139' title='bbox 918 1697 1055 1734; x_wconf 82' lang='lat' dir='ltr'>Homer</span> 
     </span>
     <span class='ocr_line' id='line_1_25' title="bbox 403 1753 1056 1790; baseline 0 -2"><span class='ocrx_word' id='word_1_140' title='bbox 403 1765 474 1788; x_wconf 85' lang='lat' dir='ltr'>von</span> <span class='ocrx_word' id='word_1_141' title='bbox 494 1753 592 1789; x_wconf 82' lang='lat' dir='ltr'>einer</span> <span class='ocrx_word' id='word_1_142' title='bbox 613 1753 759 1790; x_wconf 86' lang='lat' dir='ltr'>lrrfahrt</span> <span class='ocrx_word' id='word_1_143' title='bbox 785 1754 850 1790; x_wconf 79' lang='lat' dir='ltr'>des</span> <span class='ocrx_word' id='word_1_144' title='bbox 872 1753 972 1789; x_wconf 79' lang='lat' dir='ltr'>Paris·</span> <span class='ocrx_word' id='word_1_145' title='bbox 992 1753 1056 1789; x_wconf 85' lang='lat' dir='ltr'>mit</span> 
     </span>
     <span class='ocr_line' id='line_1_26' title="bbox 407 1808 1057 1856; baseline 0.003 -12"><span class='ocrx_word' id='word_1_146' title='bbox 407 1809 473 1844; x_wconf 80' lang='lat' dir='ltr'>der</span> <span class='ocrx_word' id='word_1_147' title='bbox 491 1810 690 1856; x_wconf 83' lang='lat' dir='ltr'>geranbten</span> <span class='ocrx_word' id='word_1_148' title='bbox 713 1809 855 1846; x_wconf 87' lang='lat' dir='ltr'>Helena</span> <span class='ocrx_word' id='word_1_149' title='bbox 873 1809 965 1845; x_wconf 83' lang='lat' dir='ltr'>nach</span> <span class='ocrx_word' id='word_1_150' title='bbox 982 1808 1057 1846; x_wconf 85' lang='lat' dir='ltr'>Ae-</span> 
     </span>
     <span class='ocr_line' id='line_1_27' title="bbox 406 1864 1055 1913; baseline 0 -13"><span class='ocrx_word' id='word_1_151' title='bbox 406 1869 546 1913; x_wconf 74' lang='lat' dir='ltr'>gypten</span> <span class='ocrx_word' id='word_1_152' title='bbox 583 1869 740 1913; x_wconf 84' lang='lat' dir='ltr'>gewusst</span> <span class='ocrx_word' id='word_1_153' title='bbox 786 1865 891 1901; x_wconf 86' lang='lat' dir='ltr'><strong>habe.</strong></span> <span class='ocrx_word' id='word_1_154' title='bbox 966 1864 1055 1901; x_wconf 84' lang='lat' dir='ltr'>Man</span> 
     </span>
     <span class='ocr_line' id='line_1_28' title="bbox 407 1921 1056 1967; baseline 0.009 -11"><span class='ocrx_word' id='word_1_155' title='bbox 407 1921 524 1967; x_wconf 86' lang='lat' dir='ltr'>sieht,</span> <span class='ocrx_word' id='word_1_156' title='bbox 562 1921 610 1957; x_wconf 84' lang='lat' dir='ltr'>da</span> <span class='ocrx_word' id='word_1_157' title='bbox 637 1922 727 1959; x_wconf 84' lang='lat' dir='ltr'>auch</span> <span class='ocrx_word' id='word_1_158' title='bbox 759 1921 840 1961; x_wconf 81' lang='lat'>351</span> <span class='ocrx_word' id='word_1_159' title='bbox 870 1921 945 1957; x_wconf 86' lang='lat' dir='ltr'>und</span> <span class='ocrx_word' id='word_1_160' title='bbox 972 1923 1056 1962; x_wconf 79' lang='lat'>352</span> 
     </span>
     <span class='ocr_line' id='line_1_29' title="bbox 404 1977 1055 2024; baseline 0.003 -12"><span class='ocrx_word' id='word_1_161' title='bbox 404 1977 483 2013; x_wconf 77' lang='lat' dir='ltr'>(lies</span> <span class='ocrx_word' id='word_1_162' title='bbox 504 1977 683 2015; x_wconf 86' lang='lat' dir='ltr'>beweisen</span> <span class='ocrx_word' id='word_1_163' title='bbox 705 1977 838 2024; x_wconf 86' lang='lat' dir='ltr'>sollen,</span> <span class='ocrx_word' id='word_1_164' title='bbox 868 1978 954 2014; x_wconf 87' lang='lat' dir='ltr'>dass</span> <span class='ocrx_word' id='word_1_165' title='bbox 976 1978 1055 2014; x_wconf 86' lang='lat' dir='ltr'>He-</span> 
     </span>
     <span class='ocr_line' id='line_1_30' title="bbox 405 2033 1057 2082; baseline 0 -13"><span class='ocrx_word' id='word_1_166' title='bbox 405 2033 535 2079; x_wconf 65' lang='lat' dir='ltr'>rmlot,</span> <span class='ocrx_word' id='word_1_167' title='bbox 558 2033 814 2082; x_wconf 82' lang='lat' dir='ltr'>uneingedenk</span> <span class='ocrx_word' id='word_1_168' title='bbox 835 2034 899 2070; x_wconf 87' lang='lat' dir='ltr'>der</span> <span class='ocrx_word' id='word_1_169' title='bbox 916 2033 1057 2070; x_wconf 68' lang='lat' dir='ltr'>Erzah-</span> 
     </span>
     <span class='ocr_line' id='line_1_31' title="bbox 405 2088 1057 2138; baseline 0.005 -14"><span class='ocrx_word' id='word_1_170' title='bbox 405 2088 494 2138; x_wconf 83' lang='lat' dir='ltr'>lung</span> <span class='ocrx_word' id='word_1_171' title='bbox 522 2090 596 2136; x_wconf 88' lang='grc' dir='ltr'>ΙΙΙ,</span> <span class='ocrx_word' id='word_1_172' title='bbox 618 2094 698 2131; x_wconf 70' lang='grc'>285</span> <span class='ocrx_word' id='word_1_173' title='bbox 725 2091 763 2127; x_wconf 80' lang='lat' dir='ltr'>fi.</span> <span class='ocrx_word' id='word_1_174' title='bbox 790 2091 944 2136; x_wconf 86' lang='lat' dir='ltr'>meinte,</span> <span class='ocrx_word' id='word_1_175' title='bbox 975 2089 1057 2127; x_wconf 84' lang='lat' dir='ltr'>Me-</span> 
     </span>
     <span class='ocr_line' id='line_1_32' title="bbox 406 2145 1059 2183; baseline 0.002 -2"><span class='ocrx_word' id='word_1_176' title='bbox 406 2145 532 2182; x_wconf 83' lang='lat' dir='ltr'>nelaos</span> <span class='ocrx_word' id='word_1_177' title='bbox 560 2147 611 2183; x_wconf 91' lang='lat' dir='ltr'>sei</span> <span class='ocrx_word' id='word_1_178' title='bbox 637 2146 847 2183; x_wconf 82' lang='lat' dir='ltr'>absichtlich</span> <span class='ocrx_word' id='word_1_179' title='bbox 872 2146 963 2182; x_wconf 83' lang='lat' dir='ltr'>nach</span> <span class='ocrx_word' id='word_1_180' title='bbox 986 2145 1059 2183; x_wconf 91' lang='lat' dir='ltr'>Ae-</span> 
     </span>
     <span class='ocr_line' id='line_1_33' title="bbox 406 2202 1060 2251; baseline 0.002 -13"><span class='ocrx_word' id='word_1_181' title='bbox 406 2207 544 2251; x_wconf 79' lang='lat' dir='ltr'>gypten</span> <span class='ocrx_word' id='word_1_182' title='bbox 566 2203 745 2251; x_wconf 82' lang='lat' dir='ltr'>geschifft.</span> <span class='ocrx_word' id='word_1_183' title='bbox 802 2202 926 2251; x_wconf 76' lang='lat' dir='ltr'>Vergl.</span> <span class='ocrx_word' id='word_1_184' title='bbox 948 2206 1060 2240; x_wconf 88' lang='lat' dir='ltr'>unten</span> 
     </span>
     <span class='ocr_line' id='line_1_34' title="bbox 408 2258 603 2299; baseline 0.005 -1"><span class='ocrx_word' id='word_1_185' title='bbox 408 2271 454 2294; x_wconf 88' lang='lat' dir='ltr'>zu</span> <span class='ocrx_word' id='word_1_186' title='bbox 481 2258 603 2299; x_wconf 80' lang='lat'><strong>384.“</strong></span> 
     </span>
    </p>
   </div>
   <div class='ocr_carea' id='block_1_7' title="bbox 407 2337 1062 2898">
    <p class='ocr_par' dir='ltr' id='par_1_7' title="bbox 407 2337 1062 2898">
     <span class='ocr_line' id='line_1_35' title="bbox 464 2337 1061 2394; baseline 0.002 -14"><span class='ocrx_word' id='word_1_187' title='bbox 464 2339 648 2394; x_wconf 78' lang='grc' dir='ltr'><em>ὁμουρέει</em></span> <span class='ocrx_word' id='word_1_188' title='bbox 679 2337 752 2392; x_wconf 70' lang='grc' dir='ltr'><em>γεέρ</em></span> <span class='ocrx_word' id='word_1_189' title='bbox 781 2339 810 2392; x_wconf 74' lang='grc' dir='ltr'><em>ἦ</em></span> <span class='ocrx_word' id='word_1_190' title='bbox 839 2342 968 2393; x_wconf 87' lang='grc' dir='ltr'><em>Συρίη</em></span> <span class='ocrx_word' id='word_1_191' title='bbox 988 2342 1061 2381; x_wconf 79' lang='grc' dir='ltr'>Αἶ-</span> 
     </span>
     <span class='ocr_line' id='line_1_36' title="bbox 407 2393 1058 2450; baseline 0.002 -15"><span class='ocrx_word' id='word_1_192' title='bbox 407 2393 566 2450; x_wconf 75' lang='grc' dir='ltr'><em>γύπτῳ]</em></span> <span class='ocrx_word' id='word_1_193' title='bbox 627 2398 757 2448; x_wconf 74' lang='lat' dir='ltr'>Syriae</span> <span class='ocrx_word' id='word_1_194' title='bbox 783 2412 916 2436; x_wconf 86' lang='lat' dir='ltr'>nomen</span> <span class='ocrx_word' id='word_1_195' title='bbox 959 2399 1058 2449; x_wconf 87' lang='lat' dir='ltr'>apud</span> 
     </span>
     <span class='ocr_line' id='line_1_37' title="bbox 409 2454 1058 2504; baseline 0 -13"><span class='ocrx_word' id='word_1_196' title='bbox 409 2455 638 2491; x_wconf 86' lang='lat' dir='ltr'>Herodotum</span> <span class='ocrx_word' id='word_1_197' title='bbox 670 2454 776 2491; x_wconf 80' lang='lat' dir='ltr'>latius</span> <span class='ocrx_word' id='word_1_198' title='bbox 804 2461 949 2504; x_wconf 81' lang='lat' dir='ltr'>patere,</span> <span class='ocrx_word' id='word_1_199' title='bbox 987 2456 1058 2491; x_wconf 87' lang='lat' dir='ltr'>iam</span> 
     </span>
     <span class='ocr_line' id='line_1_38' title="bbox 411 2510 1058 2561; baseline 0.002 -15"><span class='ocrx_word' id='word_1_200' title='bbox 411 2524 522 2561; x_wconf 76' lang='lat' dir='ltr'>supra</span> <span class='ocrx_word' id='word_1_201' title='bbox 550 2511 597 2547; x_wconf 86' lang='lat' dir='ltr'>ad</span> <span class='ocrx_word' id='word_1_202' title='bbox 628 2510 664 2558; x_wconf 83' lang='lat' dir='ltr'>l,</span> <span class='ocrx_word' id='word_1_203' title='bbox 696 2513 732 2551; x_wconf 90' lang='lat'>6.</span> <span class='ocrx_word' id='word_1_204' title='bbox 758 2513 813 2551; x_wconf 89' lang='grc'>72</span> <span class='ocrx_word' id='word_1_205' title='bbox 844 2512 1058 2548; x_wconf 82' lang='lat' dir='ltr'>notavimus.</span> 
     </span>
     <span class='ocr_line' id='line_1_39' title="bbox 412 2567 1060 2616; baseline -0.002 -13"><span class='ocrx_word' id='word_1_206' title='bbox 412 2567 506 2603; x_wconf 76' lang='lat' dir='ltr'>Nam</span> <span class='ocrx_word' id='word_1_207' title='bbox 534 2567 603 2603; x_wconf 89' lang='lat' dir='ltr'>hoc</span> <span class='ocrx_word' id='word_1_208' title='bbox 627 2568 774 2603; x_wconf 85' lang='lat' dir='ltr'>nomine</span> <span class='ocrx_word' id='word_1_209' title='bbox 799 2580 940 2604; x_wconf 86' lang='lat' dir='ltr'>omnem</span> <span class='ocrx_word' id='word_1_210' title='bbox 967 2580 1060 2616; x_wconf 86' lang='lat' dir='ltr'>quo-</span> 
     </span>
     <span class='ocr_line' id='line_1_40' title="bbox 410 2622 1059 2670; baseline 0.005 -13"><span class='ocrx_word' id='word_1_211' title='bbox 410 2635 482 2670; x_wconf 89' lang='lat' dir='ltr'>que</span> <span class='ocrx_word' id='word_1_212' title='bbox 511 2635 612 2659; x_wconf 86' lang='lat' dir='ltr'>oram</span> <span class='ocrx_word' id='word_1_213' title='bbox 642 2622 859 2659; x_wconf 79' lang='lat' dir='ltr'>maritimam</span> <span class='ocrx_word' id='word_1_214' title='bbox 886 2628 1059 2660; x_wconf 77' lang='lat' dir='ltr'>tractum-</span> 
     </span>
     <span class='ocr_line' id='line_1_41' title="bbox 411 2679 1059 2726; baseline 0.006 -14"><span class='ocrx_word' id='word_1_215' title='bbox 411 2690 483 2726; x_wconf 89' lang='lat' dir='ltr'>que</span> <span class='ocrx_word' id='word_1_216' title='bbox 516 2679 742 2716; x_wconf 87' lang='lat' dir='ltr'>adiacentem</span> <span class='ocrx_word' id='word_1_217' title='bbox 774 2679 860 2716; x_wconf 87' lang='lat' dir='ltr'>inde</span> <span class='ocrx_word' id='word_1_218' title='bbox 892 2680 938 2716; x_wconf 89' lang='lat' dir='ltr'>ab</span> <span class='ocrx_word' id='word_1_219' title='bbox 972 2680 1059 2716; x_wconf 90' lang='lat' dir='ltr'>Asia</span> 
     </span>
     <span class='ocr_line' id='line_1_42' title="bbox 412 2734 1061 2784; baseline 0.005 -15"><span class='ocrx_word' id='word_1_220' title='bbox 412 2735 549 2771; x_wconf 85' lang='lat' dir='ltr'>minore</span> <span class='ocrx_word' id='word_1_221' title='bbox 569 2747 683 2783; x_wconf 82' lang='lat' dir='ltr'>usque</span> <span class='ocrx_word' id='word_1_222' title='bbox 703 2735 750 2771; x_wconf 86' lang='lat' dir='ltr'>ad</span> <span class='ocrx_word' id='word_1_223' title='bbox 761 2734 969 2784; x_wconf 82' lang='lat' dir='ltr'>Aegyptum</span> <span class='ocrx_word' id='word_1_224' title='bbox 981 2735 1061 2773; x_wconf 88' lang='lat' dir='ltr'>No-</span> 
     </span>
     <span class='ocr_line' id='line_1_43' title="bbox 414 2790 1062 2839; baseline 0.006 -15"><span class='ocrx_word' id='word_1_225' title='bbox 414 2793 486 2824; x_wconf 60' lang='lat' dir='ltr'>sti-r</span> <span class='ocrx_word' id='word_1_226' title='bbox 503 2790 763 2839; x_wconf 85' lang='lat' dir='ltr'>complectitur.</span> <span class='ocrx_word' id='word_1_227' title='bbox 802 2792 910 2828; x_wconf 82' lang='lat' dir='ltr'>Cous.</span> <span class='ocrx_word' id='word_1_228' title='bbox 929 2792 979 2839; x_wconf 87' lang='grc' dir='ltr'>ΙΙ,</span> <span class='ocrx_word' id='word_1_229' title='bbox 996 2792 1062 2833; x_wconf 88' lang='grc'>58.</span> 
     </span>
     <span class='ocr_line' id='line_1_44' title="bbox 417 2845 1061 2898; baseline 0.009 -19"><span class='ocrx_word' id='word_1_230' title='bbox 417 2845 478 2880; x_wconf 77' lang='lat' dir='ltr'>vu</span> <span class='ocrx_word' id='word_1_231' title='bbox 492 2874 502 2892; x_wconf 91' lang='lat'>‚</span> <span class='ocrx_word' id='word_1_232' title='bbox 523 2848 575 2886; x_wconf 81' lang='grc'>89</span> <span class='ocrx_word' id='word_1_233' title='bbox 596 2851 632 2883; x_wconf 88' lang='lat' dir='ltr'>et</span> <span class='ocrx_word' id='word_1_234' title='bbox 650 2847 801 2884; x_wconf 90' lang='lat' dir='ltr'>Rennel.</span> <span class='ocrx_word' id='word_1_235' title='bbox 823 2847 845 2885; x_wconf 93' lang='lat' dir='ltr'>l.</span> <span class='ocrx_word' id='word_1_236' title='bbox 866 2847 887 2884; x_wconf 89' lang='lat' dir='ltr'>l.</span> <span class='ocrx_word' id='word_1_237' title='bbox 909 2861 946 2898; x_wconf 85' lang='lat' dir='ltr'>p.</span> <span class='ocrx_word' id='word_1_238' title='bbox 967 2847 1061 2889; x_wconf 82' lang='grc'><strong>486.</strong></span> 
     </span>
    </p>
   </div>
   <div class='ocr_carea' id='block_1_8' title="bbox 1308 1358 1597 1411">
    <p class='ocr_par' dir='ltr' id='par_1_8' title="bbox 1308 1358 1597 1411">
     <span class='ocr_line' id='line_1_45' title="bbox 1308 1358 1597 1411; baseline -0.003 -14"><span class='ocrx_word' id='word_1_239' title='bbox 1308 1359 1340 1396; x_wconf 90' lang='lat' dir='ltr'>C</span> <span class='ocrx_word' id='word_1_240' title='bbox 1352 1373 1373 1397; x_wconf 83' lang='lat' dir='ltr'>a</span> <span class='ocrx_word' id='word_1_241' title='bbox 1382 1374 1417 1411; x_wconf 87' lang='lat' dir='ltr'>p.</span> <span class='ocrx_word' id='word_1_242' title='bbox 1449 1358 1597 1397; x_wconf 88' lang='lat' dir='ltr'><strong>CXVII.</strong></span> 
     </span>
    </p>
   </div>
   <div class='ocr_carea' id='block_1_9' title="bbox 1122 1440 1780 2900">
    <p class='ocr_par' dir='ltr' id='par_1_9' title="bbox 1122 1440 1780 2900">
     <span class='ocr_line' id='line_1_46' title="bbox 1178 1440 1774 1482; baseline -0.005 0"><span class='ocrx_word' id='word_1_243' title='bbox 1178 1440 1277 1482; x_wconf 72' lang='grc' dir='ltr'><em>κατὰ</em></span> <span class='ocrx_word' id='word_1_244' title='bbox 1293 1446 1416 1482; x_wconf 85' lang='grc' dir='ltr'><em>ταῦτα</em></span> <span class='ocrx_word' id='word_1_245' title='bbox 1439 1441 1481 1482; x_wconf 84' lang='grc' dir='ltr'>δὲ</span> <span class='ocrx_word' id='word_1_246' title='bbox 1502 1440 1562 1481; x_wconf 64' lang='lat' dir='ltr'>vc?-</span> <span class='ocrx_word' id='word_1_247' title='bbox 1577 1442 1671 1482; x_wconf 74' lang='grc' dir='ltr'><em>ἔπεα</em></span> <span class='ocrx_word' id='word_1_248' title='bbox 1687 1457 1722 1481; x_wconf 83' lang='grc' dir='ltr'>κ.</span> <span class='ocrx_word' id='word_1_249' title='bbox 1743 1458 1774 1480; x_wconf 85' lang='grc' dir='ltr'>τ.</span> 
     </span>
     <span class='ocr_line' id='line_1_47' title="bbox 1122 1498 1780 1550; baseline -0.002 -12"><span class='ocrx_word' id='word_1_250' title='bbox 1122 1498 1170 1550; x_wconf 85' lang='grc' dir='ltr'>λ.]</span> <span class='ocrx_word' id='word_1_251' title='bbox 1211 1501 1323 1543; x_wconf 84' lang='lat' dir='ltr'>Quod</span> <span class='ocrx_word' id='word_1_252' title='bbox 1361 1502 1397 1537; x_wconf 90' lang='lat' dir='ltr'>in</span> <span class='ocrx_word' id='word_1_253' title='bbox 1433 1513 1536 1548; x_wconf 85' lang='lat' dir='ltr'>seqq.</span> <span class='ocrx_word' id='word_1_254' title='bbox 1568 1513 1634 1549; x_wconf 86' lang='lat' dir='ltr'>pro</span> <span class='ocrx_word' id='word_1_255' title='bbox 1663 1500 1780 1549; x_wconf 83' lang='grc' dir='ltr'><em>δηλοῖ</em></span> 
     </span>
     <span class='ocr_line' id='line_1_48' title="bbox 1122 1556 1776 1605; baseline -0.003 -11"><span class='ocrx_word' id='word_1_256' title='bbox 1122 1556 1380 1594; x_wconf 77' lang='lat' dir='ltr'>Valckenarius</span> <span class='ocrx_word' id='word_1_257' title='bbox 1400 1557 1551 1593; x_wconf 87' lang='lat' dir='ltr'>coniecit</span> <span class='ocrx_word' id='word_1_258' title='bbox 1573 1557 1708 1605; x_wconf 81' lang='grc' dir='ltr'><em>δῆλον,</em></span> <span class='ocrx_word' id='word_1_259' title='bbox 1719 1570 1776 1593; x_wconf 83' lang='lat' dir='ltr'>re-</span> 
     </span>
     <span class='ocr_line' id='line_1_49' title="bbox 1122 1613 1774 1663; baseline -0.003 -13"><span class='ocrx_word' id='word_1_260' title='bbox 1122 1617 1268 1663; x_wconf 81' lang='lat' dir='ltr'>ceptum</span> <span class='ocrx_word' id='word_1_261' title='bbox 1289 1614 1373 1650; x_wconf 88' lang='lat' dir='ltr'>dein</span> <span class='ocrx_word' id='word_1_262' title='bbox 1397 1626 1417 1649; x_wconf 91' lang='lat' dir='ltr'>a</span> <span class='ocrx_word' id='word_1_263' title='bbox 1428 1613 1632 1649; x_wconf 81' lang='lat' dir='ltr'>Borheckio</span> <span class='ocrx_word' id='word_1_264' title='bbox 1645 1617 1680 1649; x_wconf 83' lang='lat' dir='ltr'>et</span> <span class='ocrx_word' id='word_1_265' title='bbox 1691 1613 1774 1649; x_wconf 82' lang='lat' dir='ltr'>Rei-</span> 
     </span>
     <span class='ocr_line' id='line_1_50' title="bbox 1123 1669 1775 1719; baseline -0.002 -14"><span class='ocrx_word' id='word_1_266' title='bbox 1123 1670 1200 1714; x_wconf 87' lang='lat' dir='ltr'>zio·‚</span> <span class='ocrx_word' id='word_1_267' title='bbox 1255 1682 1299 1705; x_wconf 88' lang='lat' dir='ltr'>eo</span> <span class='ocrx_word' id='word_1_268' title='bbox 1336 1670 1483 1706; x_wconf 86' lang='lat' dir='ltr'>minime</span> <span class='ocrx_word' id='word_1_269' title='bbox 1511 1682 1602 1719; x_wconf 87' lang='lat' dir='ltr'>opus</span> <span class='ocrx_word' id='word_1_270' title='bbox 1624 1697 1635 1715; x_wconf 88' lang='lat'>,</span> <span class='ocrx_word' id='word_1_271' title='bbox 1674 1669 1775 1705; x_wconf 80' lang='lat' dir='ltr'>libris</span> 
     </span>
     <span class='ocr_line' id='line_1_51' title="bbox 1125 1725 1777 1775; baseline -0.003 -13"><span class='ocrx_word' id='word_1_272' title='bbox 1125 1725 1263 1775; x_wconf 82' lang='lat' dir='ltr'>scriptis</span> <span class='ocrx_word' id='word_1_273' title='bbox 1310 1725 1525 1775; x_wconf 81' lang='lat' dir='ltr'>praesertim</span> <span class='ocrx_word' id='word_1_274' title='bbox 1559 1725 1777 1773; x_wconf 81' lang='lat' dir='ltr'>refraganti-</span> 
     </span>
     <span class='ocr_line' id='line_1_52' title="bbox 1124 1781 1778 1830; baseline -0.003 -12"><span class='ocrx_word' id='word_1_275' title='bbox 1124 1782 1190 1818; x_wconf 87' lang='lat' dir='ltr'>bus</span> <span class='ocrx_word' id='word_1_276' title='bbox 1206 1810 1216 1828; x_wconf 78' lang='lat'>,</span> <span class='ocrx_word' id='word_1_277' title='bbox 1246 1793 1325 1817; x_wconf 86' lang='lat' dir='ltr'>cum</span> <span class='ocrx_word' id='word_1_278' title='bbox 1357 1782 1475 1830; x_wconf 84' lang='grc' dir='ltr'><em>δηλοῖ</em></span> <span class='ocrx_word' id='word_1_279' title='bbox 1497 1781 1722 1817; x_wconf 82' lang='lat' dir='ltr'>intransitive</span> <span class='ocrx_word' id='word_1_280' title='bbox 1741 1784 1778 1817; x_wconf 83' lang='lat' dir='ltr'>et</span> 
     </span>
     <span class='ocr_line' id='line_1_53' title="bbox 1123 1837 1777 1887; baseline -0.002 -13"><span class='ocrx_word' id='word_1_281' title='bbox 1123 1837 1415 1887; x_wconf 82' lang='lat' dir='ltr'>impersonaliter</span> <span class='ocrx_word' id='word_1_282' title='bbox 1453 1837 1559 1874; x_wconf 82' lang='lat' dir='ltr'>liceat</span> <span class='ocrx_word' id='word_1_283' title='bbox 1593 1837 1777 1887; x_wconf 80' lang='lat' dir='ltr'>accipere:</span> 
     </span>
     <span class='ocr_line' id='line_1_54' title="bbox 1123 1892 1778 1943; baseline 0 -14"><span class='ocrx_word' id='word_1_284' title='bbox 1123 1894 1293 1943; x_wconf 81' lang='lat' dir='ltr'>adparet,</span> <span class='ocrx_word' id='word_1_285' title='bbox 1319 1895 1540 1943; x_wconf 77' lang='lat' dir='ltr'>perspicuum</span> <span class='ocrx_word' id='word_1_286' title='bbox 1559 1897 1630 1940; x_wconf 83' lang='lat' dir='ltr'>est,</span> <span class='ocrx_word' id='word_1_287' title='bbox 1652 1897 1693 1930; x_wconf 83' lang='lat' dir='ltr'>ut</span> <span class='ocrx_word' id='word_1_288' title='bbox 1712 1892 1778 1940; x_wconf 86' lang='lat' dir='ltr'>lx,</span> 
     </span>
     <span class='ocr_line' id='line_1_55' title="bbox 1124 1950 1778 1997; baseline -0.006 -8"><span class='ocrx_word' id='word_1_289' title='bbox 1124 1953 1181 1991; x_wconf 88' lang='grc'>68</span> <span class='ocrx_word' id='word_1_290' title='bbox 1219 1954 1257 1987; x_wconf 87' lang='lat' dir='ltr'>et</span> <span class='ocrx_word' id='word_1_291' title='bbox 1294 1950 1415 1997; x_wconf 89' lang='lat' dir='ltr'>alibi,</span> <span class='ocrx_word' id='word_1_292' title='bbox 1471 1954 1568 1987; x_wconf 82' lang='lat' dir='ltr'>recte</span> <span class='ocrx_word' id='word_1_293' title='bbox 1605 1953 1778 1987; x_wconf 79' lang='lat' dir='ltr'>monente</span> 
     </span>
     <span class='ocr_line' id='line_1_56' title="bbox 1123 2005 1778 2056; baseline -0.002 -14"><span class='ocrx_word' id='word_1_294' title='bbox 1123 2006 1483 2056; x_wconf 81' lang='lat' dir='ltr'>Schweighaeusero.</span> <span class='ocrx_word' id='word_1_295' title='bbox 1550 2006 1706 2043; x_wconf 81' lang='lat' dir='ltr'>Gravius</span> <span class='ocrx_word' id='word_1_296' title='bbox 1737 2005 1778 2042; x_wconf 91' lang='lat' dir='ltr'>il-</span> 
     </span>
     <span class='ocr_line' id='line_1_57' title="bbox 1122 2062 1778 2113; baseline -0.002 -14"><span class='ocrx_word' id='word_1_297' title='bbox 1122 2063 1185 2100; x_wconf 91' lang='lat' dir='ltr'>lud</span> <span class='ocrx_word' id='word_1_298' title='bbox 1206 2067 1282 2110; x_wconf 86' lang='lat' dir='ltr'>est,</span> <span class='ocrx_word' id='word_1_299' title='bbox 1312 2064 1412 2112; x_wconf 89' lang='lat' dir='ltr'>quod</span> <span class='ocrx_word' id='word_1_300' title='bbox 1429 2062 1574 2113; x_wconf 86' lang='grc' dir='ltr'><em>χωρίον</em></span> <span class='ocrx_word' id='word_1_301' title='bbox 1595 2076 1638 2099; x_wconf 87' lang='lat' dir='ltr'>eo</span> <span class='ocrx_word' id='word_1_302' title='bbox 1657 2075 1778 2109; x_wconf 87' lang='lat' dir='ltr'>sensu,</span> 
     </span>
     <span class='ocr_line' id='line_1_58' title="bbox 1126 2119 1778 2169; baseline -0.002 -14"><span class='ocrx_word' id='word_1_303' title='bbox 1126 2132 1199 2168; x_wconf 88' lang='lat' dir='ltr'>quo</span> <span class='ocrx_word' id='word_1_304' title='bbox 1223 2120 1279 2156; x_wconf 78' lang='lat' dir='ltr'>ln&#39;c</span> <span class='ocrx_word' id='word_1_305' title='bbox 1303 2119 1344 2156; x_wconf 77' lang='lat' dir='ltr'>cle</span> <span class='ocrx_word' id='word_1_306' title='bbox 1371 2119 1443 2155; x_wconf 83' lang='lat' dir='ltr'>loco</span> <span class='ocrx_word' id='word_1_307' title='bbox 1470 2121 1649 2169; x_wconf 76' lang='lat' dir='ltr'>scriptoris</span> <span class='ocrx_word' id='word_1_308' title='bbox 1680 2119 1778 2155; x_wconf 86' lang='lat' dir='ltr'>dica-</span> 
     </span>
     <span class='ocr_line' id='line_1_59' title="bbox 1125 2175 1778 2226; baseline -0.002 -14"><span class='ocrx_word' id='word_1_309' title='bbox 1125 2180 1207 2222; x_wconf 81' lang='lat' dir='ltr'>tur,</span> <span class='ocrx_word' id='word_1_310' title='bbox 1237 2176 1295 2212; x_wconf 83' lang='lat' dir='ltr'>vix</span> <span class='ocrx_word' id='word_1_311' title='bbox 1313 2176 1412 2225; x_wconf 86' lang='lat' dir='ltr'>apud</span> <span class='ocrx_word' id='word_1_312' title='bbox 1434 2175 1540 2211; x_wconf 83' lang='lat' dir='ltr'>ullum</span> <span class='ocrx_word' id='word_1_313' title='bbox 1567 2175 1696 2226; x_wconf 87' lang='lat' dir='ltr'>prioris</span> <span class='ocrx_word' id='word_1_314' title='bbox 1716 2187 1778 2211; x_wconf 86' lang='lat' dir='ltr'>ae-</span> 
     </span>
     <span class='ocr_line' id='line_1_60' title="bbox 1127 2231 1777 2281; baseline 0 -13"><span class='ocrx_word' id='word_1_315' title='bbox 1127 2232 1214 2268; x_wconf 83' lang='lat' dir='ltr'>tatis</span> <span class='ocrx_word' id='word_1_316' title='bbox 1250 2233 1461 2281; x_wconf 82' lang='lat' dir='ltr'>scriptorem</span> <span class='ocrx_word' id='word_1_317' title='bbox 1492 2232 1642 2269; x_wconf 82' lang='lat' dir='ltr'>inveniri</span> <span class='ocrx_word' id='word_1_318' title='bbox 1678 2231 1777 2268; x_wconf 86' lang='lat' dir='ltr'>idem</span> 
     </span>
     <span class='ocr_line' id='line_1_61' title="bbox 1128 2287 1776 2332; baseline -0.002 -8"><span class='ocrx_word' id='word_1_319' title='bbox 1128 2287 1387 2325; x_wconf 81' lang='lat' dir='ltr'>Valckenarius</span> <span class='ocrx_word' id='word_1_320' title='bbox 1417 2292 1552 2325; x_wconf 84' lang='lat' dir='ltr'>monet.</span> <span class='ocrx_word' id='word_1_321' title='bbox 1611 2288 1693 2332; x_wconf 85' lang='lat' dir='ltr'>Quo</span> <span class='ocrx_word' id='word_1_322' title='bbox 1713 2300 1776 2324; x_wconf 89' lang='lat' dir='ltr'>ac-</span> 
     </span>
     <span class='ocr_line' id='line_1_62' title="bbox 1128 2344 1776 2392; baseline 0 -11"><span class='ocrx_word' id='word_1_323' title='bbox 1128 2344 1224 2381; x_wconf 82' lang='lat' dir='ltr'>cedit</span> <span class='ocrx_word' id='word_1_324' title='bbox 1249 2345 1381 2390; x_wconf 83' lang='lat' dir='ltr'>etiam,</span> <span class='ocrx_word' id='word_1_325' title='bbox 1421 2345 1522 2392; x_wconf 88' lang='lat' dir='ltr'>quod</span> <span class='ocrx_word' id='word_1_326' title='bbox 1551 2345 1660 2381; x_wconf 70' lang='lat' dir='ltr'>verba</span> <span class='ocrx_word' id='word_1_327' title='bbox 1687 2344 1776 2381; x_wconf 79' lang='lat' dir='ltr'>ista:</span> 
     </span>
     <span class='ocr_line' id='line_1_63' title="bbox 1127 2395 1779 2451; baseline -0.003 -13"><span class='ocrx_word' id='word_1_328' title='bbox 1127 2398 1196 2438; x_wconf 82' lang='grc' dir='ltr'>καὶ</span> <span class='ocrx_word' id='word_1_329' title='bbox 1226 2395 1315 2439; x_wconf 83' lang='grc' dir='ltr'><em>τόδε</em></span> <span class='ocrx_word' id='word_1_330' title='bbox 1341 2397 1383 2438; x_wconf 84' lang='grc' dir='ltr'>τὸ</span> <span class='ocrx_word' id='word_1_331' title='bbox 1406 2400 1549 2451; x_wconf 80' lang='grc' dir='ltr'><em>χωρίον</em></span> <span class='ocrx_word' id='word_1_332' title='bbox 1581 2402 1629 2437; x_wconf 84' lang='lat' dir='ltr'>ad</span> <span class='ocrx_word' id='word_1_333' title='bbox 1662 2401 1779 2437; x_wconf 85' lang='lat' dir='ltr'>locum</span> 
     </span>
     <span class='ocr_line' id='line_1_64' title="bbox 1127 2456 1779 2506; baseline -0.002 -13"><span class='ocrx_word' id='word_1_334' title='bbox 1127 2457 1290 2506; x_wconf 85' lang='lat' dir='ltr'>superius</span> <span class='ocrx_word' id='word_1_335' title='bbox 1337 2456 1523 2493; x_wconf 86' lang='lat' dir='ltr'>laudatum</span> <span class='ocrx_word' id='word_1_336' title='bbox 1571 2470 1614 2494; x_wconf 84' lang='lat' dir='ltr'>ex</span> <span class='ocrx_word' id='word_1_337' title='bbox 1652 2456 1779 2502; x_wconf 77' lang='lat' dir='ltr'>iliade,</span> 
     </span>
     <span class='ocr_line' id='line_1_65' title="bbox 1125 2513 1779 2561; baseline 0.003 -13"><span class='ocrx_word' id='word_1_338' title='bbox 1125 2525 1199 2561; x_wconf 88' lang='lat' dir='ltr'>quo</span> <span class='ocrx_word' id='word_1_339' title='bbox 1239 2516 1477 2559; x_wconf 76' lang='lat' dir='ltr'>memoratur,</span> <span class='ocrx_word' id='word_1_340' title='bbox 1534 2513 1779 2550; x_wconf 86' lang='lat' dir='ltr'>Alexandrum</span> 
     </span>
     <span class='ocr_line' id='line_1_66' title="bbox 1125 2568 1779 2618; baseline 0.003 -13"><span class='ocrx_word' id='word_1_341' title='bbox 1125 2582 1207 2606; x_wconf 89' lang='lat' dir='ltr'>cum</span> <span class='ocrx_word' id='word_1_342' title='bbox 1237 2568 1380 2605; x_wconf 86' lang='lat' dir='ltr'>Helena</span> <span class='ocrx_word' id='word_1_343' title='bbox 1413 2582 1479 2618; x_wconf 86' lang='lat' dir='ltr'>per</span> <span class='ocrx_word' id='word_1_344' title='bbox 1512 2574 1652 2606; x_wconf 84' lang='lat' dir='ltr'>vastum</span> <span class='ocrx_word' id='word_1_345' title='bbox 1679 2582 1779 2607; x_wconf 86' lang='lat' dir='ltr'>mare</span> 
     </span>
     <span class='ocr_line' id='line_1_67' title="bbox 1126 2625 1780 2675; baseline 0.002 -14"><span class='ocrx_word' id='word_1_346' title='bbox 1126 2630 1345 2674; x_wconf 79' lang='lat' dir='ltr'>vagantem,</span> <span class='ocrx_word' id='word_1_347' title='bbox 1385 2625 1432 2661; x_wconf 87' lang='lat' dir='ltr'>ad</span> <span class='ocrx_word' id='word_1_348' title='bbox 1459 2625 1635 2662; x_wconf 89' lang='lat' dir='ltr'>Sidonem</span> <span class='ocrx_word' id='word_1_349' title='bbox 1662 2627 1780 2675; x_wconf 83' lang='lat' dir='ltr'>adpu-</span> 
     </span>
     <span class='ocr_line' id='line_1_68' title="bbox 1129 2681 1780 2732; baseline 0.002 -15"><span class='ocrx_word' id='word_1_350' title='bbox 1129 2681 1234 2728; x_wconf 77' lang='lat' dir='ltr'>lisse,</span> <span class='ocrx_word' id='word_1_351' title='bbox 1273 2681 1484 2732; x_wconf 82' lang='lat' dir='ltr'>pertinent3</span> <span class='ocrx_word' id='word_1_352' title='bbox 1523 2683 1560 2718; x_wconf 90' lang='lat' dir='ltr'>id</span> <span class='ocrx_word' id='word_1_353' title='bbox 1589 2684 1687 2730; x_wconf 87' lang='lat' dir='ltr'>quod</span> <span class='ocrx_word' id='word_1_354' title='bbox 1712 2682 1780 2718; x_wconf 86' lang='lat' dir='ltr'>du-</span> 
     </span>
     <span class='ocr_line' id='line_1_69' title="bbox 1128 2738 1780 2776; baseline 0.002 -3"><span class='ocrx_word' id='word_1_355' title='bbox 1128 2738 1202 2774; x_wconf 89' lang='lat' dir='ltr'>rius</span> <span class='ocrx_word' id='word_1_356' title='bbox 1229 2741 1325 2774; x_wconf 86' lang='lat' dir='ltr'>certe</span> <span class='ocrx_word' id='word_1_357' title='bbox 1348 2738 1500 2774; x_wconf 79' lang='lat' dir='ltr'>videtur.</span> <span class='ocrx_word' id='word_1_358' title='bbox 1558 2738 1713 2775; x_wconf 84' lang='lat' dir='ltr'>Codices</span> <span class='ocrx_word' id='word_1_359' title='bbox 1743 2742 1780 2776; x_wconf 88' lang='lat' dir='ltr'>et</span> 
     </span>
     <span class='ocr_line' id='line_1_70' title="bbox 1129 2793 1779 2843; baseline 0.002 -13"><span class='ocrx_word' id='word_1_360' title='bbox 1129 2793 1220 2830; x_wconf 86' lang='lat' dir='ltr'>haec</span> <span class='ocrx_word' id='word_1_361' title='bbox 1237 2793 1349 2830; x_wconf 83' lang='lat' dir='ltr'>verba</span> <span class='ocrx_word' id='word_1_362' title='bbox 1367 2798 1404 2831; x_wconf 90' lang='lat' dir='ltr'>et</span> <span class='ocrx_word' id='word_1_363' title='bbox 1431 2793 1570 2843; x_wconf 87' lang='lat' dir='ltr'>reliqua</span> <span class='ocrx_word' id='word_1_364' title='bbox 1588 2793 1692 2830; x_wconf 90' lang='lat' dir='ltr'>huius</span> <span class='ocrx_word' id='word_1_365' title='bbox 1718 2806 1779 2831; x_wconf 88' lang='lat' dir='ltr'>ca-</span> 
     </span>
     <span class='ocr_line' id='line_1_71' title="bbox 1130 2849 1776 2900; baseline 0.002 -15"><span class='ocrx_word' id='word_1_366' title='bbox 1130 2850 1215 2900; x_wconf 81' lang='lat' dir='ltr'>pitis</span> <span class='ocrx_word' id='word_1_367' title='bbox 1240 2849 1360 2887; x_wconf 89' lang='lat' dir='ltr'>omnia</span> <span class='ocrx_word' id='word_1_368' title='bbox 1385 2854 1606 2899; x_wconf 83' lang='lat' dir='ltr'>agnoscunt3</span> <span class='ocrx_word' id='word_1_369' title='bbox 1636 2853 1674 2886; x_wconf 90' lang='lat' dir='ltr'>ut</span> <span class='ocrx_word' id='word_1_370' title='bbox 1690 2849 1776 2886; x_wconf 91' lang='lat' dir='ltr'>hac-</span> 
     </span>
    </p>
   </div>
  </div>
 </body>
</html>
