1909 3228
466 223 550 263 496

859 217 1327 257 HERODOT1

440 335 581 381 Ξλιοι,
619 329 802 384 σχοίνων
843 326 940 377 ἓνὸς
979 326 1053 370 καὶ
1086 324 1337 381 ὀγδώκοντα
1366 327 1539 371 ἐόντων.
1599 322 1721 372 οὗτοι

470 407 771 462 συντιθέμενοι
807 407 850 449 οἱ
889 404 1056 448 στάδιοι
1093 403 1343 460 Αἰγύπτου,
1400 405 1448 449 τό
1489 407 1566 461 μὲν
1602 407 1720 460 παροὶ

467 487 717 539 θάλασσαν,
773 483 856 540 ἤδη
898 501 972 538 μοι
1019 484 1093 527 καὶ
1134 483 1345 539 πρότερον
1384 484 1617 540 δεδήλωται
1654 487 1722 531 ὅτι

469 566 704 617 ἑξακοσίων
733 563 777 605 τέ
808 563 895 606 ἐστι
926 564 1113 606 σταδίων
1144 563 1218 606 καὶ
1246 565 1509 619 τρισχιλίων·
1542 564 1648 608 ὅσον
1677 565 1722 609 δέ

467 662 507 687 τι
538 641 622 686 ἀπὸ
653 640 873 697 θαλάσσης
907 643 947 693 ἐς
976 641 1211 698 μεσόγαιαν
1248 642 1368 698 μέχρι
1405 643 1582 698 Θηβέων
1613 645 1779 694 ἐστὶ,40

439 721 685 779 3σημανὲω.
743 722 911 765 στάδιοι
939 720 1020 776 γάρ
1054 723 1136 764 εἰσι
1179 723 1314 764 ε’ίκοσι
1355 723 1427 765 καὶ
1468 722 1622 765 ἑκατὸν
1651 723 1725 766 καὶ

467 801 751 857 ἑξακισχίλιοι,
809 800 858 843 τὸ
900 802 944 844 δὲ
984 799 1069 844 ἀπὸ
1118 801 1297 857 Θηβέων
1337 801 1379 852 ἐς
1414 799 1723 858 Ἐλεφαντίνην

467 881 732 937 καλεομένην
765 879 917 933 πόλιν,
976 879 1144 923 στάδιοι
1178 882 1308 936 χίλιοι
1357 881 1430 924 καὶ
1476 879 1726 925 ὀκτακόσιοι

468 961 564 1004 εἰσί.

469 1115 580 1161 οὗτοι
609 1118 884 1172 συντιθέμενοι
913 1120 954 1160 οἴ
981 1116 1070 1161 στοί-

413 1179 512 1224 διοι]
549 1178 642 1214 Cum
674 1182 823 1215 recentt.
862 1179 1069 1229 scripsimus

414 1232 695 1284 συντιθέμενοι
725 1247 792 1284 pro
823 1233 1069 1284 συντεθειμέ-

413 1307 477 1330 νοι
499 1296 535 1329 ct
556 1291 607 1337 οἷ,
637 1291 736 1339 quod
755 1291 864 1339 vulgo
878 1292 993 1339 abest,
1006 1292 1071 1328 ad-

410 1349 567 1386 iecimus.
597 1347 663 1383 Est
681 1348 902 1386 autemhaec
914 1350 988 1385 fere
1006 1348 1074 1384 loci

413 1404 611 1441 sententia:
644 1403 780 1452 quando
791 1404 874 1440 haec
885 1404 1003 1440 stadia
1017 1416 1070 1440 se-

413 1474 487 1497 cum
509 1463 606 1496 erunt
623 1461 746 1496 iuncta
766 1473 793 1497 s.
807 1464 1007 1508 computata
1019 1481 1066 1486 —-

412 1518 537 1554 existet
552 1515 630 1551 inde
649 1528 781 1552 sununa
803 1529 862 1552 sex
880 1516 973 1552 mille
992 1528 1069 1552 cen-

413 1577 488 1610 tum
507 1574 641 1620 viginti
659 1571 869 1618 stadiorum,
907 1585 993 1622 quae
1021 1575 1070 1608 est

412 1630 652 1678 Aegyptiacae
674 1632 784 1664 terrae
803 1628 982 1676 longitudo
992 1628 1070 1664 inde

414 1700 436 1722 a
458 1687 549 1722 mari
565 1697 673 1734 usque
690 1684 737 1721 acl
757 1684 902 1732 Thebas,
917 1687 988 1721 ium
1006 1687 1071 1721 mi-

413 1743 452 1779 ln·
478 1741 688 1788 indicanda,
730 1745 937 1790 postquam,
984 1753 1071 1790 quae

415 1810 492 1835 orae
508 1799 702 1833 maritimae
721 1799 768 1832 sit
787 1796 982 1845 longitudo,
1013 1809 1072 1832 su-

407 1867 478 1905 pra
516 1853 685 1890 indicavi.
742 1853 818 1889 Iam
867 1852 1071 1902 apparebit,

413 1910 524 1947 verba
561 1902 672 1947 οὗτοι
716 1907 994 1958 συντιθέμενοι
1035 1907 1075 1947 οἱ

415 1962 567 2005 στάδιοι
589 1969 753 2015 spectare
775 1966 823 2002 ad
848 1965 958 2002 verba
985 1960 1071 2003 στά-

415 2023 493 2061 διοι
522 2017 597 2073 γάρ
621 2021 697 2059 εἰσι
721 2021 865 2069 εἴκοσι,
896 2020 962 2059 καὶ
990 2020 1075 2060 ἕκα-

412 2076 483 2118 ‘cdv
501 2077 566 2116 καὶ
591 2077 856 2128 ἑξακισχίλιοι,
885 2078 944 2114 ubi
964 2077 1076 2127 parti-

414 2135 493 2173 cula
520 2131 594 2186 γάρ
622 2135 801 2172 neminem
829 2135 1077 2180 remorabitur,

414 2193 474 2241 qui
493 2191 708 2237 meminerit,
740 2191 881 2240 quoties
893 2191 981 2227 haec
992 2202 1077 2239 par-

413 2247 521 2285 ticula
533 2248 582 2284 ita
599 2253 767 2297 ponatur,
798 2252 837 2283 nt
856 2247 968 2293 adea,
983 2258 1077 2294 quae

414 2317 481 2355 per
499 2303 731 2353 parenthesin
755 2305 858 2352 quasi
887 2303 1076 2339 interiecta

414 2360 577 2410 proxime
597 2360 828 2406 antecedunt,
860 2362 1075 2409 spectet.—

413 2417 456 2453 In
486 2417 574 2465 ipsis
605 2416 761 2453 numeris
800 2416 897 2452 haud
927 2427 1075 2464 prorsus

415 2477 584 2509 constans
603 2472 670 2509 sibi
691 2472 832 2509 videtur
852 2471 1078 2515 Herodotus,

416 2529 478 2577 qui
489 2528 544 2565 hic
558 2541 731 2565 summam
750 2529 946 2564 stadiorum
958 2539 978 2562 a
989 2526 1078 2563 mari

415 2597 532 2632 nsque
561 2585 609 2621 ad
632 2584 840 2633 Heliopolin
867 2589 903 2621 et
926 2582 1077 2619 Thebas

417 2641 504 2676 facit
534 2642 664 2687 6120,
689 2654 768 2678 cum
797 2645 905 2677 antea
934 2638 1007 2687 (ΙΙ,
1033 2638 1078 2686 7)

420 2697 528 2736 1500
541 2697 659 2733 stadia
680 2698 859 2747 posuisset
878 2709 899 2733 a
915 2694 1003 2732 mari
1016 2707 1077 2730 us-

420 2763 490 2798 que
510 2753 558 2788 ad
581 2752 791 2802 Heliopolin
819 2757 854 2790 et
884 2753 928 2790 ab
950 2750 1078 2787 Helio-

419 2806 492 2854 poli
523 2820 636 2855 usque
667 2810 714 2844 ad
754 2809 903 2845 Thebas
943 2808 1074 2852 4860;

420 2862 517 2899 unde
552 2876 691 2901 summa
723 2866 841 2903 existit
874 2865 1075 2902 stadiorum

1128 1123 1249 1164 6360.
1290 1120 1422 1169 Fuere,
1449 1123 1509 1172 qui
1528 1122 1680 1159 librariis
1704 1121 1782 1158 He-

1125 1181 1246 1216 rodoti
1289 1183 1426 1216 textum
1468 1178 1782 1228 corrumpentibus

1126 1237 1195 1274 hoc
1219 1237 1440 1283 tribuerent,
1469 1236 1632 1285 quamvis
1662 1234 1785 1271 mendi

1128 1306 1175 1330 ne
1201 1293 1270 1329 ulla
1295 1293 1440 1340 quidem
1469 1293 1644 1341 adpareat
1666 1292 1784 1340 suspi-

1129 1351 1194 1387 cio.
1237 1349 1276 1385 Si
1302 1361 1390 1385 sana
1412 1353 1496 1385 sunt
1518 1347 1646 1384 Nostri
1662 1348 1784 1394 verba,

1125 1408 1184 1443 vix
1201 1419 1243 1443 ea
1263 1405 1331 1441 alio
1349 1406 1459 1441 modo
1476 1417 1594 1441 secum
1616 1403 1784 1453 componi

1126 1476 1236 1512 posse
1263 1462 1439 1498 existimat
1466 1459 1731 1496 Schlichthorst.
1760 1457 1782 1495 l.

1125 1518 1148 1555 l.
1170 1531 1254 1567 pag.
1275 1519 1346 1563 30,
1377 1516 1443 1552 nisi
1462 1517 1616 1565 priorem
1636 1528 1786 1564 compu-

1126 1575 1302 1611 tationem
1332 1573 1378 1609 de
1405 1572 1566 1609 terrestri
1592 1571 1720 1608 itinere
1755 1571 1783 1606 si

1125 1630 1324 1678 intelligas,
1355 1628 1505 1665 alteram
1530 1640 1682 1676 eamque
1707 1640 1784 1663 ma-

1125 1687 1237 1723 iorem
1258 1686 1303 1722 de
1328 1685 1471 1731 itinere,
1502 1684 1602 1732 qnod
1622 1685 1657 1719 in
1674 1684 1784 1719 fluvio

1127 1743 1191 1779 fiat
1209 1746 1318 1789 atque
1336 1745 1535 1777 tortuosum
1547 1743 1593 1775 ob
1613 1740 1688 1776 eius
1704 1752 1784 1776 cur-

1128 1811 1205 1834 sum
1218 1797 1358 1845 longius
1371 1797 1428 1832 sit.
1459 1795 1534 1832 Sed
1550 1799 1697 1832 monent
1708 1795 1787 1832 edi-

1127 1858 1226 1890 tores
1244 1853 1363 1903 operis
1383 1852 1562 1901 Descript.
1583 1852 1629 1889 de
1647 1851 1739 1899 l'Eg.
1761 1851 1784 1888 l.

1129 1909 1153 1946 l.
1182 1909 1289 1946 hasce
1324 1908 1515 1945 distantias
1544 1920 1668 1945 omnes
1699 1920 1786 1944 con-

1133 1978 1242 2015 gruas
1267 1966 1367 2012 sore,
1413 1965 1442 2001 si
1471 1969 1568 2001 recta
1598 1964 1694 2001 linea
1723 1976 1785 2002 eas

1133 2023 1261 2058 ductas
1283 2034 1365 2059 esse
1384 2021 1449 2057 tibi
1470 2021 1702 2070 persuaseris.
1724 2020 1786 2056 Sic

1132 2078 1227 2115 mille
1246 2078 1463 2125 octingentis
1479 2077 1604 2113 stadiis
1618 2076 1786 2113 Herodo-

1133 2135 1201 2171 teis
1223 2139 1346 2171 exacte
1366 2133 1588 2182 respondere
1610 2144 1784 2168 summam

1136 2192 1313 2236 180,000
1342 2190 1491 2235 merres,
1531 2201 1625 2236 quae
1656 2188 1784 2225 eadem

1133 2259 1218 2283 vera
1252 2246 1453 2282 inveniatur
1481 2245 1560 2281 viae
1595 2243 1784 2292 longitudo

1132 2314 1302 2351 mappam
1324 2301 1537 2350 inspicienti.
1566 2300 1785 2338 Distantiam

1133 2358 1343 2395 Thebarum
1373 2358 1417 2393 ab
1449 2357 1528 2406 ipso
1558 2357 1647 2393 mari
1667 2357 1783 2393 minus

1132 2415 1225 2452 bene
1243 2413 1390 2450 indicari
1402 2426 1523 2462 posse,
1552 2425 1634 2449 cum
1644 2425 1718 2449 non
1727 2424 1785 2449 sa-

1135 2470 1179 2507 tis
1193 2475 1356 2507 accurate
1367 2469 1577 2506 Herodotus
1594 2468 1708 2506 locum
1720 2468 1785 2506 de-

1135 2527 1290 2572 finierit,
1321 2526 1419 2562 unde
1451 2525 1623 2561 distantia
1651 2526 1696 2562 sit
1720 2525 1786 2562 de-

1134 2583 1341 2628 metienda,
1370 2595 1437 2619 nec
1461 2585 1582 2618 tamen
1610 2581 1783 2618 absonam

1133 2639 1269 2685 rideri,
1308 2639 1338 2675 si
1363 2651 1384 2675 a
1411 2637 1499 2674 mari
1521 2637 1784 2674 mediterraneo

1131 2708 1248 2745 prope
1264 2694 1448 2731 Pelusium
1466 2693 1639 2743 incipiens
1650 2697 1784 2730 rectam

1132 2751 1261 2788 lineam
1289 2751 1337 2787 ad
1356 2750 1502 2788 Thebas
1531 2762 1646 2798 usque
1673 2750 1785 2786 duxe-

1131 2807 1190 2843 ris.
1220 2806 1279 2844 Tu
1302 2807 1395 2843 conf.
1415 2807 1522 2844 etiam
1541 2805 1696 2843 Iomard.
1717 2804 1740 2841 1.
1761 2803 1782 2840 l.

1129 2875 1215 2915 pag.
1236 2863 1317 2904 508
1339 2861 1363 2900 l.
1389 2861 1413 2900 l.
