1909 3228
572 203 997 243 EUTERPE.
1050 203 1097 242 11.

1374 204 1459 245 679

190 312 293 364 τούς
329 316 572 369 κλυστῆρας
610 313 858 369 πλήσωνται
895 316 976 357 τοῦ
1014 310 1100 356 ἀπὸ
1143 311 1305 366 κέδρου
1338 309 1454 355 ἀλεί-

192 409 333 448 φατος
361 393 618 448 γινομένου,
668 394 714 436 ἓν
745 389 805 436 ὦν
839 392 1027 448 ἔπλησαν
1065 394 1146 434 τοῦ
1182 394 1346 445 νεκροῦ
1374 389 1455 446 τήν

189 473 387 527 κοιλίην,
436 472 535 515 οὔτε
576 471 864 527 ἀναταμόντες
904 470 1062 523 αὐτὸν,
1103 468 1201 514 οὔτε
1245 468 1510 522 ἐξελόντεςὸο

189 552 269 608 τὴν
298 552 464 609 νηδύν,
502 551 612 595 κατὰ
644 552 689 596 δὲ
725 551 805 608 τήν
845 550 977 608 ἕδρην
1015 548 1324 608 ἐσηθήσαντες·
1381 548 1454 593 καὶ

137 771 235 820 quod
271 771 373 808 dedit
398 769 599 818 Matthiae,
637 773 783 807 secutus

135 840 213 864 eam
240 827 424 876 regulam,
455 839 563 876 quam
592 827 640 863 ad
667 827 705 876 I,
730 826 784 868 54

132 883 203 920 iam
221 884 415 932 attigimus.

188 942 259 978 τοῦ
289 935 366 978 α’πό
394 938 538 990 κέδρου
573 935 785 989 ἀλείφατος

131 995 370 1048 γινομένου]
401 996 469 1033 Alii
501 998 641 1034 brevius
663 997 784 1047 expri-

130 1059 233 1090 munt
262 1052 393 1092 ἔλαιον
417 1050 458 1092 τὸ
485 1051 526 1092 ἐκ
545 1054 618 1092 τοῦ
638 1051 782 1105 κέδρου

130 1123 159 1146 s.
181 1108 312 1149 ἔλαιον
341 1108 546 1160 κέδρινον,
588 1110 696 1146 oleum
726 1123 780 1146 ce-

129 1165 289 1214 drinum,
320 1167 420 1215 quod
448 1179 490 1204 ex
515 1168 624 1204 cedro
644 1180 671 1203 s.
690 1167 782 1202 iuni-

128 1236 216 1273 pero
237 1224 416 1271 oxycedro
443 1237 469 1259 s.
496 1224 604 1260 cedro
625 1223 783 1260 baccife-

128 1280 169 1316 ra
190 1293 219 1316 s.
238 1279 362 1316 Cilicia
387 1280 539 1329 capitur.
599 1280 711 1322 Quod
733 1280 781 1316 ad

127 1335 238 1372 hocce
270 1336 379 1372 oleum
408 1335 606 1382 cedrinum,
644 1340 682 1372 ut
704 1335 782 1373 He-

126 1392 276 1428 rodotus
323 1392 393 1436 ait3
447 1396 551 1429 notat
592 1391 779 1429 Gmelinus

125 1447 168 1494 (l.
192 1460 303 1498 supra
328 1447 351 1484 l.
382 1460 467 1497 pag.
490 1447 586 1493 15):
625 1447 779 1496 cogitari

124 1504 440 1552 debereliquidam
452 1505 653 1550 materiam,
669 1516 779 1552 quam

124 1573 168 1598 ex
196 1560 294 1598 cedri
324 1561 431 1597 ramis
466 1560 640 1609 lignoque
671 1560 780 1597 elicu-

124 1617 216 1655 erint
245 1621 407 1662 veteres3
436 1618 570 1654 factum
597 1630 677 1654 esse
709 1616 779 1653 hoc

122 1674 194 1720 ita,
225 1678 266 1710 ut
294 1673 489 1711 adurerent
517 1673 694 1711 eiusmodi
720 1685 778 1709 ar—

123 1731 270 1776 borem,
310 1743 382 1778 quo
422 1730 617 1778 liquefacta
655 1729 777 1766 resina

124 1787 298 1823 efflueret.
356 1786 491 1823 Verum
514 1786 655 1822 dubitat
679 1786 775 1822 idem

122 1842 177 1879 vir
198 1842 323 1878 doctus
352 1856 389 1892 p.
415 1845 465 1882 19
497 1842 519 1878 l.
548 1841 570 1877 l.
599 1841 776 1891 periculo-

122 1911 201 1935 rum
221 1898 458 1935 chemicorum
479 1898 693 1934 auctoritate
703 1899 776 1934 sre-

122 1959 205 2001 tus,
244 1956 401 1991 cedriam
429 1959 491 1991 aut
520 1954 625 1990 aliam
659 1966 776 2002 quan-

122 2012 205 2047 dam
225 2012 379 2048 resinam
396 2010 590 2061 simplicem
603 2012 776 2058 frequen-

121 2072 236 2104 tatam
263 2068 372 2105 fuisse
403 2068 439 2104 in
472 2066 683 2104 condiendis
716 2078 777 2102 ca-

121 2123 336 2171 daveribus,
373 2137 452 2161 cum
473 2124 607 2160 mixtae
631 2126 669 2159 ut
695 2121 777 2172 plu-

118 2181 249 2217 rimum
299 2181 511 2217 conditurae
530 2207 542 2226 ‚
607 2179 776 2215 nimirum

120 2237 341 2286 compositae
368 2250 411 2274 ex
431 2236 608 2273 bitumine
627 2239 665 2272 et
685 2235 774 2272 resi-

120 2305 180 2340 na,
194 2293 347 2342 vestigia
356 2294 592 2344 reperiantur.
606 2290 773 2341 Asphalti

118 2362 196 2386 com
202 2351 316 2386 munis
331 2363 451 2387 rarum
462 2350 500 2387 in
511 2348 682 2400 parandis
692 2361 773 2384 mu-

119 2405 198 2441 miis
219 2418 321 2442 usum
348 2407 457 2443 fuisse
481 2410 604 2443 monet
623 2417 773 2454 quoque

119 2460 420 2499 Blumenbachius
445 2462 587 2509 (Beitr.
615 2474 646 2496 z.
679 2460 770 2498 Nat.

121 2516 253 2553 Gesch.
275 2518 307 2554 ΙΙ
329 2532 363 2567 p.
387 2520 451 2558 88.
474 2519 587 2566 123),
617 2518 769 2563 addens,

119 2573 276 2610 cedriam
298 2579 336 2610 ut
364 2574 555 2623 plurimum
572 2574 768 2610 admixtam

119 2629 248 2675 fuisse,
287 2630 435 2666 fluidam
465 2634 587 2667 autem
611 2630 768 2666 cedriam

119 2684 331 2733 clysteribus
370 2686 583 2722 inserviisse.
670 2685 774 2722 Haec

119 2742 346 2791 transscripsi
382 2755 401 2779 e
433 2742 605 2778 Creuzeri
633 2742 771 2778 Comm.

118 2810 155 2847 p.
176 2798 229 2838 75
254 2810 351 2847 seq.,
382 2798 442 2835 ubi
464 2798 565 2847 plura
585 2798 772 2847 disputata

118 2854 157 2890 in
190 2858 383 2904 utramque
418 2858 562 2905 partem
597 2853 771 2892 exhiben—

852 773 913 807 tur
927 799 937 817 ,
966 783 1066 816 cum,
1099 781 1192 819 quae
1210 769 1258 806 ad
1279 768 1507 818 probandam

853 827 1103 864 Herodoteam
1128 827 1348 863 sententiam
1369 838 1388 862 e
1409 825 1509 863 cedri

853 888 982 920 natura
1013 886 1115 931 (nam
1131 886 1342 932 purgantem
1363 882 1509 919 cedriae

854 941 924 976 vim
952 940 1021 989 ipsi
1050 943 1188 976 veteres
1226 939 1358 976 medici
1391 951 1508 986 agno-

854 1000 978 1043 scunt)
1001 996 1143 1047 prolata
1163 995 1298 1032 suerint
1313 1007 1507 1042 argumen-

850 1056 902 1098 ta,
933 1054 979 1090 ab
1000 1053 1078 1090 aliis
1090 1053 1136 1089 ad
1157 1051 1415 1089 confutandum
1430 1051 1508 1088 He-

849 1111 1018 1146 rodotum
1059 1110 1130 1146 sint
1169 1109 1327 1146 detorsa.
1399 1107 1508 1150 Quae

850 1179 917 1202 nos
939 1166 1085 1215 quidem
1104 1165 1190 1201 nihil
1209 1177 1389 1201 moramur
1400 1164 1505 1213 quip-

849 1235 897 1272 pe
919 1223 955 1259 in
974 1235 1035 1268 re,
1066 1235 1160 1271 quae
1181 1221 1404 1258 medicorum
1423 1224 1506 1256 tan-

849 1283 926 1315 tum
947 1284 982 1316 et
998 1279 1227 1328 physicorum
1249 1277 1506 1314 chemicorum-

848 1348 920 1383 que
939 1335 1151 1371 accuratiori
1164 1333 1445 1382 investigatione
1457 1332 1506 1369 ad

847 1390 1023 1438 liquidum
1044 1391 1125 1427 duci
1147 1390 1294 1440 poterit.
1344 1389 1427 1425 Hoc
1449 1393 1506 1425 ta-

847 1460 931 1483 men
963 1447 1061 1483 addo
1083 1475 1094 1493 ‚
1132 1446 1233 1495 quod
1260 1445 1298 1481 in
1331 1444 1504 1481 Minutoli

847 1502 1058 1550 Nachtr‘age
1085 1506 1155 1539 etc.
1186 1502 1416 1539 observatum
1448 1502 1504 1537 in-

846 1560 952 1595 venio
965 1573 985 1596 a
999 1559 1123 1595 lohnio
1141 1572 1177 1609 p.
1200 1560 1291 1599 197.
1333 1557 1504 1594 Cedriam

846 1616 959 1653 videri
987 1616 1145 1653 resinam
1185 1628 1212 1651 s.
1240 1613 1358 1651 oleum
1386 1613 1503 1651 Tere-

846 1672 1051 1709 binthinum
1081 1670 1345 1721 (Terpentz‘nb'l)
1363 1699 1373 1717 ‚
1403 1671 1503 1719 quod

846 1741 889 1766 ex
908 1729 1077 1765 omnibus
1096 1728 1307 1775 arboribus,
1337 1739 1431 1775 quae
1454 1727 1502 1763 ad

843 1785 918 1835 pini
937 1798 1053 1833 genus
1074 1786 1297 1835 pertineant,
1324 1783 1500 1833 capiatur.

903 1865 992 1907 οὔτε
1036 1862 1304 1918 ἀναταμόντες
1353 1860 1496 1911 αὐτὸν]

844 1924 926 1961 Scil.
949 1921 1020 1964 τόν
1043 1921 1206 1975 νεκρὸν,
1227 1937 1294 1960 non
1312 1922 1500 1958 incidentes

844 1993 967 2030 corpus
979 1980 1142 2030 defuncti
1156 1981 1203 2017 acl
1225 1982 1404 2016 sinistram
1410 1991 1499 2028 par-

844 2040 922 2074 tem.
992 2037 1100 2074 Conf.
1138 2041 1217 2074 not.
1254 2037 1302 2072 ad
1336 2035 1394 2081 H,
1424 2037 1498 2075 86:

844 2094 1158 2144 παρασχίσαντες
1190 2089 1298 2144 παροῖ
1331 2088 1406 2142 τήν
1432 2093 1500 2129 λοι-

844 2146 991 2201 πείρην.

902 2204 992 2245 οὕτε
1021 2199 1213 2253 ἐξελόντες
1240 2200 1315 2255 τήν
1341 2199 1497 2252 νηδύν]

843 2263 865 2300 i.
886 2277 916 2300 e.
930 2263 1050 2300 alvum
1069 2275 1135 2298 non
1156 2264 1401 2297 exenterantes.
1427 2259 1496 2295 Pa-

841 2324 898 2357 tet
929 2320 962 2356 h.
992 2319 1014 2356 l.
1041 2314 1171 2369 νηδύν
1198 2322 1310 2366 atque
1339 2315 1496 2365 κοιλίην

839 2389 914 2412 non
946 2376 1093 2413 differre
1120 2373 1412 2423 significatione,
1453 2375 1496 2408 ut

838 2436 938 2470 recte
964 2433 1073 2469 etiam
1110 2430 1250 2468 monuit
1283 2428 1489 2477 Schweigh.

838 2489 886 2526 ad
907 2489 959 2536 11,
978 2490 1044 2528 86.

893 2569 993 2610 κατοῖ
1026 2568 1068 2609 δὲ
1096 2565 1168 2619 τήν
1199 2567 1318 2619 ἕδρην
1346 2562 1494 2618 ἐσηθή-

838 2631 1000 2674 σαντες]
1033 2628 1055 2663 i.
1077 2640 1107 2663 e.
1130 2638 1191 2674 per
1211 2638 1315 2661 anum
1334 2627 1494 2672 ingeren-

841 2689 902 2721 tes.
960 2684 1057 2721 Nam
1076 2681 1239 2731 ἐσηθεῐν
1260 2685 1317 2718 est
1332 2694 1394 2731 per
1415 2680 1490 2730 cly-

841 2746 961 2777 sterem
1009 2740 1235 2776 intromittere
1257 2766 1267 2784 ‚
1325 2740 1491 2786 ingere-re,

839 2798 939 2846 quod
961 2809 1041 2833 cum
1058 2795 1242 2845 purgandi
1259 2794 1391 2832 ventris
1408 2805 1491 2830 cau-

839 2866 882 2891 sa
908 2854 993 2900 fiat,
1029 2851 1153 2902 glossa
1173 2851 1387 2888 Herodotea
1403 2848 1489 2900 ἐση-
