1909 3228
303 551 370 595 72

103 613 214 650 Lutra,
239 622 377 655 squame-

101 656 148 683 αις,
157 635 304 684 anguilla,
312 649 377 677 iul-

102 690 222 718 panset.

431 211 516 251 648

823 207 1293 246 HERODOTI

432 318 506 362 καὶ
537 316 709 374 φωνήν·
739 317 958 373 μέγαθος,
989 316 1097 360 ὅσον
1125 331 1170 360 τε
1199 319 1308 372 βοῦς
1339 315 1362 360 ὁ
1393 315 1612 373 μέγιστος·
1640 317 1689 362 τὸ
1703 326 1746 360 80

434 397 569 452 δέρμα
607 394 651 439 δ’
682 394 820 439 αὐτοῦ
850 395 963 439 οὕτω
989 394 1042 452 δή
1071 412 1113 439 τι
1142 394 1256 450 παχύ
1286 394 1397 446 ἐστι,
1439 396 1546 440 ὥστε
1575 396 1690 441 αὔου

432 475 698 533 γενομένου,
758 473 889 527 ξυστὰ
937 475 1164 519 ποιέεσθαι
1221 473 1400 518 ἀκόντια
1448 475 1491 528 ἐξ
1538 474 1687 520 αὐτοῦ.

430 556 636 599 Γίνονται
666 553 711 596 δὲ
740 554 814 597 καὶ
849 553 1042 608 ἐνύδριες
1078 555 1123 598 ἐν
1153 557 1214 612 τῷ
1243 559 1448 610 ποταμῷ,
1485 554 1563 605 τοὶς
1594 557 1692 610 ἱράς

432 633 614 690 ἥγηνται
642 631 764 676 εἶναι.
796 635 1019 688 νομίζουσι
1050 634 1094 677 ὁὲ
1123 635 1194 677 καὶ
1223 631 1399 676 πάντων
1428 633 1594 689 ἰχθύων
1615 635 1694 678 τόν

433 709 702 769 καλεύμενον
733 712 972 757 λεπιδωτόν
1010 711 1108 767 ι’ρόν
1137 710 1270 768 εἶναι,
1300 714 1371 757 καὶ
1401 712 1480 770 τὴν
1509 713 1692 770 ἔγχελυν.
1704 721 1749 755 85

373 944 470 982 tradi
488 946 622 981 certum
657 946 724 979 est.
783 940 879 980 Nam
912 944 1029 980 cauda

378 1000 506 1038 beluae
523 1004 597 1036 tam
618 999 736 1037 brevis
768 1011 809 1035 ac
826 1001 959 1046 densa,
989 1004 1029 1036 ut

374 1058 434 1094 vix
476 1058 675 1107 adpareat3
733 1068 845 1103 quare
885 1057 1029 1093 suillam

375 1113 528 1152 caudam
566 1112 662 1148 haud
704 1112 778 1148 scio
813 1125 860 1149 an
897 1113 1029 1150 rectius

375 1169 506 1207 dixerit
526 1167 738 1206 Aristoteles
766 1168 786 1204 l.
808 1167 829 1205 l.
871 1169 918 1206 Et
942 1182 1030 1206 con-

374 1226 473 1263 venit
490 1225 645 1262 Achilles
664 1224 700 1261 Γ
703 1225 794 1261 atius
824 1225 845 1261 l.
869 1225 892 1262 l.
939 1226 1029 1263 Per-

376 1295 503 1338 peram
523 1281 709 1319 Diodorus
727 1280 748 1317 l.
770 1281 792 1317 l.
811 1281 953 1318 beluam
973 1283 1028 1318 di-

375 1339 424 1375 cit
448 1339 529 1376 ώτα
548 1335 590 1377 δὲ
614 1352 681 1376 και
693 1352 836 1389 κερκον
857 1337 924 1377 καὶ
946 1354 1027 1389 φω-

374 1409 453 1446 νην
473 1394 582 1448 ι’ππῳ
601 1395 850 1447 παρεμφερῆ.

433 1502 554 1553 ξυστοέ
570 1504 782 1546 ποιέεσθαι
802 1501 962 1545 οἷκὸντια
990 1505 1029 1554 ἐξ

373 1557 522 1613 αὐτοῦ]
554 1557 719 1601 ἀκόντια
739 1563 872 1600 delevit
892 1564 1029 1600 schae-

374 1621 494 1665 serus‚
513 1619 632 1656 invitis
653 1620 845 1656 codicibus.
878 1619 1029 1655 L'trum-

374 1687 447 1724 que
467 1679 565 1712 certe
587 1675 826 1723 vocabulum,
856 1680 896 1711 ut
916 1676 1026 1724 vulgo

374 1731 570 1779 adhibent,
601 1744 675 1768 non
695 1731 799 1769 valde
819 1732 940 1768 differt
960 1745 1028 1768 no-

374 1788 496 1832 tione3
533 1788 672 1838 quippe
703 1793 894 1836 utrumque
920 1788 1027 1824 iaculi

374 1842 487 1880 habet
515 1844 698 1881 notionem
716 1871 727 1890 ,
766 1845 862 1881 conf.
899 1843 936 1890 l,
963 1843 1029 1884 34.

375 1900 453 1945 523
493 1900 559 1936 sed
591 1896 729 1947 ξυστὸν
758 1900 903 1950 proprie
931 1900 1031 1937 adie-

374 1956 507 1993 ctivum
546 1960 603 1993 est
639 1955 834 2005 (politum,
869 1958 1030 2005 rasum),

375 2012 477 2061 quod
498 2012 559 2049 ubi
580 2012 695 2049 solum
713 2013 880 2063 ponitur,
908 2018 1030 2050 mente

375 2067 539 2118 suppleri
577 2070 715 2119 poterit
753 2064 960 2117 οἷκόντιον,
989 2073 1031 2106 ut

374 2125 649 2162 substantivum.
710 2125 832 2169 Quare
862 2125 931 2162 iam
955 2126 1030 2162 Bo-

374 2180 518 2219 chartus
541 2181 765 2229 (Hierozoic.
782 2182 815 2219 II
837 2182 897 2218 lib.
915 2181 961 2228 V,
978 2180 1029 2222 14

373 2250 461 2287 pag.
491 2250 574 2275 mea
599 2239 681 2279 757
718 2235 837 2286 ξυστά
863 2233 1029 2277 α’κόντια

373 2293 631 2344 interpretatus
663 2299 742 2333 erat
775 2295 936 2341 „rasilia
958 2294 1029 2332 tela

376 2349 399 2386 i.
419 2363 450 2387 e.
476 2354 584 2386 torno
602 2355 664 2388 aut
681 2351 808 2388 radula
841 2365 905 2388 seu
924 2351 1028 2388 dola-

375 2405 442 2442 bra
459 2406 656 2457 expolita.“
712 2408 823 2451 Quod
843 2412 883 2444 ut
900 2421 1028 2456 urgere

374 2461 513 2509 nolim,
553 2463 603 2500 ita
630 2464 667 2500 in
702 2463 894 2501 Herodoto
931 2469 1030 2502 certe

374 2517 464 2554 nihil
496 2518 737 2557 abiiciendum
769 2533 850 2557 esse
877 2533 1030 2571 persua-

377 2587 457 2610 sum
474 2573 605 2612 habeo.
661 2575 876 2614 Aristoteles
896 2576 918 2613 l.
931 2577 953 2613 l.
973 2577 1030 2613 di-

375 2629 424 2666 cit
444 2625 612 2679 δόρατα,·
649 2631 783 2669 Plinius
815 2633 926 2680 (hist.
955 2637 1030 2670 nat.

378 2684 453 2732 XI,
477 2688 570 2733 39):
602 2688 723 2734 „corii
747 2689 952 2726 crassitudo
974 2693 1031 2726 ta-

379 2739 443 2785 lis,
471 2745 510 2777 ut
529 2743 613 2780 inde
645 2748 836 2782 tornentur
855 2745 981 2782 hastae
992 2745 1029 2790 ;“

380 2800 418 2833 et
437 2796 542 2842 (ibid.
565 2798 669 2846 wll,
687 2802 780 2848 25):
812 2801 1030 2852 „hippopo-

379 2854 497 2888 tamus
514 2855 666 2902 tergoris
687 2857 735 2892 ad
767 2861 870 2894 scuta
887 2857 1028 2906 galeas-

1096 956 1166 993 que
1220 943 1553 993 impenetrabiliS.“

1097 1000 1291 1036 etiamnum
1346 1000 1562 1049 Abyssiniae
1612 1000 1748 1037 incolas

1095 1056 1164 1093 hoc
1192 1057 1288 1093 corio
1321 1057 1543 1093 crassissimo
1577 1058 1624 1092 ad
1649 1062 1751 1093 scuta

1097 1113 1148 1148 uti
1169 1114 1277 1150 refert
1299 1112 1449 1150 Ludols.
1481 1113 1564 1149 hist.
1593 1113 1698 1149 Aeth.
1721 1113 1750 1160 l,

1100 1172 1163 1210 11.
1224 1169 1446 1212 Quibuscum
1468 1173 1672 1217 congruunt
1693 1181 1752 1206 re-

1097 1225 1387 1262 centissimorum
1420 1226 1503 1263 virr.
1540 1225 1651 1263 doctt.
1683 1226 1752 1263 ob-

1097 1282 1332 1320 servationes.

1628 941 1749 994 Atque

1278 1395 1310 1432 C
1322 1409 1343 1432 a
1354 1409 1391 1446 p.
1423 1393 1574 1433 LXXII.

1154 1479 1334 1529 γίνονται
1366 1474 1408 1516 δὲ
1443 1475 1511 1515 καὶ
1550 1473 1749 1527 ἐνύδριες]

1097 1531 1274 1582 ἐνύδριες
1297 1535 1432 1577 lutrae5
1473 1547 1560 1570 nos:
1586 1532 1750 1570 Fiscleot-

1096 1595 1158 1628 ter.
1218 1591 1330 1634 Quod
1369 1590 1416 1626 ad
1456 1591 1575 1640 pisces
1609 1591 1752 1637 attinet,

1094 1647 1269 1684 nonnulla
1287 1648 1439 1683 diximus
1467 1647 1514 1683 ad
1530 1646 1562 1683 ll
1577 1675 1588 1693 ,
1609 1647 1676 1688 37.

1152 1727 1219 1769 τὸν
1250 1726 1496 1780 καλεύμενον
1538 1730 1752 1769 λεπιδω-

1096 1782 1202 1832 τὸν]
1231 1783 1440 1832 λεπιδωτὸς
1460 1787 1554 1823 inter
1571 1786 1751 1823 Niloticos

1097 1843 1214 1894 pisces
1255 1848 1331 1879 tum
1370 1843 1415 1879 ab
1454 1842 1553 1891 aliis,
1592 1847 1668 1879 tum
1707 1843 1752 1880 ab

1097 1899 1287 1937 Athenaeo
1317 1898 1407 1946 V,11
1441 1900 1494 1940 88
1536 1902 1753 1937 recensetur.

1099 1956 1194 1993 Cum
1224 1956 1416 1993 Herodoto
1455 1955 1622 1992 convenit
1650 1955 1754 1992 Stra-

1098 2012 1186 2049 boni
1219 2012 1322 2049 XVII
1351 2014 1540 2062 p.1167,
1573 2013 1615 2049 A.
1675 2012 1752 2048 Sed

1098 2069 1311 2106 Plutarchus
1344 2069 1438 2106 hunc
1466 2069 1602 2118 piscem
1628 2067 1752 2116 Aeg)-

1098 2126 1194 2175 ptios
1216 2129 1399 2163 aversatos
1428 2138 1508 2162 esse
1528 2124 1672 2170 scribit,
1703 2125 1751 2161 de

1097 2181 1182 2219 lsid.
1214 2186 1324 2230 atque
1350 2181 1485 2218 Osirid.
1514 2195 1549 2231 p.
1572 2181 1674 2227 358,
1704 2180 1736 2216 Β

1099 2238 1281 2275 Graecum
1301 2250 1432 2274 nomen
1451 2236 1500 2273 nil
1519 2237 1588 2273 nisi
1607 2249 1748 2286 squam-

1097 2307 1227 2331 mosum
1248 2294 1419 2339 denotat3
1450 2298 1488 2330 ut
1520 2298 1617 2331 certe
1641 2294 1749 2344 piscis

1097 2350 1318 2398 intelligatur
1365 2363 1516 2387 necesse
1565 2350 1629 2396 sit,
1689 2349 1750 2398 qui

1097 2408 1256 2455 squamis
1271 2406 1328 2444 vel
1357 2406 1564 2444 excelluisse
1592 2405 1646 2443 vel
1677 2406 1750 2442 sin-

1097 2463 1223 2512 gulare
1253 2464 1342 2512 quid
1367 2464 1538 2500 habuisse
1575 2463 1750 2500 videatur.

1100 2520 1195 2556 Galli
1215 2520 1333 2566 docti,
1367 2524 1405 2556 ut
1427 2532 1446 2555 e
1470 2518 1751 2567 Schweighaeu-

1098 2576 1168 2613 seri
1204 2580 1292 2612 nota
1329 2575 1514 2624 intelligo,
1556 2588 1638 2613 eum
1669 2587 1751 2612 esse

1097 2633 1286 2679 dixerunt,
1324 2632 1385 2681 qui
1423 2645 1519 2669 nunc
1544 2631 1750 2668 nominatur

1098 2687 1308 2738 Polypterus
1326 2687 1465 2725 Bichir.
1506 2688 1748 2725 Schneiderus

1097 2745 1134 2781 in
1159 2744 1226 2782 lex.
1255 2745 1399 2783 Graeco
1423 2748 1530 2781 vocat
1559 2743 1751 2794 Cyprinum

1097 2800 1230 2850 Bynm‘.
1287 2801 1330 2839 In
1364 2800 1520 2839 Linnaei
1553 2803 1749 2849 systemate

1097 2857 1245 2895 dicitur:
1278 2857 1453 2908 Cyprinus
1473 2856 1652 2894 rubescens
1676 2852 1748 2892 Na·-
