1909 3228
580 201 1001 243 EUTERPE.
1059 201 1104 240 11.

1379 205 1463 244 689

171 311 394 368 6μὲγοιθος
421 312 530 356 κατὰ
556 315 708 368 μῆλον.
743 311 862 355 ’Ἐστι
892 311 938 356 δὲ
967 312 1040 356 καὶ
1070 310 1177 355 ἄλλοι
1204 312 1354 366 κρίνεα
1384 310 1461 368 ῥό-

200 395 314 436 δοισι
343 392 551 448 ἐμφερέα,
578 391 625 434 ἐν
654 395 715 450 τῷ
750 395 932 449 ποταμῷ
961 389 1170 447 γινόμενα
1197 391 1270 434 καὶ
1298 394 1459 434 ταῦτα·

199 471 241 523 ἐξ
273 470 388 514 davd

424 469 588 525 καρπός
627 470 673 514 ἐν
709 469 814 528 ἄλλῃ
852 469 1008 513 κάλυκι
1050 469 1372 526 παραφυομένῃ
1413 470 1461 513 ἐκ

199 554 274 607 τῆς
305 552 421 606 ῥίζης
461 553 644 606 γίνεται,
702 552 838 606 κηρίῳ
877 553 1058 606 σφηκῶν
1094 549 1213 605 ἰδέην
1254 546 1458 606 ὁμοιότα-

171 637 290 673 7τον.
323 631 368 673 ἐν
397 629 538 689 τούτῳ
569 628 736 684 τρωκτά
773 628 880 673 ὅσον
918 645 962 672 τε
992 627 1134 684 πυρὴν
1172 627 1315 685 ἐλαίης
1346 629 1514 685 έγγί-35

199 726 318 752 νεται
355 707 502 765 συχνά.

560 707 767 764 τρώγεται
808 708 853 751 δὲ
898 707 971 751 καὶ
1014 705 1159 750 ἁπαλὰ
1204 712 1340 751 ταῦτα
1385 707 1459 752 καὶ

170 784 297 831 8αὗα.
335 789 422 844 Τὴν
453 788 497 832 δὲ
528 788 694 844 βύβλον
723 786 802 844 την
832 786 1019 831 ἐπέτειον
1047 786 1300 844 γινομένην,
1330 787 1460 831 ἐπεὰν

139 994 238 1041 κε’ως
256 995 468 1045 reponenda
488 999 595 1033 esset.
613 991 796 1048 Έγγλύσ-

141 1065 224 1092 σειν
237 1053 389 1097 (dulcem
408 1055 495 1101 esse)
517 1054 726 1091 neutraliter
739 1052 796 1089 hic

140 1110 401 1159 accipiendum.
418 1110 703 1158 -Sequentiffi
728 1106 795 1147 ε’δν

142 1162 379 1217 στρογγύλον
407 1167 593 1215 pertinent
622 1168 668 1202 ud
696 1165 796 1202 radi-

141 1236 241 1268 cem,
277 1223 422 1259 minime
451 1236 536 1259 vero
558 1223 603 1258 ad
628 1223 691 1258 loti
719 1224 795 1258 sru-

140 1283 234 1315 ctum
256 1293 281 1314 s.
315 1292 428 1326 grana
453 1292 560 1328 supra
581 1283 792 1315 memorata.

139 1335 327 1371 Siinillimo
356 1335 466 1371 modo
493 1336 528 1370 in
567 1349 669 1384 seqq.
705 1336 793 1371 dixit

138 1387 371 1441 ὁμοιότατον
393 1396 521 1427 neutro
540 1404 686 1438 genere,
711 1404 791 1427 cuin

137 1448 185 1483 ad
205 1444 357 1497 καρπός
389 1447 563 1483 referatur
578 1476 588 1493 ,
617 1448 714 1483 haud
735 1447 791 1484 in-

136 1505 318 1552 frequenti
350 1508 472 1540 tamen
502 1503 600 1553 apud
624 1504 788 1541 Graecos

135 1560 278 1597 dicendi
298 1560 418 1596 modo.

192 1631 237 1666 με
223 1614 368 1668 ’γαθος
394 1631 492 1654 κατα
520 1613 670 1665 μῆλον]
731 1615 790 1653 De

135 1669 233 1710 κατὰ
257 1673 538 1722 praepositionis
557 1686 622 1709 usu
644 1673 739 1709 conf.
761 1672 789 1720 I,

138 1729 400 1776 121.1[‚10-

194 1784 232 1831 ἐξ
245 1779 301 1822 ὦν
327 1800 345 1823 0
365 1800 517 1834 καρπος
538 1783 580 1823 ἓν
601 1781 697 1837 ἄλλῃ
719 1779 790 1822 κά-

135 1843 224 1879 λυκι
253 1839 544 1905 παραφυομένῃ
576 1840 617 1879 ἐκ
637 1843 706 1890 τῆς
732 1841 788 1889 ρί-

139 1899 204 1946 ζης
222 1895 393 1947 γίνεται]
426 1893 546 1943 καλυξ
565 1898 622 1933 hic
638 1910 710 1932 non
732 1901 788 1934 est

135 1954 350 1990 Latiuoium
379 1954 486 2002 calyv
520 1955 570 2000 (i
591 1967 621 1990 e.
647 1953 786 1989 imolu-

136 2024 234 2046 eruin
260 2038 270 2057 ‚
319 2011 419 2058 quod
451 2012 575 2046 florein
605 2010 695 2058 tegit
723 2013 786 2046 aut

134 2067 288 2103 fructum
315 2066 490 2113 includit,
522 2065 680 2112 Kelch),
721 2066 788 2103 sed

135 2123 182 2159 de
201 2122 314 2159 altero
334 2122 431 2158 cauli
461 2122 576 2169 (nosz
600 2122 744 2170 Stengel
754 2124 785 2170 )‚

135 2179 196 2227 qui
216 2179 312 2215 iuxta
343 2178 492 2215 alterum
514 2192 533 2215 e
560 2179 681 2215 radice
699 2192 787 2215 ena-

135 2235 243 2271 scitur
258 2264 268 2281 ,
306 2235 591 2282 intelligendum.
661 2235 786 2283 Hesy-

134 2291 230 2328 chius
252 2287 372 2338 κάλυξ
399 2292 484 2328 inde
515 2291 669 2341 explicat
691 2287 785 2341 βλά-

136 2360 272 2396 στημα.
302 2347 352 2383 Et
373 2348 529 2397 probant
552 2348 640 2384 haec
659 2347 722 2384 loti
742 2348 786 2385 fi-

134 2416 247 2451 gurae
269 2407 305 2440 et
320 2404 464 2450 icones,
488 2417 578 2452 quas
599 2404 683 2440 citat
693 2404 787 2440 Lar-

135 2459 261 2495 cherus
296 2460 342 2495 ad
369 2460 403 2496 h.
432 2459 468 2507 l.,
499 2461 555 2496 cui
576 2460 683 2497 etiam
710 2461 785 2497 suf-

133 2515 297 2562 fragatur
315 2515 474 2553 Heeren.
494 2516 515 2553 l.
537 2516 560 2553 l.
583 2529 667 2567 pag.
688 2518 783 2557 358.

189 2625 315 2678 κηρίῳ
337 2628 504 2675 σφηκῶν
519 2626 628 2677 ἰδέην
647 2622 784 2678 ὅμοιό-

133 2681 274 2731 τατον]
304 2682 363 2718 Ad
384 2681 494 2732 ἰδέην
517 2684 685 2729 conf.11‚
715 2685 782 2724 71.

132 2737 272 2788 Vespas
293 2739 348 2775 hic
379 2751 466 2788 apes
488 2741 582 2777 feras
614 2740 682 2776 dici
709 2740 785 2777 exi-

133 2795 253 2831 stimat
274 2795 433 2832 Heeren.
453 2795 474 2831 l.
498 2796 519 2832 l.
566 2796 668 2838 Quos
688 2796 784 2832 enim

131 2850 201 2886 favi
223 2851 356 2886 forulos
382 2852 518 2889 habent
538 2852 585 2889 ad
610 2852 679 2890 mel
707 2864 784 2889 ser-

180 2905 390 2944 HERonoT.
423 2907 450 2945 I.

862 996 1021 1032 vandum
1035 1024 1045 1042 ,
1075 994 1223 1032 eosdem
1243 995 1279 1031 in
1299 994 1374 1031 loto
1389 994 1514 1033 videre

862 1052 944 1089 lieet
968 1052 1016 1088 ad
1046 1064 1162 1100 grana
1186 1052 1386 1098 servanda,
1417 1064 1514 1100 quae

862 1108 941 1158 ipsa
963 1109 1085 1157 granis
1106 1108 1279 1156 oleaginis
1301 1121 1450 1157 prorsus
1466 1109 1513 1144 si-

861 1165 958 1201 milia
978 1169 1132 1201 testatnr
1155 1165 1251 1201 idem
1268 1164 1470 1201 Heerenius
1490 1163 1512 1202 Ι.

862 1220 884 1258 l.
902 1234 987 1271 pag.
1008 1222 1101 1262 359.
1117 1242 1164 1248 -
1198 1217 1330 1271 πυρήν
1348 1221 1384 1257 in
1407 1234 1512 1271 seqq.

862 1282 919 1315 est
936 1290 1110 1325 granum,
1140 1277 1294 1314 nucleus.

916 1330 989 1384 την
1009 1331 1050 1371 δὲ
1073 1330 1224 1384 βύβλον
1243 1330 1316 1382 τήν
1337 1331 1513 1372 ἐπέτειον

859 1387 1105 1442 γινομένην]
1162 1390 1301 1427 Reddit
1336 1390 1425 1427 haec
1461 1391 1512 1426 ita

858 1446 1240 1494 Schweighaeuserus:
1257 1475 1281 1492 ‚‚
1291 1446 1428 1496 byblum
1453 1446 1512 1492 (id

858 1506 913 1539 est
929 1504 1136 1552 papyrum),
1160 1514 1249 1551 quae
1268 1504 1455 1551 quotannis
1473 1504 1512 1539 in

851 1558 1042 1607 paludibus
1063 1560 1257 1595 nascz'tur.“
1305 1557 1510 1595 Larcherus

856 1615 999 1652 liberius
1025 1615 1114 1652 haec
1141 1615 1191 1651 ita
1219 1615 1413 1664 expressit:
1444 1614 1511 1661 „le

856 1671 980 1721 byblus
1006 1675 1055 1707 est
1084 1684 1150 1708 une
1170 1671 1292 1720 plante
1312 1671 1510 1707 animellef‘

857 1728 1090 1776 Quamquam
1111 1728 1206 1764 haud
1229 1728 1408 1774 diffiteor,
1429 1741 1510 1765 ver-

857 1784 904 1820 ba
921 1780 994 1832 τήν
1006 1782 1179 1822 ἐπέτειον
1191 1782 1405 1835 γινομένην
1420 1784 1508 1820 mihi

854 1853 929 1876 non
948 1841 1034 1876 satis
1056 1842 1225 1889 expedita
1252 1841 1385 1885 videri3
1414 1853 1509 1888 quae

853 1898 972 1946 ipsum
989 1896 1369 1944 Schweighaeuserum
1400 1897 1508 1934 etiam

853 1952 1015 1988 nonnihil
1057 1953 1254 1989 offendisse
1301 1952 1506 1999 videantur,

856 2009 917 2057 qui
937 2008 1006 2044 hoc
1024 2008 1072 2044 ita
1093 2009 1226 2044 dictum
1244 2012 1371 2058 putat,
1401 2009 1507 2057 quasi

855 2065 1059 2112 significare
1079 2064 1217 2101 Noster
1234 2064 1396 2110 voluerit,
1414 2066 1505 2101 duas

855 2125 917 2158 aut
938 2120 1058 2170 plures
1086 2134 1167 2158 esse
1200 2121 1329 2170 papyri
1355 2121 1506 2169 species,

855 2190 1007 2226 quarum
1028 2189 1098 2213 una
1129 2175 1298 2222 ἐπέτειος
1326 2177 1392 2222 sit,
1424 2176 1506 2213 reli-

854 2247 949 2282 quae
970 2246 1043 2269 non
1064 2234 1124 2270 ita.
1182 2233 1223 2269 In
1244 2246 1316 2281 quo
1334 2246 1390 2269 me
1409 2238 1505 2270 certe

854 2303 929 2326 nou
957 2289 1216 2327 assentientem
1236 2289 1405 2334 habebit3
1438 2289 1507 2338 by-

854 2346 950 2383 blum
971 2346 1091 2382 malim
1117 2345 1319 2393 intelligere
1348 2348 1506 2393 quotan-

853 2403 910 2439 nis
932 2406 1160 2448 nascentem,
1176 2403 1227 2438 ita
1244 2406 1284 2437 ut
1305 2400 1401 2449 bybli
1423 2400 1505 2450 plu-

852 2472 910 2496 res
927 2471 1042 2495 annos
1060 2462 1169 2495 natae
1182 2470 1285 2493 usum
1306 2458 1353 2493 ad
1370 2457 1504 2496 victum

854 2515 986 2552 seilicet
1012 2527 1146 2563 negare
1173 2513 1310 2551 Noster
1338 2512 1503 2550 voluerit.

852 2571 930 2608 Sed
966 2584 1012 2608 ne
1046 2571 1134 2608 haec
1173 2570 1320 2618 quidem
1348 2566 1502 2619 ‘prorsus

851 2627 1054 2674 sufficiant3
1102 2626 1250 2663 videant
1287 2626 1332 2662 de
1362 2625 1415 2661 his
1444 2638 1503 2663 me

850 2684 1038 2733 peritiores
1051 2712 1061 2730 ‚
1082 2695 1236 2731 quorum
1253 2681 1422 2718 iudicium
1440 2694 1504 2718 ex·-

855 2743 991 2789 spect0.
1048 2739 1141 2775 Illud
1161 2751 1246 2775 vero
1275 2737 1331 2774 vix
1352 2750 1503 2775 monere

852 2795 1002 2842 attinet,
1047 2795 1279 2832 Herodotum
1317 2793 1373 2829 hic
1404 2792 1502 2842 loqui

852 2852 898 2888 de
928 2863 972 2889 ea
997 2850 1140 2903 planta,
1180 2863 1222 2888 ex
1249 2861 1320 2900 qua
1341 2862 1502 2900 papyrus

1168 2908 1226 2948 44
