1909 3228
300 670 398 715 143
456 693 574 729 τους.

128 736 312 762 Hecataeum
340 735 405 769 glo-

127 770 256 796 riantem
283 768 320 796 de
347 768 405 796 ori‘

459 174 543 214 812

854 173 1325 212 HERODOTI

461 283 632 333 δύεται,
684 282 888 325 ἐνθεῦτεν
938 281 1003 332 δὶς
1042 281 1308 326 ἐπαντεῖλαι·
1359 283 1431 326 καὶ
1473 284 1599 327 ἔνθεν
1637 287 1721 326 νῦν

461 360 704 412 ἀνατέλλει,
743 361 934 403 ἐνθαῦτα
965 361 1030 412 δὶς
1059 363 1321 404 καταδῦναι·

1375 363 1446 405 καὶ
1477 362 1606 406 οὐδὲν
1634 367 1723 405 τῶν

461 439 557 484 κατ’
592 441 815 495 Αἴγυπτον
855 439 941 483 ὑπὸ
981 443 1116 482 ταῦτα
1153 439 1483 498 ἑτεροιωθῆναι,
1528 441 1627 484 οὔτε
1667 441 1718 484 τὰ

460 520 508 563 ἐκ
537 522 612 574 τῆς
644 522 744 575 γῆς,
775 518 875 562 οὔτε
904 518 955 561 τὰ
982 519 1028 562 ἐκ
1057 524 1138 563 τοῦ
1167 525 1366 576 ποταμοῦ
1397 533 1475 576 σφι
1499 517 1720 575 γινόμενα,

462 597 562 641 οὔτε
595 597 647 641 τὰ
678 596 791 653 ἀμφὶ
832 597 1046 649 νούσους,
1089 598 1187 642 οὔτε
1216 599 1269 642 τοὶ
1308 599 1415 643 κατὰ
1445 598 1545 649 τούς
1575 596 1718 641 θανά·
1731 603 1775 638 3ο

400 908 563 959 pluribus
585 909 719 946 referre
740 908 887 954 taedet,
906 921 984 945 cum
1007 909 1053 945 ab

399 966 582 1002 Herodoti
603 965 721 1001 verbis
746 965 805 1001 illa
833 965 878 1001 sit
902 977 1056 1001 maxime

400 1021 530 1058 aliena.
588 1021 670 1058 Nec
709 1020 847 1057 meliori
890 1034 1056 1057 successu

402 1077 493 1115 haec
516 1081 717 1114 tractarunt
735 1077 929 1114 academici
953 1077 1057 1113 Pari-

404 1135 562 1179 sienses,
602 1135 648 1170 de
668 1133 702 1170 la
722 1134 871 1179 Nauze,
901 1134 1056 1181 Brequi-

403 1204 501 1239 guy,
526 1190 688 1238 Dupuis‚
720 1203 869 1239 quorum
892 1190 1058 1238 scriptio-

403 1261 468 1285 nes
490 1249 645 1283 insertae
666 1251 811 1283 exstant
831 1251 917 1283 tom.
931 1246 1056 1282 XXIX

403 1304 565 1341 memoir.
598 1303 643 1339 de
666 1302 791 1339 l’acad.
815 1304 878 1340 des
897 1303 1057 1353 inscript.

403 1373 489 1411 pag.
515 1359 568 1400 64
594 1372 696 1407 seqq.
754 1358 835 1397 Nec
866 1360 1058 1397 defuerunt

403 1421 530 1453 nostra
562 1420 702 1461 aetate,
733 1416 813 1463 qui,
853 1429 933 1452 cum
962 1429 1058 1452 sum-

403 1485 498 1510 mam
519 1472 773 1520 antiquitatem
793 1472 1056 1521 Aegyptiorum

404 1529 511 1566 rebus
547 1541 708 1565 asserere
746 1528 938 1565 studerent
955 1557 966 1574 ‚
1008 1528 1056 1564 ad

403 1584 587 1622 Herodoti
614 1597 761 1632 quoque
791 1584 906 1620 locum
925 1597 1058 1633 provo-

403 1645 528 1678 carent
550 1653 705 1688 eumque
728 1652 773 1677 ex
795 1641 936 1677 diverso
960 1644 1056 1676 statu

403 1697 587 1744 signorum
608 1696 747 1732 zodiaci
768 1701 805 1732 ct
826 1697 974 1732 scientia
995 1708 1056 1732 ae-

402 1753 665 1801 quinoctiorum
681 1752 786 1788 certis
800 1751 958 1800 periodis
972 1764 1058 1800 pro-

402 1809 647 1856 gredientium
670 1807 885 1856 explicatum
910 1808 1055 1845 vellent.

402 1865 497 1901 Vide
516 1877 611 1913 quae
634 1865 721 1901 citat
742 1864 872 1900 Creuz.
894 1864 930 1900 in
948 1865 1056 1913 Sym-

403 1921 463 1958 bol
484 1921 494 1956 1
518 1934 553 1970 p.
575 1923 656 1961 268
673 1924 750 1956 not.
769 1921 850 1961 323
871 1933 946 1969 seq.
960 1920 1055 1968 435,

402 1978 529 2025 ibique
565 1977 759 2027 praecipue
794 1977 900 2013 Remi
935 1978 1055 2024 Raige

403 2034 440 2070 in
461 2034 566 2070 mem.
587 2038 782 2070 astronom.
803 2034 989 2082 (descript.
1009 2034 1055 2070 de

403 2090 531 2137 1'Eg.1
560 2103 595 2139 p.
622 2092 698 2130 169
723 2102 825 2138 seqq.
859 2094 895 2127 et
915 2090 1003 2126 ibid.
1021 2089 1054 2125 ΙΙ

402 2160 439 2197 p.
470 2146 581 2193 257).
623 2145 786 2182 Fourier.
819 2147 854 2181 in
884 2147 1054 2196 descript.

404 2203 452 2239 de
474 2201 566 2250 l'Eg.
590 2202 731 2250 antiqq.
762 2202 837 2238 livr.
858 2203 921 2238 ΙΙΙ.
951 2204 1057 2239 mem.

403 2263 491 2295 tom.
519 2258 533 2294 Ι
563 2270 648 2308 pag.
679 2260 771 2299 819.
802 2260 894 2299 821.
953 2259 1057 2295 Idem

404 2328 502 2351 nunc
531 2316 655 2351 addit:
707 2315 857 2352 Giirres.
884 2315 1057 2363 Mytben-

405 2370 529 2419 gesch.
553 2384 588 2420 p.
603 2371 684 2411 415
697 2375 770 2407 not.
794 2372 873 2420 (qui
894 2373 941 2407 ad
964 2372 1056 2407 duas

403 2428 576 2477 periodos
608 2428 797 2463 Sotliiacas
826 2429 915 2464 haec
943 2427 1057 2464 relata

402 2483 497 2527 vult)
527 2488 563 2520 et
589 2484 755 2521 Giidicke
789 2484 923 2521 Berlin.
954 2484 1057 2521 Zeit-

405 2540 530 2576 schrist
555 2540 612 2576 fiir
640 2540 857 2578 Wissensch.
877 2554 911 2577 u.
933 2541 1058 2577 kunst

406 2596 419 2631 l
446 2609 481 2646 p.
499 2597 752 2637 350—372.

579 2679 611 2716 c
624 2692 644 2716 a
657 2693 692 2730 p.
724 2679 891 2717 cxmn.

468 2757 662 2813 πρότερον
703 2761 746 2802 δὲ
786 2762 976 2817 Ἑκαταίῳ
1006 2766 1062 2817 τῷ

406 2821 604 2871 λογοποιῷ
636 2834 670 2857 κ.
693 2835 724 2858 τ.
745 2818 793 2870 λ.]
842 2820 1062 2858 Hecataeum

637 676 865 732 Πρότερον
892 676 938 720 δὲ
975 677 1182 736 Ἑκαταίῳ
1211 685 1272 738 τῷ
1301 681 1524 736 λογοποιῷ
1554 677 1600 721 ἐν
1633 676 1720 733 Θή-

1127 908 1175 946 M
1175 909 1330 955 etesium,
1356 908 1417 957 qui
1439 907 1648 957 quingentis
1665 907 1778 943 ferme

1125 967 1229 1003 annis
1258 978 1289 1002 a.
1311 965 1397 1002 Chr.
1424 977 1459 1001 n.
1488 965 1627 1009 floruit,
1657 963 1778 1000 Hero-

1125 1023 1230 1059 dotus
1251 1021 1285 1057 h.
1306 1021 1328 1058 l.
1350 1020 1527 1070 intelligit.
1575 1020 1669 1065 Qui,
1699 1018 1778 1068 plu-

1125 1080 1224 1116 ribus
1262 1078 1359 1114 orbis
1398 1081 1574 1114 terrarum
1611 1075 1777 1125 partibus

1123 1135 1351 1186 perlustratis
1371 1163 1381 1181 ‚
1428 1146 1518 1183 opus
1555 1132 1778 1177 condiderat,

1125 1192 1225 1241 quod
1254 1189 1437 1240 inscripsit
1475 1191 1548 1241 γῆς
1577 1187 1778 1238 περίοδον,

1125 1261 1198 1297 qua
1226 1247 1345 1283 varias
1376 1252 1554 1283 terrarum
1579 1249 1700 1294 partes
1731 1243 1777 1281 ab

1124 1305 1205 1354 ipso
1231 1303 1466 1354 perlustratas
1499 1305 1665 1338 accurate
1694 1313 1778 1350 per-

1126 1361 1312 1409 scripsisse
1338 1361 1451 1395 fertur
1476 1360 1645 1406 adeoque
1672 1357 1777 1392 tabu-

1126 1416 1197 1452 lam
1235 1430 1261 1451 s.
1293 1427 1462 1464 mappam
1497 1413 1775 1463 geographicam

1126 1473 1322 1517 adiecisse,
1353 1472 1399 1507 de
1428 1483 1498 1519 qua
1528 1470 1663 1507 Noster
1684 1469 1776 1504 infra

1125 1528 1169 1574 V,
1189 1529 1253 1569 49.
1302 1527 1402 1564 Alios
1423 1532 1614 1577 praeterea
1633 1525 1776 1574 scripsit

1124 1584 1233 1620 libros
1259 1584 1418 1620 historici
1451 1582 1655 1632 argumenti
1677 1594 1698 1616 a
1716 1594 1775 1618 ve-

1124 1640 1260 1677 teribus
1300 1641 1433 1689 passim
1465 1642 1775 1683 commemoratos,

1123 1708 1192 1733 nec
1212 1696 1405 1732 Herodoto
1424 1696 1584 1743 ignotos,
1604 1694 1678 1742 qui,
1696 1706 1775 1730 cum

1124 1764 1258 1799 magna
1287 1755 1384 1788 esset
1412 1751 1588 1788 Hecataei
1624 1751 1777 1786 auctori-

1124 1812 1207 1853 tas,
1247 1820 1322 1843 non
1354 1807 1469 1844 solum
1497 1807 1608 1844 multa
1634 1806 1779 1843 videtur

1125 1865 1288 1901 omisisse
1310 1892 1320 1910 ,
1370 1877 1465 1913 quae
1503 1864 1549 1900 ab
1589 1862 1776 1899 Hecataeo

1123 1922 1212 1958 satis
1235 1922 1305 1956 iam
1335 1921 1501 1970 exposita
1527 1920 1686 1965 videret,
1716 1931 1777 1956 ve-

1123 1991 1201 2014 rum
1236 1976 1306 2013 alia
1339 1990 1508 2025 quoque,
1538 1989 1633 2025 quae
1660 1976 1776 2012 minus

1122 2034 1217 2071 bene
1247 2033 1292 2069 ab
1322 2033 1384 2069 illo
1410 2034 1542 2070 tradita
1561 2037 1703 2077 essent,
1736 2035 1775 2067 ut

1124 2090 1364 2136 emendaret,
1415 2090 1482 2127 sibi
1527 2089 1773 2138 proposuisse.

1123 2146 1235 2183 L'nde
1262 2146 1417 2193 sactum,
1447 2150 1485 2182 ut
1504 2146 1666 2182 acerbius
1690 2145 1774 2181 sub-

1124 2203 1209 2239 inde
1239 2202 1462 2239 Hecataeum
1492 2206 1645 2249 tangere
1680 2202 1775 2238 eius-

1125 2259 1283 2306 demque
1313 2260 1502 2309 opiniones
1536 2259 1652 2294 acrius
1691 2271 1775 2307 per-

1125 2315 1308 2361 stringere
1347 2316 1513 2351 videatur
1550 2314 1774 2351 Herodotus.

1124 2371 1208 2408 Vid.
1226 2375 1301 2407 not.
1325 2372 1371 2407 ad
1402 2371 1458 2417 ll,
1485 2374 1549 2412 21.
1574 2373 1627 2411 68
1644 2371 1691 2407 in.
1719 2374 1772 2411 71

1124 2428 1201 2464 init.
1231 2430 1296 2467 77.
1326 2428 1403 2468 156
1431 2432 1468 2464 et
1491 2428 1711 2464 Creuzerum
1739 2429 1775 2463 in

1122 2486 1252 2532 fragm.
1282 2483 1363 2520 hist.
1403 2497 1488 2534 pag.
1517 2487 1581 2525 22.
1670 2483 1776 2527 Quae

1125 2540 1194 2577 hoc
1222 2539 1299 2575 loco
1330 2542 1450 2589 tangit
1469 2541 1701 2587 Herodotus,
1732 2553 1776 2577 ea

1126 2596 1342 2647 pertinuisse
1369 2598 1536 2634 videntur
1568 2597 1616 2633 ad
1645 2611 1776 2648 γενεα-

1128 2655 1274 2702 λογιών
1293 2666 1384 2702 opus
1397 2683 1407 2701 ‚
1437 2666 1509 2702 quo
1528 2653 1775 2691 celeberrimo-

1128 2721 1205 2746 rum
1218 2709 1392 2747 Graeciae
1410 2711 1593 2747 hominum
1612 2711 1776 2747 heroum-

1130 2778 1202 2814 que
1223 2766 1352 2802 seriem
1370 2772 1614 2804 enumeratam
1634 2777 1774 2803 eorum-

1130 2834 1202 2871 que
1223 2834 1279 2859 res
1302 2827 1424 2871 gestas
1450 2823 1562 2861 literis
1585 2822 1777 2870 consigna-
