1909 3228
570 213 994 253 EUTERPE.
1036 215 1082 254 11.

157 320 293 365 Ξῶστε
321 321 395 365 καὶ
431 320 508 373 τὰς
547 325 796 379 πυραμίδας
834 323 1085 380 δηλέεσθαι·

1359 217 1445 258 503

1141 324 1216 368 καὶ
1253 323 1434 381 ψάμμον
1445 335 1490 368 85

183 404 354 457 μοῦνον
397 400 623 456 Αἰγύπτου
675 402 781 457 ὄρος
819 407 948 447 τοῦτο
989 403 1036 447 τό
1085 401 1193 458 ὑπὲρ
1233 405 1441 460 Μέμφιος

182 478 280 534 ἔχον
291 494 300 503 ·

357 478 467 534 πρὸς
498 481 567 531 δὲ,
598 485 651 538 τῇ
679 481 799 539 χώρῃ
831 481 929 526 οὔτε
959 486 1012 539 τῇ
1040 480 1214 539 Ἀραβίῃ
1243 483 1438 538 προσού-

182 575 246 618 ρῳ
276 557 408 616 ἐούσῃ
437 560 515 615 την
544 562 769 615 Αἴγυπτον
799 562 1106 617 προσεικέλην,
1149 560 1248 604 οὔτε
1275 566 1328 618 τῇ
1358 567 1438 606 Λι-

180 636 288 693 βύῃ,
321 635 375 681 οὐ
403 639 489 694 μὴν
521 637 621 682 οὐδὲ
651 643 704 696 τῇ
736 641 898 695 Συρίῃ,
933 643 1026 695 (τῆς
1052 639 1134 695 γὰρ
1163 639 1359 697 Ἀραβίης
1382 641 1435 684 τοὶ

178 715 296 771 παρά
335 715 565 760 θάλασσαν
610 719 770 771 Σύριοι
817 717 1072 774 νέμονται,)
1129 718 1236 762 ἀλλὰ
1280 719 1436 776 μελάγ-

176 794 306 851 γαιόν
337 810 380 838 τε
409 795 481 838 καὶ
512 796 936 852 κατερῥηγιύμένην,

984 795 1093 839 ὥστε
1133 796 1296 840 ἐοῦσαν
1337 798 1435 843 ἰλύν
1446 806 1492 840 90

175 889 220 916 τε
248 873 319 916 καὶ
349 872 562 928 πρόχυσιν
600 875 642 927 ἐξ
673 877 904 931 Αἰθιοπίης
934 876 1315 933 κατενηνειγμένην
1342 877 1429 922 ὑπό

146 955 258 995 3τοιῖ
284 958 500 1008 ποταμοῦ.

173 1046 218 1074 τε
247 1034 352 1087 γῆν,
392 1033 463 1076 καὶ
504 1031 894 1090 ὑποψαμμοτέρην·

116 1226 281 1276 copiam,
329 1229 508 1264 testantur
550 1227 766 1264 recentiores

114 1283 420 1332 peregrinatores.

114 1351 236 1375 mann.
258 1338 537 1376 Erdbeschreib.
558 1351 588 1374 v.
607 1338 766 1389 Aegypt.

112 1406 199 1444 pag.
222 1394 299 1435 153
321 1407 398 1444 seq.
419 1393 497 1431 coll.
522 1396 614 1435 166.

168 1448 236 1488 καὶ
248 1447 418 1500 ψάμμον
430 1451 582 1499 μοῦνον
594 1471 650 1476 -
661 1449 764 1501 ἕχον]

113 1507 266 1556 μοῦνον
313 1507 408 1544 refer
443 1506 490 1542 ad
528 1502 645 1557 ὅρος,
684 1520 763 1544 cum

111 1561 203 1599 haec
221 1562 267 1599 sit
288 1562 466 1600 Herodoti
486 1563 676 1610 sententia,
704 1576 764 1599 so-

110 1617 184 1655 lum
223 1622 384 1656 montem
428 1619 539 1655 arena
582 1619 762 1657 obtectum

111 1675 273 1712 inveniri.
330 1675 451 1725 Supra
483 1674 536 1721 ll,
564 1677 609 1715 8:
647 1671 689 1713 τὸ
719 1673 761 1714 δὲ

112 1727 210 1781 πρὸς
247 1727 406 1781 Λιβύης
447 1731 517 1780 τῆς
552 1727 759 1782 Αἰγύπτου

112 1783 204 1836 όρος
236 1783 329 1825 ἄλλο
359 1785 542 1836 πέτρινον
569 1788 686 1825 τείνει
704 1809 759 1814 —

111 1851 268 1909 ’ψαμμῳ
287 1840 577 1892 κατειλυμένον.
596 1863 650 1870 -
664 1839 762 1892 πρὸς

112 1895 155 1937 δὲ
183 1904 237 1936 est
261 1902 461 1948 praeterea,
483 1900 642 1947 insuper,
672 1898 760 1945 utI,

114 1954 205 1996 156.
242 1954 303 1991 Ad
328 1954 466 2003 reliqua
495 1966 539 1991 ex
569 1954 758 1993 antecedd.

110 2010 228 2061 suppl.
261 2005 373 2049 ἰδών.
430 2009 489 2046 De
521 2010 602 2059 ipsa
637 2009 760 2058 Aegy-

108 2068 250 2117 ptiacae
268 2071 387 2104 terrae
417 2064 537 2102 indole
561 2079 602 2102 ac
632 2070 760 2101 natura

109 2122 287 2173 copiosius
323 2123 485 2172 disputat
512 2121 759 2158 Hartmannus

107 2178 131 2216 l.
158 2178 181 2215 l.
210 2191 296 2229 pag.
328 2178 419 2219 148.
476 2176 544 2214 Est
577 2178 672 2214 enim
704 2177 759 2215 vel

107 2235 226 2272 tenuis
247 2240 345 2272 terra
372 2234 501 2271 coloris
529 2233 667 2270 subalbi
698 2246 759 2271 ea-

108 2291 264 2340 demque
282 2303 434 2327 arenosa
446 2318 456 2336 ‚
486 2302 581 2338 quae
600 2290 758 2339 Aegypti

107 2345 322 2395 Libyaeque
343 2347 421 2383 loca
441 2346 585 2383 deserta
607 2346 757 2394 obtegit,

108 2401 166 2438 vel
188 2402 332 2452 pinguis
363 2408 400 2440 et
417 2402 564 2439 humida
584 2403 678 2449 nigri
697 2415 758 2438 co-

109 2456 218 2504 loris,
247 2470 341 2506 quae
360 2459 406 2495 ab
429 2464 578 2506 utraque
600 2457 674 2494 Nili
706 2458 756 2493 ri-

109 2525 158 2562 pa
178 2513 402 2563 superficiem
421 2514 560 2563 obtegit
579 2513 756 2551 fertilissi-

108 2580 277 2617 mamque
296 2569 426 2606 reddit.

164 2626 234 2673 τῆς
262 2621 335 2675 γςὶρ
356 2621 542 2675 Ἀραβίης
573 2621 620 2662 τοί
649 2621 755 2673 παρὰ

108 2676 316 2719 θάλασσαν
357 2678 499 2732 Σύριοι
543 2679 752 2731 νέμονται]

109 2736 362 2785 Intelliguntur
394 2750 438 2774 ea
473 2736 574 2783 loca,
611 2749 704 2786 quae
733 2749 756 2774 a

107 2792 238 2842 lenyso
267 2793 355 2830 urbe
384 2806 498 2842 usque
524 2793 571 2829 ad
588 2793 755 2844 paludem

106 2848 346 2887 Serbonidcm
395 2850 606 2900 pertinent,
663 2851 756 2887 inter

499 1281 608 1319 Plura
656 1283 768 1320 Hart-

564 953 643 1010 τήν
681 954 726 997 δὲ
767 954 937 1010 Λιβύην
974 956 1099 1010 ἰ’δμεν
1137 955 1431 1013 ἐρυθροτέρην
1491 964 1569 1003 109

951 1034 1030 1089 τήν
1068 1033 1114 1077 δὲ
1151 1032 1351 1091 Ἀραβίην
1389 1051 1433 1079 τε

835 1228 951 1278 ipsam
973 1226 1212 1265 Palaestinam
1231 1232 1341 1278 atque
1359 1226 1485 1277 Aegy-

834 1290 936 1334 ptum
962 1285 1042 1320 sita.
1081 1284 1188 1322 Conf.
1210 1285 1284 1333 ΙΙΙ,
1305 1285 1329 1326 5
1356 1288 1391 1322 et
1412 1283 1488 1320 Bil-

835 1339 990 1377 lerbeck.
1036 1339 1240 1378 comment.
1294 1341 1341 1378 de
1377 1339 1487 1378 Asiae

832 1395 973 1432 Herod.
996 1395 1142 1432 difficill.
1161 1409 1246 1446 pag.
1267 1397 1304 1436 9.
1330 1398 1392 1436 10.
1420 1397 1484 1436 13.

889 1446 986 1489 α’λλιὶ
1013 1447 1251 1502 μελάγγαιόν
1269 1466 1309 1489 τε
1330 1450 1398 1489 καὶ
1417 1465 1485 1488 κα-

830 1505 1151 1557 τερῤηγνυμένην
1174 1505 1189 1558 ]
1270 1507 1484 1544 Adscribam

829 1562 1012 1600 Plutarchi
1045 1563 1161 1601 locum
1210 1563 1394 1600 classicum
1435 1563 1482 1600 de

829 1618 912 1656 Isid.
943 1625 1052 1668 atque
1077 1619 1214 1658 Osirid.
1243 1633 1279 1670 p.
1302 1621 1405 1665 364,
1429 1618 1482 1655 C.

829 1672 903 1726 τήν
916 1674 1131 1739 Αιγυπτον
1151 1674 1193 1714 ἐν
1215 1679 1299 1721 τοῖς
1314 1671 1482 1726 μάλιστα

828 1727 1057 1783 μελάγγειον
1079 1732 1166 1780 (sic)
1189 1733 1336 1778 οὖσαν,
1349 1727 1480 1781 ω’σπερ

828 1802 871 1826 το
902 1787 1023 1837 μέλαν
1051 1790 1123 1827 τοῦ
1152 1783 1372 1836 ὀφθαλμοῦ
1404 1801 1482 1836 χη-

829 1843 948 1894 μίαν
996 1845 1186 1882 καλοῦσιν
1236 1842 1304 1881 καὶ
1338 1842 1482 1895 καρδία

828 1894 1119 1948 παρεικάζουσι.
1177 1898 1289 1935 Addit
1310 1898 1480 1946 wytten-

827 1955 1000 1991 bachius
990 1968 1027 1991 m
1045 1954 1311 1991 Animadverss.
1334 1967 1372 2003 p.
1397 1956 1479 1994 217

828 2010 934 2047 alium
968 2010 1150 2047 Plutarchi
1174 2009 1290 2047 locum
1322 2009 1358 2045 in
1388 2008 1475 2045 Ale-

828 2067 953 2103 xandr.
986 2067 1045 2102 vit.
1072 2080 1107 2116 p.
1127 2068 1231 2113 679‚
1250 2066 1294 2103 F.
1353 2065 1475 2113 Atque

829 2121 990 2171 Χημίαν
1019 2135 1047 2158 s.
1071 2121 1172 2158 Chem
1198 2121 1248 2158 nil
1279 2121 1376 2158 aliud
1396 2133 1477 2158 esse

827 2178 895 2214 nisi
921 2180 1083 2226 nigrum,
1116 2178 1227 2226 idque
1256 2177 1372 2227 ipsum
1403 2176 1477 2213 Ae-

827 2235 929 2283 gypti
947 2247 1078 2271 nomen
1099 2234 1210 2270 fuisse
1235 2234 1333 2282 apud
1352 2233 1475 2280 Aegy-

825 2291 943 2341 ptios,
973 2290 1033 2339 qui
1055 2302 1122 2327 nec
1143 2290 1284 2326 Graeca
1310 2288 1474 2338 appella-

825 2347 923 2383 tione
958 2346 1066 2394 vulgo
1104 2346 1253 2391 usitata,
1300 2358 1368 2382 nec
1396 2344 1474 2380 He-

825 2403 1013 2439 braeorum
1040 2415 1126 2438 voce
1147 2400 1316 2437 DIz'zraim
1332 2414 1359 2436 s.
1377 2399 1473 2436 Μίετ

822 2471 979 2507 unquam
999 2458 1131 2494 fuerint
1152 2457 1226 2503 usi,
1245 2457 1380 2493 dudum
1393 2469 1472 2492 mo-

823 2515 899 2551 nuit
921 2514 1103 2550 lablonsk.
1127 2513 1282 2562 Opuscc.
1305 2512 1318 2548 Ι
1338 2511 1468 2562 p.404

824 2583 900 2619 seq.
924 2575 958 2607 et
976 2570 1123 2619 copiosa
1139 2569 1382 2618 disputatione
1402 2581 1470 2604 nu-

823 2639 889 2676 per
909 2626 1061 2662 firmavit
1072 2624 1298 2674 Champollio
1311 2624 1469 2673 l'Egypt.

823 2695 906 2718 sous
924 2681 946 2718 l.
969 2682 1075 2718 Phar.
1106 2681 1121 2717 Ι
1154 2693 1240 2730 pag.
1265 2683 1340 2722 101
1365 2693 1467 2728 seqq.

824 2741 903 2779 107
919 2750 1021 2786 seqq.
1051 2736 1147 2774 Add.
1166 2736 1229 2774 Cr.
1248 2737 1284 2773 in
1307 2735 1466 2785 Symbol.

822 2794 837 2830 Ι
862 2807 897 2844 p.
916 2795 998 2834 372
1024 2798 1060 2830 et
1087 2794 1182 2831 cons.
1203 2797 1293 2830 nott.
1315 2793 1362 2830 ad
1389 2792 1469 2830 He-

822 2851 939 2887 rodot.
962 2849 1011 2896 ll,
1035 2847 1085 2890 15
1112 2849 1172 2886 fin.
