1909 3228
450 215 541 255 534
841 205 1309 246 HERODOTI

451 321 554 374 „uoci
583 319 903 373 Ἐλεφαντίνης·
947 314 1170 372 οὐνόματα
1201 314 1246 358 δὲ
1288 313 1398 357 εἶναι
1432 318 1545 358 τοῖσι
1575 319 1759 369 oves-25

398 562 494 595 nem,
522 547 755 593 Strabonem,
783 544 1046 590 Ptolemaeum,

398 608 565 644 accurate
583 603 670 652 egit,
699 604 869 639 monente
885 599 915 637 C
922 612 973 647 r.,
989 599 1046 636 Io-

398 660 511 700 mard.
534 659 570 695 in
582 659 765 708 Descript.
783 657 830 694 de
844 656 938 704 l‘Eg.
950 655 1047 693 vol.I

399 730 478 766 cap.
498 718 525 756 2
547 729 583 765 p.
605 719 623 756 1
647 728 750 764 seqq.
771 717 797 754 7
820 726 923 762 seqq.
953 713 1047 759 (Re-

399 772 491 811 cueil
511 777 578 809 etc.
599 786 634 822 p.
656 774 676 812 1
699 783 800 819 seqq.
819 783 854 819 p.
869 770 1050 817 Sseqq.);

398 829 462 866 ubi
478 829 582 878 plura
600 829 645 864 de
662 826 820 875 reliquiis
839 825 969 862 veteris
992 838 1050 861 ur-

398 885 466 923 bis.
499 884 562 921 Tu
581 884 664 920 add.
678 882 879 932 Champoll.
890 881 1049 930 l'Egypt.

399 954 485 979 sous
504 941 526 977 l.
546 939 647 990 phar.
666 939 730 989 lp.
746 942 822 980 161
846 951 948 987 seqq.
968 938 1050 974 Rit-

399 1001 467 1036 ter.
485 996 676 1033 Erdkund.
697 996 712 1031 Ι
734 1009 769 1045 p.
791 997 870 1036 693
890 1007 992 1043 seqq.

460 1052 611 1091 Thebais
631 1056 669 1088 et
687 1052 743 1088 hic
764 1055 803 1088 et
826 1051 858 1087 ll
871 1080 881 1098 ‚
899 1053 953 1091 92
975 1062 1050 1086 non

401 1110 448 1147 de
467 1122 575 1146 nomo
596 1109 804 1154 Thebaico,
835 1107 898 1156 qui
920 1107 1050 1143 dicitur

401 1165 447 1212 II,
466 1166 539 1212 42,
556 1166 620 1203 sed
633 1165 678 1201 de
688 1164 767 1213 ipsa
777 1163 935 1213 Aegypti
944 1166 1050 1213 parte

402 1223 584 1273 superiore
604 1221 838 1269 intelligenda
855 1224 920 1258 est.
941 1219 1050 1256 Conf.

401 1279 447 1327 11,
467 1279 516 1320 15
533 1278 620 1327 ibiq.
641 1281 719 1314 not.

458 1333 522 1373 καὶ
543 1331 843 1383 Ἐλεφαντίνης]
881 1331 940 1369 De
969 1330 1053 1368 Ele-

402 1391 577 1442 phantine
603 1391 675 1427 vid.
707 1394 799 1426 nott.
831 1389 878 1426 ad
905 1388 957 1434 ΙΙ,
989 1389 1052 1428 17.

404 1447 480 1484 Sed
502 1459 596 1495 quae
626 1446 694 1482 hoc
723 1447 802 1494 ipso
823 1444 901 1480 loco
919 1455 1055 1480 memo·

402 1507 539 1548 rantur,
568 1515 611 1539 ea
633 1514 705 1537 non
718 1502 765 1538 ad
775 1499 1054 1549 Elephantinen,

403 1570 526 1595 verum
547 1558 594 1594 ad
621 1556 746 1593 Philas
765 1557 893 1605 (cuius
914 1554 1055 1591 insulae

404 1613 503 1651 nulla
527 1614 736 1662 caeteroqui
764 1613 862 1661 apud
885 1611 1056 1647 Herodo-

404 1675 481 1706 tum
511 1670 674 1715 mentio)
714 1669 895 1718 pertinere
926 1667 1056 1703 statuit

405 1726 559 1763 lomard.
582 1727 616 1761 in
636 1726 814 1773 Descript.
837 1725 883 1760 de
899 1723 1056 1771 l’Egypt.

405 1781 554 1829 Antiqq.
593 1781 661 1817 vol.
692 1782 706 1817 I
737 1794 816 1829 cap.
847 1782 872 1817 2
912 1783 999 1814 sect.
1030 1780 1057 1817 2

405 1850 491 1888 pag.
514 1838 574 1876 18.
600 1839 649 1877 19
671 1835 749 1872 coll.
777 1848 832 1884 cp.
854 1836 879 1874 3
902 1847 937 1883 p.
961 1836 994 1873 1.
1018 1835 1055 1873 2.

409 1895 460 1934 18
480 1905 555 1940 seq.
587 1892 755 1939 (Recueil
778 1891 793 1927 l
813 1903 897 1940 pag.
914 1893 965 1931 36
979 1902 1056 1938 seq.

407 1950 462 1990 88
483 1949 605 1997 seqq.)
624 1949 816 1998 ipsumque
835 1947 938 1983 istius
959 1947 1058 1982 insu-

407 2005 465 2042 lae
502 2017 634 2041 nomen
661 2005 731 2041 huc
759 2005 891 2049 refert,
932 2003 960 2039 si
977 2003 1059 2051 qui-

409 2062 512 2108 deni,
554 2065 595 2098 ut
626 2061 765 2097 (ludum
793 2059 957 2096 voluerat
985 2059 1059 2095 Bo—

411 2117 568 2164 chartus,
588 2117 703 2155 Φίλαι
729 2117 916 2153 descendit
933 2128 955 2151 a
970 2127 1059 2152 voce

413 2174 507 2219 Φίλ,
548 2174 691 2210 adiecta
717 2173 861 2209 Graeca
887 2172 1058 2208 termina-

409 2231 528 2275 tione,
558 2229 631 2278 qua
651 2243 739 2266 voce
757 2228 952 2277 Aethiopes
983 2227 1059 2265 alii-

411 2299 483 2335 que
502 2285 612 2323 Asiae
628 2285 751 2336 populi
777 2284 986 2334 elephantem
1006 2285 1058 2320 si-

411 2342 604 2391 gnificent,
641 2343 677 2378 in
705 2355 787 2379 eum
818 2342 912 2378 enim
940 2340 1058 2377 locum

412 2399 601 2436 advectum
625 2412 706 2436 esse
730 2401 835 2434 notat
857 2411 877 2435 e
897 2397 1058 2446 superio-

413 2455 508 2491 ribus
541 2455 747 2503 regionibus
777 2453 920 2491 Africae
948 2453 1059 2498 ebur;

414 2523 508 2558 quae
522 2524 580 2548 res
597 2512 674 2548 eius
690 2511 844 2547 nominis
857 2522 965 2547 causa
980 2509 1056 2546 fue·

414 2567 469 2603 rit.
510 2567 612 2604 Haec
634 2571 672 2604 et
691 2567 760 2604 alia
779 2566 889 2603 multa
909 2566 964 2612 (iu
980 2565 1057 2613 qui-

415 2622 482 2659 bus
503 2627 542 2659 tu
559 2624 750 2672 praecipue
770 2623 864 2659 conf.
885 2621 999 2669 Zoeg.
1012 2621 1059 2659 de

418 2678 734 2728 Obelisce.1›.286
757 2683 830 2715 not.
854 2682 891 2715 et
903 2677 1058 2714 Coraein

419 2734 467 2769 ad
486 2733 670 2772 Heliodor.
683 2734 850 2784 Aethiop.
865 2734 898 2771 Il
909 2747 943 2783 p.
957 2734 1059 2781 256)

420 2789 454 2823 iu
467 2791 618 2826 inedium
630 2791 775 2839 protulit
787 2791 915 2828 Creuz.
929 2789 1061 2836 (Com-

421 2850 543 2880 nieutt.
566 2846 727 2882 Hei-odd.
743 2860 828 2897 pag.
848 2847 925 2888 175
945 2847 1062 2895 seq),

1114 544 1204 582 haec
1215 544 1406 581 adiiciens:
1428 542 1576 589 „Quam
1586 543 1763 579 rationem

1116 601 1145 637 si
1186 599 1434 649 amplectaris:
1491 598 1587 636 duae
1633 599 1765 635 suerint

1115 656 1381 706 Elephantinae
1397 654 1548 700 insulae,
1565 654 1676 691 altera
1697 666 1764 703 po-

1115 718 1195 750 stea
1212 713 1262 749 sic
1281 724 1427 761 quoque
1447 709 1641 760 appellata,
1654 709 1767 747 altera

1116 769 1251 806 Philae.
1291 770 1344 805 Ac
1373 780 1502 817 reapse
1532 780 1628 815 quae
1647 766 1766 802 Hero-

1117 826 1225 862 dotus
1250 825 1303 870 ll,
1323 826 1376 864 28
1404 825 1451 861 de
1471 824 1613 860 duobus
1632 823 1767 859 monti-

1117 883 1185 919 bus
1224 882 1371 930 Syenen
1407 881 1501 916 inter
1538 884 1650 928 atque
1684 878 1768 916 Ele-

1117 938 1315 988 phantinen
1336 937 1448 974 refert
1471 936 1507 972 in
1524 935 1602 972 loco
1622 936 1669 973 de
1686 936 1768 972 fon-

1118 995 1217 1031 tibus
1241 994 1334 1040 Mi,
1365 1006 1408 1030 ea
1438 993 1484 1029 ad
1506 991 1625 1028 Philas
1654 992 1768 1041 perti-

1117 1064 1205 1087 nere
1224 1051 1418 1086 arbitratur
1429 1049 1626 1085 lomardus.
1658 1048 1770 1090 Quod

1117 1108 1246 1145 mirum
1267 1107 1311 1143 sit
1332 1106 1367 1142 in
1387 1105 1555 1141 historico
1572 1108 1649 1141 tam
1664 1116 1771 1140 accu-

1117 1167 1197 1200 rato
1227 1167 1263 1200 et
1289 1162 1350 1211 qui
1389 1161 1523 1198 ibidem
1559 1160 1772 1211 profiteatur

1119 1220 1194 1269 (cp.
1215 1220 1310 1267 29),
1341 1231 1379 1256 se
1397 1218 1514 1267 ipsmn
1533 1221 1772 1267 spectatorem

1119 1276 1327 1327 pervenisse
1347 1274 1611 1323 Elephantinen
1640 1285 1771 1321 usque,

1121 1334 1258 1382 quique
1281 1344 1376 1380 quae
1395 1330 1488 1366 ultra
1515 1331 1586 1366 sita
1605 1334 1691 1366 sunt
1709 1341 1774 1364 au-

1122 1390 1218 1435 dita,
1258 1389 1346 1425 satis
1376 1391 1545 1423 accurate
1577 1385 1770 1422 describat.

1121 1445 1284 1490 Contra,
1325 1444 1353 1479 si
1380 1456 1489 1478 unam
1517 1441 1772 1478 tantummodo

1122 1503 1273 1537 noverat
1322 1498 1588 1547 Elephantinen
1656 1497 1772 1533 histo-

1122 1557 1196 1592 riae
1226 1559 1355 1604 pater:
1387 1554 1640 1591 celeberrimae
1672 1554 1773 1590 insu-

1122 1612 1177 1649 lae
1208 1611 1389 1647 Philarum
1415 1612 1451 1646 in
1475 1612 1551 1647 eius
1578 1611 1676 1647 libris
1705 1622 1773 1646 nec

1123 1667 1206 1704 vola
1253 1680 1320 1703 nec
1369 1667 1561 1714 vestigium
1607 1670 1772 1716 apparet.

1123 1724 1293 1771 Utraque
1332 1727 1455 1759 tamen
1490 1736 1548 1758 res
1584 1722 1775 1759 commode

1126 1778 1295 1827 explicari
1323 1782 1458 1826 potest.
1516 1777 1651 1827 Neque
1681 1778 1776 1814 enim

1124 1835 1241 1881 magis
1299 1832 1508 1883 Tentyme,
1566 1833 1777 1883 Latopolis,

1126 1891 1237 1927 Oinbi
1266 1889 1488 1938 aliarumque
1514 1890 1688 1927 nobilium
1717 1903 1777 1926 ur-

1125 1948 1224 1984 bium
1235 1946 1383 1995 templa,
1412 1946 1546 1996 palatia
1566 1947 1777 1995 reliquaque

1125 2007 1362 2040 monumenta
1382 2007 1570 2040 memorat.
1613 2003 1776 2039 Strictim

1124 2059 1377 2096 tantummodo
1423 2060 1539 2109 carpit
1583 2059 1775 2108 superioris

1124 2115 1284 2164 Aegypti
1304 2115 1484 2163 reliquias.
1515 2114 1694 2151 Videlicet
1708 2114 1776 2150 hac

1126 2171 1255 2208 caussa
1275 2171 1404 2207 ductus
1418 2200 1428 2217 ‚
1461 2171 1560 2219 quod
1581 2175 1665 2207 ante
1694 2183 1775 2207 eum

1124 2227 1332 2264 Hecataeus
1352 2226 1512 2264 Milesius
1533 2238 1594 2264 eas
1613 2239 1694 2263 oras
1714 2239 1775 2263 ea-

1123 2295 1276 2331 rumque
1297 2283 1541 2320 memorabilia
1570 2283 1774 2319 accuratius

1125 2344 1203 2377 erat
1220 2344 1432 2388 persecutus
1452 2340 1516 2386 (cf.
1533 2339 1660 2387 fragm.
1674 2352 1708 2387 p.
1721 2340 1773 2378 21

1126 2408 1227 2444 seqq.
1252 2400 1288 2431 et
1307 2400 1379 2431 not.
1408 2396 1456 2433 ad
1483 2395 1622 2432 Herod.
1648 2395 1700 2440 ll,
1723 2393 1774 2435 15

1126 2452 1208 2499 sui.)
1234 2450 1364 2500 Neque
1381 2453 1487 2500 igitur
1499 2451 1706 2488 doctissimo
1717 2451 1774 2486 loa

1126 2508 1252 2544 niardo
1272 2510 1462 2553 assentiar,
1493 2508 1555 2556 qui
1567 2507 1654 2544 illud
1668 2507 1776 2544 silen-

1125 2565 1215 2600 tium
1235 2564 1320 2601 inde
1342 2564 1506 2614 explicat,
1536 2564 1635 2612 quod
1647 2563 1695 2600 nil
1709 2563 1776 2600 nisi

1126 2621 1224 2670 ipsas
1250 2620 1399 2658 Thebas
1435 2621 1472 2657 in
1494 2620 1529 2657 T
1533 2620 1688 2658 hebaide
1715 2632 1775 2656 co-

1126 2677 1292 2724 gnoverit
1320 2677 1533 2715 Herodotus
1572 2675 1773 2725 (Descript.

1127 2733 1174 2770 de
1203 2732 1303 2781 l'Eg.
1326 2732 1341 2768 I
1367 2747 1420 2784 cp.
1441 2733 1466 2774 5
1494 2746 1528 2782 p.
1549 2732 1641 2779 3).“
1670 2732 1775 2768 Haec

1125 2789 1197 2835 ille,
1225 2788 1376 2838 plurima
1395 2790 1442 2827 de
1462 2788 1643 2825 Philarum
1661 2787 1774 2824 insula

1128 2846 1278 2894 eiusque
1309 2847 1418 2882 sacris
1439 2846 1650 2894 disputans,
1679 2854 1774 2891 quae
