1909 3228
257 217 342 256 918
737 215 1295 256 EXCURSUSX

680 734 1232 783 EXCURSUS
1304 738 1347 783 X

474 846 599 887 AD
684 850 1553 901 HERODOT.11‚148.

672 1109 773 1152 De
845 1110 1361 1166 labyrintho.

377 1209 546 1248 Veterem
577 1211 821 1262 labyrinthum
857 1219 1005 1266 praeter
1038 1215 1273 1253 Herodotum
1308 1216 1469 1269 inprimis
1502 1217 1771 1268 descripserunt

254 1276 440 1314 Diodorus
456 1279 598 1317 Siculus
617 1281 655 1329 Ι,
677 1285 744 1324 61.
766 1285 830 1325 89.
863 1283 997 1321 Strabo
1017 1283 1122 1321 XVII
1142 1298 1179 1335 p.
1199 1286 1279 1325 811
1302 1298 1330 1322 5.
1351 1298 1388 1335 p.
1403 1284 1510 1326 1155
1541 1285 1618 1323 coll·
1639 1286 1769 1337 Pomp-

255 1344 340 1381 Mel.
361 1346 394 1392 1,
415 1349 440 1388 9
471 1351 509 1385 et
531 1348 623 1385 Plin.
644 1350 679 1387 h.
698 1364 734 1391 n.
764 1352 949 1400 XXXVI,
976 1353 1048 1399 13,
1086 1352 1150 1401 qui
1176 1355 1329 1401 uterque
1359 1366 1404 1390 ex
1429 1353 1613 1391 Herodoti
1643 1367 1772 1391 narra-

255 1413 353 1450 tione
370 1415 599 1463 potissimum
625 1420 775 1467 pendet.
833 1420 914 1458 Alia
943 1420 1193 1470 suppeditabit
1214 1420 1344 1469 Zoega
1364 1421 1411 1458 (le
1436 1421 1602 1460 obelisco.
1630 1437 1666 1472 p.
1687 1422 1770 1463 418

256 1485 330 1517 not.
356 1484 430 1530 10,
459 1483 520 1519 ubi
538 1487 757 1525 recentiores
780 1501 927 1537 quoque
955 1487 1136 1534 laudavit,
1170 1488 1232 1536 qui
1261 1489 1308 1525 de
1336 1488 1542 1537 labyrintho
1571 1491 1770 1528 retulerint.

255 1547 316 1585 Tu
334 1549 406 1585 vid.
427 1551 590 1600 inprimis
624 1553 737 1591 Beck.
758 1554 891 1593 Anleit.
921 1569 952 1591 z.
974 1555 1196 1603 lVeltgesch.
1220 1555 1235 1591 I
1266 1567 1351 1604 pag.
1374 1559 1454 1597 721
1483 1561 1520 1594 et
1549 1558 1645 1595 adde
1675 1571 1771 1606 quae

253 1620 337 1666 post
350 1616 572 1656 Larcherum
592 1620 629 1657 in
656 1625 732 1659 not.
762 1623 809 1659 ad
833 1622 1016 1659 Herodoti
1057 1622 1175 1659 locum
1213 1622 1443 1672 disputarunt
1478 1625 1575 1662 docti
1606 1626 1703 1663 Galli
1733 1627 1770 1662 in

254 1684 425 1735 descript.
450 1687 496 1724 de
518 1686 610 1737 l'Eg.
628 1691 767 1739 antiqq.
798 1690 932 1727 livrais.
955 1690 1005 1727 lll
1035 1694 1124 1726 tom.
1145 1689 1179 1725 ll
1208 1690 1312 1739 chap.
1338 1692 1441 1728 XVII
1473 1696 1559 1729 sect.
1583 1693 1633 1729 Ill
1658 1708 1694 1744 p.
1714 1696 1770 1736 32

255 1765 358 1802 seqq.
397 1753 580 1792 Mannert.
613 1757 752 1806 Geogr.
786 1759 821 1794 d.
846 1758 912 1794 Gr.
938 1770 973 1794 u.
1002 1756 1111 1794 Rom.
1139 1756 1197 1803 X,
1219 1760 1241 1797 1
1271 1770 1358 1808 pag.
1380 1757 1463 1799 430
1494 1764 1533 1797 et
1562 1759 1769 1798 Letronne:

253 1821 348 1857 essai
368 1835 428 1858 sur
448 1821 481 1859 le
500 1822 586 1872 plan
608 1827 644 1860 et
663 1823 697 1860 la
720 1825 936 1875 disposition
959 1824 1126 1873 generale
1146 1826 1197 1861 du
1215 1824 1417 1873 labyrinthe
1437 1830 1504 1864 etc.
1529 1828 1566 1864 in
1587 1828 1771 1866 nouvelles

253 1887 402 1925 annales
437 1889 502 1926 des
532 1902 693 1939 voyages
713 1904 782 1942 par
806 1892 934 1941 Eyries
964 1896 1003 1930 et
1031 1892 1243 1931 Maltebrun
1272 1897 1299 1931 t.
1320 1894 1369 1931 vl
1398 1907 1436 1945 p.
1467 1896 1547 1936 133
1571 1908 1670 1946 seq.‚
1708 1896 1770 1933 ubi

254 1955 363 1992 etiarn
389 1956 515 1993 tabula
535 1959 610 1995 aeri
637 1959 749 1997 incisa
769 1961 911 1998 adiecta
939 1965 1008 1999 est.

366 2023 423 2062 De
449 2028 616 2075 tempore,
647 2040 720 2077 quo
749 2027 977 2079 labyrinthus
999 2028 1047 2065 sit
1076 2032 1297 2078 exstructus,
1334 2029 1481 2069 minime
1505 2035 1673 2078 constat3
1702 2032 1770 2070 sed

255 2090 359 2129 valde
377 2093 568 2143 probabile
588 2094 648 2141 fit,
678 2095 750 2132 iam
780 2100 866 2135 ante
895 2097 1171 2134 dodecarchiam
1194 2097 1292 2135 illum
1320 2099 1433 2137 fuisse
1462 2104 1683 2137 exstructum
1713 2101 1769 2137 in-

255 2159 374 2208 deque
393 2161 440 2197 ad
467 2163 677 2211 antiquiora
696 2162 855 2216 Aegypti
877 2170 1134 2213 monumenta,
1165 2170 1206 2202 ut
1229 2167 1460 2217 pyramides,
1490 2167 1560 2205 alia
1581 2168 1617 2204 id
1638 2180 1768 2216 genus,

256 2240 335 2265 esse
372 2230 617 2267 referendum.
675 2231 788 2270 Haud
821 2239 1010 2284 repetam,
1063 2246 1154 2283 quas
1183 2233 1296 2272 Beck.
1321 2234 1344 2272 l.
1372 2234 1395 2272 l.
1428 2235 1580 2285 protulit
1606 2236 1768 2273 diversas

256 2298 451 2334 sententias
472 2298 518 2336 de
541 2298 734 2349 labyrinthi
757 2302 1026 2349 conditoribus;
1054 2302 1141 2339 illud
1161 2303 1271 2339 modo
1295 2302 1452 2350 addam,
1483 2303 1597 2340 Gallis
1620 2316 1769 2353 quoque

254 2363 368 2400 doctis
394 2364 443 2413 (l.
462 2365 485 2402 l.
516 2363 553 2417 ἓ.
574 2366 599 2408 4
627 2380 712 2418 pag.
730 2367 804 2417 40)
834 2370 885 2407 ita
906 2371 1139 2408 statuendum
1161 2370 1301 2419 videri,
1330 2374 1372 2407 ut
1398 2370 1624 2421 labyrinthus
1651 2372 1770 2409 dode-

254 2431 415 2469 carchiae
430 2436 595 2485 tempore
614 2436 761 2474 minime
780 2438 1023 2486 adscribatur,
1055 2439 1218 2488 quamvis
1240 2442 1381 2489 partem
1406 2438 1496 2476 illius
1523 2440 1680 2477 fortasse
1709 2452 1769 2477 re-

253 2498 378 2536 fecerit
396 2500 689 2552 Psammitichus,
719 2518 798 2541 cum
817 2506 939 2556 plures
960 2507 1108 2544 omnino
1126 2520 1232 2556 reges
1259 2511 1465 2557 temporum
1485 2509 1640 2545 decursu
1666 2507 1767 2545 aedi-

253 2564 382 2603 ficasse
396 2567 607 2616 videantur,
636 2573 733 2610 unde
761 2574 866 2611 simul
892 2575 1145 2625 perspicuum,
1175 2588 1237 2612 cur
1266 2575 1399 2612 diversi
1427 2576 1632 2613 conditores
1664 2574 1768 2623 laby-

253 2632 361 2668 rinthi
382 2647 487 2683 reges
506 2645 840 2679 commemorentur.
900 2643 981 2680 Nec
1009 2642 1078 2680 alia
1112 2644 1189 2681 sere
1219 2644 1266 2681 de
1299 2643 1492 2691 labyrinthi
1519 2643 1764 2680 conditoribus

253 2700 322 2736 suit
344 2705 524 2741 sententia
554 2706 770 2755 lablonskii,
808 2722 905 2746 voce.
922 2709 1041 2759 Aegg.
1070 2723 1157 2761 pag.
1185 2709 1265 2753 124
1294 2724 1372 2760 seq.
1431 2710 1507 2748 Sed
1530 2710 1764 2748 Mannertum

253 2769 318 2807 l.1.
341 2784 426 2821 pag.
449 2773 531 2812 438
568 2775 596 2809 si
617 2776 765 2822 audias,
806 2777 1068 2816 ‹lodecarchiae
1100 2783 1220 2816 aetate
1255 2782 1437 2816 exstructa
1475 2782 1532 2815 est
1570 2777 1764 2827 labyrinthi

254 2838 393 2885 moles,
429 2841 526 2877 cuius
555 2842 758 2890 designatio
787 2845 834 2880 ad
868 2846 1060 2883 duodecim
1095 2847 1241 2896 regulos
1267 2845 1476 2895 pertineat,
1510 2847 1684 2897 perfectio
1715 2845 1763 2882 ad
