1909 3228
440 215 524 254 426

417 320 829 378 6ὖπονοστήσαντος
864 324 945 364 τοῦ
981 326 1192 376 ποταμοῦ.

834 213 1301 253 HERODOTI

1249 324 1484 379 γευομένου
1524 325 1568 368 δὲ
1599 325 1696 368 τού-

440 417 523 446 του
549 402 776 447 τοιούτου,
808 402 852 442 οἱ
883 400 1070 452 Πέρσαι,
1102 403 1225 454 οἵπερ
1257 402 1480 458 ἐτετάχατο
1510 402 1576 446 ἐπ’
1611 402 1695 447 αύ-

441 483 504 539 τῷ
532 479 671 535 τούτῳ
710 478 819 522 κατὰ
856 479 905 522 τὸ
944 478 1129 534 ῥέεθρον
1167 484 1246 524 τοῦ
1287 481 1530 537 Εὐφρήτεω
1568 488 1751 526 ποτα-65

441 562 552 613 μοῦ,
601 556 1006 614 ὑπονενοστηκότος
1048 558 1175 614 ἀνδρὶ
1214 558 1273 611 ὥς
1310 561 1351 612 ἐς
1388 560 1521 617 μέσον
1555 562 1697 617 μηρόν

438 635 625 690 μάλιστά
653 653 728 692 κη,
758 637 868 680 κατά
895 642 1027 682 τοῦτο
1057 638 1241 697 ἐσῄεσαν
1270 639 1313 690 ἐς
1339 639 1419 696 τὴν
1441 643 1695 696 Βαβυλῶνα.

412 716 502 757 7Εἰ
529 714 609 770 μέν
637 732 721 759 νυν
750 717 1085 774 προεπύθοντο,
1137 719 1165 776 ἢ
1195 710 1368 775 ἔμαθον·
1401 722 1445 764 οἱ
1483 717 1697 777 Βαβυλώ-

384 901 426 926 ea
459 891 713 939 coniungatur,
761 893 867 940 atque
906 893 1030 929 iterum

383 948 485 982 exeat
513 946 566 993 (v.
589 959 618 984 c.
649 947 689 995 1,
719 949 809 988 104.
832 949 923 988 185.
951 948 1033 996 Vll,

385 1003 499 1050 109),
528 1002 624 1040 hand
647 1003 720 1040 tale
749 1007 825 1050 est,
856 1005 954 1052 quod
974 1018 1035 1041 us-

383 1070 603 1107 quequaque
625 1059 771 1110 probari
799 1060 925 1110 possit.
956 1060 1036 1098 Nec

383 1115 503 1164 ipsum
532 1115 626 1164 fugit
653 1116 766 1153 virum
795 1117 961 1164 doctum3
991 1118 1035 1154 cf.

381 1170 522 1208 Herod.
555 1171 591 1219 l,
619 1175 713 1213 202.
761 1173 831 1220 IV,
867 1173 921 1215 51
955 1173 1034 1211 coll.

382 1225 548 1264 Eustath.
571 1229 618 1265 ad
640 1228 679 1266 ll.
700 1223 749 1277 ν’,
774 1231 868 1270 220.

437 1307 806 1363 ’ὑπονενοστηκότος
835 1308 952 1364 εἷνδρὶ
983 1312 1040 1361 αἷς

382 1365 424 1414 ἔς
447 1365 568 1418 μέσον
608 1367 736 1420 μηρόν
763 1367 930 1420 μάλιστά
959 1371 1035 1421 κη]

382 1424 405 1460 i.
429 1436 460 1461 e.
488 1425 549 1472 qui
569 1424 737 1473 (fluvius)
766 1439 939 1475 regressus
963 1432 1037 1464 erat

382 1493 411 1517 s.
434 1479 629 1517 decreverat
662 1495 736 1518 eum
761 1484 797 1518 in
829 1483 965 1520 modum
996 1488 1036 1520 ut

382 1538 459 1572 viro
485 1535 633 1573 medium
659 1537 781 1587 femur
824 1541 887 1575 vix
921 1542 1034 1576 attin-

381 1595 489 1642 geret.
559 1592 671 1636 Quod
719 1594 804 1631 olim
849 1595 1035 1643 vulgatum

382 1650 462 1686 erat
483 1643 675 1699 ἀνδρείως
694 1649 780 1700 (pro
798 1645 947 1704 α’νδρὶ),
964 1653 1035 1689 iam

381 1704 519 1742 dudum
547 1705 718 1742 reiectum
737 1710 803 1743 est.

438 1787 476 1827 εἰ
491 1785 563 1839 μέν
581 1803 657 1827 νυν
674 1785 958 1840 προεπύθοντο
978 1811 1035 1817 -

382 1838 478 1884 οὔδ’
520 1840 596 1890 ἂν,
649 1841 898 1896 περιϊδόντες
940 1843 1035 1891 τούς

382 1898 541 1952 Πέρσας
564 1921 619 1928 ——
649 1900 886 1952 διέφθειραν
923 1898 1033 1941 κάκι-

382 1959 477 2003 στα]
522 1952 619 1996 οὔδ’
657 1953 710 1996 ἂν
751 1959 916 1996 dedimus
954 1972 1033 1997 cum

382 2013 592 2050 Gaisfordio
616 2013 788 2051 librorum
812 2020 1034 2053 vetustorum

380 2069 489 2106 iussu.
546 2069 644 2108 Nam
685 2072 784 2119 quod
817 2072 854 2108 in
886 2072 1033 2121 quibus-

380 2126 465 2162 dam
493 2125 624 2175 legitur
654 2123 705 2166 ου’
741 2124 821 2177 μεὶν
861 2129 1033 2177 quodque

380 2181 630 2231 VVesselingio
675 2184 817 2232 arrisit,
880 2185 1030 2234 antiquo

383 2251 486 2276 more
514 2239 647 2276 dictum
686 2253 753 2290 pro
791 2236 840 2279 ού
862 2238 963 2291 μὴν,
994 2242 1032 2278 id

381 2295 427 2332 ab
449 2295 516 2332 hoc
537 2295 638 2342 loco,
670 2297 730 2332 ubi
754 2298 957 2335 necessaria
976 2301 1032 2335 est

381 2349 590 2400 particula'
575 2348 648 2399 α’ν,
677 2352 830 2390 alienum
857 2367 936 2392 esse
967 2367 1033 2391 ne-

382 2419 441 2444 mo
461 2420 535 2444 non
555 2408 664 2446 xidet.
694 2409 826 2459 Neque
837 2414 1031 2461 propterea

382 2464 610 2513 probaverim
643 2479 718 2504 ουκ
755 2463 829 2515 ἂν,
883 2467 981 2515 quod
1011 2479 1032 2503 e

382 2532 482 2558 mera
524 2521 728 2558 coniectura
776 2524 812 2560 in
841 2523 958 2560 Reizii
995 2527 1032 2560 et

383 2576 672 2626 Schweighaeus.
685 2579 860 2617 editiones
879 2579 1032 2616 transiit.

384 2631 535 2669 Videtur
555 2634 650 2671 enim
669 2629 762 2674 ου’ὂὲ
781 2636 838 2673 hic
858 2636 1029 2686 positum,

385 2691 423 2723 ut
441 2689 566 2725 sortius
591 2695 721 2739 neget,
752 2705 860 2741 quam
881 2692 1032 2742 simplex

385 2745 544 2790 negandi
562 2747 736 2794 particula
758 2763 850 2794 ουκ,
872 2748 1030 2797 indeque

385 2800 613 2838 vertendum:
635 2804 783 2850 menime,
804 2817 1030 2855 nequaquam.

386 2852 705 2906 Pertinebitvero,
734 2873 851 2910 aeque
879 2874 922 2899 ac
943 2873 1029 2912 par-

1100 892 1208 929 ticula
1233 889 1283 932 ὂῖν
1307 905 1380 930 non
1401 893 1520 931 minus
1553 894 1601 930 ad
1629 897 1754 942 περιϊ-

1103 945 1237 996 δόντες
1272 963 1379 999 quam
1418 951 1465 987 ad
1495 948 1753 1000 διέφθειραν,-

1103 1007 1201 1054 quod
1222 1007 1268 1043 de
1294 1006 1468 1057 particula
1499 1002 1549 1044 ὂν
1579 1007 1673 1043 bene
1702 1006 1754 1041 vi-

1103 1063 1156 1098 ‹lit
1189 1062 1376 1100 Werferus
1426 1065 1463 1100 in
1490 1062 1585 1099 Actt.
1616 1061 1752 1112 philoll.

1103 1118 1268 1156 Monacc.
1291 1118 1329 1165 I,
1352 1122 1378 1161 2
1410 1131 1496 1169 pag.
1514 1121 1618 1166 249,
1648 1119 1685 1155 in
1708 1131 1752 1156 eo

1105 1180 1245 1222 tamen,
1283 1175 1432 1225 opinor,
1472 1174 1617 1225 lapsus,
1653 1175 1752 1224 quod

1107 1227 1156 1271 ου’
1176 1227 1217 1270 δ’
1238 1228 1289 1270 ἂν
1312 1231 1490 1268 distractis
1517 1231 1627 1269 literis
1647 1230 1752 1268 scribi

1106 1292 1250 1335 monet,
1288 1287 1449 1336 illudque
1482 1287 1634 1325 relatum
1661 1300 1753 1336 quo-

1107 1345 1303 1383 dammodo
1323 1344 1399 1380 vult
1419 1344 1466 1381 ad
1487 1344 1622 1382 similes
1642 1356 1753 1393 qnos-

1105 1402 1188 1437 dam
1209 1401 1328 1447 locos,
1358 1400 1419 1436 ubi
1450 1398 1521 1450 μὲν
1551 1405 1587 1438 et
1613 1397 1655 1438 δὲ
1684 1399 1751 1436 sibi

1103 1457 1255 1494 invicem
1284 1457 1335 1492 ita
1360 1457 1625 1506 respondentes
1651 1456 1752 1492 inve-

1103 1514 1199 1559 nias,
1259 1512 1424 1549 collectos
1464 1513 1509 1549 ab
1552 1513 1631 1563 ipso
1672 1511 1694 1548 l.
1728 1512 1750 1548 l.

1102 1582 1187 1619 pag.
1212 1571 1276 1609 96.
1307 1567 1465 1606 Maxime
1480 1582 1564 1607 vero
1584 1569 1752 1605 Gaissor-

1103 1626 1151 1662 dii
1185 1624 1349 1675 displicet
1378 1625 1492 1672 ratio,
1539 1626 1600 1674 qui
1634 1624 1752 1673 negli-

1103 1682 1228 1728 gentia
1254 1681 1438 1730 scriptoris
1476 1682 1597 1731 potius
1642 1694 1750 1730 quain

1102 1736 1234 1773 librarii
1262 1737 1317 1772 hic
1344 1737 1538 1786 superioris
1564 1737 1750 1774 commatis

1103 1792 1283 1842 apodosin
1301 1793 1429 1829 deesse
1450 1793 1564 1830 videri
1583 1794 1689 1840 dicit,
1716 1805 1750 1830 v.

1103 1862 1139 1897 g.
1167 1844 1380 1897 ἐσώθησαν
1410 1844 1460 1887 ἄν
1490 1862 1519 1886 s,
1542 1848 1637 1886 aliud
1664 1849 1752 1898 quid

1102 1904 1317 1941 huiusmodi.
1348 1905 1529 1953 Equidem
1551 1905 1636 1942 nihil
1655 1906 1753 1943 desi-

1101 1962 1215 2009 dero,
1244 1961 1305 1998 ubi
1331 1962 1452 1998 omnia
1474 1962 1605 2000 adesse
1631 1962 1750 2000 video.

1101 2016 1198 2055 Nam
1237 2030 1330 2066 quae
1359 2019 1516 2068 protasis
1549 2023 1605 2056 est
1632 2017 1667 2057 εἰ
1695 2039 1751 2046 ——

1101 2071 1384 2123 προεπύθοντο
1435 2070 1464 2124 ἢ
1511 2073 1665 2124 ἔμαθον
1713 2073 1755 2113 οἵ

1100 2126 1351 2180 Βαβυλώνιοι
1369 2144 1404 2167 κ.
1424 2145 1455 2168 τ.
1475 2132 1524 2177 L,
1544 2131 1577 2168 ei
1596 2143 1750 2180 respon-

1101 2187 1164 2223 det
1191 2187 1383 2236 apodosis:
1415 2182 1507 2225 οὐδ’
1542 2182 1593 2225 ἂν
1627 2200 1751 2237 περιι-

1101 2237 1235 2288 δόντες
1254 2265 1309 2270 -
1326 2240 1575 2292 διε’.φθειραν
1615 2242 1749 2292 Neque

1100 2299 1238 2336 verbis:
1271 2298 1306 2337 εἰ
1335 2297 1424 2349 μέν
1453 2314 1548 2338 νυν
1575 2296 1749 2351 προεπύ-

1099 2358 1224 2394 θοντο
1245 2370 1279 2393 r..
1299 2371 1330 2392 τ.
1354 2358 1385 2393 λ.
1414 2356 1546 2393 desunt
1572 2369 1667 2405 quae
1691 2369 1748 2394 re-

1098 2412 1314 2461 spondeant.
1381 2412 1509 2450 Verbis
1550 2413 1645 2450 euim
1684 2412 1749 2449 ali-

1101 2473 1211 2516 quot,
1251 2481 1344 2517 quae
1381 2481 1525 2505 causam
1564 2468 1748 2506 continent

1098 2525 1347 2573 rationemque
1367 2525 1469 2574 quasi
1498 2525 1656 2562 reddunt
1673 2526 1749 2575 pri-

1097 2593 1223 2627 orum,
1262 2582 1482 2632 interpositis
1515 2582 1748 2631 (κατακληΐ-

1101 2649 1236 2683 σαντες
1262 2635 1355 2689 γὰρ
1384 2633 1436 2676 ἂν
1454 2658 1511 2664 -
1529 2636 1671 2688 ἔλαβον
1694 2635 1746 2677 liv

1099 2704 1223 2740 σφεας
1252 2692 1305 2740 ὥς
1325 2694 1366 2733 ἐν
1388 2689 1555 2747 κύρτῃ),
1586 2696 1747 2743 sequitur

1097 2749 1232 2797 altera,
1269 2763 1364 2799 quae
1395 2751 1591 2801 opponitur
1625 2751 1747 2800 perio-

1096 2806 1185 2843 dus:
1223 2808 1318 2844 νῦν
1347 2804 1400 2846 δὲ
1428 2805 1469 2854 ἐξ
1497 2801 1743 2859 ἀπροσδοκή-

1095 2877 1166 2901 του
1197 2877 1232 2901 u.
1255 2878 1286 2901 τ.
1306 2865 1339 2901 λ.
