1909 3228
507 209 593 249 876
900 207 1366 247 HERODOTI

481 322 639 368 5,,ται,
670 314 884 359 ἐκλύουσι.
917 316 953 358 εἰ
982 315 1064 371 γὰρ
1095 315 1147 373 δή
1179 315 1256 359 τὸν
1287 316 1428 360 πάντα
1455 316 1617 373 χρόνον
1646 319 1759 362 ἓντε-
1772 327 1817 360 60

508 394 706 448 ,,ταμένα
735 395 822 449 εἴη,
853 393 1050 450 ἐκραγείη
1079 394 1154 438 ἄν·
1185 395 1293 438 ὥστε
1322 396 1365 446 ές
1392 396 1440 439 τὸ
1472 396 1573 439 δέον
1603 396 1682 440 οὐκ
1705 398 1760 440 ἂν

481 473 681 527 6,,ἕχοιεν
719 471 889 516 αὐτοῖσι
919 477 1120 530 χρῆσθαι.
1163 472 1278 517 οὕτω
1318 474 1370 530 δὴ
1406 475 1480 517 καὶ
1519 474 1760 529 ἀνθρώπου

506 549 818 604 ,,κατάστασις·
859 554 896 596 εἰ
925 553 1069 596 ἐθέλοι
1097 551 1481 596 κατεσπουδάσθαι
1511 554 1614 605 αἰεὶ,
1655 555 1761 610 μηδὲ

505 630 585 681 ,,ές
613 634 817 687 παιγνίην
854 630 902 674 τό
944 631 1075 687 μέρος
1104 631 1268 675 ἑωυτὸν
1310 630 1501 684 ἀνιέναι,
1542 632 1676 676 λάθοι
1705 631 1761 676 ἂν

477 708 638 765 7,,ἤτοι
669 711 838 765 μανεὶς,
868 710 898 766 ἢ
928 709 1000 765 ὅγε
1027 710 1300 766 ἀπόπληκτος
1329 710 1574 766 γενόμενος.
1604 712 1656 754 τὰ
1676 711 1758 766 ἐγώ
1771 720 1815 754 65

502 787 848 843 ,,έπιστάμενος,
889 789 1020 844 μέρος
1059 789 1245 846 ἑκατέρῳ
1282 790 1436 844 νέμω.“
1498 793 1643 834 Ταῦτα
1680 791 1760 846 μὲν

346 869 443 913 ΙῊ
500 867 604 918 τούς
634 869 791 922 φίλους
821 867 1043 923 οἷμείψατο.
1101 870 1281 924 Λέγεται
1311 868 1356 911 δὲ
1386 866 1410 911 ὁ
1445 868 1649 924 ”Αμασις,
1687 870 1761 912 καὶ

173 931 312 959 Privatus
337 932 444 968 adhue,

173 966 340 992 luxuriosus
359 972 387 992 et
399 967 444 994 su-

174 1008 243 1025 rax:
289 999 445 1034 imperium

173 1032 448 1100 ii‘lJJL‘sslfflessssi‘?
506 1041 623 1080 μων,
664 1026 737 1070 καὶ
767 1024 972 1081 οὐδαμῶς
1010 1027 1442 1081 κατεσπουδασμένος
1474 1024 1605 1081 ἀνήρ·
1648 1025 1760 1076 ὅκως

173 1107 246 1133 quos
264 1099 399 1129 coluerit.
438 1089 447 1103 ⁷

503 944 574 989 ὅτε
602 941 657 1002 ἦν
687 946 881 1003 ἰδιώτης,
923 947 982 998 ὡς
1018 947 1256 1003 φιλοπότης
1294 947 1377 990 ἐών
1406 948 1478 990 καὶ
1508 946 1757 1003 φιλοσκώμ-

507 1104 554 1147 δέ
594 1122 669 1159 μιν
704 1104 914 1149 ἐπιλείποι
951 1105 1136 1148 πίνοντά
1184 1121 1227 1148 τε
1276 1106 1348 1149 καὶ
1397 1103 1670 1148 εὐπαθέοντα
1705 1104 1814 1148 τὰ7ο

473 1181 727 1239 Ξέπιτήδεα,
755 1184 980 1228 κλέπτεσκε
1015 1184 1070 1226 ἂν
1103 1182 1295 1238 περιϊών.
1337 1186 1380 1228 οἱ
1410 1183 1452 1228 δ’
1482 1183 1537 1227 ἄν
1565 1200 1639 1240 μιν
1670 1183 1756 1239 φά-

501 1279 625 1318 μενοι
664 1263 774 1319 ἔχειν
813 1263 866 1307 τοὶ
906 1263 1092 1318 σφέτερα
1123 1262 1317 1318 χρήματα
1356 1263 1620 1319 ἀρνεύμενον
1659 1261 1758 1318 ἄγε-

502 1353 609 1386 σκον
639 1343 706 1386 ἐπὶ
734 1342 949 1400 μαντήϊον
988 1341 1100 1386 ὅκου
1129 1341 1346 1387 ἑκάστοισι
1376 1346 1461 1400 εἴη·
1510 1342 1649 1386 πολλὰ
1678 1342 1756 1398 μὲν

501 1559 540 1605 ἐς
558 1556 600 1598 τὸ
618 1559 723 1611 δέον]
756 1562 779 1599 i.
802 1575 831 1600 e.
854 1562 991 1612 quando
1011 1575 1094 1611 opus

443 1621 515 1662 est,
547 1618 639 1652 iusto
661 1621 814 1667 tempore.
852 1620 958 1655 Conf.
982 1619 1016 1665 Ι,
1039 1620 1092 1659 32

443 1673 567 1721 ibique
591 1677 682 1709 nott.
714 1675 751 1721 Ι,
778 1677 867 1715 119.
891 1677 980 1715 186.

499 1724 619 1766 λάθοι
640 1724 690 1766 ἂν
708 1751 764 1757 ———
783 1727 1003 1781 γενόμενος]
1035 1729 1093 1766 De

440 1785 539 1821 verbi
562 1780 780 1822 λανθάνειν
802 1790 980 1822 structura
1007 1798 1088 1822 mo-

439 1841 519 1876 nuit
538 1840 664 1877 Matth.
688 1842 753 1877 Gr.
774 1843 838 1878 Gr.
864 1854 947 1891 pag.
968 1843 1088 1887 1083,

439 1897 501 1945 qui
524 1897 618 1933 idem
639 1910 723 1946 pag.
743 1899 824 1939 880
846 1898 963 1946 attigit
986 1910 1089 1933 usum

438 1954 663 2003 pronominis
683 1949 767 2004 ὅγε,
799 1955 898 2003 quod
919 1956 955 1990 in
977 1954 1090 1990 altero

441 2009 613 2045 orationis
651 2011 813 2047 membro
863 2011 1091 2047 abundanter

439 2066 543 2113 quasi
572 2070 742 2117 ponatur.

600 2150 707 2200 Cap.
740 2150 943 2188 chxlv.

525 2217 919 2284 κατεσπουδασμένές
968 2231 1088 2284 α’νήρ]

439 2288 568 2327 Monet
591 2290 854 2340 Wesselingius
879 2293 925 2328 de
953 2291 1089 2328 Proco-

437 2347 499 2395 pio
528 2346 620 2382 hanc
652 2347 869 2384 locutionem
899 2360 941 2384 ex
969 2348 1088 2385 Hero-

437 2403 514 2438 doti
567 2403 766 2441 imitatione
820 2405 1087 2452 frequentante,

436 2458 520 2495 bell.
556 2458 656 2496 Pers.
689 2459 742 2507 ΙΙ,
778 2462 814 2500 8.
854 2460 934 2497 bell.
969 2460 1085 2496 Vand.

438 2513 492 2561 ll,
526 2514 565 2554 4.

494 2567 597 2616 ὅκως
616 2569 658 2609 δέ
673 2586 740 2619 μιν
762 2570 955 2610 ἐπιλείποι
973 2568 1086 2609 -τοῖ

434 2622 635 2676 ἐπιτήδεα]
666 2627 724 2665 De
745 2626 958 2666 ἐπιλείπειν
981 2628 1085 2675 (aus-

433 2682 560 2728 gelwn,
591 2688 628 2719 ut
650 2695 716 2720 nos
737 2684 908 2728 dicimus)
928 2685 996 2720 iam
1027 2698 1086 2720 su-

435 2750 501 2785 pra
520 2739 693 2775 monitum
719 2753 762 2776 ex
786 2739 941 2778 WVerferi
962 2741 1085 2789 dispu-

435 2796 499 2829 tat.
522 2793 558 2829 in
580 2798 663 2830 actt.
687 2796 784 2845 phili.
807 2796 971 2833 Monacc.
1001 2796 1038 2842 I,
1061 2799 1080 2835 1

434 2860 520 2897 pag.
553 2850 618 2890 86.
700 2851 772 2888 Pro
812 2849 860 2890 τά
899 2848 1084 2902 ἐπιτήδεα

1161 1563 1372 1611 (necessaria
1399 1573 1572 1611 quaeque,
1601 1560 1648 1596 ad
1678 1559 1808 1596 victum

1161 1620 1319 1666 scilicet)
1350 1618 1456 1666 vulgo
1496 1613 1543 1655 τὰ
1570 1612 1807 1665 ἐπιτήδεια.

1160 1675 1251 1711 Illud
1295 1675 1405 1710 dabat
1437 1673 1666 1710 Florentinus
1704 1672 1805 1718 liber,

1161 1731 1296 1766 dudum
1315 1730 1493 1778 probante
1514 1729 1632 1764 Koen.
1654 1729 1701 1764 ad
1713 1729 1808 1765 Gre-

1157 1799 1234 1834 gor.
1262 1787 1345 1822 Cor.
1366 1785 1412 1821 de
1434 1784 1515 1821 dial.
1537 1784 1612 1821 lon.
1632 1781 1668 1834 ἓ.
1686 1783 1751 1825 45.

1214 1867 1418 1908 κλέπτεσκε
1439 1863 1515 1914 ἂν]
1555 1867 1613 1905 De
1633 1880 1701 1904 usu
1725 1879 1810 1917 par-

1160 1925 1290 1962 ticulae
1310 1921 1360 1963 ἂν
1383 1926 1420 1960 in
1445 1925 1542 1961 hisce
1569 1925 1637 1961 iam
1655 1924 1807 1960 vidimus

1159 1982 1197 2029 Ι,
1222 1983 1287 2023 42.
1311 1984 1400 2022 196.
1438 1980 1496 2018 De
1516 1979 1713 2030 imperfecti
1734 1980 1810 2016 sor-

1160 2065 1219 2089 ma
1246 2053 1281 2088 in
1302 2064 1396 2089 σκον
1412 2052 1484 2087 vid.
1503 2051 1541 2097 Ι,
1563 2052 1628 2091 36.
1654 2053 1732 2090 100
1753 2054 1808 2086 at·-

1159 2122 1231 2156 que
1255 2108 1385 2144 Matth.
1413 2108 1477 2143 Gr.
1499 2107 1564 2143 Gr.
1593 2105 1628 2156 §.
1655 2109 1732 2148 199
1756 2106 1804 2142 in.

1159 2165 1323 2201 Pertinet
1348 2163 1416 2200 huc
1445 2176 1589 2212 quoque
1616 2164 1651 2197 in
1681 2175 1803 2211 seqq-z

1158 2218 1225 2258 καὶ
1241 2219 1420 2270 ἡλίσκετο
1440 2219 1741 2267 quemadmodum
1760 2230 1804 2254 ex

1156 2277 1315 2326 priorum
1329 2276 1506 2313 editorum
1521 2275 1725 2311 coniectura
1736 2287 1804 2323 pro

1154 2334 1402 2382 κατηλίσκετο
1430 2344 1524 2367 nunc
1552 2332 1685 2367 editum
1713 2329 1804 2378 legi-

1154 2394 1234 2435 tur,
1267 2402 1287 2424 a
1308 2387 1647 2435 Schweighaeusero
1681 2387 1802 2423 denuo

1154 2446 1376 2481 immutatum
1395 2445 1431 2479 in
1450 2442 1514 2481 καὶ
1535 2441 1711 2481 άλίσκετο
1745 2443 1801 2488 (in

1156 2502 1248 2538 binis
1272 2502 1365 2537 enim
1386 2500 1483 2536 libris
1511 2505 1629 2536 exstat
1647 2497 1802 2536 καταλί-

1156 2572 1300 2615 σκετο),
1321 2570 1418 2618 quod
1436 2571 1644 2619 imperfecta
1656 2570 1692 2605 in
1707 2583 1802 2609 σκον

1152 2629 1307 2664 formata
1327 2631 1522 2673 augmento
1544 2630 1702 2662 careant.
1723 2626 1803 2664 Nec

1153 2689 1274 2720 tamen
1297 2695 1439 2731 semper
1459 2683 1555 2719 istud
1573 2682 1670 2728 fieri,
1699 2686 1803 2732 patet

1154 2753 1196 2776 ex
1217 2738 1385 2787 exemplis
1416 2751 1438 2774 a
1466 2737 1598 2775 Matth.
1622 2737 1644 2774 l.
1665 2737 1685 2773 l.
1715 2738 1803 2774 alla-

1152 2796 1209 2832 tis.
1295 2796 1530 2845 Quapropter
1576 2793 1801 2844 reliquimus:

1152 2849 1219 2890 καὶ
1247 2848 1442 2901 ἡλίσκετο.
