1909 3228
457 173 540 213 790

858 170 1331 210 HERODOTI

301 282 399 327 133
458 279 506 323 ἓν
537 283 597 336 τῷ
626 280 809 336 ἐνιαυτῷ
840 278 952 331 ἅπαξ
981 296 1055 335 μιν
1084 278 1164 322 τόν
1193 278 1320 335 ἥλιον
1349 283 1553 324 κατιδεῖν.
1596 283 1720 325 Μετὰ

127 346 274 387 Respons·
266 356 274 372 ι
300 346 405 381 Myce-

126 381 194 408 rino
212 380 284 413 dati,
303 386 332 406 et
352 380 406 406 hu-

128 414 174 440 ius
193 413 270 441 adid
276 400 405 440 eluden-

128 447 198 474 dum
217 447 294 474 ratio
321 447 407 474 abso-

130 489 178 509 ua.

463 360 510 403 δὲ
539 361 612 414 τῆς
642 357 864 412 θυγατρός
892 357 941 401 τὸ
971 357 1140 410 πάθος,
1170 358 1350 411 δεύτερα
1379 359 1520 417 τούτῳ
1549 364 1610 419 τῷ
1639 364 1720 416 βα-

465 437 573 480 σιλέϊ
601 434 701 478 τάδε
731 435 956 490 γενέσθαι·
988 437 1131 480 ἐλθεῖν
1161 439 1204 480 οἱ
1230 438 1439 493 μαντήϊον
1462 439 1506 481 ἐκ
1527 442 1721 489 Βουτοῦς
1765 444 1843 484 167

460 515 634 567 πόλιος,
667 512 725 565 ὠς
753 515 935 569 ,,με’λλοι
962 516 1006 566 ἓξ,
1036 515 1130 558 ἔτεα
1160 521 1328 571 μοῦνον
1357 516 1481 573 βιούς
1511 521 1570 574 τῷ
1602 517 1776 572 έβδό-ἓι

432 602 454 634 Ξ
465 611 562 653 ,,μῳ
597 593 879 650 τελευτήσειν.
894 599 918 618 “

977 594 1055 637 τόν
1101 595 1172 646 δὲ,
1226 595 1371 638 δεινὸν
1409 595 1719 651 ποιησάμενον,

460 673 627 729 πέμψαι
656 672 698 723 ἐς
727 673 775 716 τὸ
804 671 1019 728 μαντήϊον
1036 678 1097 731 τῷ
1116 677 1206 733 θεῷ
1237 672 1487 730 ὀνείδισμα,
1520 672 1722 730 ἀντιμεμ-

462 751 658 807 φόμενον
687 751 754 794 ὅτι
783 749 844 803 ,,ὁ
873 752 951 807 μὲν
977 750 1115 796 αὐτοῦ
1139 752 1278 808 πατὴρ
1297 754 1369 796 καὶ
1390 751 1585 807 πάτρως,
1614 752 1723 797 α’πο-

463 833 747 887 ,,κλη“ί“σαντες
774 829 826 872 τοὶ
858 831 953 884 ἷρα,
986 831 1058 874 καὶ
1088 835 1207 874 θεῶν
1227 830 1282 875 οὐ
1301 833 1587 889 μεμνημένοι,
1618 831 1781 876 ἀλλοὶ25

463 909 572 961 „naz
601 908 707 960 τούς
738 907 1006 964 ἀνθρώπους
1037 912 1320 966 φθείροντες,
1351 912 1537 968 ἐβίωσαν
1565 911 1727 967 χρόνον

462 988 563 1040 „gni
593 987 783 1031 πολλόν·
814 987 948 1039 αὐτός
978 988 1012 1032 δ’
1043 987 1222 1046 εὐσεβής
1252 989 1359 1042 ἐών,
1390 991 1539 1046 μέλλοι
1567 990 1727 1046 ταχέως

435 1074 490 1120 3,,
503 1066 617 1111 οὕτω
648 1067 952 1124 τελευτήσειν.“

1008 1067 1078 1111 Ἐκ
1116 1068 1161 1112 δὲ
1200 1072 1279 1112 τοῦ
1308 1070 1571 1125 χρηστηρίου
1604 1067 1727 1126 αὐτῷ

465 1146 645 1201 δεύτερα
675 1146 820 1191 ἐλθεῖν
850 1146 1031 1203 λέγοντα
1061 1146 1265 1199 ,,του’των
1293 1150 1437 1191 εἵνεκα
1466 1149 1539 1190 καὶ
1569 1160 1728 1190 συντα-

463 1225 647 1282 ,,χύνειν
687 1224 806 1285 αὐτῷ
852 1227 928 1270 τὸν
966 1228 1078 1284 βίον.

465 1304 644 1360 ,,χρεών
673 1300 727 1361 ’ἦν
756 1306 943 1350 ποιέειν’

1138 1226 1192 1270 οὐ
1228 1227 1311 1283 γὰρ
1350 1230 1533 1284 ποιῆσαί
1569 1243 1643 1282 μιν
1680 1226 1729 1271 τὸ

991 1309 1083 1350 δεῖν
1111 1306 1196 1363 γὰρ
1233 1309 1453 1362 Αἴγυπτον
1483 1310 1787 1350 κακοῦσθαι30

463 1382 571 1435 ,,έπ’
598 1383 693 1427 ἔτεα
717 1383 989 1441 πεντήκοντά
1027 1402 1072 1429 τε
1102 1387 1174 1429 καὶ
1202 1386 1378 1429 ἑκατόν·
1417 1386 1490 1430 καὶ
1519 1384 1622 1436 τοὺς
1652 1386 1731 1440 μὲν

466 1495 490 1514 ,,
501 1460 583 1505 δύο
613 1461 717 1514 τοὺς
745 1462 831 1518 πρὸ
865 1463 1034 1508 ἐκείνου
1062 1464 1323 1520 γενομένους
1351 1465 1552 1520 βασιλέας
1571 1469 1730 1519 μαθεῖν

437 1543 637 1591 4,,τοῦτο
662 1573 674 1593 ,
723 1546 870 1584 κεῖνον
908 1543 953 1586 δὲ
994 1542 1093 1587 off-‘⁶

1174 1548 1323 1586 Ταῦτα
1361 1542 1613 1586 ἀκούσαντα
1652 1542 1730 1586 τὸν

466 1621 726 1673 Μυκερῖνον
750 1654 766 1672 ,
826 1621 885 1672 ὦς
925 1622 1302 1678 κατακεκριμένων
1346 1622 1428 1677 ἤδη
1468 1623 1511 1665 οἱ
1549 1620 1731 1674 τούτων,

467 1696 602 1752 λύχνα
631 1697 925 1754 ποιησάμενον
954 1701 1115 1752 πολλοὶ,
1155 1700 1266 1749 ὅκως
1294 1701 1462 1754 γίνοιτο
1493 1700 1594 1752 νὺξ,
1625 1699 1788 1743 ἄνα-35

467 1782 612 1827 ’ψαντα
643 1774 777 1829 αὐτὰ,
808 1780 950 1822 πίνειν
980 1794 1023 1821 τε
1053 1779 1127 1821 καὶ
1157 1776 1413 1832 εὐπαθέειν,
1444 1778 1543 1823 οὔτε
1572 1777 1734 1836 ἡμέρης

562 1997 594 2035 c
606 2010 628 2035 a
640 1998 914 2049 p.cxxxl11.

469 2079 629 2148 πέμψαι
658 2081 697 2129 ἐς
726 2098 767 2121 το
802 2079 996 2134 μαντήϊον
1016 2086 1070 2138 τῷ

415 2141 502 2193 θεῷ
529 2133 757 2190 ονείδισμα]
788 2140 944 2177 Sensum
971 2146 1069 2179 recte

416 2197 546 2246 opinor
573 2196 625 2232 sic
656 2196 815 2233 reddidit
844 2197 1067 2246 Schweigh.:

416 2254 586 2300 „miszsse
604 2251 652 2288 ad
675 2252 872 2300 oraculum,
905 2255 966 2303 qui
989 2267 1068 2291 con-

417 2309 608 2345 tumeliosis
643 2308 754 2345 verbis
786 2308 847 2345 cleo
881 2310 1069 2360 exprobra-

415 2365 531 2403 rent.“
587 2364 771 2402 Immerito
798 2366 835 2402 in
864 2366 920 2402 his
952 2367 1070 2403 verbis

416 2420 535 2458 haesit
563 2420 823 2458 Valckenarius
842 2449 853 2467 ,
893 2434 987 2471 quae
1020 2423 1070 2460 sic

419 2477 634 2525 refingenda
651 2491 734 2515 esse
755 2482 895 2515 censet:
915 2476 1073 2546 πέμψαι

417 2531 458 2579 ἐς
486 2548 528 2572 το
563 2529 762 2584 μαντηϊον
784 2535 834 2585 τῇ
862 2535 945 2588 θεῷ
972 2532 1072 2574 ὀνει-

418 2584 563 2643 δισασῃ
601 2586 883 2640 μεμφόμενον,
923 2592 984 2627 ubi
1026 2593 1074 2629 de

417 2644 587 2682 Latonae
616 2646 761 2683 oraculo
788 2647 824 2682 in
854 2647 943 2684 urbe
977 2649 1074 2686 Buto

1136 1973 1232 2021 lum,
1270 1975 1336 2011 sed
1365 1974 1434 2010 alia
1462 1986 1609 2024 quoque
1641 1973 1790 2011 aliorum

1137 2030 1288 2067 deorum
1314 2030 1379 2078 (ΙΙ,
1399 2032 1488 2079 83),
1507 2043 1660 2079 quorum
1680 2043 1790 2067 unum

1137 2088 1320 2136 quendam
1341 2116 1352 2133 ,
1410 2086 1613 2136 Apollinem
1651 2087 1789 2133 forsan,

1136 2143 1273 2192 intelli‹
1260 2156 1339 2181 ens
1372 2141 1507 2180 Noster
1538 2142 1693 2180 scribere
1722 2156 1790 2192 po-

1134 2200 1219 2235 tuit:
1254 2201 1309 2251 τῷ
1336 2201 1434 2236 θεῶ.
1494 2199 1614 2242 Quem
1630 2199 1790 2236 dativum

1137 2255 1167 2292 si
1198 2255 1246 2291 ad
1278 2241 1484 2305 ὀνείδισμα
1520 2256 1654 2292 referre
1688 2255 1790 2301 velis,

1136 2311 1235 2348 haud
1276 2312 1400 2348 obstat
1428 2312 1574 2361 lingme
1601 2324 1688 2348 usus
1723 2325 1790 2349 nec

1137 2367 1237 2405 verbi
1267 2363 1468 2414 ὀνειδίζειν
1504 2373 1682 2404 structura
1711 2381 1791 2405 cum

1138 2424 1286 2471 dativo,
1316 2429 1354 2460 ut
1376 2424 1402 2471 l,
1417 2427 1490 2465 90:
1521 2426 1575 2477 τῷ
1596 2426 1681 2475 θεῷ
1693 2420 1793 2463 ὄνει-

1140 2480 1258 2519 ὁίσαι.
1285 2501 1342 2508 --
1370 2481 1428 2517 Ad
1445 2486 1696 2529 argumentum
1716 2481 1793 2517 lau-

1140 2537 1229 2573 dant
1256 2536 1393 2573 Aeli-dn.
1425 2549 1497 2573 var.
1527 2537 1610 2573 hist.
1641 2537 1696 2583 ll,
1726 2537 1791 2578 41.

1198 2592 1240 2631 ἐκ
1265 2590 1307 2630 δὲ
1337 2594 1409 2631 τοῦ
1430 2591 1681 2643 χρηστηρίου]
1713 2594 1735 2630 i.
1760 2606 1790 2630 e.

1139 2653 1218 2698 post
1240 2648 1331 2686 illud
1344 2651 1446 2699 prius
1466 2649 1653 2686 oraculum.
1686 2650 1792 2687 Conf.

420 2701 571 2749 eogitari
615 2702 712 2750 vult,
745 2703 791 2740 de
820 2716 893 2751 quo
927 2702 978 2752 ΙΙ,
1009 2706 1091 2746 83(
1143 2705 1182 2752 1,
1214 2707 1279 2747 86.
1309 2706 1374 2747 50.
1432 2705 1504 2742 Pro
1537 2700 1793 2756 συνταχύνειν

423 2757 514 2797 152.
571 2756 706 2807 Neque
737 2771 823 2795 vero
855 2771 966 2797 unum
1002 2760 1077 2798 La-

421 2816 532 2850 tonae
565 2818 645 2850 erat
683 2815 720 2851 ἱι]
750 2814 921 2866 Aegypto
951 2829 1076 2854 oracu-

1143 2761 1287 2810 Steger.
1307 2762 1422 2812 praef.
1447 2762 1495 2798 ad
1513 2762 1653 2800 Herod.
1666 2775 1703 2812 p.
1723 2761 1793 2798 ΧΠ

1143 2817 1279 2855 mavult
1302 2821 1567 2869 συνταχυνεῖν.
