1909 3228
417 183 503 224 28⁰

812 174 1275 215 HERODOTI

420 289 499 333 τὸν
524 291 605 332 τοῦ
634 285 852 342 βουκόλου
880 285 1101 339 ἐπίκλησιν
1119 285 1265 328 παῖδα.
1298 282 1321 327 ὁ
1344 285 1389 327 δὲ
1409 281 1553 327 αὐτῶν
1583 279 1662 324 διέ-
1679 285 1695 318 1

419 369 516 420 ταξε
541 365 646 416 τούς
673 366 774 420 μὲν,
803 365 942 413 οἰκίας
971 362 1260 418 οἰκοδομέειν·

423 447 592 504 φόρους
622 442 756 486 εἶναι·

423 525 624 582 βασιλέος
653 519 784 564 εἶναι·

396 604 572 647 ὃέδίδου
601 600 753 656 γέρας·

809 596 867 650 ὠς
898 597 1061 656 ἑκάστῳ
1093 598 1221 654 ἔργον
1259 598 1558 654 προστάσσων.

1305 361 1407 413 τούς
1436 362 1502 414 δὲ,
1544 363 1673 413 δορυ-

799 441 879 485 τόν
909 441 954 484 δέ
987 457 1069 484 κου
1099 442 1196 483 τινα
1226 440 1392 492 αὐτῶν,
1439 438 1674 496 ὀφθαλμὸν

837 524 899 578 τῷ
932 519 977 563 δέ
1005 536 1115 571 τινι,
1147 521 1221 571 τὰς
1251 519 1448 575 ἀγγελίας
1478 517 1675 572 ἐσφέρειν

1616 592 1677 645 εἷς

424 681 476 736 δὴ
506 679 676 723 τούτων
704 681 794 722 τῶν
823 679 1011 721 παιδίων
1041 680 1314 734 συμπαίζων,
1345 678 1428 721 ἐών
1449 671 1706 730 Ἀρτεμβά-5

425 775 524 813 ρεος
552 763 670 809 παῖς,
702 757 861 813 ἀνδρὸς
890 759 1076 812 δοκίμου
1105 757 1151 800 ἐν
1180 756 1402 813 ΝΙήδοισι·
1436 754 1490 800 οὐ
1516 755 1597 810 γὰρ
1624 752 1677 808 δή

423 839 595 894 ἐποίησε
622 837 672 880 τὸ
700 837 969 892 προσταχθὲν
1000 837 1045 880 ἐκ
1073 840 1154 880 τοῦ
1183 836 1360 892 Κύρου·

396 916 506 961 4τόν
533 915 635 967 τούς
664 914 822 966 ἄλλους
849 917 1008 966 παῖδας
1044 918 1274 972 διαλαβεῖν.

371 1080 420 1117 de
450 1078 656 1116 idiotismm.
683 1090 769 1129 pag.
802 1077 885 1119 750
914 1090 1019 1126 seqq.

370 1135 525 1173 Weiske
549 1136 597 1172 de
625 1134 825 1185 pleonasm.
854 1147 939 1185 pag.
965 1137 1019 1175 98

372 1204 452 1240 seq.
481 1190 594 1228 Paulo
613 1197 699 1241 post
717 1190 922 1241 ἐπίκλησιν
946 1195 1020 1228 est:

373 1248 486 1285 istum
506 1247 646 1284 babulci
668 1261 819 1298 puerum
838 1247 1023 1283 secundum

374 1315 556 1352 cognomen
576 1317 676 1342 sumn
698 1317 727 1341 S.
743 1307 849 1354 prout
861 1306 1024 1340 nimirum

374 1360 503 1409 reliqui
532 1362 635 1409 pueri
673 1372 748 1397 eum
787 1362 1025 1409 cognomitnre

375 1415 540 1454 solebant.
572 1437 620 1443 —
655 1415 698 1452 In
720 1428 823 1465 seqq.
851 1429 928 1452 cum
951 1407 1051 1452 ule-⁹

375 1472 524 1510 lioribus
543 1471 643 1508 libris
662 1475 698 1509 et
720 1471 930 1508 Gaisfordio
961 1472 1026 1508 de-

378 1529 496 1566 dimus
519 1523 650 1566 αὕτῶν
672 1540 738 1578 pro
765 1527 862 1577 vulg.
896 1523 1026 1566 αὖτέ·-

380 1599 449 1624 ων.
477 1583 580 1621 Idem
597 1584 718 1620 statim
739 1584 897 1622 recurrit.

436 1639 565 1686 οἰκίας
621 1654 641 1677 ο
663 1638 826 1679 ι’κοδο
845 1639 900 1690 με’
919 1638 1024 1688 ειν]

379 1696 565 1734 Pausi-ium
593 1697 845 1733 emendantem
875 1696 1027 1734 οἰκονο-

380 1751 512 1804 μέειν,
563 1755 603 1788 ut
643 1751 886 1800 intellig-(mim
931 1752 1028 1800 regis

382 1804 602 1857 οἰκονόμοι,
644 1808 773 1857 quibus
801 1808 967 1844 universa
995 1811 1031 1844 et

381 1864 525 1902 aedium
548 1867 584 1901 et
607 1876 724 1900 rerum
754 1865 1031 1901 domesticarum

383 1920 489 1958 suerit
501 1932 584 1956 cura
595 1948 605 1966 ,
636 1919 727 1956 bene
746 1920 914 1957 refutavit
923 1919 1029 1957 Wes-

384 1976 555 2025 selingius
568 2004 578 2022 ,
602 1988 682 2012 cum
697 1975 756 2012 hic
772 1977 819 2014 dc
835 1988 1031 2026 puerorum

384 2033 464 2069 lusu
490 2032 538 2068 sit
564 2044 705 2079 sermo,
735 2033 790 2068 cui
819 2037 914 2069 certe
936 2032 1031 2083 opti7

386 2101 444 2126 me
467 2088 636 2126 convenit
656 2100 780 2135 casas,
810 2090 940 2135 aedes,
971 2101 1032 2126 ae-

386 2144 545 2182 dificare.
601 2143 644 2181 In
657 2145 892 2193 sequentibus
909 2146 1032 2182 itidem

388 2200 637 2238 Gaisfordium
654 2213 777 2237 sumus
797 2202 926 2249 secuti,
947 2201 1034 2238 scri-

387 2257 533 2294 bentes:
562 2253 650 2295 τὸν
679 2255 726 2295 δέ
749 2271 823 2295 κου
853 2254 941 2296 avc?
965 2251 1034 2295 αὕ-

389 2314 491 2361 τῶν,
521 2324 740 2362 quamquam
760 2313 856 2360 libri,
886 2327 958 2350 uuo
974 2325 1036 2351 ex-

389 2372 518 2420 cepto,
546 2370 667 2406 serunt
687 2371 752 2407 τῶ
763 2384 786 2407 ν
805 2368 846 2408 δέ
865 2385 949 2410 κου.
971 2369 1037 2406 At-

390 2437 463 2474 que
491 2425 564 2462 iam
587 2424 883 2474 Wyttenbachius
912 2427 949 2463 in
969 2425 1037 2462 Se-

390 2481 471 2518 lect.
508 2481 590 2518 hist.
626 2494 712 2531 pag.
743 2482 825 2523 351
864 2482 1040 2520 maluerat

393 2534 488 2587 τόν;
524 2538 587 2586 qui
611 2537 708 2575 idem
736 2539 846 2576 xelba
875 2537 928 2584 (ὅς
948 2531 1039 2576 ἑκά-

395 2603 471 2646 στῳ
487 2591 598 2644 ἑόγον
610 2589 868 2646 προστάσσων
879 2595 930 2631 sic
947 2592 1037 2631 verti

394 2648 511 2685 iubet:
556 2662 639 2699 opus
669 2652 856 2700 unicuique
883 2663 949 2701 pro
979 2661 1039 2686 suo

397 2706 469 2754 ipse
496 2705 627 2743 iudicio
665 2706 853 2755 mandans,
891 2721 920 2743 s.
956 2719 1040 2756 opus

399 2761 541 2809 cuique,
570 2765 611 2798 ut
633 2765 846 2811 conveniret,
874 2763 1042 2800 mandans

400 2815 468 2864 (ad
489 2815 629 2854 Platon.
659 2817 843 2857 Phaedon.
872 2833 909 2870 p.
930 2821 1044 2867 215)-

1402 836 1566 878 ἐκέλευε
1599 830 1680 876 αὕ-

1333 914 1605 970 πειθομένων
1635 911 1681 956 δὲ

1088 1078 1308 1128 Scripsimus
1323 1089 1469 1126 quoque
1481 1073 1662 1127 βασιλέος
1672 1087 1739 1126 pro

1090 1134 1301 1185 βασιλῆος,
1331 1138 1370 1169 ut
1401 1147 1531 1183 supra,
1570 1137 1607 1171 et
1639 1131 1737 1171 εἰσ-

1092 1189 1228 1241 φέρειν
1260 1203 1327 1240 pro
1351 1188 1507 1241 φέρειν,
1537 1190 1637 1239 quod
1661 1189 1740 1225 vul-

1091 1252 1196 1296 gatas
1218 1247 1396 1284 editiones
1426 1246 1510 1283 olim
1529 1245 1740 1295 occupabat.

1093 1304 1173 1341 vid.
1194 1303 1265 1350 lll,
1286 1306 1351 1344 77.
1371 1303 1424 1343 84
1438 1331 1449 1350 ,
1481 1303 1541 1339 ubi
1557 1303 1686 1340 eodem
1704 1302 1742 1337 in

1093 1362 1240 1408 negotio
1264 1354 1520 1410 ἐσαγγελεύς.
1578 1358 1666 1395 Fuit
1685 1358 1742 1395 hie

1092 1416 1284 1453 Medorum
1305 1428 1432 1463 regum
1450 1428 1548 1461 mOS,
1578 1419 1617 1451 ut
1634 1426 1742 1451 nemo

1094 1473 1143 1509 ad
1162 1473 1261 1522 ipsos
1279 1472 1488 1517 accederet,
1505 1471 1574 1506 nisi
1593 1483 1658 1520 per
1675 1470 1743 1507 mi-

1093 1529 1228 1565 nistros
1263 1529 1384 1575 regios
1414 1531 1522 1565 antea
1553 1527 1744 1573 indicatus,

1094 1584 1150 1621 cui
1188 1583 1258 1633 ipsi
1294 1584 1430 1620 aditum
1481 1588 1746 1620 concesserant.

1096 1642 1208 1683 (mod
1226 1639 1309 1676 dein
1332 1645 1369 1676 ut
1396 1644 1451 1676 tot
1471 1639 1561 1686 ali-1,
1593 1640 1640 1676 ad
1655 1639 1747 1676 Per-

1096 1707 1344 1789 sarum‘eges
1365 1697 1551 1733 nansiisse
1566 1696 1748 1733 neminem

1097 1756 1174 1789 iere
1207 1753 1311 1803 sugit.
1371 1752 1521 1789 Praeter
1565 1751 1749 1789 Brissoni-

1097 1821 1179 1852 um,
1211 1808 1309 1844 cuius
1330 1808 1474 1846 locum·
1466 1821 1538 1846 iam
1559 1821 1670 1858 supra
1699 1808 1748 1844 ad

1097 1864 1230 1911 1‚1OO
1251 1865 1748 1912 cltulmusCO11s.HCeren.

1098 1921 1134 1956 in
1164 1920 1275 1957 Idcen
1302 1920 1337 1968 l,
1367 1924 1388 1962 1
1431 1934 1518 1972 pass:
1540 1922 1633 1963 473
1688 1920 1750 1958 De

1099 1971 1329 2026 οφθαλιιοῖς
1363 1991 1391 2013 S.
1423 1978 1555 2026 oculas,
1595 1990 1750 2027 quorum

1099 2037 1175 2070 ciat
1207 2034 1255 2069 ·ι(1
1285 2046 1408 2082 regem
1451 2035 1614 2080 defene,
1645 2033 1752 2083 quid-

1099 2089 1187 2137 quid
1216 2090 1254 2126 in
1292 2094 1370 2126 toto
1417 2103 1531 2139 regno
1568 2094 1752 2137 ageretur,

1099 2145 1251 2195 plurima
1291 2145 1438 2194 collegit
1479 2145 1663 2182 Stanleius
1701 2145 1751 2182 ad

1100 2200 1265 2248 Aeschyl.
1289 2201 1389 2238 Pers.
1411 2203 1504 2242 973.
1562 2200 1750 2238 Internum-

1102 2259 1226 2294 tiorum
1246 2286 1257 2303 ⁷
1285 2258 1346 2305 qui
1373 2258 1513 2295 Graece
1535 2271 1679 2307 quoque
1695 2258 1752 2294 di-

1102 2318 1227 2350 cuntur
1256 2307 1537 2364 (ἔγγελιαφόροι
1565 2329 1593 2350 s,
1623 2314 1664 2353 οἱ
1682 2311 1753 2361 τοὶς

1103 2365 1284 2421 ἀγγελίας
1314 2369 1582 2419 εἰσφέροντες,
1621 2383 1753 2408 munus

1102 2425 1310 2474 intelligitur
1329 2439 1371 2463 ex‘
1392 2427 1505 2476 ipsius
1530 2427 1712 2464 Herodoti
1729 2426 1754 2464 l.

1105 2482 1128 2519 l.
1159 2483 1229 2519 Per
1246 2482 1313 2519 hos
1323 2483 1417 2520 enim
1429 2496 1606 2533 responsa
1618 2484 1756 2520 dabant

1105 2552 1211 2587 reges
1229 2539 1272 2574 iis
1286 2568 1296 2585 ‚
1325 2540 1386 2588 qui
1408 2541 1507 2589 ipsos
1520 2540 1669 2578 adibant
1691 2544 1754 2577 aut

1105 2596 1192 2644 quid
1215 2595 1259 2632 ab
1288 2595 1376 2645 ipsis
1401 2596 1585 2646 petebant.
1644 2596 1754 2633 Conf.

1105 2651 1330 2688 Brissonium
1359 2653 1405 2690 de
1426 2665 1502 2702 reg.
1523 2652 1624 2691 Pers.
1640 2653 1755 2704 princ.

1108 2708 1146 2754 l,
1168 2711 1250 2748 212
1269 2720 1345 2757 seq.

1164 2762 1315 2803 ἐκέλευε
1356 2787 1411 2793 ——
1452 2762 1754 2816 διαλαβεῖν]

1111 2819 1314 2871 διαλαβεῖν
1332 2822 1428 2872 (pro
1455 2820 1705 2873 διαλαβέειν)
1732 2832 1754 2858 e
