1877 3223
643 208 857 248 CLIO.
916 211 943 248 1.
1343 211 1424 254 165

171 328 291 375 χιστα
299 352 310 370 ,

369 317 592 374 μετέστησε
627 318 678 360 τοὶ
718 316 880 375 νόμιμα
917 317 1079 368 πάντα,
1130 317 1202 361 καὶ
1238 317 1477 374 ἐφύλαξεδό

143 401 308 441 7ταῦτα
336 396 393 453 μή
423 399 717 453 παραβαίνειν.
747 396 851 452 μετὰ
880 397 950 460 δὲζ
991 396 1041 440 τὰ
1081 397 1124 448 ἐς
1159 397 1350 453 πόλεμον
1379 398 1420 440 ἕ-

168 493 322 531 χοντα,
353 475 587 531 ἐνωμοτίας
615 477 688 520 καὶ
716 476 951 532 τριηκάδας
981 476 1052 520 καὶ
1072 478 1290 531 συσσίτια,
1310 475 1420 531 πρός

114 610 168 643 ier
186 610 296 655 atque
318 605 449 653 vulgo,
480 605 539 640 ubi
557 604 759 642 Eunomum

114 676 152 712 p·
142 666 254 699 itiem
269 660 576 698 st-111111111.Nec
590 661 707 697 minor
723 662 759 697 in

115 722 233 755 aetate
260 716 419 767 Lycurgi
449 716 658 753 definienda
685 718 760 753 dis-

115 787 264 820 sensus,
331 786 439 821 quem
496 771 758 810 Eratosthenes

115 834 256 866 centum
276 832 357 865 octo
385 840 499 864 annos
521 832 604 866 ante
632 828 759 877 Olym-

112 885 254 935 piadem
281 885 432 934 primam
463 889 657 934 posuerat,
686 898 760 922 non

111 953 260 990 prorsus
286 941 493 988 refragante
522 939 760 990 Apollodoro.

113 996 181 1034 Cr.
209 995 302 1033 hanc
332 997 370 1032 iu
399 1009 474 1032 rem
502 995 626 1033 laudat
647 997 690 1034 C.
712 998 760 1034 O.

109 1052 249 1089 Miiller.
282 1051 400 1089 Dorer
426 1052 443 1088 I
474 1065 510 1102 p.
544 1054 625 1094 132
655 1066 758 1102 seqq.

113 1112 190 1150 137
210 1121 312 1157 seqq

166 1162 370 1215 μετέστησε
399 1162 446 1204 w*
472 1160 644 1215 νὸιιιιια]
674 1164 759 1201 Duo

110 1220 189 1258 libri
204 1235 226 1258 ν
241 1217 260 1258 ό
273 1236 299 1270 ιι
312 1236 370 1268 ια,
391 1223 488 1271 quod
509 1222 593 1257 siin
612 1216 759 1270 νόμαια

109 1255 324 1322 mutaretur
348 1278 445 1313 haud
463 1277 628 1325 displicet
650 1277 697 1314 w
700 1290 757 1313 es-

110 1332 273 1379 selingio.
331 1332 388 1369 Ad
419 1336 668 1380 arg-inuentum
701 1334 756 1368 fa-

109 1389 155 1425 cit
186 1387 353 1436 Dionysii
379 1390 535 1424 narratio
573 1387 750 1436 (Antiqq.

107 1445 249 1482 Boium.
266 1444 319 1491 Π,
338 1444 424 1492 49),
454 1457 516 1481 eos
536 1445 751 1492 Spartanos,

109 1502 168 1550 qui
185 1501 290 1536 nimis
315 1501 421 1536 duras
442 1504 478 1537 et
506 1513 650 1537 severus
676 1499 752 1547 Ly-

108 1557 207 1604 curgi
226 1556 327 1604 leges
346 1558 440 1594 ferre
451 1569 524 1592 uou
535 1557 752 1606 potuissent,

108 1614 145 1649 in
169 1613 307 1650 ltaliam
334 1614 381 1649 ad
422 1613 579 1649 Sabinos
607 1612 752 1648 commi-

109 1681 255 1717 grasse,
292 1670 388 1706 unde
408 1669 456 1706 ad
483 1669 669 1705 Romanos
699 1669 754 1703 iu-

110 1725 235 1761 stituta
257 1726 436 1773 quaedam
460 1724 642 1763 Laconica
671 1737 755 1774 per-

110 1781 281 1818 venerint.
340 1781 460 1824 Quam
500 1781 538 1817 in
570 1794 645 1817 rem
688 1780 753 1817 Cr.

112 1837 264 1874 conferri
285 1837 383 1873 iubet
400 1836 563 1873 Ciceron.
590 1838 637 1872 de
655 1836 753 1883 legg.

111 1892 184 1939 HI,
205 1895 231 1933 7
255 1891 293 1943 ᾖ
314 1895 364 1932 16
394 1892 480 1940 ibiq.
498 1896 587 1928 nott.
610 1896 646 1929 et
666 1892 755 1928 Hei-

112 1962 208 1986 necc.
220 1950 407 1997 S>ntagm.
417 1947 565 1996 Antiqq.
576 1948 754 1984 Romaim.

113 2018 197 2056 pag.
219 2004 245 2045 4
265 2018 341 2053 seq.
364 2005 421 2041 ed.
444 2003 627 2040 Haubold

169 2060 383 2111 ενωμοτίας
429 2058 496 2098 καὶ
544 2055 758 2109 τριηκαδας

112 2115 180 2156 καὶ
225 2116 425 2162 συσσίτια]
488 2115 654 2153 Proxime
690 2115 758 2151 huc

114 2176 254 2223 spectat
269 2172 442 2221 Polyaeni
471 2171 571 2208 locus
594 2172 630 2207 iu
657 2172 759 2207 Stra-

115 2234 213 2277 tegg.
234 2229 286 2277 ΙΙ,
302 2231 341 2276 3,
359 2230 421 2268 11.
452 2223 760 2277 Λακεδαιμόνιοι

118 2284 188 2335 μὲν
207 2282 256 2335 δή
290 2281 387 2323 κατα
410 2280 549 2334 λόχους
580 2283 647 2322 καὶ
674 2283 758 2334 μοί-

119 2356 209 2392 ρας,
238 2340 521 2392 ἐνωμοτίας
550 2338 634 2379 καὶ
654 2350 757 2378 συσ-

121 2409 143 2436 σ
156 2397 198 2435 ίτ
213 2411 226 2436 ι
237 2411 260 2436 α
297 2393 665 2449 στρατοπεδεύοντες
679 2425 690 2443 ,
724 2394 756 2434 ἔ-

123 2455 254 2501 μαθον
279 2468 316 2491 κ.
343 2467 375 2491 τ.
397 2456 433 2491 λ.
488 2452 546 2490 De
570 2453 759 2490 Enomotc'a

124 2508 219 2544 varia
234 2510 423 2545 traduntur
440 2522 462 2545 a
479 2510 671 2546 veteribus.
693 2508 728 2545 Τ
731 2509 758 2545 i-

125 2576 246 2600 maeus
257 2592 269 2610 ‚
286 2577 308 2601 a
325 2565 353 2602 C
362 2577 389 2602 r.
408 2565 591 2612 laudatus,
606 2565 643 2601 in
651 2564 761 2602 Lexi-

124 2633 165 2656 co
182 2619 324 2656 Platon.
340 2634 379 2670 p.
401 2623 478 2661 106
496 2616 624 2672 τάγμα
643 2617 760 2667 πεζόν

124 2676 211 2712 dicit
230 2688 432 2724 nomenque
460 2677 557 2714 ducit
585 2672 662 2715 ἆπό
690 2679 760 2716 τοῦ

126 2728 298 2782 ὀμνύναι
329 2727 472 2778 αὐτοὺς
517 2729 571 2783 μή
609 2731 761 2781 λείψειν

125 2786 198 2838 τήν
219 2785 330 2835 τάξιν
343 2819 353 2836 ,
378 2791 439 2827 ubi
459 2791 551 2826 conf.
570 2790 760 2827 Ruhnken.

125 2845 234 2896 Apud
255 2846 415 2895 Hesych.
452 2857 483 2882 s,
513 2859 546 2883 v.
572 2846 764 2898 explicatur

828 601 936 652 τάξις
965 620 1021 650 τις
1051 601 1117 643 δια
1136 605 1316 657 σφαγίων
1332 600 1475 655 ἐνώμο-

828 676 914 709 τος;
964 674 1119 710 quocum
1164 663 1259 699 conf,
1307 661 1476 699 zonarae

827 717 948 755 Lexic.
972 732 1056 767 pag.
1079 721 1170 759 720.
1191 721 1284 759 722.
1330 717 1476 766 Thucy-

828 774 950 810 didem
963 774 1007 820 V,
1023 776 1074 814 68
1098 775 1127 809 si
1147 775 1294 821 audies,
1327 786 1474 811 enomo-

827 831 899 867 tiae
916 836 1072 879 quatuor
1084 831 1131 866 ad
1140 833 1379 880 pentecostyn
1390 842 1473 879 per-

826 886 1010 932 tinebant,
1060 898 1153 934 quae
1182 886 1263 935 ipsa
1296 886 1474 935 quinqua-

829 943 930 990 ginta
962 946 1038 978 erat
1066 941 1271 988 hominum,
1309 945 1346 978 et
1379 953 1473 990 quae

830 1002 957 1046 quater
980 1002 1083 1034 aucta
1102 997 1312 1034 conficiebat
1332 997 1472 1034 lochum

830 1055 904 1090 sive
931 1055 1165 1090 ducentorum
1200 1053 1383 1090 hominum
1411 1066 1472 1089 co-

828 1110 978 1146 hortem.
1063 1109 1145 1146 Alia
1191 1109 1395 1159 Xenophon
1424 1110 1472 1146 de

826 1165 883 1203 Re
903 1179 939 1215 p.
963 1165 1180 1202 Lacedaem.
1201 1165 1254 1202 XI
1274 1163 1311 1215 ἓ.
1335 1165 1380 1211 43
1409 1165 1472 1214 qui

826 1234 963 1258 morum
985 1222 1189 1258 constitisse
1215 1222 1300 1257 dicit
1318 1226 1470 1269 quatuor

824 1277 960 1323 lochis,
1009 1282 1090 1314 octo
1124 1277 1404 1326 pentecostybus
1434 1281 1470 1314 et

824 1334 980 1370 sedecim
1008 1334 1220 1378 enomotiis3
1249 1334 1346 1369 unde
1381 1345 1469 1369 eno-

822 1390 968 1426 motiam
989 1389 1104 1436 ipsam
1118 1388 1378 1436 quinquaginta
1402 1388 1468 1424 ho-

821 1445 954 1481 minum
975 1444 1087 1480 fuisse
1107 1443 1276 1480 credibile
1295 1447 1368 1490 est,
1388 1456 1468 1479 cum

819 1513 921 1538 mora
940 1501 1226 1547 octingentorum
1244 1499 1468 1536 esset.‘C11m

820 1570 904 1594 vero
930 1569 1052 1593 morae
1069 1569 1239 1592 numerus
1255 1554 1352 1591 haud
1376 1556 1466 1590 satis

820 1614 889 1650 sibi
911 1625 1055 1662 semper
1067 1612 1270 1649 constitisse
1288 1611 1465 1658 videatur,

821 1683 886 1706 nec
900 1668 1103 1705 euomotiae
1114 1681 1284 1705 numerus
1293 1671 1388 1704 certo
1402 1667 1465 1704 de-

821 1726 914 1762 finiri
937 1725 1080 1774 poterit.
1120 1724 1217 1761 Nam
1240 1723 1465 1773 Xenophon·

821 1783 867 1819 tis
888 1785 1025 1828 aetate,
1064 1781 1125 1817 ubi
1153 1781 1329 1817 sexcentis
1349 1780 1464 1815 homi-

822 1837 926 1873 nibus
937 1837 1124 1873 constabat
1133 1849 1244 1882 mora,
1260 1840 1313 1872 ter
1325 1835 1464 1871 duode-

823 1894 891 1929 cim
919 1893 993 1928 sire
1016 1892 1162 1940 triginta
1192 1904 1255 1927 sex
1280 1891 1463 1927 hominum

822 1949 935 1985 fuisse
965 1948 1180 1984 enomotiam
1210 1946 1306 1982 idem
1340 1947 1463 1983 Xeno-

823 2004 922 2054 phon
956 2004 1059 2040 testis
1083 2007 1139 2039 est
1163 2002 1302 2039 Hellen.
1330 2001 1392 2048 Vl,
1422 2001 1460 2047 4,

827 2063 881 2101 12
906 2058 982 2095 coll.
1001 2059 1062 2104 lv,
1087 2059 1131 2106 5,
1166 2061 1227 2098 11.
1251 2060 1313 2098 12.
1371 2058 1463 2094 Utut

826 2120 893 2162 est,
912 2115 981 2151 hoc
997 2119 1129 2152 certum
1147 2114 1297 2161 videtur,
1315 2127 1462 2151 enomo-

824 2173 910 2208 tiam
920 2172 1068 2220 primam
1085 2183 1235 2219 eamque
1245 2169 1462 2220 simplicissi-

825 2240 920 2265 mam
948 2227 1116 2265 Laconici
1148 2226 1318 2263 exercitus
1354 2230 1462 2274 atque

824 2284 911 2322 aciei
926 2285 1036 2322 fuisse
1054 2283 1263 2320 dixisionem
1279 2282 1460 2319 ordinem-

825 2354 905 2389 que.
964 2340 1074 2376 Plura
1106 2338 1295 2376 Miillerus:
1343 2338 1462 2376 Dorer

824 2397 859 2434 ll
883 2410 968 2448 pag.
992 2395 1072 2436 234
1091 2408 1193 2444 seqq.

885 2452 1081 2490 Triacudae
1109 2452 1232 2501 quales
1247 2451 1389 2498 fuerint,
1406 2450 1462 2487 vix

826 2514 923 2547 certo
965 2508 1106 2546 dixeris.
1172 2506 1252 2546 Nec
1282 2507 1463 2558 proficitur

826 2567 1021 2615 quidquam
1040 2565 1103 2611 iis,
1133 2576 1226 2612 quae
1250 2564 1348 2614 apud
1369 2564 1463 2600 Gre-

825 2636 903 2671 gor.
922 2622 1006 2659 Cor.
1029 2621 1075 2657 de
1093 2620 1230 2658 dialect.
1246 2619 1323 2657 Ion.
1347 2618 1383 2670 ἓ
1409 2620 1463 2659 93

826 2691 910 2729 pag.
934 2678 1016 2719 502
1039 2677 1179 2713 Schaef.
1194 2677 1372 2726 leguntur.
1401 2676 1464 2711 Vi-

827 2735 957 2772 dentur
983 2733 1063 2770 illae
1084 2733 1303 2782 pertinuisse
1332 2732 1379 2768 ad
1401 2732 1464 2767 tri-

828 2793 929 2840 ginta
969 2790 1231 2840 Spartanorum
1269 2789 1356 2825 obas
1390 2788 1465 2825 sive

827 2847 1025 2898 phratrias,
1061 2845 1162 2897 ipsas
1188 2846 1306 2884 denuo
1333 2843 1464 2882 divisas
