1877 3223
623 208 925 249 CL10.1.
996 227 1000 228 ⁷

1317 215 1400 256 129

150 321 210 376 τῷ
235 319 486 380 βουλομένῳ
523 319 688 364 αὐτέων
717 321 920 376 γενέσθαι
943 319 1139 377 Δελφόν’
1165 321 1209 372 ἐς
1229 320 1306 365 τὸν
1329 321 1398 368 ἀεὶ

29 405 93 452 55
147 398 318 455 χρόνον.
348 399 668 457 Δωρησάμενος
695 400 741 443 δὲ
782 399 887 451 τούς
916 399 1118 455 Δελφοὺς
1145 397 1170 443 ὁ
1193 403 1395 456 Κροῖσος,

144 478 492 534 ἐχρηστηριάζετο
523 479 571 523 τὸ
596 481 754 534 τρίτον.
781 480 871 523 ἐπεί
908 495 953 522 τε
988 479 1071 535 γὰρ
1109 479 1161 536 δή
1187 480 1397 538 παρέλαβε

143 561 223 601 τοῦ
252 561 465 614 μαυτηῖου
494 558 729 616 ἄληθηΐην,
761 557 1012 616 ἐνεφορέετο
1044 557 1193 603 αὐτοῦ.
1224 560 1396 618 ἐπειρώ-

88 727 234 763 quoque
281 715 377 752 idem
424 711 624 750 exercuisse
670 714 738 759 ius,

87 770 157 806 alia
182 771 349 807 evincunt
375 768 601 813 testimonia3
641 770 741 818 quod

86 826 269 874 quomodo
285 838 406 863 secum
424 824 602 861 conciliari
622 826 741 874 possit

86 883 124 918 in
152 885 253 918 tanta
282 882 386 919 huius
426 881 477 918 rei
520 881 738 919 obscuritate

83 939 142 974 vix
176 937 369 987 quisquam
406 937 546 974 dixerit.
628 937 738 974 Plura

85 994 357 1031 Saint-Croix:
381 994 458 1031 Des
479 993 624 1030 anciens
645 1007 736 1042 gou-

83 1063 239 1088 vernem.
270 1051 456 1088 fe'deratifs
482 1063 518 1098 p.
540 1052 632 1090 277.
654 1052 735 1091 278

84 1111 121 1143 et
142 1107 177 1143 T
182 1107 365 1143 ittmann.:
406 1098 509 1143 I'Jber
531 1107 603 1142 den
626 1106 735 1143 Bund

83 1163 149 1199 der
165 1162 414 1211 Amphictyon.
444 1174 529 1211 pag.
555 1164 633 1202 179
654 1175 731 1212 seq.

138 1219 310 1267 Sequitur
336 1214 508 1264 α’τέλεια,
539 1231 632 1266 quae
654 1231 733 1255 cum

81 1274 325 1327 προμαντείςι
352 1275 539 1311 coniuncta
558 1275 735 1323 reperitur

80 1330 152 1376 III,
174 1333 228 1370 67
247 1334 373 1367 etcum
386 1329 575 1382 προεδρίᾳ
589 1330 730 1375 ΙΧ,72.

79 1385 161 1422 Alia
186 1386 349 1436 exempla
376 1400 419 1424 ex
439 1386 730 1435 inscriptionibus

78 1441 303 1492 protulerunt
331 1442 535 1479 Gronovius
564 1446 600 1479 et
619 1441 668 1478 W
671 1455 730 1479 es-

77 1498 260 1547 selingius.
331 1498 390 1536 De
418 1497 638 1535 immunitate
665 1511 728 1535 eo-

78 1567 175 1601 nun,
205 1554 268 1603 qui
285 1568 365 1592 cum
381 1553 563 1605 peregrini
576 1553 727 1604 Delphis

78 1610 345 1657 consedissent,
401 1611 534 1648 tributo
586 1609 728 1648 liberati

76 1671 183 1712 sunt,
215 1667 342 1704 dicitur
363 1661 513 1705 οἷτὲλεια
533 1667 630 1717 apud
650 1666 726 1704 De-

77 1722 256 1759 mosthen.
278 1723 380 1759 Orat.
403 1725 543 1760 advers
565 1722 727 1772 Leptin,

78 1778 140 1814 ubi
157 1777 220 1814 Cr.
242 1779 413 1815 amandat
429 1780 475 1815 ad
495 1777 728 1816 Fr.A.W01-

77 1834 116 1871 fii
144 1833 316 1882 Prolegg.
342 1847 428 1884 pag.
459 1833 594 1871 LXXI.
650 1835 728 1871 Sed

77 1891 127 1926 ad
145 1895 308 1926 nostrum
326 1889 443 1927 locum
462 1891 578 1938 magis
608 1891 728 1927 facere

76 1947 265 1993 sidentur,
283 1958 374 1995 quae
392 1946 524 1982 Strabo
536 1945 589 1981 IX
599 1959 635 1994 p.
646 1945 728 1985 418

76 2015 106 2039 s.
127 2015 163 2052 p.
187 2002 290 2049 641,
314 2001 347 2038 A
379 2001 518 2039 retulit:
549 2004 730 2049 quotquot

74 2058 260 2109 peregrini
293 2057 509 2107 Delphicum
545 2057 726 2093 oraculum

75 2112 325 2159 consulerent,
359 2127 421 2151 eos
438 2113 590 2160 vectigal
609 2113 726 2160 quod-

75 2170 183 2215 dam,
214 2169 260 2206 ab
286 2168 610 2219 Amphictyonibus
638 2181 725 2204 con-

75 2226 258 2273 stitutum,
288 2225 467 2262 Crissaeis
490 2228 527 2262 et
553 2223 725 2274 Amphis-

8 2285 9 2289 *
77 2282 172 2318 saelS
190 2281 353 2331 pendere
379 2286 522 2318 COHCtOS
541 2281 664 2317 fuisse.
689 2278 722 2316 A

76 2350 148 2386 quo
187 2337 354 2385 vectigali
385 2336 514 2385 Lydos
561 2339 722 2373 exemtos

76 2394 188 2431 fuisse
206 2406 381 2443 perquam
409 2394 450 2429 fit
466 2392 666 2443 probabile.

130 2450 322 2500 προεδρία
349 2449 407 2486 hic
433 2449 643 2497 intelligitur
668 2447 723 2483 ins

76 2504 114 2541 in
143 2505 361 2542 solemnibus
386 2505 501 2551 ludis,
532 2505 569 2541 in
587 2503 724 2554 Apolli-

75 2561 133 2596 1.is
166 2560 340 2597 honorem
374 2561 569 2607 institutis,
607 2560 724 2610 primo

76 2616 204 2653 ordine
238 2617 389 2653 sedendi
417 2617 573 2665 indeque
616 2615 722 2652 ludos

76 2672 277 2721 spectandi.
338 2672 448 2715 Quod
470 2685 586 2720 genus
606 2671 723 2707 hono-

76 2728 126 2763 ris
146 2727 229 2763 alibi
248 2739 394 2776 quoque
420 2728 590 2777 frequens
618 2740 723 2776 repe-

74 2783 172 2819 ritur.
228 2781 283 2819 Ac
297 2787 486 2833 praeterea
512 2783 626 2831 Lydis
655 2783 723 2820 hoe

76 2838 275 2875 tribuerunt
299 2838 456 2889 Delphi,
486 2843 547 2887 ut,
573 2839 720 2890 quicun-

132 2893 336 2934 Hmzonor.
369 2894 396 2933 Ι.

807 726 878 761 que
909 711 1037 759 vellet,
1096 713 1132 749 in
1165 726 1273 751 omne
1311 711 1453 765 tempus

806 768 1032 818 Delphorum
1049 782 1141 805 unus
1162 770 1282 817 fieret,
1312 771 1335 808 i.
1358 785 1388 809 e.
1415 772 1452 808 in

806 827 931 862 urbem
956 826 1194 874 reciperetur,
1224 839 1333 875 agros
1364 841 1453 877 pos-

805 882 926 919 sidere
944 886 1091 932 posset,
1123 882 1192 918 alia
1218 884 1294 919 iura
1313 884 1453 933 accipe-

805 942 878 984 ret,
910 941 1059 986 excepto
1084 942 1204 975 tamen
1223 939 1352 987 opinor
1370 940 1453 988 ipso

803 994 956 1030 civitatis
987 994 1087 1044 (τῆς
1107 996 1331 1043 πολιτείας)
1362 996 1450 1032 iure.

803 1049 942 1086 Similia
969 1051 1149 1098 quaedam
1168 1051 1203 1086 in
1229 1051 1449 1088 Graecarum

802 1106 982 1142 civitatum
1010 1107 1216 1143 foederibus
1246 1106 1450 1145 Larcherus

801 1161 925 1199 laudat
956 1175 999 1198 ex
1027 1162 1262 1212 Xenophont.
1302 1163 1448 1201 Hellen.

800 1217 840 1265 I,
860 1222 907 1265 2,
925 1221 952 1258 7
974 1222 1010 1255 et
1027 1217 1263 1256 Demosthen.
1286 1232 1353 1269 pro
1374 1221 1449 1256 Co-

801 1287 878 1310 ron.
909 1287 945 1324 p.
972 1276 1076 1320 487,
1114 1274 1158 1311 E.
1219 1275 1281 1312 Cr.
1314 1276 1361 1312 de
1392 1276 1449 1312 his

798 1329 994 1378 privilegiis
1013 1331 1153 1366 consuli
1174 1331 1249 1367 vult
1266 1331 1346 1367 Van
1366 1331 1449 1368 Dal.

797 1385 834 1421 in
855 1385 1050 1422 Dissertat.
1070 1385 1221 1436 Antiqq.
1244 1386 1294 1424 VI
1310 1400 1348 1437 p.
1367 1386 1451 1429 442

1012 1524 1044 1563 C
1056 1537 1123 1577 ap.
1153 1524 1232 1563 LV.

852 1606 1081 1661 ἐνεφορέετο
1103 1605 1251 1656 αὐτοῦ]
1281 1610 1304 1646 i.
1325 1622 1356 1647 e.
1380 1612 1447 1647 im-

789 1664 911 1715 plebat
946 1679 981 1702 se
1002 1680 1039 1703 eo
1067 1666 1251 1714 (oraculo)
1282 1680 1312 1702 s.
1333 1666 1448 1715 largi-

795 1725 847 1757 ter
865 1724 903 1759 in
919 1735 955 1758 eo
973 1723 1177 1759 consulendo
1197 1723 1265 1759 sibi
1284 1722 1443 1760 indulsit.

795 1778 958 1816 Similem
977 1778 1095 1815 locum
1123 1792 1143 1816 e
1170 1779 1351 1815 Plutarch.
1380 1780 1444 1815 Ci-

795 1847 866 1870 cer.
906 1847 984 1883 cap.
1017 1838 1067 1875 19
1106 1833 1179 1881 (al.
1213 1836 1299 1882 20)
1337 1835 1445 1871 affert

795 1889 996 1938 Schweigh.
1038 1890 1075 1926 in
1102 1889 1224 1927 Lexic.
1262 1890 1441 1926 Herodot.

796 1957 826 1980 s.
847 1957 879 1981 v.
913 1945 989 1982 Sed
1008 1945 1113 1993 plura
1131 1946 1178 1981 de
1201 1945 1302 1982 verbi
1322 1946 1442 1980 notio-

797 2012 865 2046 ne,
907 2004 983 2035 tum
1020 2001 1169 2050 proprisi
1198 2000 1244 2037 de
1273 2000 1339 2047 iis,
1381 2002 1443 2049 qui

794 2056 874 2092 cibo
895 2059 957 2092 aut
983 2060 1074 2104 potu
1098 2056 1236 2092 avidius
1263 2056 1442 2103 fruuntur,

793 2115 870 2148 tum
911 2111 1086 2148 translata
1124 2112 1170 2148 de
1203 2112 1267 2158 iis,
1305 2113 1365 2161 qui
1403 2113 1440 2149 in

792 2167 870 2204 aliis
903 2180 1047 2216 quoque
1079 2168 1186 2205 rebus
1216 2181 1295 2205 cum
1334 2168 1440 2204 simili

791 2223 963 2260 aviditate
993 2227 1127 2272 agunt,
1166 2224 1230 2261 ubi
1259 2225 1438 2260 secundus

792 2292 895 2316 casus
943 2279 1157 2330 adponitur,
1241 2280 1438 2330 disputavit

790 2335 956 2385 Lennep.
1008 2336 1056 2372 ad
1099 2335 1279 2372 Phalarid.
1315 2335 1435 2385 Epist.

789 2405 825 2442 p.
847 2393 911 2432 26.
970 2391 1043 2428 Ubi
1074 2392 1231 2429 datiuun
1253 2392 1434 2437 adsciscit,

789 2447 996 2497 implicandi
1048 2448 1196 2485 notione
1252 2448 1437 2492 redditum

789 2504 862 2540 vid.
871 2503 1032 2540 Lobeck.
1045 2504 1092 2540 ad
1101 2503 1289 2552 Phrynich.
1300 2505 1436 2552 p.587.

792 2580 847 2587 —-
863 2559 905 2595 In
924 2560 1163 2596 antecedentt.
1191 2559 1288 2596 haud
1304 2559 1438 2595 mutavi

791 2610 1020 2665 ἆληθηΐην,
1050 2616 1212 2664 quamvis
1237 2615 1318 2652 libri
1342 2627 1436 2651 non-

790 2671 876 2708 nulli
891 2668 1098 2721 οΞληθείην.
1149 2670 1328 2708 Articulus
1347 2667 1392 2722 τή
1400 2685 1435 2719 ν,

790 2741 897 2776 quem
928 2728 1109 2765 adiecerat
1137 2727 1374 2774 Schaeferus,
1412 2739 1435 2763 a

790 2783 888 2820 libris
909 2784 1053 2832 quidem
1070 2784 1197 2831 abest,
1212 2784 1280 2820 sed
1300 2794 1435 2834 oppor-

788 2844 872 2878 tune
883 2840 968 2878 addi
978 2853 1089 2891 posse
1104 2840 1244 2877 videtur
1252 2838 1436 2888 Schweig-

1451 401 1557 437 Pythia
1583 403 1652 437 quid
1681 412 1726 432 re-

1451 437 1604 470 sponderit
1615 438 1726 464 Croeso

1453 470 1574 497 tertium
1623 479 1727 498 consu-

1455 502 1526 529 lenti
1555 504 1591 530 de.
1609 503 1728 539 imperii

1454 536 1501 563 eui
1519 536 1724 567 diuturnitate.
