1909 3228
573 164 999 205 EUTERPE.
1051 165 1096 203 11.

1370 165 1455 205 799

165 278 342 333 2πολλῷ
377 291 422 318 τε
458 274 664 319 κάλλιστα
705 275 779 319 καὶ
816 278 964 331 πολλῷ
1008 273 1194 330 μέγιστα.
1253 272 1336 328 ἔχει
1376 273 1454 329 μὲν

191 354 275 410 γὰρ
306 355 380 398 καὶ
409 354 462 398 τὰ
492 355 634 398 πάντα
661 353 912 409 προπύλαια
942 352 1109 404 τύπους
1147 369 1192 396 τε
1220 352 1452 408 ἐγγεγλυμ-

192 434 374 488 μένους,
428 435 501 477 καὶ
542 434 677 488 ἄλλην
714 433 820 485 ὅφιν
864 432 1225 489 οἰκοδομημάτων
1264 433 1451 488 μυρίην·

162 513 338 556 3ἐκεῖνα
369 514 436 564 δὲ,
468 514 540 556 καὶ
569 516 723 570 μακρῷ
751 512 948 567 μάλιστα.

1014 511 1109 555 Ἐπὶ
1134 510 1296 555 τούτου
1325 513 1452 567 βασι-

189 592 416 643 λεύοντος,
449 593 619 648 ἔλεγον,
652 590 820 647 ἀμιξίης
851 591 1005 646 ἐούσης
1026 595 1187 646 πολλῆς
1207 588 1450 647 χρημάτων,
1462 596 1507 630 95

187 673 391 727 γενέσθαι
420 671 558 726 νόμον
579 672 875 725 Αἰγυπτίοισι,
908 669 1227 714 ἀποδεικνύντα
1246 670 1452 725 ἐνέχυρον

185 755 265 795 τοῦ
293 751 455 805 πατρὸς
484 750 562 792 τὸν
590 749 741 800 νέκυν,
791 749 903 793 οὕτω
941 749 1181 806 λαμβάνειν
1213 748 1262 793 τὸ
1304 750 1448 805 χρέος·

186 833 485 885 προστεθῆναι
515 829 560 871 δὲ
600 827 660 871 ἔτι
689 827 830 888 τούτῳ
861 833 921 886 τῷ
951 828 1072 884 νόμῳ
1102 828 1250 881 τόνδε,
1281 829 1358 871 τόν
1383 831 1449 872 δι-

186 907 320 952 δόντα
354 908 402 951 τό
441 909 568 964 χρέος
597 909 671 951 καὶ
702 907 872 964 ἁπάσης
902 908 1098 964 κρατέειν
1128 912 1202 964 τῆς
1231 911 1312 951 τοῦ
1341 911 1449 964 λαμ-

155 986 402 1043 4βοὲνοντος
437 987 595 1044 θήκης·
643 991 704 1046 τῷ
735 988 781 1032 δὲ
819 987 1073 1032 ὑποτιθέντι
1110 991 1242 1031 τοῦτο
1273 988 1320 1031 τὸ
1351 987 1475 1030 {vs—1

184 1083 343 1123 χυρον,
391 1066 518 1122 τήνδε
549 1068 715 1110 ἐπεῖναι
746 1069 918 1124 ζημίην,
961 1068 1019 1124 μή
1051 1067 1305 1124 βουλομένῳ
1337 1066 1448 1110 ἀπο-

183 1148 341 1190 δοῦναι
381 1146 429 1189 τό
467 1147 610 1202 χρέος,
660 1146 767 1204 μηδὲ
803 1145 922 1204 αὐτῷ
962 1147 1110 1204 ἐκείνῳ
1149 1145 1449 1203 τελευτήσαντι

182 1349 336 1400 τύπους
364 1368 404 1393 τε
447 1350 781 1404 ἐγγεγλυμμένους

125 1433 180 1439 ...-
199 1409 359 1460 μυρίην]
394 1411 414 1446 i.
439 1422 469 1445 e.
491 1410 615 1446 habent
632 1412 779 1460 figuras

122 1467 316 1516 insculptas
331 1467 509 1514 aliamque
524 1468 700 1516 {usitatam
721 1480 780 1503 ae-

122 1524 319 1573 dificiorum
363 1524 583 1559 varietatem.
672 1524 778 1567 Quae

124 1580 253 1617 Gallus
285 1580 484 1629 interpreS‚
515 1579 646 1627 Miot.‚
683 1580 778 1617 hunc

122 1638 160 1673 in
182 1637 331 1673 modum
362 1635 541 1673 reddidit:
585 1641 701 1682 „tous
722 1657 778 1664 —-

125 1698 209 1730 sont
240 1693 346 1729 orne's
377 1693 423 1729 de
450 1693 584 1739 figures
625 1694 777 1741 gravees

123 1754 159 1788 et
180 1750 395 1799 presentent
416 1761 484 1784 aux
505 1761 597 1795 yeux
619 1762 689 1785 une
714 1761 776 1785 va-

122 1807 210 1842 rie'te
242 1805 364 1841 infinie
396 1805 486 1841 dans
516 1804 591 1841 leur
612 1811 776 1841 constru-

122 1863 324 1899 ction.“-—
337 1859 668 1912 ἐγγεγλυμμένους
689 1862 775 1898 dedi

122 1932 201 1956 cum
227 1923 379 1954 recentt.
411 1929 478 1967 pro
516 1917 612 1966 vulg.
647 1912 691 1955 εὖ
716 1931 775 1968 γε-

119 1973 379 2026 γλυμμένους.
439 1973 578 2010 Confer
602 1974 654 2020 ΙΙ,
686 1974 775 2015 124.

177 2083 336 2137 εἷμιξίης
358 2081 502 2135 ἐούσης
519 2087 669 2135 πολλῆς
686 2101 775 2136 χρη-

121 2139 273 2195 μάτων]
298 2143 318 2179 i.
343 2156 373 2180 e.
395 2155 470 2179 cum
489 2155 619 2190 magna
638 2145 776 2179 incom-

119 2202 257 2237 mercz'z's
274 2203 359 2236 esset
386 2201 614 2248 pecuniarum
641 2201 773 2248 iuopia.

119 2257 244 2294 Verba
274 2269 368 2305 quae
406 2260 624 2305 sequuntur:
668 2252 773 2294 α’ττο-

121 2308 331 2351 δεικνύντα
372 2311 558 2362 ἐνέχυρον
588 2313 661 2350 τοῦ
700 2327 772 2350 πα-

118 2367 210 2419 τρός
239 2384 274 2407 κ.
304 2383 336 2406 τ.
365 2371 396 2406 λ.
425 2369 659 2416 intelligenda
688 2373 772 2406 sunt

120 2426 166 2462 de
187 2425 347 2473 ealege,
377 2426 449 2474 quai
481 2426 541 2473 qui
567 2426 680 2474 patris
712 2438 772 2462 ca-

119 2483 230 2518 daver
245 2482 393 2530 pignori
410 2483 532 2528 daret,
550 2482 582 2518 ei
603 2494 663 2518 aes
684 2482 772 2518 alie-

119 2551 205 2573 num
226 2539 441 2575 crederetur.
476 2558 527 2564 —
545 2533 657 2588 θήκη
677 2538 770 2574 indi-

118 2598 177 2631 cat
192 2594 421 2631 conditorium
443 2594 643 2643 sepulcrale.
685 2594 768 2631 vid.

117 2654 209 2686 nott.
238 2651 284 2686 ad
309 2650 362 2695 ΙΙ,
382 2653 447 2690 67.

174 2704 296 2755 μηδὲ
330 2701 440 2759 αὐτῷ
475 2704 611 2758 ἐκείνῳ
643 2708 768 2744 τελευ-

115 2758 280 2812 τήσαντι
317 2777 351 2800 κ.
382 2777 413 2800 τ.
443 2764 498 2807 λ.]
549 2759 648 2812 μηδὲ
687 2776 766 2799 cum

115 2819 300 2856 Gaisford.
332 2819 416 2857 dedi
441 2831 508 2869 pro
533 2819 627 2867 vulg.
663 2814 763 2869 μήτ’,

850 1356 1043 1404 idemque,
1075 1355 1103 1391 si
1124 1354 1203 1391 libri
1223 1355 1381 1401 ferrent,
1410 1353 1503 1390 infra

848 1424 1082 1460 reponerem,
1111 1411 1172 1447 ubi
1192 1424 1287 1447 nuuc
1320 1411 1357 1446 in
1386 1411 1503 1446 omni-

848 1467 914 1503 bus
943 1468 1094 1515 legitur:
1131 1462 1244 1517 μήτ’
1281 1463 1402 1505 ἄλλον
1429 1481 1503 1516 μη-

848 1521 942 1561 δένα
965 1539 998 1561 κ.
1018 1539 1049 1561 τ.
1068 1526 1100 1561 λ.
1149 1523 1244 1559 Bina
1269 1524 1364 1560 enim
1382 1523 1503 1573 posuit

845 1579 919 1617 lex:
970 1580 1152 1626 alterum,
1204 1592 1251 1616 ne
1281 1580 1501 1629 quempiam,

846 1637 909 1685 qui
958 1637 1119 1673 debitum
1173 1637 1329 1673 reddere
1376 1635 1501 1683 nollet,

844 1697 1028 1729 mortuum
1052 1693 1118 1730 rite
1141 1693 1294 1742 sepelire
1310 1691 1416 1730 liceat
1434 1705 1502 1729 nec

844 1749 1005 1798 paternis
1041 1750 1077 1785 in
1100 1749 1233 1798 cryptis
1265 1761 1333 1785 nec
1362 1749 1431 1785 alio
1462 1749 1500 1785 in

844 1805 945 1849 loco3
975 1805 1149 1851 alterum,
1180 1818 1226 1842 ne
1243 1805 1350 1840 alium
1372 1818 1500 1854 quem-

843 1862 941 1911 piam
974 1874 1017 1898 ex
1049 1862 1140 1898 illius
1167 1861 1287 1898 liberis
1310 1873 1351 1897 ac
1372 1873 1500 1898 neces-

846 1918 948 1954 sariis
967 1918 1175 1954 defunctum
1202 1918 1356 1967 sepelire
1380 1917 1498 1955 liceat.

845 1973 1009 2011 Alterum
1046 1975 1114 2011 hoc
1151 1975 1242 2022 legis
1284 1979 1394 2023 caput
1422 1987 1498 2011 non

845 2036 1145 2067 commemoratur
1163 2043 1184 2067 a
1203 2031 1370 2069 Diodoro
1390 2030 1496 2076 Ι,93.

844 2086 1056 2136 Explicatur
1075 2093 1193 2124 autem
1216 2087 1305 2136 legis
1322 2087 1496 2124 severitas

845 2143 976 2179 exilia
1016 2143 1280 2193 Aegyptiorum
1321 2144 1497 2193 supersti-

846 2200 964 2246 tione,
999 2212 1071 2248 qua
1102 2201 1220 2236 aditus
1244 2201 1291 2236 ad
1321 2200 1497 2248 tranquil-

841 2255 913 2292 lum
946 2257 1100 2293 Osiridis
1129 2270 1280 2305 regnum
1311 2255 1496 2306 sepulture.

842 2318 878 2349 et
897 2313 1089 2349 conditur-<⁴1
1116 2313 1265 2362 privatis
1285 2313 1495 2361 denegaba-

839 2372 919 2415 tur3
940 2373 980 2405 ut
998 2370 1144 2406 minime
1165 2382 1258 2406 vana
1281 2370 1326 2406 sit
1343 2369 1494 2417 Zoegae

841 2426 997 2475 suspicio
1032 2426 1078 2463 de
1108 2425 1271 2463 obeliscc.
1295 2438 1379 2476 pag.
1398 2428 1493 2473 292,

838 2481 921 2518 hinc
941 2482 1117 2530 originem
1135 2482 1288 2519 traxisse
1303 2483 1415 2519 videri
1438 2482 1493 2518 iu-

839 2538 973 2575 dicium
1005 2538 1052 2575 de
1091 2539 1240 2574 mortuis
1272 2538 1492 2587 sepeliundis

837 2595 937 2644 apud
966 2594 1168 2644 Aegyptios
1201 2598 1295 2632 teste
1323 2595 1490 2632 Diodoro

837 2650 872 2696 I,
902 2652 957 2691 92
995 2651 1130 2686 institui
1165 2651 1320 2687 solitum.
1387 2651 1489 2688 Idem

836 2706 890 2742 vir
921 2707 1049 2743 doctus
1076 2719 1097 2743 a
1126 2706 1190 2743 Cr.
1223 2707 1388 2744 laudatus
1420 2707 1443 2744 l.
1464 2707 1487 2744 l.

834 2775 920 2812 pag.
941 2766 1023 2804 266
1058 2764 1322 2813 Aegyptiorum
1350 2777 1488 2801 morem

833 2819 943 2856 fuisse
964 2824 1070 2869 putat
1089 2821 1222 2858 avitum
1241 2821 1417 2859 cadavera
1431 2821 1488 2871 pi-
