1909 3228
651 173 869 211 CLIO.
925 173 953 210 Ι.

1346 171 1428 211 267

181 286 246 340 ρῖς
276 285 321 329 δὲ
361 288 439 328 τοῦ
471 283 639 340 φόρου,
687 283 881 339 ἥρπαζον
920 280 1273 337 περιελαύνοντες
1300 282 1429 322 τοῦτο

152 363 208 406 28
235 380 274 406 τι
304 364 437 420 ἔχοιεν
467 363 649 407 ἕκαστοι.
689 363 759 406 καὶ
791 361 956 405 τούτων
996 360 1074 417 μὲν
1110 358 1213 410 τούς
1240 361 1429 408 πλεῦνας

181 442 409 500 Κυαξάρης
438 459 481 486 τε
511 444 582 485 καὶ
613 444 764 498 Μῆδοι
802 442 1058 494 ξεινίσαντες
1086 439 1157 482 καὶ
1187 436 1428 493 καταμεθύ-

181 534 329 573 σαντες
359 521 691 578 κατεφόνευσαν.
722 521 794 564 καὶ
824 520 938 563 οὕτω
968 517 1238 563 ἀνεσώσαντο
1259 516 1339 573 τήν
1359 514 1429 571 ἆρ-

180 602 260 658 χὴν
288 605 458 658 Μῆδοι,
497 602 569 644 καὶ
598 600 851 654 ἐπεκράτεον
880 603 968 642 τῶν
996 614 1074 651 περ
1104 598 1176 640 καὶ
1204 594 1429 651 πρότερον.

153 682 255 723 3καὶ
283 681 361 736 τήν
388 697 432 724 τε
461 684 604 723 Νῖνον
638 678 776 731 εἶλον,
807 676 885 732 (ὥς
915 677 959 722 δὲ
990 674 1129 729 εἶλον,
1170 676 1216 720 ἐν
1246 675 1430 730 ἑτέροισι
1487 672 1541 714 54

126 865 315 904 πρησσον.
371 854 477 898 Quae
517 857 638 890 tamen
686 852 771 889 mihi

126 923 200 946 non
234 910 470 947 satisfaciunt.
525 910 656 946 Restat
684 909 771 945 illud

126 979 257 1014 unum,
296 968 395 1016 quod
424 966 613 1016 proposuit
641 966 771 1013 Stege-

128 1036 209 1069 1·us;
238 1028 278 1060 ut
301 1023 432 1073 triplex
458 1023 683 1059 vexationum
708 1035 772 1069 ge-

127 1092 195 1115 nus
211 1079 375 1116 hocloco
405 1080 450 1116 ab
480 1079 649 1115 historico
674 1078 770 1113 indi-

127 1136 199 1172 cari
218 1136 458 1181 existimetur3
486 1135 652 1185 primum,
673 1135 773 1182 quod

130 1192 167 1227 in
200 1196 297 1230 certo
328 1192 487 1238 tributo,
527 1192 601 1228 sive
640 1204 774 1237 annuo,

128 1249 204 1285 sive
225 1252 430 1293 menstruo,
459 1248 644 1293 consistat,
658 1247 774 1295 quod-

128 1317 200 1352 que
244 1304 363 1340 verbis
407 1304 598 1340 indicetur:
659 1301 775 1351 χωρὶς

127 1357 198 1408 μὲν
218 1356 291 1412 γοὲρ
313 1355 474 1407 φόρων,·
494 1358 657 1403 alterum,
677 1358 778 1407 quod

127 1416 328 1453 declaretur
354 1415 472 1452 verbis
501 1412 544 1453 τό
576 1409 776 1453 ἑκάστοισι

127 1470 363 1522 ἐπέβαλλον,
395 1471 417 1508 i.
440 1484 469 1508 e.
505 1471 677 1507 tributum
700 1483 776 1507 non

126 1532 320 1575 statutum,
360 1528 426 1565 sed
458 1527 609 1564 diversis
636 1531 778 1576 tempo-

127 1585 225 1621 ribus
246 1586 321 1622 sive
335 1584 402 1621 hac
420 1584 494 1621 sive
513 1583 570 1620 illa
591 1596 698 1620 causa
710 1584 777 1620 im-

127 1644 290 1690 peratum
300 1670 311 1685 ,
339 1644 448 1690 prout
458 1640 600 1688 Scythis
615 1640 756 1677 libuerit
766 1652 778 1686 3

129 1696 449 1733 extraordinarium
489 1696 655 1741 dixerim3
702 1700 777 1733 ter-

130 1752 218 1788 tium
248 1752 426 1799 denique,
456 1752 697 1800 quodcunque
717 1763 776 1787 ra-

130 1807 277 1858 piebant
318 1806 470 1855 singulis
501 1807 633 1855 singuli
659 1807 778 1843 incur-

129 1867 252 1901 santes
279 1876 321 1900 ac
346 1862 524 1912 palantes.
581 1862 702 1911 Atque
729 1862 779 1898 ita

130 1920 200 1957 iam
233 1920 370 1956 dudum
400 1923 507 1955 antea
541 1917 634 1955 hunc
661 1918 778 1955 locum

130 1975 346 2025 explicatum
380 1974 542 2011 voluerat
585 1987 713 2011 censor
740 1973 778 2009 in

131 2032 285 2081 Ephem.
333 2030 407 2068 Ien.
449 2031 556 2070 1817
599 2043 654 2066 nr.
697 2026 777 2070 165

132 2100 216 2137 pag.
238 2089 332 2127 382.
389 2086 495 2129 Quae
514 2086 544 2121 si
562 2090 658 2123 recte
674 2089 778 2122 erunt

130 2144 334 2193 disputata,
364 2143 473 2179 verba
493 2140 611 2193 χωρὶς
644 2138 686 2180 δὲ
705 2142 777 2180 τοῦ

133 2196 261 2250 φόρου
281 2202 385 2236 erunt
401 2198 637 2246 intelligenda
655 2199 701 2235 de
721 2210 779 2234 se-

133 2256 250 2291 cundo
277 2255 506 2292 vexationum
545 2255 643 2302 quod
670 2254 779 2290 modo

134 2311 318 2360 posuimus
328 2340 339 2358 ,
369 2323 527 2359 genere·‚
557 2311 595 2346 in
622 2322 694 2358 quo
723 2312 779 2345 ta-

135 2380 216 2404 men
232 2367 314 2416 ipso
332 2367 523 2414 singularis
542 2366 694 2403 offendit
712 2378 779 2401 nu-

137 2435 276 2468 merus,
305 2423 402 2459 cuius
423 2423 502 2459 loco
532 2435 648 2470 aeque
671 2426 780 2469 atque

135 2479 171 2513 in
192 2478 484 2515 antecedentibus
516 2478 591 2514 iure
608 2476 781 2528 pluralem

137 2538 344 2583 exspectare
362 2538 518 2582 poteras.
563 2533 643 2570 Nec
665 2534 782 2569 minus

138 2588 304 2639 displicet
326 2589 486 2626 eiusdem
504 2590 656 2625 nominis
676 2602 782 2637 repe-

137 2646 214 2682 titio
263 2645 311 2680 ad
347 2645 523 2681 diversam
554 2645 780 2681 indicandam

138 2714 224 2738 rein.
253 2699 380 2749 Itaque
396 2701 433 2736 in
451 2713 495 2737 ea
513 2701 682 2750 opinione
698 2713 781 2750 per-

139 2758 266 2794 sistere
289 2756 430 2803 malim‚
459 2761 499 2793 ut
525 2757 635 2794 verba
667 2754 782 2808 χωρὶς

140 2810 182 2853 δὲ
207 2814 277 2853 τοῦ
297 2807 447 2866 φόρου,
478 2817 538 2851 aut
558 2817 654 2852 certe
676 2826 782 2852 vocu-

838 852 909 889 lam
937 847 1003 901 φό
1017 866 1108 903 ρον
1137 863 1160 888 a
1189 848 1392 899 glossatore
1423 849 1488 886 ali-

839 921 911 957 quo
934 909 1041 945 modo
1072 907 1182 945 textui
1200 907 1373 943 intrusam
1406 919 1488 943 esse

839 969 983 1015 putem,
1012 965 1255 1012 mendumque
1282 962 1401 1011 ipsum
1421 975 1489 997 no-

840 1026 937 1057 stros
958 1021 1190 1058 Herodoteos
1210 1019 1320 1055 libros
1344 1022 1489 1055 antece-

840 1078 936 1114 dere.
994 1077 1090 1113 Nam
1108 1076 1156 1112 ad
1180 1073 1421 1122 tautologias,
1452 1074 1490 1110 in

840 1133 1030 1170 Herodoto
1052 1133 1128 1169 illas
1155 1131 1299 1180 quidem
1320 1131 1491 1178 frequen-

841 1195 896 1225 tes
920 1189 1048 1226 haecce
1068 1194 1106 1225 ut
1122 1189 1294 1233 referam,
1315 1187 1489 1235 quemad-

842 1246 988 1281 modum
1017 1244 1150 1294 placuit
1174 1243 1217 1280 V.
1234 1243 1279 1280 D.
1303 1242 1491 1280 Letronne

842 1301 980 1347 (lourn.
1013 1301 1048 1336 d.
1073 1301 1156 1336 Sava
1200 1301 1306 1339 1817
1346 1312 1383 1348 p-
1415 1299 1489 1347 49)

842 1356 1062 1405 comparanti
1085 1355 1172 1401 VII,
1194 1358 1257 1395 16.
1277 1356 1354 1401 39,
1384 1367 1406 1391 a
1431 1367 1491 1391 me

842 1413 1035 1462 impetrare
1055 1412 1151 1447 haud
1166 1411 1280 1460 potui.

901 1462 1115 1516 Κυαξάρης
1157 1481 1197 1505 τε
1238 1464 1305 1504 καὶ
1348 1466 1492 1516 Μῆδοι

844 1524 1106 1572 ξεινίσαντες]
1146 1523 1409 1570 ξεινίσαντες
1453 1527 1492 1559 ut

844 1581 960 1630 magis
1007 1580 1166 1617 lonicum
1219 1593 1314 1616 nunc
1354 1580 1430 1616 iure
1471 1592 1493 1616 e

845 1637 1193 1674 Schellershemiano
1223 1636 1317 1673 libro
1350 1635 1493 1684 alioque

844 1693 1010 1731 Parisino
1029 1693 1175 1731 editum.
1232 1692 1351 1741 Vulgo
1381 1691 1492 1739 ξενί-

846 1762 993 1795 σαντες.

901 1803 968 1843 met
1004 1801 1077 1855 τήν
1105 1818 1145 1842 τε
1188 1806 1317 1842 Νῖνον
1363 1799 1490 1852 εἷλον]

846 1861 954 1898 Conf.
977 1873 1057 1897 cum
1081 1860 1136 1895 his
1153 1860 1332 1897 Herodot.
1354 1859 1382 1905 I,
1399 1861 1490 1899 178.

849 1918 940 1957 183.
976 1916 1218 1962 Hieronymus
1245 1916 1281 1951 in
1313 1915 1494 1951 Chronico

846 1984 867 2008 a
887 1972 1052 2019 Cyaxare
1069 1971 1180 2007 Medo
1196 1970 1332 2007 Ninum
1351 1971 1492 2008 subver-

845 2041 919 2064 sam
940 2041 1021 2064 esse
1043 2040 1123 2063 cum
1141 2027 1283 2074 scribit,
1315 2027 1494 2064 Graecum

844 2084 1056 2120 vocabulum
1077 2078 1177 2121 εἶλεν
1197 2083 1239 2130 (i.
1252 2097 1282 2120 e.
1296 2084 1407 2133 cepit)
1420 2085 1494 2120 for-

845 2152 911 2176 san
931 2140 1000 2176 hoc
1018 2140 1128 2175 modo
1154 2140 1321 2176 reddidit.
1381 2139 1494 2176 Tem-

847 2208 916 2246 pus
936 2209 1043 2241 vero7
1074 2208 1146 2243 quo
1166 2195 1284 2232 Ninus
1313 2200 1418 2246 capta
1437 2197 1494 2232 fu-

846 2253 920 2289 isse
940 2252 1145 2301 perhibetur
1158 2280 1168 2298 ,
1196 2251 1399 2289 Larcherus
1420 2255 1495 2288 sta-

846 2308 914 2345 tuit
937 2321 1019 2344 ann.
1041 2308 1122 2348 603
1145 2320 1175 2344 a.
1198 2308 1283 2344 Chr.
1320 2308 1493 2345 Volneius

847 2365 929 2405 597
956 2377 988 2400 a.
1020 2364 1105 2400 Chr.
1135 2376 1170 2399 n.
1216 2362 1346 2413 Nuper
1371 2364 1496 2400 admo—

848 2421 935 2457 dum
954 2420 1114 2469 pluribus
1154 2419 1190 2455 in
1222 2420 1312 2457 haec
1345 2420 1495 2468 inquisi-

848 2477 897 2512 vit
919 2477 1033 2512 Graff.
1055 2477 1091 2511 iu
1107 2479 1386 2524 programmate,
1397 2477 1497 2524 quod

846 2533 983 2583 prodiit
1008 2531 1182 2568 W'etzlar.
1205 2533 1312 2573 1828
1339 2544 1424 2581 pag.
1444 2534 1493 2574 11

850 2602 953 2637 seqq.
992 2588 1128 2625 'Ninum
1156 2600 1178 2624 a
1198 2588 1361 2635 Cyaxare
1394 2601 1496 2625 ever-

849 2658 926 2682 sam
951 2657 1032 2682 esse
1060 2644 1265 2691 contendit,
1294 2657 1389 2681 anno
1412 2646 1494 2686 606

849 2714 880 2738 a.
902 2701 988 2737 Chr.
1011 2712 1045 2736 n.

903 2755 945 2795 ἒν
967 2754 1129 2807 ἑτέροισι
1148 2751 1295 2806 λόγοισι
1312 2751 1493 2806 δηλώσω]

849 2813 981 2852 Iterum
1000 2812 1037 2861 Ι,
1059 2813 1139 2855 184
1167 2812 1253 2851 dicit
1277 2826 1318 2852 se
1336 2812 1496 2862 Babylo-
