1909 3228
273 619 372 664 166

432 184 518 224 862

822 182 1294 221 HERODOTI

435 296 612 342 σωπῖτις
640 291 903 345 καλεομένη,
943 288 1087 333 Ναθῶ
1128 289 1177 333 τὸ
1212 290 1360 346 ἥμισυ.
1409 292 1455 335 ἐκ
1485 293 1563 347 μὲν
1592 293 1695 337 τού-
1708 298 1753 335 45

431 387 519 415 των
548 374 636 413 τῶν
675 373 824 423 νομῶν
859 367 1140 425 Ἑρμοτύβιες
1180 372 1280 412 εἰσί·
1337 369 1586 426 γενόμενοι,
1625 372 1695 416 ὅτε

432 449 502 493 ἐπὶ
539 450 768 499 πλείστους
799 449 999 503 γενοίατο
1022 481 1033 500 ,
1084 448 1312 492 ἑκκαίδεκα
1349 449 1567 505 μυριάδες.

1625 453 1697 494 καὶ

429 527 602 572 τούτων
649 529 893 583 βαναυσίης
941 525 1085 579 οὐδεὶς
1143 528 1325 584 δεδάηκε
1385 527 1539 580 οὐδὲν,
1599 527 1694 571 ἀλλ’

433 605 636 649 ἆνέονται
666 606 709 658 ἐς
737 606 787 650 τό
822 606 1021 663 μάχιμον.
1060 609 1339 661 Καλασιρίων
1370 607 1416 650 δὲ
1447 610 1538 651 οἵδε
1571 606 1753 651 ἄλλοι5ο

429 687 560 742 νομοί
579 687 682 729 εἰσι·
719 688 936 743 Θηβαῖος,
966 688 1284 742 Βουβαστίτης,
1313 685 1543 743 Ἀφθίτης,
1565 688 1695 730 Τανί-

374 916 575 955 Danviilius
596 945 606 964 ‚
648 917 764 954 minus
812 921 910 955 recte
947 917 1029 955 mea

372 974 520 1022 quidem
567 975 757 1011 sententia.
837 975 897 1012 Tu
932 976 1025 1011 conf.

373 1030 646 1067 Schlichthorst.
680 1031 702 1067 l.
736 1030 758 1067 l.
795 1044 881 1080 pag.
906 1035 961 1072 72
991 1035 1027 1068 et

370 1086 556 1124 Mannert.
587 1088 643 1134 X,
669 1090 691 1127 1
719 1100 804 1137 pag.
825 1089 925 1134 568,
965 1089 1025 1137 qui

371 1143 497 1181 Natho
521 1147 557 1180 et
584 1145 699 1194 ipsam
728 1144 880 1180 insulam
910 1145 1025 1181 fuisse

370 1201 586 1249 suspicatur.
616 1221 672 1228 —
702 1201 743 1236 In
770 1213 872 1249 seqq.
900 1201 1026 1250 scripsi

371 1270 453 1293 cum
495 1257 612 1293 Gaisf.
644 1252 798 1295 τούτων
835 1270 902 1306 pro
937 1273 1025 1295 του-

371 1311 510 1361 τέων,
541 1317 580 1349 ut
604 1313 659 1361 ΙΙ,
683 1313 762 1354 164
787 1309 901 1352 αὐτῶ
917 1328 936 1351 ν
958 1327 1026 1364 pro

370 1369 466 1417 vulg.
486 1364 674 1408 αὐτέων.

429 1423 492 1464 ὅτε
514 1425 577 1463 ἐπὶ
601 1427 808 1471 πλείστους
828 1424 1025 1478 γενοίατο]

372 1482 513 1519 Eadem
528 1483 708 1520 iuvenitur
724 1482 856 1518 locutio
874 1482 918 1529 ΙΙ,
934 1485 1024 1527 166,

369 1539 433 1575 ubi
467 1536 532 1577 ἐπὶ
561 1540 761 1589 exprimere
785 1539 926 1575 videtur
951 1538 1027 1573 La-

371 1595 529 1631 tinorum
553 1595 611 1631 ad.
669 1595 778 1630 Conf.
801 1593 932 1630 Matth.
958 1595 1023 1629 Gr.

372 1651 438 1687 Gr.
456 1664 542 1700 pag.
566 1653 684 1691 1169.
738 1651 814 1686 Sed
834 1651 949 1697 magis
966 1663 1024 1687 me

371 1707 521 1755 quidem
549 1708 583 1743 h.
604 1707 625 1743 l.
653 1707 808 1743 advertit
839 1707 1021 1755 optativus

370 1763 570 1814 γενοίατο,
600 1763 699 1798 cuius
716 1762 796 1797 loco
824 1762 960 1810 aliquot
980 1761 1023 1797 li-

369 1820 427 1856 bri
468 1819 629 1856 offerunt
669 1817 874 1869 ἐγένοντο,·
924 1818 1022 1865 quod

369 1877 488 1926 ipsum
511 1876 728 1911 documento
757 1887 837 1911 esse
868 1874 1023 1920 videtur,

368 1932 586 1983 primitivam
605 1931 797 1968 lectionem
818 1930 926 1967 fuisse
947 1929 1023 1982 ἐγε-

369 1986 505 2035 νέατο,
552 2001 648 2037 quae
690 1989 806 2024 forma
844 1988 1025 2023 invenitur

369 2045 425 2091 Π,
449 2046 528 2085 166
559 2048 596 2081 et
624 2043 821 2080 illustratur
849 2056 870 2080 a
888 2043 1023 2079 Matth.

370 2114 454 2151 pag.
468 2099 562 2141 384.
593 2100 732 2138 Vereor
753 2101 869 2146 enim,
889 2105 927 2136 ut
944 2100 978 2136 h.
1000 2099 1022 2135 l.

369 2155 432 2196 ὅτε
457 2170 538 2194 cum
568 2157 731 2207 optativo
763 2157 811 2192 ad
838 2156 1023 2204 vulgarem

370 2227 497 2260 usum,
538 2214 585 2251 de
621 2226 694 2262 quo
720 2212 851 2250 Matth.
881 2211 918 2263 ἓ.
941 2213 1021 2253 521

370 2284 408 2321 p.
434 2269 541 2311 1005
564 2282 682 2318 seqq.‚
713 2269 878 2307 revocari
902 2272 1024 2318 queat.

430 2321 519 2364 ἀλλ’
557 2321 740 2364 α’νέονται
776 2325 816 2372 ἐς
843 2322 885 2364 τὸ
916 2322 1024 2375 μα’χι-

372 2382 462 2433 μον]
483 2378 667 2421 οἷνέονται
689 2396 771 2419 cum
788 2382 953 2419 videatur
970 2381 1025 2417 di-

371 2444 467 2475 etum
485 2452 552 2488 pro
571 2433 748 2477 ἀνεῖνται
767 2439 857 2485 (vid.
880 2438 929 2485 ΙΙ,
949 2438 1022 2482 65)

372 2508 393 2531 a
406 2496 518 2532 verbo
533 2490 684 2546 οἷνίημι,
702 2496 799 2532 haud
811 2495 883 2532 scio
905 2507 952 2531 an
965 2507 1023 2531 re-

371 2552 459 2587 etius
481 2553 666 2602 scripseris
684 2547 899 2597 α’νέωνται,
922 2551 1022 2599 quod

371 2608 525 2656 primum
556 2609 711 2646 coniecit
729 2609 779 2645 H.
799 2607 1023 2657 Stephanus,

371 2663 546 2712 novisque
611 2665 812 2701 rationibus
867 2664 1024 2700 firmavit

372 2718 583 2757 Buttmann.
604 2721 641 2757 in
662 2722 727 2758 Gr.
747 2722 812 2757 Gr.
833 2734 919 2771 pag.
939 2720 1019 2761 541

372 2779 447 2811 not.
507 2776 559 2812 lta
586 2778 679 2813 enim
704 2778 848 2814 exhibet
864 2778 1019 2826 optimus

370 2830 461 2869 liber
475 2831 506 2869 F
509 2832 720 2870 lorentinus.
750 2834 820 2871 Est
836 2847 922 2872 vero
938 2834 1021 2872 red-

1097 918 1278 956 dendum:
1296 923 1427 956 vacant
1450 918 1608 956 militiae.
1639 917 1752 955 Haud

1097 975 1202 1012 aliter
1234 976 1284 1023 ll,
1308 979 1405 1016 167:
1437 973 1529 1022 τούς
1558 975 1608 1021 ἐς
1636 970 1750 1013 πόλε-

1097 1046 1172 1081 μον
1209 1027 1531 1082 α’νειμένους
1559 1034 1581 1068 i.
1610 1045 1640 1069 e.
1673 1044 1750 1078 eos,

1096 1091 1158 1138 qui
1174 1091 1225 1125 rei
1243 1089 1393 1125 militari
1412 1092 1550 1125 vacant.

1275 1173 1306 1209 C
1317 1186 1383 1224 ap.
1416 1172 1581 1210 CLXVI.

1153 1258 1342 1308 Θηβαῖος,
1356 1255 1637 1307 Βουβαστίτης]
1649 1256 1749 1294 ‘she-

1094 1315 1209 1351 banus
1237 1328 1364 1351 nomus
1383 1327 1404 1350 a
1424 1313 1634 1351 Thebarum
1661 1315 1749 1351 urbe

1095 1371 1382 1419 mignominatus.
1443 1370 1502 1406 Tu
1530 1371 1623 1406 conf.
1647 1370 1690 1416 ΙΙ,
1711 1368 1748 1408 4.

1100 1429 1160 1468 15.
1181 1428 1245 1467 42.
1304 1427 1361 1464 De
1380 1427 1534 1463 Bubastz'
1552 1429 1658 1471 urbe,
1681 1439 1748 1462 un-

1095 1485 1142 1520 de
1177 1484 1385 1519 Bubastites
1414 1496 1561 1528 nomus,
1592 1483 1745 1519 diximus

1095 1540 1142 1576 ad
1167 1539 1218 1584 ll,
1241 1542 1306 1579 60.

1149 1590 1229 1642 'Am
1243 1595 1359 1644 θίτη
1373 1593 1412 1644 ς]
1434 1594 1572 1631 Urbem
1593 1594 1745 1631 necHe-

1092 1652 1244 1687 rodonis
1289 1664 1355 1687 nec
1402 1652 1592 1698 quisquam
1641 1650 1744 1696 alius,

1093 1712 1265 1755 quantum
1293 1707 1389 1751 scio,
1426 1707 1606 1742 indicavit.
1666 1706 1745 1742 No-

1093 1777 1172 1799 mus
1193 1763 1284 1799 inter
1305 1763 1479 1798 Bubastin
1498 1768 1533 1799 et
1553 1762 1674 1798 'fanin
1697 1763 1746 1797 si-

1092 1823 1150 1855 tus
1177 1819 1318 1855 videtur
1343 1818 1526 1855 Larchero
1553 1823 1640 1855 tom.
1660 1819 1744 1855 vill

1092 1889 1129 1925 p.
1152 1877 1205 1915 37
1234 1888 1262 1910 s.
1282 1887 1314 1910 v,

1156 1929 1348 1981 Τανίτης]
1387 1930 1533 1967 Tanites
1550 1943 1678 1967 nomus
1697 1931 1743 1967 ab

1094 1988 1183 2024 urbe
1208 1987 1322 2033 Tani,
1340 2000 1434 2036 quae
1457 1988 1646 2024 Herodoto
1663 1987 1744 2035 qui-

1093 2045 1177 2081 dem
1218 2057 1291 2080 non
1331 2045 1537 2080 nominatur
1555 2072 1565 2090 ‚
1615 2056 1743 2092 quam-

1093 2113 1203 2148 quam
1243 2100 1350 2137 valde
1392 2101 1541 2148 antiqua
1578 2100 1743 2148 adeoque

1092 2157 1319 2193 Pharaonum
1345 2158 1451 2194 sedes
1478 2157 1515 2192 in
1543 2155 1659 2192 Mosis
1691 2155 1744 2191 hi-

1092 2214 1202 2249 storia
1221 2213 1423 2260 celebrata,
1460 2217 1499 2248 ut
1522 2225 1542 2248 e
1563 2212 1661 2248 libris
1684 2224 1743 2247 sa-

1092 2270 1160 2306 cris
1178 2274 1350 2319 apparet,
1381 2269 1509 2317 quibus
1528 2269 1656 2304 dicitur
1671 2277 1741 2316 3323

1093 2325 1251 2372 (Ζοαη).
1310 2326 1388 2361 Sita
1409 2329 1487 2362 erat
1515 2325 1551 2360 in
1577 2324 1742 2362 orientali

1092 2382 1169 2431 ripa
1193 2382 1350 2418 Tanitici
1377 2382 1473 2417 fluvii
1492 2381 1589 2417 haud
1613 2380 1741 2431 procul

1091 2439 1137 2474 ab
1162 2452 1204 2473 eo
1224 2438 1321 2484 loco,
1341 2438 1401 2474 ubi
1418 2437 1548 2474 fluvius
1565 2450 1644 2474 curn
1665 2450 1742 2474 ma-

1091 2494 1120 2530 ri
1141 2495 1378 2542 coniungitur.
1422 2493 1499 2531 Nec
1520 2494 1667 2530 multum
1685 2495 1740 2529 in-

1091 2551 1138 2587 de
1165 2551 1268 2587 abest
1294 2550 1390 2587 lacus
1428 2549 1639 2597 Menzakeh,
1679 2550 1741 2598 qui

1090 2607 1198 2643 hodie
1231 2607 1371 2643 dicitur.
1430 2606 1603 2655 Magnam
1628 2607 1739 2643 fuisse

1090 2664 1214 2700 urbem
1235 2668 1345 2711 atque
1367 2662 1521 2713 amplam
1542 2664 1738 2700 etiamnum

1089 2724 1247 2767 arguunt
1266 2719 1410 2766 rudera,
1433 2719 1564 2767 quibus
1583 2719 1627 2754 ab
1646 2718 1739 2755 Ara-

1091 2776 1196 2812 bibus
1232 2777 1325 2812 idem
1366 2788 1497 2812 nomen
1533 2775 1736 2824 impositum

1090 2832 1180 2868 Scin.
1222 2832 1329 2869 Plura
1350 2831 1552 2882 Champoll.
1572 2831 1734 2880 l’Egypt.
