1877 3223
631 260 844 300 CLIO.
901 262 928 299 Ι.
1325 265 1405 306 147

31 370 97 415 60
151 367 348 423 κοσμέων
392 372 532 420 καλῶς
570 385 613 412 τε
653 371 726 412 καὶ
769 366 830 414 εὖ.
882 371 1006 414 Μετὰ
1053 371 1099 414 δὲ
1144 370 1196 415 οὐ
1238 373 1401 416 πολλόν
1457 372 1731 433 ffgf‘ssffijg‘vfflj

151 447 312 503 χρόνον
349 447 490 492 τώυτὸ
531 447 830 505 φρονήσαντες
870 451 918 493 οἴ
942 467 985 494 τε
1015 454 1095 493 τοῦ
1124 450 1405 506 Μῐεγακλὲους
1461 441 1605 475 sequitur.

152 531 382 571 στασιῶται
411 529 484 571 καὶ
513 530 556 571 οἱ
583 532 663 572 τοῦ
692 528 978 584 Λυκούργου,
1010 530 1287 582 ἐξελαύνουσί
1315 548 1403 587 μιν.

95 718 328 755 κατεστεῶσι
350 713 429 763 (ubi
460 711 524 751 ε’πὶ
553 726 596 750 eo
618 726 740 760 sensu,

96 786 167 822 quo
201 786 279 822 cap.
312 786 389 820 seq.
426 768 491 808 ἐπὶ
522 771 572 823 τῇ
601 785 740 820 τυραν-

96 830 219 876 νίδι),
259 828 487 864 Pisistratum
522 826 601 862 urbi
636 840 744 876 prae-

96 886 232 930 fuisse,
275 889 417 920 servata
445 895 510 928 ea,
550 895 642 931 quae
678 883 743 919 suit

96 942 311 986 constituta,
343 953 381 977 re
400 939 544 989 publica
574 952 640 975 nec
669 944 743 975 tur-

96 997 190 1034 batis
209 996 352 1045 legibus
377 999 437 1031 aut
460 996 741 1043 magistratibus.

96 1053 198 1090 Idem
215 1057 367 1090 testatur
390 1051 568 1087 Plutarch.
581 1051 653 1087 Vir.
671 1052 742 1087 So-

97 1110 171 1146 lon.
214 1122 270 1158 cp.
310 1112 387 1155 31,
416 1108 477 1143 ubi
517 1107 746 1143 Pisistratum

97 1167 215 1215 ipsum
255 1165 374 1202 caedis
414 1177 512 1200 reum
556 1165 678 1200 scribit
709 1165 745 1200 in

98 1223 294 1270 Areopago
312 1233 456 1257 eausam
469 1220 614 1256 dixisse.
645 1219 743 1256 Add.

96 1277 278 1314 Aristotel.
308 1277 416 1313 Polit.
452 1276 508 1322 V,
541 1279 604 1316 12.
639 1276 746 1318 Quae

97 1346 176 1370 cum
197 1334 246 1369 ita
266 1333 359 1378 sint,
391 1333 600 1368 Pisistratus
620 1331 745 1367 Soloni

96 1390 220 1438 utique
241 1389 398 1426 scribere
417 1388 535 1437 potuit
551 1387 641 1435 (vid.
655 1388 747 1424 Dio-

97 1459 184 1495 gen.
206 1444 329 1482 Laert.
350 1444 390 1492 Ι,
422 1445 508 1491 53),
531 1457 589 1490 se,
620 1456 746 1492 quam-

96 1502 150 1538 vis
194 1506 370 1550 tyrannus
420 1501 614 1546 habeatur,
659 1498 746 1535 nihil

98 1562 220 1595 tamen
238 1561 378 1608 praeter
398 1557 608 1604 dignitatem
630 1559 661 1592 et
684 1556 745 1592 leo-

98 1627 231 1661 norem,
275 1627 297 1650 a
329 1613 475 1662 reliquis
512 1613 646 1650 civibus
677 1612 749 1648 dif-

100 1672 207 1716 ferre,
235 1670 278 1706 iis
302 1670 388 1706 solis
411 1673 630 1716 contentum,
655 1681 749 1717 quae

100 1726 261 1776 priorum
298 1727 406 1763 etiam
447 1739 575 1774 regum
617 1726 752 1761 fuerint

102 1782 223 1818 munia
252 1779 325 1829 (τᾶ
357 1779 455 1833 ῥητοὶ
484 1780 620 1832 γέρα).
652 1781 752 1818 Nam

102 1838 199 1888 apud
237 1838 376 1887 priscos
423 1838 610 1883 Graecos,
656 1840 753 1873 teste

103 1894 318 1941 Thucydide
356 1893 394 1941 Ι,
445 1896 495 1934 13
535 1893 754 1930 hereditaria

103 1952 247 1986 fuerunt
268 1962 381 1997 regna
407 1947 470 1988 ἐπὶ
490 1948 622 1997 ῥητοῖς
642 1947 752 1999 γέρα-

105 2018 142 2044 σι
172 2006 196 2043 ἰ.
222 2019 254 2042 e.
292 2008 394 2041 certis
422 2004 672 2041 conditionibus
691 2004 753 2039 lio-

103 2063 310 2109 nuribusque
333 2064 411 2110 regi
430 2063 646 2103 constitutis;
677 2059 755 2108 qui-

103 2119 171 2154 bus
201 2118 289 2166 ipsis
320 2117 469 2166 legitimi
489 2117 668 2166 principes
700 2116 755 2151 di-

104 2174 374 2222 stinguerentur
405 2174 450 2210 ab
483 2174 550 2219 iis,
600 2172 661 2220 qui
689 2183 755 2220 per

105 2229 176 2266 vim
198 2229 332 2266 civibus
354 2230 486 2266 illatam
509 2229 663 2276 bellique
680 2228 755 2265 iure

106 2298 258 2333 regnum
287 2286 536 2334 acquisierint,
578 2297 670 2333 quos
698 2288 755 2331 ty-

107 2354 240 2378 rannos
270 2341 377 2390 vulgo
405 2342 538 2378 dicunt.
594 2340 637 2377 In
662 2352 756 2389 quo-

109 2410 187 2433 rum
215 2410 363 2435 numero
392 2410 439 2435 ne
470 2397 662 2434 haberetur
694 2396 756 2431 Pi-

112 2453 300 2499 sistratus,
353 2454 390 2490 in
422 2453 572 2502 imperio
603 2452 756 2489 admini-

114 2508 261 2544 strando
282 2509 333 2544 nil
358 2509 416 2546 ille
449 2510 517 2545 sibi
542 2509 670 2545 sumsit
686 2507 755 2544 nisi

114 2575 206 2610 quae
234 2564 378 2611 regibus
401 2565 590 2613 legitimis,
620 2577 659 2601 re
688 2577 756 2613 pu-

113 2618 205 2654 blica
221 2619 381 2667 integra,
413 2621 496 2657 olim
524 2632 696 2657 concessa
717 2623 755 2656 et

111 2674 245 2710 tributa
279 2676 430 2712 fuerunt.
485 2676 642 2723 „Verba
688 2673 754 2714 ε’πὶ

114 2733 215 2768 τοῖσι
261 2734 491 2770 κατεστεῶσι
536 2732 617 2768 hinc
662 2736 751 2768 vert.

113 2789 179 2822 mit
212 2785 419 2834 Erhaltzmg
452 2787 524 2824 und
566 2786 754 2835 Schonwzg

114 2841 173 2878 der
238 2843 455 2879 bestelzemlen
529 2842 754 2891 Verfassung.

115 2897 223 2935 Plura
252 2898 435 2936 Lambert.
463 2899 550 2938 Bos.
579 2900 754 2937 Observv.

812 717 904 754 critt.
936 728 991 764 cp.
1012 717 1049 755 3.
1074 714 1224 752 Herald.
1247 716 1283 753 in
1303 715 1456 754 Salmas.

812 772 923 808 Obss.
956 771 1004 807 ad
1034 771 1093 807 lus
1122 771 1194 808 Att.
1222 777 1257 810 et
1282 773 1388 808 Rom.
1413 773 1458 817 V,

814 827 866 868 14
904 826 940 878 ἓ.
981 829 1019 867 9.
1067 827 1219 864 Fundus
1269 829 1457 865 locutionis

812 884 1080 932 quodammodo
1110 884 1344 921 Homericum
1370 884 1458 920 illud

813 941 979 989 (Odyss
1011 940 1098 985 HI,
1142 942 1221 981 150
1257 941 1343 989 ibiq.
1384 939 1460 976 Eu-

813 997 920 1033 stath.
940 1009 1025 1046 pag.
1047 999 1128 1037 278
1149 997 1274 1043 Bas.):

926 1075 981 1080 ——
1019 1051 1132 1104 γέρας
1163 1048 1204 1090 δ’
1229 1049 1301 1099 ὅ,τι
1333 1052 1459 1104 δῆμος

1089 1107 1274 1147 ἓ’δωκεν.“

819 1164 885 1201 Cr.
916 1163 959 1200 In
996 1164 1126 1213 quibus
1155 1166 1271 1202 verbis
1302 1165 1458 1214 Ulysses

814 1222 861 1258 de
889 1220 1093 1257 Phaeacum
1121 1222 1330 1271 proceribus
1347 1221 1462 1275 γέρας

814 1277 935 1313 fundis
957 1278 1036 1325 regi
1059 1290 1081 1313 a
1109 1278 1245 1327 populo
1276 1280 1462 1316 concessis

814 1332 982 1380 intelligit
1026 1333 1061 1369 Τ
1064 1334 1228 1370 ittmann.
1270 1334 1462 1380 (Darstell.

815 1389 850 1424 d.
864 1387 1008 1424 Griech.
1032 1389 1244 1427 Staatsx'erf.
1265 1402 1351 1439 pag.
1371 1392 1460 1438 73),

816 1444 877 1493 qui
897 1444 993 1480 idem
1015 1443 1240 1492 Thucydidis
1269 1447 1380 1482 verba
1401 1459 1465 1482 su-

814 1513 882 1550 pra
904 1498 1045 1549 prolata
1066 1498 1130 1538 ἐπὶ
1154 1500 1305 1551 ῥητοῖσι
1325 1501 1463 1553 γέρασι

816 1557 865 1593 ad
884 1568 1011 1603 regum
1028 1557 1178 1604 reditus,
1199 1558 1344 1596 minime
1363 1572 1463 1604 vero,

816 1617 856 1650 ut
880 1612 990 1660 wilgo
1014 1612 1076 1658 fit,
1117 1614 1164 1649 ad
1194 1615 1271 1651 iura
1295 1627 1466 1652 munera-

820 1682 892 1718 que
924 1682 1049 1706 eorum
1076 1671 1187 1707 refert
1217 1676 1280 1720 (p.
1312 1673 1365 1711 68
1387 1676 1463 1708 not.

818 1728 871 1766 69
892 1725 914 1764 l.
928 1725 988 1773 l.).
1050 1725 1155 1769 Quae
1172 1727 1257 1763 mihi
1275 1732 1370 1764 certe
1392 1741 1465 1764 uon

819 1782 1012 1833 persuasit.

878 1836 927 1875 ἕν
941 1852 956 1875 ε
967 1852 992 1887 μ
1007 1850 1023 1874 ε
1047 1835 1121 1886 τήν
1137 1833 1265 1884 πόλιν]
1278 1839 1320 1875 ln
1336 1838 1467 1874 Aldina

824 1891 945 1942 ἒὶιιενε,
976 1894 1075 1940 quod
1096 1894 1265 1931 Reiskius
1296 1896 1468 1943 praefert,

823 1950 869 1985 de
897 1948 1037 1995 legibus
1066 1949 1296 1997 intelligens,
1337 1950 1468 1997 quibus

821 2003 1031 2039 Pisistratus
1060 2005 1221 2051 steterit,
1260 2005 1358 2041 haud
1390 2019 1469 2042 niu-

822 2060 916 2096 tatis.
935 2058 1110 2096 Plutarch.
1137 2060 1163 2097 l.
1182 2060 1204 2096 l.
1235 2062 1281 2098 de
1300 2061 1471 2097 Pisistra-

822 2119 881 2152 to:
921 2110 1110 2164 ἐφύλαττε
1140 2113 1215 2168 γὰρ
1243 2114 1336 2162 τούς
1363 2117 1468 2155 πλεί-

824 2183 939 2217 στους
984 2167 1128 2222 νόμους
1164 2174 1237 2210 τοῦ
1271 2171 1468 2219 Σόλωνος,

824 2225 945 2277 ἓμμέ
961 2242 982 2265 v
997 2243 1060 2266 ων
1082 2231 1236 2275 πρῶτος
1263 2224 1382 2275 αὕτός
1401 2227 1471 2267 καὶ

823 2280 917 2329 τούς
943 2283 1084 2332 φίλους
1107 2280 1353 2336 α’ναγκᾶζων.
1383 2286 1470 2322 Plu-

824 2352 863 2376 ra
900 2341 947 2376 de
984 2341 1052 2378 hoc
1091 2342 1200 2378 verbo
1249 2342 1377 2390 collegi
1422 2342 1471 2378 ad

823 2395 1095 2445 Philopoemen.
1150 2410 1235 2446 pag.
1294 2400 1358 2439 10.
1406 2400 1471 2438 11.

825 2452 930 2494 Quae
949 2456 1069 2490 tamen
1092 2453 1238 2491 minime
1268 2467 1311 2491 eo
1339 2454 1472 2501 valent,

823 2512 863 2543 ut
890 2508 1139 2546 Herodoteam
1170 2509 1360 2548 lectionem
1392 2510 1470 2546 vul-

823 2567 946 2612 gatam
984 2564 1062 2601 loco
1093 2571 1282 2613 moveant,
1322 2567 1360 2602 in
1398 2579 1472 2615 qua

823 2618 957 2669 νέμειν
993 2622 1039 2658 de
1076 2622 1249 2670 regimine
1285 2623 1381 2659 urbis
1415 2623 1472 2658 di-

822 2680 938 2724 ctum,
968 2682 1006 2713 ut
1026 2676 1082 2724 V,
1114 2681 1180 2718 71.
1209 2681 1274 2720 29.
1305 2681 1370 2720 92.
1404 2682 1471 2716 ete.

1039 2760 1147 2812 Cap.
1175 2760 1257 2798 LX.

882 2839 1138 2891 ἐξελαύνουσί
1157 2847 1239 2894 μιν]
1268 2846 1380 2889 Quod
1399 2859 1473 2895 quo

821 2905 988 2952 tempore
1005 2901 1241 2952 probabiliter
1263 2903 1309 2938 sit
1320 2904 1469 2947 factmn,

1165 2958 1259 2997 10*
