1909 3228
468 221 552 261 650

466 329 535 381 νιξ
544 344 553 354 ·

466 408 649 464 καὶγὰρ
683 407 735 464 δὴ
773 410 844 452 καὶ
885 408 1066 459 σπάνιος
1108 410 1314 468 ἐπιφοιτᾷ
1351 422 1449 466 equ,

439 488 561 545 2(ώς
596 487 920 531 φΗλιουπολῖτοιι
960 489 1158 545 λέγουσι)
1201 492 1509 533 πεντακοσίων.

467 567 514 611 δὲ
542 565 638 610 τότε
669 568 796 622 φασὶ,
827 566 958 611 ἐπεάν
987 570 1031 611 οἱ
1059 567 1266 625 ἀποθάνῃ
1297 568 1321 612 ὁ
1351 569 1503 627 πατήρ.

861 220 1341 261 HERODOTI

614 328 696 385 ἐγώ
736 331 815 385 μὲν
852 347 929 384 μιν
963 327 1044 372 οὐκ
1085 327 1226 382 εἶδον,
1272 332 1309 374 εἰ
1337 331 1395 388 μή
1427 332 1533 376 ὅσον
1561 336 1727 389 γραφῇ·

1500 412 1570 456 διὰ
1602 412 1729 456 ἐτέων

1570 496 1730 547 φοιτᾶν
1741 499 1785 532 90

1552 571 1639 614 ἔστι
1669 571 1726 622 δὲ,

466 648 503 690 εἰ
535 650 588 704 τῇ
617 651 766 703 γραφῇ
799 645 1066 702 παρόμοιος,
1113 648 1290 691 τοσόσδε
1320 649 1394 692 καὶ
1423 648 1616 693 τοιόσδε·
1677 648 1730 691 τὰ

466 725 545 783 μὲν
574 725 712 769 αὐτοῦ
740 725 993 782 χρυσόκομα
1018 730 1106 770 τῶν
1136 732 1326 782 πτερῶν,
1359 730 1411 771 τὰ
1433 728 1505 782 δὲ,
1537 727 1727 783 ἐρυθρά·

465 804 508 857 ἐς
543 804 596 848 τοὶ
632 804 818 861 μάλιστα
859 807 986 865 αἰετῷ
1034 806 1290 864 περιήγησιν
1326 806 1608 864 ὁμοιότατος,
1654 808 1728 851 καὶ

407 1015 570 1052 rationes
598 1014 682 1052 hinc
713 1018 903 1065 spectant,
949 1028 1060 1065 quae-

408 1085 552 1120 cunque
598 1072 645 1109 de
683 1085 727 1109 eo
761 1073 985 1119 reseruntur,
1014 1073 1060 1109 ad

406 1128 522 1166 solem
543 1132 683 1179 spectat
706 1129 798 1165 adeo
822 1130 937 1165 forma
959 1129 1061 1165 habi-

406 1190 539 1234 tusque
565 1185 640 1221 avis
672 1188 707 1222 et
736 1185 835 1221 color
859 1198 1061 1234 purpureus

406 1254 450 1279 ac
473 1241 698 1291 splendiduS.
729 1241 784 1277 Ex
802 1242 948 1288 Arabia,
969 1255 1062 1291 quae

407 1299 556 1336 orientis
595 1297 678 1334 solis
705 1302 763 1335 est
795 1302 910 1345 terra,
949 1299 1063 1348 proti-

407 1355 492 1393 cisci
523 1355 681 1401 dicitur,
712 1359 855 1405 patrem
882 1358 1062 1392 mortuum

407 1413 451 1462 (i.
465 1425 495 1449 e.
516 1415 657 1461 tempus
680 1411 1062 1460 praeterlapsum,hoc

407 1481 584 1507 annorum
604 1466 703 1516 cyclo
727 1467 950 1515 absolutum)
964 1481 1060 1515 myr-

406 1525 471 1562 rha
482 1524 529 1561 ad
542 1523 600 1560 ovi
617 1525 728 1559 instar
746 1523 942 1559 involutum
957 1524 1059 1570 (nam

405 1584 551 1630 tempus
594 1580 829 1629 praeteritum
885 1579 1061 1617 inclusum

407 1637 512 1686 quasi
532 1640 676 1673 tenetur
696 1648 762 1672 nec
788 1649 948 1684 unquam
975 1636 1060 1673 inde

407 1693 502 1732 elabi
522 1693 664 1742 potest)
686 1691 870 1728 delaturus
883 1692 1060 1741 Heliopo-

405 1750 506 1801 polin
524 1750 546 1785 i.
561 1762 590 1785 e.
616 1748 711 1784 Solis
733 1749 768 1783 in
788 1750 910 1785 urbem
925 1762 935 1793 ·,
953 1749 1061 1798 quip-

405 1819 453 1855 pe
472 1805 536 1841 Sol
557 1809 629 1852 est,
651 1804 711 1852 qni
735 1808 875 1854 tempus
895 1810 1058 1853 praeter-

404 1861 549 1912 lapsum
580 1862 616 1898 in
643 1873 682 1897 se
702 1862 805 1909 quasi
831 1860 981 1911 recipiat
1003 1863 1059 1897 at-

405 1931 479 1967 que
501 1918 656 1964 condat,
686 1928 819 1954 novum
839 1920 982 1966 tempus
993 1917 1058 1952 de-

404 1987 478 2011 nuo
498 1975 671 2011 editurus.
728 1975 832 2011 Haec
862 1973 986 2023 paucis
1010 1974 1057 2010 ad

404 2030 677 2079 intelligentiam
706 2030 852 2068 fabulae
886 2029 1058 2066 Herodo-

403 2091 486 2125 teae
513 2087 695 2124 declarata
722 2100 818 2124 nunc
854 2086 1057 2132 suffieiant3

405 2157 501 2193 quae
519 2144 581 2194 qui
598 2144 838 2194 reputaverit,
869 2143 898 2179 is
928 2143 1059 2193 opinor

403 2201 603 2249 intelliget,
633 2214 696 2238 cur
717 2204 866 2250 postera
894 2199 1057 2249 inprimis

404 2261 527 2295 aetate
563 2257 730 2306 adeoque
771 2255 962 2294 christiana
989 2268 1056 2306 pro

403 2313 681 2351 immortalitatis
723 2317 759 2351 et
798 2314 1058 2349 resurrectionis

402 2369 568 2420 symbolo
589 2370 747 2421 phoenix
770 2369 912 2406 habitus
935 2369 1055 2406 suerit.

461 2423 536 2476 ἐγω
566 2425 636 2477 μέν
662 2441 730 2477 μιν
760 2421 835 2465 ov’n
864 2422 993 2472 εἶδον,
1023 2424 1059 2463 εἰ

405 2498 459 2533 μη
482 2478 576 2522 όσου
597 2481 757 2536 γραφη]
796 2482 936 2519 Indicat
953 2486 1058 2531 pater

402 2538 604 2587 historiae,
649 2552 688 2577 se
731 2539 983 2575 tantummodo
1013 2550 1055 2574 ex

399 2597 543 2645 pictura
576 2609 638 2632 seu
663 2597 798 2646 pictam
839 2594 1055 2643 cognovisse

404 2664 518 2689 avem.
577 2652 652 2689 Ubi
680 2651 897 2688 locutionem
920 2653 1057 2704 γραφῇ

404 2706 607 2757 Euripideis
638 2707 724 2746 locis
757 2707 850 2744 binis
888 2707 1059 2757 (Hippol.

409 2764 528 2803 1005.
568 2763 710 2801 Troad.
747 2764 859 2812 682)
905 2763 1059 2800 illustrat

406 2817 681 2866 Valckenarius3
712 2821 806 2857 conf.
826 2820 881 2867 ΙΙ,
906 2821 972 2861 78.
1009 2819 1059 2856 Et

406 2885 534 2923 reapse
572 2875 622 2912 sic
668 2876 804 2927 pictam
848 2879 1058 2927 repererunt

1129 1029 1232 1054 avem
1250 1017 1286 1053 in
1315 1017 1556 1054 monumentis
1583 1015 1785 1067 Aegyptia-

1130 1075 1179 1110 cis
1202 1074 1299 1110 docti
1320 1074 1438 1119 Galli3
1469 1078 1527 1121 ut,
1549 1087 1643 1122 quae
1662 1074 1783 1110 Hero-

1131 1131 1238 1167 dotus
1260 1130 1412 1176 scribat,
1435 1130 1519 1167 iude
1541 1130 1677 1179 optime
1696 1143 1784 1166 con-

1129 1187 1272 1224 firmata
1296 1187 1533 1223 inveniantur.
1564 1185 1644 1222 vid.
1668 1186 1785 1223 Creu-

1130 1244 1205 1281 zeri
1226 1243 1348 1279 laudd.
1369 1242 1391 1279 l.
1415 1243 1435 1279 l.
1467 1255 1552 1292 pag.
1571 1241 1652 1284 439
1674 1255 1750 1292 seq.

1188 1298 1241 1346 ὥς
1275 1298 1568 1338 Ἡλιουπολῐται
1603 1296 1782 1350 λέγουσι]

1129 1356 1320 1405 Intelligit,
1369 1356 1478 1393 credo
1494 1384 1505 1403 ,
1554 1356 1782 1392 sacerdotum

1129 1413 1336 1461 collegium,
1368 1412 1467 1460 quod
1501 1424 1676 1448 summum
1705 1411 1783 1448 He-

1128 1469 1249 1519 liopoli
1268 1469 1434 1504 floruisse
1453 1469 1666 1518 accepimus.
1698 1467 1780 1504 vid.

1128 1538 1237 1575 supra
1258 1524 1304 1561 ad
1328 1524 1381 1570 lI,
1406 1525 1443 1564 3.
1467 1527 1503 1563 7.

1183 1578 1230 1619 τοὶ
1270 1577 1341 1630 μὲν
1389 1575 1515 1618 αὐτοῦ
1555 1575 1781 1629 χρυσόκομα

1128 1639 1206 1676 τῶν
1230 1638 1406 1685 πτερῶν]
1431 1636 1566 1672 Plinius
1588 1637 1635 1672 H.
1659 1635 1707 1673 N.
1732 1637 1779 1684 X,

1128 1697 1172 1735 2:
1199 1693 1379 1742 „aquilae
1405 1697 1571 1729 narratur
1600 1693 1780 1741 magnitu-

1127 1751 1232 1797 dine,
1264 1750 1340 1786 auri
1379 1749 1521 1796 fulgore
1560 1749 1650 1785 circa
1678 1748 1780 1796 colla,

1127 1810 1247 1842 cetera
1275 1805 1512 1855 purpureus“
1554 1809 1590 1841 et
1626 1804 1780 1843 Achilles

1127 1861 1259 1898 Tatius
1276 1861 1325 1897 lll
1346 1875 1401 1911 cp.
1415 1861 1467 1901 25
1485 1874 1519 1910 p.
1533 1860 1612 1901 215
1635 1874 1710 1911 s.p.
1726 1864 1780 1903 80

1126 1917 1196 1956 Iac.
1224 1916 1455 1968 κεκέρασται
1487 1914 1558 1967 μὲν
1590 1913 1637 1955 τοὶ
1658 1914 1780 1969 πτερᾶ

1126 1976 1260 2028 χρυσῷ
1295 1973 1362 2013 καὶ
1405 1975 1608 2027 πορφυρᾷ.
1675 1974 1782 2018 Quae

1126 2032 1241 2068 affero
1263 2060 1273 2078 ‚
1310 2043 1356 2068 ne
1386 2031 1466 2079 quis
1491 2044 1570 2067 cum
1604 2030 1781 2068 salmasio

1127 2088 1196 2135 (ad
1213 2087 1326 2124 Solin.
1353 2101 1388 2137 p.
1408 2087 1489 2128 385
1504 2116 1514 2133 ‚
1537 2087 1588 2135 b)
1612 2087 1670 2124 hic
1694 2088 1780 2123 scri-

1125 2145 1285 2181 bendum
1311 2148 1415 2194 putet
1440 2138 1682 2193 χρυσόκοκκα
1712 2156 1779 2192 pro

1126 2197 1374 2251 χρυσόκομας
1405 2200 1603 2248 quodcum
1629 2200 1778 2236 denotet

1126 2259 1234 2294 aurea
1253 2257 1354 2292 comit
1376 2257 1589 2292 instructum
1605 2283 1614 2301 ‚
1645 2255 1701 2292 hic
1716 2269 1778 2293 ae-

1125 2326 1197 2362 que
1217 2313 1309 2349 bene
1337 2312 1384 2348 ad
1411 2324 1556 2348 aureum
1576 2324 1777 2360 pennarum

1125 2370 1200 2405 avis
1220 2368 1372 2405 colorem
1391 2369 1617 2405 transfertur.
1657 2368 1778 2417 Atque

1124 2425 1178 2461 his
1199 2425 1288 2474 ipsis
1310 2425 1487 2461 coloribus
1501 2455 1510 2471 ‚
1531 2436 1641 2461 aureo
1665 2429 1700 2461 et
1717 2437 1778 2460 ru-

1124 2481 1212 2528 bro,
1243 2482 1357 2531 pictas
1385 2481 1459 2518 axis
1491 2493 1632 2531 pennas
1661 2480 1779 2517 adhuc

1123 2538 1364 2588 conspicimus
1419 2538 1456 2574 in
1513 2535 1777 2586 Aegyptiorum

1122 2594 1386 2640 monumentis,
1407 2598 1577 2630 monente
1599 2593 1777 2629 loinardo.

1125 2651 1234 2688 Cons.
1257 2651 1427 2687 Creuzer.
1447 2650 1468 2686 l.
1493 2649 1513 2685 l.
1538 2662 1623 2698 pag.
1639 2649 1721 2690 440
1740 2652 1777 2686 et

1125 2720 1219 2757 quae
1239 2707 1394 2743 citantur
1411 2706 1456 2742 ab
1468 2705 1776 2743 Henrichsen.l.l.

1123 2776 1210 2815 pag.
1230 2765 1254 2804 7
1287 2767 1364 2799 not.
1383 2764 1445 2803 17.

1182 2818 1221 2865 ἐς
1260 2834 1307 2857 τα
1341 2813 1511 2882 μάλιστα
1548 2816 1667 2867 αἰετῷ
1701 2830 1775 2855 πε-

1126 2891 1148 2928 ρ
1161 2871 1210 2927 ιή
1225 2891 1246 2928 y
1257 2890 1282 2927 η
1297 2886 1319 2914 σ
1331 2890 1344 2914 ι
1355 2890 1378 2915 ν
1398 2870 1641 2926 ὁμοιότατος]
1672 2871 1711 2920 ἐς
1727 2868 1773 2911 τοὶ
