1877 3223
108 545 140 572 Ι·ι
145 546 251 572 azontu
236 552 282 572 um
298 478 379 571 δῖἓ

111 579 178 638 ιίιιιιΙΙ
229 579 248 604 s.
250 582 310 604 ictu
293 586 360 605 u:m

110 611 157 638 div
174 588 202 638 iii
235 611 369 638 'l'elrncs-

110 653 213 673 nenses
232 645 368 673 consulti

433 219 516 258 198

435 327 516 368 τοῦ
552 322 753 377 ξεινικός,
799 324 941 368 πάντα
991 325 1139 382 ἀφεὶς,

833 216 1294 257 HERODOTI

1199 326 1441 371 διεσκέδασε
1455 342 1464 351 ·
1515 326 1684 384 οὐδαμὰ

436 403 610 454 ἐλπίσας
639 400 697 458 μή
725 419 823 446 κοτε
853 402 938 459 ἄρα
975 403 1296 461 ἀγωνισάμενος
1323 404 1436 448 οὕτω
1465 411 1684 463 παραπλη-

437 484 538 532 σίως
568 484 716 534 Κῦρος
744 481 882 527 ἐλάσει
911 483 980 526 ἐπὶ
1012 481 1189 537 Σάρδις.

1272 487 1416 527 Ταῦτα
1446 484 1681 542 ἐπιλεγομέ-
1693 493 1710 526 1

439 577 503 619 νῳ
552 561 727 616 Κροίσῳ
766 561 815 604 τό
854 560 1116 616 προάστειον
1144 564 1234 605 πᾶν
1263 561 1406 618 ὀφίων
1435 562 1684 620 ἐνεπλήσθη.

441 637 684 693 φανέντων·
699 639 745 682 δὲ
774 640 941 692 αὐτῶν,
981 642 1024 683 οἱ
1053 642 1177 683 ἵπποι
1211 640 1418 696 μετιέντες
1446 640 1521 692 τὰς
1549 643 1687 696 νομὰς

440 716 667 771 νέμεσθαι,
702 719 946 774 φοιτέοντες
983 720 1234 775 κατήσθιον.
1295 717 1432 763 ἰδόντι
1471 719 1518 763 δὲ
1553 722 1685 763 τοῦτο

383 888 542 938 einigten
581 887 729 927 Heeren
763 890 829 928 der
867 889 1031 929 Vasallen

383 945 576 983 bestand.“

438 998 570 1039 πάντα
611 995 752 1050 ἀφεὶς]
802 1000 1028 1052 Reliquiinus

384 1056 630 1094 Gaisfordium
665 1057 880 1096 scribentem
916 1054 1028 1106 α’πεὶς

383 1125 464 1150 cum
484 1113 698 1160 Schaefero‚
738 1114 929 1152 addicente
953 1128 1026 1152 uno

381 1168 476 1206 libro
494 1172 625 1206 vetere.
683 1169 767 1206 Scio
784 1171 953 1219 equidem
969 1171 1027 1207 Ιο-

382 1236 447 1262 nes
468 1225 504 1262 in
524 1225 732 1276 compositis
751 1227 871 1264 verbis
888 1227 1027 1278 aspira-

380 1281 515 1318 tionem
550 1280 757 1330 negligere;
807 1295 875 1320 nec
905 1288 1028 1321 tamen

381 1340 606 1375 constantem
624 1338 660 1374 in
687 1336 743 1374 his
774 1339 887 1376 fuisse
907 1339 1027 1377 Hero-

382 1392 528 1439 dotum,
569 1392 638 1430 alia
660 1394 827 1431 evincunt
850 1395 1027 1444 exempla,

383 1460 478 1496 quae
515 1448 651 1486 notavit
694 1448 824 1486 Matth.
861 1463 897 1500 p.
933 1450 1026 1492 514.

382 1503 479 1540 Add.
499 1504 548 1540 ad
566 1515 651 1554 pag.
679 1506 734 1547 94
763 1505 823 1542 lin.
844 1509 880 1547 2.
936 1506 1028 1543 Inde

382 1559 553 1597 librorum
595 1559 779 1598 meliorum
826 1562 1029 1599 auctoritati

382 1614 488 1651 nobis
513 1615 837 1665 obtemperandum
853 1618 1028 1655 suit.1n

382 1682 487 1719 seqq.
517 1683 597 1708 cum
624 1671 741 1709 Gaisf.
769 1673 933 1710 dedimus
961 1669 1028 1713 ου’-

383 1722 497 1792 δαμα
515 1739 584 1776 pro
596 1723 787 1778 ου’ὃαμᾶς
816 1729 950 1776 couf.I‚
962 1730 1026 1771 56.

439 1776 596 1832 ουὸαμᾶ
609 1782 769 1830 ἐλπίσας
779 1780 834 1834 μή
851 1799 940 1824 ποτε
952 1782 1029 1834 α’ρα

381 1829 679 1889 ἆγωνισᾶμενος
699 1835 803 1878 οὕτω
825 1844 1027 1907 παραπλη-

381 1894 479 1939 σίως
509 1895 644 1945 Κῦρος
677 1891 804 1934 ἐλάσει
831 1895 896 1936 ἐπὶ
924 1892 1028 1947 Σαρ-

381 1946 468 2000 δις]
497 1948 571 1987 1122.-
575 1963 613 1988 ετ
616 1951 661 1988 bo
672 1949 841 1999 ἐλπίζειν
852 1953 1030 2003 sperande,

380 2005 628 2053 existimandi,
658 2008 812 2057 putandi
847 2009 1029 2058 significa-

380 2062 432 2100 fio
446 2060 503 2098 hic
521 2062 652 2100 transit
673 2063 711 2101 in
728 2064 1028 2113 significationem

381 2116 534 2159 timendi.
577 2116 636 2156 De
656 2131 729 2168 qua
747 2119 871 2169 Viget.
893 2135 929 2171 p.
946 2121 1028 2162 244

381 2173 517 2211 consul.
552 2171 647 2212 Add.
666 2175 856 2214 Demosth.
877 2177 1026 2226 Olynth

380 2227 398 2267 1
415 2230 528 2279 p.18
544 2229 672 2268 Reisk.
727 2230 784 2269 Eo
805 2244 952 2282 quoque
970 2244 1027 2270 re-

380 2285 468 2323 sewi
490 2286 602 2324 debet
626 2290 804 2325 structura
832 2287 1026 2339 particulae

383 2337 439 2391 μή
466 2347 640 2391 sequente
670 2343 812 2407 futuro,
841 2345 940 2394 quod
971 2343 1028 2381 hic

383 2396 541 2435 editores
547 2399 741 2461 nuperrimi
749 2399 920 2465 (excepto
928 2399 1027 2437 Mat-

382 2451 499 2499 thiae,
531 2454 591 2501 qui
615 2455 761 2493 retinuit
779 2451 917 2510 ἐλάση)
946 2455 1024 2492 loco

382 2508 593 2546 coniunctivi
627 2508 771 2566 ἐλάσῃ,
810 2524 918 2561 quem
945 2510 1024 2548 libri

382 2562 547 2613 plerique
580 2568 725 2615 tenent,
778 2569 1021 2606 restituerunt.

383 2617 526 2656 Monuit
550 2620 596 2658 de
621 2624 731 2660 futuri
757 2624 937 2661 indicativi
957 2636 1024 2660 usu

383 2675 417 2710 in
455 2675 659 2715 huiusmodi
698 2680 858 2717 formulis
895 2679 1023 2717 Maith.

385 2727 544 2790 §.N519,
573 2735 599 2773 7
636 2746 721 2784 pag.
754 2737 847 2777 998.
905 2735 1025 2773 Verba

386 2798 487 2824 ουτω
507 2791 789 2840 παραπλησίως
807 2798 927 2830 verte:
952 2796 1025 2828 tam

382 2852 490 2892 aequo
515 2841 656 2894 Marte,
686 2860 763 2885 cum
787 2861 934 2887 numero
965 2861 1024 2886 co-

1098 891 1237 940 piarum
1255 893 1416 941 quamvis
1435 890 1740 942 superiorCyrus‚

1096 951 1218 983 tamen
1244 947 1341 984 haud
1378 949 1501 985 vicerit
1527 948 1593 985 sed
1624 960 1742 997 aequo

1096 1000 1216 1039 Marte
1227 1015 1394 1052 pugnans
1412 1016 1432 1041 e
1451 1002 1587 1053 proelio
1606 1003 1742 1042 disces-

1096 1058 1193 1095 serit.

1253 1140 1362 1192 Cap.
1391 1140 1596 1180 Lxxvm.

1150 1222 1359 1274 φανέντων
1390 1223 1433 1264 δὲ
1455 1221 1642 1276 αὐτῶν]
1673 1220 1742 1264 oni-

1094 1283 1149 1320 τῶ
1155 1295 1174 1319 ν
1193 1294 1317 1318 rursus
1336 1295 1415 1320 cum
1429 1282 1545 1320 Gaiss.
1565 1282 1743 1329 dedimus,

1095 1337 1266 1374 librorum
1292 1338 1524 1388 plurimorum
1558 1351 1602 1376 ex
1619 1342 1744 1375 aucto-

1096 1394 1212 1430 ritate.
1234 1413 1289 1421 —
1308 1394 1350 1430 lu
1370 1395 1532 1445 proxime
1551 1393 1741 1431 antecedd.

1096 1447 1344 1499 ἐπιλέγεσθαι
1367 1454 1422 1488 est
1441 1462 1552 1487 secum
1570 1453 1743 1500 reputare,

1094 1507 1260 1553 cogitare.
1300 1505 1407 1543 Conf.
1427 1506 1464 1553 1,
1488 1507 1552 1547 86.
1582 1505 1629 1552 ll,
1650 1507 1743 1554 120,

1095 1560 1165 1598 alia
1196 1573 1290 1610 quae
1330 1562 1431 1599 dabit
1461 1562 1662 1610 Schweigh.
1705 1561 1743 1598 in

1095 1616 1184 1654 Lex.
1204 1617 1342 1654 Herod.
1362 1631 1392 1654 S.
1407 1630 1440 1654 v.
1471 1618 1743 1666 Significatione

1096 1672 1233 1721 legendi
1251 1674 1428 1711 invenitur
1445 1673 1481 1720 Ι,
1511 1672 1590 1714 125
1614 1678 1651 1710 et
1670 1674 1743 1711 sre-

1095 1733 1288 1778 quentatur
1314 1731 1423 1767 etiam
1455 1729 1675 1776 Pausaniae,
1703 1732 1744 1766 ut

1096 1785 1236 1822 monuit
1254 1785 1418 1823 Siebelis.
1440 1785 1488 1822 ad
1506 1785 1536 1833 I,
1557 1788 1610 1826 12
1625 1783 1662 1835 ἓ·
1673 1785 1712 1826 3·

1154 1840 1195 1878 οἷ
1218 1840 1334 1880 ι’πποι
1364 1839 1555 1891 μετιέντες
1586 1837 1656 1887 τοὶς
1677 1855 1742 1880 νο-

1097 1892 1175 1961 μοῖς
1191 1895 1402 1948 νέμεσθαι,
1432 1895 1655 1946 φοιτέοντες
1673 1911 1741 1936 κα-

1096 1947 1291 2003 τήσθιον]
1322 1951 1441 2002 φοιτέ
1452 1968 1472 1992 ο
1484 1967 1581 2000 ντες
1608 1953 1687 1991 iure
1704 1953 1741 1990 in

1095 2021 1230 2058 magna
1245 2008 1416 2047 librorum
1433 2009 1674 2060 discrepantia
1683 2022 1741 2048 re-

1093 2064 1261 2114 liquimus
1291 2066 1482 2113 intactum,
1520 2070 1560 2102 ut
1596 2065 1741 2103 Ionicae

1094 2125 1203 2170 atque
1220 2121 1454 2159 Herodoteae
1483 2121 1634 2158 dialecto
1662 2132 1740 2157 ma-

1093 2177 1187 2215 xime
1210 2181 1502 2214 consentaneum.
1540 2175 1620 2214 Nec
1644 2188 1738 2226 opus

1094 2236 1171 2270 erat
1200 2245 1280 2268 cum
1314 2231 1552 2270 Valckenario
1583 2231 1738 2270 scribere

1093 2285 1380 2337 ἐσφοιτέοντες
1397 2301 1447 2324 sc.
1470 2284 1512 2327 τὸ
1533 2283 1738 2338 προάστει-

1095 2357 1160 2392 ον,·
1188 2344 1304 2392 magis
1331 2343 1450 2394 placet
1477 2344 1659 2381 distinctio
1691 2344 1737 2381 ab

1093 2399 1152 2437 illo
1169 2401 1292 2449 posita
1310 2404 1395 2437 ante
1405 2397 1605 2450 μετιέντες.
1626 2400 1737 2444 Quod

1093 2455 1250 2504 denique
1281 2460 1441 2493 vertunt:
1487 2483 1512 2502 ,‚
1527 2469 1610 2506 quos
1646 2457 1738 2506 equi,

1092 2515 1132 2548 ut
1150 2511 1407 2561 adlimam-unt,
1434 2515 1556 2549 omisso
1580 2515 1737 2549 consueto

1086 2567 1230 2618 pabulo,
1246 2568 1445 2619 frequentes
1461 2568 1737 2617 deglutiebant,“

1093 2625 1210 2661 minus
1221 2629 1386 2662 accurate
1395 2624 1644 2663 Herodoteam
1653 2637 1735 2663 sen-

1091 2681 1238 2717 tentiam
1254 2680 1303 2718 illi
1332 2680 1512 2729 reddunt,
1540 2693 1633 2731 quae
1653 2680 1735 2718 talis

1090 2738 1166 2774 scre
1210 2741 1283 2774 est:
1342 2738 1460 2786 „equi
1468 2766 1478 2783 ‚
1525 2737 1734 2786 negligentes

1087 2796 1189 2841 pasci
1208 2792 1338 2843 pabulo
1357 2797 1514 2830 consueto
1542 2794 1601 2842 (s.
1624 2794 1659 2830 in
1680 2793 1733 2830 lo-

1092 2850 1141 2886 cis
1167 2850 1376 2898 consuetis)
1397 2848 1633 2900 adgredientes
1653 2849 1728 2896 (sc.
