1909 3228
558 218 978 256 EUTERPE.
1037 218 1082 255 ΙΙ.

1355 218 1440 259 597

178 331 406 384 γυναῖκες,
458 329 590 370 νεῦον
619 324 668 369 τό
709 329 895 379 αἰδοῖον,
946 325 999 370 οὐ
1030 329 1173 383 πολλῷ
1202 325 1283 384 τέῳ
1314 325 1438 370 ἔλασ-

149 409 261 450 4σον
290 406 365 449 {dv
393 410 472 450 τοῦ
503 405 637 448 ἄλλου
668 405 878 460 σώματος.
924 405 1176 461 προηγέεται
1205 405 1250 448 δὲ
1281 403 1494 456 avistris-50

151 487 229 528 5αἵ
267 485 311 528 δὲ
349 485 525 528 ἕπονται
566 483 790 528 ἀείδουσαι
829 485 905 528 τὸν
944 484 1178 528 Διόνυσον.

1241 483 1350 527 διότι
1389 484 1435 527 δὲ

178 564 306 620 μέζον
345 580 389 607 τε
423 564 505 619 ἔχει
544 563 593 606 τὸ
625 566 817 616 αἰδοῖον,
865 564 938 607 καὶ
975 563 1105 606 κινέει
1143 567 1314 619 μοῦνον
1355 565 1436 606 τοῦ

179 643 399 698 σώματος,
449 643 538 686 ἔστι
578 641 706 696 λόγος
744 643 842 696 περὶ
884 640 1022 685 αὐτοῦ
1063 641 1156 696 ἱρὸς
1196 641 1437 698 λεγόμενος.

55 725 121 771 49
167 721 280 778 Ἤδη
311 717 373 765 ὦν
403 722 542 765 δοκέει
581 739 657 777 μοι
689 719 962 778 Μελάμπους
1001 719 1025 765 ὁ
1054 721 1321 778 Ἀμυθέωνος
1359 724 1433 777 τῆς

123 953 236 992 ὂοῖον
260 966 295 990 κ.
315 966 347 990 τ.
368 953 424 999 λ.,
455 951 491 987 in
522 950 578 987 his
610 951 773 988 mutandi

121 1009 219 1046 nulla
240 1009 333 1044 iusta
351 1020 477 1053 causa3
508 1013 775 1057 proposuerant

122 1067 218 1103 enim
255 1065 401 1113 quidam
442 1070 477 1101 et
533 1066 690 1103 σεῦον
737 1069 774 1101 et

121 1117 344 1161 νεύοντα
378 1134 444 1169 pro
488 1122 631 1167 νεῦον,
675 1121 773 1170 quod

121 1184 160 1215 tu
181 1179 278 1214 refer
310 1177 356 1213 ad
378 1172 581 1228 α’γάλματα
609 1178 774 1213 nomina-

122 1236 306 1283 tivumque
326 1233 448 1281 cogita
466 1233 689 1280 absolutum,
712 1233 772 1270 ubi

122 1291 231 1339 vulgo
259 1294 401 1339 ponunt
433 1290 614 1338 genitivos
647 1302 774 1326 conse-

124 1346 312 1396 quentiae:
343 1341 530 1391 νεύοντος
553 1348 624 1383 τοῦ
650 1345 771 1383 αἰδοί-

124 1418 183 1442 ου,
215 1402 323 1438 Conf.
345 1414 456 1451 supra
474 1401 527 1449 ΙΙ,
547 1401 599 1442 41
627 1406 664 1439 et
678 1402 772 1438 infra

122 1459 177 1507 II,
201 1460 292 1499 133.

178 1511 412 1565 προηγέεται
430 1509 472 1550 δὲ
490 1507 630 1563 αὐλός]
661 1512 771 1549 Tibia

121 1571 304 1608 Bacchicis
322 1569 424 1606 sestis
441 1570 588 1620 propria
601 1569 667 1616 ‚ab
687 1569 771 1606 Osi-

122 1628 201 1665 ride
229 1627 322 1664 adeo
357 1626 505 1662 inventa
543 1626 671 1662 dicitur
698 1626 772 1663 Ae-

124 1683 282 1733 gyptiis,
304 1682 366 1731 qui
386 1683 438 1719 uti
456 1682 492 1718 in
515 1683 624 1718 sacris
644 1695 772 1719 recon-

124 1739 312 1776 ditioribus
352 1738 578 1775 sacerdotum
627 1739 774 1786 cythara

125 1796 180 1832 usi
199 1795 411 1840 videantur,
441 1794 490 1829 ita
512 1794 548 1829 in
569 1794 667 1842 vulgi
689 1807 775 1830 con-

126 1851 293 1888 ventibus
313 1851 496 1897 sacrisque
506 1850 635 1886 Bacchi
652 1849 774 1885 tibiam

125 1907 377 1945 adhibuerlmt.
415 1905 527 1941 Cuius
548 1918 673 1941 causas
689 1917 777 1953 ape-

126 1964 198 2000 ruit
217 1963 387 1999 Creuzer.
403 1961 566 2009 Symbol.
586 1961 603 1998 I
623 1975 661 2012 p.
682 1961 777 2001 448.

128 2020 236 2057 Conf.
256 2018 351 2054 infra
371 2017 402 2053 ΙΙ
417 2046 427 2064 ,
448 2019 513 2058 60.

184 2074 233 2113 αἴ
247 2072 289 2112 δὲ
309 2073 469 2112 ἕπονται
488 2068 693 2111 ἀείδουσαι
711 2068 778 2111 τὸν

128 2127 354 2179 Διόνυσον]
394 2129 677 2175 Lamentantes,
709 2141 778 2178 pu-

127 2193 187 2235 to,
217 2192 253 2224 et
277 2185 436 2223 carmina
457 2185 624 2233 lugubria
644 2197 778 2222 canen-

126 2249 182 2281 tes
201 2244 239 2280 in
259 2242 413 2290 Dionysi
435 2242 627 2289 (Osin‘dis)
661 2253 682 2276 a
701 2240 736 2277 Τ
740 2253 780 2289 y-

128 2301 250 2350 phone
269 2299 363 2336 caesi
376 2299 556 2347 undisque
569 2297 694 2333 traditi
714 2297 780 2333 ho-

130 2369 256 2393 norem
273 2354 445 2404 Aegyptii
469 2355 525 2391 hic
552 2353 778 2391 exhibentur.

132 2412 240 2448 Conf.
263 2411 434 2447 Creuzer.
456 2410 478 2446 l.
504 2410 527 2446 l.

189 2466 267 2505 ἔστι
295 2462 410 2518 λόγος
435 2464 526 2516 περὶ
552 2461 677 2504 αὐτοῦ
699 2461 780 2515 ἷρὸς

132 2517 340 2573 λεγόμενος
358 2521 373 2571 ]
420 2523 557 2559 Sensus
604 2520 780 2558 formulae

132 2579 230 2615 haud
257 2578 419 2615 diversus
450 2591 472 2615 a
502 2577 673 2614 similibus
699 2577 780 2624 illis,

134 2647 227 2684 quas
258 2634 314 2681 ΙΙ,
344 2634 398 2675 46
425 2634 619 2682 attigimus.
676 2633 781 2676 Quae

133 2703 219 2728 vero
241 2689 452 2727 Herodotus
473 2690 591 2738 eloqui
604 2689 705 2726 nefas
716 2690 782 2725 ha-

132 2748 217 2794 bet,
245 2746 371 2796 prodit
390 2745 602 2782 Plutarchus
629 2745 675 2782 de
695 2745 780 2782 Isid.

134 2807 172 2841 et
199 2802 336 2839 Osirid.
362 2814 447 2852 pag.
467 2802 571 2849 358,
587 2801 631 2838 B.
689 2801 781 2838 Cum

135 2859 230 2897 enim
259 2858 375 2896 Osiris
403 2871 426 2896 a
446 2857 630 2909 Typhone
653 2870 781 2896 caesus

844 956 880 989 et
909 952 1108 1002 discerptus
1149 954 1266 999 esset,
1295 950 1361 987 Isis
1399 949 1491 986 illius

843 1009 1005 1045 membra
1060 1008 1209 1045 disiecta
1259 1007 1490 1055 conquirens,

842 1065 1039 1102 membrum
1066 1063 1164 1101 virile
1194 1064 1349 1101 Osiridis
1392 1063 1493 1099 inve-

842 1122 919 1157 nire
946 1120 1041 1157 haud
1060 1120 1200 1171 potuit,
1230 1119 1366 1169 quippe
1394 1131 1415 1155 a
1432 1118 1490 1169 pi-

843 1177 957 1213 scibus
971 1177 1139 1213 continuo
1157 1177 1378 1213 devoratum.
1393 1175 1495 1218 Qua-

841 1246 880 1271 re
898 1233 973 1270 eius
994 1233 1072 1270 loco
1102 1232 1292 1269 substituit
1319 1231 1494 1268 imitando

840 1289 1001 1339 phallum
1043 1291 1325 1336 memoriamque
1353 1288 1405 1324 rei
1445 1287 1495 1324 sic

840 1346 1075 1382 consecravit.
1109 1345 1219 1382 Unde
1234 1345 1380 1389 sactum,
1393 1344 1493 1392 quod

839 1400 877 1437 in
917 1401 1146 1449 Dionysiacis
1194 1400 1295 1436 festis
1344 1404 1494 1435 utuntur

837 1455 971 1506 phallo.
1037 1456 1155 1492 Aliam
1201 1456 1313 1492 refert
1350 1467 1496 1492 causam

840 1512 1011 1549 Clemens
1030 1511 1226 1549 Alexandr.
1253 1511 1290 1547 in
1310 1510 1494 1562 Protrept.

838 1581 924 1619 pag.
945 1570 1011 1610 29.
1029 1571 1095 1610 30.

1033 1653 1143 1703 Cap.
1173 1650 1308 1690 XLIX.

896 1733 976 1788 ἤδη
997 1729 1053 1775 ὦν
1075 1733 1202 1775 δοκέει
1231 1750 1299 1786 μοι
1326 1729 1494 1784 Μελάμ-

841 1808 943 1839 πους
978 1791 1001 1831 ὁ
1026 1789 1281 1842 Ἀμυθέωνος
1312 1805 1347 1828 κ.
1380 1805 1412 1828 τ.
1443 1792 1494 1835 λ.]

841 1848 1086 1898 Melampodis
1120 1861 1236 1896 genus
1261 1846 1309 1883 ad
1341 1845 1495 1883 Aeolum

843 1904 951 1953 vulgo
983 1905 1143 1941 referunt
1190 1904 1340 1951 eiusque
1386 1901 1495 1948 filios,

844 1973 997 2010 quorum
1028 1959 1117 1996 alter
1144 1959 1269 2008 genuit
1297 1957 1496 2005 Amythao-

844 2030 926 2053 nem
941 2045 952 2063 ‚
964 2020 1104 2066 patrem
1114 2014 1374 2064 Melampodis,
1385 2026 1494 2062 quem

846 2085 889 2110 ex
909 2072 1083 2108 Idomena
1110 2074 1330 2120 susceperat.
1387 2068 1497 2106 Plura

845 2127 1055 2179 Apollodor.
1072 2127 1109 2174 Ι,
1129 2129 1168 2173 9,
1190 2129 1240 2167 11
1261 2138 1364 2174 seqq.
1392 2125 1439 2171 ΙΙ,
1456 2128 1496 2172 2,

846 2188 873 2225 2
899 2184 986 2233 ibiq.
1016 2183 1151 2232 Heynii
1173 2183 1336 2219 obserVV.
1367 2194 1403 2231 p.
1427 2182 1495 2222 63.

847 2241 900 2282 65
926 2239 1006 2276 coll.
1028 2240 1205 2276 Herodot.
1232 2238 1299 2284 IX,
1322 2237 1376 2278 34
1396 2236 1496 2283 (VH,

847 2297 961 2344 221).
990 2295 1138 2333 Homer.
1166 2295 1300 2342 Odyss.
1320 2293 1384 2337 XI,
1401 2294 1493 2333 286.

846 2353 929 2399 XV,
950 2355 1030 2393 226
1051 2364 1128 2400 seq.
1168 2350 1313 2388 Nomen
1342 2347 1494 2385 Melam-

842 2408 944 2460 podis
967 2409 1008 2455 (i.
1025 2421 1055 2445 e.
1068 2409 1165 2455 nigri
1178 2406 1343 2456 pedibus)
1366 2418 1409 2441 eo
1420 2404 1498 2454 ple-

846 2478 998 2513 rumque
1022 2465 1208 2510 referunt,
1238 2462 1337 2511 quod
1354 2460 1494 2510 pueruli

848 2520 999 2570 expositi
1018 2520 1131 2570 pedes
1151 2519 1259 2564 nudi,
1278 2516 1416 2566 reliquo
1428 2517 1496 2553 sci-

846 2578 932 2614 licet
963 2589 1115 2626 corpore
1158 2576 1324 2621 obtecto,
1362 2585 1442 2609 cum
1472 2585 1494 2610 a

847 2633 923 2671 sole
951 2634 1240 2669 comburerentur
1258 2659 1269 2678 ‚
1305 2629 1400 2678 nigri
1432 2641 1495 2667 ex-

848 2689 1016 2727 stiterint.
1082 2688 1159 2725 Sed
1202 2686 1318 2737 possis
1367 2685 1496 2735 opinor

848 2746 977 2784 eodem
997 2745 1072 2782 iure
1092 2744 1235 2792 nigrum
1262 2741 1416 2779 colorem
1435 2754 1494 2778 re-

848 2803 945 2839 ferre
975 2801 1023 2837 ad
1049 2799 1266 2850 Aegyptiam
1295 2797 1492 2835 sacerdotis

849 2857 1027 2908 originem
1054 2856 1318 2906 religionesque
1353 2866 1397 2892 ex
1421 2852 1494 2891 Ae-

1487 721 1540 782 gia
1572 757 1647 790 Aeg)
1656 755 1765 790 putica,

1524 720 1705 755 elnmpnclem
1716 728 1760 746 aa<
