1909 3228
477 251 561 291 470

887 247 1347 286 HERODOTI

480 358 698 413 ἐγένοντο,
729 357 865 408 κρίνω
897 353 1179 410 ἰσχυροτάτην
1205 354 1427 410 γενέσθαι·
1468 359 1542 401 καὶ
1572 359 1624 415 δὴ
1656 360 1730 403 καὶ

452 433 767 489 3πυνθάνομαι
797 432 912 476 οὕτω
941 438 1070 476 τοῦτο
1099 431 1346 489 γενόμενον.
1378 439 1525 489 πρῶτα
1549 438 1626 494 μὲν
1644 440 1727 494 γὰρ

479 514 644 568 λέγεται
683 511 842 563 αὐτούς
880 512 1134 564 διαστάντας
1174 512 1216 563 ἐς
1263 511 1474 569 ἀλλήλους
1520 516 1732 568 τοξεύειν·

482 590 585 647 μετὰ
618 591 683 640 δὲ,
728 590 785 642 ὥς
816 602 895 646 σφι
923 591 976 635 τά
1006 592 1131 649 βέλεα
1161 591 1464 644 ἐξετετόξευτο,
1496 594 1733 650 συμπεσόν-

480 685 556 721 τας
584 674 683 728 τῇσι
713 672 886 728 αἰχμῇσί
924 687 967 714 τε
1004 672 1078 715 καὶ
1113 675 1225 715 τοῖσι
1255 672 1539 728 ἐγχειριδίοισι
1567 674 1735 730 συνέχε-

483 753 607 792 σθαι·
655 747 814 805 χρόνον
854 766 897 792 τε
937 748 988 805 δή
1021 750 1088 792 ἐπὶ
1118 749 1282 794 πολλὸν
1321 752 1579 796 συνεστάναι
1607 762 1793 810 μαχο-65

481 827 661 882 μένους,
701 829 774 872 καὶ
805 828 1061 883 οὐδετέρους
1090 828 1253 873 ἐθέλειν
1282 829 1481 886 φεύγειν·
1525 831 1646 884 τέλος
1675 832 1735 885 δὲ,
1780 837 1855 875 101

455 908 530 949 4οί
570 906 850 963 Μασσαγέται
884 908 1192 963 περιεγενέατο.

1252 909 1280 966 ἥ
1316 927 1359 953 τε
1400 910 1452 966 δή
1492 911 1627 968 πολλή
1663 915 1739 967 τῆς

487 989 704 1043 Περσικῆς
734 991 935 1043 στρατιῆς
965 985 1105 1031 αὐτοῦ
1139 987 1275 1045 ταύτῃ
1305 988 1542 1046 διεφθάρη,
1581 991 1653 1034 καὶ
1683 989 1737 1046 δὴ

484 1064 558 1108 καὶ
594 1063 726 1117 αὐτὸς
764 1069 913 1121 Κῦρος
957 1070 1152 1124 τελευτᾷ,
1210 1067 1469 1124 βασιλεύσας
1506 1069 1558 1111 ‘ccc‘
1598 1067 1741 1112 πάντα

456 1141 587 1194 5ἓνὸς
617 1143 769 1188 δέοντα
798 1144 1032 1201 τριήκοντα
1062 1146 1167 1190 ἔτεα.
1213 1143 1348 1189 ἀσκὸν
1379 1148 1424 1190 δὲ
1453 1147 1650 1203 πλήσασα
1679 1147 1798 1190 αἶ’-70

484 1239 619 1278 ματος
655 1221 943 1280 α’νθρωπηΐου
989 1224 1200 1282 Τόμυρις,
1250 1225 1414 1282 ἐδίζητο
1454 1226 1500 1270 ἐν
1538 1232 1653 1270 τοῖσι
1678 1242 1742 1269 τε-

457 1306 651 1346 samam
689 1306 779 1346 τῶν
830 1303 1035 1359 Περσέων
1080 1303 1159 1348 τὸν
1202 1304 1358 1360 Κύρου
1393 1305 1540 1349 νέκυν.

486 1482 759 1537 συμπεσόντας
794 1489 886 1539 τῇσι
918 1487 1081 1541 αἰχμῇσί

374 1570 377 1571 ⁷
431 1555 544 1580 τε-
574 1541 830 1593 συνέχεσθαι]
881 1544 985 1582 Facit
1013 1545 1082 1582 huc

431 1597 603 1647 Hesychii
623 1599 745 1648 glossa
776 1602 821 1647 (t.
844 1600 877 1637 ΙΙ
894 1614 930 1650 p.
951 1602 1080 1650 1305)

432 1653 651 1705 συνέχεται·
703 1656 1081 1706 συμπλέκεται,·

433 1710 729 1762 συμπλέκεσθαι
780 1718 899 1751 autem
940 1719 1083 1751 constat

432 1780 534 1805 esse:
563 1781 686 1805 manus
716 1781 885 1806 conserere
910 1782 986 1806 cum
1013 1770 1083 1806 ali-

433 1837 519 1873 quo,
549 1828 589 1860 ut
625 1824 780 1860 diximus
823 1827 871 1862 ad
900 1825 1081 1862 Plutarch.

431 1879 585 1917 Flamin.
606 1879 658 1917 lv
684 1894 720 1930 p.
740 1882 806 1922 88.
819 1902 875 1908 —
894 1880 953 1918 Ad
973 1892 1083 1920 συνε-

433 1930 628 1974 σταναιίη
650 1949 752 1985 seqq.
777 1938 871 1973 conf.
893 1937 908 1974 I
922 1940 1045 1985 ‚208

490 1990 531 2030 οι
554 1991 813 2045 Μασσαγέται
827 2007 1004 2046 περιεγεν
1017 1992 1084 2032 ἑα-

432 2045 500 2098 το]
531 2047 603 2084 Pro
624 2062 760 2100 περιεγ
775 2047 824 2088 έν
837 2064 944 2089 οντο
960 2051 1085 2088 Ιοιιυιῐι

433 2117 555 2149 mor;e
596 2106 690 2142 conf.
720 2105 899 2144 Matthiae
929 2107 995 2144 Gr.
1019 2107 1084 2144 Gr.

433 2172 519 2209 pag.
542 2159 637 2201 384.
696 2161 850 2199 Transit
880 2163 937 2200 hic
966 2163 1084 2200 subito

434 2215 574 2253 Noster
605 2229 649 2254 ex
677 2219 843 2256 oratione
874 2219 1020 2268 obliqua
1048 2219 1084 2255 in

434 2277 567 2309 rectam
596 2274 796 2311 orationem
808 2303 818 2321 ‚
836 2275 967 2312 oblitus
984 2275 1084 2324 quod

433 2331 543 2365 antea
562 2327 701 2366 dixerat
719 2328 877 2382 λέγεται.
927 2331 1008 2370 Nec
1027 2337 1083 2368 ta-

433 2396 517 2421 men
548 2384 633 2421 talia
659 2387 758 2436 apud
790 2388 947 2437 optimos
977 2400 1086 2437 quos-

435 2452 507 2489 que
549 2441 741 2491 scriptores
771 2443 914 2481 desunt.
941 2464 997 2471 —
1026 2443 1085 2480 Ad

436 2491 562 2533 αὐτοῦ
579 2493 701 2552 ταύτῃ
730 2499 767 2535 in
799 2513 901 2550 seqq.
935 2501 1028 2537 conf.
1057 2499 1088 2548 I,

438 2553 518 2592 189
539 2552 600 2590 fin.

491 2605 724 2656 βασιλεύσας
756 2607 805 2649 τοὶ
837 2606 969 2651 πάντα
1000 2608 1087 2658 ἐνὸς

437 2659 576 2701 δέοντα
601 2662 835 2715 τριήκοντα]
880 2668 1023 2705 Ctesias
1048 2669 1086 2704 in

438 2715 590 2756 Persice.
612 2719 794 2772 Excerptt.
816 2722 852 2773 ᾗ.
878 2725 903 2764 8
934 2725 1087 2771 triginta

438 2783 554 2810 annos
583 2775 718 2823 Cyrum
744 2791 918 2826 regnasse
943 2780 1087 2825 scribit,

440 2840 547 2874 quem
566 2830 729 2880 plerique
748 2834 805 2870 alii
818 2836 1009 2886 scriptores
1030 2849 1087 2873 se-

441 2882 512 2919 cuti
554 2890 655 2934 sunt,
705 2894 743 2925 ut
778 2889 847 2928 illie
885 2891 1086 2929 notavimus

1600 1302 1659 1358 ὦς
1698 1304 1745 1350 δὲ

1147 1503 1234 1541 pag·
1277 1492 1369 1531 116.
1438 1489 1519 1529 Nec
1557 1489 1706 1527 multum
1739 1488 1799 1526 alii

1147 1546 1331 1584 recedunt.
1371 1546 1496 1590 Quare
1511 1546 1714 1585 Lareherus
1732 1559 1800 1595 op-

1147 1607 1302 1653 portune
1331 1603 1418 1651 Cyri
1443 1607 1595 1641 mortem
1614 1601 1734 1641 retulit
1751 1601 1799 1638 ad

1148 1672 1281 1697 annum
1300 1662 1383 1701 530
1406 1672 1438 1695 a.
1463 1659 1548 1696 Chr.
1568 1672 1604 1696 n.

1205 1713 1380 1765 ἐδίζητο]
1411 1714 1509 1752 Male
1540 1715 1625 1752 olim
1645 1713 1804 1760 ἕδίζετω

1149 1770 1233 1807 Vid.
1253 1771 1295 1818 1,
1315 1774 1381 1812 96.
1411 1791 1467 1799 ·—
1495 1770 1537 1807 Iu
1569 1783 1670 1820 seqq.
1691 1769 1803 1807 Wes-

1151 1826 1419 1876 seling.’‚tuetur
1429 1825 1601 1878 ἐναπῆκε
1612 1825 1803 1875 (demisit),

1150 1883 1250 1933 quod
1276 1895 1299 1919 a
1322 1883 1529 1930 Gronovio,
1559 1883 1659 1930 aliis,
1688 1881 1804 1933 pluri-

1150 1952 1290 1977 morum
1316 1938 1486 1976 librorum
1512 1939 1609 1976 iussu
1627 1942 1804 1975 mutatum

1152 2000 1231 2034 erat
1249 1996 1285 2032 in
1302 1994 1502 2046 ἐναπῆπτε
1524 1995 1566 2043 (a
1581 1995 1691 2033 verbo
1715 1993 1802 2034 ἐνα-

1152 2047 1322 2090 ποῖπτειν
1343 2052 1417 2090 sive
1435 2046 1698 2099 ἐναφάπτειν)
1734 2051 1803 2088 hoc

1152 2109 1229 2146 sere
1252 2121 1379 2145 sensu:
1407 2137 1431 2156 „
1445 2108 1625 2156 adligavit
1645 2109 1801 2156 superio-

1151 2167 1186 2201 τί
1204 2167 1294 2201 utris
1313 2166 1385 2211 ori,
1415 2168 1454 2200 ut
1477 2163 1574 2200 modo
1598 2166 1714 2213 posset
1741 2163 1802 2200 de-

1150 2222 1285 2257 mittere
1302 2222 1405 2269 quasi
1423 2219 1471 2256 ad
1491 2218 1705 2269 potandum,
1730 2232 1803 2256 mo-

1152 2276 1196 2313 do
1216 2289 1338 2313 rursus
1357 2276 1553 2323 attrahere,
1573 2279 1614 2312 ut
1632 2277 1802 2313 internat-

1153 2336 1249 2369 teret.
1300 2333 1466 2381 Schwcig
1453 2332 1501 2368 h.
1530 2332 1803 2381 interpretatur:

1152 2392 1284 2439 „caput
1306 2402 1343 2425 m
1362 2401 1462 2425 sacco
1483 2387 1672 2438 suspendit.
1676 2389 1701 2408 “
1727 2387 1804 2425 Sed

1152 2419 1240 2482 inihi
1251 2444 1449 2495 ἐναπηπτε
1461 2444 1684 2481 librariorum
1702 2457 1805 2482 men-

1155 2502 1242 2538 dum
1262 2503 1404 2539 videtur
1415 2531 1425 2549 ‚
1441 2501 1541 2551 quod
1559 2501 1655 2538 idem
1672 2500 1807 2537 iudicat

1155 2571 1284 2595 censor
1303 2558 1339 2594 in
1358 2555 1684 2608 Ephem.1ene11ss.
1697 2557 1805 2597 1817

1155 2626 1210 2651 nr.
1234 2613 1313 2655 165
1342 2626 1430 2664 pag.
1445 2613 1539 2655 384.
1597 2612 1722 2656 Quare
1746 2624 1805 2650 re-

1152 2671 1276 2706 vocavi
1307 2669 1489 2719 ἐναπῆκε.
1526 2690 1581 2697 -—-
1620 2667 1679 2705 Ad
1709 2671 1805 2705 stru-

1153 2730 1290 2762 cturam
1309 2726 1407 2762 verbi
1423 2723 1688 2775 λυμαίνεσθαι
1707 2724 1802 2761 conf,

1154 2781 1203 2817 ΙΙΙ
1219 2812 1229 2829 ,
1251 2783 1302 2822 16
1334 2785 1370 2818 et
1398 2779 1529 2818 Matth.
1551 2780 1713 2818 Gramm.
1735 2779 1800 2816 Gr.

1153 2849 1240 2887 pag·
1265 2838 1358 2878 718.
1391 2858 1446 2865 -
1483 2837 1611 2883 ζῶσαν
1636 2847 1715 2873 cum
1744 2847 1802 2872 re-

1154 2897 1261 2931 centt.
1286 2893 1452 2944 rescripsi
1475 2905 1544 2944 pro
1566 2887 1756 2939 ζώουσαν.
