1909 3228
497 222 581 262 558

947 218 1407 260 HERODOTI

469 333 687 385 Ξρεῦυται.
721 331 833 370 τοῖσι
862 325 1026 370 ἄλλοισι
1056 326 1334 381 ἀνθρώποισι
1361 330 1492 385 νόμος
1511 330 1600 385 ἅμα
1621 328 1743 385 κήδεϊ

495 407 705 460 κεκάρθαι
730 405 807 456 τοὶς
835 405 1030 461 κεφαλάς
1068 406 1171 458 τούς
1198 407 1378 463 μάλιστα
1421 409 1622 452 ἱκνέεται·
1663 410 1741 451 Αἰ-
1753 414 1798 448 95

438 615 483 650 tis·
512 613 696 649 universae
729 612 1024 650 consuetudinem
1062 625 1084 650 a

438 669 583 717 reliquis
612 669 758 705 differre
788 672 1025 715 monstraret‘3
1061 682 1083 706 a

438 738 510 774 qua
530 724 652 774 populi
674 726 933 763 consuetudine
954 739 1000 762 ne
1025 737 1083 762 sa-

436 782 600 819 cerdotes
621 781 766 830 quidem
783 782 911 819 abesse
928 810 939 828 ‚
953 782 989 817 in
1010 781 1084 818 his—

437 851 478 875 ce
505 850 619 886 aeque
647 837 785 875 alienos
814 850 837 874 a
866 837 1083 887 reliquarum

436 894 597 942 gentium
649 893 907 931 sacerdotibus.
992 894 1083 931 Mihi

435 950 530 987 hunc
549 949 664 986 locum
693 950 895 999 perlegenti
924 951 961 986 in
978 963 1082 988 men-

435 1011 509 1044 tem
536 1006 727 1043 veniebant
763 1006 891 1043 similia
930 1006 1082 1044 Indaeo-

435 1075 512 1099 rum
539 1063 723 1109 instituta‚
755 1075 798 1099 ex
815 1062 984 1112 Aegypto
1004 1064 1083 1113 opi-

433 1131 503 1156 nor
521 1119 738 1168 repetenda,
765 1119 802 1156 in
818 1119 967 1157 Levitic.
981 1120 1082 1167 XXI,

437 1178 472 1215 1.
516 1175 553 1215 5.
591 1178 638 1222 6,
682 1175 742 1211 ubi
779 1175 883 1225 plura
921 1176 1083 1226 disputat

434 1232 605 1281 Spencer.
628 1231 673 1269 de
684 1232 757 1269 ritt.
773 1232 1022 1269 Hebraeorum
1036 1232 1081 1280 H,

434 1289 488 1328 28
520 1293 605 1325 sect.
631 1292 668 1329 2.
698 1289 724 1329 3
759 1301 844 1338 pag.
872 1289 952 1329 585
977 1301 1079 1338 seqq.

433 1342 491 1381 De
510 1342 771 1393 Aegyptiorum
802 1357 901 1382 more
921 1345 1082 1394 disputat

435 1400 566 1436 Creuz.
601 1401 636 1436 in
652 1400 870 1437 Commentt.
912 1401 1078 1438 Herodd.

432 1468 520 1505 pag.
552 1457 655 1502 363,
692 1457 753 1493 ubi
788 1457 835 1493 de
869 1457 1078 1506 corporibus

432 1511 695 1561 Aegyptiorum
712 1511 896 1549 medicatis
911 1540 921 1558 ,
943 1513 980 1548 in
998 1512 1079 1560 qui-

432 1567 499 1604 bus
524 1567 689 1616 capillum
716 1568 895 1605 residuum
920 1571 1078 1616 arguunt

431 1623 644 1660 mumiarum
665 1624 983 1660 vetustissimarum
1001 1636 1077 1660 cra-

432 1679 493 1715 nia
521 1692 541 1716 e
569 1679 688 1728 criptis
731 1679 923 1716 Thebaicis
961 1683 1074 1717 eruta.

433 1734 569 1783 „Lege
590 1736 674 1771 inihi
705 1735 806 1782 (sunt
827 1736 936 1773 verba
959 1737 1074 1772 Creu-

431 1791 503 1826 zeri
530 1790 552 1826 l.
578 1790 599 1826 !.
629 1804 664 1840 p.
684 1792 809 1837 364),
839 1804 933 1839 quae
954 1791 1076 1840 posuit

430 1846 616 1882 lomardus
653 1847 860 1896 (De‘script.
892 1847 938 1884 de
969 1846 990 1882 l'
1003 1846 1073 1894 Eg.

430 1903 567 1951 antiqq.
594 1902 628 1938 ΙΙ
655 1917 689 1952 p.
721 1905 835 1950 344).
893 1903 966 1945 Qui
995 1904 1074 1951 qui-

430 1960 513 1995 dem
542 1959 576 1994 in
607 1959 746 1996 murniis
778 1972 850 1996 non
881 1959 994 1996 solum
1016 1971 1074 1996 ca-

429 2015 503 2065 pilli
535 2014 701 2064 reliquias
724 2017 876 2066 reperit,
908 2016 971 2052 sed
999 2015 1073 2052 cin-

429 2072 608 2108 cinnatum
628 2071 737 2121 plane
762 2071 926 2122 capillum
953 2073 1072 2122 ipsum

429 2132 586 2177 apteque
610 2129 857 2178 compositum.
916 2128 969 2164 Ac
999 2129 1074 2164 suf-

428 2185 591 2232 fragatur
633 2185 708 2221 eius
766 2185 1073 2221 observationibus

428 2240 541 2289 ipsius
559 2240 641 2276 civis
662 2254 702 2277 ac
719 2241 851 2277 sodalis
872 2240 1074 2288 Ronyerius

429 2297 535 2343 (ibid.
553 2296 666 2333 Xeme
685 2296 815 2333 livrais.
848 2310 883 2347 p.
906 2298 987 2338 208
1008 2309 1074 2332 no-

428 2353 484 2389 tic.
507 2366 566 2389 sur
583 2352 632 2389 les
655 2353 975 2400 embanmemens).
1012 2352 1074 2389 llle

428 2422 513 2445 vero
533 2421 610 2446 eam
641 2421 715 2446 rem
745 2410 831 2446 dicit
857 2410 964 2447 etiam
986 2421 1072 2445 con-

429 2465 561 2501 firmari
589 2464 726 2513 aliquot
746 2465 1007 2516 Aegyptiorum
1028 2464 1071 2501 fi-

428 2522 545 2567 guris,
590 2534 679 2569 quas
718 2521 924 2572 anaglypha
958 2533 1071 2570 opera

428 2576 613 2613 Thebaica
624 2577 855 2627 picturaeque
869 2577 1068 2615 exhibeant.

427 2632 536 2669 Unde
562 2633 655 2670 idem
680 2633 733 2669 vir
759 2635 885 2671 doctus
910 2633 1068 2670 coniicit:

427 2701 519 2735 quae
540 2688 749 2726 Herodotus
769 2690 834 2737 (ll,
855 2691 929 2734 36)
948 2689 1068 2725 tradat

427 2744 474 2779 de
511 2745 645 2781 abrasis
677 2747 851 2796 capitibus
884 2746 1067 2782 hominum

427 2797 704 2847 Aegyptiorum,
743 2815 786 2839 ea
826 2815 899 2838 non
936 2813 1067 2850 usque-

428 2865 569 2902 quaque
580 2868 697 2904 neque
716 2857 752 2893 in
770 2859 933 2895 omnibus
951 2858 1066 2895 locum

1150 614 1329 652 habuisse.
1368 614 1513 652 Barbae
1543 618 1580 651 ut
1609 613 1797 664 plurimum

1150 671 1248 707 nulla
1267 683 1473 721 comparere
1493 671 1662 720 vestigia3
1692 671 1799 708 etiam

1150 727 1308 776 reliquas
1328 728 1486 778 corporis
1508 732 1628 777 partes
1645 727 1722 764 sine
1744 727 1799 776 pi-

1150 783 1192 820 lis
1220 797 1322 830 esse,
1371 785 1431 832 qui
1466 784 1610 832 quidem
1641 783 1799 820 medica-

1151 841 1281 877 mentis
1305 840 1472 876 adhibitis
1484 840 1637 876 absumti
1649 839 1798 876 videan-

1149 901 1218 933 tur.
1285 895 1367 933 Hoc
1389 898 1469 946 ipso
1500 896 1611 933 multa
1636 894 1797 945 expediri

1148 957 1318 1003 possunt,
1339 966 1432 1001 quae
1453 953 1498 989 de
1517 953 1627 989 barba
1646 951 1796 988 mumia-

1148 1022 1226 1045 rum
1275 1009 1502 1058 disputarunt
1547 1008 1611 1044 viri
1661 1007 1796 1044 docti.“

1149 1065 1250 1102 Idem
1271 1065 1471 1102 Creuzerus
1497 1064 1517 1100 1.
1540 1064 1635 1101 laud.
1657 1077 1693 1113 p.
1714 1064 1795 1104 363

1148 1126 1223 1158 not.
1260 1124 1342 1162 572
1377 1125 1538 1157 nostrum
1574 1120 1691 1156 locum
1719 1119 1796 1155 lau-

1149 1178 1261 1224 dans,
1289 1177 1377 1214 haec
1399 1177 1612 1226 adscripsit:
1639 1175 1795 1222 „Quem

1146 1233 1263 1271 locum
1284 1246 1357 1269 non
1379 1234 1536 1282 neglexit
1567 1233 1612 1269 de
1632 1231 1795 1269 Schmidt

1148 1291 1195 1327 de
1217 1290 1461 1326 sacerdotibus
1480 1289 1654 1338 Aegyptt.
1675 1288 1794 1324 Etiam

1147 1346 1267 1395 attigit
1298 1346 1449 1383 Becker.
1485 1346 1520 1381 in
1558 1345 1744 1393 Augusteo
1776 1343 1793 1380 I

1145 1415 1182 1452 p.
1204 1405 1240 1442 7.
1299 1402 1351 1438 Ac
1377 1402 1484 1451 plane
1513 1401 1608 1437 tonsi
1629 1400 1794 1436 videntur

1145 1458 1352 1494 sacerdotes
1375 1457 1520 1494 exhibiti
1542 1469 1623 1494 esse
1650 1456 1686 1491 in
1706 1467 1793 1492 ana-

1145 1513 1288 1562 glyphis
1327 1513 1542 1558 Thebaicis3
1598 1512 1669 1548 vid.
1719 1512 1791 1560 Op.

1144 1569 1323 1618 Descript.
1343 1569 1389 1605 de
1406 1568 1496 1616 l'Eg.
1518 1569 1655 1617 antiqq.
1674 1567 1744 1604 vol.
1762 1568 1790 1604 ll

1142 1637 1228 1675 pag.
1247 1626 1299 1665 47
1334 1637 1411 1673 seq.
1467 1625 1575 1661 Conf.
1602 1624 1794 1674 Olympio-

1142 1681 1219 1717 dor.
1240 1682 1288 1718 ad
1309 1680 1448 1717 Platon.
1470 1680 1585 1717 Alcib.
1611 1693 1648 1730 p.
1672 1681 1764 1720 18.“

1196 1795 1299 1830 τοῖσι
1345 1788 1498 1830 ἄλλοισι
1539 1786 1793 1843 ἀνθρώποισι

1141 1842 1267 1897 νόμος
1297 1862 1331 1886 κ.
1358 1862 1389 1885 τ.
1418 1846 1473 1897 λ.]
1522 1848 1670 1885 Graecis
1698 1848 1792 1885 hunc

1140 1917 1276 1941 morem
1313 1904 1444 1951 fuisse,
1473 1908 1597 1941 auctor
1623 1909 1679 1942 est
1705 1904 1793 1941 Plu-

1139 1961 1250 1998 tarch.
1273 1960 1370 2011 Opp.
1404 1960 1491 2009 (ll)
1519 1973 1607 2011 pag.
1624 1962 1729 2008 367,
1746 1960 1790 1998 Β.

1258 2068 1266 2083 ι
1361 2067 1370 2080 t
1513 2070 1526 2085 ι·
1584 2070 1594 2085 ι

1195 2087 1289 2118 τους
1317 2075 1481 2122 μαλιστα
1509 2071 1699 2122 ικνεεται]
1730 2071 1788 2110 Ad

1139 2127 1248 2175 haec,
1282 2133 1451 2166 monente
1481 2128 1714 2176 Valckenar.,
1745 2141 1788 2166 ex

1141 2185 1436 2222 antecedentibus
1449 2184 1786 2233 subintelligendum

1141 2242 1282 2290 κῆδος,
1323 2245 1361 2277 ut
1387 2241 1410 2276 ii
1444 2240 1711 2289 intelligantur,
1738 2241 1786 2278 ad

1142 2310 1223 2345 quos
1260 2297 1476 2346 potissimum
1523 2299 1616 2333 venit
1647 2296 1785 2346 luctus,

1141 2353 1162 2389 i.
1184 2366 1214 2389 e.
1252 2354 1312 2401 qui
1343 2352 1494 2402 proximi
1527 2358 1609 2390 sunt
1639 2366 1784 2402 genere.

1142 2408 1252 2451 Quod
1269 2422 1353 2446 vero
1373 2409 1468 2446 idem
1492 2410 1598 2446 scribi
1616 2409 1711 2448 vult:
1736 2409 1785 2457 ἐς

1137 2461 1230 2511 τούς
1260 2460 1426 2514 μάλιστα
1461 2462 1647 2513 ἱκνέεται,
1683 2467 1784 2504 utin

1138 2521 1215 2558 aliis
1236 2523 1280 2558 ab
1299 2522 1379 2571 ipso
1401 2521 1515 2559 allatis
1533 2521 1783 2571 locutionibus,

1138 2591 1181 2614 eo
1201 2577 1344 2614 minime
1372 2591 1486 2628 opus,
1514 2583 1554 2614 ut
1579 2583 1676 2616 recte
1705 2591 1783 2616 lno-

1137 2639 1198 2670 net
1231 2634 1431 2683 Schweigh.
1465 2634 1617 2671 laudans
1644 2635 1782 2673 Herod.

1138 2690 1200 2736 lx,
1221 2693 1285 2731 26.
1307 2686 1449 2729 ——v‘rco‘
1469 2688 1564 2736 τούς
1579 2687 1782 2738 θανάτους

1135 2746 1156 2781 i.
1179 2759 1209 2782 e.
1231 2746 1368 2795 quando
1393 2760 1420 2783 s.
1443 2758 1508 2795 quo
1533 2750 1677 2797 tempore
1703 2751 1782 2797 quis

1135 2806 1384 2850 (cognatorum
1402 2816 1429 2839 s.
1441 2804 1604 2851 suorum)
1624 2807 1673 2840 est
1688 2816 1777 2840 mor-

1133 2862 1233 2905 tuus,
1264 2863 1304 2895 ut
1322 2858 1358 2905 1,
1375 2859 1427 2900 51
1440 2887 1451 2906 ‚
1473 2859 1533 2897 ubi
1550 2860 1620 2896 vid.
