1877 3223
648 200 948 240 cL10.1.

1346 201 1426 241 191

147 308 254 366 Βτὴν
290 308 455 365 ἡμέρην
494 309 693 365 ἐξαπίνης
728 308 865 352 νύκτα
901 306 1117 366 γενέσθαι.
1174 324 1255 366 την
1284 308 1331 352 δὲ
1358 325 1429 364 με-

172 388 386 445 ταλλαγὴν
432 387 594 444 ταύτην
638 392 713 444 τῆς
760 387 920 444 ἡμέρης
962 391 1103 444 Θαλῆς
1142 387 1166 431 ὁ
1210 385 1483 443 Μιλήσιος25

168 474 281 512 τοῖσι
299 467 417 511 Ἴωσι
446 467 739 524 προηγόρευσε
769 467 964 519 ἔσεσθαι,
996 462 1135 522 οὖρον
1155 465 1428 522 προθέμενος

171 547 372 590 ἐνιαυτὸν
400 551 576 598 τοῦτον,
618 547 663 590 ἓν
693 541 728 604 ᾧ
757 546 809 602 δή
840 547 912 589 καὶ
942 545 1108 602 ἐγένετο
1141 545 1168 603 ἦ
1198 545 1424 602 μεταβολή.

139 628 215 669 4οἱ
245 627 289 669 δὲ
319 627 459 669 Λυδοί
487 641 530 668 τε
559 626 632 668 καὶ
662 628 705 668 οἱ
732 627 883 682 Μῆδοι
920 625 1011 668 ἐπεί
1048 642 1092 669 τε
1130 624 1249 669 εἶδον
1287 624 1426 668 νύκτα
1482 626 1537 666 37

172 703 265 748 ἀντὶ
291 705 448 761 ἡμέρης
485 705 743 761 γινομένην,
793 709 870 761 τῆς
908 704 1045 761 μάχης
1084 721 1128 748 τε
1166 705 1482 753 ἐπαύσαντο,30

169 785 242 827 καὶ
270 781 436 839 μᾶλλόν
464 800 503 826 τι
534 783 746 826 ἔσπευσαν
766 785 839 828 καὶ
865 781 1104 840 ἀμφότεροι
1129 782 1299 840 εἰρήνην
1320 784 1424 827 ἑωυ-

140 867 283 906 5τοῖσι
311 860 526 916 γενέσθαι.
588 863 631 906 οἱ
660 863 705 906 δὲ
735 863 1077 920 συμβιβάσαντες
1098 861 1282 914 αὐτοὺς,
1309 858 1423 919 ἦσαν

167 942 281 994 οἵδε,
322 940 558 992 Συέννεσίς
586 958 630 985 τε
660 941 684 985 ὁ
715 943 862 995 Κίλιξ,
899 942 974 987 καὶ
1001 942 1258 999 Λαβύνητος
1287 938 1310 984 ὁ
1340 944 1422 984 Βα-

164 1019 402 1075 βυλώνιος·
454 1016 576 1065 οὗτοί
605 1032 684 1077 σφι
712 1023 785 1066 καὶ
813 1022 863 1066 τὸ
903 1021 1056 1076 ὅρκιον
1086 1023 1129 1064 οῖ
1159 1019 1422 1071 σπεύσαντες

160 1098 362 1154 γενέσθαι
411 1095 547 1156 ἦσαν,
607 1101 681 1144 καὶ
715 1099 866 1157 γάμων
903 1098 1145 1156 ἐπαλλαγὴν
1184 1099 1416 1156 ἐποίησαν·

106 1269 253 1308 Thales.
320 1271 395 1308 Iam
429 1272 476 1310 de
505 1285 549 1310 ea
577 1274 754 1323 supersti-

102 1326 202 1364 tione
232 1331 412 1374 veterum,
453 1341 524 1377 qua
554 1330 637 1366 mali
665 1330 753 1378 qnid

103 1383 364 1419 defectionibus
373 1385 542 1433 portendi
553 1386 754 1435 opinaban-

102 1442 181 1486 tur,
208 1452 357 1477 monere
374 1453 448 1476 non
467 1454 568 1491 opus.

171 1519 378 1574 συνήνεικε
419 1519 544 1563 ὥστε
579 1545 635 1553 --
675 1521 751 1575 τὴν

102 1576 254 1629 ’ἡμέρην
274 1579 555 1631 -γενέσθαι]
612 1582 654 1618 In
694 1582 750 1618 his

102 1640 231 1671 notant
267 1636 332 1672 viri
363 1637 460 1673 docti
494 1638 751 1675 abundantiam

101 1691 297 1740 particulae
331 1688 447 1741 ὥστε,
495 1707 574 1730 cum
602 1695 753 1744 simplex

102 1747 295 1783 infinitivus
317 1748 529 1798 plerumque
550 1750 617 1787 hac
633 1752 670 1787 in
696 1751 750 1787 lo-

102 1803 244 1840 cutione
276 1804 487 1841 inveniatur.
545 1806 622 1842 Sed
646 1807 752 1843 addi-

103 1862 163 1895 tae
206 1859 403 1909 particulae
452 1862 614 1910 exempla
650 1863 751 1899 dabit

102 1915 286 1952 Schaefer.
311 1916 359 1951 ad
378 1915 505 1953 Lamb.
520 1917 605 1953 Bos.
620 1919 665 1955 de
686 1918 751 1954 El-

104 1970 204 2020 lipss
228 1985 262 2022 p.
283 1972 365 2013 784
393 1972 472 2008 coll.
490 1973 687 2010 Hermann.
713 1974 751 2009 in

102 2026 199 2064 Diss.
220 2029 266 2065 de
284 2027 486 2065 Pleonasm.
511 2034 547 2065 et
562 2029 690 2079 Ellips.
712 2030 750 2066 in

100 2081 223 2119 Wolfii
278 2083 373 2120 Mus.
412 2086 506 2121 stud.
556 2084 704 2134 Antiqq.
733 2086 750 2122 Ι

98 2151 184 2189 pag.
212 2141 302 2181 195.
334 2161 391 2168 —
415 2140 474 2178 De
496 2141 611 2178 forma
640 2153 751 2180 συνε-

101 2190 313 2247 στεώσης,
345 2210 426 2236 cum
459 2196 548 2233 alias
575 2198 612 2233 in
645 2198 749 2234 huius

99 2253 247 2301 perfecti
303 2253 493 2303 participio
552 2254 749 2291 foeminino

100 2319 242 2357 semper
269 2313 433 2345 occurrat
462 2311 580 2346 forma
605 2315 750 2347 contra-

100 2366 156 2399 cta
174 2364 210 2399 in
230 2365 261 2402 ὦ
274 2376 331 2403 σα
349 2378 448 2402 cons,
465 2365 594 2403 Matth.
607 2365 643 2418 ἓ.
658 2368 750 2415 198,

102 2420 140 2465 3,
157 2420 178 2455 f
199 2432 284 2469 pag.
304 2422 397 2462 359.

156 2502 285 2551 ἦσαν
315 2504 420 2553 οἵδε,
461 2504 674 2553 Συέννεσίς
709 2522 750 2546 τε

100 2554 121 2596 o‘
139 2557 265 2605 Κίλιξ,
286 2559 352 2598 καὶ
370 2558 612 2612 Λαβύνητος
637 2561 749 2602 &Ba-

101 2610 322 2665 βυλώνιος]
390 2611 493 2667 ἦσαν
539 2619 746 2669 scripsimus

99 2675 250 2719 propter
289 2671 421 2719 libros,
466 2687 617 2722 quorum
654 2688 746 2712 unus

99 2728 238 2763 tantum
267 2726 448 2775 vulgatam
479 2729 668 2768 lectionem
700 2733 746 2769 ab

98 2779 194 2817 Aldo
232 2789 472 2832 propagatam
506 2790 604 2823 tenet
633 2786 746 2827 ἔσαν.

99 2856 155 2864 -—
182 2836 371 2888 Syennesz's
402 2852 534 2879 nomen
561 2842 746 2891 dignitatis

819 1272 1033 1322 titulumque
1063 1274 1352 1322 antiquissimum
1385 1270 1476 1308 Cili-

820 1330 896 1366 ciae
924 1343 1049 1378 regum
1086 1331 1220 1376 videri,
1264 1342 1336 1378 quo
1366 1328 1475 1365 etiam

819 1386 1039 1435 posteriores
1068 1386 1171 1421 huius
1201 1390 1321 1422 terrae
1354 1397 1475 1431 reges,

822 1441 945 1478 Persis
967 1442 1144 1477 tributarii
1166 1441 1271 1487 sacti,
1303 1441 1358 1476 usi
1377 1442 1475 1486 sunt,

820 1510 915 1533 nunc
930 1498 1005 1534 fere
1025 1510 1132 1534 nemo
1153 1497 1305 1534 dubitat.
1364 1496 1473 1532 Conf.

817 1553 983 1601 Aeschyl.
1024 1553 1126 1590 Pers,
1158 1553 1252 1594 324.
1303 1552 1473 1602 Xenoph.

818 1608 934 1645 Anab.
957 1609 995 1656 Ι,
1024 1613 1071 1656 2,
1093 1614 1144 1651 12
1165 1614 1200 1647 et
1218 1611 1265 1647 ad
1281 1615 1474 1658 utrumque

818 1665 937 1702 locum
986 1666 1214 1716 interpretes,
1299 1665 1477 1715 Labynetz'

819 1735 952 1759 nomen
971 1722 1095 1759 itidem
1115 1724 1285 1771 frequens
1303 1723 1340 1758 in
1351 1723 1474 1770 Baby-

817 1777 909 1813 lonis
940 1779 1108 1826 regibus3
1149 1780 1192 1815 cf.
1220 1778 1258 1825 Ι,
1290 1782 1355 1819 77.
1380 1781 1472 1819 118.

819 1834 892 1876 Qui
924 1834 992 1870 hoc
1019 1834 1098 1870 loco
1122 1838 1364 1880 memoratur,
1391 1847 1474 1871 eum

818 1889 1239 1936 Nabuchodonosorum,
1262 1891 1322 1938 qui
1341 1894 1377 1926 et
1394 1889 1473 1927 Ne-

820 1945 1047 1981 bucadnezar
1091 1950 1168 1992 est,
1217 1946 1331 1982 fuisse
1370 1949 1473 1982 notat

818 2001 1105 2048 wesselingius‚
1147 2001 1283 2050 quippe
1318 2014 1474 2050 congru-

818 2057 960 2095 entibus
980 2062 1181 2106 temporum
1204 2057 1412 2094 rationibus.

873 2111 939 2150 καὶ
966 2108 1104 2164 γάμων
1126 2110 1348 2164 ἐπαλλαγὴν
1367 2112 1471 2153 ἕποι’-

817 2172 943 2219 ησαν]
986 2170 1007 2205 i.
1028 2183 1058 2206 e.
1090 2173 1213 2206 mutua
1245 2172 1473 2207 instituerunt

817 2225 995 2262 connubia.
1057 2225 1122 2262 Cr.
1144 2227 1283 2263 confert
1311 2227 1357 2263 de
1382 2240 1471 2264 voce

819 2282 992 2318 consimili
1003 2277 1471 2330 {wdstkagtgw'yttenbach

819 2339 867 2374 ad
893 2337 987 2374 Plut.
1006 2338 1136 2374 Moral.
1158 2338 1195 2385 l,
1218 2341 1244 2379 2
1271 2351 1356 2388 pag.
1376 2339 1472 2387 885,

820 2395 880 2431 ubi
911 2395 1109 2444 explicatur
1148 2397 1288 2444 „quasi
1323 2398 1471 2432 mutatio

811 2464 876 2501 per
897 2453 989 2487 vices
1014 2451 1229 2487 vinculorum
1262 2451 1468 2500 (connubii)

818 2511 850 2544 et
871 2511 988 2544 mutuo
1005 2507 1152 2557 facta.“
1191 2502 1382 2559 ἀναγκαίη
1405 2521 1468 2545 ex-

816 2565 963 2615 ponitur
982 2576 1003 2600 a
1024 2564 1199 2601 Matthiae
1231 2565 1279 2600 ad
1300 2564 1467 2614 Euripid.

813 2620 954 2657 Hecub.
975 2622 1055 2661 830
1084 2633 1169 2670 pag.
1187 2622 1240 2661 97
1267 2623 1466 2669 necessitas,

813 2678 870 2713 vis
887 2679 1047 2725 graviter
1070 2689 1204 2725 cogens.
1233 2697 1289 2703 —
1317 2677 1376 2713 Ad
1390 2679 1466 2714 for-

814 2746 909 2770 mam
948 2733 1106 2769 Ionicam
1144 2727 1357 2783 συμβᾶσιες
1389 2734 1462 2770 vid.

815 2789 970 2826 eundem
988 2789 1025 2825 in
1046 2789 1110 2826 Gr.
1132 2789 1198 2826 Gr.
1220 2787 1257 2840 ἓ.
1275 2791 1329 2830 80
1348 2793 1422 2826 not.
1436 2792 1462 2831 6

812 2857 900 2896 pag.
926 2847 1018 2887 179.
