1909 3228
650 237 952 278 cL10.1.

60 350 153 397 111
180 380 206 400 ‚‚
219 347 464 402 ἐκκείμενον
499 347 773 404 διατέταγμαι
811 347 939 404 ἐγώ.“

1347 242 1431 283 275

176 426 412 484 βουκόλος,
442 427 514 470 καὶ
545 426 776 484 ἀναλαβών
804 426 852 471 τὸ
882 428 1062 471 παιδίον
1090 425 1154 483 ἤὶε
1182 427 1261 484 τὴν
1291 425 1430 485 αὐτὴν

149 505 318 550 Ξόπίσω
349 506 476 559 ὁδὸν,
503 508 576 550 καὶ
606 505 850 550 ἀπικνέεται
879 507 922 558 ἐς
950 505 1030 562 τὴν
1059 506 1252 550 ἔπαυλιν.
1296 511 1356 565 τῷ
1387 506 1429 551 δ’

178 585 263 640 ἄρα
293 586 365 629 καὶ
395 584 513 644 αὐτῷ
541 584 568 642 ἡ
593 586 732 642 γυνὴ,
764 586 899 638 ἐπίτεξ
924 586 1055 629 ἐοῦσα
1079 590 1224 629 πᾶσαν
1251 585 1450 643 ἡμέρην,,

177 664 273 709 τότε
301 682 388 716 κως
417 665 524 709 κατὰ
555 667 741 721 δαίμονα
769 666 919 717 τίκτει,
951 665 1184 721 οἰχομένου
1211 670 1292 709 τοῦ
1321 669 1430 722 βου-

178 744 314 788 κόλου
353 744 397 795 ἐς
435 742 576 788 πόλιν.

634 739 746 800 ἦσαν
786 744 832 788 δὲ
868 744 915 788 ἐν
954 746 1158 802 φροντίδι
1193 742 1433 802 ἀμφότεροι

178 822 375 879 ἀλλήλων
403 820 522 877 πέρι·
563 821 587 866 ὁ
617 823 714 878 μὲν,
745 827 827 867 τοῦ
855 821 989 867 τόκου
1017 828 1092 880 τῆς
1123 823 1331 880 γυναικὸς
1359 823 1432 879 ἆῤ-

177 901 351 957 ῥωδὲων
362 916 372 927 ·

120 1121 239 1158 minus
258 1125 344 1172 apte
370 1133 452 1158 cum
480 1124 606 1156 nostro
625 1132 774 1170 compo-

120 1182 247 1224 netur,
277 1190 430 1226 quocum
460 1176 577 1224 magis
607 1176 774 1214 convenit

120 1234 211 1271 alter
230 1234 330 1270 locus
342 1234 370 1280 Ι,
383 1233 456 1275 24:
485 1227 660 1271 κελεύειν
679 1230 773 1279 τούς

117 1288 327 1341 πορθμέας
343 1285 371 1340 ἦ
389 1285 507 1327 αὐτὸν
529 1288 773 1339 διαχρᾶσθαί

118 1361 187 1397 μιν
225 1346 323 1393 (‚,se
349 1348 463 1395 ipsum
489 1345 768 1394 interficere“).

117 1401 215 1440 Nam
250 1401 342 1439 solet
368 1401 507 1439 Noster
539 1401 658 1437 verbis
688 1401 771 1439 δια-

118 1460 293 1509 χρᾶσθαι
320 1471 351 1495 s.
372 1459 646 1508 καταχρᾶσθαι
676 1457 768 1503 (vid.

117 1515 167 1552 ad
186 1514 224 1562 Ι,
247 1516 329 1563 82)
363 1513 596 1564 interficiendi
621 1514 770 1551 notione

118 1571 321 1621 adiungere
363 1571 605 1609 accusativum
641 1583 769 1620 perso·

118 1639 211 1673 nae3
240 1640 349 1676 quem
376 1627 412 1664 h.
439 1627 462 1664 l.
485 1628 699 1677 pronomine
727 1623 770 1665 σὲ

119 1683 270 1720 indicari
290 1684 347 1720 vix
366 1683 452 1720 mihi
478 1683 635 1720 dubium.
673 1683 769 1720 Hine

120 1732 270 1776 subiecti
289 1740 511 1776 accusativus
546 1740 593 1776 ad
620 1739 767 1775 infiniti-

119 1808 200 1831 vum
219 1800 341 1832 mente
360 1795 581 1831 adiiciendus
593 1822 603 1840 ‚
617 1795 678 1843 qui
689 1794 769 1830 nul-

118 1851 174 1887 lus
202 1850 292 1887 alius
320 1864 402 1888 esse
426 1855 549 1900 potest
577 1849 769 1899 nisiAsty-

120 1920 235 1956 agee,
265 1906 327 1955 qui
352 1907 569 1956 Harpaguin
597 1906 685 1942 haec
713 1906 770 1942 di-

121 1976 202 2001 cere
222 1963 326 2000 iussit
357 1962 509 1999 bubulco
523 1992 534 2008 ,
562 1973 597 1997 se
617 1962 658 2009 (i.
671 1975 701 1998 e.
713 1974 772 1999 re-

120 2020 232 2068 gem)
275 2019 322 2056 de
362 2018 513 2055 bubulco
555 2017 771 2068 supplicium

120 2080 337 2122 sumturum,
386 2087 421 2111 se
451 2075 611 2124 pessimo
645 2074 772 2110 mortis

120 2145 255 2181 genere
293 2144 374 2169 eum
407 2131 677 2169 interfecturum
715 2129 772 2178 (S.

119 2187 271 2226 interfici
292 2187 503 2234 iussurum).
560 2186 638 2223 Iam
665 2187 715 2222 ita
742 2185 773 2222 si

121 2244 236 2281 locum
255 2244 522 2294 interpreteriS,
551 2242 638 2279 nihil
654 2242 775 2288 video,

122 2301 222 2349 quod
261 2313 329 2336 nos
369 2300 544 2337 offendat.
611 2299 670 2336 De
705 2311 774 2334 usu

122 2356 222 2394 verbi
243 2356 485 2406 διαχρᾶσθαι
496 2369 509 2391 x
518 2356 660 2392 ideatur
670 2354 773 2391 Tho-

123 2424 202 2449 mas
238 2411 419 2460 Magister
438 2426 474 2463 p.
495 2415 578 2453 222
600 2424 678 2459 seq.
707 2409 775 2447 ibi-

123 2481 196 2516 que
225 2468 407 2505 adnotata.
424 2489 479 2495 —-
508 2468 550 2503 In
573 2480 675 2515 seqq.
706 2478 774 2515 pro

124 2521 375 2574 ὁιατὲταγμαι
405 2522 540 2571 (iussus
567 2523 661 2571 smn)
693 2521 775 2559 Me-

124 2580 248 2617 diceus
275 2579 406 2628 aliique
441 2578 623 2631 τέταγμαι
633 2595 644 2626 ,·
675 2578 774 2626 quod

123 2641 245 2673 tamen
283 2639 322 2672 ut
362 2637 565 2684 praeferam
607 2633 776 2682 vulgatae

123 2691 290 2740 lectioni,
318 2690 452 2728 nullam
480 2691 596 2728 habeo
617 2702 774 2727 causam.

328 2769 441 2820 Cap.
471 2769 569 2807 cxl.

180 2824 209 2877 ἦ
234 2822 359 2878 γυνὴ,
400 2824 527 2873 ἐπίτεξ
555 2824 675 2865 ἐοῦσα
700 2826 774 2863 ποῖ-

126 2892 199 2923 σαν
223 2880 402 2936 ἡμέρην]
434 2883 456 2920 i.
474 2896 506 2920 c.
534 2895 645 2930 uxor,
675 2883 775 2919 cuius

419 900 447 959 ἡ
484 901 531 946 δὲ
569 902 702 959 γυνὴ,
741 903 768 946 ὅ
797 919 839 947 τι
869 900 952 948 οὐκ
981 902 1130 955 ἐωθεὸς
1158 902 1181 947 ὁ
1215 903 1433 960 ’Ἅρπαγος
1489 908 1544 952 56

836 1124 964 1171 partus
983 1122 1022 1157 in
1036 1119 1108 1157 dies
1125 1122 1175 1169 (s.
1191 1121 1238 1159 de
1255 1121 1314 1159 die
1327 1121 1364 1158 in
1373 1121 1488 1169 diem)

840 1177 1119 1227 exspectabatur.
1186 1177 1407 1215 Monuerunt
1438 1177 1489 1214 Α-

840 1233 978 1271 bresch.
996 1234 1033 1270 in
1054 1233 1223 1271 Dilucidd
1242 1233 1489 1282 .Thucydidd.

838 1302 875 1339 p.
895 1290 977 1331 583
995 1293 1032 1326 et
1052 1289 1254 1339 Schweigh.
1272 1290 1321 1326 ad
1341 1290 1376 1326 h.
1394 1290 1432 1337 l.,
1442 1291 1489 1327 de

837 1344 1018 1382 locutione
1055 1346 1189 1383 πᾶσαν
1214 1344 1369 1396 ’ἡμέρην
1411 1345 1488 1382 lau-

838 1401 931 1437 dans
971 1400 1056 1447 Vll,
1093 1403 1175 1442 203
1204 1405 1241 1439 et
1277 1403 1381 1447 198,
1428 1401 1490 1438 ubi

839 1451 918 1495 οἷνοῖ
941 1457 1103 1493 additum
1131 1457 1322 1495 invenitur.
1347 1477 1402 1484 —
1430 1456 1490 1495 De

837 1511 965 1560 ἐπίτεξ
986 1513 1055 1549 vid.
1075 1514 1123 1550 ad
1138 1513 1167 1560 Ι,
1181 1515 1271 1555 108.
1287 1512 1395 1549 —In
1407 1525 1491 1562 sqq.

836 1566 935 1609 κατεὶ
950 1569 1120 1620 δαίμονα
1140 1570 1163 1606 i.
1176 1583 1206 1608 e.
1218 1569 1490 1620 fortesvrtund,

836 1626 873 1663 in
887 1639 979 1675 quo,
1010 1631 1050 1663 ut
1069 1626 1105 1662 in
1126 1630 1181 1663 tot
1202 1626 1280 1663 aliis
1300 1626 1490 1671 eiusmodi,

835 1679 935 1721 κατα
973 1683 1135 1720 adverbii
1173 1684 1246 1720 vim
1290 1682 1492 1732 exprimere

834 1739 999 1786 videtur,
1024 1752 1104 1775 cum
1124 1739 1273 1789 proprie
1291 1738 1488 1786 significet:

835 1794 1020 1831 secundum
1032 1823 1042 1840 ,
1072 1806 1126 1831 ex.
1184 1795 1294 1831 conf.
1327 1794 1489 1831 Fischer.

836 1851 884 1887 ad
903 1850 1048 1887 Weller.
1067 1850 1139 1897 111,
1157 1853 1182 1891 6
1204 1864 1240 1901 p.
1256 1851 1347 1890 180.

892 1929 964 1966 τοῦ
983 1923 1100 1966 τόκου
1120 1929 1191 1978 τῆς
1210 1924 1400 1979 γαναικός
1421 1922 1489 1978 0243-

838 1981 1020 2035 ρωδέων]
1051 1983 1073 2019 i.
1098 1996 1128 2020 e.
1159 1985 1282 2020 timens
1313 1983 1352 2020 ob
1367 1983 1488 2021 naalie-

838 2041 888 2076 τῖε
908 2043 1061 2089 partum.
1123 2039 1281 2077 Genitivi
1306 2039 1397 2076 ratio
1430 2041 1488 2077 vix

841 2096 985 2133 diversa
1010 2096 1056 2132 ab
1092 2094 1156 2142 iis,
1205 2108 1299 2145 quae
1344 2095 1487 2145 collegit

840 2151 1019 2189 Matthiae
1052 2149 1088 2201 ξ.
1108 2152 1201 2192 368.
1227 2172 1284 2179 —-
1319 2151 1362 2187 In
1383 2165 1485 2201 seqq.

841 2209 918 2245 iure
935 2207 1060 2257 optimi
1086 2206 1166 2243 libri
1191 2205 1488 2258 μεταπέμψαιτο

842 2264 920 2301 loco
941 2264 1025 2300 olim
1043 2263 1210 2311 vulgatae
1232 2262 1488 2314 μεταπέμψα-

841 2335 898 2359 το.
956 2320 1054 2357 Nam
1089 2319 1148 2356 hic
1175 2320 1328 2357 maxime
1350 2333 1489 2357 accom-

841 2376 1010 2414 modatus
1032 2379 1087 2413 est
1106 2376 1298 2425 optativus,
1347 2376 1401 2413 Ut
1422 2389 1489 2413 au-

841 2437 915 2470 tem
944 2432 1056 2469 altem
1083 2431 1161 2468 loco
1186 2427 1344 2469 editur
1334 2427 1354 2470 ό
1378 2447 1414 2470 τι
1435 2453 1489 2459 —-

843 2487 1161 2539 μεταπέμψαιτο,
1182 2488 1232 2525 ita
1252 2487 1359 2525 etiam
1379 2488 1491 2538 priori

841 2545 921 2582 loco
955 2544 1134 2582 edendum
1173 2540 1422 2583 curavimus&
1452 2558 1488 2583 τι

843 2596 917 2640 οὔκ
948 2597 1088 2646 ἐωθὼς
1111 2597 1135 2638 0‘
1154 2596 1488 2652 ”Αρπαγοςμετα-

843 2656 1044 2709 πέμψαιτο
1056 2685 1066 2703 ,
1093 2656 1153 2692 ubi
1169 2655 1262 2693 male
1271 2656 1368 2707 apud
1380 2656 1490 2693 Gais-

841 2714 1020 2760 fordium‚
1067 2708 1201 2748 alios
1187 2708 1248 2750 ότι
1277 2713 1492 2749 coniunctim

842 2769 1032 2807 invenitur.
1044 2767 1189 2805 Monuit
1198 2769 1328 2807 Struve
1338 2769 1489 2812 Quaest.

844 2827 892 2864 de
928 2825 1107 2862 Herodot.
1159 2824 1298 2863 dialect.
1344 2825 1489 2875 specim.

843 2894 929 2934 pag.
954 2881 1019 2922 47.

1133 2938 1187 2977 18
1206 2937 1223 2958 *

999 350 1145 391 Ταῦτα
1182 345 1373 401 ἀκούσας
1403 349 1725 421 5³51¹i³x⁰5r¹ffi¹3¹55¹¹¹
