1909 3228
445 212 528 253 29⁰

857 206 1326 247 HERODOTI

447 318 536 373 „rof
561 335 609 377 γε
636 322 726 363 τῶν
754 314 992 370 ὀνειράτων
1022 314 1225 372 ἐχόμενα,
1264 316 1418 368 τελέως
1446 315 1488 367 ἐς
1518 313 1700 366 ἀσθενὲς

419 400 697 455 5,,ἒ’ρχεται.“
748 395 984 452 Ἀμείβεται
1010 393 1242 450 Ἀστυάγης
1269 397 1431 438 τοῖσδε’
1471 394 1593 446 ,,Καὶ
1622 392 1702 437 αυ’-
1714 396 1759 434 40

445 479 573 532 ,,τὸς,
604 473 640 519 ὦ
666 474 820 531 μάγοι,
848 474 985 531 ταύτῃ
1015 478 1210 524 πλεῖστος
1239 472 1418 530 γνώμην
1447 473 1550 529 εἰμὶ,
1580 475 1700 528 βασι·

446 556 577 610 ,,λέος
621 553 943 610 ὀνομασθέντος
983 556 1064 596 τοῦ
1109 552 1286 603 παιδὸς,
1346 551 1509 608 ἐξήκειν
1544 567 1589 594 τε
1624 550 1705 594 τὸν

447 634 674 689 ,,ὅνειρον,
721 634 796 678 καί
832 649 907 689 μοι
944 632 1022 676 τὸν
1057 634 1194 677 παῖδα
1230 634 1391 675 τοῦτον
1420 628 1529 674 εἶναι
1560 629 1706 674 δεινὸν

418 724 442 757 6
452 748 477 767 ,,
488 712 617 758 οὐδὲν
647 712 720 756 ἔτι.

782 711 898 769 ὅμως
934 712 1015 768 μέν
1052 729 1099 769 γε
1137 728 1206 756 τοι
1234 709 1587 767 συμβουλεύσατέ
1617 725 1707 764 μοι,

447 786 535 846 ,,εῧ
567 789 950 847 περισκεψάμενοι,
988 791 1042 835 τὰ
1070 792 1212 847 μέλλει
1251 789 1553 846 ἀσφαλέστατα
1595 786 1763 831 εἷναι45

418 880 473 925 7,,
488 873 594 932 οἴκῳ
634 887 678 915 τε
716 875 777 928 τῷ
814 870 901 929 ἐμῷ
940 872 1013 914 καὶ
1057 869 1202 927 ὑμῖν.“

1259 867 1405 913 Εἶπαν
1432 869 1543 923 πρὸς
1571 871 1708 911 ταῦτα

449 953 494 996 οἱ
533 951 686 1007 μάγοι·
745 945 829 1002 „³52
868 951 1068 1005 βασιλεῦ,
1125 949 1200 992 καὶ
1244 947 1415 993 αὐτοῖσι
1458 946 1563 1003 ἡμῖν
1608 947 1709 1000 περὶ

448 1032 645 1084 ,,πολλοῦ
674 1028 762 1072 ἐστὶ
790 1033 1126 1084 κατορθοῦσθαι
1155 1027 1291 1083 ἀρχὴν
1318 1027 1397 1084 τήν
1426 1027 1520 1082 σήν.
1553 1027 1707 1076 κείνως

450 1109 564 1165 »μὲν
593 1108 678 1165 γάρ
711 1106 1038 1161 ἀλλοτριοῦται.
1067 1107 1110 1158 ἐς
1138 1107 1216 1151 τόν
1245 1109 1379 1151 παῖδα
1409 1110 1569 1150 τοῦτον
1595 1120 1712 1159 περι·

450 1192 637 1242 ,,”ιόῦσοι,
678 1187 805 1232 ἐόντα
835 1186 1031 1244 Πέρσην·
1079 1186 1153 1231 καὶ
1180 1184 1322 1243 ἡμεῖς,
1363 1186 1505 1237 ἐόντες
1534 1186 1768 1243 Μῆδοι,50

397 1396 502 1435 valde
523 1396 648 1434 differt
675 1395 721 1433 ab
741 1407 785 1434 eo
799 1424 810 1443 ‚
839 1394 940 1445 quod
961 1405 1047 1430 con-

397 1453 497 1490 tinuo
524 1452 675 1501 legitur:
715 1451 754 1498 ἐς
786 1447 955 1497 ἀσθενὲς
987 1448 1046 1501 ἔρ-

398 1523 515 1560 χεται.
569 1508 740 1556 Namque
759 1504 866 1559 παρά
896 1507 952 1544 bic
983 1519 1045 1543 ea-

400 1567 484 1603 dem
506 1566 581 1602 sere
600 1565 768 1611 notione,
799 1564 870 1613 quii
891 1559 990 1614 πρὸς
1017 1575 1045 1597 s.

402 1621 482 1669 εἰς,
518 1624 693 1670 sequente
719 1620 922 1657 accusativo
960 1618 1048 1669 poni

400 1678 564 1724 videtur,
596 1680 694 1714 recte
723 1680 894 1713 monente
915 1673 1047 1711 Matth.

401 1734 437 1769 in
460 1733 621 1769 Gramm.
655 1732 785 1769 Graec.
829 1730 865 1781 ᾗ.
895 1732 1002 1776 588,
1032 1742 1051 1765 c

401 1801 486 1839 pag.
514 1789 630 1829 1173.
670 1788 766 1824 Hinc
784 1791 903 1824 verte:
935 1784 1050 1823 Nam-

404 1857 467 1895 que
495 1846 533 1880 in
573 1846 740 1892 exiguum
775 1845 880 1880 etiam
909 1841 1052 1879 oracula

402 1900 568 1937 nonnulla
592 1902 688 1936 nobis
717 1901 898 1947 exierunt,
927 1912 955 1935 s.
979 1911 1050 1934 ces—

403 1960 538 2003 serunt,
579 1956 601 1992 i.
638 1970 668 1993 e.
719 1956 842 2003 levem,
883 1954 1053 2005 pusillum

404 2015 534 2050 exilum
561 2012 718 2049 habuere.
768 2012 875 2055 Quae
895 2024 1054 2061 sequun-

404 2074 462 2106 tur
482 2065 529 2106 τὰ
550 2071 627 2107 τῶν
649 2063 862 2116 ὀνειράτων
880 2064 1051 2118 ἐχόμενα,

405 2128 490 2162 sunt
506 2138 569 2172 ea,
600 2137 687 2174 quae
710 2125 758 2161 ad
788 2126 918 2161 somnia
943 2125 1055 2174 perti-

404 2184 485 2218 nent
513 2181 683 2231 huiusque
711 2184 791 2217 sunt
821 2183 965 2230 generi&
1022 2179 1055 2216 E

405 2241 531 2275 nostro
550 2238 725 2287 scriptore
742 2237 810 2274 huc
838 2238 971 2274 faciunt
988 2235 1056 2272 loci

407 2306 429 2330 a
458 2293 701 2342 Wesselingio
738 2293 873 2330 laudati
902 2293 939 2340 Ι,
966 2294 1055 2333 193.

406 2348 480 2397 ΙΙΙ,
501 2349 566 2390 25.
588 2349 633 2396 V,
646 2349 826 2396 49.V111‚
846 2348 935 2390 142.
957 2347 1053 2384 Add.

405 2405 462 2452 ΙΙ,
503 2409 569 2446 77.
623 2405 704 2442 Alia
741 2405 893 2454 plurima
932 2404 1056 2440 laudat

406 2460 617 2499 Stallbaum.
653 2462 700 2498 ad
737 2461 878 2498 Platon.
916 2459 1053 2497 Phileb.

406 2530 492 2569 pag.
525 2520 590 2559 29.
647 2516 814 2555 Eundem
853 2516 1055 2554 Pausaniae

406 2586 510 2610 usum
539 2573 659 2622 attigit
683 2573 849 2611 Siebelis.
869 2573 917 2609 ad
932 2572 980 2619 Il,
1001 2573 1056 2612 30

408 2627 434 2680 ὃ
465 2683 504 2730 ἐς
540 2680 707 2730 ἀσθενὲς
744 2681 913 2736 ἔρχεται]
957 2682 1055 2719 Infra

408 2752 481 2777 non
500 2741 642 2778 diversa
661 2741 925 2790 significatione
946 2740 1053 2776 dixit:

409 2790 722 2846 ἀποσκήψαντος
753 2799 826 2836 τοῦ
864 2795 1053 2836 ἐνυπνίου

408 2849 448 2896 ἐς
462 2853 655 2903 φλαῦρον.
683 2852 737 2890 Ac
753 2857 878 2890 monet
888 2851 1052 2901 Sehwgh.

1116 1391 1265 1444 ἔρχεται
1281 1393 1338 1430 hic
1361 1392 1457 1431 idern
1480 1406 1586 1440 esse,
1613 1389 1714 1441 quod
1732 1390 1769 1427 in

1116 1450 1218 1486 simili
1238 1455 1450 1496 argumento
1482 1449 1570 1486 alias
1597 1449 1769 1496 frequens

1114 1505 1246 1554 legitur
1268 1504 1457 1555 ἐξέρχεται
1486 1505 1560 1552 VI,
1592 1506 1656 1545 82.
1690 1505 1769 1544 107

1117 1568 1152 1600 et
1175 1563 1242 1599 hoc
1261 1563 1342 1613 ipso
1363 1563 1482 1611 capite
1497 1574 1579 1598 mox
1602 1556 1770 1610 ἐξήκειν.

1115 1619 1157 1656 Iu
1195 1618 1325 1667 quibus
1365 1631 1460 1668 quae
1503 1617 1694 1668 peculiaris
1723 1617 1772 1652 sit

1115 1675 1169 1711 vis
1191 1674 1472 1724 praepositionis
1490 1673 1545 1722 ἐξ,
1565 1675 1622 1711 vix
1645 1685 1771 1723 quem-

1117 1743 1225 1780 quam
1244 1730 1378 1768 latebit.

1176 1781 1299 1841 ταύτῃ
1322 1790 1500 1833 πλεῖστος
1527 1780 1692 1838 γνώμην
1721 1781 1772 1824 εἰ-

1119 1841 1187 1894 μι’]
1230 1843 1252 1878 i.
1282 1856 1312 1880 e.
1347 1847 1384 1880 in
1419 1844 1486 1880 hac
1519 1844 1669 1880 maxime
1697 1853 1772 1878 sum

1118 1901 1298 1936 sententia.
1345 1900 1403 1938 De
1429 1896 1553 1946 πολύς
1583 1897 1775 1945 sufficient,

1120 1969 1214 2006 quae
1234 1955 1470 2005 ianss‘igerus
1491 1956 1601 1993 habet
1613 1955 1659 1993 de
1670 1955 1771 1991 Idio—

1118 2013 1250 2049 tisinm.
1282 2025 1366 2062 pag.
1393 2015 1484 2054 138.
1547 2013 1656 2049 Conf.
1681 2023 1774 2060 quo-

1121 2081 1192 2117 que
1215 2081 1324 2118 supra
1342 2069 1379 2115 Ι,
1401 2071 1454 2110 98
1476 2069 1598 2117 ibique
1617 2071 1693 2104 not.
1715 2087 1772 2094 —-

1122 2122 1302 2174 βασιλέος
1320 2137 1399 2161 cum
1422 2125 1538 2161 Gaiss.
1559 2122 1773 2161 esancroffi

1120 2180 1210 2217 libro
1243 2180 1409 2216 dedimus
1436 2193 1502 2230 pro
1532 2179 1628 2229 vulg.
1662 2179 1772 2230 βασι-

1122 2238 1231 2285 λῆος.
1289 2236 1371 2273 Vid.
1404 2249 1516 2286 supra
1543 2236 1590 2272 ad
1631 2235 1668 2282 I,
1705 2233 1771 2276 94.

1122 2291 1236 2329 Paulo
1259 2292 1351 2329 insta
1380 2293 1442 2329 ubi
1470 2292 1645 2339 recurrit,
1673 2291 1771 2329 idem

1125 2349 1177 2384 sic
1196 2349 1456 2398 rescripsimus.

1180 2402 1271 2455 περὶ
1292 2407 1444 2444 πολλοῦ
1465 2403 1571 2452 ἐστὶ]
1593 2405 1615 2443 ἰ.
1639 2418 1670 2444 e.
1684 2404 1769 2455 plu-

1124 2462 1250 2497 rimum
1284 2461 1407 2498 nostrti
1441 2464 1600 2510 interest,
1648 2463 1775 2512 magni

1117 2516 1288 2567 facimus.
1320 2519 1427 2555 Cous.
1449 2531 1558 2569 supra
1576 2519 1610 2566 Ι,
1626 2520 1704 2567 73,
1724 2531 1773 2556 ne

1123 2573 1227 2624 plura
1246 2574 1282 2610 in
1302 2575 1456 2613 dictione
1476 2575 1572 2613 haud
1593 2574 1742 2612 difficili.

1179 2628 1218 2676 ἐς
1228 2627 1297 2669 τόν
1308 2631 1430 2670 παῖδα
1442 2635 1583 2671 τοῦτον
1600 2632 1774 2683 περιϊοῧ-

1122 2688 1185 2731 σα]
1218 2690 1448 2738 περιϊοῦσα,
1487 2689 1586 2738 quod
1603 2701 1623 2726 e
1647 2687 1774 2726 melio-

1120 2742 1216 2778 ribus
1238 2742 1335 2781 libris
1361 2757 1456 2782 nunc
1472 2745 1676 2783 restitutum
1700 2746 1769 2789 est,

1119 2797 1305 2836 illustravit
1339 2800 1597 2839 Valckenarius
1632 2799 1771 2848 aliquot

1119 2853 1227 2901 locis,
1255 2856 1316 2893 ubi
1345 2869 1497 2905 regnum
1526 2870 1556 2894 s.
1580 2854 1769 2906 imperium
