1909 3228
576 202 1002 243 EUTERPE.
1055 203 1102 241 II.

1378 203 1463 243 729

197 312 494 367 ἀποδέξασθαι
520 314 599 370 μὲν
629 313 837 369 οὐδεμίαν
878 314 1133 369 στρατηίην,
1182 312 1461 367 συνενειχθῆ-
1518 320 1792 389 ξιιοὲιιοῐᾱοῐτεσιι

196 410 270 437 ναι
299 394 345 437 δέ
385 411 428 437 οι
466 393 636 450 τυφλόν
672 393 898 449 γενέσθαι,
952 391 1024 435 δια
1063 389 1235 434 τοιόνδε
1271 394 1457 447 πρῆγμα.
1470 398 1490 431 3

171 477 280 517 Ξτοῦ
310 477 511 529 ποταμοῦ
543 472 832 522 κατελθόντος
858 471 1034 527 μέγιστα
1056 471 1107 527 δὴ
1127 469 1222 513 τότε
1243 469 1303 513 ἐπ’
1323 469 1458 514 ὀκτω-

1492 389 1644 449 ΟΝιξΙιιιειι
1629 364 1793 448 ultrawuih{

1671 421 1773 448 {nsdan

1555 422 1670 482 villatbdi
1689 463 1742 481 cuo
1745 459 1793 481 tra

1516 465 1676 516 11i¹1iieszlrc
1701 489 1793 515 obeli-

199 554 377 596 καίδεκα
405 552 584 608 πήχεας,
617 551 675 603 ὠς
704 550 941 607 ὑπερέβαλε
971 550 1046 601 τὰς
1076 547 1290 604 ἀρούρας,
1322 549 1456 593 πνεύ-
1514 532 1564 592 '1¹:1¹0
1583 522 1695 583 &nisu
1718 526 1794 549 tem*

200 649 333 686 ματος
363 632 643 687 δμπὲσΟνΐΟς,
674 647 885 686 κυματίης
914 648 936 673 Ο
957 645 1150 684 πΟΐαμΟς
1171 644 1354 683 zyeveto·
1385 645 1463 671 τον

201 711 247 754 δὲ
284 711 461 766 βασιλέα
505 709 678 765 λέγουσι
710 714 870 752 τοῦτον
908 707 1149 763 ἀτασθαλίῃ
1179 707 1461 763 χρησάμενον.

198 789 391 845 λαβόντα
430 788 607 845 αἰχμήν,

198 871 400 923 ποταμοῦ
411 883 420 893 ·

169 953 191 987 3
204 945 464 1003 ὀφθαλμούς
476 980 486 999 ,
523 950 825 1003 τυφλωθῆναι.

197 1043 274 1082 μιν
311 1026 498 1082 τυφλόν·

478 867 584 924 μετὰ
624 867 694 921 δὲ,
742 866 899 910 αὐτίκα
938 865 1134 921 καμόντα
1182 865 1317 909 αὐτὸν
1363 865 1522 916 τοὺςέΰ

884 945 986 989 δέκα
1016 944 1094 1001 μὲν
1132 946 1183 1001 δὴ
1223 945 1316 988 ἔτεα
1355 943 1467 988 εἶναί

560 1025 774 1083 ἑνδεκάτῳ
813 1026 858 1070 δὲ
898 1026 981 1069 ἔτεϊ
1018 1024 1251 1068 ἀπικέσθαι
1282 1025 1325 1066 οἱ
1353 1040 1464 1080 μαν-

199 1106 324 1161 τήϊον
352 1105 399 1149 ἐκ
430 1109 628 1158 Βουτοῦς
658 1105 835 1156 πόλιος,
867 1103 926 1156 ὥς
955 1102 1131 1160 „agnina
1160 1103 1204 1146 τέ
1235 1103 1278 1146 οἷ
1307 1101 1330 1145 ὁ
1361 1100 1464 1158 χρό-

200 1202 314 1238 ,,νος
351 1188 428 1242 τῆς
466 1187 636 1242 ζημίης,
683 1185 756 1228 καὶ
798 1182 1055 1240 ἀναβλέψει,
1103 1180 1311 1237 γυναικὸς
1342 1180 1460 1237 οὔρῳ
1476 1184 1522 1221 40

200 1264 476 1320 ,,νιψάμενος
511 1265 612 1315 τοὺς
643 1262 928 1320 ὀφθαλμούς,
977 1261 1068 1318 ἥτις
1098 1260 1215 1315 παρα
1247 1260 1325 1304 τόν
1355 1259 1465 1303 ἑωυ-

202 1376 228 1396 ,,
240 1347 315 1399 τῆς
335 1343 477 1400 ἄνδρα
495 1348 666 1401 μοῦνον
686 1344 942 1400 πεφοίτηκε,
975 1339 1116 1384 ἄλλων
1140 1339 1314 1394 ἀνδρῶν
1330 1339 1465 1384 ἐοῦσα

144 1563 314 1612 Regnum
343 1564 446 1601 huius
473 1563 570 1613 regis
603 1563 729 1600 incidit
758 1575 801 1601 ex

144 1619 318 1658 Larcheri
337 1621 482 1658 calculis
494 1621 539 1667 (t.
553 1620 638 1657 VIII
651 1634 686 1670 p.
700 1620 800 1668 579)

146 1677 183 1713 in
202 1689 287 1714 ann.
312 1679 419 1718 1312
441 1690 472 1714 a.
487 1677 573 1713 Chr.
595 1690 630 1712 n.
649 1690 691 1713 ac
711 1677 803 1712 duo-

148 1733 324 1781 deviginti
364 1734 466 1770 annis
506 1733 714 1771 absolvitur.
745 1754 802 1760 —-

147 1789 261 1835 „Sub
304 1789 374 1826 hoc
414 1803 501 1838 rege
534 1789 691 1838 Moysen
720 1802 802 1825 eum

148 1844 317 1881 Israelitis
343 1845 488 1894 reliquis
532 1846 731 1882 excessisse
761 1856 804 1881 ex

150 1900 319 1951 Aegypto
339 1929 350 1947 ,
405 1901 641 1951 comprobare
683 1901 805 1937 studet

148 1956 392 2006 Bois-Ayme'
423 1958 459 1993 iu
482 1958 597 1994 deser.
630 1957 678 1993 de
700 1957 720 1992 l’
735 1957 804 2004 Eg.

149 2018 239 2050 antt.
258 2013 334 2050 livr.
348 2013 409 2050 ΙΙΙ.
428 2014 535 2051 me'm.
559 2013 613 2050 t.I
632 2026 668 2063 p.
681 2013 805 2054 305.“

152 2069 220 2107 Cr.

207 2120 398 2175 οὐδεμίαν
427 2123 664 2177 στρατηίην]
695 2119 807 2164 οὔδε-

151 2181 247 2233 μίαν
281 2182 366 2219 dedi
404 2195 483 2219 cum
514 2183 631 2219 Gaisf.
686 2181 806 2230 Vulgo

152 2234 354 2288 ου’δεμίην.
411 2238 604 2288 Reliquam
629 2238 808 2274 narratio-

153 2308 237 2332 nem
259 2294 441 2331 Diodorus
472 2294 494 2331 l.
514 2296 536 2332 l.
568 2307 716 2344 quoque
744 2306 806 2331 ex-

151 2351 275 2396 hibet,
318 2364 361 2388 ex
397 2351 478 2401 ipso
515 2351 729 2398 Herodoto,
768 2353 809 2386 ut

154 2406 399 2455 W'esselingio
425 2408 591 2453 videtur,
629 2407 806 2443 haustam.

211 2464 283 2501 τοῦ
327 2465 509 2514 ποταμοῦ
545 2459 809 2508 κατελθόντος

157 2517 316 2572 μέγιστα
345 2534 380 2557 κ.
406 2535 436 2557 τ.
461 2517 509 2569 λ.]
552 2517 810 2569 κατέρχεσθαι

158 2576 287 2613 eodem
318 2588 426 2612 sensu
445 2575 501 2623 ll,
524 2578 587 2616 19.
629 2575 688 2610 Ad
707 2588 809 2623 seqq.

159 2632 253 2669 conf.
287 2631 342 2677 II,
375 2633 438 2672 13.
506 2631 573 2667 Est
597 2644 683 2668 vero
714 2631 809 2678 regis

157 2690 291 2725 factum
312 2688 397 2723 inde
417 2687 688 2736 explicandum,
710 2686 811 2735 quod

157 2744 286 2790 Nilus,
325 2744 538 2793 praesertim
564 2743 810 2779 inundationis

159 2801 417 2837 saluberrimae
461 2803 625 2849 tempore
642 2828 653 2845 ,
712 2811 812 2835 sacer

158 2857 314 2894 habetur
332 2856 430 2893 haud
450 2855 552 2893 aliter
577 2859 687 2905 atque
710 2855 813 2892 Gan-

870 1575 935 1611 ges
959 1561 1057 1611 apud
1080 1560 1203 1598 Indos.

870 1622 924 1660 90
945 1623 1021 1655 not.

925 1672 1121 1726 κυματίης
1141 1669 1344 1724 ὅποταμὸς
1358 1670 1525 1724 ἐγένετο]

869 1731 1063 1782 κυματίης
1096 1730 1225 1767 dicitur
1244 1731 1372 1766 fluvius
1395 1730 1527 1780 flucti-

871 1789 934 1824 bus
952 1790 1115 1836 agitatus
1127 1815 1138 1834 ‚
1168 1790 1207 1822 ut
1224 1786 1321 1833 VIII,
1338 1788 1417 1826 118
1440 1782 1528 1823 ἅνε-

873 1859 946 1894 μος
976 1841 1234 1893 κυματίης
1261 1846 1389 1880 ventus
1418 1841 1527 1878 maris

872 1902 1003 1937 fluctus
1026 1899 1199 1936 excitans.

930 1950 1111 2006 καμόντα
1137 1949 1255 1993 αὐτὸν
1272 1949 1364 1999 τοῦς
1378 1947 1528 2001 ὀφθαλ-

875 2009 1000 2062 μοὺς]
1043 2012 1152 2047 Conf.
1173 2010 1350 2047 Matthiae
1372 2009 1438 2045 Gr.
1461 2009 1526 2045 Gr.

875 2067 912 2120 ᾗ.
931 2068 1032 2113 424,
1058 2066 1096 2106 4.
1126 2088 1181 2093 -
1209 2066 1268 2103 De
1286 2065 1431 2102 oraculo
1454 2065 1530 2102 La-

873 2131 982 2162 tonae
1024 2124 1060 2160 in
1093 2124 1181 2160 urbe
1221 2122 1317 2158 Buto
1356 2123 1450 2158 conf.
1484 2121 1529 2168 II,

878 2181 970 2222 155.
1001 2200 1056 2208 —-
1087 2179 1184 2226 „Tu
1214 2179 1309 2215 conf.
1340 2178 1530 2226 Bruining.

875 2237 1102 2275 schediasma
1123 2236 1170 2273 de
1190 2233 1442 2271 Mesmerismo
1465 2246 1531 2270 an-

875 2298 914 2331 te
933 2292 1155 2330 'IIesmerum
1180 2291 1380 2339 (Groning.
1401 2289 1530 2337 1815)

875 2363 962 2402 pag.
989 2352 1054 2390 66
1059 2350 1083 2368 ‘⁴
1117 2348 1181 2385 Cr.

933 2420 1041 2456 παρα
1055 2401 1122 2443 τὸν
1134 2402 1284 2454 ἑωυτῆς
1295 2399 1421 2452 ἄνδρα
1434 2403 1531 2452 μοῦ-

876 2477 949 2501 νον
971 2459 1204 2511 πεφοίτηκε]
1241 2461 1386 2512 φοιτᾷν
1406 2459 1463 2495 hic
1483 2459 1529 2495 de

876 2518 1135 2555 consuetudine
1186 2516 1354 2553 venerea
1399 2514 1531 2551 intelli-

877 2575 1061 2624 gendum,
1092 2586 1180 2610 voce
1197 2571 1417 2618 honestiori,
1452 2574 1530 2608 tum

878 2633 925 2667 de
943 2630 1019 2666 viro
1046 2634 1122 2666 tum
1143 2630 1189 2666 de
1220 2628 1367 2664 muliere
1387 2628 1530 2664 usitata.

878 2687 962 2723 Yid.
980 2686 1042 2732 lv,
1064 2688 1086 2726 1
1116 2686 1201 2734 ibiq.
1230 2684 1355 2721 Valck.
1388 2688 1424 2721 et
1450 2684 1531 2720 Sie-

881 2742 982 2779 belis.
1015 2742 1061 2778 ad
1085 2741 1240 2778 Pausan.
1266 2740 1321 2787 ll,
1348 2742 1399 2780 10
1434 2738 1470 2790 ἓ,
1491 2739 1530 2787 4,

880 2799 943 2847 qui
983 2798 1111 2835 eadem
1142 2802 1197 2834 est
1226 2810 1309 2833 usus
1337 2796 1531 2832 locutione.

880 2854 929 2892 Et
961 2855 1119 2905 pertinet
1140 2853 1209 2891 huc
1235 2865 1380 2904 quoque
1406 2851 1530 2889 similis

1263 1559 1373 1597 Conf.
1402 1559 1450 1597 ad
1477 1559 1525 1607 ΙΙ,

663 788 834 844 βαλέειν
871 787 913 838 ές
955 787 1087 842 μέσας
1125 788 1202 838 τὰς
1232 788 1354 838 δίνας
1383 789 1464 830 τοῦ
1524 783 1602 824 154
