1909 3228
581 149 1004 191 EUTERPE.
1055 149 1101 187 II.

1377 148 1458 188 781

198 267 331 306 πικοῦ
366 263 591 311 ποικίλου,
641 260 956 313 τεσσεράκοντα
993 257 1131 308 πόδας
1176 253 1347 312 ὑποβάς
1386 259 1517 312 τῆςδο

200 342 347 399 ἑτέρης
377 341 517 386 τώυτὸ
549 342 763 397 μέγαθος,
794 340 999 395 ἐχομένην
1029 341 1104 394 τῆς
1133 334 1320 392 μεγάλης
1338 335 1460 378 οἰκο-

201 421 375 478 δόμησε.
435 422 580 465 ἑστᾶσι
621 421 666 464 δὲ
699 420 767 462 ἐπὶ
811 418 956 473 λόφου
986 421 1066 460 τοῦ
1098 416 1235 460 αὐτοῦ
1268 411 1460 470 ἀμφότε-

201 519 298 556 ραι,
339 499 522 557 μάλιστα
551 500 592 551 ἐς
622 498 776 543 ἑκατὸν
805 497 944 548 πόδας
973 498 1158 553 ὑψηλοῦ.
1207 496 1462 552 βασιλεῦσαι

144 721 357 759 monstravit
396 718 557 757 Lobeck.
597 718 645 754 ad
682 716 796 765 Phry-

145 778 237 814 nich.
270 791 304 827 p.
324 776 406 817 490
430 789 505 824 seq.
538 788 559 811 a
583 774 649 811 Cr.
672 773 797 810 lauda-

143 839 211 871 tus.

199 887 419 938 ὑποδείμας
453 884 495 925 δὲ
532 883 602 925 τὸν
635 888 796 935 πρῶτον

143 943 270 996 δόμον
288 945 408 983 λίθου
428 942 694 993 Αἰθιοπικοῦ]
721 944 741 979 i.
764 956 796 980 e.

136 1005 288 1053 primum
307 1001 465 1050 lapidum
483 1001 633 1037 ordinem
652 999 795 1037 Aethio-

140 1062 219 1109 pico
241 1058 357 1108 lapide
381 1059 566 1105 variegata
586 1057 794 1093 sztbstruens.

144 1112 269 1166 δόμον
294 1114 455 1162 intelligo
481 1117 526 1151 de
546 1114 682 1159 ordine,
706 1125 796 1149 com-

139 1185 234 1223 page
254 1171 410 1220 lapidum
425 1171 460 1206 in
482 1170 656 1207 aedificio.
671 1170 751 1206 Vid.
766 1170 794 1215 I,

145 1232 235 1270 179.
268 1229 324 1265 De
348 1227 464 1276 lapide
481 1227 682 1275 Aethiopico
702 1227 795 1263 conf.

141 1285 198 1331 II,
238 1287 290 1325 86
322 1284 408 1332 ibiq.
436 1288 526 1319 nott.
556 1289 593 1320 et
628 1283 721 1319 infra
750 1282 795 1329 II,

145 1341 235 1382 134.
260 1343 348 1380 176.
411 1340 479 1376 iix
512 1340 605 1376 enim
633 1339 795 1375 diversus

142 1397 232 1448 Iapis
274 1397 319 1432 ab
353 1409 396 1433 eo
416 1425 426 1440 ‚
463 1396 525 1444 qui
557 1396 593 1432 in
620 1394 793 1442 Myceriui

140 1453 327 1504 pyramide
359 1452 598 1489 adhibebatur
619 1480 629 1497 ,
677 1452 794 1487 varie-

141 1514 249 1559 gatus
269 1513 331 1544 aut
347 1508 557 1553 versicolor,
588 1520 720 1556 nempe
740 1508 796 1542 ni-

142 1579 208 1615 gro
232 1564 351 1602 colore
380 1565 415 1600 in
444 1565 590 1601 rubrum
620 1567 795 1611 vergente

141 1627 205 1659 aut
231 1621 346 1658 rubris
379 1621 523 1657 maculis
542 1621 731 1657 distinctus
753 1632 795 1656 ae

141 1681 300 1716 sortasse
318 1679 363 1714 de
386 1677 443 1712 illo
462 1678 634 1724 Syenitae
648 1688 795 1724 genere,

144 1748 251 1784 quem
269 1734 511 1783 pyropoecc'lon
532 1733 615 1769 olim
629 1738 794 1768 vocatum

144 1791 255 1828 fuisse
275 1790 408 1825 Plinius
431 1790 551 1836 refert,
571 1789 667 1835 XVI,
680 1790 717 1833 8,
731 1789 793 1828 13.

144 1847 248 1883 Haec
264 1846 552 1893 Schweighaeus.
573 1846 620 1881 ad
640 1845 684 1891 11,
701 1843 792 1889 134,

146 1903 205 1939 ubi
222 1902 345 1938 laudat
369 1902 516 1938 Diodor.
540 1901 574 1947 l,
599 1903 663 1942 64.
692 1901 795 1936 Stra-

145 1960 229 1995 bon.
256 1957 358 1994 XVII
377 1971 411 2007 p.
432 1959 512 1997 808
536 1956 586 2008 [p.
612 1959 732 2002 1161,
751 1956 794 1992 C·

146 2014 194 2065 D]
219 2019 255 2051 et
274 2014 383 2050 Abd-
397 2013 526 2049 Allatif
547 2028 582 2063 p.
608 2015 686 2053 173
708 2012 793 2060 ibiq.

144 2071 299 2120 S)Ivest.
321 2071 367 2107 de
387 2070 483 2119 Saey
503 2083 588 2119 pag.
611 2069 693 2110 214
717 2082 795 2116 seq.

147 2127 210 2164 Cr.
240 2130 366 2163 monet
399 2139 466 2175 pro
498 2126 621 2175 lapide
644 2124 797 2175 Syenitrf,

145 2184 314 2231 (Granz't)
334 2183 498 2232 accipere
525 2183 652 2218 doctos
669 2182 796 2218 Gallos

145 2241 181 2276 in
207 2240 375 2288 descript.
408 2239 454 2276 de
480 2238 648 2287 l’Egypt.
677 2238 795 2274 Theb.

144 2295 214 2332 vol.
245 2296 278 2331 II
306 2309 341 2344 p.
367 2294 464 2341 142,
498 2308 563 2331 nee
590 2294 693 2331 aliter
720 2295 797 2331 sere

144 2351 351 2389 Letronne:
385 2364 443 2387 sur
461 2351 494 2388 le
514 2351 686 2387 tombeau
705 2350 797 2386 (ΓΟ-

146 2409 310 2457 symand.
339 2406 473 2454 (Paris.
503 2408 630 2454 1822)
664 2419 747 2456 pag.
770 2407 796 2446 3

147 2478 248 2513 seqq.
300 2463 359 2499 Tu
379 2464 462 2499 add.
484 2463 577 2499 Hirt.
594 2463 615 2499 l.
634 2462 655 2498 l.
675 2476 710 2513 p.
732 2466 796 2509 12,

145 2521 202 2558 cui
233 2520 322 2569 Iapis
356 2519 592 2568 Aethiopicos
623 2524 698 2555 est:
738 2518 797 2554 cler

144 2575 457 2624 rothgesprengelte
490 2575 563 2611 und
592 2575 798 2611 schwtirzlz'-

146 2632 206 2668 che
225 2632 362 2682 Syem't.
421 2631 616 2680 Copiosam
641 2644 725 2668 vero
751 2632 797 2668 de

147 2689 201 2725 his
224 2688 509 2738 disputationem
528 2687 682 2724 instituit
700 2687 795 2723 Gail.

146 2746 183 2781 in
201 2746 304 2782 mem.
327 2745 373 2781 de
398 2744 532 2780 I'instit.
553 2743 636 2779 VIII
656 2757 690 2792 p.
717 2743 796 2784 150

147 2814 252 2851 seqq.
304 2800 376 2845 Qui
405 2804 440 2837 et
458 2799 537 2850 ipse
559 2801 596 2836 in
616 2799 796 2837 Herodoti

864 717 944 754 loco
977 716 1227 766 Aethiopicum
1255 714 1413 765 lapidem
1441 716 1517 750 sta-

864 775 933 810 tuit
951 788 1031 810 esse
1052 774 1204 815 Granz't‚·
1236 773 1296 819 qui
1317 784 1395 807 cum
1418 771 1517 807 ‹lica-

864 835 922 866 tur
943 830 1134 875 ποικίλος,
1165 829 1315 864 indicari
1332 831 1434 877 putat
1451 840 1518 876 pe-

865 887 996 923 culiare
1017 887 1120 922 huius
1136 885 1267 934 lapidis
1289 897 1423 932 genus:
1442 895 1516 929 „un

864 944 994 993 espece
1017 944 1063 980 de
1087 942 1205 989 granit
1227 941 1365 977 minuce
1396 941 1441 975 de
1462 940 1519 975 ‹Ii-

864 1013 984 1037 verses
1013 998 1176 1036 eouleurs
1200 996 1416 1043 natm-elles,
1446 1008 1518 1033 une

864 1057 999 1093 variete
1022 1057 1113 1092 dans
1145 1054 1194 1092 les
1220 1053 1384 1091 couleurs
1412 1053 1458 1090 de
1484 1052 1518 1089 la

865 1113 1034 1149 nature.“
1093 1110 1123 1147 A
1151 1124 1223 1160 quo
1256 1111 1435 1146 diversum
1468 1109 1519 1145 ait

864 1168 1018 1206 Diodori
1039 1168 1157 1206 λίθον
1177 1167 1358 1206 ποικίλον
1371 1167 1418 1213 (I,
1431 1165 1517 1210 64);

864 1226 958 1262 hunc
992 1225 1087 1261 enim
1129 1237 1225 1262 esse:
1267 1236 1373 1269 „une
1400 1224 1518 1272 pierre

863 1283 1007 1318 revetue
1029 1281 1074 1317 de
1090 1281 1250 1317 couleurs
1273 1281 1362 1317 dues
1385 1281 1406 1316 ἐι
1425 1279 1518 1325 l’art,

863 1350 934 1374 mie
952 1338 1083 1374 variet&
1103 1338 1194 1373 dans
1220 1336 1271 1373 les
1289 1336 1452 1373 couleurs
1470 1337 1518 1372 de

864 1394 983 1429 l’art.“

919 1443 1205 1498 τεσσεράκοντα
1244 1444 1374 1493 πόδας
1420 1445 1517 1486 ὑπο-

864 1502 937 1556 βσῖς
957 1508 1026 1555 τῆς
1047 1499 1314 1555 ἕτέρηςτῶυτὸ
1325 1503 1515 1555 μέγαθος]

862 1563 967 1599 Haec
989 1562 1099 1598 verba
1124 1566 1221 1598 reete
1243 1562 1313 1598 iam
1342 1561 1519 1598 intellexit

864 1618 1234 1666 11Ἐεεε111ῃςλιιιηεὶῃ
1247 1619 1392 1654 modum
1406 1632 1413 1654 :
1428 1631 1517 1667 qua-

863 1675 1033 1723 draginta
1049 1675 1153 1723 pedes
1172 1677 1206 1710 ιή
1204 1675 1270 1724 fra
1282 1675 1427 1711 alterius
1442 1687 1518 1710 ma-

861 1731 1078 1779 gnitudinem
1096 1732 1288 1779 degressus,
1314 1733 1518 1779 contiguam

863 1800 1013 1835 magnae
1054 1787 1070 1831 (
1083 1789 1292 1836 pyrmnidi)
1326 1790 1515 1824 exstruxit.

864 1844 996 1880 Omisit
1024 1843 1240 1892 Wesseling.
1270 1857 1394 1881 vocem
1416 1840 1518 1882 τῶν-

863 1896 925 1945 τὸ,
967 1912 1075 1948 quam
1104 1904 1223 1936 tamen
1254 1914 1327 1936 non
1372 1902 1450 1938 sine
1481 1901 1517 1937 vi

863 1956 1021 2004 quadam
1031 1957 1189 1992 additam
1201 1961 1325 1994 censet
1337 1957 1516 2005 Schwgh.:

865 2012 954 2061 quod
983 2012 1031 2047 ad
1058 2012 1198 2049 eandem
1228 2013 1278 2059 (i.
1309 2026 1340 2050 e.
1371 2015 1516 2063 parem)

864 2068 1138 2115 nmgm'tmlinem
1169 2073 1321 2117 spectat,
1358 2083 1424 2106 non
1448 2072 1518 2106 m'si

866 2124 1108 2174 quadraginta
1130 2125 1276 2174 pedibus
1305 2126 1407 2175 infra
1442 2140 1517 2164 eam

863 2182 1032 2218 substitit.
1045 2182 1166 2218 —Ad
1185 2183 1334 2219 verbum
1357 2181 1518 2232 ἔχεσθαι

865 2239 957 2275 conf.
978 2239 1014 2285 Ι,
1040 2241 1130 2279 120.
1157 2239 1246 2279 134-
1278 2238 1341 2285 IV,
1370 2242 1459 2280 169·

921 2290 1086 2344 μάλιστα
1134 2293 1171 2339 ἐς
1212 2291 1346 2333 ἕκατον
1394 2291 1517 2342 πόδας

863 2349 1057 2400 ὑψηλοῦ]
1096 2350 1154 2387 De
1181 2352 1451 2400 praepositione
1478 2352 1517 2399 ἐς

866 2408 1006 2443 monuit
1024 2406 1152 2444 Matth.
1177 2407 1241 2443 Gr.
1263 2408 1327 2444 Gr.
1345 2422 1380 2458 p.
1397 2408 1515 2450 1146.

865 2484 921 2491 -
940 2463 979 2499 In
1001 2465 1079 2512 ipsa
1100 2476 1281 2511 mensura,
1302 2478 1410 2513 quam
1430 2478 1516 2515 pro-

866 2520 959 2556 didit
993 2520 1228 2566 Herodotus,
1285 2520 1383 2557 haud
1430 2522 1515 2559 satis

865 2576 1033 2612 convenit
1054 2576 1145 2612 inter
1163 2578 1390 2615 recentiores.
1450 2577 1517 2615 At-

865 2645 935 2680 que
954 2632 1130 2669 Niebuhr.
1153 2632 1349 2669 astrolabio
1370 2648 1514 2673 mensus

864 2688 989 2724 collem
1010 2688 1145 2725 invenit
1162 2689 1273 2726 altum
1294 2695 1436 2728 centum
1456 2705 1516 2729 se-

862 2745 1056 2794 ptuaginta
1087 2745 1225 2794 pedeS‚
1262 2759 1417 2796 eumque
1446 2749 1515 2785 du-

863 2804 987 2838 centos
1017 2800 1133 2851 pedes
1170 2814 1280 2852 supra
1307 2803 1382 2841 Nili
1416 2805 1513 2856 ripas
