1845 3223
1588 212 1655 249 Vll

136 335 263 379 nobis
292 349 443 377 curam
464 333 617 378 fuisse,
655 332 822 375 monitu
855 330 925 372 vix
954 345 1079 388 opus.
1153 328 1304 382 Quare
1338 343 1451 384 quae
1483 328 1654 386 priores

137 436 359 481 Herodoti
382 437 644 494 interpretes
668 434 924 481 attulerant„
965 447 1017 474 ea
1043 446 1130 473 non
1163 430 1346 488 integris
1378 445 1532 472 eorum
1553 444 1656 472 ver-

138 541 204 583 bis
233 537 479 598 repetenda
519 537 645 589 duxi„
695 551 749 579 ne
784 535 909 578 nimis
952 540 1191 592 augeretur
1225 532 1323 574 libri
1359 531 1523 583 moles-3
1577 530 1656 573 sed

139 657 355 685 summam
385 646 554 683 tantum
586 653 765 692 eorum,
804 652 918 695 quae
952 636 1007 679 ab
1032 635 1113 678 illis
1136 635 1311 694 prolata
1340 633 1552 687 vidimus,
1589 633 1658 675 in-

139 744 308 786 dicasse
336 743 468 785 satius
494 742 633 784 visum
660 747 737 785 est.
810 739 862 782 Id
885 739 1001 782 enim
1021 738 1280 796 primarium
1304 736 1386 778 fuit
1411 734 1655 788 consilium,

138 852 184 888 ut
208 844 488 888 Herodotum
519 843 779 903 perlecturis
813 848 887 885 aut
915 842 959 884 in
987 841 1142 884 schola
1169 838 1514 897 interpretaturis
1542 837 1656 879 iusta

138 946 401 990 afferrentur
433 946 626 990 subsidia
660 945 715 988 ad
746 945 917 1004 singula
951 943 1174 1002 scriptoris
1206 942 1343 985 verba
1381 940 1462 983 rite
1494 938 1657 982 intelli-

139 1049 288 1108 genda
324 1050 533 1109 ipsasque
561 1065 630 1092 res
661 1053 855 1091 narratas
886 1046 1040 1089 melius
1065 1043 1400 1104 cognoscendas
1420 1058 1471 1084 ae
1493 1041 1657 1084 diiudi-

140 1150 326 1199 candas;
376 1151 636 1209 praesertim
670 1166 770 1193 cum
803 1150 924 1193 haud
957 1149 1090 1208 pauci
1117 1147 1414 1206 reperiantur,
1447 1144 1606 1201 quibus
1631 1159 1657 1185 a

139 1252 409 1295 bibliotheca
430 1252 774 1309 locupletissima
797 1252 976 1295 remotis
998 1266 1086 1293 non
1106 1265 1158 1292 ea
1179 1253 1419 1306 suppetant
1443 1246 1657 1288 librorum

137 1353 382 1412 praesidia,
430 1367 546 1408 quae
577 1352 634 1395 ad
659 1352 881 1395 Herodoti
908 1351 1243 1409 intelligentiam
1276 1349 1464 1391 multum
1500 1348 1657 1390 confe-

137 1461 242 1499 rant.
326 1454 589 1497 Versionem
626 1454 831 1497 Latinam
875 1452 999 1495 haud
1043 1451 1325 1507 addidimus5
1377 1464 1504 1505 cum,
1542 1464 1658 1506 quae

135 1557 360 1599 intellectu
391 1555 591 1598 feruntur
625 1555 896 1611 difficiliora,
936 1571 988 1598 ea
1016 1555 1060 1598 in
1090 1554 1203 1597 notis
1231 1553 1448 1613 explicata
1483 1557 1525 1594 et
1556 1550 1658 1593 illu-

137 1664 269 1700 strata
304 1658 589 1701 inveniantur.

241 1861 547 1918 Quaecunque
571 1861 614 1903 in
645 1861 759 1903 notis
792 1860 1088 1906 C'reuzero
1118 1859 1335 1902 debentur
1357 1863 1431 1899 aut
1461 1871 1514 1899 ex
1539 1856 1656 1898 eius-

138 1961 241 2004 dem
288 1962 726 2005 commentationibus
766 1962 1037 2005 Herodoteis
1080 1962 1255 2019 integra
1298 1965 1398 2001 sunt
1448 1966 1655 2009 assumta,

135 2063 268 2107 literis
304 2063 539 2105 initialibus
575 2062 712 2121 (Cr.)
741 2070 946 2106 accurate
978 2063 1278 2108 indicavimus.
1347 2059 1526 2103 Eodem
1560 2060 1655 2102 viro

137 2172 319 2208 auctore
341 2164 518 2207 additae
538 2179 719 2222 quoque
745 2173 841 2208 sunt
863 2166 1039 2209 tabulae
1061 2164 1283 2223 quaedam
1301 2161 1655 2222 geographicae,

137 2267 254 2310 unde
287 2267 386 2326 ipsa
421 2267 647 2326 scriptoris
681 2267 873 2310 narratio
908 2267 1031 2310 haud
1062 2282 1161 2310 raro
1190 2265 1433 2325 plurimum
1466 2263 1656 2322 accipiat

137 2369 256 2411 lucis.
331 2368 452 2422 Quas
479 2369 602 2411 multi
627 2370 849 2426 requirent
885 2369 1200 2428 disputationes
1228 2368 1284 2411 de
1309 2364 1530 2410 Herodoti
1554 2366 1655 2416 vita,

137 2470 339 2523 consilio,
375 2470 624 2525 itineribus,
662 2471 885 2514 scribendi
909 2487 1100 2530 genere,
1137 2471 1251 2526 aliis,
1289 2483 1368 2512 eae
1398 2467 1456 2510 ad
1487 2468 1656 2510 calcem

136 2572 281 2630 operis
322 2586 410 2613 una
449 2586 551 2613 cum
584 2571 800 2616 indicibus
838 2573 1107 2615 adiicientur.
1177 2572 1259 2614 Est
1291 2585 1397 2631 vero
1434 2585 1487 2613 ea
1525 2569 1653 2611 huius

137 2672 334 2715 editionis
366 2679 545 2715 externa
569 2674 787 2729 conditio,
824 2682 869 2717 ut
895 2674 1082 2717 honesta
1115 2674 1266 2732 specie
1299 2688 1394 2715 sese
1424 2686 1654 2714 commen-

136 2774 211 2816 det
234 2774 428 2831 aliasque
449 2774 685 2829 editiones„
725 2792 839 2834 quae
860 2777 996 2836 vulgo
1015 2777 1059 2819 in
1078 2777 1223 2819 lucem
1247 2773 1495 2834 prodeunt,
1523 2773 1651 2815 facile
