<?xml version="1.0" encoding="UTF-8"?>
<!DOCTYPE html PUBLIC "-//W3C//DTD XHTML 1.0 Transitional//EN"
    "http://www.w3.org/TR/xhtml1/DTD/xhtml1-transitional.dtd">
<html xmlns="http://www.w3.org/1999/xhtml" xml:lang="en" lang="en">
 <head>
  <title>
</title>
<meta http-equiv="Content-Type" content="text/html;charset=utf-8" />
  <meta name='ocr-system' content='tesseract 3.04.00' />
  <meta name='ocr-capabilities' content='ocr_page ocr_carea ocr_par ocr_line ocrx_word'/>
</head>
<body>
  <div class='ocr_page' id='page_1' title='image "./musaeherodoto01hero/musaeherodoto01hero_0454.png"; bbox 0 0 1909 3228; ppageno 0'>
   <div class='ocr_carea' id='block_1_1' title="bbox 412 182 1281 231">
    <p class='ocr_par' dir='ltr' id='par_1_1' title="bbox 412 182 1281 231">
     <span class='ocr_line' id='line_1_1' title="bbox 412 182 1281 231; baseline -0.013 -1"><span class='ocrx_word' id='word_1_1' title='bbox 412 191 496 231; x_wconf 80' lang='lat'><em>440</em></span> <span class='ocrx_word' id='word_1_2' title='bbox 820 182 1281 223; x_wconf 77' lang='lat' dir='ltr'>HERODOTI</span> 
     </span>
    </p>
   </div>
   <div class='ocr_carea' id='block_1_2' title="bbox 89 294 1665 426">
    <p class='ocr_par' dir='ltr' id='par_1_2' title="bbox 89 294 1665 426">
     <span class='ocr_line' id='line_1_2' title="bbox 89 294 362 356; baseline -0.015 -31"><span class='ocrx_word' id='word_1_3' title='bbox 89 295 168 338; x_wconf 74' lang='lat' dir='ltr'><em>apud</em></span> <span class='ocrx_word' id='word_1_4' title='bbox 196 294 362 356; x_wconf 54' lang='grc' dir='ltr'><em>νῑιοιῐιέεαᾱε-</em></span> 
     </span>
     <span class='ocr_line' id='line_1_3' title="bbox 91 340 193 363; baseline -0.02 -7"><span class='ocrx_word' id='word_1_5' title='bbox 91 340 193 363; x_wconf 49' lang='lat' dir='ltr'><em>elif-1³02,</em></span> 
     </span>
     <span class='ocr_line' id='line_1_4' title="bbox 90 365 1665 426; baseline -0.007 -3"><span class='ocrx_word' id='word_1_6' title='bbox 90 365 192 424; x_wconf 57' lang='lat' dir='ltr'>ffrii&#39;m·</span> <span class='ocrx_word' id='word_1_7' title='bbox 158 371 204 396; x_wconf 35' lang='grc' dir='ltr'><em>’ἔμ’</em></span> <span class='ocrx_word' id='word_1_8' title='bbox 209 362 363 423; x_wconf 62' lang='grc' dir='ltr'><em>ι’ῑιῖιῗουὲ</em></span> <span class='ocrx_word' id='word_1_9' title='bbox 418 377 476 426; x_wconf 81' lang='grc' dir='ltr'><em>ὦς</em></span> <span class='ocrx_word' id='word_1_10' title='bbox 505 375 559 418; x_wconf 71' lang='grc' dir='ltr'><em>ἂν</em></span> <span class='ocrx_word' id='word_1_11' title='bbox 587 376 632 417; x_wconf 84' lang='grc' dir='ltr'><em>αἴ</em></span> <span class='ocrx_word' id='word_1_12' title='bbox 659 371 872 425; x_wconf 79' lang='grc' dir='ltr'>παρθένοι</span> <span class='ocrx_word' id='word_1_13' title='bbox 899 372 1094 425; x_wconf 73' lang='grc' dir='ltr'><em>γινοίατο</em></span> <span class='ocrx_word' id='word_1_14' title='bbox 1123 369 1273 425; x_wconf 84' lang='grc' dir='ltr'><em>γάμων</em></span> <span class='ocrx_word' id='word_1_15' title='bbox 1297 367 1478 423; x_wconf 85' lang='grc' dir='ltr'><em>ωραῖαι,</em></span> <span class='ocrx_word' id='word_1_16' title='bbox 1506 369 1665 420; x_wconf 85' lang='grc' dir='ltr'><em>ταύτας</em></span> 
     </span>
    </p>
   </div>
   <div class='ocr_carea' id='block_1_3' title="bbox 92 434 182 465">
    <p class='ocr_par' dir='ltr' id='par_1_3' title="bbox 92 434 182 465">
     <span class='ocr_line' id='line_1_5' title="bbox 92 434 182 465; baseline 0 -9"><span class='ocrx_word' id='word_1_17' title='bbox 92 434 182 465; x_wconf 72' lang='lat' dir='ltr'>pta-ua</span> 
     </span>
    </p>
   </div>
   <div class='ocr_carea' id='block_1_4' title="bbox 417 289 1660 353">
    <p class='ocr_par' dir='ltr' id='par_1_4' title="bbox 417 289 1660 353">
     <span class='ocr_line' id='line_1_6' title="bbox 417 289 1660 353; baseline -0.006 -12"><span class='ocrx_word' id='word_1_18' title='bbox 417 314 499 353; x_wconf 86' lang='grc' dir='ltr'><em>μας</em></span> <span class='ocrx_word' id='word_1_19' title='bbox 527 295 703 345; x_wconf 78' lang='grc' dir='ltr'><em>ἑκάστας</em></span> <span class='ocrx_word' id='word_1_20' title='bbox 732 293 842 344; x_wconf 80' lang='grc' dir='ltr'><em>ἅπαξ</em></span> <span class='ocrx_word' id='word_1_21' title='bbox 870 295 950 335; x_wconf 86' lang='grc' dir='ltr'><em>τοῦ</em></span> <span class='ocrx_word' id='word_1_22' title='bbox 978 292 1088 342; x_wconf 74' lang='grc' dir='ltr'><em>ἔτεος</em></span> <span class='ocrx_word' id='word_1_23' title='bbox 1117 290 1300 334; x_wconf 79' lang='grc' dir='ltr'><strong>ἑκάστου</strong></span> <span class='ocrx_word' id='word_1_24' title='bbox 1331 290 1515 334; x_wconf 75' lang='grc' dir='ltr'><em>ἐποιέετο</em></span> <span class='ocrx_word' id='word_1_25' title='bbox 1547 289 1660 334; x_wconf 88' lang='grc' dir='ltr'><em>τάδε.</em></span> 
     </span>
    </p>
   </div>
   <div class='ocr_carea' id='block_1_5' title="bbox 390 448 1726 901">
    <p class='ocr_par' dir='ltr' id='par_1_5' title="bbox 390 448 1726 901">
     <span class='ocr_line' id='line_1_7' title="bbox 420 448 1667 506; baseline -0.007 -8"><span class='ocrx_word' id='word_1_26' title='bbox 420 456 530 505; x_wconf 82' lang='grc' dir='ltr'><em>ὅκως</em></span> <span class='ocrx_word' id='word_1_27' title='bbox 559 449 846 506; x_wconf 75' lang='grc' dir='ltr'><em>συναγάγοιεν</em></span> <span class='ocrx_word' id='word_1_28' title='bbox 874 448 1035 500; x_wconf 86' lang='grc' dir='ltr'><em>πάσας,</em></span> <span class='ocrx_word' id='word_1_29' title='bbox 1090 449 1133 497; x_wconf 86' lang='grc' dir='ltr'><em>ἐς</em></span> <span class='ocrx_word' id='word_1_30' title='bbox 1160 449 1210 491; x_wconf 72' lang='grc' dir='ltr'><em>ἓν</em></span> <span class='ocrx_word' id='word_1_31' title='bbox 1243 450 1406 503; x_wconf 88' lang='grc' dir='ltr'><em>χωρίον</em></span> <span class='ocrx_word' id='word_1_32' title='bbox 1436 448 1667 505; x_wconf 73' lang='grc' dir='ltr'><em>ἐσάγεσκον</em></span> 
     </span>
     <span class='ocr_line' id='line_1_8' title="bbox 390 525 1668 584; baseline -0.003 -10"><span class='ocrx_word' id='word_1_33' title='bbox 390 533 568 581; x_wconf 75' lang='grc' dir='ltr'><em>Βάλέας·</em></span> <span class='ocrx_word' id='word_1_34' title='bbox 600 529 720 584; x_wconf 78' lang='grc' dir='ltr'><em>πέριξ</em></span> <span class='ocrx_word' id='word_1_35' title='bbox 749 529 794 571; x_wconf 77' lang='grc' dir='ltr'><em>δὲ</em></span> <span class='ocrx_word' id='word_1_36' title='bbox 825 526 956 579; x_wconf 83' lang='grc' dir='ltr'><em>αὐτὰς</em></span> <span class='ocrx_word' id='word_1_37' title='bbox 984 528 1130 570; x_wconf 81' lang='grc' dir='ltr'><em>ἵστατο</em></span> <span class='ocrx_word' id='word_1_38' title='bbox 1160 525 1311 582; x_wconf 83' lang='grc' dir='ltr'><em>ὅμιλος</em></span> <span class='ocrx_word' id='word_1_39' title='bbox 1341 525 1527 580; x_wconf 75' lang='grc' dir='ltr'><em>ἀνδρῶν.</em></span> <span class='ocrx_word' id='word_1_40' title='bbox 1582 526 1668 570; x_wconf 79' lang='grc' dir='ltr'><em>ἄνι-</em></span> 
     </span>
     <span class='ocr_line' id='line_1_9' title="bbox 421 604 1726 663; baseline -0.005 -10"><span class='ocrx_word' id='word_1_41' title='bbox 421 610 523 660; x_wconf 77' lang='grc' dir='ltr'><em>στὰς</em></span> <span class='ocrx_word' id='word_1_42' title='bbox 551 609 596 652; x_wconf 78' lang='grc' dir='ltr'><em>δὲ</em></span> <span class='ocrx_word' id='word_1_43' title='bbox 620 607 728 652; x_wconf 75' lang='grc' dir='ltr'><em>κατά</em></span> <span class='ocrx_word' id='word_1_44' title='bbox 757 609 862 663; x_wconf 89' lang='grc' dir='ltr'><em>μίαν</em></span> <span class='ocrx_word' id='word_1_45' title='bbox 890 604 1073 662; x_wconf 79' lang='grc' dir='ltr'><em>ἑκάστην</em></span> <span class='ocrx_word' id='word_1_46' title='bbox 1102 605 1239 662; x_wconf 81' lang='grc' dir='ltr'><em>κήρυξ</em></span> <span class='ocrx_word' id='word_1_47' title='bbox 1271 605 1502 659; x_wconf 84' lang='grc' dir='ltr'><em>πωλέεσκε,</em></span> <span class='ocrx_word' id='word_1_48' title='bbox 1556 609 1669 660; x_wconf 77' lang='grc' dir='ltr'><em>πρῶ-</em></span> <span class='ocrx_word' id='word_1_49' title='bbox 1682 613 1726 647; x_wconf 86' lang='grc'><em>80</em></span> 
     </span>
     <span class='ocr_line' id='line_1_10' title="bbox 420 683 1672 743; baseline -0.004 -12"><span class='ocrx_word' id='word_1_50' title='bbox 420 705 474 731; x_wconf 89' lang='grc' dir='ltr'><em>τα</em></span> <span class='ocrx_word' id='word_1_51' title='bbox 502 687 580 743; x_wconf 76' lang='grc' dir='ltr'><em>μὲν</em></span> <span class='ocrx_word' id='word_1_52' title='bbox 606 686 685 742; x_wconf 81' lang='grc' dir='ltr'><em>τὴν</em></span> <span class='ocrx_word' id='word_1_53' title='bbox 714 684 1009 741; x_wconf 80' lang='grc' dir='ltr'><em>εὐειδεστάτην</em></span> <span class='ocrx_word' id='word_1_54' title='bbox 1040 685 1085 728; x_wconf 80' lang='grc' dir='ltr'><em>ἐκ</em></span> <span class='ocrx_word' id='word_1_55' title='bbox 1113 685 1306 728; x_wconf 85' lang='grc' dir='ltr'><em>πασέων·</em></span> <span class='ocrx_word' id='word_1_56' title='bbox 1337 683 1442 740; x_wconf 79' lang='grc' dir='ltr'><em>μετὰ</em></span> <span class='ocrx_word' id='word_1_57' title='bbox 1469 684 1539 736; x_wconf 82' lang='grc' dir='ltr'><em>δὲ,</em></span> <span class='ocrx_word' id='word_1_58' title='bbox 1559 683 1672 736; x_wconf 83' lang='grc' dir='ltr'><strong><em>ὅκως</em></strong></span> 
     </span>
     <span class='ocr_line' id='line_1_11' title="bbox 423 761 1673 820; baseline -0.002 -11"><span class='ocrx_word' id='word_1_59' title='bbox 423 765 532 820; x_wconf 79' lang='grc' dir='ltr'><em>αὕτη</em></span> <span class='ocrx_word' id='word_1_60' title='bbox 561 764 751 820; x_wconf 80' lang='grc' dir='ltr'><em>εὑροῦσα</em></span> <span class='ocrx_word' id='word_1_61' title='bbox 778 764 943 810; x_wconf 79' lang='grc' dir='ltr'><em>πολλόν</em></span> <span class='ocrx_word' id='word_1_62' title='bbox 970 764 1150 820; x_wconf 83' lang='grc' dir='ltr'><em>χρυσίον</em></span> <span class='ocrx_word' id='word_1_63' title='bbox 1174 764 1388 819; x_wconf 83' lang='grc' dir='ltr'><em>πρηθείη,</em></span> <span class='ocrx_word' id='word_1_64' title='bbox 1419 761 1552 820; x_wconf 74' lang='grc' dir='ltr'><em>ἄλλην</em></span> <span class='ocrx_word' id='word_1_65' title='bbox 1578 763 1673 807; x_wconf 83' lang='grc' dir='ltr'><em>άνε-</em></span> 
     </span>
     <span class='ocr_line' id='line_1_12' title="bbox 394 840 1674 901; baseline 0.002 -16"><span class='ocrx_word' id='word_1_66' title='bbox 394 842 638 900; x_wconf 79' lang='grc' dir='ltr'><em>4κήρυσσε,</em></span> <span class='ocrx_word' id='word_1_67' title='bbox 678 844 708 900; x_wconf 81' lang='grc' dir='ltr'><strong><em>ἢ</em></strong></span> <span class='ocrx_word' id='word_1_68' title='bbox 734 841 825 901; x_wconf 82' lang='grc' dir='ltr'><em>μετ’</em></span> <span class='ocrx_word' id='word_1_69' title='bbox 855 844 1023 899; x_wconf 83' lang='grc' dir='ltr'><em>ἐκείνην</em></span> <span class='ocrx_word' id='word_1_70' title='bbox 1058 842 1152 886; x_wconf 76' lang='grc' dir='ltr'><em>ἔσκε</em></span> <span class='ocrx_word' id='word_1_71' title='bbox 1190 840 1473 898; x_wconf 83' lang='grc' dir='ltr'><em>εὐειδεστάτη.</em></span> <span class='ocrx_word' id='word_1_72' title='bbox 1522 841 1674 887; x_wconf 84' lang='grc' dir='ltr'><em>ἐπωλέ-</em></span> 
     </span>
    </p>
   </div>
   <div class='ocr_carea' id='block_1_6' title="bbox 423 919 1676 978">
    <p class='ocr_par' dir='ltr' id='par_1_6' title="bbox 423 919 1676 978">
     <span class='ocr_line' id='line_1_13' title="bbox 584 919 1652 938; baseline -0.005 -1"><span class='ocrx_word' id='word_1_73' title='bbox 584 923 594 937; x_wconf 51' lang='lat' dir='ltr'>N</span> <span class='ocrx_word' id='word_1_74' title='bbox 635 923 648 937; x_wconf 62' lang='lat'>5</span> <span class='ocrx_word' id='word_1_75' title='bbox 682 923 692 938; x_wconf 62' lang='grc' dir='ltr'>ἱ</span> <span class='ocrx_word' id='word_1_76' title='bbox 899 920 908 934; x_wconf 80' lang='grc' dir='ltr'><strong><em>Ι</em></strong></span> <span class='ocrx_word' id='word_1_77' title='bbox 1052 919 1074 934; x_wconf 71' lang='lat' dir='ltr'><em>fl</em></span> <span class='ocrx_word' id='word_1_78' title='bbox 1212 921 1223 934; x_wconf 64' lang='grc' dir='ltr'>ἱ</span> <span class='ocrx_word' id='word_1_79' title='bbox 1333 921 1341 934; x_wconf 61' lang='grc' dir='ltr'>ἱ</span> <span class='ocrx_word' id='word_1_80' title='bbox 1376 922 1394 937; x_wconf 68' lang='lat' dir='ltr'><em>’r</em></span> <span class='ocrx_word' id='word_1_81' title='bbox 1565 921 1574 936; x_wconf 70' lang='lat'>2</span> <span class='ocrx_word' id='word_1_82' title='bbox 1642 924 1652 938; x_wconf 70' lang='grc' dir='ltr'><strong><em>Ι</em></strong></span> 
     </span>
     <span class='ocr_line' id='line_1_14' title="bbox 423 923 1676 978; baseline -0.001 -11"><span class='ocrx_word' id='word_1_83' title='bbox 423 940 527 967; x_wconf 91' lang='grc' dir='ltr'><em>οντο</em></span> <span class='ocrx_word' id='word_1_84' title='bbox 555 925 601 968; x_wconf 85' lang='grc' dir='ltr'><em>δε</em></span> <span class='ocrx_word' id='word_1_85' title='bbox 630 940 698 967; x_wconf 81' lang='grc' dir='ltr'><em>επι</em></span> <span class='ocrx_word' id='word_1_86' title='bbox 727 934 989 978; x_wconf 86' lang='grc' dir='ltr'><em>συνοικησει.</em></span> <span class='ocrx_word' id='word_1_87' title='bbox 1049 933 1147 965; x_wconf 89' lang='grc' dir='ltr'><em>οσοι</em></span> <span class='ocrx_word' id='word_1_88' title='bbox 1179 938 1257 977; x_wconf 88' lang='grc' dir='ltr'><em>μεν</em></span> <span class='ocrx_word' id='word_1_89' title='bbox 1289 923 1342 978; x_wconf 82' lang='grc' dir='ltr'><em>δη</em></span> <span class='ocrx_word' id='word_1_90' title='bbox 1373 935 1500 965; x_wconf 88' lang='grc' dir='ltr'><em>εσκον</em></span> <span class='ocrx_word' id='word_1_91' title='bbox 1529 925 1676 966; x_wconf 80' lang='grc' dir='ltr'><em>ευδαι-</em></span> 
     </span>
    </p>
   </div>
   <div class='ocr_carea' id='block_1_7' title="bbox 1886 465 1909 1001">
    <p class='ocr_par' dir='ltr' id='par_1_7' title="bbox 1886 465 1909 1001">
     <span class='ocr_line' id='line_1_15' title="bbox 1886 465 1909 1001; baseline 0 2227"><span class='ocrx_word' id='word_1_92' title='bbox 1886 465 1909 1001; x_wconf 95' lang='lat' dir='ltr'><em> </em></span> 
     </span>
    </p>
   </div>
   <div class='ocr_carea' id='block_1_8' title="bbox 427 1000 1729 1217">
    <p class='ocr_par' dir='ltr' id='par_1_8' title="bbox 427 1000 1729 1217">
     <span class='ocr_line' id='line_1_16' title="bbox 427 1000 1729 1059; baseline -0.002 -14"><span class='ocrx_word' id='word_1_93' title='bbox 427 1018 556 1059; x_wconf 88' lang='grc' dir='ltr'><em>μονες</em></span> <span class='ocrx_word' id='word_1_94' title='bbox 591 1007 680 1046; x_wconf 83' lang='grc' dir='ltr'><em>τῶν</em></span> <span class='ocrx_word' id='word_1_95' title='bbox 717 1003 1014 1058; x_wconf 81' lang='grc' dir='ltr'><em>Βαβυλωνίων</em></span> <span class='ocrx_word' id='word_1_96' title='bbox 1062 1001 1286 1057; x_wconf 82' lang='grc' dir='ltr'><em>ἐπίγαμοι,</em></span> <span class='ocrx_word' id='word_1_97' title='bbox 1336 1000 1729 1058; x_wconf 75' lang='grc' dir='ltr'><em>ὑπερβάλλοντεςὸὅ</em></span> 
     </span>
     <span class='ocr_line' id='line_1_17' title="bbox 427 1078 1680 1137; baseline 0 -13"><span class='ocrx_word' id='word_1_98' title='bbox 427 1079 641 1137; x_wconf 71' lang='grc' dir='ltr'><em>ἀλλήλους</em></span> <span class='ocrx_word' id='word_1_99' title='bbox 668 1080 900 1135; x_wconf 76' lang='grc' dir='ltr'><em>ἐξωνέοντο</em></span> <span class='ocrx_word' id='word_1_100' title='bbox 939 1079 1017 1131; x_wconf 81' lang='grc' dir='ltr'><em>τὰς</em></span> <span class='ocrx_word' id='word_1_101' title='bbox 1054 1078 1441 1131; x_wconf 78' lang='grc' dir='ltr'><em>καλλιστευούσας·</em></span> <span class='ocrx_word' id='word_1_102' title='bbox 1500 1079 1598 1123; x_wconf 82' lang='grc' dir='ltr'><em>ὅσοι</em></span> <span class='ocrx_word' id='word_1_103' title='bbox 1633 1081 1680 1124; x_wconf 79' lang='grc' dir='ltr'><em>δὲ</em></span> 
     </span>
     <span class='ocr_line' id='line_1_18' title="bbox 427 1154 1682 1217; baseline -0.001 -13"><span class='ocrx_word' id='word_1_104' title='bbox 427 1160 676 1217; x_wconf 78' lang='grc' dir='ltr'><em>τοῦδήμου</em></span> <span class='ocrx_word' id='word_1_105' title='bbox 706 1161 833 1204; x_wconf 76' lang='grc' dir='ltr'><em>ἔσκον</em></span> <span class='ocrx_word' id='word_1_106' title='bbox 861 1159 1084 1216; x_wconf 80' lang='grc' dir='ltr'><em>ἐπίγαμοι,</em></span> <span class='ocrx_word' id='word_1_107' title='bbox 1117 1154 1243 1203; x_wconf 80' lang='grc' dir='ltr'><em>οὗτοι</em></span> <span class='ocrx_word' id='word_1_108' title='bbox 1269 1159 1315 1203; x_wconf 83' lang='grc' dir='ltr'><em>δὲ</em></span> <span class='ocrx_word' id='word_1_109' title='bbox 1345 1161 1481 1210; x_wconf 81' lang='grc' dir='ltr'><em>εἴδεος</em></span> <span class='ocrx_word' id='word_1_110' title='bbox 1509 1159 1588 1216; x_wconf 80' lang='grc' dir='ltr'><em>μὲν</em></span> <span class='ocrx_word' id='word_1_111' title='bbox 1610 1157 1682 1203; x_wconf 84' lang='grc' dir='ltr'><em>οὐ-</em></span> 
     </span>
    </p>
   </div>
   <div class='ocr_carea' id='block_1_9' title="bbox 430 1236 1681 1296">
    <p class='ocr_par' dir='ltr' id='par_1_9' title="bbox 430 1236 1681 1296">
     <span class='ocr_line' id='line_1_19' title="bbox 430 1236 1681 1296; baseline 0.002 -14"><span class='ocrx_word' id='word_1_112' title='bbox 430 1239 505 1282; x_wconf 85' lang='grc' dir='ltr'><em>ὁὲν</em></span> <span class='ocrx_word' id='word_1_113' title='bbox 529 1239 702 1284; x_wconf 78' lang='grc' dir='ltr'><em>ἐδέοντο</em></span> <span class='ocrx_word' id='word_1_114' title='bbox 731 1242 944 1296; x_wconf 84' lang='grc' dir='ltr'><em>χρηστοῦ,</em></span> <span class='ocrx_word' id='word_1_115' title='bbox 995 1241 1038 1283; x_wconf 81' lang='grc' dir='ltr'><em>οἱ</em></span> <span class='ocrx_word' id='word_1_116' title='bbox 1067 1236 1110 1283; x_wconf 85' lang='grc' dir='ltr'><em>δ’</em></span> <span class='ocrx_word' id='word_1_117' title='bbox 1140 1237 1196 1282; x_wconf 75' lang='grc' dir='ltr'><em>ἂν</em></span> <span class='ocrx_word' id='word_1_118' title='bbox 1223 1238 1417 1296; x_wconf 82' lang='grc' dir='ltr'><em>χρήματά</em></span> <span class='ocrx_word' id='word_1_119' title='bbox 1444 1255 1488 1283; x_wconf 87' lang='grc' dir='ltr'><em>τε</em></span> <span class='ocrx_word' id='word_1_120' title='bbox 1517 1240 1590 1284; x_wconf 81' lang='grc' dir='ltr'><em>καὶ</em></span> <span class='ocrx_word' id='word_1_121' title='bbox 1619 1241 1681 1284; x_wconf 85' lang='grc' dir='ltr'><em>αἰ-</em></span> 
     </span>
    </p>
   </div>
   <div class='ocr_carea' id='block_1_10' title="bbox 375 1350 645 1356">
    <p class='ocr_par' dir='ltr' id='par_1_10' title="bbox 375 1350 645 1356">
     <span class='ocr_line' id='line_1_20' title="bbox 375 1350 645 1356; baseline 0 0"><span class='ocrx_word' id='word_1_122' title='bbox 375 1350 645 1356; x_wconf 95' lang='lat' dir='ltr'><em> </em></span> 
     </span>
    </p>
   </div>
   <div class='ocr_carea' id='block_1_11' title="bbox 376 1423 1032 1811">
    <p class='ocr_par' dir='ltr' id='par_1_11' title="bbox 376 1423 1032 1811">
     <span class='ocr_line' id='line_1_21' title="bbox 376 1423 1026 1475; baseline -0.002 -15"><span class='ocrx_word' id='word_1_123' title='bbox 376 1428 434 1460; x_wconf 82' lang='lat' dir='ltr'>set</span> <span class='ocrx_word' id='word_1_124' title='bbox 462 1423 610 1472; x_wconf 81' lang='lat' dir='ltr'><em>Slavos‚</em></span> <span class='ocrx_word' id='word_1_125' title='bbox 649 1437 740 1474; x_wconf 88' lang='lat' dir='ltr'>quos</span> <span class='ocrx_word' id='word_1_126' title='bbox 777 1425 877 1475; x_wconf 89' lang='lat' dir='ltr'>ipsos</span> <span class='ocrx_word' id='word_1_127' title='bbox 917 1423 1026 1474; x_wconf 82' lang='lat' dir='ltr'>prisci</span> 
     </span>
     <span class='ocr_line' id='line_1_22' title="bbox 377 1480 1026 1531; baseline 0.002 -16"><span class='ocrx_word' id='word_1_128' title='bbox 377 1480 532 1516; x_wconf 81' lang='lat' dir='ltr'>dixerint</span> <span class='ocrx_word' id='word_1_129' title='bbox 558 1480 730 1528; x_wconf 73' lang='grc' dir='ltr'><em>Ηεηείοε,</em></span> <span class='ocrx_word' id='word_1_130' title='bbox 757 1484 886 1531; x_wconf 86' lang='lat' dir='ltr'>postea</span> <span class='ocrx_word' id='word_1_131' title='bbox 905 1480 1026 1516; x_wconf 79' lang='lat' dir='ltr'><em>Antos.</em></span> 
     </span>
     <span class='ocr_line' id='line_1_23' title="bbox 380 1535 1028 1574; baseline 0.002 -3"><span class='ocrx_word' id='word_1_132' title='bbox 380 1535 589 1573; x_wconf 78' lang='lat' dir='ltr'>Henetorum</span> <span class='ocrx_word' id='word_1_133' title='bbox 617 1549 644 1574; x_wconf 87' lang='lat' dir='ltr'><em>s.</em></span> <span class='ocrx_word' id='word_1_134' title='bbox 677 1536 869 1573; x_wconf 81' lang='lat' dir='ltr'>Enetorum</span> <span class='ocrx_word' id='word_1_135' title='bbox 896 1547 1028 1572; x_wconf 89' lang='lat' dir='ltr'>nomen</span> 
     </span>
     <span class='ocr_line' id='line_1_24' title="bbox 379 1588 1027 1642; baseline -0.002 -14"><span class='ocrx_word' id='word_1_136' title='bbox 379 1592 525 1629; x_wconf 85' lang='lat' dir='ltr'>ductum</span> <span class='ocrx_word' id='word_1_137' title='bbox 556 1604 635 1630; x_wconf 82' lang='lat' dir='ltr'>esse</span> <span class='ocrx_word' id='word_1_138' title='bbox 663 1593 709 1630; x_wconf 85' lang='lat' dir='ltr'><em>ab</em></span> <span class='ocrx_word' id='word_1_139' title='bbox 746 1588 921 1642; x_wconf 80' lang='grc' dir='ltr'><em>αἰνητὸς,</em></span> <span class='ocrx_word' id='word_1_140' title='bbox 951 1591 1027 1628; x_wconf 77' lang='grc' dir='ltr'><em>οἰα-</em></span> 
     </span>
     <span class='ocr_line' id='line_1_25' title="bbox 379 1648 1029 1698; baseline 0.002 -14"><span class='ocrx_word' id='word_1_141' title='bbox 379 1660 460 1696; x_wconf 78' lang='grc' dir='ltr'><em>τιιε,</em></span> <span class='ocrx_word' id='word_1_142' title='bbox 488 1648 657 1696; x_wconf 77' lang='lat' dir='ltr'><em>illustris,</em></span> <span class='ocrx_word' id='word_1_143' title='bbox 686 1649 723 1684; x_wconf 92' lang='lat' dir='ltr'>in</span> <span class='ocrx_word' id='word_1_144' title='bbox 746 1661 865 1697; x_wconf 83' lang='lat' dir='ltr'>eoque</span> <span class='ocrx_word' id='word_1_145' title='bbox 882 1661 1029 1698; x_wconf 87' lang='lat' dir='ltr'>prorsus</span> 
     </span>
     <span class='ocr_line' id='line_1_26' title="bbox 379 1704 1032 1754; baseline -0.003 -12"><span class='ocrx_word' id='word_1_146' title='bbox 379 1716 580 1752; x_wconf 78' lang='lat' dir='ltr'>congruere</span> <span class='ocrx_word' id='word_1_147' title='bbox 602 1705 737 1741; x_wconf 87' lang='lat' dir='ltr'>nomini</span> <span class='ocrx_word' id='word_1_148' title='bbox 759 1704 912 1754; x_wconf 76' lang='lat' dir='ltr'><em>Slavny,</em></span> <span class='ocrx_word' id='word_1_149' title='bbox 932 1704 1032 1753; x_wconf 87' lang='lat' dir='ltr'>quod</span> 
     </span>
     <span class='ocr_line' id='line_1_27' title="bbox 385 1760 1031 1811; baseline 0.002 -15"><span class='ocrx_word' id='word_1_150' title='bbox 385 1764 422 1797; x_wconf 84' lang='lat' dir='ltr'>et</span> <span class='ocrx_word' id='word_1_151' title='bbox 447 1761 564 1811; x_wconf 88' lang='lat' dir='ltr'>ipsum</span> <span class='ocrx_word' id='word_1_152' title='bbox 594 1760 640 1799; x_wconf 83' lang='lat' dir='ltr'><em>sit</em></span> <span class='ocrx_word' id='word_1_153' title='bbox 674 1761 809 1809; x_wconf 81' lang='lat' dir='ltr'><em>clarus,</em></span> <span class='ocrx_word' id='word_1_154' title='bbox 841 1760 1031 1798; x_wconf 76' lang='lat' dir='ltr'><em>illustris.“</em></span> 
     </span>
    </p>
   </div>
   <div class='ocr_carea' id='block_1_12' title="bbox 385 1812 456 1853">
    <p class='ocr_par' dir='ltr' id='par_1_12' title="bbox 385 1812 456 1853">
     <span class='ocr_line' id='line_1_28' title="bbox 385 1812 456 1853; baseline 0 0"><span class='ocrx_word' id='word_1_155' title='bbox 385 1812 456 1853; x_wconf 87' lang='lat' dir='ltr'><em>Cr.</em></span> 
     </span>
    </p>
   </div>
   <div class='ocr_carea' id='block_1_13' title="bbox 384 1895 1039 2515">
    <p class='ocr_par' dir='ltr' id='par_1_13' title="bbox 384 1895 1038 2515">
     <span class='ocr_line' id='line_1_29' title="bbox 440 1895 1030 1953; baseline 0.002 -15"><span class='ocrx_word' id='word_1_156' title='bbox 440 1897 496 1946; x_wconf 66' lang='grc' dir='ltr'><em>οἷς</em></span> <span class='ocrx_word' id='word_1_157' title='bbox 520 1895 571 1939; x_wconf 73' lang='lat'><em>‹322›</em></span> <span class='ocrx_word' id='word_1_158' title='bbox 590 1900 634 1939; x_wconf 82' lang='grc' dir='ltr'><em>αἴ</em></span> <span class='ocrx_word' id='word_1_159' title='bbox 650 1897 848 1952; x_wconf 79' lang='grc' dir='ltr'><em>παρθένοι</em></span> <span class='ocrx_word' id='word_1_160' title='bbox 866 1915 889 1953; x_wconf 84' lang='grc' dir='ltr'><em>γ</em></span> <span class='ocrx_word' id='word_1_161' title='bbox 902 1898 1030 1940; x_wconf 89' lang='grc' dir='ltr'><em>ινοία-</em></span> 
     </span>
     <span class='ocr_line' id='line_1_30' title="bbox 385 1953 1030 2008; baseline -0.002 -14"><span class='ocrx_word' id='word_1_162' title='bbox 385 1953 452 2006; x_wconf 84' lang='grc' dir='ltr'><em>το]</em></span> <span class='ocrx_word' id='word_1_163' title='bbox 482 1955 604 1994; x_wconf 80' lang='lat' dir='ltr'>Libris</span> <span class='ocrx_word' id='word_1_164' title='bbox 632 1957 773 2008; x_wconf 80' lang='lat' dir='ltr'>scriptis</span> <span class='ocrx_word' id='word_1_165' title='bbox 801 1957 920 1994; x_wconf 82' lang='lat' dir='ltr'>invitis</span> <span class='ocrx_word' id='word_1_166' title='bbox 944 1957 1030 1994; x_wconf 89' lang='lat' dir='ltr'>olim</span> 
     </span>
     <span class='ocr_line' id='line_1_31' title="bbox 384 2012 1034 2065; baseline 0.003 -16"><span class='ocrx_word' id='word_1_167' title='bbox 384 2012 573 2061; x_wconf 83' lang='lat' dir='ltr'>legebatur</span> <span class='ocrx_word' id='word_1_168' title='bbox 591 2028 612 2065; x_wconf 82' lang='grc' dir='ltr'><em>γ</em></span> <span class='ocrx_word' id='word_1_169' title='bbox 624 2013 808 2061; x_wconf 67' lang='lat' dir='ltr'><em>evoluto,</em></span> <span class='ocrx_word' id='word_1_170' title='bbox 835 2014 936 2062; x_wconf 84' lang='lat' dir='ltr'>quod</span> <span class='ocrx_word' id='word_1_171' title='bbox 953 2017 1034 2051; x_wconf 86' lang='lat' dir='ltr'>tue-</span> 
     </span>
     <span class='ocr_line' id='line_1_32' title="bbox 387 2069 1031 2120; baseline 0.002 -15"><span class='ocrx_word' id='word_1_172' title='bbox 387 2073 446 2106; x_wconf 86' lang='lat' dir='ltr'><em>tur</em></span> <span class='ocrx_word' id='word_1_173' title='bbox 480 2081 608 2109; x_wconf 85' lang='lat' dir='ltr'>censor</span> <span class='ocrx_word' id='word_1_174' title='bbox 639 2070 677 2108; x_wconf 87' lang='lat' dir='ltr'>in</span> <span class='ocrx_word' id='word_1_175' title='bbox 712 2069 904 2120; x_wconf 87' lang='lat' dir='ltr'>Ephemm</span> <span class='ocrx_word' id='word_1_176' title='bbox 929 2070 1031 2107; x_wconf 86' lang='lat' dir='ltr'>Ienn.</span> 
     </span>
     <span class='ocr_line' id='line_1_33' title="bbox 391 2125 1034 2176; baseline 0 -9"><span class='ocrx_word' id='word_1_177' title='bbox 391 2126 499 2167; x_wconf 86' lang='lat'>1817</span> <span class='ocrx_word' id='word_1_178' title='bbox 541 2137 599 2164; x_wconf 86' lang='lat' dir='ltr'><em>nr</em></span> <span class='ocrx_word' id='word_1_179' title='bbox 631 2125 712 2168; x_wconf 83' lang='grc'><em>164</em></span> <span class='ocrx_word' id='word_1_180' title='bbox 738 2138 824 2176; x_wconf 85' lang='lat' dir='ltr'>pag.</span> <span class='ocrx_word' id='word_1_181' title='bbox 852 2127 947 2167; x_wconf 83' lang='lat'><strong>373.</strong></span> <span class='ocrx_word' id='word_1_182' title='bbox 975 2144 1034 2154; x_wconf 84' lang='grc'><em>·-</em></span> 
     </span>
     <span class='ocr_line' id='line_1_34' title="bbox 388 2176 1035 2233; baseline 0.003 -15"><span class='ocrx_word' id='word_1_183' title='bbox 388 2179 563 2219; x_wconf 79' lang='lat' dir='ltr'>Valcken.</span> <span class='ocrx_word' id='word_1_184' title='bbox 588 2194 657 2233; x_wconf 90' lang='lat' dir='ltr'><em>pro</em></span> <span class='ocrx_word' id='word_1_185' title='bbox 683 2196 737 2229; x_wconf 85' lang='grc' dir='ltr'><em>ως</em></span> <span class='ocrx_word' id='word_1_186' title='bbox 763 2196 813 2220; x_wconf 90' lang='grc' dir='ltr'><em>αν</em></span> <span class='ocrx_word' id='word_1_187' title='bbox 834 2181 960 2218; x_wconf 90' lang='lat' dir='ltr'>maluit</span> <span class='ocrx_word' id='word_1_188' title='bbox 979 2176 1035 2220; x_wconf 76' lang='grc' dir='ltr'><em>ὧν</em></span> 
     </span>
     <span class='ocr_line' id='line_1_35' title="bbox 391 2232 1037 2289; baseline -0.003 -13"><span class='ocrx_word' id='word_1_189' title='bbox 391 2232 462 2284; x_wconf 66' lang='grc' dir='ltr'><em>ἂν,</em></span> <span class='ocrx_word' id='word_1_190' title='bbox 493 2249 567 2287; x_wconf 92' lang='lat' dir='ltr'><em>quo</em></span> <span class='ocrx_word' id='word_1_191' title='bbox 588 2237 736 2276; x_wconf 86' lang='lat' dir='ltr'>minime</span> <span class='ocrx_word' id='word_1_192' title='bbox 766 2249 871 2289; x_wconf 88' lang='lat' dir='ltr'>opus</span> <span class='ocrx_word' id='word_1_193' title='bbox 929 2238 1037 2277; x_wconf 86' lang='lat' dir='ltr'>Wer·</span> 
     </span>
     <span class='ocr_line' id='line_1_36' title="bbox 388 2291 1037 2344; baseline 0.002 -13"><span class='ocrx_word' id='word_1_194' title='bbox 388 2293 467 2331; x_wconf 81' lang='lat' dir='ltr'>fero</span> <span class='ocrx_word' id='word_1_195' title='bbox 497 2293 534 2329; x_wconf 90' lang='lat' dir='ltr'>in</span> <span class='ocrx_word' id='word_1_196' title='bbox 560 2292 654 2331; x_wconf 79' lang='lat' dir='ltr'><strong>Actt.</strong></span> <span class='ocrx_word' id='word_1_197' title='bbox 691 2293 790 2344; x_wconf 83' lang='lat' dir='ltr'>phin.</span> <span class='ocrx_word' id='word_1_198' title='bbox 824 2291 1037 2332; x_wconf 86' lang='lat' dir='ltr'>Monacc.1</span> 
     </span>
     <span class='ocr_line' id='line_1_37' title="bbox 390 2347 1038 2400; baseline 0.006 -14"><span class='ocrx_word' id='word_1_199' title='bbox 390 2361 428 2400; x_wconf 85' lang='lat' dir='ltr'><em>p.</em></span> <span class='ocrx_word' id='word_1_200' title='bbox 449 2347 504 2391; x_wconf 82' lang='grc'><em>84</em></span> <span class='ocrx_word' id='word_1_201' title='bbox 540 2350 768 2388; x_wconf 86' lang='lat' dir='ltr'>scribendum</span> <span class='ocrx_word' id='word_1_202' title='bbox 789 2350 947 2388; x_wconf 79' lang='lat' dir='ltr'>videtur:</span> <span class='ocrx_word' id='word_1_203' title='bbox 978 2347 1038 2396; x_wconf 73' lang='grc' dir='ltr'><em>ὥς</em></span> 
     </span>
     <span class='ocr_line' id='line_1_38' title="bbox 394 2401 1038 2473; baseline 0 -30"><span class='ocrx_word' id='word_1_204' title='bbox 394 2401 479 2453; x_wconf 73' lang='grc' dir='ltr'><em>ἂν,</em></span> <span class='ocrx_word' id='word_1_205' title='bbox 510 2406 562 2444; x_wconf 84' lang='grc' dir='ltr'><em>αἱ</em></span> <span class='ocrx_word' id='word_1_206' title='bbox 586 2404 838 2473; x_wconf 79' lang='grc' dir='ltr'><em>παρθένοικ</em></span> <span class='ocrx_word' id='word_1_207' title='bbox 858 2421 892 2445; x_wconf 89' lang='grc' dir='ltr'><em>τ</em></span> <span class='ocrx_word' id='word_1_208' title='bbox 913 2408 970 2454; x_wconf 86' lang='grc' dir='ltr'><em>λ.,</em></span> <span class='ocrx_word' id='word_1_209' title='bbox 996 2410 1038 2443; x_wconf 86' lang='lat' dir='ltr'><em>ut</em></span> 
     </span>
     <span class='ocr_line' id='line_1_39' title="bbox 396 2456 1039 2515; baseline 0.002 -16"><span class='ocrx_word' id='word_1_210' title='bbox 396 2456 449 2500; x_wconf 80' lang='grc' dir='ltr'><em>οἶν</em></span> <span class='ocrx_word' id='word_1_211' title='bbox 469 2462 649 2511; x_wconf 71' lang='lat' dir='ltr'>peltineat</span> <span class='ocrx_word' id='word_1_212' title='bbox 666 2459 1039 2515; x_wconf 70' lang='grc' dir='ltr'><em>3(1ἐσάγεσκον,ι·ε-</em></span> 
     </span>
    </p>
   </div>
   <div class='ocr_carea' id='block_1_14' title="bbox 395 2517 1040 2611">
    <p class='ocr_par' dir='ltr' id='par_1_14' title="bbox 395 2517 1040 2611">
     <span class='ocr_line' id='line_1_40' title="bbox 395 2517 1040 2569; baseline 0.006 -16"><span class='ocrx_word' id='word_1_213' title='bbox 395 2517 547 2568; x_wconf 82' lang='lat' dir='ltr'>petitam</span> <span class='ocrx_word' id='word_1_214' title='bbox 576 2519 760 2569; x_wconf 83' lang='lat' dir='ltr'>quandam</span> <span class='ocrx_word' id='word_1_215' title='bbox 779 2520 956 2558; x_wconf 85' lang='lat' dir='ltr'><strong>actionem</strong></span> <span class='ocrx_word' id='word_1_216' title='bbox 973 2518 1040 2557; x_wconf 83' lang='lat' dir='ltr'>de-</span> 
     </span>
     <span class='ocr_line' id='line_1_41' title="bbox 395 2573 544 2611; baseline 0.013 -2"><span class='ocrx_word' id='word_1_217' title='bbox 395 2573 544 2611; x_wconf 83' lang='lat' dir='ltr'>claraus.</span> 
     </span>
    </p>
   </div>
   <div class='ocr_carea' id='block_1_15' title="bbox 399 2654 1042 2866">
    <p class='ocr_par' dir='ltr' id='par_1_15' title="bbox 399 2654 1042 2866">
     <span class='ocr_line' id='line_1_42' title="bbox 454 2654 1041 2711; baseline 0.01 -18"><span class='ocrx_word' id='word_1_218' title='bbox 454 2654 552 2695; x_wconf 72' lang='grc' dir='ltr'><em>κατά</em></span> <span class='ocrx_word' id='word_1_219' title='bbox 581 2657 676 2707; x_wconf 86' lang='grc' dir='ltr'><em>μίαν</em></span> <span class='ocrx_word' id='word_1_220' title='bbox 712 2655 905 2710; x_wconf 78' lang='grc' dir='ltr'><em>ἑκάστην]</em></span> <span class='ocrx_word' id='word_1_221' title='bbox 945 2658 1041 2711; x_wconf 88' lang='grc' dir='ltr'><em>μίαν</em></span> 
     </span>
     <span class='ocr_line' id='line_1_43' title="bbox 399 2716 1038 2767; baseline 0.016 -22"><span class='ocrx_word' id='word_1_222' title='bbox 399 2723 477 2747; x_wconf 85' lang='lat' dir='ltr'><em>cnm</em></span> <span class='ocrx_word' id='word_1_223' title='bbox 512 2718 660 2751; x_wconf 81' lang='lat' dir='ltr'>recentt.</span> <span class='ocrx_word' id='word_1_224' title='bbox 692 2716 812 2766; x_wconf 83' lang='lat' dir='ltr'>recepi</span> <span class='ocrx_word' id='word_1_225' title='bbox 840 2728 906 2766; x_wconf 84' lang='lat' dir='ltr'><em>pro</em></span> <span class='ocrx_word' id='word_1_226' title='bbox 933 2716 1038 2767; x_wconf 86' lang='grc' dir='ltr'><em>μίην.</em></span> 
     </span>
     <span class='ocr_line' id='line_1_44' title="bbox 401 2766 1042 2834; baseline 0.012 -31"><span class='ocrx_word' id='word_1_227' title='bbox 401 2787 455 2792; x_wconf 82' lang='lat'><em>——</em></span> <span class='ocrx_word' id='word_1_228' title='bbox 475 2766 532 2805; x_wconf 91' lang='lat' dir='ltr'>De</span> <span class='ocrx_word' id='word_1_229' title='bbox 556 2782 621 2806; x_wconf 85' lang='lat' dir='ltr'><em>usu</em></span> <span class='ocrx_word' id='word_1_230' title='bbox 648 2772 925 2834; x_wconf 85' lang='lat' dir='ltr'>praepositionis</span> <span class='ocrx_word' id='word_1_231' title='bbox 942 2787 1042 2810; x_wconf 87' lang='grc' dir='ltr'><em>κατα</em></span> 
     </span>
     <span class='ocr_line' id='line_1_45' title="bbox 403 2821 1040 2866; baseline 0.016 -10"><span class='ocrx_word' id='word_1_232' title='bbox 403 2826 439 2857; x_wconf 83' lang='lat' dir='ltr'><em>ct</em></span> <span class='ocrx_word' id='word_1_233' title='bbox 457 2821 619 2861; x_wconf 85' lang='lat' dir='ltr'>hocloco</span> <span class='ocrx_word' id='word_1_234' title='bbox 637 2827 698 2863; x_wconf 85' lang='lat' dir='ltr'><em>ct</em></span> <span class='ocrx_word' id='word_1_235' title='bbox 690 2839 727 2865; x_wconf 88' lang='lat' dir='ltr'><strong>m</strong></span> <span class='ocrx_word' id='word_1_236' title='bbox 747 2829 1040 2866; x_wconf 75' lang='lat' dir='ltr'>antecedentibus</span> 
     </span>
    </p>
   </div>
   <div class='ocr_carea' id='block_1_16' title="bbox 1094 1419 1755 2879">
    <p class='ocr_par' dir='ltr' id='par_1_16' title="bbox 1094 1419 1739 1530">
     <span class='ocr_line' id='line_1_46' title="bbox 1094 1419 1739 1474; baseline -0.002 -13"><span class='ocrx_word' id='word_1_237' title='bbox 1094 1420 1212 1470; x_wconf 73' lang='grc' dir='ltr'><em>(κατά</em></span> <span class='ocrx_word' id='word_1_238' title='bbox 1232 1419 1371 1474; x_wconf 77' lang='grc' dir='ltr'><em>κώμας</em></span> <span class='ocrx_word' id='word_1_239' title='bbox 1402 1419 1585 1473; x_wconf 75' lang='grc' dir='ltr'><em>ἑκάστας)</em></span> <span class='ocrx_word' id='word_1_240' title='bbox 1615 1424 1739 1461; x_wconf 87' lang='lat' dir='ltr'>confer</span> 
     </span>
     <span class='ocr_line' id='line_1_47' title="bbox 1094 1479 1606 1530; baseline 0 -12"><span class='ocrx_word' id='word_1_241' title='bbox 1094 1479 1225 1518; x_wconf 81' lang='lat' dir='ltr'>Matth.</span> <span class='ocrx_word' id='word_1_242' title='bbox 1253 1479 1320 1516; x_wconf 88' lang='lat' dir='ltr'><em>Gr.</em></span> <span class='ocrx_word' id='word_1_243' title='bbox 1341 1480 1407 1516; x_wconf 89' lang='lat' dir='ltr'><em>Gr.</em></span> <span class='ocrx_word' id='word_1_244' title='bbox 1427 1493 1462 1530; x_wconf 88' lang='lat' dir='ltr'><em>p.</em></span> <span class='ocrx_word' id='word_1_245' title='bbox 1489 1481 1606 1522; x_wconf 87' lang='grc'><strong>1155.</strong></span> 
     </span>
    </p>

    <p class='ocr_par' dir='ltr' id='par_1_17' title="bbox 1095 1531 1750 1922">
     <span class='ocr_line' id='line_1_48' title="bbox 1150 1531 1741 1587; baseline 0.002 -13"><span class='ocrx_word' id='word_1_246' title='bbox 1150 1537 1289 1585; x_wconf 77' lang='grc' dir='ltr'><em>πρῶτα</em></span> <span class='ocrx_word' id='word_1_247' title='bbox 1319 1532 1390 1586; x_wconf 79' lang='grc' dir='ltr'><em>μὲν</em></span> <span class='ocrx_word' id='word_1_248' title='bbox 1418 1533 1492 1587; x_wconf 77' lang='grc' dir='ltr'><em>τήν</em></span> <span class='ocrx_word' id='word_1_249' title='bbox 1526 1531 1741 1575; x_wconf 70' lang='grc' dir='ltr'><em>εὐειδεστά-</em></span> 
     </span>
     <span class='ocr_line' id='line_1_49' title="bbox 1095 1589 1743 1642; baseline -0.003 -12"><span class='ocrx_word' id='word_1_250' title='bbox 1095 1605 1168 1642; x_wconf 90' lang='grc' dir='ltr'><em>την</em></span> <span class='ocrx_word' id='word_1_251' title='bbox 1185 1591 1237 1631; x_wconf 80' lang='grc' dir='ltr'><em>ἒκ</em></span> <span class='ocrx_word' id='word_1_252' title='bbox 1255 1589 1427 1639; x_wconf 84' lang='grc' dir='ltr'><em>πασέων]</em></span> <span class='ocrx_word' id='word_1_253' title='bbox 1445 1591 1487 1632; x_wconf 83' lang='grc' dir='ltr'><em>ἐκ</em></span> <span class='ocrx_word' id='word_1_254' title='bbox 1504 1599 1648 1642; x_wconf 82' lang='lat' dir='ltr'>praeter</span> <span class='ocrx_word' id='word_1_255' title='bbox 1664 1605 1743 1628; x_wconf 89' lang='lat' dir='ltr'><em>mo-</em></span> 
     </span>
     <span class='ocr_line' id='line_1_50' title="bbox 1097 1648 1743 1696; baseline 0.002 -11"><span class='ocrx_word' id='word_1_256' title='bbox 1097 1661 1172 1685; x_wconf 85' lang='lat' dir='ltr'>rem</span> <span class='ocrx_word' id='word_1_257' title='bbox 1194 1648 1350 1696; x_wconf 80' lang='lat' dir='ltr'>genitivo</span> <span class='ocrx_word' id='word_1_258' title='bbox 1376 1648 1433 1686; x_wconf 92' lang='lat' dir='ltr'>hic</span> <span class='ocrx_word' id='word_1_259' title='bbox 1463 1650 1626 1685; x_wconf 83' lang='lat' dir='ltr'>additum</span> <span class='ocrx_word' id='word_1_260' title='bbox 1650 1649 1743 1686; x_wconf 88' lang='lat' dir='ltr'>bene</span> 
     </span>
     <span class='ocr_line' id='line_1_51' title="bbox 1098 1703 1746 1753; baseline 0 -12"><span class='ocrx_word' id='word_1_261' title='bbox 1098 1708 1204 1741; x_wconf 85' lang='lat' dir='ltr'>notat</span> <span class='ocrx_word' id='word_1_262' title='bbox 1223 1703 1352 1741; x_wconf 85' lang='lat' dir='ltr'>Matth.</span> <span class='ocrx_word' id='word_1_263' title='bbox 1373 1716 1458 1753; x_wconf 88' lang='lat' dir='ltr'>pag.</span> <span class='ocrx_word' id='word_1_264' title='bbox 1480 1704 1572 1745; x_wconf 84' lang='lat'><strong>641.</strong></span> <span class='ocrx_word' id='word_1_265' title='bbox 1583 1726 1638 1731; x_wconf 91' lang='lat'><strong>—</strong></span> <span class='ocrx_word' id='word_1_266' title='bbox 1657 1703 1746 1741; x_wconf 87' lang='lat' dir='ltr'><em>Mox</em></span> 
     </span>
     <span class='ocr_line' id='line_1_52' title="bbox 1098 1760 1747 1798; baseline 0.002 -2"><span class='ocrx_word' id='word_1_267' title='bbox 1098 1772 1180 1796; x_wconf 88' lang='lat' dir='ltr'><em>cum</em></span> <span class='ocrx_word' id='word_1_268' title='bbox 1227 1763 1377 1797; x_wconf 83' lang='lat' dir='ltr'>recentt.</span> <span class='ocrx_word' id='word_1_269' title='bbox 1426 1760 1511 1797; x_wconf 84' lang='lat' dir='ltr'>edd.</span> <span class='ocrx_word' id='word_1_270' title='bbox 1560 1761 1747 1798; x_wconf 87' lang='lat' dir='ltr'>dedimus:</span> 
     </span>
     <span class='ocr_line' id='line_1_53' title="bbox 1096 1810 1750 1867; baseline 0.002 -12.003"><span class='ocrx_word' id='word_1_271' title='bbox 1096 1810 1198 1862; x_wconf 85' lang='grc' dir='ltr'><em>όκως</em></span> <span class='ocrx_word' id='word_1_272' title='bbox 1227 1830 1252 1854; x_wconf 90' lang='grc' dir='ltr'><em>α</em></span> <span class='ocrx_word' id='word_1_273' title='bbox 1268 1812 1296 1854; x_wconf 87' lang='lat' dir='ltr'><em>v&#39;</em></span> <span class='ocrx_word' id='word_1_274' title='bbox 1311 1829 1332 1854; x_wconf 87' lang='grc' dir='ltr'><em>τ</em></span> <span class='ocrx_word' id='word_1_275' title='bbox 1349 1829 1396 1867; x_wconf 85' lang='grc' dir='ltr'><em>η,</em></span> <span class='ocrx_word' id='word_1_276' title='bbox 1424 1816 1486 1854; x_wconf 92' lang='lat' dir='ltr'>ubi</span> <span class='ocrx_word' id='word_1_277' title='bbox 1512 1812 1657 1866; x_wconf 85' lang='lat' dir='ltr'>vulgo</span> <span class='ocrx_word' id='word_1_278' title='bbox 1647 1812 1750 1864; x_wconf 82' lang='grc' dir='ltr'><em>όκως</em></span> 
     </span>
     <span class='ocr_line' id='line_1_54' title="bbox 1097 1866 1238 1922; baseline -0.008 -11"><span class='ocrx_word' id='word_1_279' title='bbox 1097 1866 1238 1922; x_wconf 72' lang='grc' dir='ltr'><em>αὐτὴ.</em></span> 
     </span>
    </p>

    <p class='ocr_par' dir='ltr' id='par_1_18' title="bbox 1099 1924 1754 2596">
     <span class='ocr_line' id='line_1_55' title="bbox 1155 1924 1749 1980; baseline 0.002 -12"><span class='ocrx_word' id='word_1_280' title='bbox 1155 1924 1242 1968; x_wconf 86' lang='grc' dir='ltr'><em>όσοι</em></span> <span class='ocrx_word' id='word_1_281' title='bbox 1265 1924 1337 1980; x_wconf 78' lang='grc' dir='ltr'><em>μὲν</em></span> <span class='ocrx_word' id='word_1_282' title='bbox 1356 1924 1406 1978; x_wconf 86' lang='grc' dir='ltr'><em>δη</em></span> <span class='ocrx_word' id='word_1_283' title='bbox 1426 1925 1541 1969; x_wconf 72' lang='grc' dir='ltr'><em>ἔσκον</em></span> <span class='ocrx_word' id='word_1_284' title='bbox 1564 1925 1749 1980; x_wconf 69' lang='grc' dir='ltr'><em>εὐδαίμο-</em></span> 
     </span>
     <span class='ocr_line' id='line_1_56' title="bbox 1099 1983 1748 2037; baseline -0.002 -13"><span class='ocrx_word' id='word_1_285' title='bbox 1099 1998 1166 2031; x_wconf 84' lang='grc' dir='ltr'><em>νες</em></span> <span class='ocrx_word' id='word_1_286' title='bbox 1184 2000 1219 2024; x_wconf 81' lang='grc' dir='ltr'><em>κ.</em></span> <span class='ocrx_word' id='word_1_287' title='bbox 1239 1999 1271 2023; x_wconf 88' lang='grc' dir='ltr'><em>τ.</em></span> <span class='ocrx_word' id='word_1_288' title='bbox 1293 1983 1343 2037; x_wconf 86' lang='grc' dir='ltr'><em>λ.]</em></span> <span class='ocrx_word' id='word_1_289' title='bbox 1376 1984 1491 2025; x_wconf 75' lang='grc' dir='ltr'><em>ἔσκον</em></span> <span class='ocrx_word' id='word_1_290' title='bbox 1510 1987 1662 2024; x_wconf 84' lang='lat' dir='ltr'>sormam</span> <span class='ocrx_word' id='word_1_291' title='bbox 1679 1987 1748 2023; x_wconf 92' lang='lat' dir='ltr'>im-</span> 
     </span>
     <span class='ocr_line' id='line_1_57' title="bbox 1099 2041 1750 2104; baseline 0 -26"><span class='ocrx_word' id='word_1_292' title='bbox 1099 2041 1250 2104; x_wconf 80' lang='lat' dir='ltr'>perfecti</span> <span class='ocrx_word' id='word_1_293' title='bbox 1272 2043 1318 2079; x_wconf 88' lang='lat' dir='ltr'><em>ab</em></span> <span class='ocrx_word' id='word_1_294' title='bbox 1355 2041 1547 2080; x_wconf 88' lang='lat' dir='ltr'>Herodoto</span> <span class='ocrx_word' id='word_1_295' title='bbox 1585 2042 1750 2092; x_wconf 87' lang='lat' dir='ltr'>usurpari</span> 
     </span>
     <span class='ocr_line' id='line_1_58' title="bbox 1099 2097 1750 2145; baseline 0.002 -12"><span class='ocrx_word' id='word_1_296' title='bbox 1099 2097 1137 2133; x_wconf 88' lang='lat' dir='ltr'>in</span> <span class='ocrx_word' id='word_1_297' title='bbox 1174 2097 1281 2134; x_wconf 89' lang='lat' dir='ltr'>rebus</span> <span class='ocrx_word' id='word_1_298' title='bbox 1314 2110 1342 2134; x_wconf 92' lang='lat' dir='ltr'><em>s.</em></span> <span class='ocrx_word' id='word_1_299' title='bbox 1367 2098 1566 2135; x_wconf 80' lang='lat' dir='ltr'>actionibus</span> <span class='ocrx_word' id='word_1_300' title='bbox 1601 2098 1750 2145; x_wconf 83' lang='lat' dir='ltr'>iteratis,</span> 
     </span>
     <span class='ocr_line' id='line_1_59' title="bbox 1101 2152 1749 2204; baseline 0.002 -15"><span class='ocrx_word' id='word_1_301' title='bbox 1101 2157 1226 2191; x_wconf 91' lang='lat' dir='ltr'>monet</span> <span class='ocrx_word' id='word_1_302' title='bbox 1242 2152 1372 2190; x_wconf 83' lang='lat' dir='ltr'>Matth.</span> <span class='ocrx_word' id='word_1_303' title='bbox 1391 2154 1455 2190; x_wconf 87' lang='lat' dir='ltr'><em>Gr.</em></span> <span class='ocrx_word' id='word_1_304' title='bbox 1472 2154 1537 2191; x_wconf 87' lang='lat' dir='ltr'><em>Gr.</em></span> <span class='ocrx_word' id='word_1_305' title='bbox 1558 2167 1642 2204; x_wconf 82' lang='lat' dir='ltr'>pag.</span> <span class='ocrx_word' id='word_1_306' title='bbox 1655 2153 1749 2194; x_wconf 85' lang='lat'><strong>414.</strong></span> 
     </span>
     <span class='ocr_line' id='line_1_60' title="bbox 1102 2204 1752 2259; baseline -0.003 -11"><span class='ocrx_word' id='word_1_307' title='bbox 1102 2229 1158 2238; x_wconf 80' lang='lat'><em>·-</em></span> <span class='ocrx_word' id='word_1_308' title='bbox 1178 2204 1409 2259; x_wconf 73' lang='grc' dir='ltr'><em>εὐδαίμονες</em></span> <span class='ocrx_word' id='word_1_309' title='bbox 1428 2214 1510 2246; x_wconf 88' lang='lat' dir='ltr'>sunt</span> <span class='ocrx_word' id='word_1_310' title='bbox 1533 2209 1682 2256; x_wconf 74' lang='lat' dir='ltr'>divites,</span> <span class='ocrx_word' id='word_1_311' title='bbox 1712 2214 1752 2246; x_wconf 89' lang='lat' dir='ltr'><em>ut</em></span> 
     </span>
     <span class='ocr_line' id='line_1_61' title="bbox 1103 2264 1751 2315; baseline 0 -13"><span class='ocrx_word' id='word_1_312' title='bbox 1103 2264 1159 2311; x_wconf 92' lang='lat' dir='ltr'><em>V,</em></span> <span class='ocrx_word' id='word_1_313' title='bbox 1199 2265 1236 2306; x_wconf 90' lang='lat'><em>8.</em></span> <span class='ocrx_word' id='word_1_314' title='bbox 1293 2265 1391 2302; x_wconf 86' lang='lat' dir='ltr'>Hinc</span> <span class='ocrx_word' id='word_1_315' title='bbox 1427 2266 1570 2303; x_wconf 88' lang='lat' dir='ltr'>Solonis</span> <span class='ocrx_word' id='word_1_316' title='bbox 1605 2278 1751 2315; x_wconf 87' lang='lat' dir='ltr'>quoque</span> 
     </span>
     <span class='ocr_line' id='line_1_62' title="bbox 1105 2316 1751 2372; baseline -0.003 -12"><span class='ocrx_word' id='word_1_317' title='bbox 1105 2316 1337 2372; x_wconf 67' lang='grc' dir='ltr'><em>εὐδαιμονίη</em></span> <span class='ocrx_word' id='word_1_318' title='bbox 1363 2334 1473 2372; x_wconf 89' lang='lat' dir='ltr'>supra</span> <span class='ocrx_word' id='word_1_319' title='bbox 1496 2322 1534 2370; x_wconf 91' lang='lat' dir='ltr'><em>I,</em></span> <span class='ocrx_word' id='word_1_320' title='bbox 1556 2324 1611 2364; x_wconf 79' lang='grc'><em>32</em></span> <span class='ocrx_word' id='word_1_321' title='bbox 1641 2326 1677 2360; x_wconf 87' lang='lat' dir='ltr'>et</span> <span class='ocrx_word' id='word_1_322' title='bbox 1707 2323 1751 2359; x_wconf 87' lang='lat' dir='ltr'><em>cf.</em></span> 
     </span>
     <span class='ocr_line' id='line_1_63' title="bbox 1104 2376 1753 2429; baseline 0 -14"><span class='ocrx_word' id='word_1_323' title='bbox 1104 2381 1194 2415; x_wconf 83' lang='lat' dir='ltr'>nott.</span> <span class='ocrx_word' id='word_1_324' title='bbox 1216 2377 1263 2414; x_wconf 87' lang='lat' dir='ltr'><em>ad</em></span> <span class='ocrx_word' id='word_1_325' title='bbox 1285 2376 1322 2424; x_wconf 92' lang='grc' dir='ltr'><em>Ι,</em></span> <span class='ocrx_word' id='word_1_326' title='bbox 1351 2378 1417 2418; x_wconf 87' lang='grc'><em>33.</em></span> <span class='ocrx_word' id='word_1_327' title='bbox 1474 2378 1533 2417; x_wconf 89' lang='lat' dir='ltr'>De</span> <span class='ocrx_word' id='word_1_328' title='bbox 1560 2378 1753 2429; x_wconf 86' lang='lat' dir='ltr'>particula-</span> 
     </span>
     <span class='ocr_line' id='line_1_64' title="bbox 1106 2431 1754 2485; baseline 0 -15"><span class='ocrx_word' id='word_1_329' title='bbox 1106 2444 1183 2471; x_wconf 83' lang='lat' dir='ltr'><em>rum</em></span> <span class='ocrx_word' id='word_1_330' title='bbox 1201 2434 1364 2470; x_wconf 85' lang='lat' dir='ltr'>iunctura</span> <span class='ocrx_word' id='word_1_331' title='bbox 1386 2431 1458 2484; x_wconf 80' lang='grc' dir='ltr'><em>μὲν</em></span> <span class='ocrx_word' id='word_1_332' title='bbox 1477 2432 1527 2485; x_wconf 74' lang='grc' dir='ltr'><em>δή</em></span> <span class='ocrx_word' id='word_1_333' title='bbox 1544 2456 1592 2463; x_wconf 90' lang='lat'><em>--</em></span> <span class='ocrx_word' id='word_1_334' title='bbox 1618 2432 1660 2473; x_wconf 80' lang='grc' dir='ltr'><em>δὲ</em></span> <span class='ocrx_word' id='word_1_335' title='bbox 1681 2435 1754 2471; x_wconf 86' lang='lat' dir='ltr'>vid.</span> 
     </span>
     <span class='ocr_line' id='line_1_65' title="bbox 1106 2489 1754 2542; baseline 0 -15"><span class='ocrx_word' id='word_1_336' title='bbox 1106 2489 1263 2527; x_wconf 50' lang='lat' dir='ltr'>iVerfer.</span> <span class='ocrx_word' id='word_1_337' title='bbox 1291 2490 1329 2526; x_wconf 91' lang='lat' dir='ltr'>in</span> <span class='ocrx_word' id='word_1_338' title='bbox 1358 2490 1452 2528; x_wconf 83' lang='lat' dir='ltr'><strong>Actt.</strong></span> <span class='ocrx_word' id='word_1_339' title='bbox 1473 2491 1573 2542; x_wconf 80' lang='lat' dir='ltr'>phin.</span> <span class='ocrx_word' id='word_1_340' title='bbox 1589 2490 1754 2529; x_wconf 90' lang='lat' dir='ltr'>Monacc.</span> 
     </span>
     <span class='ocr_line' id='line_1_66' title="bbox 1103 2544 1391 2596; baseline -0.01 -11"><span class='ocrx_word' id='word_1_341' title='bbox 1103 2544 1145 2595; x_wconf 94' lang='lat' dir='ltr'><em>I,</em></span> <span class='ocrx_word' id='word_1_342' title='bbox 1169 2547 1191 2587; x_wconf 86' lang='lat'>1</span> <span class='ocrx_word' id='word_1_343' title='bbox 1220 2558 1305 2596; x_wconf 82' lang='lat' dir='ltr'>pag.</span> <span class='ocrx_word' id='word_1_344' title='bbox 1325 2548 1391 2588; x_wconf 79' lang='lat'><em>92.</em></span> 
     </span>
    </p>

    <p class='ocr_par' dir='ltr' id='par_1_19' title="bbox 1107 2596 1755 2879">
     <span class='ocr_line' id='line_1_67' title="bbox 1168 2596 1754 2654; baseline 0.003 -14"><span class='ocrx_word' id='word_1_345' title='bbox 1168 2596 1257 2641; x_wconf 79' lang='grc' dir='ltr'><em>οἷδ’</em></span> <span class='ocrx_word' id='word_1_346' title='bbox 1268 2599 1319 2641; x_wconf 71' lang='grc' dir='ltr'><em>ἂν</em></span> <span class='ocrx_word' id='word_1_347' title='bbox 1334 2597 1514 2654; x_wconf 82' lang='grc' dir='ltr'><em>χρήματά</em></span> <span class='ocrx_word' id='word_1_348' title='bbox 1527 2618 1629 2644; x_wconf 83' lang='grc' dir='ltr'><em>τε-</em></span> <span class='ocrx_word' id='word_1_349' title='bbox 1641 2598 1754 2654; x_wconf 79' lang='grc' dir='ltr'><em>ἐλάμ-</em></span> 
     </span>
     <span class='ocr_line' id='line_1_68' title="bbox 1110 2656 1755 2711; baseline 0.002 -14"><span class='ocrx_word' id='word_1_350' title='bbox 1110 2656 1260 2711; x_wconf 85' lang='grc' dir='ltr'><em>βανον]</em></span> <span class='ocrx_word' id='word_1_351' title='bbox 1291 2658 1350 2696; x_wconf 82' lang='lat' dir='ltr'>De</span> <span class='ocrx_word' id='word_1_352' title='bbox 1376 2661 1549 2709; x_wconf 87' lang='lat' dir='ltr'>particula</span> <span class='ocrx_word' id='word_1_353' title='bbox 1575 2658 1617 2699; x_wconf 82' lang='grc' dir='ltr'><em>δὲ</em></span> <span class='ocrx_word' id='word_1_354' title='bbox 1650 2673 1755 2711; x_wconf 88' lang='lat' dir='ltr'>repe-</span> 
     </span>
     <span class='ocr_line' id='line_1_69' title="bbox 1108 2715 1753 2767; baseline -0.002 -14"><span class='ocrx_word' id='word_1_355' title='bbox 1108 2717 1175 2753; x_wconf 88' lang='lat' dir='ltr'>tita</span> <span class='ocrx_word' id='word_1_356' title='bbox 1208 2716 1301 2752; x_wconf 89' lang='lat' dir='ltr'>conf.</span> <span class='ocrx_word' id='word_1_357' title='bbox 1339 2715 1495 2754; x_wconf 70' lang='lat' dir='ltr'>W‘erferi</span> <span class='ocrx_word' id='word_1_358' title='bbox 1527 2717 1687 2767; x_wconf 88' lang='lat' dir='ltr'>Disputt.</span> <span class='ocrx_word' id='word_1_359' title='bbox 1719 2716 1753 2752; x_wconf 89' lang='lat' dir='ltr'>in</span> 
     </span>
     <span class='ocr_line' id='line_1_70' title="bbox 1107 2770 1754 2823; baseline 0.003 -14"><span class='ocrx_word' id='word_1_360' title='bbox 1107 2771 1201 2809; x_wconf 84' lang='lat' dir='ltr'>Actt.</span> <span class='ocrx_word' id='word_1_361' title='bbox 1221 2770 1356 2821; x_wconf 84' lang='lat' dir='ltr'>philon.</span> <span class='ocrx_word' id='word_1_362' title='bbox 1377 2770 1540 2810; x_wconf 89' lang='lat' dir='ltr'>Monacc.</span> <span class='ocrx_word' id='word_1_363' title='bbox 1560 2772 1589 2819; x_wconf 86' lang='lat'><em>1,</em></span> <span class='ocrx_word' id='word_1_364' title='bbox 1610 2775 1632 2814; x_wconf 91' lang='lat'>1</span> <span class='ocrx_word' id='word_1_365' title='bbox 1653 2786 1690 2823; x_wconf 90' lang='lat' dir='ltr'><em>p.</em></span> <span class='ocrx_word' id='word_1_366' title='bbox 1700 2773 1754 2811; x_wconf 85' lang='lat'><em>93</em></span> 
     </span>
     <span class='ocr_line' id='line_1_71' title="bbox 1108 2826 1753 2879; baseline -0.003 -14"><span class='ocrx_word' id='word_1_367' title='bbox 1108 2840 1225 2877; x_wconf 66' lang='lat' dir='ltr'>seqq„</span> <span class='ocrx_word' id='word_1_368' title='bbox 1253 2827 1314 2878; x_wconf 92' lang='lat' dir='ltr'>qui</span> <span class='ocrx_word' id='word_1_369' title='bbox 1337 2826 1456 2879; x_wconf 88' lang='lat' dir='ltr'>plures</span> <span class='ocrx_word' id='word_1_370' title='bbox 1481 2829 1612 2867; x_wconf 88' lang='lat' dir='ltr'>similes</span> <span class='ocrx_word' id='word_1_371' title='bbox 1635 2841 1655 2866; x_wconf 92' lang='lat' dir='ltr'>e</span> <span class='ocrx_word' id='word_1_372' title='bbox 1673 2826 1753 2865; x_wconf 92' lang='lat' dir='ltr'><em>No-</em></span> 
     </span>
    </p>
   </div>
  </div>
 </body>
</html>
