1909 3228
57 442 154 488 130

654 171 954 212 cL10.1.

1345 177 1430 219 305

177 281 280 335 ,,ὁὲ,
310 281 498 332 δούλους
528 280 679 333 ἐόντας
706 281 755 325 τὸ
785 282 890 337 πρὶν
917 281 1104 340 Μήδων,
1149 286 1234 327 νῦν
1259 283 1426 340 γεγονέ-

175 392 200 413 ,,
209 377 284 404 ναι
311 358 562 412 δεσπότας.ις

176 520 249 564 καὶ
281 536 535 575 τριηκοντα,
595 519 710 563 οὕτω
750 524 825 576 τῆς
864 524 1089 578 βασιληΐης
1123 520 1424 578 κατεπαύσθη·

277 438 510 496 Ἀστυάγης
539 441 616 496 μέν
643 457 746 493 νυν,
794 439 1054 498 βασιλεύσας
1081 440 1152 485 ἐπ’
1181 441 1276 486 ἔτεα
1303 441 1426 486 πέντε
1483 449 1639 483 Quamdiu
1653 449 1735 477 Medi

1483 485 1570 511 Asiae
1593 484 1723 518 impera-

179 600 332 654 Μῆδοι
362 598 407 641 δὲ
436 596 666 650 ὑπέκυψαν
694 599 886 656 Πέρσῃσι
928 600 999 643 διὰ
1046 599 1125 656 τὴν
1163 599 1324 644 τούτου
1359 615 1426 645 πι-
1439 608 1482 643 10

176 676 386 733 κρότητα,
424 676 627 731 ἄρξαντες
654 681 729 733 τῆς
759 677 848 721 ἄνω
875 678 1034 729 ΓἈλυος
1062 684 1261 735 ποταμοῦ
1288 677 1427 737 Ἀσίης

176 755 248 800 ἐπ’
278 756 372 799 ἔτεα
401 754 632 811 τριήκοντα
659 756 732 799 καὶ
757 756 913 800 ἑκατόν
943 759 1063 800 δυῶν
1091 758 1264 811 δέοντα,
1294 758 1430 814 πάρεξ

147 834 208 891 Ξῆ
242 834 349 877 ὅσον
387 834 430 876 οἱ
464 834 642 878 Σκύθαι
674 829 821 892 ἦρχον.

874 834 1058 893 Ὑστέρῳ
1102 837 1250 892 μέντοι
1286 837 1426 897 χρόνῳ

172 910 424 970 μετεμέλησέ
451 913 495 956 τέ
533 925 613 971 σφι
640 919 776 959 ταῦτα
812 914 1038 973 ποιήσασι,
1082 915 1156 960 καὶ
1185 914 1430 974 ἀπέστησαν

297 1131 407 1182 Cap.
440 1131 594 1169 CXXX

175 1210 363 1266 ἄρξαντες
399 1218 470 1267 τῆς
513 1213 597 1255 α’νω
627 1212 773 1263 Ἀλυος

117 1274 303 1322 ποταμοῦ
322 1268 452 1323 Ἀσίης
483 1268 539 1312 ἐπ’
562 1269 773 1324 ἔτεατριή-

118 1341 238 1366 κοντα
265 1327 333 1367 καὶ
367 1326 504 1368 ἑκατὸν
525 1329 634 1368 δυωυ
657 1328 770 1368 δέον-

117 1398 165 1421 τα
184 1398 218 1422 κ.
239 1398 271 1421 τ.
293 1383 344 1434 L]
373 1385 432 1423 De
460 1390 675 1434 argumento
702 1386 769 1422 hu-

117 1439 172 1476 ius
190 1439 259 1476 loci
277 1442 461 1491 copiosius
481 1442 710 1479 tractavimus
722 1443 771 1479 ad

119 1496 267 1534 Ctesiae
281 1498 486 1545 fragmenta
505 1512 540 1548 p.
554 1498 634 1539 439
652 1511 770 1547 seqq.,

118 1564 213 1601 quae
243 1554 408 1590 nonnihil
454 1556 661 1601 emendata,
713 1568 771 1592 re-

119 1612 295 1656 tractata,
324 1614 452 1658 aucta,
471 1611 507 1648 in
517 1611 680 1648 Excursu
704 1611 770 1648 ad-

120 1664 273 1701 iicienda
291 1667 504 1704 curavimus.
559 1667 618 1705 De
636 1668 772 1703 formu-

120 1719 155 1756 la
187 1720 295 1759 δυων
324 1721 473 1769 (rectius
503 1736 611 1771 quam
643 1723 771 1775 δυῷν)

123 1774 262 1815 δέοντα
281 1779 374 1813 cons.
403 1778 444 1824 1,
474 1778 525 1819 14
550 1779 610 1814 fin.
641 1777 670 1829 ἦ
688 1777 772 1817 ἅνω

109 1827 256 1878 ‘'Atvog
294 1836 476 1883 ποταιιοῦ
523 1829 632 1883 Ἰσίη
680 1847 774 1883 ouae

123 1889 170 1925 sit
189 1888 299 1926 Asiae
318 1902 427 1939 pars,
457 1890 544 1926 satis
565 1895 652 1940 puto
669 1890 775 1927 intel-

122 1944 186 1993 ligi
217 1958 260 1982 ex
291 1945 355 1993 iis,
395 1959 488 1994 quae
515 1946 774 1996 disputavimus

123 2002 173 2038 ad
192 2000 230 2047 I,
250 2004 315 2042 72.
374 2001 487 2039 Paulo
505 2008 589 2039 ante
616 2015 695 2039 cum
717 2015 775 2040 re-

123 2061 232 2094 centt.
255 2058 421 2094 dedimus
450 2055 634 2096 κατεπαύ
649 2062 711 2096 σθ’
722 2074 748 2108 η
762 2089 773 2106 ,

123 2114 223 2162 quod
241 2117 277 2150 et
306 2113 384 2150 libri
412 2127 520 2151 manu
551 2115 674 2164 scripti
699 2128 776 2152 me-

123 2169 230 2206 lio-ses
250 2169 424 2207 iubebant
442 2175 478 2207 et
507 2171 671 2220 geminus
695 2170 776 2207 No-

124 2225 190 2261 stri
209 2225 308 2262 locus
327 2225 377 2262 VI
390 2256 400 2273 ‚
421 2229 486 2266 71.
532 2227 650 2275 Vulgo
670 2241 777 2265 κατε-

125 2276 286 2331 παύθη,
326 2283 426 2331 quod
464 2286 503 2319 ut
546 2283 703 2320 Ionicum
734 2296 777 2321 ex

125 2337 195 2374 hoc
212 2343 308 2375 certe
331 2338 408 2374 loco
435 2352 509 2374 non
528 2340 683 2388 probare
712 2340 778 2376 de-

127 2393 236 2429 bebat
272 2393 514 2431 Buttmannus
542 2396 580 2432 in
615 2396 775 2432 Gramm.

126 2448 252 2485 maior.
270 2448 287 2485 I
302 2463 387 2499 pag.
408 2449 501 2491 448.

232 2527 242 2540 l
351 2529 370 2544 'u
407 2528 428 2543 ιν
570 2534 582 2547 ,-
693 2529 702 2541 ι

141 2581 158 2587 ἢ
185 2532 310 2584 παρεξ
341 2549 366 2583 η
405 2545 502 2573 οσον
541 2549 580 2573 οι
616 2537 781 2573 Σκυθαι

128 2589 280 2639 ἦρχον]
312 2587 371 2626 Ad
396 2589 461 2626 has
482 2590 695 2638 Scytharum
717 2604 779 2628 ex-

128 2644 333 2694 peditiones
353 2643 536 2694 Asiaeque
561 2647 779 2683 dominatio-

129 2713 214 2737 nem
251 2714 318 2750 per
353 2701 622 2751 duodetriginta
661 2715 777 2740 annos

130 2756 278 2803 similia,
307 2769 402 2805 quae
423 2758 459 2794 in
482 2758 628 2796 Persico
652 2760 778 2796 carmi-

130 2825 178 2850 ne
202 2812 452 2850 Schahnameh
481 2819 692 2862 narrantur,
720 2828 778 2855 re-

177 2867 387 2908 HERODOT.
420 2869 448 2906 Ι.

840 1135 910 1171 fert
928 1133 1114 1171 Hammer.
1140 1135 1178 1171 in
1207 1134 1357 1172 lViener
1381 1136 1487 1173 Jahr-

840 1190 943 1227 biich.
962 1190 1014 1226 IX
1034 1203 1070 1240 p.
1093 1193 1155 1232 13.
1193 1191 1269 1228 Illic
1287 1192 1380 1228 enim
1398 1193 1488 1229 Kei-

838 1246 964 1282 kawus
981 1260 1043 1283 rex
1056 1247 1183 1295 (quem
1195 1248 1225 1284 C
1228 1260 1394 1296 yaxarem
1405 1261 1487 1285 esse

838 1302 931 1349 vult)
960 1316 1027 1352 per
1056 1304 1210 1340 totidem
1229 1316 1344 1340 annos
1373 1305 1487 1340 inclu-

835 1371 898 1394 sus
922 1362 1065 1396 tenetur
1083 1371 1105 1395 a
1120 1359 1294 1397 Turaniis
1320 1361 1357 1396 in
1378 1373 1485 1397 saxo-

835 1427 913 1451 rum
931 1426 1024 1451 arce.

893 1469 960 1509 καὶ
981 1466 1208 1520 ἀπέστησαν
1238 1464 1318 1510 α’πό
1337 1471 1485 1522 Δαρεί-

837 1529 910 1572 ου]
941 1526 1188 1564 Memorabilis
1209 1526 1329 1575 locus,
1350 1528 1486 1577 quippe

836 1596 881 1621 ex
899 1596 971 1632 quo
985 1583 1159 1620 nonnulla
1186 1596 1231 1620 ex
1248 1588 1353 1634 parte
1372 1584 1491 1633 colligi

836 1640 994 1690 poterit,
1028 1652 1101 1689 quo
1130 1653 1247 1689 usque
1275 1641 1487 1677 Herodotus

839 1697 985 1743 vixerit,
1018 1700 1108 1744 quot
1157 1709 1273 1733 annos
1322 1697 1489 1734 habuerit

840 1751 928 1788 haec
946 1753 1026 1801 ipsa
1043 1752 1284 1789 conscribens.
1318 1752 1486 1790 Defectio

841 1807 937 1844 enim
968 1807 1182 1854 Medorum,
1227 1809 1274 1844 de
1322 1809 1394 1856 qua
1432 1809 1489 1844 hic

842 1863 965 1899 scribit
982 1867 1106 1899 auctor
1117 1892 1127 1910 ,
1140 1863 1267 1900 accidit
1282 1862 1396 1900 Dario
1409 1863 1489 1901 No-

839 1919 902 1955 tho
941 1923 1140 1966 regnante,
1187 1930 1210 1955 a
1244 1932 1316 1967 quo
1358 1920 1488 1957 iterum

844 1974 983 2010 subacti
1000 1978 1084 2010 sunt
1098 1987 1194 2010 anno
1212 1974 1295 2011 belli
1308 1974 1490 2026 Pelopon-

841 2030 976 2067 nesiaci
1021 2030 1195 2078 vigesimo
1244 2035 1372 2079 quarto
1408 2033 1430 2068 i.
1456 2045 1487 2069 e.

843 2086 1052 2136 ΟΙμῐιΡίεῑά.
1057 2060 1221 2132 XCIII,
1254 2089 1275 2127 1
1304 2086 1379 2125 sive
1405 2087 1489 2129 408

843 2155 876 2179 a.
897 2142 964 2179 Ch.
986 2155 1022 2179 11.
1080 2142 1135 2178 lta
1156 2146 1253 2179 certe
1282 2143 1490 2193 Xenophon

841 2198 984 2235 Hellen.
1014 2198 1051 2245 I,
1082 2202 1108 2239 2
1136 2198 1197 2234 fin.
1256 2198 1367 2236 Unde
1393 2200 1490 2236 colli-

844 2258 955 2303 gunt,
990 2254 1218 2292 Herodotum
1238 2255 1285 2291 ad
1309 2257 1491 2304 octogesi-

843 2324 939 2347 mum
958 2312 1071 2348 ferme
1088 2323 1221 2347 annum
1246 2311 1356 2348 vitam
1387 2325 1490 2349 suam

844 2367 991 2404 duxisse
1003 2395 1013 2413 ,
1032 2380 1110 2403 cum
1130 2367 1198 2403 hoc
1216 2367 1335 2417 ipsum
1347 2373 1490 2417 postre-

846 2436 942 2460 mum
967 2424 1014 2458 sit
1043 2424 1195 2468 factum,
1226 2423 1325 2460 cuius
1350 2424 1387 2460 in
1412 2425 1490 2462 He—

845 2480 966 2516 rodoti
995 2478 1111 2515 Musis
1139 2479 1202 2515 fiat
1232 2479 1389 2528 mentio,
1417 2481 1492 2518 for-

845 2535 941 2572 sitan
961 2534 1072 2572 multo
1098 2539 1185 2584 post
1213 2548 1305 2585 opus
1329 2536 1400 2573 iam
1426 2537 1491 2574 ab-

844 2591 999 2628 solutum
1018 2592 1193 2627 insertum
1207 2603 1228 2627 a
1243 2592 1416 2642 scriptore
1433 2606 1493 2631 se-

845 2660 903 2686 ne.
961 2648 1045 2683 vid.
1089 2646 1309 2685 Dahlmann.
1348 2649 1489 2688 Herod.

844 2716 881 2753 p.
902 2702 967 2744 47.
996 2703 1123 2751 Heyse
1144 2703 1310 2746 Quaestt.
1326 2704 1493 2742 Herodd.

844 2759 861 2796 I
884 2773 920 2809 p.
940 2761 1005 2800 42.
1030 2761 1095 2799 70.
1136 2759 1276 2802 Quibus
1308 2760 1369 2798 Cr.
1389 2762 1492 2798 addit

844 2815 1011 2853 Mazochi
1045 2815 1264 2854 Commentt.
1300 2817 1338 2854 in
1371 2817 1407 2855 T
1409 2819 1490 2856 abb.

1479 518 1548 545 rint.
1566 517 1665 544 Parcit
1682 519 1719 544 A·

1477 551 1578 587 styagi
1596 550 1703 587 Cyrus.
