1909 3228
473 185 557 225 680
866 183 1337 224 HERODOTI

473 289 749 347 ἐπιλαβόντες
786 290 834 335 τὸ
874 291 1046 349 κλύσμα
1081 296 1157 349 τῆς
1197 292 1335 337 ὀπίσω
1365 293 1494 347 ὁδοῦ,
1535 292 1733 350 ταριχεύ-

445 378 576 414 3ουσι
605 369 680 421 τοὶς
708 371 992 426 προκειμένας
1021 370 1202 427 ἡμέρας·
1243 377 1297 429 τῇ
1328 374 1372 417 δὲ
1401 375 1621 430 τελευταίῃ
1651 373 1732 426 ἐξι-

477 455 559 493 εῖσι
588 449 633 492 ἐκ
661 452 737 505 τῆς
766 452 933 507 κοιλίης
971 449 1052 506 τὴν
1082 452 1283 508 κεδρίην,
1325 452 1405 509 τὴν
1435 452 1592 508 ἐσῆκαν
1621 451 1733 507 πρό-

473 543 624 583 τερον·
654 525 681 583 ἡ
714 528 759 571 δὲ
790 529 872 584 ἔχει
900 528 1118 586 τοσαύτην
1147 529 1355 586 δύναμιν,
1386 530 1492 574 ὥστε
1513 530 1602 586 ἅμα
1623 531 1733 574 ἑωυ-

471 611 525 663 τῇ
555 605 636 662 τήν
664 607 802 663 νηδὺν
842 608 916 651 καὶ
953 609 1006 652 τὰ
1047 608 1267 665 σπλάγχνα
1295 609 1609 666 κατατετηκότα
1638 608 1731 661 ἐξά-
1745 616 1784 650 65

464 701 552 742 γει·
609 684 689 737 τοὶς
719 686 766 730 δὲ
795 686 957 741 σάρκας
986 686 1035 731 τὸ
1076 689 1221 743 λίτρον
1256 688 1503 746 κατατήκει·
1564 688 1636 732 καὶ
1675 687 1729 745 δή

465 766 655 808 λείπεται
693 768 775 809 τοῦ
822 770 982 822 νεκροῦ
1023 766 1072 811 τό
1116 768 1252 823 δέρμα
1307 772 1500 824 μοῦνον,
1559 767 1633 812 καὶ
1679 767 1729 810 τὰ

436 842 607 888 4ὀστέα.
668 843 798 888 ἐπεὰν
828 845 874 889 δὲ
903 849 1038 890 ταῦτα
1065 846 1305 903 ποιήσωσι,
1346 845 1423 890 ἀπ’
1463 840 1526 890 οἷν
1562 847 1728 890 ἔδωκαν

336 924 404 971 88
463 922 578 966 οὕτω
608 921 687 967 τόν
715 923 897 980 νεκρὸν,
929 924 1059 972 οὐδὲν
1078 926 1140 970 ἔτι
1165 927 1580 983 πρηγματευθέντες.
1611 924 1728 969 Ἡδὲ

462 1004 586 1059 τρίτη
615 1003 858 1058 ταρίχευσίς
888 1004 976 1048 ἐστι
1003 1005 1103 1062 ἥδε,
1140 1005 1170 1063 ἢ
1197 1005 1302 1057 τούς
1331 1006 1518 1062 χρήμασι
1548 1003 1784 1048 ἀσθενε-ΊΟ

465 1081 649 1137 στέρους
678 1082 888 1138 σκευάζει.
921 1086 1111 1142 συρμαίῃ
1142 1083 1427 1142 διηθήσαντες
1447 1084 1526 1141 τήν
1548 1084 1728 1140 κοιλίην,

407 1308 609 1364 θήσαντες
628 1313 686 1351 hic
703 1314 871 1365 exponit:
900 1312 1059 1356 ὖλίσαν-

407 1384 470 1416 τες
499 1370 521 1406 ἰ.
545 1383 577 1408 e.
600 1375 804 1420 purgantes.

465 1425 534 1464 καὶ
565 1423 820 1476 ἐπιλαβόντες
846 1424 890 1466 τὸ
909 1424 1064 1478 κλύσμα

407 1484 479 1532 τῆς
497 1477 622 1521 ὀπίσω
641 1481 766 1533 ὁδοῦ]
798 1485 820 1521 ἰ.
841 1497 872 1522 e.
904 1485 1062 1521 cohiben-

409 1542 460 1575 tes
477 1538 569 1575 illud
586 1539 765 1576 lavacrum
777 1569 787 1587 ,
807 1553 848 1576 ree
863 1539 980 1577 eadem
1000 1540 1066 1577 vieo

410 1598 503 1631 retro
536 1598 658 1639 exeat;
697 1593 979 1646 ἐπιλαμβάνειν
1007 1597 1064 1634 hie

410 1651 539 1689 eadem
569 1651 764 1698 cohibendi,
800 1653 973 1690 retinendi
997 1666 1064 1689 no-

411 1708 534 1753 tione,
565 1719 672 1756 quam
694 1709 731 1744 in
749 1710 859 1745 verbo
872 1711 1064 1760 καταλαμ-

407 1759 551 1815 βάνειν
572 1765 775 1801 notavimus
796 1766 843 1802 ad
861 1765 897 1812 I,
917 1764 984 1806 46.

462 1817 713 1870 ταριχεύουσι
746 1817 817 1866 τοὶς
857 1819 1066 1872 προκειμέ-

408 1890 482 1922 νας
505 1874 683 1928 ἡμέρας]
726 1875 834 1914 Νίίνο
863 1877 968 1914 scilic.
999 1890 1065 1928 per

408 1936 581 1970 statutum
600 1934 837 1982 septuaginta
848 1934 987 1972 dierum
998 1947 1065 1971 nu-

409 2001 570 2035 merum3
597 1989 668 2026 vid.
689 1989 741 2037 II,
768 1991 834 2031 86.

467 2043 511 2084 ἐκ
529 2047 600 2096 τῆς
618 2045 770 2096 κοιλίης
790 2042 863 2096 τήν
885 2043 1064 2097 κεδρίην]

411 2101 548 2152 κεδρίη
576 2105 632 2139 est
655 2104 771 2139 resina
798 2102 938 2140 cedrina
968 2116 995 2139 s.
1021 2099 1067 2142 ‘co'

411 2153 492 2197 οἷπό
517 2160 590 2197 τοῦ
614 2157 757 2210 κέδρου
790 2156 933 2208 ἅλειφα
964 2153 1067 2211 γινό-

414 2228 538 2266 μενον
557 2245 567 2262 ,
611 2219 652 2252 ut
674 2228 783 2266 supra
812 2215 913 2253 dixit.
977 2214 1066 2252 Mox

411 2267 486 2321 τήν
509 2267 639 2321 νηδὺν
668 2272 881 2309 stomachum
902 2283 980 2308 cum
1009 2273 1064 2308 in-

412 2329 550 2364 testinis
573 2327 643 2365 dici
662 2329 831 2366 observat
849 2328 1065 2377 Sehweigh.3

411 2380 460 2422 τοὶ
483 2380 683 2436 σπλάγχνα
706 2397 792 2422 vero
815 2398 894 2422 esse
917 2385 1065 2422 nobilio-

412 2453 475 2488 ra,
492 2453 586 2489 quae
602 2441 709 2490 vulgo
727 2442 907 2488 dicantur,
920 2443 1066 2478 viscera.

412 2495 455 2533 ln
475 2509 578 2546 seqq.
601 2510 679 2534 cum
700 2497 815 2534 Gaisf.
836 2498 1004 2548 rescripsi
1022 2493 1064 2536 τὸ

413 2552 554 2601 λίτρον
582 2566 650 2602 pro
681 2550 724 2593 τό
750 2553 915 2606 νίτρονς
945 2555 1068 2591 confer

413 2609 463 2645 ad
482 2608 513 2645 ll
527 2638 538 2655 ‚
558 2611 623 2649 86.

473 2659 540 2701 ἄπ’
575 2659 632 2704 ὦν
672 2664 822 2704 ἔδωκαν
865 2661 968 2704 οὕτω
1002 2662 1068 2705 τὸν

417 2717 575 2769 νεκρὸν,
608 2716 725 2760 ου’δὲν
748 2720 802 2760 ἔτι
822 2736 1067 2774 πρηγματευ-

416 2772 577 2825 θέντες]
618 2778 641 2814 ἱ.
663 2791 694 2815 e.
733 2778 786 2815 leis
818 2780 874 2815 ita
898 2781 1067 2828 peractis,

419 2830 570 2868 reddunt
588 2833 739 2871 cadaver
753 2836 959 2885 propinquis
971 2864 982 2883 ,
1010 2838 1066 2873 ni-

1130 1316 1181 1354 hil
1208 1316 1358 1366 amplius
1388 1317 1524 1365 negotii
1549 1316 1784 1365 suscipientes,

1132 1374 1233 1423 quod
1256 1375 1302 1410 ad
1320 1377 1501 1410 mortuum
1520 1373 1662 1409 attinet.
1711 1371 1785 1408 Ubi

1130 1435 1261 1467 notare
1281 1429 1364 1466 licet
1386 1429 1509 1465 aoristi
1531 1425 1783 1475 (α’πέδωκαν)

1130 1487 1224 1531 vim,
1255 1485 1359 1522 nobis
1390 1484 1461 1520 iam
1484 1485 1714 1521 observatam
1736 1483 1784 1519 ad

1130 1542 1168 1590 1,
1190 1543 1280 1582 194.
1338 1539 1434 1576 Add.
1460 1540 1514 1587 11,
1538 1542 1604 1581 83.

1273 1623 1651 1675 Cap.Lxxxan

1190 1707 1363 1762 συρμαίῃ
1413 1703 1682 1758 διηθήσαντες
1711 1703 1786 1758 τήν

1131 1763 1311 1815 κοιλίην]
1343 1765 1365 1800 i.
1393 1777 1425 1802 e.
1463 1767 1596 1814 syrmia
1626 1763 1786 1812 (liquore

1130 1822 1364 1873 purgatorio)
1377 1821 1495 1857 eluunt
1509 1825 1665 1858 ventrem.
1686 1820 1786 1863 Quid

1134 1877 1308 1931 συρμαίῃ
1342 1878 1389 1914 sit
1405 1876 1569 1924 Nostro,
1600 1878 1658 1914 xix
1685 1880 1786 1914 certo

1134 1935 1285 1971 definias
1312 1933 1416 1982 lieet,
1449 1948 1528 1971 cum
1557 1934 1657 1984 ipsos
1690 1933 1786 1970 inter

1135 1996 1277 2028 veteres
1299 1990 1444 2028 minime
1461 1991 1661 2027 conveniat.
1680 1989 1787 2037 Sunt,

1134 2048 1196 2098 qui
1213 2060 1354 2084 succum
1366 2047 1514 2098 plantae
1525 2046 1785 2097 Aegyptiacae,

1133 2104 1286 2155 raphani
1326 2107 1368 2139 ut
1402 2103 1618 2153 quibusdam
1654 2102 1785 2152 placet,

1131 2160 1370 2211 perhibeant3
1389 2164 1471 2196 sunt
1489 2159 1551 2208 qui
1570 2160 1616 2195 de
1634 2158 1786 2208 potione

1133 2217 1332 2266 accipiant,
1363 2227 1455 2263 quae
1492 2229 1513 2253 e
1541 2215 1615 2252 sale
1633 2218 1669 2252 et
1690 2226 1786 2262 aqua

1133 2272 1363 2316 conficiatur,
1388 2271 1446 2308 alii
1467 2271 1624 2320 denique
1644 2275 1786 2307 natrum

1132 2330 1243 2366 fuisse
1281 2327 1485 2365 existimant
1521 2327 1787 2377 Aegyptiacum

1134 2386 1182 2423 ad
1219 2384 1383 2434 clysteria
1417 2384 1628 2421 adhibitum.
1693 2383 1788 2420 Utut

1136 2442 1286 2488 dixeris,
1320 2441 1568 2490 purgatoriam
1589 2440 1661 2477 vim
1686 2440 1722 2475 in
1743 2439 1787 2475 li-

1136 2511 1251 2547 quore
1278 2498 1387 2534 fuisse
1417 2497 1610 2534 constabit.
1677 2494 1787 2533 Plura

1137 2555 1342 2591 Creuzerus
1381 2553 1403 2590 l.
1440 2553 1463 2590 l.
1511 2566 1596 2604 pag.
1628 2555 1682 2593 79
1709 2564 1784 2600 seq.

1135 2610 1262 2648 Iohnio
1291 2610 1369 2660 (ap.
1389 2609 1557 2646 Minutoli
1576 2607 1788 2655 Nachtrkige

1136 2680 1173 2716 p.
1195 2667 1293 2715 198)
1311 2667 1444 2715 syrmia
1462 2666 1518 2703 vel
1543 2677 1667 2703 recens
1685 2663 1784 2701 aloes

1135 2722 1253 2771 liquor
1285 2723 1341 2760 vel
1372 2723 1453 2760 aloe
1482 2722 1577 2771 aqua
1596 2721 1713 2758 soluta
1733 2720 1786 2756 vi-

1136 2779 1254 2815 detur.
1312 2778 1412 2816 Idem
1442 2779 1479 2814 in
1515 2777 1661 2814 infantis
1695 2788 1785 2825 qua-

1136 2835 1220 2872 dam
1236 2835 1368 2872 mumia
1386 2833 1579 2872 medullam
1595 2832 1783 2870 tamarices
