1877 3223
116 407 263 435 Sandanis
279 407 392 442 Lydius

118 442 229 468 Croeso
240 440 393 468 dissuadet

115 474 225 502 bellum
243 482 307 501 cum
323 475 393 501 Pcr-

321 343 385 388 71

444 233 526 272 182

834 228 1300 268 HERODOTl

557 343 748 394 Κροΐσος
792 340 837 383 δὲ
880 337 1085 394 ἁμαρτών
1124 341 1205 380 τοῦ
1243 341 1461 392 χρησμοῦ,
1509 336 1699 381 ἐποιέετο

450 423 681 476 στρατηίην
727 419 770 470 ἐς
809 419 1149 473 Καππαδοκίην,
1207 416 1381 466 ἐλπίσας
1427 416 1702 473 καταιρήσειν

117 508 178 541 uia,
221 507 258 535 ab
293 516 396 535 eornm
424 497 608 553 ssKfiodv
644 514 687 541 τε
726 498 800 541 καὶ
837 497 916 554 τὴν
945 497 1147 550 Περσέων
1177 492 1378 551 δύναμιν.
1436 508 1702 550 παρασκευα-

117 541 214 568 victus

115 576 188 602 tato.

248 549 375 577 pauper-

451 578 633 633 ζομένου
662 576 706 620 δὲ
736 577 930 630 Κροίσου
960 573 1269 630 στρατεύεσθαι
1298 574 1366 618 ἐπὶ
1394 573 1586 628 Πέρσας,
1614 578 1703 618 τῶν

446 674 511 707 τις
539 657 726 707 Λυδῶν,
756 653 1038 710 νομιζόμενος
1077 654 1150 697 καὶ
1176 652 1373 707 πρόσθεν
1408 651 1519 697 εἶναι
1549 652 1702 708 σοφὸς,

449 734 535 778 ἀπό
567 734 612 778 δὲ
643 732 802 789 ταύτης
841 737 917 789 τῆς
948 732 1123 788 γνώμης
1157 733 1230 775 καὶ
1269 732 1318 776 τὸ
1355 733 1494 785 κάρτα
1533 730 1704 788 οὔνομα
1717 740 1761 773 60

447 814 496 857 ἐν
526 815 709 857 Λυδοῖσι
739 812 868 867 ἔχων,
908 811 1220 867 συνεβούλευσε
1251 814 1426 869 Κροίσῳ
1456 810 1581 855 τάδε·
1613 809 1706 867 (οὔ-

420 891 568 949 3νομά
610 893 652 935 οἱ
689 886 744 946 ἦν
779 889 1044 945 Σάνδανις·)

1105 887 1184 942 „³52
1214 894 1410 947 βασιλεῦ,
1453 889 1513 934 ἐπ’
1545 889 1708 943 ἄνδρας

450 970 714 1024 ,,τοιου’τους
743 968 1054 1022 στρατεύεσθαι
1084 969 1457 1023 παρασκευάζεαι,
1498 973 1540 1013 οἳ
1569 971 1708 1012 σκυτί-

450 1084 475 1103 ,,
488 1067 565 1101 νας
587 1050 665 1106 μὲν
682 1047 967 1103 ἀναξυρίδας,
998 1050 1203 1104 σκυτίνην
1227 1048 1271 1092 δὲ
1292 1049 1370 1106 τήν
1393 1047 1527 1104 ἄλλην
1548 1048 1710 1103 ἐσθῆτα

449 1163 474 1183 ,,
485 1130 698 1186 φορέουσι
709 1143 718 1152 ·

779 1127 994 1171 σιτέονται
1031 1129 1076 1172 δὲ
1115 1126 1199 1172 οὐκ
1229 1128 1312 1171 ὅσα
1349 1127 1574 1178 ἐθέλουσι,
1618 1124 1707 1169 ἀλλ’
1723 1133 1768 1168 65

450 1241 475 1260 ,,
488 1208 571 1252 ὅσα
601 1207 764 1263 ἔχουσι,
793 1205 941 1263 χώρην
959 1207 1126 1264 ἔχοντες
1146 1209 1345 1265 τρηχείην
1360 1223 1370 1235 ·
1401 1205 1513 1261 πρὸς
1537 1206 1606 1258 δὲ,
1628 1203 1712 1250 οὐκ

396 1416 444 1452 de
471 1426 510 1452 re
541 1414 764 1451 narrationes
798 1413 952 1463 explicet
989 1418 1050 1450 aut

395 1483 518 1508 secum
564 1469 737 1507 conciliet.
793 1469 852 1507 De
889 1471 1050 1519 optativo

400 1522 525 1576 (τάχα
560 1523 602 1564 δὲ
640 1521 702 1564 ἂν
731 1547 787 1553 --
817 1523 1049 1578 λέγοιεν)

400 1584 494 1621 conf.
513 1586 605 1619 nott.
637 1582 685 1618 ad
705 1582 744 1629 1,
766 1585 803 1623 2.

591 1665 623 1702 C
636 1678 656 1702 a
666 1678 701 1716 p.
734 1664 869 1702 LXXI.

454 1752 628 1801 Κροῖσος
655 1746 696 1787 δὲ
723 1746 963 1800 ἁμαρτών
983 1751 1055 1787 τοῦ

399 1807 590 1856 χρησμοῦ]
623 1806 644 1841 ἰ.
664 1818 694 1842 e.
725 1818 805 1841 cum
825 1818 847 1842 a
866 1818 951 1842 vero
972 1818 1054 1841 ora-

399 1861 466 1899 culi
491 1875 600 1899 sensu
636 1862 841 1898 aberrasset
876 1860 1054 1909 aliumque

399 1931 481 1955 eum
510 1922 632 1962 ratus,
662 1929 771 1965 quam
796 1930 835 1953 re
855 1929 940 1954 vera
962 1921 1052 1963 erat,

399 1974 449 2010 ita
468 1974 642 2023 deceptus
671 1976 779 2009 esset.

456 2022 487 2067 ὦ
543 2029 729 2079 βασιλεῦ,
786 2023 849 2066 ἐπ’
901 2024 1053 2079 ἄνδρας

399 2080 606 2131 τοιούτους
627 2079 911 2135 στρατεύεσθαι
927 2099 1051 2135 παρα-

402 2136 620 2188 σκευάζεαι]
652 2141 707 2177 Ex
729 2140 859 2177 Athen.
878 2141 928 2177 ΙΙΙ
949 2154 984 2190 p.
997 2142 1053 2196 ’78ἰ

402 2198 660 2235 Valckenarius
703 2197 841 2234 restitui
878 2196 972 2233 vult:
1021 2197 1051 2234 ὠ

402 2254 584 2305 βασιλεῦ,
625 2249 681 2292 σύ
715 2251 769 2292 δὲ
809 2248 874 2292 ἐπ’
905 2249 1054 2302 ἄνδρας

401 2324 437 2348 κ.
466 2324 498 2348 τ,
526 2313 558 2348 λ.
589 2309 694 2353 Quae
718 2321 799 2347 cum
820 2309 926 2346 valde
949 2309 1054 2345 nobis

403 2366 607 2411 arrideant,
648 2365 747 2402 libris
789 2365 932 2416 scriptis
957 2363 1055 2402 haud

403 2422 552 2472 probari
573 2421 747 2459 dolemus.

461 2477 499 2515 οἳ
518 2477 701 2524 σκυτίνας
718 2474 789 2528 μὲν
803 2470 1055 2527 ἀναξυρίδας,

405 2533 592 2583 σκυτίνην
612 2530 653 2572 δὲ
670 2530 744 2582 τὴν
762 2530 883 2583 ἄλλην
905 2530 1056 2582 ἐσθῆτα

406 2586 619 2638 φορέουσι]
688 2586 921 2640 ἀναξυρίδες
973 2592 1056 2624 siunt

409 2644 558 2682 braccae
579 2657 716 2695 eaeque
743 2646 913 2682 arctiores
941 2655 1057 2692 angu-

407 2700 581 2737 stini-esve
627 2713 670 2738 ex
715 2702 812 2738 corio
860 2701 1057 2746 confectae,

409 2755 515 2803 quale
537 2757 682 2793 omnino
700 2756 982 2807 deprehenditur
997 2768 1060 2793 ve-

409 2811 567 2848 stimenti
616 2825 732 2860 genus
787 2813 886 2863 apud
931 2816 1060 2861 gentes

410 2863 520 2903 Asiae
561 2867 598 2904 in
638 2868 846 2917 regionibus
883 2868 1061 2906 montanis

1117 1414 1276 1463 indeque
1316 1413 1563 1462 frigidioribus
1603 1411 1770 1449 habitan-

1117 1474 1184 1507 tes,
1244 1471 1371 1519 ltaque
1404 1483 1478 1506 non
1515 1468 1644 1506 mirmn
1681 1468 1771 1506 Per-

1119 1527 1168 1562 sis
1214 1526 1323 1563 hocce
1360 1525 1540 1575 placuisse
1578 1525 1771 1562 vestimen-

1117 1587 1214 1629 tum,
1239 1596 1319 1619 cum
1339 1582 1440 1618 Medi
1461 1586 1645 1618 uterentur
1663 1581 1772 1618 vesti-

1121 1639 1252 1676 mentis
1277 1638 1470 1675 laxioribus
1500 1650 1542 1673 ac
1561 1636 1773 1673 remissiori-

1121 1697 1200 1733 bus.
1258 1694 1386 1732 Adhuc
1408 1695 1445 1730 in
1470 1692 1659 1730 ruderibus
1685 1692 1774 1730 Per-

1121 1751 1332 1801 sepolitanis
1384 1749 1652 1799 conspiciuntur
1707 1749 1773 1786 viri

1120 1811 1276 1855 utroque
1312 1807 1465 1843 vestium
1493 1817 1629 1854 genere
1657 1805 1774 1843 induti

1121 1876 1239 1911 eoque
1267 1862 1348 1912 ipso
1383 1862 1478 1899 bene
1514 1862 1608 1899 inter
1642 1875 1684 1900 se
1718 1862 1774 1899 di-

1122 1919 1343 1967 stinguendi.
1408 1917 1553 1955 Monuit
1615 1918 1776 1956 Hceren.

1120 1975 1234 2012 Ideen
1263 1979 1328 2011 etc.
1359 1974 1396 2021 Ι,
1432 1978 1450 2015 1
1477 1986 1562 2024 pag.
1594 1976 1691 2022 215,
1719 1975 1775 2011 cui

1121 2032 1207 2068 add.
1227 2031 1357 2068 Ritter.
1374 2030 1578 2068 Erdkunde
1589 2030 1620 2067 11
1631 2044 1667 2080 p.
1680 2032 1774 2072 784.

1119 2087 1201 2125 Nec
1217 2087 1435 2124 recentiores
1456 2086 1592 2123 Persae
1609 2086 1776 2123 huiusce-

1121 2144 1220 2181 modi
1244 2143 1379 2179 braccis
1419 2141 1589 2179 caeruleis
1630 2141 1686 2179 vel
1715 2155 1774 2179 ru-

1121 2200 1195 2236 bris
1247 2198 1446 2242 abstinent3
1484 2196 1565 2234 illae
1611 2197 1776 2234 dicuntur

1121 2254 1219 2304 apud
1250 2253 1285 2289 T
1289 2266 1391 2289 urcos
1422 2252 1609 2290 Scltalecar
1652 2254 1774 2304 (σαρ-

1123 2309 1332 2361 βαρίόες),
1397 2309 1465 2346 hae
1528 2309 1778 2347 Tscliacltscln'r

1123 2363 1419 2415 (ἀναξυρίδες).
1451 2366 1559 2402 conf.
1587 2366 1774 2403 Hammer.

1122 2423 1180 2459 in:
1244 2421 1396 2459 Wiener
1448 2421 1639 2459 Jahrbiich.
1689 2422 1776 2460 Vlll

1121 2492 1158 2529 p.
1188 2477 1283 2518 385.

1178 2530 1310 2585 χώρην
1367 2532 1519 2584 ἔχοντες
1567 2531 1774 2585 τρηχείην]

1122 2589 1225 2628 Idem
1269 2591 1479 2640 praedicant
1530 2589 1666 2628 Persae
1709 2589 1777 2637 lx,

1126 2648 1205 2687 121
1222 2646 1392 2696 idemque
1409 2646 1467 2683 alii
1491 2650 1671 2685 testantur
1689 2646 1778 2683 seri-

1125 2706 1274 2751 ptore5‚
1299 2702 1492 2740 Persarum
1516 2707 1648 2740 terram
1667 2702 1778 2740 fuisse

1127 2769 1294 2808 asperam
1326 2758 1492 2808 cultuque
1535 2758 1776 2796 difficillimam

1129 2815 1175 2850 ob
1195 2817 1349 2861 montes,
1369 2827 1477 2862 saxa,
1506 2813 1574 2852 alia
1590 2815 1627 2851 id
1647 2825 1775 2862 genus,

1130 2869 1288 2919 indeque
1314 2874 1460 2919 gentem
1488 2871 1602 2920 ipsam
1637 2869 1776 2915 duram,

1769 502 1825 545 35
