1909 3228
668 219 883 260 CLIO.
938 221 966 259 Ι.
1360 222 1443 263 249

73 335 139 380 97
195 327 343 373 ου’δενὶ
370 329 484 384 ἄλλῳ
523 328 824 386 ἐπετράποντο.
883 332 1079 383 Πλεῦνος
1122 329 1168 374 δὲ
1206 330 1288 374 αἰεὶ
1325 347 1439 387 γινο-
1495 346 1774 408 ἓτειὲιῐὸῗοιιεξέωιιι

192 407 327 464 μένου
363 413 444 453 τοῦ
482 409 830 466 ἐπιφοιτέοντος,
878 408 950 453 οἶα
983 410 1330 465 πυνθανομένων
1364 410 1441 462 τὰς
1497 389 1772 444 ῦξωηῑυῗῑω·ῐω

195 489 318 539 δίκας
347 486 604 544 ἀποβαίνειν
632 489 739 533 κατὰ
767 488 816 534 τό
849 488 943 542 ἐὸν,
972 488 1107 546 γνούς
1136 489 1160 532 ὁ
1182 488 1372 546 Ληϊόκης
1400 491 1442 542 ἐς

194 566 359 611 ἑωυτόν
387 571 476 611 πᾶν
505 565 807 625 ἀνακείμενον,
858 567 958 612 οὔτε
995 571 1180 622 κατίζειν
1215 570 1277 613 ἔτι
1314 569 1439 625 ἤθελε
1453 577 1497 612 25

197 646 305 689 ἔνθα
332 661 410 701 περ
447 647 659 702 πρότερον
697 649 969 701 προκατίζων
1008 647 1195 701 ἐδίκαζε,
1239 646 1329 692 οὔτ’
1360 649 1443 706 ἔφη

167 727 328 769 Ξδικᾶν
356 726 426 769 ἔτι.
465 725 519 770 οὐ
547 724 629 782 γάρ
660 727 703 769 οἱ
735 726 1009 774 λυσιτελέειν,
1046 730 1133 770 τῶν
1163 727 1330 772 ἑωυτοῦ
1359 729 1444 785 ἐξη-

168 804 433 860 3μεληκότα,
473 810 586 848 τοῖσι
614 805 742 856 πέλας
772 803 822 849 δι’
851 803 1012 861 ἡμέρης
1041 804 1241 858 δικάζειν.
1289 807 1444 864 ἐούσης

195 879 258 926 ὦν
288 882 481 939 ἁρπαγῆς
510 884 582 927 καὶ
611 883 790 941 ἀνομίης
820 885 879 927 ἔτι
908 888 1056 943 πολλῷ
1083 888 1248 940 μᾶλλον
1265 885 1347 930 ἄνα
1368 886 1446 938 τοὶς

193 960 341 1019 κώμας
370 962 399 1019 ἢ
425 962 639 1018 πρότερον
667 958 744 1019 ἦν,
796 964 1115 1020 συνελέχθησαν
1151 965 1194 1008 οἱ
1223 967 1374 1021 Μῆδοι
1403 966 1502 1016 ἐς3ο

195 1039 356 1094 τώυτὸ,
411 1042 486 1086 καὶ
522 1042 724 1087 ἐδίδοσαν
763 1045 887 1099 σφίσι
924 1041 1077 1099 λόγον,
1113 1042 1309 1099 λέγοντες
1347 1045 1446 1098 περὶ

195 1124 283 1163 τῶν
310 1122 600 1177 κατηκόντων.
659 1121 717 1173 ὠς
749 1121 790 1166 δ’
830 1122 911 1178 ἐγώ
942 1123 1103 1178 δοκέω,
1143 1121 1325 1180 μάλιστα
1355 1123 1445 1168 ἕλε-

141 1298 208 1334 vix
227 1311 377 1335 necesse
396 1297 465 1336 erit
492 1310 639 1335 monere
664 1298 710 1335 de
732 1298 788 1334 di-

139 1367 242 1391 versa
263 1354 528 1403 significatione
557 1354 656 1391 verbi
683 1354 786 1390 activi

140 1406 311 1455 δικάζειν
349 1412 431 1457 (ius
464 1409 598 1456 (licere,
638 1410 787 1447 iudicem

137 1467 259 1515 agere)
297 1470 334 1504 et
381 1467 491 1505 medii
542 1461 787 1513 δικάζεσθαι,

138 1524 238 1571 quod
266 1525 339 1560 eius
359 1528 429 1572 est,
453 1526 516 1573 qui
527 1523 628 1573 facit
646 1524 714 1560 sibi
729 1525 786 1559 ius

138 1579 232 1627 (lici,
262 1583 324 1630 qui
349 1582 423 1618 iuri
449 1579 599 1617 dicundo
630 1594 664 1617 se
681 1592 788 1629 prae-

138 1636 212 1682 bet,
241 1649 270 1673 s.
291 1636 423 1674 iudicio
444 1650 522 1674 cum
541 1636 660 1686 aliquo
675 1636 787 1673 disce-

135 1695 229 1741 ptat.
288 1693 396 1730 Conf.
425 1694 456 1730 si
485 1693 577 1731 tanti
602 1697 679 1740 est,
708 1693 788 1730 Rii-

140 1752 275 1785 sterum
292 1749 339 1786 de
359 1750 482 1787 verbb.
501 1750 623 1787 medd.
644 1753 731 1788 sect.
755 1747 788 1786 11

141 1801 178 1854 ἓ.
198 1807 224 1845 7
244 1818 281 1856 p.
299 1817 345 1842 m.
367 1808 460 1847 122.

326 1917 358 1955 c
370 1930 437 1969 ap.
466 1915 616 1954 xcvn.

199 2002 382 2048 Πλεῦνος
404 1998 446 2039 δὲ
466 1999 695 2040 αἰεὶ-τοῦ
712 1998 792 2039 ε’πι-

142 2056 381 2107 φοιτέοντος]
391 2057 664 2108 Participiorum
676 2061 711 2094 et
721 2057 787 2093 ad-

141 2115 350 2152 iectivorum
368 2127 473 2150 usum
498 2114 535 2150 in
556 2117 684 2150 neutro
712 2114 786 2148 sin-

142 2169 277 2219 gularis
302 2183 368 2220 pro
395 2169 545 2220 plurali,
585 2170 646 2206 ubi
672 2173 787 2206 totum

141 2227 313 2275 quiddam
332 2226 527 2275 indicatur,
557 2239 600 2264 ex
622 2225 690 2263 hoc
708 2225 788 2262 loco

141 2282 336 2332 multisque
392 2282 472 2319 aliis
531 2286 789 2321 commonstrat

143 2338 272 2377 Matth.
296 2337 333 2390 §-
354 2338 449 2386 445,
470 2338 495 2380 5
514 2353 550 2390 p.
564 2341 659 2380 832.
680 2339 791 2385 Hinc,

145 2408 291 2432 sensum
309 2395 340 2431 si
356 2396 551 2445 respicias,
581 2395 678 2433 idem
694 2395 793 2432 valet

145 2454 279 2499 atque:
327 2448 510 2491 πλεύνων
547 2450 793 2505 γιγνομένων

146 2507 226 2544 τῶν
275 2505 601 2558 ἐπιφοιτεόντων,
660 2519 795 2558 genere

148 2561 357 2600 masculino.

205 2643 307 2684 ἔνθα
318 2661 390 2696 περ
406 2643 598 2700 πρότερον
609 2646 795 2696 προκατί-

150 2703 227 2748 ζων
250 2700 419 2749 ἐδίκαζε]
450 2703 635 2741 Admonet
645 2704 794 2741 wesse-

150 2758 280 2807 lingius
293 2759 390 2796 verbi
406 2760 671 2810 προκατίζωνς
691 2759 796 2810 quip-

149 2827 197 2865 pe
223 2815 270 2851 de
292 2815 465 2852 iudicibus
493 2816 570 2853 sive
608 2815 657 2852 illi
688 2828 793 2864 reges

150 2871 226 2909 sive
253 2872 381 2922 privati
412 2872 565 2921 fuerint,
602 2871 670 2910 hoc
700 2871 795 2909 sole,-

855 1310 949 1335 mne.
978 1290 1039 1335 Si’c
1063 1296 1101 1345 Ι,
1134 1297 1195 1339 14.
1232 1297 1277 1344 V,
1299 1300 1435 1339 26.—
1461 1298 1503 1334 In

855 1367 958 1402 seqq.
989 1354 1011 1391 δ
1021 1355 1141 1406 ικςῖν
1165 1358 1221 1390 est
1247 1355 1357 1390 futuri
1383 1354 1505 1390 infini-

854 1410 947 1446 tivus
966 1410 1051 1458 (pro
1071 1404 1279 1455 δικάσειν),
1310 1409 1503 1446 formanti-

854 1478 927 1515 que
945 1465 1071 1502 rariori
1097 1465 1134 1501 in
1151 1465 1268 1502 verbis
1281 1494 1292 1513 ,
1325 1478 1419 1515 quae
1439 1466 1504 1502 de·

856 1536 977 1572 sinunt
1004 1535 1039 1572 in
1061 1537 1150 1581 αζω.
1191 1535 1273 1572 vid.
1293 1535 1502 1572 Buttmann.

857 1592 1018 1629 Gramm.
1040 1593 1121 1629 mai.
1143 1605 1179 1642 p.
1196 1591 1278 1634 402
1307 1591 1384 1629 6011.
1408 1591 1502 1633 404.

855 1648 984 1686 Matth.
1014 1646 1050 1698 ἓ.
1072 1649 1171 1695 181,
1195 1652 1241 1695 2,
1268 1660 1290 1684 a
1318 1661 1402 1698 pag.
1419 1649 1503 1689 323

854 1705 1014 1741 Bekkeri
1032 1703 1196 1741 Anecdd.
1219 1704 1284 1741 Gr.
1305 1704 1321 1740 I
1337 1717 1421 1754 pag.
1434 1707 1503 1749 90,

859 1760 922 1801 15.
964 1755 1020 1798 δι’
1048 1758 1238 1810 ’ἡμέρης
1266 1764 1337 1797 est:
1363 1773 1425 1809 per
1451 1763 1504 1794 to-

857 1820 930 1852 tum
947 1816 1046 1853 diem.
1104 1816 1213 1852 Conf.
1237 1816 1285 1862 ΙΙ,
1319 1816 1504 1863 174ibiq.

856 1872 1080 1920 W‘Vesseling.
1111 1872 1171 1920 qui
1190 1871 1225 1907 h.
1254 1871 1276 1907 l.
1310 1871 1395 1907 citat
1423 1882 1505 1907 vcr-

859 1932 956 1965 tens:
996 1956 1020 1975 ‚,
1031 1931 1141 1964 totum
1175 1926 1264 1962 diem
1301 1926 1505 1962 dirimendis

860 1983 980 2020 litibus
1020 1982 1216 2032 impendere.
1230 1983 1255 2001 ‘⁶
1310 1981 1393 2018 Alia
1441 1981 1505 2030 qui

859 2043 1032 2089 quaerat,
1061 2039 1154 2076 conf.
1182 2037 1310 2075 Matth.
1338 2052 1375 2089 p.
1397 2036 1505 2078 1149

855 2095 912 2147 (ᾗ.
934 2095 1034 2144 580)
1064 2099 1138 2131 not.
1163 2107 1198 2132 n.

910 2192 977 2232 καὶ
1000 2191 1184 2233 ἐδίδοσαν
1216 2192 1332 2243 σφίσι
1359 2188 1502 2246 λόγον]

854 2252 876 2288 i.
896 2264 926 2288 6.
958 2249 1189 2287 deliberarunt
1216 2252 1306 2286 inter
1341 2263 1376 2286 se
1403 2251 1506 2287 verba

850 2307 1024 2358 facientes
1042 2306 1083 2343 cle
1105 2308 1282 2357 praesenti
1300 2318 1413 2343 rerum
1429 2310 1505 2344 sta-

859 2367 898 2400 ta
927 2377 956 2399 s,
976 2363 1017 2400 de
1035 2365 1098 2410 iis,
1122 2376 1208 2413 quae
1228 2364 1314 2411 ipsis
1331 2375 1421 2399 minc
1438 2363 1507 2413 fst⁴

860 2419 989 2457 ciuncla
1005 2422 1125 2456 essent.
1170 2418 1380 2455 Formulam
1403 2414 1508 2457 διδό-

861 2489 929 2515 ναι
950 2472 1064 2527 λόγον
1091 2474 1219 2528 ἑαυτῷ
1235 2476 1421 2523 (rationem
1439 2475 1509 2512 sibi

860 2532 1018 2579 reddere,
1046 2544 1158 2568 secum
1178 2535 1352 2580 reputare,
1382 2531 1509 2568 delibe-

862 2590 961 2634 rare)
973 2590 1126 2625 maxime
1135 2589 1358 2636 frequentem
1370 2587 1508 2624 Nostro

861 2658 944 2682 esse
1007 2648 1210 2681 monstrant
1274 2643 1438 2693 exempla
1485 2655 1508 2679 a

860 2701 1025 2749 Schwgh.
1050 2699 1196 2737 collecta
1224 2699 1262 2735 in
1289 2698 1411 2737 Lexic.
1430 2699 1508 2736 He-

861 2757 978 2793 rodot.
998 2756 1032 2792 ΙΙ
1050 2769 1085 2804 p.
1100 2758 1165 2795 77.
1196 2754 1344 2792 Confer.
1362 2755 1510 2805 potissi-

861 2825 956 2850 mum
973 2812 1010 2858 I,
1036 2813 1101 2853 33.
1123 2812 1216 2852 209-
1254 2809 1323 2859 ΠΙ,
1348 2810 1413 2853 45·
1443 2812 1509 2853 68-
