1909 3228
662 242 960 282 CL10.1.

1346 241 1428 281 431

147 353 286 398 Ξάλλά
314 354 434 409 χερσί
462 369 507 397 τε
545 354 618 397 καὶ
658 355 940 410 κηλωνηίοισι
976 352 1231 409 ἀρδόμενος.
1289 347 1429 406 ἡγὰρ

175 434 435 489 Βαβυλωνίη
463 431 580 488 χώρη
608 437 748 485 πᾶσα,
802 431 992 489 κατάπερ
1022 431 1048 490 ἡ
1079 430 1317 487 Αἰγυπτίη,
1354 445 1430 472 κοι-

172 513 424 568 τατέτμηται
454 512 495 563 ἐς
526 511 762 568 διώρυχας·
793 514 866 556 καὶ
894 510 921 569 ἡ
950 514 1123 568 μεγίστη
1157 514 1245 553 τῶν
1276 506 1485 562 διωρύ-ΙΟ

171 608 260 647 χων
290 592 379 635 ἐστὶ
406 592 743 648 νηυσιπέρητος,
774 591 885 645 πρὸς
913 590 1037 647 ἥλιον
1065 588 1332 645 τετραμμένη
1351 588 1429 630 τὸν

172 670 435 727 χειμερινόν
468 671 598 726 ἐσέχει
625 670 670 714 δὲ
701 671 742 721 ἐς
772 669 906 713 ἄλλον
935 669 1134 724 ποταμὸν
1164 669 1209 712 ἐκ
1238 670 1316 710 τοῦ
1335 664 1432 709 Εὐ-

176 750 371 806 φρήτεω,
413 750 455 800 ἐς
483 748 561 793 τὸν
596 751 775 805 Τίγριν,
827 747 930 805 παρ’
963 750 1017 792 ὃν
1046 750 1189 799 Νῖνος
1217 746 1342 798 πόλις
1372 747 1432 790 οἷ’-

174 921 271 964 cisso}
290 924 397 975 χερσί
423 938 464 963 τε
486 922 553 963 καὶ
573 924 767 974 κηλωνηΐ-

119 980 223 1032 οισι]
255 977 482 1031 κηλωνήϊον
506 986 689 1031 exponunt
706 996 767 1032 γε-

119 1035 260 1090 ροὲνιον
281 1039 302 1076 i.
324 1052 354 1076 e.
375 1038 573 1075 tollenonem
594 1038 616 1074 i.
640 1051 670 1075 e.
691 1050 768 1074 ma-

115 1095 256 1133 chinam
286 1095 498 1131 rusticorum
536 1098 572 1131 et
601 1094 768 1130 olitorum

115 1152 164 1188 ad
173 1151 452 1188 exhauriendam
467 1163 486 1187 e
498 1150 615 1200 puteis
624 1163 767 1199 aquam.

116 1207 196 1244 Nos
245 1206 616 1255 Brunnenschwengel.
689 1207 766 1243 vid.

116 1263 254 1300 Pollux.
274 1264 311 1300 in
331 1264 520 1300 Onomast.
548 1263 636 1310 Vll,
674 1262 765 1303 143.

116 1320 207 1356 Inde
237 1320 344 1357 etiam
375 1319 500 1356 bellica
528 1320 691 1356 machina
719 1320 766 1356 ob

115 1377 251 1423 figurae
264 1375 529 1412 similitudinem
557 1376 606 1412 sic
626 1376 765 1412 dicitur.

114 1431 223 1468 Plura
243 1431 356 1468 Orelli
379 1432 425 1467 ad
446 1433 605 1469 Aeneam
627 1431 662 1467 T
665 1432 765 1468 actic.

112 1500 198 1538 pag.
217 1489 311 1528 289.
369 1487 428 1525 De
446 1487 641 1536 Euphratis
660 1488 767 1523 inun-

115 1544 320 1581 dationibus
351 1548 387 1581 et
414 1543 597 1581 canalibus
626 1557 670 1581 ex
697 1543 766 1580 hoc

113 1600 261 1637 flumine
273 1601 320 1637 ad
330 1613 439 1648 agros
457 1601 660 1649 irrigandos
674 1613 765 1648 qua-

114 1670 312 1706 quaversus
335 1657 497 1694 deductis
511 1661 765 1705 comparentur

114 1713 273 1763 primarii
287 1714 478 1751 St1a¹›onis
491 1713 558 1750 loci
571 1713 621 1749 Xl
632 1727 667 1762 p.
681 1713 764 1753 502

116 1783 144 1805 s.
175 1772 279 1816 767,
311 1770 355 1805 A.
394 1769 479 1805 XVI
509 1782 594 1818 pag.
625 1768 706 1808 740
735 1781 762 1803 s.

118 1826 248 1870 1075,
270 1823 313 1861 A.
344 1824 451 1861 Plinii
474 1825 570 1860 Hist.
601 1823 688 1860 Nat.
719 1823 764 1870 V,

117 1883 182 1922 20.
214 1881 324 1917 Unde
338 1882 508 1929 frequens
530 1880 632 1916 huius
647 1880 766 1927 regio-

115 1937 169 1973 nis
197 1950 275 1973 cum
300 1936 483 1986 Aegyptia
504 1940 601 1972 terra
620 1948 767 1983 compa-

115 1994 218 2029 ratio.
260 1993 369 2029 Plura
387 1993 478 2029 hanc
499 1992 535 2027 in
552 2005 629 2028 rem
655 1991 764 2028 colle-

115 2050 168 2097 git
187 2048 386 2085 Palmblad.
409 2049 445 2084 in
466 2048 621 2085 Dissert.
642 2049 688 2085 de
707 2060 765 2084 re-

114 2106 181 2141 bus
200 2105 401 2153 Babylonn.
425 2109 462 2141 et
489 2106 607 2152 origg.
636 2103 766 2141 Chald.

114 2160 264 2211 (Upsal.
288 2162 415 2209 1820)
434 2174 517 2210 pag.
533 2163 558 2202 5
576 2174 652 2209 seq.

170 2216 238 2255 καὶ
267 2215 296 2266 ἦ
315 2218 473 2268 μεγίστη
507 2219 585 2255 τῶν
617 2211 766 2266 διωρύ-

114 2288 193 2324 χων
216 2271 295 2313 ἐστὶ
315 2271 623 2325 νηυσιπέρητος]
645 2273 766 2321 Vulgo

115 2329 292 2367 disiuncte
325 2331 458 2367 edunt:
501 2328 617 2380 νηυσὶ
650 2328 767 2379 πέρη-

116 2401 193 2432 τος.
249 2385 351 2422 Libri
377 2388 510 2424 vetusti
550 2386 765 2423 coniunctim

116 2442 308 2487 exhibent3
347 2455 414 2480 nec
446 2443 551 2480 aliter
579 2439 766 2480 ναυσιπέ-

117 2512 233 2547 ρατος
262 2499 360 2547 apud
392 2498 546 2547 Dionys.
579 2498 762 2535 Halicarn.

116 2553 266 2602 Antiqq.
284 2553 428 2590 Roinm.
453 2555 502 2591 llI
515 2583 525 2601 ‚
543 2554 609 2595 44.
656 2555 762 2592 Brei-

117 2622 225 2657 gerus
247 2609 285 2644 in
312 2615 543 2648 commentat.
567 2611 613 2647 de
633 2610 763 2646 difficc.

116 2665 284 2713 quibusd.
312 2664 420 2703 Asiae
443 2666 623 2704 Herodot.
645 2679 682 2716 p.
709 2666 762 2706 47

116 2719 211 2757 hunc
233 2721 392 2758 canalem
413 2723 568 2759 eundem
595 2735 676 2759 esse
705 2735 766 2758 su-

117 2777 295 2826 spicatur,
333 2790 406 2825 quo
442 2790 536 2815 nunc
560 2777 765 2828 Euphrates

116 2832 153 2868 in
189 2832 320 2880 Tigrin
354 2834 509 2878 feratur,
551 2847 632 2871 esse
670 2834 765 2871 enim

115 2887 214 2925 illum
223 2901 409 2938 magnum,
418 2889 624 2940 navigando
640 2894 765 2941 aptum

835 928 871 962 et
892 926 1043 962 tendere
1065 937 1188 961 versus
1202 928 1318 960 ortum
1338 922 1421 960 solis
1433 922 1488 959 hi-

835 982 984 1018 bernum
997 1010 1007 1029 ,
1028 994 1122 1030 quae
1140 993 1225 1017 vera
1246 980 1411 1016 videatur
1430 979 1487 1015 di-

835 1039 969 1085 rectio,
1007 1038 1099 1086 quai,
1137 1037 1230 1073 infra
1258 1036 1486 1084 Babylonem

835 1095 983 1144 paulum
1011 1094 1187 1139 inflexus,
1227 1106 1322 1129 nunc
1354 1091 1488 1140 Tigrin

834 1156 947 1201 petat.
978 1149 1008 1187 C
1014 1163 1043 1187 r.
1070 1150 1225 1186 conferri
1256 1148 1330 1185 vult
1348 1147 1487 1185 Ammi-

834 1220 892 1243 an.
922 1206 1120 1244 Marcellin.
1150 1206 1295 1252 xxiv,
1326 1207 1350 1246 6
1389 1203 1425 1255 ἓ.
1463 1207 1484 1245 1

833 1263 955 1312 ibique
1002 1263 1122 1299 vales.
1161 1266 1198 1300 et
1250 1262 1488 1305 Quatremere

834 1320 934 1370 apud
959 1320 1059 1355 Bast.
1079 1318 1206 1356 Lettre
1227 1318 1341 1366 critiq.
1374 1331 1410 1367 p.
1435 1317 1488 1358 14

833 1381 908 1412 not.
940 1375 1007 1411 Est
1029 1375 1123 1412 enim
1143 1375 1239 1412 idem
1259 1373 1405 1420 canalis,
1422 1373 1484 1421 qui

835 1432 951 1468 amnis
986 1444 1113 1479 regum
1149 1426 1361 1481 (βασιλική
1394 1424 1488 1467 διώ-

836 1489 927 1539 ρυξ)
947 1488 1096 1533 (licitur,
1122 1486 1354 1524 orientalibus
1372 1485 1489 1521 homi-

832 1545 937 1580 nibus
960 1542 1272 1590 Naar-Malclca,
1299 1542 1399 1591 quod
1424 1554 1489 1579 eo-

833 1601 915 1638 dem
933 1601 1051 1647 redit,
1081 1612 1103 1636 a
1126 1599 1246 1637 Persis
1279 1602 1488 1650 expugnata

831 1661 928 1694 terra
953 1657 1050 1693 haud
1071 1657 1232 1693 obrutus.

888 1709 988 1764 παρ’
1006 1710 1049 1752 ὃν
1081 1715 1211 1758 Νῖνος
1239 1706 1356 1757 πόλις
1379 1709 1486 1760 οἴκη-

833 1771 902 1814 το]
934 1769 1030 1804 Satis
1050 1773 1175 1805 notum
1206 1772 1283 1815 est,
1312 1772 1487 1816 quantum

833 1825 926 1862 inter
958 1838 997 1861 se
1025 1825 1233 1875 discrepent
1272 1828 1410 1860 veteres
1449 1824 1487 1859 in

832 1880 910 1917 loco
934 1881 1149 1927 indicando,
1180 1881 1240 1916 ubi
1262 1879 1380 1916 Ninus
1400 1879 1486 1914 urbs

835 1937 903 1972 sita
939 1937 1058 1972 fuerit.
1117 1936 1346 1972 Herodotum
1375 1935 1486 1971 secuti

836 1992 909 2040 (ll,
933 1993 1032 2039 150)
1053 1992 1150 2028 haud
1167 1991 1272 2041 pauci
1294 1991 1486 2040 scriptores

835 2049 884 2085 ad
903 2047 1036 2095 Tigrin
1059 2049 1162 2085 sitam
1182 2061 1260 2084 esse
1291 2047 1486 2094 affirmant,

836 2118 915 2142 cum
956 2104 1138 2141 Diodorus
1175 2103 1256 2151 (Il,
1283 2105 1322 2143 3.
1350 2106 1374 2143 7
1398 2103 1485 2151 etc.)

835 2160 891 2198 vel
917 2161 1061 2210 potius,
1092 2173 1199 2209 quem
1224 2159 1281 2196 illc
1307 2159 1486 2206 exscribit,

835 2217 977 2254 Ctesias
1006 2217 1053 2253 ad
1083 2216 1306 2266 Euphratem
1334 2215 1486 2252 colloca-

833 2278 907 2310 tam
934 2286 1014 2310 esse
1031 2273 1161 2309 tradat.
1222 2272 1324 2315 Quos
1344 2277 1381 2308 ut
1400 2285 1487 2308 con-

833 2330 994 2367 ciliarent
1010 2329 1187 2377 duplicem
1208 2328 1291 2365 olim
1309 2329 1486 2365 exstitisse

834 2387 1001 2423 dixerunt
1028 2385 1185 2432 Ninum,
1215 2384 1364 2421 alteram
1391 2397 1485 2434 quae

835 2444 882 2479 ad
910 2442 1067 2490 Tigrin,
1115 2441 1264 2478 alteram
1306 2454 1399 2490 quae
1436 2441 1485 2477 ad

832 2498 1056 2548 Euphratem
1101 2499 1169 2534 sita
1210 2497 1326 2534 fuerit.
1390 2496 1486 2533 Vide

833 2567 927 2604 quae
955 2555 1026 2590 dixi
1065 2554 1112 2591 ad
1147 2553 1295 2590 Ctesiae
1316 2554 1484 2601 fragmm.

832 2624 918 2661 pag.
941 2612 1020 2652 391
1043 2623 1133 2659 seq.,
1163 2610 1224 2646 ubi
1239 2609 1395 2645 virorum
1417 2610 1485 2646 do-

833 2672 971 2704 ctorum
993 2666 1189 2704 sententias
1210 2665 1382 2703 recensui.
1413 2665 1483 2702 His

833 2723 919 2760 addi
936 2723 1070 2772 poterit
1079 2722 1276 2759 Rennelius
1294 2723 1331 2759 in
1344 2722 1482 2770 Geogr.

832 2779 1012 2816 Herodot.
1031 2791 1116 2829 pag.
1128 2780 1209 2819 498
1229 2778 1285 2815 ed.
1299 2778 1481 2824 Bredow.,

834 2835 895 2883 qui
913 2834 1049 2872 Ninum
1070 2835 1174 2871 sitam
1199 2847 1279 2871 esse
1296 2835 1482 2871 contendit

834 2903 854 2928 e
883 2891 1032 2940 regione
1061 2891 1136 2928 eius
1164 2890 1260 2939 loci,
1299 2890 1360 2940 qui
1385 2902 1481 2927 nunc
