1909 3228
447 201 533 242 258

841 195 1305 237 HERODOTI

449 311 562 353 δων·
602 308 708 352 ἀλλὰ
737 305 1107 363 στρατευσάμενος
1135 305 1203 349 ἐπὶ
1232 305 1336 357 τούς
1365 306 1559 363 Πέρσας,
1584 305 1696 361 πρώ-
1708 312 1753 347 95

449 389 561 432 τοισί
588 404 632 431 τε
655 386 847 431 τούτοισι
879 382 1142 440 ἐπεθήκατο,
1182 385 1253 428 καὶ
1293 384 1491 440 πρώτους
1530 385 1701 442 Μήδων

421 464 677 522 3ὑπηκόους
706 466 886 521 ἐποίησε.
915 464 1019 520 μετὰ
1048 463 1122 515 δὲ,
1152 463 1261 518 ἔχων
1290 463 1370 508 δύο
1401 469 1538 508 ταῦτα
1558 464 1702 515 ἔθνεα,

451 546 526 589 καὶ
555 543 779 600 ἀμφότερα
811 543 988 600 ἰσχυροὶ,
1019 542 1330 598 κατεστρέφετο
1362 542 1442 598 τὴν
1458 541 1615 599 Ἀσίην,
1635 540 1702 586 ἀπ’

424 623 595 667 4ὄὶλλου
633 622 694 666 ἐπ’
735 623 840 667 ἄλλο
879 623 960 666 ἰῶν
998 623 1138 674 ἔθνος.
1196 621 1238 674 ἐς
1276 622 1301 665 ὃ
1340 620 1706 677 στρατευσάμενος

452 702 523 746 ἐπὶ
553 701 654 752 τοὺς
677 700 951 757 Ἀσσυρίους,
982 701 1055 745 καὶ
1082 700 1317 756 Ἀσσυρίων
1344 701 1530 752 τούτους
1559 703 1602 743 οἳ
1629 701 1708 742 Νῖ-

453 797 536 824 νον
576 778 715 836 εἷχον,
767 781 840 824 καὶ
878 777 1011 838 ἦρχον
1046 778 1263 834 πρότερον
1290 779 1496 833 πάντων,
1535 778 1631 824 τότε
1662 778 1732 823 δὲ1

454 853 568 914 ἦσαν
591 859 915 916 μεμουνωμένοι
935 859 1014 915 μὲν
1035 859 1289 916 συμμάχων,
1319 859 1392 903 ἅτε
1415 857 1706 912 ἀπεστεώτων,

400 1043 520 1093 Vulgo
549 1038 759 1094 ἅπεχρῆτο.
805 1042 946 1080 Sensus
977 1047 1052 1080 est:

400 1113 507 1147 „non
527 1104 704 1137 contentus
729 1103 804 1136 erat
833 1099 914 1136 solis
934 1097 1055 1135 Medis

401 1157 609 1206 imperare.“
668 1156 776 1193 Conf.
806 1168 919 1206 supra
938 1155 975 1202 1,
998 1156 1054 1196 37

403 1216 440 1250 et
460 1212 543 1249 VllI
556 1241 566 1260 ‚
588 1211 653 1259 14,
677 1212 739 1248 ubi
760 1213 880 1248 medio
895 1211 963 1249 hoc
973 1223 1054 1248 ver-

402 1269 450 1305 bo
473 1268 611 1306 Noster
633 1281 720 1305 usus
746 1272 821 1315 est,
859 1281 939 1305 cum
964 1267 1053 1304 alias

401 1324 646 1374 impersonale
702 1329 886 1369 occurrat3
971 1323 1052 1360 coll.

403 1380 534 1417 Matth.
553 1381 591 1416 in
620 1381 781 1417 Gramm.
811 1380 876 1416 Gr.
911 1378 948 1430 ᾗ.
973 1378 1054 1420 255

403 1448 491 1486 pag.
511 1435 604 1476 497.
651 1435 755 1472 Facit
773 1435 842 1471 huc
863 1436 1056 1471 Gramma-

404 1492 462 1528 tic.
476 1492 512 1528 in
522 1491 682 1528 Bekkeri
692 1491 853 1528 Anecdd.
875 1491 891 1526 I
910 1504 946 1540 p.
957 1490 1053 1537 423,

406 1550 478 1589 26:
521 1541 800 1597 ἀπεχρᾶτο·
841 1542 1055 1598 Ἡρόδοτος

406 1600 478 1654 μὲν
507 1597 597 1641 οἷντὶ
631 1605 702 1641 τοῦ
729 1598 866 1654 ἀρκεῖν
904 1600 1056 1654 ἡγεῖτο·

409 1659 658 1709 Θουκυδίδης
671 1656 713 1697 δὲ
734 1655 796 1696 dn
810 1672 891 1709 εχρ
904 1661 934 1696 ὦ
946 1673 969 1697 ν
980 1673 1000 1696 τ
1011 1673 1057 1696 αι

408 1710 498 1754 ἆντὶ
534 1717 607 1754 τοῦ
643 1710 830 1769 οἷνῄροον.
888 1715 1059 1751 Herodo-

407 1775 504 1808 teum
537 1784 640 1807 usum
676 1770 872 1821 postmodo
901 1771 1058 1806 imitatus

408 1829 465 1863 est
483 1825 683 1863 Pausanias
695 1855 706 1873 ‚
736 1826 783 1863 de
801 1838 873 1875 quo
894 1826 965 1862 vid.
977 1825 1059 1863 Sie-

409 1880 478 1919 bel.
496 1883 544 1918 ad
565 1882 621 1929 11,
638 1885 663 1922 7
688 1880 725 1932 §-
746 1885 780 1922 1.

465 1936 534 1976 καὶ
549 1933 766 1987 Ἀσσυρίων
795 1933 988 1985 τούτους,
1018 1937 1058 1977 οἳ

412 1996 543 2033 Νῖνον
558 1990 661 2044 εἶχον
671 1991 685 2044 ]
714 1993 836 2043 Vulgo
846 1995 959 2032 edunt
968 1992 1058 2045 ἕχον

411 2051 510 2099 quod
548 2051 657 2088 etiam
695 2055 846 2100 propter
885 2051 1059 2088 omissum

411 2110 643 2154 augmentum
653 2105 776 2143 laudat
786 2106 917 2143 Matth.
931 2105 967 2157 ἓ.
980 2110 998 2147 1
1006 2108 1060 2147 60

411 2174 497 2213 pag.
520 2165 611 2203 292.
643 2162 719 2200 Sed
735 2163 862 2213 optimi
878 2163 956 2199 libri
979 2162 1061 2213 plu-

412 2231 470 2255 res
490 2218 578 2255 dant
595 2213 699 2269 εἶχον
710 2247 722 2265 ,
738 2220 929 2268 quodcum
942 2218 1060 2256 Gaisf.

412 2273 634 2323 recepimuS‚
683 2287 775 2311 unus
810 2274 900 2312 liber
935 2273 1061 2324 ἔσχον,

413 2329 513 2378 quod
545 2333 668 2367 tamen
687 2329 786 2367 haud
803 2331 1059 2376 necessarium,

413 2385 484 2422 iam
507 2386 587 2434 ipse
613 2385 877 2435 Wesselingius
903 2386 1062 2424 sensisse

413 2441 565 2478 videtur.

468 2495 527 2533 Ad
545 2501 795 2545 argumentum
811 2497 879 2535 loci
891 2497 983 2535 bene
997 2495 1062 2533 ad-

414 2563 603 2590 monemur
621 2566 642 2590 a
661 2553 918 2602 Wesselingio‚
943 2552 1063 2589 Hero-

415 2608 538 2644 dotum
553 2607 784 2657 Assyriorum
802 2609 947 2646 nomine
956 2621 1062 2645 usum

417 2674 498 2699 esse
515 2676 624 2701 sensu
651 2665 789 2712 latiori,
819 2665 869 2702 ita
888 2668 928 2700 ut
938 2663 1062 2711 Baby·-

418 2716 684 2768 lonfiquoque,
715 2721 795 2767 alii,
824 2719 1061 2770 comprehen-

416 2772 566 2818 dantur3
594 2776 637 2811 cf.
658 2775 692 2821 Ι,
715 2779 806 2818 178.
829 2777 918 2817 185.
958 2775 1059 2812 Idem

1119 1044 1197 1081 rod.
1217 1056 1253 1094 p.
1276 1041 1370 1083 458.
1405 1041 1458 1080 Ac
1485 1043 1646 1094 pluribus
1674 1041 1769 1079 hane

1121 1100 1159 1137 in
1179 1112 1254 1136 rem
1269 1100 1433 1149 disputat
1454 1099 1648 1147 Iablonsky
1665 1098 1768 1137 Diss.

1122 1157 1169 1193 de
1194 1155 1280 1204 ling.
1299 1154 1460 1204 Lycaon.
1488 1156 1535 1194 T.
1557 1155 1607 1192 ΙΙΙ
1629 1169 1665 1205 p.
1688 1156 1769 1195 129

1123 1213 1295 1262 Opuscc.‚
1323 1210 1494 1259 Assyriae
1516 1212 1660 1249 nomine
1677 1210 1770 1248 anti-

1122 1268 1305 1318 quissimis
1323 1269 1546 1318 temporibus
1562 1281 1636 1305 non
1654 1266 1770 1303 solam

1122 1324 1308 1373 Assyriam
1322 1324 1434 1361 fuisse
1447 1326 1696 1374 significatam,
1709 1335 1772 1360 ve·-

1123 1393 1199 1417 rum
1232 1383 1268 1417 et
1304 1379 1489 1429 complura
1535 1380 1605 1418 alia
1642 1391 1769 1427 regna,

1122 1448 1273 1485 quorum
1310 1435 1415 1484 potiti
1453 1437 1587 1474 suerint
1618 1433 1773 1482 Assyrii,

1122 1504 1197 1528 nou
1227 1503 1310 1527 raro
1353 1492 1613 1542 comprehensa
1646 1491 1772 1528 fuisse.

1123 1548 1286 1595 Indeque
1315 1547 1423 1584 etiam
1448 1548 1670 1597 Babylonios
1696 1547 1773 1584 sive

1125 1603 1352 1650 Chaldaeos,
1382 1604 1581 1642 debellatos
1600 1604 1645 1640 ab
1658 1601 1774 1651 Assy·

1122 1660 1207 1706 riis,
1244 1659 1371 1696 horum
1404 1661 1549 1698 nornine
1579 1659 1774 1708 aliquando

1124 1714 1326 1764 appellatos
1348 1729 1427 1753 esse
1449 1720 1582 1754 monet.
1613 1716 1672 1754 De
1692 1716 1774 1764 ipsa

1125 1770 1213 1807 Nini
1231 1772 1318 1809 urbe
1337 1785 1410 1808 non
1427 1773 1514 1810 satis
1536 1772 1660 1821 liquet.
1691 1770 1775 1808 Me-

1125 1830 1242 1863 morat
1257 1826 1393 1865 Noster
1415 1841 1495 1865 eam
1523 1827 1713 1877 aliquoties
1736 1827 1774 1863 in

1124 1895 1230 1932 capp.
1251 1885 1412 1933 proxime
1432 1885 1680 1933 sequentibus,
1698 1887 1775 1920 tum

1125 1939 1234 1976 etiam
1265 1939 1304 1986 l,
1345 1941 1435 1981 193.
1468 1940 1560 1982 185.
1591 1941 1684 1981 178.
1727 1938 1775 1986 Π,

1128 1994 1219 2035 150.
1259 1993 1318 2032 Ad
1345 2009 1437 2044 quos
1462 1996 1560 2033 locos
1580 1996 1684 2047 plura
1710 1995 1777 2032 ad-

1127 2050 1332 2088 notabimus
1354 2053 1401 2090 de
1413 2053 1580 2090 dissensu
1596 2049 1778 2089 Herodoti

1126 2110 1237 2155 atque
1250 2105 1403 2144 Diodori
1417 2108 1474 2146 vel
1486 2109 1607 2157 potius
1617 2106 1777 2153 etesiae,

1127 2174 1281 2210 quorum
1303 2163 1393 2200 alter
1414 2164 1461 2200 ad
1491 2162 1656 2212 Tigrim,
1685 2161 1777 2199 alter

1127 2218 1177 2253 ad
1190 2216 1412 2265 Euphratem
1428 2219 1564 2256 Ninum
1580 2219 1701 2257 urbem
1723 2217 1775 2254 si-

1126 2276 1201 2309 tam
1222 2273 1335 2310 fuisse
1353 2275 1474 2312 refert.

1185 2324 1252 2366 ἅτε
1272 2325 1629 2377 ἀπεστεώτων,
1649 2325 1776 2376 ἄλλως

1131 2380 1265 2434 μέντοι
1302 2384 1462 2425 ἕωυταῖν
1505 2380 1552 2426 εὖ
1582 2382 1775 2436 ἥκοντες]

1127 2439 1299 2479 Formam
1314 2442 1470 2480 Ionicam
1486 2442 1663 2493 participii
1683 2435 1777 2480 ἇπεο

1130 2492 1251 2543 στεώς
1269 2497 1351 2536 hinc
1359 2498 1481 2536 laudat
1491 2498 1621 2536 Matth.
1634 2495 1672 2548 §.
1682 2498 1777 2544 198,

1129 2552 1150 2589 f
1160 2565 1246 2603 pag.
1266 2554 1361 2596 359.
1389 2556 1590 2604 Sequentia
1607 2557 1776 2591 tuverte:

1129 2636 1154 2654 ‚‚
1168 2613 1338 2647 caeterum
1362 2612 1520 2661 profecto
1541 2613 1694 2661 ipsorum
1719 2621 1776 2646 re-

1126 2664 1190 2701 bus
1201 2667 1487 2715 florentibus,“s.
1499 2667 1599 2704 rebus
1618 2669 1676 2702 sat
1694 2665 1774 2702 Iau-

1129 2723 1175 2757 tc's
1199 2735 1241 2758 ac
1256 2724 1468 2772 florentibus
1485 2724 1676 2760 constituti.
1715 2721 1774 2759 De

1127 2776 1306 2817 locutione
1329 2780 1411 2832 ipsa
1428 2781 1522 2819 conf.
1543 2779 1582 2829 1,
1602 2782 1657 2821 30
1687 2777 1773 2827 ibiq.

416 2833 540 2867 monet
547 2828 700 2870 Reunel.
711 2831 749 2870 in
764 2831 1060 2884 Geograph.He-
1123 2837 1200 2872 not.
