1909 3228
671 218 705 256 c
733 218 767 258 L
794 202 889 257 1'0.
947 218 974 257 1.
1367 218 1453 259 459

69 328 169 378 2⁰5

297 323 380 371 Ἦν
407 326 479 379 δὲ,
531 331 613 372 τοῦ
643 325 806 383 ἀνδρὸς
842 325 1173 380 ἀποθανόντος,
1217 324 1330 382 γυνὴ
1359 328 1448 368 τῶν
1460 331 1620 396 15ἰῦτῇξιιιξῆ,
1637 335 1780 397 afflatum

1499 406 1582 436 tata,
1602 406 1689 437 parat
1708 404 1780 430 Arn-

189 407 510 462 Μασσαγετὲων
557 409 776 463 βασίλεια·
840 406 1031 464 Τόμυρίς
1079 409 1122 451 οἱ
1165 400 1221 463 ἦν
1258 403 1441 460 οὕνομα.
1500 436 1734 464 xemuaucere.

189 485 352 543 ταύτην
379 488 557 543 πέμπων
586 487 610 530 ὁ
643 490 790 541 Κῦρος
828 486 985 542 ἐμνᾶτο
1023 490 1083 544 τῷ
1125 484 1266 545 λόγῳ,
1310 483 1453 529 θέλων

161 571 381 622 Ξγυναῖκα
409 566 465 624 ἢν
493 567 613 622 ἔχειν.
673 565 700 622 ἡ
728 567 773 610 δὲ
807 565 997 622 Τόμυρις
1035 571 1232 609 συνιεῖσα
1261 563 1344 609 οὐκ
1375 562 1452 608 αὐ-

187 645 267 702 τήν
296 663 371 702 μιν
399 644 654 702 μνώμενον,
708 644 817 689 ἄλλα
852 645 934 702 τήν
969 645 1293 700 Μασσαγετέων
1331 647 1452 701 βασι-

160 728 342 783 3ληΐην,
390 724 601 770 ἀπείπατο
645 724 726 782 τήν
769 723 1004 779 πρόσοδον.
1062 727 1215 777 Κῦρος
1262 724 1308 767 δὲ
1343 722 1448 779 μετὰ

187 809 344 856 τοῦτο,
393 804 453 857 ὥς
483 808 527 850 οῖ
555 805 668 866 δόλῳ
699 804 754 849 οὐ
784 803 1050 861 προεχώρεε,
1090 801 1243 853 ἐλάσας
1274 801 1341 845 ἐπὶ
1370 801 1505 844 &veo

184 882 384 937 Ἀράξεα,
429 884 621 929 ἐποιέετο
653 887 699 930 ἐκ
727 889 807 929 τοῦ
843 883 1058 941 ἐμφανέος
1097 882 1164 925 ἐπὶ
1193 880 1296 932 τούς
1327 885 1451 923 Μασ-

190 962 370 1020 σαγέτας
404 968 660 1023 στρατηΐην,
717 964 914 1022 γεφύρας
953 980 998 1007 τε
1028 960 1246 1018 ζευγνύων
1275 960 1342 1004 ἐπὶ
1371 964 1450 1003 τοῦ

132 1180 361 1219 Herodotum
391 1182 430 1219 in
462 1181 516 1220 his
544 1184 684 1222 variare
707 1196 791 1221 ora-

131 1238 241 1275 tionis
281 1241 427 1276 formas.
496 1240 539 1277 Id
574 1242 674 1290 quod
703 1241 790 1277 satis

132 1300 337 1331 monstrant
367 1295 521 1346 plurima
568 1296 731 1347 exempla
767 1309 790 1334 a

133 1350 303 1389 Werfero
323 1358 500 1399 congesta
516 1353 552 1389 in
575 1352 669 1390 Actt.
688 1353 789 1404 phin.

132 1406 298 1445 Monacc.
325 1407 363 1455 I,
381 1411 406 1448 2
436 1421 522 1458 pag.
543 1408 638 1450 254.

328 1491 360 1529 C
374 1504 396 1529 a
411 1505 448 1543 p.
486 1492 601 1530 CCV.

194 1569 369 1627 Τόμυρίς
389 1575 431 1615 οἵ
455 1569 509 1628 ἧν
530 1573 713 1628 οὕνομα]
744 1576 788 1615 In

131 1645 221 1670 voce
246 1627 415 1683 Τόμυρις
447 1634 637 1672 scribenda
665 1634 788 1672 Hero-

132 1689 232 1726 dotei
255 1688 335 1726 libri
365 1691 617 1738 consentiunt,
658 1703 788 1740 quam-

132 1757 242 1794 quam
263 1745 347 1782 alibi
379 1747 478 1796 apud
501 1746 591 1783 alios
623 1751 787 1784 auctores

132 1800 240 1838 valde
259 1802 409 1838 variant.
468 1803 546 1840 Sed
576 1803 644 1840 hac
675 1803 722 1841 de
747 1816 788 1841 re

133 1857 279 1894 uberius
308 1857 505 1908 disputavit
535 1858 785 1895 Hemsterhus.

134 1913 184 1949 ad
201 1912 352 1949 Lucian.
374 1913 582 1964 Contempl.
613 1912 651 1963 §.
675 1917 727 1954 13
757 1928 786 1951 s.

133 1982 171 2020 p.
192 1969 275 2010 393
296 1982 373 2019 seq.
403 1970 497 2006 t.111
526 1970 583 2006 ed.
598 1969 681 2020 Bip.
710 1969 787 2007 coll.

134 2025 376 2075 Oudendorp.
395 2027 442 2063 ad
462 2025 628 2062 Frontin.
642 2026 686 2073 ΙΙ,
698 2026 737 2072 5,
748 2026 789 2067 5.

134 2102 193 2110 -
220 2081 389 2129 Ctesias,
419 2082 519 2132 quod
551 2082 637 2119 satis
661 2087 788 2119 notum

136 2142 214 2185 est,
233 2150 301 2176 nec
319 2137 613 2187 Massagetarum
634 2151 700 2176 nec
710 2137 790 2175 To-

135 2194 246 2243 mJTis
272 2195 424 2243 reginae
446 2194 555 2231 ullam
579 2195 663 2231 fecit
686 2207 789 2232 men-

135 2251 295 2298 tionem,
343 2257 519 2300 quantum
557 2251 704 2300 quidem
747 2263 791 2289 ex

137 2307 214 2345 eius
245 2308 459 2356 fragmentis
492 2306 662 2356 coliigere
697 2307 792 2355 licet,

139 2363 206 2400 sed
231 2364 270 2400 in
299 2376 424 2413 pugna
463 2377 543 2401 cum
575 2363 790 2400 Derbicibus

139 2419 274 2466 Cyrum
290 2419 515 2458 vulneratum
535 2432 577 2456 ac
598 2420 682 2457 dein
695 2432 793 2456 mor-

139 2478 239 2511 tuum
272 2488 354 2513 esse
378 2477 488 2513 refert
519 2474 556 2526 §.
581 2478 619 2516 6.
639 2477 676 2516 8.
705 2476 796 2513 Per-

140 2530 247 2577 siec.,
277 2531 338 2567 ubi
371 2532 444 2568 vid.
473 2545 567 2581 quae
593 2532 794 2569 notavimus

139 2598 227 2636 pag.
251 2588 331 2627 110
353 2599 455 2636 seqq.
513 2587 554 2624 In
584 2588 696 2638 priori
729 2600 794 2624 au-

140 2645 212 2679 tem
243 2643 403 2690 quadam
439 2643 527 2691 Cyri
563 2643 795 2693 expeditione

142 2698 317 2734 adversus
327 2699 438 2735 Sacas
451 2720 506 2725 --—
518 2712 625 2748 quam
647 2705 794 2748 gentem

141 2753 332 2801 Scythicae
362 2754 482 2805 stirpis
505 2767 577 2792 non
598 2756 794 2793 admodum

144 2814 319 2847 remotam
365 2823 448 2848 esse
487 2810 534 2847 ab
573 2809 795 2860 Massagetis

145 2864 262 2914 quivis
274 2867 448 2904 concedet
455 2887 511 2894 —
520 2867 671 2905 similem
682 2881 797 2918 quan·

858 1182 943 1220 dam
969 1181 1157 1231 reginam,
1200 1184 1310 1230 atque
1337 1178 1407 1216 hoc
1428 1177 1507 1215 loeo

859 1239 895 1276 T
898 1239 1037 1287 omyrin
1050 1267 1060 1284 ‚
1106 1242 1212 1274 vocat
1254 1235 1487 1286 Sparetkram
1496 1263 1509 1281 ‚

858 1308 952 1344 quae
983 1294 1179 1332 fortissime
1209 1306 1288 1330 cum
1316 1293 1415 1341 Cyro
1441 1304 1511 1342 pu-

858 1352 1025 1400 gnaverit
1071 1351 1300 1399 eundemque
1361 1348 1510 1394 vicerit,

859 1406 896 1458 ᾖ.
920 1409 957 1448 3.
997 1407 1080 1450 Quo
1096 1407 1222 1443 itidem
1237 1406 1394 1450 faciunt,
1415 1416 1511 1452 quae

859 1464 907 1501 de
943 1463 1110 1509 Zau-ina,
1146 1463 1343 1499 fortissima
1369 1460 1510 1508 regina,

860 1520 983 1557 scribit
1021 1519 1229 1566 Diodorus,
1277 1518 1369 1564 alia,
1415 1529 1512 1566 quae

860 1577 908 1613 ad
928 1575 1071 1613 fabulas
1098 1575 1264 1612 traducta
1292 1573 1511 1612 narrationi-

852 1632 995 1682 busque
1030 1631 1257 1669 Amazonum
1283 1631 1411 1668 addita
1448 1633 1511 1666 aut

853 1702 934 1726 cum
960 1689 1003 1725 iis
1032 1688 1223 1725 coniuncta
1249 1688 1362 1725 fuisse
1383 1687 1512 1724 viden-

852 1749 922 1782 tur.
980 1745 1056 1783 Sed
1090 1746 1137 1782 de
1163 1745 1204 1781 iis
1236 1757 1351 1795 penes
1381 1755 1510 1780 unum-

854 1814 1038 1850 quemque
1067 1801 1239 1838 iudicium
1265 1805 1368 1846 esto3
1408 1800 1510 1848 equi-

855 1858 939 1894 dem
969 1858 1204 1906 pronuntiare
1231 1857 1361 1902 nolim3
1393 1856 1511 1893 curio-

857 1926 919 1950 sos
951 1912 1078 1949 harum
1116 1926 1233 1949 rerum
1265 1913 1418 1950 lectores
1461 1911 1510 1948 ad

856 1968 1017 2006 Ctesiam
1039 1969 1196 2005 amando
1217 1973 1254 2006 et
1273 1969 1321 2005 ad
1340 1982 1396 2016 ea,
1415 1980 1510 2018 quae

856 2025 905 2062 ibi
926 2024 1096 2062 adnotavi
1115 2037 1201 2074 pag.
1221 2027 1275 2066 98
1297 2038 1375 2074 seq.

913 2079 1057 2131 ε’μνᾶτο
1078 2083 1133 2134 τῷ
1149 2078 1279 2134 λόγῳ]
1312 2083 1370 2134 τῷ
1391 2077 1514 2134 λόγῳ,

858 2137 914 2174 cui
960 2136 1173 2187 plerumque
1218 2139 1418 2188 opponitur
1456 2139 1517 2191 τῷ

859 2192 960 2245 ἔργῳ
997 2196 1063 2240 (re
1084 2205 1188 2241 vera,
1220 2207 1257 2231 re
1285 2194 1394 2244 ipsa)
1435 2199 1513 2232 est:

856 2250 958 2287 verbo
991 2249 1126 2299 quidem
1151 2250 1198 2297 (i.
1229 2263 1261 2288 e.
1287 2251 1409 2301 specie
1432 2255 1515 2288 tan-

858 2310 953 2352 tum,
984 2319 1051 2343 nec
1066 2307 1201 2355 serio),
1231 2307 1349 2344 missis
1371 2307 1515 2356 legatis,

861 2363 923 2411 qui
942 2363 1037 2410 regis
1065 2362 1284 2401 voluntatem
1311 2364 1430 2402 verbis
1449 2364 1516 2401 de-

862 2418 1050 2456 clararent.
1087 2439 1144 2446 —
1171 2419 1211 2456 In
1245 2433 1348 2469 seqq.
1375 2416 1429 2468 ἣν
1458 2423 1515 2458 est

864 2487 965 2512 suam
987 2475 1033 2512 ab
1065 2470 1109 2521 ὃς
1138 2475 1234 2526 (pro
1260 2474 1342 2523 ἕός,
1372 2477 1514 2514 Home-

862 2533 938 2569 rico
960 2544 1004 2569 ex
1025 2532 1138 2580 usu)3
1168 2533 1263 2569 conf.
1291 2532 1422 2570 Matth.
1448 2533 1515 2570 Gr.

864 2588 931 2625 Gr.
954 2600 1040 2638 pag.
1061 2590 1155 2629 279.

919 2642 1090 2684 ἐποιέετο
1103 2665 1158 2672 —
1174 2644 1410 2695 στρατηΐην]
1433 2643 1518 2682 Ma-

862 2698 925 2738 lim
958 2699 1177 2749 intelligere:
1213 2703 1363 2750 incoepit
1393 2701 1518 2752 facere

862 2755 1112 2806 expeditionem
1142 2770 1170 2794 s.
1202 2759 1383 2795 instituere
1407 2759 1517 2807 coepit

864 2811 1134 2862 expeditionem;
1186 2826 1259 2862 quo
1295 2814 1518 2864 exprimatur

864 2873 1014 2907 conatus
1042 2882 1072 2907 s.
1104 2869 1297 2908 voluntatis
1335 2870 1517 2920 signifiea-
