1909 3228
301 762 401 808 137

458 165 543 205 320

856 164 1322 205 HERODOTI

461 273 653 327 σαέτεος,
692 277 791 330 τρία
819 277 986 330 μοῦνοι,
1041 273 1260 327 ἱππεύειν,
1299 275 1373 319 καὶ
1399 276 1610 330 τοξεύειν,
1640 277 1715 321 καὶ

461 353 760 412 ἀληθίζεσθαι.
818 353 921 407 πρὶν
959 352 1005 396 δὲ
1042 352 1072 409 ἢ
1109 353 1338 409 πενταετὴς
1375 354 1572 412 γένηται,
1627 355 1742 400 οὐκ5

461 433 706 479 ἀπικνέεται
721 432 763 483 ἐς
781 430 886 484 ὄψιν
905 436 967 491 τῷ
985 432 1141 487 πατρὶ,
1167 430 1275 476 ἀλλὰ
1295 433 1415 488 παρὰ
1435 437 1534 490 τῇσι
1546 436 1716 490 γυναιξὶ

433 522 456 557 3
467 517 636 559 δίαιταν
666 512 758 567 ἔχει·

818 515 898 554 τοῦ
929 511 974 555 δὲ
1003 513 1146 555 εἵνεκα
1179 515 1311 555 τοῦτο
1358 512 1473 555 οὕτω
1511 514 1714 566 ποιέεται,

462 597 537 638 ἴνα
571 592 628 649 ἢν
665 590 871 648 ἀποθάνῃ
909 590 1194 647 τρεφόμενος,
1251 592 1463 647 μηδεμίαν
1508 589 1618 648 ἄσην
1656 596 1717 650 τῷ

460 672 592 726 πατρὶ
619 669 859 728 προσβάλῃ.

571 749 713 795 Λίνέω
742 749 823 807 μέν
849 765 933 794 νυν
959 747 1087 794 τόνδε
1114 750 1191 794 τὸν
1218 748 1381 807 νόμον·
1413 749 1540 793 αἰνέω
1570 748 1617 793 δὲ
1645 748 1720 794 καὶ

130 826 303 856 Immuuitas
315 835 331 854 a
340 835 412 863 poe-

131 869 171 891 na
212 862 335 899 capitali
361 863 397 889 ob

404 960 514 1013 paulo
532 960 638 998 aliter
665 959 777 997 tradit
803 957 908 996 Plato
932 958 970 995 in
995 956 1058 995 Al-

406 1017 537 1056 cibiad.
583 1017 600 1054 I
641 1029 727 1067 pag.
767 1018 869 1063 121,
916 1014 951 1052 D
979 1027 1056 1064 seq.

408 1074 495 1124 (cp.
531 1076 583 1114 17
614 1072 723 1121 Ast.)
780 1071 913 1121 Neque
949 1072 1058 1109 etiam

407 1144 488 1169 cum
498 1130 720 1167 Herodoteis
741 1141 892 1179 prorsus
912 1128 1059 1178 conspi-

407 1190 510 1233 rant,
541 1199 635 1235 quae
655 1186 702 1224 de
729 1198 924 1236 puerorum
949 1188 1059 1233 atque

407 1242 752 1280 adolescentulorum
779 1242 1002 1278 institutione
1023 1253 1063 1277 a-

407 1299 484 1350 pud
506 1299 638 1337 Persas
670 1300 805 1336 usitata
834 1298 955 1334 scribit
984 1298 1060 1333 Xe-

408 1355 560 1405 nophon
582 1355 618 1392 in
640 1355 848 1404 Cyropaed.
877 1354 915 1400 I,
934 1357 961 1394 2
978 1351 1014 1403 ἓ.
1033 1355 1060 1394 4

407 1424 513 1460 seqq.
535 1410 613 1447 coll.
634 1410 662 1457 Ι,
683 1412 710 1451 3
730 1409 765 1461 ἓ.
780 1412 818 1451 3.
848 1409 912 1456 IV,
931 1408 1006 1460 3§.
1021 1409 1058 1450 5.

409 1467 452 1504 In
472 1479 610 1504 summa
636 1471 757 1504 tamen
784 1467 842 1502 vix
864 1465 919 1502 ille
939 1470 975 1501 et
1002 1478 1059 1502 re-

409 1523 497 1573 liqui
517 1524 708 1572 scriptores
727 1523 772 1559 ah
782 1522 973 1559 Herodoto
993 1522 1060 1557 ad-

408 1580 556 1616 modum
585 1579 805 1616 discordant.
863 1576 960 1614 Nam
989 1577 1058 1614 tria

407 1635 491 1682 illa,
522 1647 617 1684 quae
634 1648 768 1686 pueros
797 1633 918 1671 doceri
938 1633 1060 1670 scribit

407 1690 567 1738 Noster,
597 1692 642 1728 ab
678 1691 775 1728 hisce
800 1690 936 1740 pariter
965 1690 1059 1724 indi-

408 1752 553 1794 cantur,
582 1747 775 1797 praecipue
799 1745 944 1782 tertium
973 1744 1060 1780 illud

406 1807 638 1854 praeceptum
650 1832 660 1850 ,
679 1816 753 1852 quo
768 1803 954 1840 veritatem
965 1814 1061 1837 Sum·-

409 1873 468 1897 me
492 1858 652 1896 colerent
674 1859 816 1909 ipsique
847 1870 955 1906 quam
985 1869 1062 1894 ma-

408 1917 502 1953 xime
550 1919 673 1953 essent
713 1915 870 1952 veridici.
936 1913 1061 1950 Nolim

409 1976 575 2022 repetere
593 1972 798 2009 testimonia
826 1983 847 2007 a
873 1969 1061 2007 Brissonio

410 2029 558 2066 collecta
581 2027 638 2065 l.l.
662 2028 714 2075 ll,
737 2029 802 2068 83.
824 2025 1060 2068 101—104

409 2085 536 2122 inclus.
567 2084 728 2122 Nostrae
758 2083 888 2121 aetatis
918 2083 1059 2128 Persas,

406 2153 627 2191 quamquam
660 2141 696 2177 in
726 2141 779 2177 his
806 2139 910 2177 valde
930 2138 1060 2175 similes

408 2197 603 2236 maioribus
635 2198 727 2244 suis,
758 2197 856 2246 quod
881 2195 1060 2241 venando,

409 2254 627 2304 equitand0,
646 2254 855 2302 sagittando
880 2251 1062 2289 delectan-

408 2316 486 2357 tur,
515 2309 553 2346 in
569 2309 713 2358 reliquis
733 2308 984 2346 dissimillimos
1004 2320 1061 2344 re-

407 2366 537 2418 periri,
571 2366 718 2404 minime
756 2365 955 2411 veridicos,
994 2364 1060 2400 sed

405 2423 566 2461 omnium
586 2422 738 2460 maxime
753 2421 929 2473 perfidiae
950 2424 1059 2468 atque

406 2479 603 2517 mendaciis
637 2479 803 2525 deditos,
852 2476 959 2514 fidem
990 2475 1058 2512 sal-

405 2536 520 2574 ientes
540 2548 608 2573 nec
636 2534 708 2572 ullo
735 2536 845 2572 modo
873 2532 1057 2583 promissis

409 2596 568 2638 stantes,
607 2604 680 2628 uno
711 2593 787 2629 sere
812 2602 874 2627 ore
905 2588 1058 2626 clamant

382 2668 394 2681 a
407 2648 521 2685 nostri
542 2648 725 2695 homines,
756 2648 818 2697 qui
843 2645 920 2683 illas
938 2644 1058 2692 regio-

406 2716 471 2741 nes
501 2704 772 2753 perlustrarunt.
830 2702 912 2740 vid.
942 2701 1058 2738 Ham-

406 2773 494 2797 mer.
540 2760 576 2796 in
628 2759 778 2797 W'iener
812 2758 934 2796 Jahrb.
974 2756 1058 2793 VIII

406 2828 492 2866 Pag-
515 2815 778 2862 375—383‚
809 2816 870 2865 qui
898 2817 1056 2852 veterum

1123 957 1331 996 testimonia
1353 957 1399 995 de
1417 957 1578 995 veritatis
1600 957 1720 994 studio
1740 960 1776 994 et

1125 1014 1220 1052 cultu
1239 1013 1338 1064 apud
1356 1013 1487 1051 Persas
1514 1013 1678 1051 nonnihil
1699 1025 1775 1049 am-

1125 1071 1239 1121 pliata
1258 1074 1402 1117 censet,
1431 1083 1511 1107 cum
1531 1070 1567 1106 in
1594 1071 1635 1106 iis
1657 1069 1776 1120 potius

1125 1128 1364 1164 insistendum
1394 1126 1456 1173 sit,
1495 1139 1590 1176 quae
1615 1127 1662 1163 de
1689 1125 1777 1163 Per-

1126 1196 1248 1220 sarum
1284 1183 1442 1219 moribus
1481 1183 1518 1219 in
1556 1181 1779 1219 nobilissima

1129 1240 1386 1290 Cyropaediae
1415 1239 1574 1276 clausula
1599 1238 1776 1288 legantur.

1185 1296 1381 1347 μηδεμίαν
1432 1293 1534 1345 ἄσην
1572 1297 1628 1348 τῷ
1660 1293 1779 1347 πατρὶ

1127 1348 1357 1405 προσβάλῃ]
1429 1352 1625 1402 μηδεμίαν
1674 1349 1779 1401 ἄσην

1126 1408 1225 1445 hand
1262 1408 1372 1445 dubie
1404 1421 1490 1445 vera
1520 1412 1576 1445 est
1605 1407 1778 1444 librorum

1125 1463 1254 1511 lectio,
1284 1465 1381 1501 cuius
1398 1463 1476 1500 loco
1505 1477 1596 1500 unus
1616 1463 1777 1514 μηδεμί-

1128 1535 1177 1558 αν
1197 1517 1373 1571 βλάβην,
1404 1519 1584 1557 locutione
1605 1520 1777 1558 Herodo-

1125 1581 1185 1613 tea
1223 1577 1270 1613 ad
1308 1575 1492 1624 vulgarem
1540 1578 1778 1623 conformata,

1127 1632 1184 1669 alii
1206 1632 1401 1682 μηδεμίαν
1421 1627 1576 1683 βλάβην
1598 1627 1705 1683 οἷηόῆ
1720 1633 1778 1670 vel

1128 1689 1323 1739 μηὸεμίην
1345 1686 1448 1735 ἐίσην
1472 1684 1602 1740 ιῖηδῆς
1632 1689 1669 1725 iu
1698 1689 1780 1738 qui-

1127 1746 1194 1781 bus
1214 1745 1377 1782 omuibus
1393 1745 1632 1793 glossatorum
1649 1758 1777 1783 manus

1128 1801 1232 1838 facile
1253 1814 1439 1850 agnoscas.
1463 1802 1632 1850 Namque
1645 1801 1778 1839 Gram-

1128 1858 1247 1895 matici
1270 1859 1422 1895 Atticam
1445 1871 1569 1895 vocem
1593 1854 1696 1908 ἄσην
1717 1870 1779 1896 ex-

1128 1913 1263 1963 plicant
1291 1909 1458 1963 ιῖηδίιιν,
1488 1913 1621 1951 Latino
1641 1927 1780 1952 sermo—

1129 1983 1237 2008 mone
1261 1969 1417 2018 luctum,
1447 1970 1594 2007 dolorem
1620 1984 1663 2008 ac
1692 1984 1779 2021 pro-

1127 2027 1206 2076 prie
1233 2028 1380 2076 quidem
1412 2027 1547 2073 sordes,
1570 2027 1776 2077 fastidium.

1130 2082 1190 2119 'I'u
1220 2083 1319 2131 legas·
1350 2083 1435 2119 mihi
1462 2083 1646 2132 copiosam
1677 2083 1778 2120 Pier-

1129 2139 1209 2174 soni
1238 2140 1517 2188 disputationem
1546 2140 1594 2175 ad
1624 2138 1778 2176 Moerid.

1128 2207 1216 2244 pag.
1247 2197 1300 2235 60
1326 2207 1423 2243 seq.,
1451 2195 1488 2231 in
1516 2207 1588 2243 qua
1609 2195 1780 2233 Herodo-

1127 2255 1224 2287 teum
1262 2250 1379 2287 locum
1423 2263 1497 2287 non
1534 2251 1704 2300 neglexit.
1730 2274 1770 2279 —

1126 2302 1333 2360 προσβάλῃ
1369 2320 1448 2343 cum
1491 2307 1701 2345 Gaissordio
1735 2321 1778 2345 ex

1126 2363 1311 2399 meliorum
1347 2363 1520 2400 librorum
1566 2364 1778 2402 auctoritate

1125 2420 1370 2470 rescripsimus
1391 2433 1458 2469 pro
1472 2420 1568 2469 vulg.
1581 2417 1776 2471 προσβάλ-

1125 2477 1185 2529 λῃ.
1207 2496 1264 2503 -
1288 2476 1400 2519 Quod
1429 2477 1616 2527 praecedit
1636 2473 1776 2528 τρεφό-

1125 2546 1242 2583 μενος
1252 2538 1348 2570 recte
1359 2533 1551 2583 exponitur
1561 2545 1582 2569 a
1591 2533 1776 2583 Schwgh.:

1123 2588 1257 2635 „dum
1297 2588 1393 2638 apud
1425 2589 1583 2626 mulieres
1614 2589 1778 2628 educa-

1125 2648 1169 2681 tu
1184 2658 1200 2681 r
1213 2647 1340 2696 puer.“

1265 2729 1328 2767 ca
1339 2743 1375 2780 p.
1407 2728 1630 2767 cxxxvn.

1180 2811 1311 2853 Αἶνὲω
1340 2811 1412 2865 μέν
1452 2829 1527 2853 νυν
1556 2808 1673 2853 τόνδε
1706 2810 1776 2852 τόν
