<?xml version="1.0" encoding="UTF-8"?>
<!DOCTYPE html PUBLIC "-//W3C//DTD XHTML 1.0 Transitional//EN"
    "http://www.w3.org/TR/xhtml1/DTD/xhtml1-transitional.dtd">
<html xmlns="http://www.w3.org/1999/xhtml" xml:lang="en" lang="en">
 <head>
  <title>
</title>
<meta http-equiv="Content-Type" content="text/html;charset=utf-8" />
  <meta name='ocr-system' content='tesseract 3.04.00' />
  <meta name='ocr-capabilities' content='ocr_page ocr_carea ocr_par ocr_line ocrx_word'/>
</head>
<body>
  <div class='ocr_page' id='page_1' title='image "./musaeherodoto01hero/musaeherodoto01hero_0675.png"; bbox 0 0 1909 3228; ppageno 0'>
   <div class='ocr_carea' id='block_1_1' title="bbox 5 0 12 24">
    <p class='ocr_par' dir='ltr' id='par_1_1' title="bbox 5 0 12 24">
     <span class='ocr_line' id='line_1_1' title="bbox 5 0 12 24; baseline 0 0"><span class='ocrx_word' id='word_1_1' title='bbox 5 0 12 24; x_wconf 65' lang='grc' dir='ltr'>Ι</span> 
     </span>
    </p>
   </div>
   <div class='ocr_carea' id='block_1_2' title="bbox 565 220 1444 263">
    <p class='ocr_par' dir='ltr' id='par_1_2' title="bbox 565 220 1444 263">
     <span class='ocr_line' id='line_1_2' title="bbox 565 220 1444 263; baseline 0.007 -6"><span class='ocrx_word' id='word_1_2' title='bbox 565 220 989 259; x_wconf 86' lang='lat' dir='ltr'>EUTERPE.</span> <span class='ocrx_word' id='word_1_3' title='bbox 1041 222 1087 259; x_wconf 91' lang='lat'>11.</span> <span class='ocrx_word' id='word_1_4' title='bbox 1362 224 1444 263; x_wconf 80' lang='lat'>661</span> 
     </span>
    </p>
   </div>
   <div class='ocr_carea' id='block_1_3' title="bbox 184 327 1442 385">
    <p class='ocr_par' dir='ltr' id='par_1_3' title="bbox 184 327 1442 385">
     <span class='ocr_line' id='line_1_3' title="bbox 184 327 1442 385; baseline 0.001 -14"><span class='ocrx_word' id='word_1_5' title='bbox 184 344 251 372; x_wconf 87' lang='grc' dir='ltr'>τοι</span> <span class='ocrx_word' id='word_1_6' title='bbox 282 328 412 372; x_wconf 80' lang='grc' dir='ltr'><strong><em>ἔθνεα</em></strong></span> <span class='ocrx_word' id='word_1_7' title='bbox 442 327 610 384; x_wconf 84' lang='grc' dir='ltr'><strong><em>οὔνομα</em></strong></span> <span class='ocrx_word' id='word_1_8' title='bbox 640 329 738 384; x_wconf 74' lang='grc' dir='ltr'><strong><em>ἔχει,</em></strong></span> <span class='ocrx_word' id='word_1_9' title='bbox 780 329 1044 385; x_wconf 75' lang='grc' dir='ltr'><em>συμφέρεται</em></span> <span class='ocrx_word' id='word_1_10' title='bbox 1074 331 1120 375; x_wconf 82' lang='grc' dir='ltr'>δὲ</span> <span class='ocrx_word' id='word_1_11' title='bbox 1161 329 1300 380; x_wconf 83' lang='grc' dir='ltr'><strong><em>ωὐτὸς</em></strong></span> <span class='ocrx_word' id='word_1_12' title='bbox 1330 327 1442 373; x_wconf 82' lang='grc' dir='ltr'><strong><em>εἶναι</em></strong></span> 
     </span>
    </p>
   </div>
   <div class='ocr_carea' id='block_1_4' title="bbox 155 405 1442 463">
    <p class='ocr_par' dir='ltr' id='par_1_4' title="bbox 155 405 1442 463">
     <span class='ocr_line' id='line_1_4' title="bbox 155 405 1370 447; baseline -0.002 -24"><span class='ocrx_word' id='word_1_13' title='bbox 155 413 177 447; x_wconf 82' lang='lat'><strong>3</strong></span> <span class='ocrx_word' id='word_1_14' title='bbox 221 405 230 420; x_wconf 57' lang='lat' dir='ltr'>x</span> <span class='ocrx_word' id='word_1_15' title='bbox 324 406 372 423; x_wconf 67' lang='lat' dir='ltr'>ert</span> <span class='ocrx_word' id='word_1_16' title='bbox 629 410 636 423; x_wconf 72' lang='lat' dir='ltr'>r</span> <span class='ocrx_word' id='word_1_17' title='bbox 762 406 772 421; x_wconf 72' lang='lat'>9</span> <span class='ocrx_word' id='word_1_18' title='bbox 882 407 890 420; x_wconf 67' lang='grc' dir='ltr'><em>ι</em></span> <span class='ocrx_word' id='word_1_19' title='bbox 1091 408 1101 419; x_wconf 74' lang='grc' dir='ltr'>-ι</span> <span class='ocrx_word' id='word_1_20' title='bbox 1133 411 1143 426; x_wconf 87' lang='grc'><em>,</em></span> <span class='ocrx_word' id='word_1_21' title='bbox 1350 408 1370 421; x_wconf 70' lang='grc' dir='ltr'>ιν</span> 
     </span>
     <span class='ocr_line' id='line_1_5' title="bbox 186 411 1442 463; baseline 0.002 -14"><span class='ocrx_word' id='word_1_22' title='bbox 186 424 264 450; x_wconf 87' lang='grc' dir='ltr'>τον</span> <span class='ocrx_word' id='word_1_23' title='bbox 294 424 334 450; x_wconf 90' lang='grc' dir='ltr'>οι</span> <span class='ocrx_word' id='word_1_24' title='bbox 365 412 553 463; x_wconf 79' lang='grc' dir='ltr'><strong><em>Ελληνες</em></strong></span> <span class='ocrx_word' id='word_1_25' title='bbox 582 412 719 450; x_wconf 68' lang='grc' dir='ltr'><strong><em>Λινον</em></strong></span> <span class='ocrx_word' id='word_1_26' title='bbox 749 413 1037 463; x_wconf 76' lang='grc' dir='ltr'><strong><em>ονομαζοντες</em></strong></span> <span class='ocrx_word' id='word_1_27' title='bbox 1076 411 1286 454; x_wconf 81' lang='grc' dir='ltr'><strong><em>αειδουσι.</em></strong></span> <span class='ocrx_word' id='word_1_28' title='bbox 1335 421 1442 452; x_wconf 84' lang='grc' dir='ltr'><strong><em>ωστε</em></strong></span> 
     </span>
    </p>
   </div>
   <div class='ocr_carea' id='block_1_5' title="bbox 183 485 1443 544">
    <p class='ocr_par' dir='ltr' id='par_1_5' title="bbox 183 485 1443 544">
     <span class='ocr_line' id='line_1_6' title="bbox 183 485 1443 544; baseline 0.002 -16"><span class='ocrx_word' id='word_1_29' title='bbox 183 485 324 529; x_wconf 73' lang='grc' dir='ltr'><strong><em>πολλὰ</em></strong></span> <span class='ocrx_word' id='word_1_30' title='bbox 364 487 442 542; x_wconf 76' lang='grc' dir='ltr'>μὲν</span> <span class='ocrx_word' id='word_1_31' title='bbox 488 487 560 529; x_wconf 76' lang='grc' dir='ltr'>καὶ</span> <span class='ocrx_word' id='word_1_32' title='bbox 609 486 718 530; x_wconf 72' lang='grc' dir='ltr'>ἄλλα</span> <span class='ocrx_word' id='word_1_33' title='bbox 758 487 1089 544; x_wconf 74' lang='grc' dir='ltr'><strong><em>ἄποθωυμάζειν</em></strong></span> <span class='ocrx_word' id='word_1_34' title='bbox 1125 504 1177 544; x_wconf 87' lang='grc' dir='ltr'>με</span> <span class='ocrx_word' id='word_1_35' title='bbox 1215 492 1304 531; x_wconf 73' lang='grc' dir='ltr'>τῶν</span> <span class='ocrx_word' id='word_1_36' title='bbox 1343 489 1443 543; x_wconf 80' lang='grc' dir='ltr'><strong><em>περὶ</em></strong></span> 
     </span>
    </p>
   </div>
   <div class='ocr_carea' id='block_1_6' title="bbox 182 564 1442 622">
    <p class='ocr_par' dir='ltr' id='par_1_6' title="bbox 182 564 1442 622">
     <span class='ocr_line' id='line_1_7' title="bbox 182 564 1442 622; baseline 0.001 -14"><span class='ocrx_word' id='word_1_37' title='bbox 182 567 407 620; x_wconf 75' lang='grc' dir='ltr'><strong><em>Αἴγυπτον</em></strong></span> <span class='ocrx_word' id='word_1_38' title='bbox 437 566 619 616; x_wconf 79' lang='grc' dir='ltr'><strong><em>ἐόντων,</em></strong></span> <span class='ocrx_word' id='word_1_39' title='bbox 663 567 709 609; x_wconf 77' lang='grc' dir='ltr'>ἐν</span> <span class='ocrx_word' id='word_1_40' title='bbox 740 566 784 609; x_wconf 72' lang='grc' dir='ltr'>δὲ</span> <span class='ocrx_word' id='word_1_41' title='bbox 816 566 867 622; x_wconf 74' lang='grc' dir='ltr'>δὴ</span> <span class='ocrx_word' id='word_1_42' title='bbox 897 568 967 610; x_wconf 84' lang='grc' dir='ltr'>καὶ</span> <span class='ocrx_word' id='word_1_43' title='bbox 1008 567 1085 611; x_wconf 81' lang='grc' dir='ltr'>τόν</span> <span class='ocrx_word' id='word_1_44' title='bbox 1114 569 1252 611; x_wconf 85' lang='grc' dir='ltr'><strong><em>Λίνον</em></strong></span> <span class='ocrx_word' id='word_1_45' title='bbox 1281 564 1442 610; x_wconf 76' lang='grc' dir='ltr'><strong><em>ὁκόθεν</em></strong></span> 
     </span>
    </p>
   </div>
   <div class='ocr_carea' id='block_1_7' title="bbox 182 643 1496 701">
    <p class='ocr_par' dir='ltr' id='par_1_7' title="bbox 182 643 1496 701">
     <span class='ocr_line' id='line_1_8' title="bbox 182 643 1496 701; baseline -0.001 -14"><span class='ocrx_word' id='word_1_46' title='bbox 182 644 363 700; x_wconf 75' lang='grc' dir='ltr'><strong><em>ἔλαβον·</em></strong></span> <span class='ocrx_word' id='word_1_47' title='bbox 412 647 644 701; x_wconf 82' lang='grc' dir='ltr'><strong><em>φαίνονται</em></strong></span> <span class='ocrx_word' id='word_1_48' title='bbox 684 645 728 688; x_wconf 79' lang='grc' dir='ltr'>ὁὲ</span> <span class='ocrx_word' id='word_1_49' title='bbox 768 643 835 688; x_wconf 65' lang='lat' dir='ltr'>dei</span> <span class='ocrx_word' id='word_1_50' title='bbox 871 662 969 690; x_wconf 79' lang='grc' dir='ltr'><strong><em>κοτε</em></strong></span> <span class='ocrx_word' id='word_1_51' title='bbox 1010 650 1171 689; x_wconf 82' lang='grc' dir='ltr'><strong><em>τοῦτον</em></strong></span> <span class='ocrx_word' id='word_1_52' title='bbox 1211 644 1496 697; x_wconf 77' lang='grc' dir='ltr'><strong><em>ἄείδοντες.75</em></strong></span> 
     </span>
    </p>
   </div>
   <div class='ocr_carea' id='block_1_8' title="bbox 152 724 1437 782">
    <p class='ocr_par' dir='ltr' id='par_1_8' title="bbox 152 724 1437 782">
     <span class='ocr_line' id='line_1_9' title="bbox 152 724 1437 782; baseline 0.001 -16"><span class='ocrx_word' id='word_1_53' title='bbox 152 724 274 767; x_wconf 75' lang='grc' dir='ltr'>4ἒστι</span> <span class='ocrx_word' id='word_1_54' title='bbox 311 724 355 767; x_wconf 80' lang='grc' dir='ltr'>δὲ</span> <span class='ocrx_word' id='word_1_55' title='bbox 384 725 638 780; x_wconf 76' lang='grc' dir='ltr'><em>Αἰγυπτιστὶ</em></span> <span class='ocrx_word' id='word_1_56' title='bbox 676 724 699 768; x_wconf 88' lang='grc' dir='ltr'>ὁ</span> <span class='ocrx_word' id='word_1_57' title='bbox 737 726 872 776; x_wconf 82' lang='grc' dir='ltr'><em>Λίνος</em></span> <span class='ocrx_word' id='word_1_58' title='bbox 910 724 1172 782; x_wconf 79' lang='grc' dir='ltr'><strong><em>καλεύμενος</em></strong></span> <span class='ocrx_word' id='word_1_59' title='bbox 1209 725 1437 781; x_wconf 79' lang='grc' dir='ltr'><strong><em>Μανέρως.</em></strong></span> 
     </span>
    </p>
   </div>
   <div class='ocr_carea' id='block_1_9' title="bbox 107 951 772 2914">
    <p class='ocr_par' dir='ltr' id='par_1_9' title="bbox 112 951 772 1791">
     <span class='ocr_line' id='line_1_10' title="bbox 179 951 772 1006; baseline -0.002 -12"><span class='ocrx_word' id='word_1_60' title='bbox 179 953 418 1006; x_wconf 76' lang='grc' dir='ltr'><strong><em>συμφέρεται</em></strong></span> <span class='ocrx_word' id='word_1_61' title='bbox 437 952 479 993; x_wconf 77' lang='grc' dir='ltr'>δὲ</span> <span class='ocrx_word' id='word_1_62' title='bbox 507 951 626 1001; x_wconf 76' lang='grc' dir='ltr'><strong><em>ωὐτὸς</em></strong></span> <span class='ocrx_word' id='word_1_63' title='bbox 655 951 772 1006; x_wconf 79' lang='grc' dir='ltr'><strong><em>εἶναι]</em></strong></span> 
     </span>
     <span class='ocr_line' id='line_1_11' title="bbox 120 1012 771 1059; baseline 0.003 -12"><span class='ocrx_word' id='word_1_64' title='bbox 120 1012 142 1048; x_wconf 87' lang='lat' dir='ltr'>i.</span> <span class='ocrx_word' id='word_1_65' title='bbox 164 1025 194 1049; x_wconf 88' lang='lat' dir='ltr'>e.</span> <span class='ocrx_word' id='word_1_66' title='bbox 226 1015 389 1059; x_wconf 65' lang='lat' dir='ltr'>congruit</span> <span class='ocrx_word' id='word_1_67' title='bbox 408 1025 485 1048; x_wconf 77' lang='lat' dir='ltr'>vero</span> <span class='ocrx_word' id='word_1_68' title='bbox 510 1015 581 1059; x_wconf 76' lang='lat' dir='ltr'>ita,</span> <span class='ocrx_word' id='word_1_69' title='bbox 612 1015 652 1048; x_wconf 77' lang='lat' dir='ltr'>ut</span> <span class='ocrx_word' id='word_1_70' title='bbox 682 1012 771 1049; x_wconf 75' lang='lat' dir='ltr'>idem</span> 
     </span>
     <span class='ocr_line' id='line_1_12' title="bbox 118 1068 770 1116; baseline 0.003 -13"><span class='ocrx_word' id='word_1_71' title='bbox 118 1068 178 1104; x_wconf 75' lang='lat' dir='ltr'>ille</span> <span class='ocrx_word' id='word_1_72' title='bbox 205 1071 250 1104; x_wconf 67' lang='lat' dir='ltr'>stt</span> <span class='ocrx_word' id='word_1_73' title='bbox 271 1068 423 1116; x_wconf 70' lang='lat' dir='ltr'>(Linus)</span> <span class='ocrx_word' id='word_1_74' title='bbox 449 1074 513 1106; x_wconf 89' lang='lat' dir='ltr'>etc.</span> <span class='ocrx_word' id='word_1_75' title='bbox 574 1069 645 1105; x_wconf 83' lang='lat' dir='ltr'>Ubi</span> <span class='ocrx_word' id='word_1_76' title='bbox 676 1074 770 1116; x_wconf 84' lang='lat' dir='ltr'>sunt,</span> 
     </span>
     <span class='ocr_line' id='line_1_13' title="bbox 119 1121 771 1173; baseline 0.003 -13"><span class='ocrx_word' id='word_1_77' title='bbox 119 1125 181 1173; x_wconf 87' lang='lat' dir='ltr'>qui</span> <span class='ocrx_word' id='word_1_78' title='bbox 200 1121 296 1162; x_wconf 70' lang='grc' dir='ltr'><strong><em>ὥστε</em></strong></span> <span class='ocrx_word' id='word_1_79' title='bbox 323 1131 407 1162; x_wconf 83' lang='lat' dir='ltr'>ante</span> <span class='ocrx_word' id='word_1_80' title='bbox 431 1126 643 1161; x_wconf 77' lang='lat' dir='ltr'>infinitivum</span> <span class='ocrx_word' id='word_1_81' title='bbox 664 1127 771 1162; x_wconf 81' lang='lat' dir='ltr'>omis-</span> 
     </span>
     <span class='ocr_line' id='line_1_14' title="bbox 120 1182 771 1229; baseline 0.002 -12"><span class='ocrx_word' id='word_1_82' title='bbox 120 1194 198 1217; x_wconf 86' lang='lat' dir='ltr'>sum</span> <span class='ocrx_word' id='word_1_83' title='bbox 220 1194 300 1218; x_wconf 85' lang='lat' dir='ltr'>esse</span> <span class='ocrx_word' id='word_1_84' title='bbox 324 1186 501 1226; x_wconf 77' lang='lat' dir='ltr'>statuant,</span> <span class='ocrx_word' id='word_1_85' title='bbox 533 1182 771 1229; x_wconf 83' lang='lat' dir='ltr'>quemadmo-</span> 
     </span>
     <span class='ocr_line' id='line_1_15' title="bbox 119 1237 768 1283; baseline 0 -10"><span class='ocrx_word' id='word_1_86' title='bbox 119 1238 205 1273; x_wconf 85' lang='lat' dir='ltr'>dum</span> <span class='ocrx_word' id='word_1_87' title='bbox 223 1237 257 1283; x_wconf 87' lang='lat' dir='ltr'>I,</span> <span class='ocrx_word' id='word_1_88' title='bbox 282 1239 354 1283; x_wconf 84' lang='lat'>13,</span> <span class='ocrx_word' id='word_1_89' title='bbox 386 1238 445 1273; x_wconf 83' lang='lat' dir='ltr'>ubi</span> <span class='ocrx_word' id='word_1_90' title='bbox 467 1238 538 1273; x_wconf 77' lang='lat' dir='ltr'>vid.</span> <span class='ocrx_word' id='word_1_91' title='bbox 561 1242 652 1274; x_wconf 85' lang='lat' dir='ltr'>nott.</span> <span class='ocrx_word' id='word_1_92' title='bbox 710 1238 768 1276; x_wconf 89' lang='lat' dir='ltr'>De</span> 
     </span>
     <span class='ocr_line' id='line_1_16' title="bbox 117 1293 767 1331; baseline 0.002 -2"><span class='ocrx_word' id='word_1_93' title='bbox 117 1299 243 1329; x_wconf 88' lang='lat' dir='ltr'>nostro</span> <span class='ocrx_word' id='word_1_94' title='bbox 260 1293 338 1329; x_wconf 89' lang='lat' dir='ltr'>loco</span> <span class='ocrx_word' id='word_1_95' title='bbox 363 1295 454 1330; x_wconf 84' lang='lat' dir='ltr'>conf.</span> <span class='ocrx_word' id='word_1_96' title='bbox 476 1294 607 1330; x_wconf 75' lang='lat' dir='ltr'>Matth.</span> <span class='ocrx_word' id='word_1_97' title='bbox 625 1294 688 1330; x_wconf 92' lang='lat' dir='ltr'>Gr.</span> <span class='ocrx_word' id='word_1_98' title='bbox 702 1294 767 1331; x_wconf 91' lang='lat' dir='ltr'>Gr.</span> 
     </span>
     <span class='ocr_line' id='line_1_17' title="bbox 116 1349 769 1400; baseline 0.005 -15"><span class='ocrx_word' id='word_1_99' title='bbox 116 1362 202 1400; x_wconf 87' lang='lat' dir='ltr'>pag.</span> <span class='ocrx_word' id='word_1_100' title='bbox 225 1349 343 1390; x_wconf 78' lang='lat'>1040.</span> <span class='ocrx_word' id='word_1_101' title='bbox 360 1371 416 1376; x_wconf 54' lang='grc'>»-</span> <span class='ocrx_word' id='word_1_102' title='bbox 430 1351 489 1386; x_wconf 76' lang='lat' dir='ltr'>Ad</span> <span class='ocrx_word' id='word_1_103' title='bbox 507 1351 653 1386; x_wconf 79' lang='lat' dir='ltr'>verbum</span> <span class='ocrx_word' id='word_1_104' title='bbox 673 1362 769 1399; x_wconf 83' lang='grc' dir='ltr'><strong><em>συμ-</em></strong></span> 
     </span>
     <span class='ocr_line' id='line_1_18' title="bbox 116 1405 768 1456; baseline -0.002 -13"><span class='ocrx_word' id='word_1_105' title='bbox 116 1405 311 1456; x_wconf 76' lang='grc' dir='ltr'><strong><em>φέρεσθαι</em></strong></span> <span class='ocrx_word' id='word_1_106' title='bbox 336 1407 430 1442; x_wconf 84' lang='lat' dir='ltr'>conf.</span> <span class='ocrx_word' id='word_1_107' title='bbox 452 1406 507 1452; x_wconf 85' lang='grc' dir='ltr'>ΙΙ,</span> <span class='ocrx_word' id='word_1_108' title='bbox 528 1409 593 1447; x_wconf 89' lang='grc'>80.</span> <span class='ocrx_word' id='word_1_109' title='bbox 652 1406 768 1442; x_wconf 72' lang='lat' dir='ltr'>Notat</span> 
     </span>
     <span class='ocr_line' id='line_1_19' title="bbox 114 1461 766 1511; baseline 0.002 -13"><span class='ocrx_word' id='word_1_110' title='bbox 114 1461 149 1499; x_wconf 87' lang='lat' dir='ltr'>h.</span> <span class='ocrx_word' id='word_1_111' title='bbox 179 1462 201 1498; x_wconf 92' lang='lat' dir='ltr'>l.</span> <span class='ocrx_word' id='word_1_112' title='bbox 237 1463 369 1498; x_wconf 76' lang='lat' dir='ltr'>Struve</span> <span class='ocrx_word' id='word_1_113' title='bbox 407 1475 503 1511; x_wconf 85' lang='lat' dir='ltr'>spec.</span> <span class='ocrx_word' id='word_1_114' title='bbox 541 1466 679 1510; x_wconf 89' lang='lat' dir='ltr'>quaest.</span> <span class='ocrx_word' id='word_1_115' title='bbox 719 1462 766 1499; x_wconf 87' lang='lat' dir='ltr'>de</span> 
     </span>
     <span class='ocr_line' id='line_1_20' title="bbox 112 1518 764 1567; baseline -0.002 -12"><span class='ocrx_word' id='word_1_116' title='bbox 112 1518 196 1555; x_wconf 87' lang='lat' dir='ltr'>dial.</span> <span class='ocrx_word' id='word_1_117' title='bbox 218 1518 357 1555; x_wconf 88' lang='lat' dir='ltr'>Herod.</span> <span class='ocrx_word' id='word_1_118' title='bbox 393 1531 429 1567; x_wconf 86' lang='lat' dir='ltr'>p.</span> <span class='ocrx_word' id='word_1_119' title='bbox 452 1521 503 1559; x_wconf 79' lang='lat'>26</span> <span class='ocrx_word' id='word_1_120' title='bbox 518 1547 528 1564; x_wconf 92' lang='lat'>‚</span> <span class='ocrx_word' id='word_1_121' title='bbox 564 1522 603 1554; x_wconf 89' lang='lat' dir='ltr'>ut</span> <span class='ocrx_word' id='word_1_122' title='bbox 625 1519 662 1554; x_wconf 89' lang='lat' dir='ltr'>in</span> <span class='ocrx_word' id='word_1_123' title='bbox 691 1531 764 1566; x_wconf 91' lang='lat' dir='ltr'>quo</span> 
     </span>
     <span class='ocr_line' id='line_1_21' title="bbox 112 1570 766 1625; baseline -0.002 -14"><span class='ocrx_word' id='word_1_124' title='bbox 112 1579 198 1625; x_wconf 90' lang='lat' dir='ltr'>post</span> <span class='ocrx_word' id='word_1_125' title='bbox 219 1570 341 1620; x_wconf 82' lang='grc' dir='ltr'><strong><em>ωὐτὸς</em></strong></span> <span class='ocrx_word' id='word_1_126' title='bbox 367 1573 454 1618; x_wconf 84' lang='grc' dir='ltr'><strong><em>καὶ,</em></strong></span> <span class='ocrx_word' id='word_1_127' title='bbox 494 1575 594 1623; x_wconf 89' lang='lat' dir='ltr'>quod</span> <span class='ocrx_word' id='word_1_128' title='bbox 622 1576 658 1611; x_wconf 90' lang='lat' dir='ltr'>in</span> <span class='ocrx_word' id='word_1_129' title='bbox 686 1574 766 1611; x_wconf 90' lang='lat' dir='ltr'>tali-</span> 
     </span>
     <span class='ocr_line' id='line_1_22' title="bbox 112 1631 765 1681; baseline -0.003 -13"><span class='ocrx_word' id='word_1_130' title='bbox 112 1631 179 1668; x_wconf 85' lang='lat' dir='ltr'>bus</span> <span class='ocrx_word' id='word_1_131' title='bbox 206 1631 293 1681; x_wconf 90' lang='lat' dir='ltr'>poni</span> <span class='ocrx_word' id='word_1_132' title='bbox 320 1631 455 1678; x_wconf 80' lang='lat' dir='ltr'><strong>soleat,</strong></span> <span class='ocrx_word' id='word_1_133' title='bbox 486 1631 582 1668; x_wconf 86' lang='lat' dir='ltr'>desit</span> <span class='ocrx_word' id='word_1_134' title='bbox 615 1635 651 1668; x_wconf 90' lang='lat' dir='ltr'>et</span> <span class='ocrx_word' id='word_1_135' title='bbox 680 1631 765 1667; x_wconf 90' lang='lat' dir='ltr'>sim-</span> 
     </span>
     <span class='ocr_line' id='line_1_23' title="bbox 112 1686 765 1737; baseline 0 -14"><span class='ocrx_word' id='word_1_136' title='bbox 112 1687 196 1737; x_wconf 82' lang='lat' dir='ltr'>plici</span> <span class='ocrx_word' id='word_1_137' title='bbox 225 1687 429 1737; x_wconf 86' lang='lat' dir='ltr'>pronomini</span> <span class='ocrx_word' id='word_1_138' title='bbox 464 1691 604 1723; x_wconf 84' lang='lat' dir='ltr'>tantum</span> <span class='ocrx_word' id='word_1_139' title='bbox 634 1688 679 1724; x_wconf 89' lang='lat' dir='ltr'>sit</span> <span class='ocrx_word' id='word_1_140' title='bbox 710 1686 765 1723; x_wconf 91' lang='lat' dir='ltr'>lo-</span> 
     </span>
     <span class='ocr_line' id='line_1_24' title="bbox 112 1743 590 1791; baseline 0 -11"><span class='ocrx_word' id='word_1_141' title='bbox 112 1757 198 1791; x_wconf 89' lang='lat' dir='ltr'>cus,</span> <span class='ocrx_word' id='word_1_142' title='bbox 229 1748 268 1780; x_wconf 89' lang='lat' dir='ltr'>ut</span> <span class='ocrx_word' id='word_1_143' title='bbox 287 1743 332 1790; x_wconf 80' lang='lat' dir='ltr'>V,</span> <span class='ocrx_word' id='word_1_144' title='bbox 350 1745 414 1784; x_wconf 86' lang='lat'>88.</span> <span class='ocrx_word' id='word_1_145' title='bbox 445 1743 534 1789; x_wconf 71' lang='lat' dir='ltr'>VH,</span> <span class='ocrx_word' id='word_1_146' title='bbox 554 1745 590 1783; x_wconf 89' lang='lat'>6.</span> 
     </span>
    </p>

    <p class='ocr_par' dir='ltr' id='par_1_10' title="bbox 108 1795 762 2244">
     <span class='ocr_line' id='line_1_25' title="bbox 170 1795 762 1849; baseline 0.002 -12"><span class='ocrx_word' id='word_1_147' title='bbox 170 1799 212 1838; x_wconf 82' lang='grc' dir='ltr'>ἐν</span> <span class='ocrx_word' id='word_1_148' title='bbox 233 1797 273 1837; x_wconf 81' lang='grc' dir='ltr'>δὲ</span> <span class='ocrx_word' id='word_1_149' title='bbox 293 1796 342 1849; x_wconf 75' lang='grc' dir='ltr'>δή</span> <span class='ocrx_word' id='word_1_150' title='bbox 368 1798 434 1837; x_wconf 79' lang='grc' dir='ltr'>καὶ</span> <span class='ocrx_word' id='word_1_151' title='bbox 455 1795 521 1837; x_wconf 83' lang='grc' dir='ltr'>τὸν</span> <span class='ocrx_word' id='word_1_152' title='bbox 538 1799 668 1838; x_wconf 85' lang='grc' dir='ltr'><strong><em>Λίνον</em></strong></span> <span class='ocrx_word' id='word_1_153' title='bbox 680 1795 762 1838; x_wconf 52' lang='lat'><strong>‹356-</strong></span> 
     </span>
     <span class='ocr_line' id='line_1_26' title="bbox 111 1854 761 1905; baseline -0.002 -12"><span class='ocrx_word' id='word_1_154' title='bbox 111 1859 187 1893; x_wconf 80' lang='grc' dir='ltr'>θεν</span> <span class='ocrx_word' id='word_1_155' title='bbox 208 1854 372 1905; x_wconf 74' lang='grc' dir='ltr'><strong><em>ἔλαβον]</em></strong></span> <span class='ocrx_word' id='word_1_156' title='bbox 406 1855 515 1898; x_wconf 89' lang='lat' dir='ltr'>Quod</span> <span class='ocrx_word' id='word_1_157' title='bbox 535 1855 631 1892; x_wconf 89' lang='lat' dir='ltr'>hisce</span> <span class='ocrx_word' id='word_1_158' title='bbox 653 1856 761 1904; x_wconf 66' lang='lat' dir='ltr'>vulgo</span> 
     </span>
     <span class='ocr_line' id='line_1_27' title="bbox 113 1908 762 1962; baseline 0.003 -14"><span class='ocrx_word' id='word_1_159' title='bbox 113 1912 314 1949; x_wconf 84' lang='lat' dir='ltr'>adnectitur</span> <span class='ocrx_word' id='word_1_160' title='bbox 338 1911 549 1948; x_wconf 86' lang='lat' dir='ltr'>vocabulum</span> <span class='ocrx_word' id='word_1_161' title='bbox 573 1908 762 1962; x_wconf 79' lang='grc' dir='ltr'><strong><em>τοῦνομα,</em></strong></span> 
     </span>
     <span class='ocr_line' id='line_1_28' title="bbox 111 1967 761 2019; baseline 0.002 -15"><span class='ocrx_word' id='word_1_162' title='bbox 111 1969 350 2016; x_wconf 87' lang='lat' dir='ltr'>omnibusque</span> <span class='ocrx_word' id='word_1_163' title='bbox 397 1968 434 2003; x_wconf 90' lang='lat' dir='ltr'>in</span> <span class='ocrx_word' id='word_1_164' title='bbox 473 1967 571 2003; x_wconf 87' lang='lat' dir='ltr'>libris</span> <span class='ocrx_word' id='word_1_165' title='bbox 622 1969 761 2019; x_wconf 85' lang='lat' dir='ltr'>scriptis</span> 
     </span>
     <span class='ocr_line' id='line_1_29' title="bbox 111 2025 760 2074; baseline 0 -13"><span class='ocrx_word' id='word_1_166' title='bbox 111 2029 316 2074; x_wconf 87' lang='lat' dir='ltr'>comparet,</span> <span class='ocrx_word' id='word_1_167' title='bbox 353 2025 428 2060; x_wconf 90' lang='lat' dir='ltr'>iure</span> <span class='ocrx_word' id='word_1_168' title='bbox 470 2036 565 2059; x_wconf 90' lang='lat' dir='ltr'>nunc</span> <span class='ocrx_word' id='word_1_169' title='bbox 602 2025 760 2073; x_wconf 85' lang='lat' dir='ltr'>priorum</span> 
     </span>
     <span class='ocr_line' id='line_1_30' title="bbox 112 2079 759 2118; baseline 0 -1"><span class='ocrx_word' id='word_1_170' title='bbox 112 2082 293 2118; x_wconf 88' lang='lat' dir='ltr'>editorum</span> <span class='ocrx_word' id='word_1_171' title='bbox 330 2080 469 2116; x_wconf 88' lang='lat' dir='ltr'>monitu</span> <span class='ocrx_word' id='word_1_172' title='bbox 507 2079 663 2116; x_wconf 86' lang='lat' dir='ltr'>deletum</span> <span class='ocrx_word' id='word_1_173' title='bbox 694 2086 759 2118; x_wconf 93' lang='lat' dir='ltr'>est.</span> 
     </span>
     <span class='ocr_line' id='line_1_31' title="bbox 108 2133 759 2186; baseline 0 -12"><span class='ocrx_word' id='word_1_174' title='bbox 108 2136 168 2174; x_wconf 90' lang='lat' dir='ltr'>De</span> <span class='ocrx_word' id='word_1_175' title='bbox 199 2136 241 2175; x_wconf 82' lang='grc' dir='ltr'>ἐν</span> <span class='ocrx_word' id='word_1_176' title='bbox 276 2133 317 2174; x_wconf 80' lang='grc' dir='ltr'>δὲ</span> <span class='ocrx_word' id='word_1_177' title='bbox 351 2133 401 2186; x_wconf 74' lang='grc' dir='ltr'>δή</span> <span class='ocrx_word' id='word_1_178' title='bbox 424 2134 490 2174; x_wconf 78' lang='grc' dir='ltr'>καὶ</span> <span class='ocrx_word' id='word_1_179' title='bbox 522 2138 614 2173; x_wconf 89' lang='lat' dir='ltr'>conf.</span> <span class='ocrx_word' id='word_1_180' title='bbox 637 2137 759 2186; x_wconf 70' lang='lat' dir='ltr'>Viget.</span> 
     </span>
     <span class='ocr_line' id='line_1_32' title="bbox 109 2193 308 2244; baseline -0.005 -14"><span class='ocrx_word' id='word_1_181' title='bbox 109 2206 195 2244; x_wconf 90' lang='lat' dir='ltr'>pag.</span> <span class='ocrx_word' id='word_1_182' title='bbox 218 2193 308 2234; x_wconf 88' lang='lat'><strong>175.</strong></span> 
     </span>
    </p>

    <p class='ocr_par' dir='ltr' id='par_1_11' title="bbox 107 2246 761 2914">
     <span class='ocr_line' id='line_1_33' title="bbox 167 2246 761 2301; baseline 0.002 -14"><span class='ocrx_word' id='word_1_183' title='bbox 167 2248 246 2288; x_wconf 77' lang='grc' dir='ltr'><em>ἔστι</em></span> <span class='ocrx_word' id='word_1_184' title='bbox 273 2247 315 2287; x_wconf 79' lang='grc' dir='ltr'>δὲ</span> <span class='ocrx_word' id='word_1_185' title='bbox 334 2247 569 2301; x_wconf 76' lang='grc' dir='ltr'><em>Αἰγυπτιστὶ</em></span> <span class='ocrx_word' id='word_1_186' title='bbox 596 2246 761 2295; x_wconf 83' lang='grc' dir='ltr'><strong><em>ὅΛίνος</em></strong></span> 
     </span>
     <span class='ocr_line' id='line_1_34' title="bbox 108 2301 760 2355; baseline 0 -12"><span class='ocrx_word' id='word_1_187' title='bbox 108 2301 350 2355; x_wconf 74' lang='grc' dir='ltr'><strong><em>καλεύμενος</em></strong></span> <span class='ocrx_word' id='word_1_188' title='bbox 375 2303 598 2355; x_wconf 77' lang='grc' dir='ltr'><strong><em>Μανέρως]</em></strong></span> <span class='ocrx_word' id='word_1_189' title='bbox 638 2305 760 2354; x_wconf 73' lang='lat' dir='ltr'>Aegy-</span> 
     </span>
     <span class='ocr_line' id='line_1_35' title="bbox 107 2361 760 2412; baseline -0.002 -14"><span class='ocrx_word' id='word_1_190' title='bbox 107 2363 267 2412; x_wconf 88' lang='lat' dir='ltr'>ptiorum</span> <span class='ocrx_word' id='word_1_191' title='bbox 289 2362 394 2409; x_wconf 88' lang='lat' dir='ltr'>Lini,</span> <span class='ocrx_word' id='word_1_192' title='bbox 424 2364 485 2411; x_wconf 86' lang='lat' dir='ltr'>qui</span> <span class='ocrx_word' id='word_1_193' title='bbox 512 2361 684 2398; x_wconf 85' lang='lat' dir='ltr'>Maneros</span> <span class='ocrx_word' id='word_1_194' title='bbox 705 2363 760 2398; x_wconf 82' lang='lat' dir='ltr'>di-</span> 
     </span>
     <span class='ocr_line' id='line_1_36' title="bbox 109 2418 759 2463; baseline 0.002 -9"><span class='ocrx_word' id='word_1_195' title='bbox 109 2423 230 2463; x_wconf 87' lang='lat' dir='ltr'>catur,</span> <span class='ocrx_word' id='word_1_196' title='bbox 260 2418 423 2454; x_wconf 81' lang='lat' dir='ltr'>meminit</span> <span class='ocrx_word' id='word_1_197' title='bbox 444 2418 624 2455; x_wconf 79' lang='lat' dir='ltr'>Plutarch.</span> <span class='ocrx_word' id='word_1_198' title='bbox 647 2419 690 2454; x_wconf 90' lang='lat' dir='ltr'>de</span> <span class='ocrx_word' id='word_1_199' title='bbox 713 2418 759 2455; x_wconf 90' lang='lat' dir='ltr'>Is.</span> 
     </span>
     <span class='ocr_line' id='line_1_37' title="bbox 110 2472 759 2523; baseline 0 -13"><span class='ocrx_word' id='word_1_200' title='bbox 110 2479 147 2510; x_wconf 81' lang='lat' dir='ltr'>et</span> <span class='ocrx_word' id='word_1_201' title='bbox 169 2474 265 2510; x_wconf 90' lang='lat' dir='ltr'>Osir.</span> <span class='ocrx_word' id='word_1_202' title='bbox 286 2472 322 2523; x_wconf 53' lang='grc' dir='ltr'>ᾗ.</span> <span class='ocrx_word' id='word_1_203' title='bbox 349 2476 398 2514; x_wconf 88' lang='grc'>18</span> <span class='ocrx_word' id='word_1_204' title='bbox 429 2488 464 2523; x_wconf 88' lang='lat' dir='ltr'>p.</span> <span class='ocrx_word' id='word_1_205' title='bbox 489 2475 569 2514; x_wconf 83' lang='lat'>357</span> <span class='ocrx_word' id='word_1_206' title='bbox 587 2474 646 2510; x_wconf 87' lang='lat' dir='ltr'>fin.</span> <span class='ocrx_word' id='word_1_207' title='bbox 679 2474 759 2520; x_wconf 81' lang='lat' dir='ltr'>(nbi</span> 
     </span>
     <span class='ocr_line' id='line_1_38' title="bbox 112 2528 756 2578; baseline 0.002 -13"><span class='ocrx_word' id='word_1_208' title='bbox 112 2528 142 2565; x_wconf 89' lang='lat' dir='ltr'><em>C</em></span> <span class='ocrx_word' id='word_1_209' title='bbox 152 2542 178 2565; x_wconf 78' lang='lat' dir='ltr'>r.</span> <span class='ocrx_word' id='word_1_210' title='bbox 211 2529 345 2565; x_wconf 87' lang='lat' dir='ltr'>consuli</span> <span class='ocrx_word' id='word_1_211' title='bbox 383 2530 455 2566; x_wconf 82' lang='lat' dir='ltr'>vult</span> <span class='ocrx_word' id='word_1_212' title='bbox 504 2531 756 2578; x_wconf 71' lang='lat' dir='ltr'>wyttenbaeh.</span> 
     </span>
     <span class='ocr_line' id='line_1_39' title="bbox 108 2586 758 2633; baseline 0.003 -12"><span class='ocrx_word' id='word_1_213' title='bbox 108 2590 184 2621; x_wconf 89' lang='lat' dir='ltr'>not.</span> <span class='ocrx_word' id='word_1_214' title='bbox 204 2598 289 2633; x_wconf 87' lang='lat' dir='ltr'>pag.</span> <span class='ocrx_word' id='word_1_215' title='bbox 316 2587 425 2632; x_wconf 84' lang='lat'>193).</span> <span class='ocrx_word' id='word_1_216' title='bbox 461 2586 682 2623; x_wconf 87' lang='lat' dir='ltr'>Phoenicum</span> <span class='ocrx_word' id='word_1_217' title='bbox 700 2599 758 2623; x_wconf 85' lang='lat' dir='ltr'>re—</span> 
     </span>
     <span class='ocr_line' id='line_1_40' title="bbox 110 2641 757 2689; baseline 0.002 -13"><span class='ocrx_word' id='word_1_218' title='bbox 110 2642 166 2688; x_wconf 89' lang='lat' dir='ltr'>gis</span> <span class='ocrx_word' id='word_1_219' title='bbox 184 2641 292 2676; x_wconf 83' lang='lat' dir='ltr'>filium</span> <span class='ocrx_word' id='word_1_220' title='bbox 310 2642 420 2678; x_wconf 87' lang='lat' dir='ltr'>fuisse</span> <span class='ocrx_word' id='word_1_221' title='bbox 440 2642 579 2687; x_wconf 81' lang='lat' dir='ltr'>scribit,</span> <span class='ocrx_word' id='word_1_222' title='bbox 607 2643 668 2689; x_wconf 89' lang='lat' dir='ltr'>qui</span> <span class='ocrx_word' id='word_1_223' title='bbox 691 2642 757 2678; x_wconf 89' lang='lat' dir='ltr'>Isi-</span> 
     </span>
     <span class='ocr_line' id='line_1_41' title="bbox 109 2697 757 2745; baseline 0.002 -13"><span class='ocrx_word' id='word_1_224' title='bbox 109 2697 168 2743; x_wconf 89' lang='lat' dir='ltr'>di,</span> <span class='ocrx_word' id='word_1_225' title='bbox 207 2697 326 2733; x_wconf 87' lang='lat' dir='ltr'>mariti</span> <span class='ocrx_word' id='word_1_226' title='bbox 363 2697 497 2733; x_wconf 86' lang='lat' dir='ltr'>obitum</span> <span class='ocrx_word' id='word_1_227' title='bbox 526 2697 663 2745; x_wconf 88' lang='lat' dir='ltr'>lugenti</span> <span class='ocrx_word' id='word_1_228' title='bbox 692 2699 757 2733; x_wconf 90' lang='lat' dir='ltr'>ad-</span> 
     </span>
     <span class='ocr_line' id='line_1_42' title="bbox 110 2752 756 2802; baseline 0 -13"><span class='ocrx_word' id='word_1_229' title='bbox 110 2758 231 2798; x_wconf 82' lang='lat' dir='ltr'>stans,</span> <span class='ocrx_word' id='word_1_230' title='bbox 261 2752 338 2801; x_wconf 85' lang='lat' dir='ltr'>ipse</span> <span class='ocrx_word' id='word_1_231' title='bbox 357 2766 444 2802; x_wconf 89' lang='lat' dir='ltr'>prae</span> <span class='ocrx_word' id='word_1_232' title='bbox 465 2753 588 2789; x_wconf 89' lang='lat' dir='ltr'>dolore</span> <span class='ocrx_word' id='word_1_233' title='bbox 608 2754 756 2800; x_wconf 81' lang='lat' dir='ltr'>obierit3</span> 
     </span>
     <span class='ocr_line' id='line_1_43' title="bbox 109 2809 756 2858; baseline 0.005 -14"><span class='ocrx_word' id='word_1_234' title='bbox 109 2809 207 2845; x_wconf 89' lang='lat' dir='ltr'>unde</span> <span class='ocrx_word' id='word_1_235' title='bbox 222 2809 292 2844; x_wconf 89' lang='lat' dir='ltr'>iam</span> <span class='ocrx_word' id='word_1_236' title='bbox 310 2822 377 2857; x_wconf 81' lang='lat' dir='ltr'>per</span> <span class='ocrx_word' id='word_1_237' title='bbox 394 2822 538 2846; x_wconf 84' lang='lat' dir='ltr'>omnem</span> <span class='ocrx_word' id='word_1_238' title='bbox 550 2809 756 2858; x_wconf 64' lang='lat' dir='ltr'>Aegyptum</span> 
     </span>
     <span class='ocr_line' id='line_1_44' title="bbox 108 2864 756 2914; baseline 0 -12"><span class='ocrx_word' id='word_1_239' title='bbox 108 2877 254 2903; x_wconf 85' lang='lat' dir='ltr'>carmen</span> <span class='ocrx_word' id='word_1_240' title='bbox 290 2865 407 2902; x_wconf 88' lang='lat' dir='ltr'>audiri</span> <span class='ocrx_word' id='word_1_241' title='bbox 441 2864 617 2914; x_wconf 81' lang='lat' dir='ltr'>lugubre,</span> <span class='ocrx_word' id='word_1_242' title='bbox 657 2866 756 2913; x_wconf 87' lang='lat' dir='ltr'>quod</span> 
     </span>
    </p>
   </div>
   <div class='ocr_carea' id='block_1_10' title="bbox 822 955 1493 2913">
    <p class='ocr_par' dir='ltr' id='par_1_12' title="bbox 822 955 1493 2802">
     <span class='ocr_line' id='line_1_45' title="bbox 842 955 1493 1007; baseline 0 -14"><span class='ocrx_word' id='word_1_243' title='bbox 842 956 1014 995; x_wconf 83' lang='lat' dir='ltr'>Maneros</span> <span class='ocrx_word' id='word_1_244' title='bbox 1036 956 1247 1007; x_wconf 82' lang='lat' dir='ltr'>appelletur.</span> <span class='ocrx_word' id='word_1_245' title='bbox 1287 955 1356 993; x_wconf 90' lang='lat' dir='ltr'>Alii</span> <span class='ocrx_word' id='word_1_246' title='bbox 1376 960 1493 994; x_wconf 83' lang='lat' dir='ltr'>astro-</span> 
     </span>
     <span class='ocr_line' id='line_1_46' title="bbox 841 1014 1492 1063; baseline 0 -14"><span class='ocrx_word' id='word_1_247' title='bbox 841 1014 984 1051; x_wconf 83' lang='lat' dir='ltr'>nomiae</span> <span class='ocrx_word' id='word_1_248' title='bbox 1016 1014 1239 1063; x_wconf 86' lang='lat' dir='ltr'>aliarumque</span> <span class='ocrx_word' id='word_1_249' title='bbox 1266 1014 1492 1050; x_wconf 83' lang='lat' dir='ltr'>scientiarum</span> 
     </span>
     <span class='ocr_line' id='line_1_47' title="bbox 840 1070 1491 1119; baseline 0 -14"><span class='ocrx_word' id='word_1_250' title='bbox 840 1070 993 1119; x_wconf 85' lang='lat' dir='ltr'>peritum</span> <span class='ocrx_word' id='word_1_251' title='bbox 1015 1071 1183 1107; x_wconf 83' lang='lat' dir='ltr'>dicebant</span> <span class='ocrx_word' id='word_1_252' title='bbox 1205 1070 1381 1106; x_wconf 77' lang='lat' dir='ltr'>iuvenem.</span> <span class='ocrx_word' id='word_1_253' title='bbox 1414 1070 1491 1105; x_wconf 88' lang='lat' dir='ltr'>Sed</span> 
     </span>
     <span class='ocr_line' id='line_1_48' title="bbox 838 1126 1491 1175; baseline -0.002 -13"><span class='ocrx_word' id='word_1_254' title='bbox 838 1126 1018 1163; x_wconf 87' lang='lat' dir='ltr'>tesserarii</span> <span class='ocrx_word' id='word_1_255' title='bbox 1039 1127 1127 1175; x_wconf 90' lang='lat' dir='ltr'>quid</span> <span class='ocrx_word' id='word_1_256' title='bbox 1148 1127 1183 1163; x_wconf 91' lang='lat' dir='ltr'>in</span> <span class='ocrx_word' id='word_1_257' title='bbox 1203 1127 1256 1163; x_wconf 87' lang='lat' dir='ltr'>his</span> <span class='ocrx_word' id='word_1_258' title='bbox 1283 1127 1414 1172; x_wconf 86' lang='lat' dir='ltr'>inesse,</span> <span class='ocrx_word' id='word_1_259' title='bbox 1434 1126 1491 1161; x_wconf 75' lang='lat' dir='ltr'>vix</span> 
     </span>
     <span class='ocr_line' id='line_1_49' title="bbox 837 1181 1491 1231; baseline -0.003 -12"><span class='ocrx_word' id='word_1_260' title='bbox 837 1184 1044 1231; x_wconf 85' lang='lat' dir='ltr'>negandum</span> <span class='ocrx_word' id='word_1_261' title='bbox 1066 1182 1122 1219; x_wconf 74' lang='lat' dir='ltr'>vel</span> <span class='ocrx_word' id='word_1_262' title='bbox 1146 1183 1174 1219; x_wconf 85' lang='lat' dir='ltr'>si</span> <span class='ocrx_word' id='word_1_263' title='bbox 1206 1183 1359 1219; x_wconf 86' lang='lat' dir='ltr'>nominis</span> <span class='ocrx_word' id='word_1_264' title='bbox 1382 1181 1491 1218; x_wconf 87' lang='lat' dir='ltr'>ratio-</span> 
     </span>
     <span class='ocr_line' id='line_1_50' title="bbox 838 1238 1491 1289; baseline 0.002 -15"><span class='ocrx_word' id='word_1_265' title='bbox 838 1252 919 1275; x_wconf 78' lang='lat' dir='ltr'>nein</span> <span class='ocrx_word' id='word_1_266' title='bbox 944 1239 1182 1289; x_wconf 79' lang='lat' dir='ltr'>perspexeris.</span> <span class='ocrx_word' id='word_1_267' title='bbox 1222 1238 1319 1276; x_wconf 89' lang='lat' dir='ltr'>Nam</span> <span class='ocrx_word' id='word_1_268' title='bbox 1341 1242 1491 1275; x_wconf 88' lang='lat' dir='ltr'>auctore</span> 
     </span>
     <span class='ocr_line' id='line_1_51' title="bbox 836 1293 1489 1344; baseline 0 -14"><span class='ocrx_word' id='word_1_269' title='bbox 836 1295 1046 1331; x_wconf 83' lang='lat' dir='ltr'>lablonskio</span> <span class='ocrx_word' id='word_1_270' title='bbox 1058 1308 1156 1332; x_wconf 91' lang='lat' dir='ltr'>voce.</span> <span class='ocrx_word' id='word_1_271' title='bbox 1172 1293 1345 1344; x_wconf 85' lang='lat' dir='ltr'>Aegyptt.</span> <span class='ocrx_word' id='word_1_272' title='bbox 1359 1308 1392 1343; x_wconf 88' lang='lat' dir='ltr'>p.</span> <span class='ocrx_word' id='word_1_273' title='bbox 1410 1296 1489 1334; x_wconf 79' lang='lat'>128</span> 
     </span>
     <span class='ocr_line' id='line_1_52' title="bbox 836 1350 1491 1400; baseline -0.002 -13"><span class='ocrx_word' id='word_1_274' title='bbox 836 1364 938 1399; x_wconf 84' lang='lat' dir='ltr'>seqq.</span> <span class='ocrx_word' id='word_1_275' title='bbox 970 1350 1138 1387; x_wconf 74' lang='lat' dir='ltr'>Maneros</span> <span class='ocrx_word' id='word_1_276' title='bbox 1151 1352 1285 1387; x_wconf 90' lang='lat' dir='ltr'>indicat</span> <span class='ocrx_word' id='word_1_277' title='bbox 1295 1351 1416 1400; x_wconf 71' lang='lat' dir='ltr'>filium</span> <span class='ocrx_word' id='word_1_278' title='bbox 1429 1354 1491 1386; x_wconf 84' lang='lat' dir='ltr'>aut</span> 
     </span>
     <span class='ocr_line' id='line_1_53' title="bbox 835 1406 1489 1454; baseline -0.002 -12"><span class='ocrx_word' id='word_1_279' title='bbox 835 1407 978 1443; x_wconf 77' lang='lat' dir='ltr'>sobolem</span> <span class='ocrx_word' id='word_1_280' title='bbox 997 1406 1116 1443; x_wconf 72' lang='lat' dir='ltr'>Menis</span> <span class='ocrx_word' id='word_1_281' title='bbox 1135 1408 1176 1452; x_wconf 87' lang='lat' dir='ltr'>(i.</span> <span class='ocrx_word' id='word_1_282' title='bbox 1190 1421 1221 1444; x_wconf 91' lang='lat' dir='ltr'>e.</span> <span class='ocrx_word' id='word_1_283' title='bbox 1244 1407 1413 1454; x_wconf 81' lang='lat' dir='ltr'>aeterni),</span> <span class='ocrx_word' id='word_1_284' title='bbox 1427 1406 1489 1454; x_wconf 90' lang='lat' dir='ltr'>qui</span> 
     </span>
     <span class='ocr_line' id='line_1_54' title="bbox 834 1463 1488 1512; baseline 0 -13"><span class='ocrx_word' id='word_1_285' title='bbox 834 1476 896 1499; x_wconf 81' lang='lat' dir='ltr'>rex</span> <span class='ocrx_word' id='word_1_286' title='bbox 915 1463 1050 1511; x_wconf 86' lang='lat' dir='ltr'>primus</span> <span class='ocrx_word' id='word_1_287' title='bbox 1070 1464 1107 1499; x_wconf 90' lang='lat' dir='ltr'>iu</span> <span class='ocrx_word' id='word_1_288' title='bbox 1123 1463 1292 1512; x_wconf 81' lang='lat' dir='ltr'>Aegypto</span> <span class='ocrx_word' id='word_1_289' title='bbox 1313 1475 1488 1510; x_wconf 80' lang='lat' dir='ltr'>regnasse</span> 
     </span>
     <span class='ocr_line' id='line_1_55' title="bbox 832 1519 1488 1565; baseline -0.002 -10"><span class='ocrx_word' id='word_1_290' title='bbox 832 1520 957 1556; x_wconf 86' lang='lat' dir='ltr'>fertur.</span> <span class='ocrx_word' id='word_1_291' title='bbox 1018 1519 1142 1562; x_wconf 80' lang='lat' dir='ltr'>Quare</span> <span class='ocrx_word' id='word_1_292' title='bbox 1165 1519 1261 1555; x_wconf 90' lang='lat' dir='ltr'>haud</span> <span class='ocrx_word' id='word_1_293' title='bbox 1279 1519 1488 1565; x_wconf 89' lang='lat' dir='ltr'>absurdum,</span> 
     </span>
     <span class='ocr_line' id='line_1_56' title="bbox 832 1575 1488 1624; baseline 0 -13"><span class='ocrx_word' id='word_1_294' title='bbox 832 1575 948 1624; x_wconf 84' lang='lat' dir='ltr'>ipsum</span> <span class='ocrx_word' id='word_1_295' title='bbox 988 1575 1191 1623; x_wconf 84' lang='lat' dir='ltr'>intelligere</span> <span class='ocrx_word' id='word_1_296' title='bbox 1228 1575 1371 1611; x_wconf 86' lang='lat' dir='ltr'>Horum</span> <span class='ocrx_word' id='word_1_297' title='bbox 1413 1575 1488 1611; x_wconf 83' lang='lat' dir='ltr'>sive</span> 
     </span>
     <span class='ocr_line' id='line_1_57' title="bbox 833 1631 1485 1680; baseline 0 -14"><span class='ocrx_word' id='word_1_298' title='bbox 833 1631 1016 1668; x_wconf 87' lang='lat' dir='ltr'>Osiridem</span> <span class='ocrx_word' id='word_1_299' title='bbox 1063 1644 1280 1680; x_wconf 86' lang='lat' dir='ltr'>carmenque</span> <span class='ocrx_word' id='word_1_300' title='bbox 1324 1631 1371 1668; x_wconf 93' lang='lat' dir='ltr'>de</span> <span class='ocrx_word' id='word_1_301' title='bbox 1408 1631 1485 1668; x_wconf 87' lang='lat' dir='ltr'>eius</span> 
     </span>
     <span class='ocr_line' id='line_1_58' title="bbox 831 1687 1488 1737; baseline 0 -14"><span class='ocrx_word' id='word_1_302' title='bbox 831 1688 914 1724; x_wconf 87' lang='lat' dir='ltr'>fatis</span> <span class='ocrx_word' id='word_1_303' title='bbox 945 1688 1133 1735; x_wconf 84' lang='lat' dir='ltr'>tristibus,</span> <span class='ocrx_word' id='word_1_304' title='bbox 1173 1688 1294 1733; x_wconf 84' lang='lat' dir='ltr'>obitu,</span> <span class='ocrx_word' id='word_1_305' title='bbox 1326 1687 1488 1737; x_wconf 75' lang='lat' dir='ltr'>sepultu-</span> 
     </span>
     <span class='ocr_line' id='line_1_59' title="bbox 830 1743 1485 1793; baseline 0 -14"><span class='ocrx_word' id='word_1_306' title='bbox 830 1744 891 1790; x_wconf 71' lang='lat' dir='ltr'>ra,</span> <span class='ocrx_word' id='word_1_307' title='bbox 923 1743 1000 1780; x_wconf 90' lang='lat' dir='ltr'>aliis</span> <span class='ocrx_word' id='word_1_308' title='bbox 1022 1744 1090 1781; x_wconf 90' lang='lat' dir='ltr'>huc</span> <span class='ocrx_word' id='word_1_309' title='bbox 1109 1744 1366 1793; x_wconf 79' lang='lat' dir='ltr'>spectantibus,</span> <span class='ocrx_word' id='word_1_310' title='bbox 1386 1744 1485 1793; x_wconf 92' lang='lat' dir='ltr'>quod</span> 
     </span>
     <span class='ocr_line' id='line_1_60' title="bbox 829 1799 1485 1848; baseline -0.002 -13"><span class='ocrx_word' id='word_1_311' title='bbox 829 1800 866 1835; x_wconf 93' lang='lat' dir='ltr'>in</span> <span class='ocrx_word' id='word_1_312' title='bbox 907 1799 1050 1848; x_wconf 82' lang='lat' dir='ltr'>lugubri</span> <span class='ocrx_word' id='word_1_313' title='bbox 1088 1800 1243 1836; x_wconf 86' lang='lat' dir='ltr'>Osiridis</span> <span class='ocrx_word' id='word_1_314' title='bbox 1283 1801 1379 1836; x_wconf 88' lang='lat' dir='ltr'>festo</span> <span class='ocrx_word' id='word_1_315' title='bbox 1417 1811 1485 1848; x_wconf 89' lang='lat' dir='ltr'>per</span> 
     </span>
     <span class='ocr_line' id='line_1_61' title="bbox 830 1855 1485 1904; baseline 0 -13"><span class='ocrx_word' id='word_1_316' title='bbox 830 1868 972 1891; x_wconf 86' lang='lat' dir='ltr'>omnem</span> <span class='ocrx_word' id='word_1_317' title='bbox 1002 1855 1211 1904; x_wconf 78' lang='lat' dir='ltr'>Aegyptum</span> <span class='ocrx_word' id='word_1_318' title='bbox 1237 1856 1316 1891; x_wconf 91' lang='lat' dir='ltr'>cani</span> <span class='ocrx_word' id='word_1_319' title='bbox 1341 1855 1485 1891; x_wconf 86' lang='lat' dir='ltr'>solitum</span> 
     </span>
     <span class='ocr_line' id='line_1_62' title="bbox 829 1911 1482 1959; baseline 0 -12"><span class='ocrx_word' id='word_1_320' title='bbox 829 1912 949 1948; x_wconf 87' lang='lat' dir='ltr'>fuerit.</span> <span class='ocrx_word' id='word_1_321' title='bbox 1008 1912 1115 1947; x_wconf 88' lang='lat' dir='ltr'>Conf.</span> <span class='ocrx_word' id='word_1_322' title='bbox 1136 1912 1306 1948; x_wconf 87' lang='lat' dir='ltr'>Creuzer.</span> <span class='ocrx_word' id='word_1_323' title='bbox 1320 1911 1482 1959; x_wconf 64' lang='lat' dir='ltr'>Symbol.</span> 
     </span>
     <span class='ocr_line' id='line_1_63' title="bbox 830 1967 1483 2016; baseline -0.002 -13"><span class='ocrx_word' id='word_1_324' title='bbox 830 1967 846 2003; x_wconf 90' lang='lat' dir='ltr'>I</span> <span class='ocrx_word' id='word_1_325' title='bbox 867 1980 952 2016; x_wconf 91' lang='lat' dir='ltr'>pag.</span> <span class='ocrx_word' id='word_1_326' title='bbox 973 1967 1054 2008; x_wconf 88' lang='lat'>446</span> <span class='ocrx_word' id='word_1_327' title='bbox 1079 1980 1154 2016; x_wconf 89' lang='lat' dir='ltr'>seq.</span> <span class='ocrx_word' id='word_1_328' title='bbox 1186 1967 1267 2008; x_wconf 87' lang='lat'>466</span> <span class='ocrx_word' id='word_1_329' title='bbox 1291 1980 1390 2015; x_wconf 88' lang='lat' dir='ltr'>seq.,</span> <span class='ocrx_word' id='word_1_330' title='bbox 1422 1967 1483 2014; x_wconf 85' lang='lat' dir='ltr'>qui</span> 
     </span>
     <span class='ocr_line' id='line_1_64' title="bbox 829 2023 1483 2074; baseline -0.002 -14"><span class='ocrx_word' id='word_1_331' title='bbox 829 2023 886 2060; x_wconf 89' lang='lat' dir='ltr'>hic</span> <span class='ocrx_word' id='word_1_332' title='bbox 910 2024 1072 2074; x_wconf 85' lang='lat' dir='ltr'>inprimis</span> <span class='ocrx_word' id='word_1_333' title='bbox 1105 2023 1259 2060; x_wconf 89' lang='lat' dir='ltr'>conferri</span> <span class='ocrx_word' id='word_1_334' title='bbox 1290 2023 1381 2059; x_wconf 82' lang='lat' dir='ltr'>vult:</span> <span class='ocrx_word' id='word_1_335' title='bbox 1422 2023 1483 2059; x_wconf 90' lang='lat' dir='ltr'>Io-</span> 
     </span>
     <span class='ocr_line' id='line_1_65' title="bbox 829 2079 1479 2129; baseline 0 -14"><span class='ocrx_word' id='word_1_336' title='bbox 829 2081 943 2117; x_wconf 90' lang='lat' dir='ltr'>mard.</span> <span class='ocrx_word' id='word_1_337' title='bbox 985 2081 1020 2116; x_wconf 90' lang='lat' dir='ltr'>in</span> <span class='ocrx_word' id='word_1_338' title='bbox 1052 2080 1219 2129; x_wconf 86' lang='lat' dir='ltr'>descript.</span> <span class='ocrx_word' id='word_1_339' title='bbox 1248 2080 1295 2116; x_wconf 87' lang='lat' dir='ltr'>de</span> <span class='ocrx_word' id='word_1_340' title='bbox 1324 2079 1479 2128; x_wconf 82' lang='lat' dir='ltr'>l&#39;Egyp.</span> 
     </span>
     <span class='ocr_line' id='line_1_66' title="bbox 828 2135 1479 2184; baseline 0 -13"><span class='ocrx_word' id='word_1_341' title='bbox 828 2136 904 2172; x_wconf 81' lang='lat' dir='ltr'>livr.</span> <span class='ocrx_word' id='word_1_342' title='bbox 919 2136 968 2172; x_wconf 84' lang='grc' dir='ltr'>ΙΙΙ</span> <span class='ocrx_word' id='word_1_343' title='bbox 987 2137 1126 2184; x_wconf 86' lang='lat' dir='ltr'>antiqq.</span> <span class='ocrx_word' id='word_1_344' title='bbox 1143 2136 1248 2172; x_wconf 77' lang='lat' dir='ltr'>nie&#39;m.</span> <span class='ocrx_word' id='word_1_345' title='bbox 1267 2140 1292 2172; x_wconf 89' lang='lat' dir='ltr'>t.</span> <span class='ocrx_word' id='word_1_346' title='bbox 1309 2135 1324 2170; x_wconf 95' lang='grc' dir='ltr'>Ι</span> <span class='ocrx_word' id='word_1_347' title='bbox 1340 2149 1373 2184; x_wconf 89' lang='lat' dir='ltr'>p.</span> <span class='ocrx_word' id='word_1_348' title='bbox 1385 2137 1479 2176; x_wconf 82' lang='grc'>368.</span> 
     </span>
     <span class='ocr_line' id='line_1_67' title="bbox 829 2192 1480 2236; baseline -0.002 -9"><span class='ocrx_word' id='word_1_349' title='bbox 829 2192 946 2236; x_wconf 78' lang='lat' dir='ltr'>Quale</span> <span class='ocrx_word' id='word_1_350' title='bbox 977 2205 1121 2228; x_wconf 86' lang='lat' dir='ltr'>carmen</span> <span class='ocrx_word' id='word_1_351' title='bbox 1157 2204 1178 2228; x_wconf 85' lang='lat' dir='ltr'>a</span> <span class='ocrx_word' id='word_1_352' title='bbox 1210 2196 1394 2228; x_wconf 85' lang='lat' dir='ltr'>cantatore</span> <span class='ocrx_word' id='word_1_353' title='bbox 1422 2203 1480 2228; x_wconf 87' lang='lat' dir='ltr'>sa-</span> 
     </span>
     <span class='ocr_line' id='line_1_68' title="bbox 829 2248 1477 2297; baseline -0.005 -12"><span class='ocrx_word' id='word_1_354' title='bbox 829 2262 911 2294; x_wconf 80' lang='lat' dir='ltr'>cro,</span> <span class='ocrx_word' id='word_1_355' title='bbox 943 2261 1049 2297; x_wconf 80' lang='lat' dir='ltr'>quem</span> <span class='ocrx_word' id='word_1_356' title='bbox 1079 2252 1158 2284; x_wconf 87' lang='lat' dir='ltr'>atra</span> <span class='ocrx_word' id='word_1_357' title='bbox 1190 2252 1290 2284; x_wconf 72' lang='lat' dir='ltr'>veste</span> <span class='ocrx_word' id='word_1_358' title='bbox 1308 2248 1477 2283; x_wconf 86' lang='lat' dir='ltr'>indutum</span> 
     </span>
     <span class='ocr_line' id='line_1_69' title="bbox 828 2304 1479 2353; baseline -0.002 -13"><span class='ocrx_word' id='word_1_359' title='bbox 828 2305 865 2340; x_wconf 90' lang='lat' dir='ltr'>in</span> <span class='ocrx_word' id='word_1_360' title='bbox 879 2305 913 2341; x_wconf 88' lang='lat' dir='ltr'>T</span> <span class='ocrx_word' id='word_1_361' title='bbox 918 2305 1072 2342; x_wconf 89' lang='lat' dir='ltr'>hebaicis</span> <span class='ocrx_word' id='word_1_362' title='bbox 1085 2304 1324 2341; x_wconf 87' lang='lat' dir='ltr'>monumentis</span> <span class='ocrx_word' id='word_1_363' title='bbox 1333 2316 1479 2353; x_wconf 88' lang='lat' dir='ltr'>reprae-</span> 
     </span>
     <span class='ocr_line' id='line_1_70' title="bbox 829 2359 1476 2409; baseline -0.006 -11"><span class='ocrx_word' id='word_1_364' title='bbox 829 2365 1008 2398; x_wconf 88' lang='lat' dir='ltr'>sentatum</span> <span class='ocrx_word' id='word_1_365' title='bbox 1034 2361 1292 2409; x_wconf 85' lang='lat' dir='ltr'>conspicimus,</span> <span class='ocrx_word' id='word_1_366' title='bbox 1322 2359 1476 2405; x_wconf 86' lang='lat' dir='ltr'>recitari,</span> 
     </span>
     <span class='ocr_line' id='line_1_71' title="bbox 826 2416 1477 2464; baseline -0.003 -11"><span class='ocrx_word' id='word_1_367' title='bbox 826 2418 923 2454; x_wconf 91' lang='lat' dir='ltr'>haud</span> <span class='ocrx_word' id='word_1_368' title='bbox 944 2417 1122 2454; x_wconf 87' lang='lat' dir='ltr'>immerito</span> <span class='ocrx_word' id='word_1_369' title='bbox 1152 2417 1247 2453; x_wconf 91' lang='lat' dir='ltr'>idem</span> <span class='ocrx_word' id='word_1_370' title='bbox 1277 2416 1477 2464; x_wconf 83' lang='lat' dir='ltr'>suspicatur</span> 
     </span>
     <span class='ocr_line' id='line_1_72' title="bbox 827 2471 1474 2521; baseline -0.003 -12"><span class='ocrx_word' id='word_1_371' title='bbox 827 2474 999 2510; x_wconf 87' lang='lat' dir='ltr'>Creuzer.</span> <span class='ocrx_word' id='word_1_372' title='bbox 1036 2474 1072 2509; x_wconf 89' lang='lat' dir='ltr'>in</span> <span class='ocrx_word' id='word_1_373' title='bbox 1112 2471 1273 2521; x_wconf 84' lang='lat' dir='ltr'>epistolis</span> <span class='ocrx_word' id='word_1_374' title='bbox 1308 2472 1474 2508; x_wconf 88' lang='lat' dir='ltr'>Homerr.</span> 
     </span>
     <span class='ocr_line' id='line_1_73' title="bbox 826 2526 1476 2579; baseline -0.005 -14"><span class='ocrx_word' id='word_1_375' title='bbox 826 2542 912 2579; x_wconf 87' lang='lat' dir='ltr'>pag.</span> <span class='ocrx_word' id='word_1_376' title='bbox 938 2532 1027 2569; x_wconf 84' lang='lat'>171.</span> <span class='ocrx_word' id='word_1_377' title='bbox 1060 2529 1183 2578; x_wconf 86' lang='lat' dir='ltr'>Ipsum</span> <span class='ocrx_word' id='word_1_378' title='bbox 1204 2529 1371 2564; x_wconf 89' lang='lat' dir='ltr'>iuvenem</span> <span class='ocrx_word' id='word_1_379' title='bbox 1389 2526 1476 2563; x_wconf 75' lang='lat' dir='ltr'>Ma-</span> 
     </span>
     <span class='ocr_line' id='line_1_74' title="bbox 827 2582 1476 2632; baseline -0.005 -11"><span class='ocrx_word' id='word_1_380' title='bbox 827 2589 973 2621; x_wconf 71' lang='lat' dir='ltr'>nerotem</span> <span class='ocrx_word' id='word_1_381' title='bbox 994 2585 1028 2620; x_wconf 92' lang='lat' dir='ltr'>in</span> <span class='ocrx_word' id='word_1_382' title='bbox 1045 2584 1283 2621; x_wconf 86' lang='lat' dir='ltr'>monumentis</span> <span class='ocrx_word' id='word_1_383' title='bbox 1296 2582 1476 2632; x_wconf 78' lang='lat' dir='ltr'>Aegypti-</span> 
     </span>
     <span class='ocr_line' id='line_1_75' title="bbox 824 2639 1475 2690; baseline -0.003 -14"><span class='ocrx_word' id='word_1_384' title='bbox 824 2641 895 2677; x_wconf 81' lang='lat' dir='ltr'>acis</span> <span class='ocrx_word' id='word_1_385' title='bbox 941 2645 1251 2690; x_wconf 81' lang='lat' dir='ltr'>repraesentatum</span> <span class='ocrx_word' id='word_1_386' title='bbox 1295 2639 1475 2675; x_wconf 77' lang='lat' dir='ltr'>existimat</span> 
     </span>
     <span class='ocr_line' id='line_1_76' title="bbox 825 2695 1470 2733; baseline -0.005 0"><span class='ocrx_word' id='word_1_387' title='bbox 825 2696 1002 2733; x_wconf 75' lang='lat' dir='ltr'>Toeiken.</span> <span class='ocrx_word' id='word_1_388' title='bbox 1032 2698 1068 2732; x_wconf 92' lang='lat' dir='ltr'>in</span> <span class='ocrx_word' id='word_1_389' title='bbox 1085 2695 1254 2732; x_wconf 80' lang='lat' dir='ltr'>Minutoli</span> <span class='ocrx_word' id='word_1_390' title='bbox 1267 2695 1378 2732; x_wconf 87' lang='lat' dir='ltr'>Reise</span> <span class='ocrx_word' id='word_1_391' title='bbox 1400 2699 1470 2732; x_wconf 81' lang='lat' dir='ltr'>ete.</span> 
     </span>
     <span class='ocr_line' id='line_1_77' title="bbox 822 2753 1112 2802; baseline -0.007 -14"><span class='ocrx_word' id='word_1_392' title='bbox 822 2766 907 2802; x_wconf 83' lang='lat' dir='ltr'>pag.</span> <span class='ocrx_word' id='word_1_393' title='bbox 934 2753 1011 2792; x_wconf 85' lang='lat'>156</span> <span class='ocrx_word' id='word_1_394' title='bbox 1036 2766 1112 2801; x_wconf 86' lang='lat' dir='ltr'>seq.</span> 
     </span>
    </p>

    <p class='ocr_par' dir='ltr' id='par_1_13' title="bbox 823 2806 1472 2913">
     <span class='ocr_line' id='line_1_78' title="bbox 879 2806 1472 2857; baseline -0.005 -12"><span class='ocrx_word' id='word_1_395' title='bbox 879 2808 936 2845; x_wconf 89' lang='lat' dir='ltr'>De</span> <span class='ocrx_word' id='word_1_396' title='bbox 966 2807 1080 2855; x_wconf 74' lang='lat' dir='ltr'>Lino,</span> <span class='ocrx_word' id='word_1_397' title='bbox 1115 2808 1176 2857; x_wconf 90' lang='lat' dir='ltr'>qui</span> <span class='ocrx_word' id='word_1_398' title='bbox 1212 2807 1248 2843; x_wconf 93' lang='lat' dir='ltr'>in</span> <span class='ocrx_word' id='word_1_399' title='bbox 1279 2806 1403 2857; x_wconf 81' lang='lat' dir='ltr'>Cypro</span> <span class='ocrx_word' id='word_1_400' title='bbox 1434 2810 1472 2843; x_wconf 82' lang='lat' dir='ltr'>et</span> 
     </span>
     <span class='ocr_line' id='line_1_79' title="bbox 823 2862 1469 2913; baseline -0.002 -14"><span class='ocrx_word' id='word_1_401' title='bbox 823 2865 923 2913; x_wconf 82' lang='lat' dir='ltr'>apud</span> <span class='ocrx_word' id='word_1_402' title='bbox 940 2864 1141 2902; x_wconf 87' lang='lat' dir='ltr'>Phoenices</span> <span class='ocrx_word' id='word_1_403' title='bbox 1161 2863 1241 2901; x_wconf 86' lang='lat' dir='ltr'>cani</span> <span class='ocrx_word' id='word_1_404' title='bbox 1260 2863 1386 2910; x_wconf 84' lang='lat' dir='ltr'>soleat,</span> <span class='ocrx_word' id='word_1_405' title='bbox 1397 2862 1469 2913; x_wconf 83' lang='lat' dir='ltr'>pri-</span> 
     </span>
    </p>
   </div>
  </div>
 </body>
</html>
