1877 3223
20 492 85 539 50

613 228 916 270 CLIO.I.
1328 231 1411 277 115

128 353 190 396 γε,
218 336 247 395 ἢ
276 335 340 382 ὅτι
368 337 442 383 καὶ
470 341 601 383 τοῦτο
630 337 804 397 ἐνόμισε
831 337 1044 397 μαντήϊον
1072 335 1255 392 ἀψευδὲς
1283 338 1408 397 ἐκτῆ-

131 422 249 462 σθαι.

1486 481 1599 515 Quibus
1640 480 1729 509 rebus

241 496 366 540 Μετὰ
397 497 442 542 δὲ
478 501 613 542 ταῦτα
648 499 829 556 θυσίῃσι
866 496 1071 556 μεγάλῃσι
1107 496 1186 541 τὸν
1221 496 1269 541 ἐν
1303 499 1412 540 Δελ-
1455 514 1520 542 neu
1504 524 1550 542 um
1603 514 1648 542 ne
1632 514 1725 550 euphi-

1457 549 1615 576 carme«

130 581 254 633 φοῖσι
281 577 388 621 θεὸν
416 576 623 622 ἱλάσκετο.
652 577 810 635 κτήνεά
834 594 879 623 τε
906 578 990 635 γὰρ
1012 576 1064 621 τὰ
1084 575 1254 632 θύσιμα
1269 574 1411 620 πάντα
1457 556 1731 617 1³¹⁵=⁰mr³t‚et⁹u=1qua⁰

84 735 140 771 vir
157 735 284 772 doctus
311 734 475 784 quidam·
503 747 673 772 τουτου
703 747 733 770 s.

85 791 171 842 περὶ
201 785 356 829 τούτου.
382 789 583 838 Schweigh.
614 790 736 840 suspi-

84 851 204 884 catur·
240 844 390 898 λέγεται
425 840 526 885 ουδ’
566 842 660 885 ἄλλο
682 860 736 897 γε.

83 902 266 953 Equidem
287 902 450 939 voculam
468 905 606 950 τοῦτο,
631 903 737 953 quip-

84 972 133 1010 pe
152 972 173 997 e
193 959 430 1009 sequentibus
456 958 526 995 huc
543 959 738 1006 intrusam,

86 1015 270 1063 eiicerem‚
299 1016 370 1052 nisi
403 1015 589 1065 scriptoris
622 1016 738 1051 oratio

86 1073 270 1122 copiosior
302 1071 456 1108 subinde
486 1084 528 1108 ac
553 1071 740 1108 xerbosior

86 1129 176 1165 satis
195 1141 275 1166 eam
298 1128 390 1165 tueri
406 1127 599 1165 videretur.
618 1148 675 1155 —-
697 1127 740 1164 In

87 1197 194 1234 seqq.
231 1197 298 1234 pro
324 1185 441 1222 τοῦτο
484 1183 564 1220 libri
592 1184 741 1233 quidam

87 1243 231 1279 τοῦτον
245 1270 256 1289 ,
285 1244 325 1276 ut
343 1240 391 1276 ad
408 1238 668 1289 Amphiaraum
686 1253 744 1278 re-

88 1298 244 1342 seratur3
273 1307 340 1346 pro
375 1293 586 1345 ἐκτῆσθαι
619 1296 744 1333 itidem

87 1352 210 1403 plures
230 1367 255 1390 κ
267 1365 284 1390 ε
297 1352 482 1402 κτῆσθαι.
540 1352 616 1388 Sed
633 1351 742 1388 Iones

88 1421 205 1457 aeque
223 1412 333 1457 atque
358 1406 498 1444 Atticos
524 1407 744 1457 duplicatam

87 1464 230 1502 literam
268 1463 423 1501 abiicere
458 1463 570 1499 tradit
609 1462 744 1499 Eusta-

89 1521 186 1558 thius
215 1521 264 1558 ad
293 1519 444 1556 Homer.
465 1518 505 1556 ll.
531 1532 617 1569 pag.
637 1522 744 1566 662,

89 1579 144 1620 39
165 1577 222 1615 ed.
239 1575 352 1613 Basil.
406 1574 468 1613 Tu
485 1575 618 1613 consul.
641 1575 744 1612 Bek-

90 1633 218 1671 kerum
237 1645 357 1670 meum
382 1631 421 1668 in
443 1632 600 1682 Specim.
622 1630 746 1668 Philo-

93 1693 193 1726 snat.
212 1701 298 1739 pag.
317 1691 371 1730 29
399 1701 476 1738 seq.
505 1687 636 1736 „Add.
664 1687 745 1725 Ast.

94 1746 143 1782 ad
167 1745 310 1782 Platon.
350 1744 445 1782 Rem
472 1743 571 1794 publ.
596 1744 651 1792 V,
692 1742 746 1786 15

93 1813 180 1853 pag.
195 1800 277 1843 524
297 1800 550 1838 Commentt.“
593 1800 662 1839 Cr.

333 1901 365 1940 C
378 1914 447 1953 ap.
475 1900 521 1940 L.

151 1963 297 2021 κτήνεά
326 1983 368 2009 τε
411 1966 487 2022 γάρ
518 1965 566 2007 τοὶ
594 1964 751 2019 θύσιμα

96 2022 229 2065 πάντα
250 2026 440 2078 τρισχίλια
460 2023 604 2075 ἔθυσε]
634 2024 752 2061 Vertit

95 2082 216 2120 locum
236 2082 287 2119 sic
311 2083 543 2120 Hermannus
570 2081 617 2117 ad
636 2080 752 2129 Vige-

97 2152 179 2176 rum
216 2152 253 2188 p.
291 2141 397 2180 727:
450 2138 655 2185 „mactavit
700 2140 751 2174 ter

98 2194 258 2233 millenas
281 2193 416 2232 hostias
442 2206 459 2230 e
480 2206 613 2244 quoque
631 2205 753 2241 genere

100 2251 356 2298 animantium,
394 2249 519 2301 quibus
546 2262 649 2286 sacra
669 2250 756 2300 fieri

100 2307 247 2345 solent.“
302 2306 373 2344 Est
394 2310 516 2344 autem
541 2301 671 2345 πάντα
696 2306 754 2343 hic

100 2364 199 2401 idem
247 2363 348 2413 quod
386 2358 552 2402 ἑκάστου
599 2360 752 2414 γένους.

104 2420 216 2463 Quod
252 2423 339 2469 post
392 2419 652 2456 Casaubonum
706 2418 754 2454 ad

104 2476 225 2512 Strab.
256 2475 310 2512 III
337 2488 373 2525 p.
394 2476 477 2516 232
501 2479 537 2512 et
556 2475 603 2512 ad
621 2473 753 2511 Athen.

105 2530 180 2576 IV,
220 2532 272 2571 10
301 2530 374 2579 (al.
400 2531 484 2580 25)
528 2530 754 2569 Animadvss.

107 2585 189 2623 Vol.
206 2585 240 2622 II
258 2599 295 2636 p.
311 2586 393 2628 476
415 2588 471 2624 ed.
491 2586 657 2636 Schwgh.
687 2585 756 2623 hoc

108 2641 188 2679 loco
215 2641 335 2679 docuit
373 2642 597 2679 Gronovius.
648 2641 756 2679 Plura

110 2698 326 2747 interpretes
351 2697 531 2735 Herodoti
549 2699 595 2735 ad
614 2697 678 2746 IV,
689 2699 754 2738 88.

111 2753 192 2791 Nec
243 2754 397 2791 discedit
430 2753 651 2800 Larcherus‚
696 2753 758 2803 qui

112 2813 258 2859 praeter
277 2809 347 2846 alia
372 2810 470 2847 hunc
497 2809 612 2846 attulit
630 2807 759 2847 Nostri

113 2865 259 2913 locum,
286 2865 358 2914 IX,
381 2867 434 2908 80
471 2865 682 2920 Παυσανίῃ
716 2863 758 2904 δὲ

1457 623 1528 642 mun
1530 623 1546 642 e
1550 623 1584 642 ra.
1587 603 1731 650 'Delphos

1460 649 1587 679 miserit.

802 730 974 774 πάντα
1004 730 1125 773 δέκα
1154 729 1340 784 ἐξαιρέθη
1368 732 1391 769 i.
1420 744 1454 771 e.

803 804 904 840 „une
939 791 1082 828 dz'xaz'ne
1115 789 1156 826 de
1177 790 1293 826 tout.“
1351 788 1459 833 Quae

805 862 884 886 cum
905 848 958 884 ita
976 848 1048 884 sint
1077 846 1190 895 (nam
1211 844 1374 895 exempla
1400 844 1459 883 hic

805 904 986 942 cumulare
1005 916 1079 940 non
1106 902 1268 951 attinet),
1310 913 1385 938 non
1404 901 1461 937 vi-

805 962 898 1008 deo,
937 960 1026 1009 quid
1063 958 1215 997 moverit
1252 957 1460 1006 Stegerum,

805 1021 846 1054 ut
881 1017 949 1053 hac
987 1014 1285 1065 interpretatione
1326 1013 1459 1051 reiecta

806 1068 937 1112 πάντα
958 1072 994 1109 h.
1002 1072 1025 1108 l.
1039 1071 1201 1108 absolute
1211 1068 1460 1119 accipiendum

808 1142 893 1168 esse
928 1132 1083 1165 statuat:
1121 1128 1159 1164 in
1194 1125 1318 1163 Allem.
1383 1125 1462 1163 Ubi

809 1198 853 1223 ex
872 1184 1074 1222 Hermanni
1096 1186 1292 1234 praecepto
1304 1182 1326 1220 l.
1336 1181 1359 1219 l.
1371 1181 1461 1219 scri-

808 1242 969 1279 bendum
989 1242 1085 1278 foret
1110 1235 1157 1278 τοὶ
1187 1235 1337 1287 πάντα,
1361 1237 1462 1287 quod

809 1298 868 1335 ille
887 1310 920 1334 v.
943 1310 972 1333 c.
988 1297 1027 1333 in
1040 1295 1220 1333 Herodoti
1241 1294 1319 1332 loco
1336 1294 1366 1342 I,
1378 1295 1461 1335 163

808 1354 1016 1390 restitutum
1047 1351 1132 1388 vult.
1209 1349 1343 1398 Neque
1374 1362 1462 1386 vero

808 1409 849 1445 id
863 1419 1014 1456 urgeam
1023 1436 1034 1454 ,
1054 1419 1134 1444 cum
1142 1405 1345 1443 Hermanni
1354 1417 1466 1456 prae-

810 1469 956 1514 ceptum
974 1464 1089 1514 probe
1104 1462 1216 1499 sciam
1236 1461 1464 1499 aSchaefero

809 1522 859 1559 ad
873 1519 1286 1569 Dionys.Halicarnass.
1305 1517 1352 1555 de
1363 1530 1464 1555 com-

810 1590 892 1629 pos.
923 1577 1021 1613 verb.
1051 1589 1090 1626 p.
1118 1574 1201 1617 335
1236 1587 1319 1612 esse
1344 1574 1464 1624 impu-

812 1636 977 1682 gnatum.
1035 1632 1144 1669 conf.
1165 1630 1322 1680 denique
1330 1629 1464 1667 Matth.

814 1691 880 1727 Gr.
902 1688 969 1726 Gr.
994 1687 1031 1740 ἓ.
1055 1689 1137 1730 266
1160 1690 1238 1724 not.
1263 1700 1350 1737 pag.
1370 1686 1467 1728 550.

813 1766 870 1776 —-
888 1740 1036 1795 κτήνη,
1066 1756 1161 1794 quae
1178 1743 1287 1781 etiam
1309 1744 1357 1781 de
1375 1755 1467 1792 qua-

812 1802 868 1840 vis
887 1814 928 1839 re
946 1801 1112 1838 familiari
1127 1799 1282 1836 subinde
1308 1803 1394 1836 sunt
1410 1799 1467 1836 in-

815 1857 1035 1905 telligenda,
1081 1857 1141 1893 hic
1185 1855 1233 1892 de
1272 1855 1466 1905 pecoribus

816 1913 1004 1962 quibusxis
1043 1912 1092 1949 ad
1132 1911 1362 1948 mactandum
1398 1911 1468 1948 de-

816 1968 961 2005 stinatis
988 1967 1180 2012 dicuntur-3
1208 1961 1334 2017 κτήνη
1359 1966 1470 2018 κυρί-

819 2039 873 2071 ως
895 2020 966 2075 μὲν
993 2037 1041 2060 τα
1068 2016 1268 2072 θυόμενα,
1304 2018 1378 2062 όσα
1400 2019 1472 2062 νό-

819 2095 894 2132 μος
921 2073 1062 2128 σφαζει
1084 2076 1151 2117 καὶ
1173 2077 1316 2117 κτείνει
1336 2093 1371 2118 κ.
1386 2093 1419 2117 τ.
1432 2081 1467 2118 λ.

818 2140 859 2174 ut
881 2148 925 2173 ex
939 2134 1096 2183 Etjmol.
1120 2134 1278 2171 Gudian.
1305 2148 1342 2186 p.
1362 2136 1468 2183 350,

819 2191 874 2234 25
906 2204 982 2241 seq.
1016 2189 1209 2240 adscripsit
1237 2189 1300 2227 Cr.
1357 2191 1468 2229 Plura

819 2249 943 2286 Sturz.
981 2248 1018 2283 in
1062 2246 1185 2285 Lexic.
1220 2245 1391 2298 Xenoph.
1430 2246 1468 2285 Π

819 2318 857 2356 p.
878 2305 971 2346 798.
1007 2301 1067 2341 Ne
1083 2315 1170 2340 vero
1196 2302 1276 2352 quis
1293 2315 1466 2353 magnam

821 2361 1017 2399 demiretur
1055 2358 1252 2396 hostiarum
1280 2372 1469 2398 numerum

820 2430 843 2454 a
862 2417 1001 2453 Croeso
1023 2418 1276 2463 mactatarum,
1300 2415 1470 2454 laudatur

820 2472 1025 2510 Salomonis
1054 2471 1277 2522 exemplum,
1313 2472 1351 2509 in
1377 2485 1468 2510 con-

821 2529 996 2566 secrando
1014 2527 1148 2577 templo
1166 2527 1470 2578 Hierosolymita-

821 2598 870 2622 no
895 2585 1024 2633 viginti
1048 2584 1158 2622 millia
1184 2585 1295 2621 boum
1321 2588 1358 2623 et
1383 2597 1469 2623 cen-

821 2646 898 2678 tum
926 2641 1066 2690 w'ginta
1098 2638 1208 2678 millia
1241 2640 1360 2678 ovium
1390 2654 1469 2679 ma-

823 2698 953 2734 ctantis
983 2697 1056 2745 (de
1080 2695 1238 2744 Regibb.
1267 2695 1320 2734 111
1353 2710 1410 2748 cp.
1427 2698 1468 2743 8,

823 2754 897 2802 63)
913 2767 923 2799 3
953 2752 1144 2789 laudantur
1163 2751 1385 2791 Graecorum
1400 2753 1467 2790 he-

824 2809 1028 2857 catombae‚
1056 2808 1145 2857 alia,
1173 2808 1221 2845 de
1243 2810 1373 2858 quibus
1398 2810 1470 2846 iam

825 2865 1049 2905 Theodoret.
1071 2865 1174 2960 Orag
1182 2863 1255 2942 *Vn
1274 2865 1322 2904 ad
1339 2865 1470 2904 Graec.
