1877 3223
638 210 938 249 CLIO.I.
1378 214 1433 254 27

133 317 389 373 5,,εκδύεται
426 321 498 364 καὶ
545 321 624 378 τὴν
665 322 773 364 αἰδῶ
809 319 932 376 γυνή.

983 318 1117 362 πάλαι
1156 319 1203 362 δὲ
1240 319 1293 362 τοὶ
1321 320 1478 365 καλὰδο

156 397 474 455 ,,οἷνθρω’ποισι
514 398 752 455 ἐξεύρηται,
793 398 840 442 ἐκ
871 401 958 442 τῶν
986 396 1232 452 μανθάνειν
1263 401 1348 442 δεῖ·
1388 400 1434 442 ἐν

135 483 307 531 6,,τοῖσι
333 479 382 521 ἓν
411 477 510 522 τόδε
538 478 645 531 ἐστὶ,
685 477 883 521 σκοπέειν
920 475 1018 519 τινὰ
1046 476 1099 519 τοὶ
1129 476 1309 522 ἑωυτοῦ.
1352 477 1434 533 ἐγώ

159 556 242 609 ,,δὲ
271 558 479 613 πείθομαι
519 557 685 614 ἐκείνην
725 555 835 600 εἶναι
873 554 1047 598 πασέων
1087 560 1310 609 γυναικῶν
1337 561 1435 600 καλ-

160 669 186 689 ,,
198 637 364 692 λίστην·

116 832 186 868 iam
214 836 298 869 ante
321 845 402 870 eum
429 832 571 882 Upton.
603 833 650 868 ad
674 832 766 870 Dio-

116 901 197 937 nys.
229 888 344 925 Halic.
366 888 387 925 l.
415 888 455 936 l.‚
477 890 675 927 sententiae
697 890 768 925 ori-

117 945 239 993 ginem
259 958 279 981 e
300 944 493 991 Theanus,
521 946 676 982 feminae
696 946 768 993 Py-

119 1001 347 1049 thagoricae,
386 1007 580 1051 praecepto
610 1002 768 1050 quodam

118 1058 351 1107 repetendam
411 1070 492 1093 esse
555 1058 768 1106 suspicatur,

120 1114 219 1150 cuius
241 1112 401 1149 meminit
425 1112 613 1160 Diogenes
639 1113 764 1151 Laelt.

120 1168 225 1215 v‚111
261 1168 434 1222 431τιῖ
473 1166 515 1206 δὲ
564 1165 661 1220 πρὸς
698 1167 766 1208 τόν

122 1224 227 1263 ἴδιον
276 1221 403 1273 α’νὸρα
448 1221 642 1279 μελλούσῃ
699 1240 768 1264 πο-

123 1275 315 1332 ρεύεσθαι
345 1280 420 1327 (de
450 1281 544 1316 coitu
579 1282 647 1318 hoc
675 1282 767 1318 acci-

120 1336 320 1426 piendum3l
370 1335 442 1372 vid.
490 1336 672 1374 Schaeser.
720 1338 768 1373 ad

120 1392 275 1439 Diony.s
310 1390 410 1438 11.)
451 1387 643 1445 παρῄνει,
686 1388 768 1442 α’μα

121 1451 203 1494 τοῖς
230 1443 420 1497 ἐνδύμασι
443 1448 509 1486 καὶ
529 1463 602 1498 την
625 1444 767 1498 αἰσχύ-

121 1519 196 1555 νην
229 1499 521 1552 ἀποτίθεσθαι,
565 1501 767 1555 οἷνισταμέ-

126 1575 200 1610 νην
231 1558 272 1599 δὲ
315 1557 434 1598 πάλιν
467 1557 548 1611 α’μα
588 1557 767 1600 αὐτοῖσιν

125 1612 430 1667 ἀναλαμβάνειν.
470 1618 609 1654 Contra
626 1618 769 1654 Platoni

122 1674 161 1709 in
187 1673 255 1720 iis,
285 1686 380 1722 quae
406 1674 528 1710 scribit
556 1674 661 1711 Polit.
678 1674 724 1721 V,
741 1676 766 1714 6

126 1743 162 1779 p
199 1729 293 1775 457,
331 1728 403 1766 A.
454 1725 672 1769 ἀποδυτέον
716 1727 767 1782 δι]

126 1788 211 1832 ταῖς
241 1787 320 1823 τῶν
349 1781 540 1833 φυλακων
572 1785 768 1839 γυναιξὶν,

127 1840 282 1892 §neimo
309 1837 452 1892 ἅρετήν
483 1838 571 1882 οἷντὶ
605 1843 769 1894 ἱματίων

129 1893 389 1948 ἀμφιέσονται
425 1899 606 1936 Herodoti
640 1901 769 1947 locum,

128 1953 300 1991 orationis
324 1955 475 1990 formam
504 1955 630 1993 saltem
660 1956 690 1991 si
712 1969 769 1992 le—

129 2011 341 2061 spiciamuS,
399 2011 626 2048 obversatum
656 2012 770 2048 fuisse

127 2066 325 2112 contendit,
353 2071 523 2104 monente
545 2067 574 2104 C
581 2080 623 2114 π,
648 2067 770 2103 Astius

128 2124 177 2160 ad
204 2122 239 2158 h.
268 2122 293 2160 l.
324 2135 361 2171 p-
395 2122 488 2163 512.
516 2145 571 2151 —-
601 2120 770 2162 κιθών

130 2180 254 2216 Ionum
289 2191 370 2215 esse
399 2191 465 2228 pro
496 2177 647 2229 χιτών
683 2180 771 2216 satis

127 2239 279 2273 constat.
322 2234 379 2270 Cf.
401 2236 510 2271 modo
538 2235 697 2273 Fischer.
724 2237 771 2273 ad

133 2291 279 2329 Weller.
334 2290 350 2326 I
392 2304 431 2341 p.
469 2292 559 2333 154.
611 2293 770 2340 Gregor.

129 2347 292 2385 Corinth.
333 2360 369 2396 p.
419 2346 515 2388 414.
559 2348 773 2385 Declaratur

129 2410 247 2442 autem
269 2404 417 2440 interius
436 2404 563 2442 Ionum
580 2405 772 2442 vestimen-

129 2465 205 2498 tum
235 2460 318 2496 lana
352 2461 551 2498 consectum
587 2474 618 2497 5.
652 2461 773 2498 tunica

131 2516 315 2553 manicata.
353 2516 452 2554 Citat
490 2517 520 2554 C
528 2530 556 2553 r.
594 2516 775 2554 Herodoti

130 2575 284 2622 interpp.
318 2572 367 2608 ad
393 2572 440 2620 V,
462 2574 514 2614 87
541 2576 578 2610 et
595 2573 772 2622 Bottiger.

133 2628 420 2676 Vasengem'alde
439 2630 457 2666 I
485 2643 523 2680 p.
543 2632 611 2671 92.

189 2679 311 2723 πάλαι
344 2682 385 2722 δὲ
414 2700 460 2723 τα
490 2682 661 2723 καλοῖ-
689 2684 772 2735 δεῖ]

134 2742 189 2777 Ex
208 2741 417 2778 traiectione
442 2741 675 2790 Hemdotea,
702 2756 775 2792 qua

135 2794 182 2836 τὰ
209 2794 308 2835 καλα
335 2798 480 2847 proprie
510 2799 688 2846 pertineat
727 2799 775 2835 ad

136 2850 358 2905 μανθάνειν
378 2854 441 2893 δεῖ
466 2854 716 2903 Wyttenbach.
739 2855 775 2892 in

420 638 495 681 καί
541 647 612 681 σεο
663 635 815 692 δέομαι
873 633 930 691 μή
980 633 1156 678 δέεσθαι
1206 633 1481 692 ἀνόμων.“35

833 831 979 869 Selectt.
1003 829 1088 867 hist.
1119 843 1155 880 p.
1178 829 1259 871 345
1285 829 1374 867 haee
1399 841 1480 866 ver-

833 888 880 925 ba
904 887 954 923 sic
982 886 1188 936 accipienda
1218 887 1342 923 docet:
1372 888 1480 932 „iam

833 945 1028 992 antiquitus
1053 945 1141 979 inter
1168 943 1317 979 homines
1345 955 1385 978 ea
1423 944 1480 978 ιἠ-

832 1004 936 1036 venta
981 1002 1235 1048 constitutaque
1288 1002 1388 1044 sunt,
1439 1009 1482 1032 ex

834 1056 956 1105 quibus
975 1055 1059 1104 quid
1080 1055 1190 1105 factu
1221 1056 1395 1091 honestum
1420 1055 1481 1099 sit,

833 1112 960 1148 discere
983 1110 1178 1148 debemus.“
1206 1111 1319 1147 Addit
1336 1110 1366 1147 C
1373 1123 1401 1146 r.
1420 1123 1482 1146 eo-

833 1169 915 1204 dem
945 1181 1075 1215 sensu,
1114 1181 1186 1216 quo
1212 1168 1270 1204 hic
1301 1163 1348 1206 τοέ
1382 1162 1482 1204 καλὰ

834 1224 1017 1271 (honesta,
1044 1224 1173 1273 proba)
1214 1225 1313 1273 apud
1342 1222 1481 1259 Home-

833 1293 912 1316 rum
941 1280 1079 1327 Odyss.
1106 1280 1250 1326 XVIII,
1281 1281 1375 1321 229.
1398 1278 1483 1323 XX,

834 1337 937 1375 310:
978 1331 1125 1383 ἐσθλάς
1177 1340 1286 1384 atque
1313 1335 1482 1370 Eustath.

834 1391 882 1426 ad
907 1390 1063 1439 priorem
1081 1391 1197 1427 locum
1225 1404 1260 1440 p.
1286 1392 1391 1436 666,
1416 1389 1482 1429 34-

834 1446 935 1482 Idem
965 1446 994 1482 C
1001 1459 1029 1484 r.
1053 1447 1226 1483 admonet
1246 1446 1412 1482 Eustath.
1435 1446 1484 1481 ad

835 1502 974 1550 odyss,
1022 1503 1115 1549 XX,
1166 1504 1248 1543 293
1308 1516 1346 1552 p.
1389 1502 1485 1548 735,

834 1559 888 1598 36
920 1558 978 1595 ed.
1008 1559 1122 1598 Basil.
1154 1560 1215 1595 ubi
1240 1559 1287 1596 de
1309 1558 1485 1609 particula

834 1610 959 1652 πάλαι
1016 1617 1200 1666 disputat,
1259 1615 1485 1652 abundanter

834 1671 938 1720 quasi
985 1683 1006 1707 a
1059 1671 1238 1709 veteribus
1295 1674 1481 1721 usurpata,

834 1727 1136 1775 quemadmodum
1157 1725 1262 1766 ποτέ.
1281 1727 1356 1765 Sed
1377 1740 1482 1777 prae-

835 1787 908 1819 stat
923 1783 960 1819 in
981 1785 1192 1822 Herodoteo
1212 1784 1314 1831 loco,
1343 1785 1373 1819 si
1396 1783 1483 1832 quid

834 1839 965 1886 video,
1006 1837 1130 1879 πάλαι
1175 1840 1368 1891 explicare:
1410 1841 1484 1876 iam

835 1895 988 1943 (ludum,
1034 1903 1075 1933 ut
1121 1898 1196 1934 sere
1231 1897 1269 1932 in
1309 1895 1483 1932 consimili

835 1951 968 1987 Plotini
1005 1952 1084 1989 loco
1125 1953 1221 1988 Enn.
1265 1952 1321 1997 II,
1361 1951 1422 1987 lib.
1456 1954 1481 1991 9

837 2019 867 2042 c.
891 2006 941 2045 15
968 2020 1005 2056 p-
1028 2009 1123 2055 213,
1152 2008 1206 2044 F:
1237 2005 1303 2045 καὶ
1334 2003 1483 2052 πάντας

836 2057 987 2111 νόμους
1031 2061 1124 2110 τούς
1169 2062 1346 2102 ἐνταῦθα
1402 2059 1482 2101 α’τι-

838 2114 967 2168 μάσας
1025 2119 1092 2159 καὶ
1140 2134 1235 2170 την
1295 2115 1483 2170 οἷρετήν

837 2189 925 2225 την
956 2174 1004 2214 ἐκ
1034 2191 1231 2222 παντος
1260 2191 1345 2215 του
1370 2171 1484 2227 χρὸ

838 2244 929 2270 νου
965 2227 1338 2283 α’νευρημένην.

885 2287 1066 2327 σκοπέειν
1098 2304 1186 2327 τινα
1226 2303 1273 2327 τα
1314 2286 1483 2340 ἑωυτοῦ]

839 2344 860 2379 i.
881 2358 913 2381 e.
950 2359 1015 2382 sna
1047 2358 1208 2395 quemque
1233 2345 1349 2382 debere
1373 2348 1483 2395 inspi-

838 2413 910 2437 cere
934 2415 963 2437 5.
994 2415 1127 2439 curare.
1155 2400 1313 2450 Moneo,
1334 2415 1380 2440 ne
1404 2403 1485 2451 quis

836 2458 1113 2506 piaeserendum
1140 2463 1287 2496 censeat
1315 2452 1485 2498 σκοπεύ-

840 2527 920 2561 ειν,
962 2516 1060 2564 quod
1096 2515 1180 2552 olim
1209 2518 1346 2553 textum
1380 2528 1484 2552 occu—

838 2573 956 2622 parat.

896 2641 919 2665 κ
933 2626 981 2665 αἱ
1002 2638 1065 2666 σεο
1090 2625 1227 2679 δέομαι
1250 2624 1304 2678 μή
1323 2625 1485 2666 δέεσθαι

841 2679 1020 2734 οἷνόμων]
1049 2684 1151 2721 Idem
1168 2685 1317 2722 verbum
1338 2683 1393 2720 bis
1417 2697 1485 2734 po-

839 2740 946 2777 situm
994 2752 1068 2777 non
1116 2741 1195 2779 sine
1241 2742 1397 2790 quadam
1438 2741 1485 2788 vi,

841 2810 1058 2847 quamquam
1094 2797 1356 2847 significatione
1392 2810 1482 2833 non-

842 2853 927 2892 nihil
955 2854 1105 2892 diversa.
1146 2853 1216 2892 Est
1252 2854 1345 2893 enim
1374 2853 1483 2905 priori
