1877 3223
658 212 875 253 CLIO.
928 212 958 252 I.

1376 213 1456 256 123

175 321 258 380 ἐγώ
287 322 450 376 δοκέω,
486 322 541 369 ου’
571 322 654 380 γάρ
680 322 729 368 τό
760 321 971 379 συντυχὸν
1000 323 1203 379 φαίνεταί
1223 339 1300 379 μοι
1325 324 1502 379 ἔργονθο

176 401 300 447 εἶναι.
339 404 413 448 καὶ
448 405 611 454 πίθους
638 419 683 447 τε
713 402 956 458 ἀργυρέους
984 402 1193 458 τέσσαρας
1223 403 1456 458 ἀπέπεμψε,

152 485 220 526 4οἳ
247 482 294 526 ἐν
323 486 386 541 τῷ
413 484 665 539 Κορινθίων
692 486 902 542 θησαυρῷ
930 481 1095 526 ἑστᾶσι·
1125 482 1197 525 καὶ
1227 483 1457 539 περιῤῥαν-

174 560 303 619 τήρια
339 560 420 607 δύο
460 562 665 620 ἀνέθηκε,
702 561 886 619 χρύσεόν
920 578 964 606 τε
991 561 1064 605 καὶ
1093 559 1331 617 ἀργύρεον·
1370 565 1456 605 τῶν

174 646 237 702 τῷ
263 643 429 702 χρυσέῳ
459 643 776 699 ἐπιγέγραπται,
807 644 1347 695 ΛΑΚΕΔΑΙΜΟΝΙῼΝ,
1376 658 1457 698 φα-

127 822 253 873 pulsos
273 821 410 859 Plinius
433 821 543 860 refert
575 819 671 858 Hist.
692 819 780 858 Nat.

129 878 285 926 XXXV,
308 882 359 921 12
384 883 472 917 sect.
492 877 558 920 45.
616 877 781 916 Archite-

128 940 224 973 ctum
244 937 399 974 eundem
416 936 530 973 fuisse
560 935 629 972 alia
660 934 781 972 decla-

128 996 212 1028 rant
230 996 391 1030 veterum
409 991 627 1029 testimonia.
679 990 780 1028 Alter

130 1047 352 1086 Theodorus
372 1048 490 1085 minor
519 1052 606 1085 natu
636 1051 672 1085 et
700 1048 781 1097 ipse

130 1104 297 1151 Samius,
338 1105 496 1142 Teleclis
532 1104 645 1149 filius,
684 1104 780 1141 idem

131 1165 205 1208 est,
235 1162 335 1198 cuius
363 1166 399 1198 et
420 1161 488 1198 hoc
514 1160 593 1197 loco
618 1161 779 1197 fit'men-

130 1218 181 1253 tio
200 1221 237 1254 et
257 1218 350 1254 infra
370 1217 434 1264 ΙΙΙ,
447 1217 499 1258 41
520 1217 671 1266 aliisque
683 1218 781 1268 apud

130 1272 349 1310 Pausaniam
365 1272 463 1310 locis.
494 1273 692 1322 Polycratis
716 1286 782 1310 an-

128 1328 253 1366 nulum
281 1329 343 1366 ille
380 1330 537 1374 fecerat3
583 1342 667 1366 nam
695 1331 782 1367 vixit

128 1385 231 1422 huius
269 1385 384 1435 ipsius
433 1385 576 1434 tyranni
622 1386 781 1434 indeque

129 1442 238 1479 etiam
255 1441 385 1479 Croesi
397 1446 527 1479 aetate.
587 1442 688 1479 Obiit
707 1442 780 1478 Po-

129 1497 281 1546 lycrates
302 1497 448 1548 Olymp.
463 1497 598 1546 LXIV,
619 1500 645 1539 3
658 1512 686 1534 s.
698 1498 780 1539 522

129 1567 164 1592 a.
189 1554 297 1601 Chr.·‚
327 1555 472 1592 calicem
498 1567 583 1591 vero
612 1554 778 1605 Delphos

129 1611 278 1648 missum
303 1624 388 1648 esse
432 1610 492 1648 Ol.
517 1609 659 1658 LVHI,
694 1613 718 1652 1
749 1625 779 1647 s.

131 1666 213 1708 548
240 1679 273 1704 a.
303 1668 413 1714 Chr.‚
449 1667 564 1717 ipsius
599 1667 780 1705 Herodoti

131 1723 242 1760 verba
260 1724 467 1760 ostendunt.
526 1724 679 1762 Consul.
709 1723 781 1760 Sil-

131 1778 194 1827 lig.
230 1778 269 1815 in
298 1778 434 1816 Artific.
476 1779 643 1828 Catalog.
679 1794 709 1817 s.
746 1794 780 1817 v.

131 1848 169 1886 p.
192 1834 274 1876 439
313 1848 417 1884 seqq.
448 1834 525 1872 coll.
550 1837 631 1877 435
660 1849 782 1885 seqq,

132 1891 194 1940 qui
241 1895 405 1927 nostrum
455 1890 571 1928 locum
617 1892 781 1942 inprimis

132 1951 258 1997 aptum
306 1947 434 1993 habet,
465 1960 509 1984 ex
556 1960 628 1996 quo
677 1948 782 1984 binos

133 2003 353 2041 Theodoros
391 2003 547 2040 artifices
574 2004 687 2040 fuisse
718 2004 782 2039 de-

131 2060 326 2097 monstrari
343 2059 485 2109 possit,
515 2071 594 2095 cum
615 2072 697 2096 eam
710 2059 781 2094 vir-

130 2119 265 2162 tutem,
297 2127 406 2164 quam
434 2114 565 2164 prioris
593 2114 783 2151 Theodori

131 2172 303 2222 operibus
325 2171 505 2207 abiudicet
522 2170 720 2207 Pausanias
732 2170 780 2218 X,

133 2229 208 2275 38,
237 2229 286 2275 3,
323 2226 536 2264 Herodotus
580 2239 781 2275 agnoscere

132 2285 308 2322 videatur.
364 2284 423 2322 De
458 2282 634 2320 Theodoro
657 2283 782 2333 dispu-

133 2341 222 2376 tavit
259 2340 366 2378 etiam
398 2339 559 2377 Boeckh.
598 2339 637 2376 in
669 2340 781 2390 Corp.

133 2395 314 2447 Inscriptt.
334 2396 372 2443 Ι,
393 2397 419 2436 3
439 2409 526 2446 pag.
543 2398 627 2437 872
650 2409 728 2445 seq.

189 2459 235 2502 ‘co'
254 2460 447 2515 συντυχὸν
459 2461 588 2516 ἔργον]
604 2463 627 2500 i.
642 2476 674 2501 e.
691 2476 783 2513 opus

137 2517 293 2567 mlgaris
314 2520 494 2567 fabricae,
522 2520 560 2556 in
592 2532 664 2567 quo
696 2519 786 2556 nihil

139 2578 214 2620 est,
243 2575 342 2623 quod
366 2588 477 2626 supra
509 2575 672 2626 vulgaria
699 2576 786 2614 arti·-

138 2630 242 2667 ficum
261 2643 371 2680 opera
391 2632 556 2669 emineat.

193 2683 261 2724 καὶ
307 2684 620 2738 περιῤῥαντήρια
681 2681 783 2738 δύο]

140 2740 326 2779 Pertinent
351 2742 440 2780 haec
469 2744 517 2780 ad
541 2755 662 2781 sacras
686 2748 786 2782 vete-

137 2810 216 2834 rum
253 2797 505 2846 lustrationes3
562 2803 647 2837 sunt
690 2800 786 2838 enim

138 2857 335 2906 aquarias.
368 2854 490 2904 labra,
520 2867 595 2896 non
619 2853 787 2896 solumin

850 819 1065 870 templorum
1076 821 1196 859 limine
1208 822 1402 859 constituta
1413 834 1499 872 pur-

853 878 1009 927 gationis
1029 890 1136 915 causa
1166 878 1245 926 (ut,
1265 879 1325 927 qui
1350 879 1499 916 accede-

849 939 947 981 rent,
978 936 1072 984 aqua
1086 939 1295 972 consecrata
1313 948 1353 972 se
1374 947 1500 985 asper-

849 992 1008 1040 gerent),
1039 991 1106 1028 sed
1135 992 1243 1028 etiam
1277 990 1314 1026 ‘m
1335 991 1499 1041 compitis

847 1048 1001 1098 ipsoque
1030 1048 1065 1083 in
1096 1049 1176 1084 foro
1205 1047 1500 1093 Atheniensium3

848 1105 948 1153 quod
970 1118 989 1141 e
1009 1104 1091 1152 lege
1112 1103 1320 1152 intelligitur
1341 1105 1500 1153 quadam

848 1161 946 1210 apud
986 1159 1154 1197 Aeschin.
1195 1161 1276 1197 adv,
1314 1160 1350 1197 T
1354 1161 1499 1198 imarch.

849 1215 885 1267 ἓ.
910 1219 982 1264 10,
1011 1217 1071 1253 ubi
1093 1217 1193 1265 quod
1211 1217 1335 1254 Bremi
1356 1218 1404 1255 de
1414 1230 1501 1255 can-

848 1273 946 1310 cellis
975 1273 1163 1321 intelligit,
1192 1273 1287 1310 intra
1316 1287 1408 1322 quos
1434 1287 1501 1311 ne-

848 1330 934 1365 mini
952 1329 1092 1378 impuro
1113 1330 1247 1366 intrare
1266 1329 1382 1376 liceat,
1397 1343 1501 1367 vere-

848 1398 910 1432 or,
939 1390 978 1421 ut
994 1386 1070 1420 viro
1091 1386 1301 1421 doctissimo
1331 1386 1501 1422 assentiri

847 1440 997 1490 possim.
1064 1440 1213 1478 Rectius
1249 1441 1423 1479 intellexit
1446 1441 1499 1478 Io.

846 1497 1028 1535 Lomeier.
1060 1497 1098 1533 in
1135 1502 1315 1546 syntagm.
1345 1498 1391 1535 de
1412 1502 1500 1535 vett.

847 1553 1002 1591 lustratt.
1035 1553 1247 1603 (Zutphan.
1270 1553 1405 1603 1700)
1442 1567 1499 1604 cp.

847 1610 990 1647 XXXV
1012 1623 1099 1660 pag.
1126 1610 1209 1651 437
1240 1624 1341 1659 seq.‚
1371 1611 1432 1647 ubi
1453 1611 1500 1648 de

847 1667 954 1703 variis
978 1666 1082 1703 huius
1106 1667 1204 1703 vocis
1226 1667 1500 1716 significationi-

847 1724 916 1760 bus
943 1723 1123 1773 exposuit.
1158 1723 1223 1760 Cr.
1255 1725 1395 1761 confert
1413 1723 1499 1760 Pol-

847 1779 915 1816 luc.
939 1780 1130 1816 Onomast.
1147 1779 1163 1815 I
1182 1778 1217 1829 ἓ.
1241 1781 1265 1820 8
1290 1793 1368 1816 cum
1386 1780 1500 1818 inter-

847 1840 956 1886 prett.
989 1834 1026 1886 ἓ.
1054 1838 1110 1877 32
1135 1835 1216 1872 coll.
1242 1848 1312 1872 van
1333 1835 1426 1873 Dale
1452 1836 1500 1873 de

848 1904 963 1928 oracc.
983 1904 1070 1941 pag.
1086 1893 1166 1931 100
1178 1904 1282 1939 seqq.
1307 1896 1342 1928 et
1352 1891 1499 1941 Ioseph.

848 1946 998 1994 Antiqq.
1019 1947 1123 1982 Iudd.
1151 1946 1224 1993 ΙΙΙ,
1242 1949 1266 1986 6
1296 1944 1332 1996 ἓ.
1346 1950 1383 1987 2.
1415 1946 1462 1984 T.
1481 1947 1500 1984 I

848 2015 884 2052 p.
911 2003 990 2043 132
1009 2002 1055 2039 de
1075 2002 1291 2038 Iudaeorum
1311 2002 1443 2050 labris,
1462 2003 1500 2040 in

850 2058 982 2106 quibus
1003 2058 1209 2095 sacerdotes
1230 2071 1358 2096 manus
1380 2072 1421 2096 ac
1432 2072 1498 2110 pe-

848 2114 913 2150 des
947 2119 1155 2163 purgarent.
1185 2135 1241 2142 -
1268 2114 1387 2153 Nobis
1415 2120 1499 2154 sunt

854 2169 1233 2220 ll'ez'lzwassergefci'sse.

904 2239 996 2276 τῶν
1017 2260 1072 2265 --
1092 2237 1389 2290 ἐπιγέγραπται]
1416 2236 1498 2275 Νο-

849 2298 944 2332 tetur
970 2294 1107 2331 relatiu’
1144 2295 1367 2345 pronominis
1396 2308 1500 2342 usus,

850 2351 949 2389 cuius
960 2350 1038 2387 loco
1050 2363 1251 2400 pronomen
1270 2352 1498 2389 demonstra-

851 2408 961 2444 tivum
992 2407 1117 2444 addita
1154 2407 1329 2458 particula
1364 2408 1498 2445 substi-

850 2468 952 2501 tuere
979 2463 1111 2512 possis.
1189 2464 1332 2501 Monuit
1367 2465 1499 2502 Struve

852 2519 1008 2571 Speciin.
1037 2520 1188 2563 Quaest.
1209 2520 1298 2558 Her.
1322 2533 1408 2570 pag.
1432 2523 1498 2562 27.

910 2576 1263 2626 Λακεδαιμονίων]
1289 2576 1499 2614 Istiusmodi

853 2632 1031 2681 genitivus
1051 2632 1215 2670 absolute
1242 2633 1383 2683 positus
1401 2633 1500 2670 haud

854 2701 935 2726 raro
957 2688 994 2724 in
1012 2688 1098 2725 artis
1119 2689 1289 2739 operibus
1307 2689 1499 2737 invenitur,

851 2745 912 2782 ubi
931 2743 1142 2794 plerumque
1168 2745 1384 2782 subaudiunt
1405 2741 1500 2784 οἷνά-

851 2804 966 2851 θημα
987 2814 1015 2836 S.
1035 2801 1186 2852 60390113
1215 2813 1288 2850 qua
1310 2805 1433 2840 tamen
1447 2800 1497 2840 el-

850 2856 933 2910 lipsi
957 2869 1032 2896 non
1057 2870 1150 2910 opus
1188 2870 1271 2896 esse
1299 2858 1386 2897 mihi
1412 2870 1497 2911 per-
