1909 3228
521 229 1050 271 EUTERPE.11.
1337 227 1422 267 683

1476 343 1624 371 Chemmis
1659 341 1754 369 urbs:

1474 379 1505 404 ἰιι
1517 385 1553 404 ea
1563 378 1672 404 Perseo
1683 380 1755 402 tcm-

1476 412 1555 446 plum
1582 414 1612 437 et
1636 409 1756 443 signum

1474 446 1620 485 dicatum,
1657 449 1687 482 et
1712 442 1757 468 in-

864 500 906 542 οῑ
944 498 1023 553 μέν
1061 513 1145 539 νυν
1186 494 1309 538 ἄλλοι
1338 495 1417 537 Αἰ-
1473 476 1667 540 ssssiii'J1',¹²¹d¹
1702 483 1753 511 ω’

37 352 102 397 91
269 340 551 399 Ἑλληνικοῖσι
603 342 648 385 δὲ
689 341 908 397 νομαίοισι
955 335 1166 394 φεύγουσι
1206 338 1418 392 χρᾶσθαι·

160 423 209 467 τὸ
241 424 286 467 δὲ
321 421 497 478 σύμπαν
536 424 691 472 εἰπεῖν,
743 417 847 476 μήὸ’
888 417 1029 462 ἄλλων
1066 419 1242 474 μηδαμοῖ
1275 417 1471 472 μηδα-ΩΟ

161 506 254 560 μῶν
284 501 536 557 ἀνθρώπων
572 501 804 557 νομαίοισι.

132 582 339 639 Ξγύπτιοι
378 580 493 624 οὕτω
531 583 660 624 τοῦτο
701 579 987 635 φυλάσσουσι.
1046 576 1133 619 ἔστι
1174 575 1220 619 δὲ
1261 575 1424 630 Χέμμις
1485 572 1564 615 144

161 662 286 714 πόλις
334 659 496 718 μεγάλη
532 664 673 716 νομοῦ
720 663 799 702 τοῦ
841 659 1090 714 Θηβαϊκοῦ,
1143 655 1270 711 ἐγγύς
1308 655 1423 711 Νέης

327 858 357 894 C
369 871 435 908 ap.
467 856 566 894 XCI.

162 942 425 993 Ἑλληνικοῖσι
468 938 510 980 δὲ
561 939 765 990 νομαίοισι

108 997 302 1053 φεύγουσι
334 995 532 1050 χρᾶσθαι]
574 998 681 1034 Conf.
704 1010 765 1033 su-

107 1071 175 1111 pra
204 1058 238 1104 I,
267 1060 344 1103 79,
393 1057 455 1093 ubi
483 1051 636 1104 νόμους
677 1054 764 1090 dicit

105 1115 265 1167 patrios,
295 1113 422 1162 quibus
435 1112 609 1161 Aegyptii
629 1111 764 1147 adhae—

108 1176 234 1217 reant,
264 1170 464 1220 peregrinis
483 1169 628 1205 minime
648 1166 764 1204 adsci-

108 1229 166 1266 tis.
225 1228 346 1271 Quam
374 1227 421 1262 ob
450 1238 593 1262 causam
621 1237 664 1261 eo
687 1236 764 1260 ma-

109 1286 164 1334 gis
204 1284 361 1321 advertit
398 1287 538 1332 patrem
578 1281 763 1326 historiae,

109 1342 209 1390 quod
229 1340 329 1390 apud
341 1339 565 1376 Chemmitas
576 1338 765 1374 invenerat

108 1398 332 1442 institutum,
392 1395 543 1432 Graecis
591 1393 763 1429 institutis

107 1467 258 1505 prorsus
308 1451 450 1497 simile,
488 1455 765 1497 memoratuque

109 1510 375 1559 dignissimum.
424 1507 513 1545 Inde
536 1507 657 1556 posuit
685 1505 766 1542 No-

109 1571 204 1604 ster:
231 1565 272 1604 οῖ
300 1563 372 1615 μέν
400 1579 475 1602 νυν
503 1560 616 1602 ἄλλοι
640 1556 767 1612 Αἰγύ-

107 1637 216 1663 πτιοι
238 1617 341 1661 οὕτω
357 1623 472 1660 τοῦτο
492 1615 763 1668 φυλάσσουσις

110 1680 240 1730 quibus
258 1677 462 1728 Aegyptios
481 1677 640 1714 declarat
657 1675 764 1712 valde

111 1736 256 1774 deditos
279 1735 406 1785 patriis
425 1734 597 1770 institutis
617 1745 766 1769 conser-

111 1793 241 1830 vandis
262 1796 300 1829 et
327 1792 372 1828 ab
394 1790 472 1827 aliis
500 1789 649 1826 aliarum
675 1800 767 1836 gen-

113 1849 205 1885 tium
217 1847 488 1884 introducendis
508 1846 661 1882 maxime
681 1844 768 1880 alie-

113 1918 180 1942 nos
191 1918 201 1950 ς
213 1904 278 1941 sed
297 1903 418 1940 statim
429 1903 619 1939 additurus
633 1901 769 1937 Chem-

115 1962 222 1999 mitas
263 1959 358 1997 solos
399 1959 444 1995 ab
479 1958 533 1994 his
568 1958 770 2003 discedere,

116 2018 253 2066 quippe
299 2016 399 2065 apud
428 2028 518 2063 qnos
552 2014 622 2050 alia
659 2014 770 2049 etiam

116 2074 235 2111 minus
247 2071 447 2122 Aegyptia,
467 2072 531 2108 sed
550 2083 644 2119 quae
654 2070 771 2106 Grae-

116 2143 158 2167 ca
193 2131 294 2175 sint,
344 2128 564 2174 obtineant,
612 2126 771 2163 subiicit:

117 2185 198 2224 ἔστι
220 2182 271 2224 δὲ
294 2183 447 2234 Χέμμις
465 2198 498 2221 κ.
516 2197 548 2220 τ.
568 2185 601 2220 λ.
659 2182 772 2218 Suffi-

116 2243 212 2279 ciant
241 2242 330 2279 haec
354 2241 403 2277 ad
438 2252 571 2278 nexum
598 2238 771 2277 orationis

116 2298 419 2350 perspiciendum.

177 2380 256 2421 ἔστι
284 2379 326 2420 δὲ
348 2379 499 2432 Χέμμις
519 2374 636 2426 πόλις
657 2373 774 2431 μεγά-

120 2441 168 2488 λη
199 2453 235 2476 κ.
266 2452 297 2475 τ.
328 2435 375 2487 λ.]
418 2437 587 2474 Chemmis
611 2436 697 2473 urbs
725 2436 774 2472 ad

121 2493 330 2531 orientalem
350 2493 426 2530 Nili
442 2495 558 2544 ripam
584 2493 652 2529 sita
681 2493 775 2528 inter

120 2549 425 2600 Aphroditopolin
452 2554 487 2587 et
507 2549 714 2586 Ptolemain
738 2549 774 2584 in

122 2605 334 2652 Thebaide,
353 2606 440 2642 satis
459 2606 580 2656 ampla
600 2609 637 2642 et
655 2606 773 2654 prisco

122 2674 214 2699 aevo
234 2663 391 2698 condita.
438 2662 571 2698 Graeci
592 2661 773 2697 vocabant

124 2717 339 2767 Panopolz'n,
380 2718 551 2766 quoniam
569 2717 679 2753 Panis
701 2716 774 2753 cul-

122 2779 161 2811 tu
172 2775 366 2825 praecipue
380 2774 531 2822 insignis
542 2773 624 2819 fuit,
639 2774 775 2822 ipsum-

123 2843 195 2879 que
224 2831 300 2868 eius
326 2843 480 2876 nomen,
518 2829 617 2878 quod
644 2829 773 2879 Coptis

125 2891 179 2924 est
201 2886 347 2924 Schmin
360 2887 437 2924 sive
455 2886 586 2924 Ckmim
599 2914 610 2933 ,
637 2885 774 2923 Panem

832 854 1016 904 Aegyptio
1077 865 1243 889 sermone
1285 851 1482 887 indicabat.

832 911 940 949 Nune
975 922 1122 959 quoque
1154 914 1258 946 vetus
1288 907 1484 958 appellatio

831 967 1102 1017 quodammodo
1120 965 1308 1009 remansit,
1338 968 1487 1001 vocatur

832 1026 929 1063 enim
958 1025 1003 1061 ab
1031 1022 1210 1060 Arabibus
1229 1022 1390 1058 Akhmim
1420 1033 1484 1057 seu

831 1081 992 1119 ΙΙεΙιηηήι.
1057 1080 1168 1117 Plura
1210 1078 1484 1116 Schlichthorst.

833 1139 855 1176 l.
875 1139 897 1174 l.
930 1151 1016 1188 pag.
1041 1139 1120 1177 100
1145 1149 1220 1185 seq.
1280 1133 1485 1184 Champoll.

831 1196 992 1245 l'Egypt.
1022 1207 1105 1230 sous
1124 1193 1146 1230 l.
1173 1193 1275 1244 phar.
1302 1192 1317 1228 I
1346 1205 1383 1242 p.
1402 1190 1484 1231 257

833 1266 935 1301 seqq.
995 1251 1101 1294 Quae
1139 1254 1265 1287 contra
1295 1251 1487 1297 argutatur

832 1309 1046 1346 Mannertus
1080 1305 1313 1356 (Geograph.
1335 1306 1402 1341 der
1419 1303 1486 1340 Gr.

832 1381 867 1404 u.
889 1365 995 1402 Riim.
1022 1363 1079 1409 X,
1106 1366 1127 1403 1
1159 1376 1244 1413 pag.
1262 1360 1344 1403 374
1377 1360 1488 1408 seq.),

832 1435 904 1472 quo
928 1420 1102 1456 Cleemmz'n
1112 1419 1364 1456 Herodoteam
1377 1429 1398 1453 a
1411 1415 1487 1452 Pa-

832 1476 949 1527 nopolz’
964 1476 1146 1512 diversam
1170 1488 1250 1513 esse
1277 1474 1487 1518 contendat,

833 1533 921 1572 nihil
940 1544 1133 1570 moramur.
1191 1531 1281 1568 Vult
1311 1529 1406 1567 enim
1430 1541 1491 1565 ur-

834 1592 920 1629 bem
941 1602 1041 1635 esse,
1074 1601 1168 1637 quae
1185 1600 1207 1625 a
1227 1587 1377 1624 Graecis
1388 1588 1491 1636 post-

831 1648 942 1686 modo
964 1645 1088 1695 Coptos
1106 1645 1152 1681 sit
1170 1643 1362 1695 appellata.
1407 1641 1489 1679 Nec

833 1717 921 1742 sane
941 1702 1001 1740 ille
1025 1702 1213 1752 perspexit
1231 1700 1406 1737 orationis
1421 1711 1489 1736 ne-

833 1774 938 1806 xum,
979 1760 1040 1808 qui
1067 1758 1299 1796 Herodotum
1322 1757 1369 1793 ad
1397 1756 1487 1792 haec

834 1816 1016 1854 narranda
1043 1814 1255 1865 impulerit,
1303 1814 1350 1850 de
1378 1812 1489 1849 Panis

835 1873 933 1910 cultu
951 1900 961 1918 ‚
1001 1883 1074 1920 quo
1118 1871 1203 1907 urbs
1241 1869 1394 1906 maxime
1421 1869 1490 1905 fuit

835 1928 988 1977 insignis
1009 1955 1019 1973 ,
1077 1927 1240 1964 silentem
1262 1954 1273 1972 ,
1319 1925 1490 1974 quoniam

837 1985 984 2022 omnino
1008 1984 1054 2020 de
1073 1983 1179 2020 rebus
1191 1983 1300 2019 sacris
1312 1982 1492 2019 silentium

838 2042 905 2078 sibi
925 2041 1160 2089 imposuerat,
1177 2039 1247 2076 nisi
1266 2038 1326 2075 ubi
1347 2042 1491 2075 coactus

839 2098 927 2147 quid
966 2096 1152 2144 divulgare
1190 2108 1340 2132 necesse
1385 2095 1495 2131 fuerit

840 2154 904 2201 (cf.
924 2153 978 2199 ll,
999 2153 1051 2193 65
1074 2151 1181 2202 etc.);
1224 2164 1317 2201 quae
1346 2151 1493 2200 quidem

839 2210 1036 2248 necessitas
1076 2208 1134 2245 hic
1168 2208 1265 2245 nulla
1295 2219 1493 2256 sanequam

838 2270 1003 2317 apparet.
1061 2265 1144 2303 Hoc
1177 2278 1263 2302 vero
1301 2264 1368 2301 hac
1406 2264 1494 2300 data

840 2324 1029 2360 occasione
1047 2323 1222 2359 monitum
1246 2320 1372 2366 velim,
1403 2319 1493 2356 Per-

841 2380 893 2417 sei
911 2379 1046 2417 cultum
1064 2379 1296 2428 praecipuum
1312 2378 1349 2413 in
1369 2389 1413 2413 ea
1431 2389 1494 2412 ur-

842 2437 913 2483 be,
943 2448 1038 2484 quae
1062 2435 1154 2471 Pani
1183 2435 1249 2471 suit
1270 2436 1492 2479 consecrata,

842 2505 915 2530 non
936 2493 1111 2528 absonum
1132 2490 1268 2537 videri,
1297 2503 1377 2527 cum
1397 2493 1497 2526 uter-

842 2562 913 2597 que
934 2549 1025 2584 deus
1036 2548 1084 2583 ad
1095 2548 1237 2584 siderea
1248 2547 1394 2583 numina
1409 2558 1495 2594 per-

843 2606 980 2650 tineat,
1010 2604 1139 2652 quibus
1160 2604 1340 2652 insignem
1360 2603 1433 2638 vim
1457 2601 1495 2637 in

841 2665 974 2698 terram
993 2662 1211 2709 frugumque
1226 2659 1339 2696 omnis
1350 2658 1494 2708 generis

841 2722 1057 2768 proventum
1077 2721 1113 2753 et
1133 2716 1274 2766 copiam
1292 2716 1497 2753 tribuerunt

842 2773 1024 2822 Aegyptii.
1099 2772 1160 2810 Tu
1193 2773 1287 2809 conf.
1321 2772 1494 2809 Creuzer.

842 2829 1006 2878 Symbol.
1022 2828 1072 2866 III
1089 2842 1126 2879 p.
1139 2830 1232 2870 236.
1254 2829 1346 2870 237.

900 2882 1015 2938 ἐγγύς
1037 2884 1146 2936 Νέης
1164 2881 1326 2935 πόλιος]
1372 2883 1496 2922 Facile
