1909 3228
571 208 1090 248 EUTERPE.H.
1364 210 1448 251 543

192 318 305 374 νομὰ
335 318 423 362 ἐστι
450 317 626 373 Ἀσμάχ·
677 317 858 361 δύναται
889 319 934 362 δὲ
963 322 1092 362 τοῦτο
1123 319 1172 362 τὸ
1205 318 1304 368 ἔπος
1335 317 1444 360 κατὰ
1499 331 1776 392 ἷιιὴῑῑιίῖεὲεειῂῑξὶἳέιῑῶς-

1753 375 1776 391 Η

191 398 272 454 τήν
295 396 511 453 Ἑλλήνων
539 402 761 451 γλῶσσαν,
794 399 837 440 οἱ
865 398 906 450 ἐξ
937 396 1162 454 ἀριστερῆς
1189 398 1331 453 χειρὸς
1362 413 1445 440 πα-
1502 398 1632 459 ffisffibffl
1658 399 1775 426 ⁰⁰¹⁰¹¹⁰*

163 477 444 531 3ριστάμενοι
485 477 662 532 βασιλέϊ.
721 474 966 532 ἀπέστησαν
1007 478 1052 520 δὲ
1088 472 1217 520 αὗται
1257 478 1447 531 τέσσερες

190 557 263 598 καὶ
294 558 422 598 εἴκοσι
455 554 658 610 μυριάδες
680 557 928 609 Αἰγυπτίων
957 560 1045 598 τῶν
1066 558 1261 612 μαχίμων
1281 557 1322 607 ἐς
1345 555 1447 607 τούς
1459 562 1503 598 75

165 636 414 685 4Αἰθίοπας
445 634 648 684 τούτους,
680 631 736 675 δι’
770 635 910 688 αἰτίην
938 634 1124 691 τοιήνδε.
1167 635 1234 679 ἐπὶ
1273 639 1447 690 Ψαμμι-

191 716 312 768 τίχου
342 714 538 769 βασιλέος
570 712 762 767 φυλακαὶ
792 712 1058 755 κατέστασαν
1089 714 1134 756 ἔν
1163 731 1207 757 τε
1240 712 1447 769 Ἐλεφαν-

191 794 286 848 τίνῃ
327 791 427 834 πόλι
466 791 573 844 πρὸς
612 789 860 843 Αἰθιόπων,
921 792 992 835 καὶ
1032 793 1079 835 ἐν
1115 791 1323 850 Δάφνῃσι
1353 797 1450 850 τῇσι

193 872 487 927 Πηλουσίῃσι,
517 870 623 925 ἄλλη
655 870 700 912 δὲ
730 869 839 926 πρὸς
867 869 1078 927 Ἀραβίων
1107 888 1152 915 τε
1174 872 1246 915 καὶ
1268 871 1445 927 Σύρων,

132 1055 317 1102 gnabundi
334 1056 509 1092 defecisse
527 1060 561 1092 et
579 1055 614 1091 in
634 1054 786 1092 Aethio-

131 1111 227 1161 piam
238 1112 492 1159 commigrasse
503 1112 677 1148 dicuntur.
688 1111 785 1148 'Nam

132 1168 275 1203 sinistra
296 1169 412 1203 minus
436 1169 557 1216 ulique
586 1168 784 1213 honorata·,

133 1224 228 1260 unde
249 1224 443 1273 appellatio
462 1219 609 1273 Ἀσμάχ
630 1224 784 1272 ignomi-

132 1279 212 1316 niae
232 1292 339 1316 causa
358 1280 423 1315 illis
437 1280 549 1316 indita
563 1281 671 1317 fuisse
681 1280 783 1316 vide-

131 1341 200 1371 tur.
231 1336 306 1372 Sed
326 1336 412 1371 alias
434 1349 577 1384 quoque
590 1349 715 1372 causas
727 1338 782 1372 fu-

132 1392 202 1428 isse
228 1393 416 1440 suspiceris
436 1391 536 1438 licet,
567 1405 659 1440 quae
688 1392 781 1427 indi-

130 1459 242 1495 genas
276 1447 404 1484 milites
438 1447 637 1494 moverint,
692 1452 731 1483 ut
759 1459 781 1483 a

129 1503 380 1540 Psammiticho
407 1503 645 1540 desciscerent
676 1503 782 1539 alias-

129 1572 200 1608 que
218 1560 284 1596 sibi
311 1564 526 1608 quaererent
553 1564 676 1596 terras.
708 1558 782 1602 Qui

130 1616 224 1652 enim
236 1617 308 1652 iam
321 1616 488 1653 Setlionis
502 1616 696 1652 sacerdotis
715 1615 780 1652 sub

129 1672 280 1721 imperio
332 1673 523 1721 postpositi
567 1673 700 1708 fuerint
738 1684 780 1707 ac

128 1728 294 1776 neglecti,
314 1728 410 1764 haud
436 1728 571 1764 meliori
601 1732 698 1764 sorte
725 1728 779 1763 usi

130 1797 210 1825 esse
235 1784 402 1820 videntur
439 1784 680 1819 Psammitichi
713 1784 778 1819 sub

128 1852 264 1887 regno,
295 1840 354 1887 qui
374 1839 587 1888 peregrinos
613 1840 779 1875 mercede

131 1896 351 1932 conduxerat
382 1895 534 1940 milites,
578 1895 778 1942 iisdemque

131 1965 170 1988 se
233 1951 507 1988 custodiendum
567 1951 778 1986 tradiderat.

131 2008 237 2044 Conf.
257 2012 347 2042 nott.
369 2008 415 2043 ad
443 2006 494 2052 ll,
520 2006 610 2047 152.
669 2006 780 2042 Plura

128 2064 240 2100 Beck.
260 2062 480 2111 lVeltgesch.
503 2062 513 2097 1
534 2076 569 2111 p.
595 2064 687 2102 726.

187 2114 353 2157 δύναται
383 2116 424 2156 δὲ
454 2120 568 2155 τοῦτο
591 2115 634 2156 τό
663 2115 777 2166 ἔπος]

130 2171 331 2214 δύνασθαι
340 2175 464 2221 valere,
477 2175 678 2222 significare
687 2174 779 2222 (quo

130 2245 237 2269 sensu
256 2230 389 2269 θέλειν
406 2231 451 2276 Il,
475 2234 544 2276 13)
559 2230 780 2267 illustrarunt

130 2288 302 2324 Valcken.
334 2288 381 2324 ad
409 2287 547 2323 Herod.
581 2286 653 2332 IV,
686 2287 777 2325 131.

129 2343 342 2380 Boissonad.
364 2344 411 2379 ad
422 2344 561 2392 Eunap.
581 2355 666 2392 pag.
688 2341 778 2382 155.

131 2419 186 2426 —
221 2399 280 2436 De
306 2400 525 2436 nominativo
555 2399 680 2435 addito
704 2398 776 2434 vid.

130 2453 259 2490 Matth.
283 2455 347 2491 Gr.
370 2456 434 2491 Gr.
452 2469 488 2504 p.
505 2457 597 2495 609.

184 2505 371 2560 μυριάδες
379 2511 606 2560 Αἰγυπτίων
618 2511 697 2548 τῶν
707 2524 777 2559 μα-

131 2564 257 2615 χίμων
280 2580 315 2602 κ.
332 2581 363 2604 τ.
389 2565 443 2616 λ.]
476 2566 726 2614 lntelliguntur
754 2566 778 2601 ii

130 2619 319 2670 Aegyptii,
350 2623 408 2670 qui
428 2623 474 2658 ad
490 2621 637 2658 militum
648 2622 777 2658 tribum

131 2677 431 2725 (Kriegercaste)
460 2678 710 2725 pertinebant,
740 2677 777 2714 in

129 2732 359 2781 Aethiopiam
374 2733 602 2780 transgressi,
624 2746 702 2769 cum
721 2746 778 2770 re-

130 2789 186 2836 gis
215 2787 428 2838 Aegyptiaci
458 2789 640 2838 imperium
667 2801 777 2837 aegre

129 2845 283 2889 ferrent,
312 2845 348 2881 id
361 2845 459 2893 quod
471 2844 573 2881 valde
591 2845 777 2881 diminuis-

853 1069 893 1094 se
918 1058 1137 1095 censendum
1163 1061 1218 1096 est
1247 1058 1406 1108 ipsorum
1430 1056 1504 1095 Ae-

853 1115 954 1162 gypti
980 1127 1103 1162 regum
1126 1114 1313 1151 facultates
1336 1118 1372 1151 et
1396 1127 1499 1163 opeS‚

852 1183 931 1206 cum
951 1184 1057 1208 omne
1076 1171 1185 1206 robur
1206 1170 1241 1206 in
1264 1170 1329 1207 hac
1351 1170 1502 1206 militum

852 1226 946 1261 tribu
967 1231 1062 1263 esset
1081 1227 1236 1275 positum
1250 1255 1260 1272 ,
1290 1226 1417 1275 reliqui
1438 1239 1501 1263 au-

849 1285 921 1318 tem
944 1280 1117 1332 Aegyptii
1138 1284 1244 1319 armis
1265 1283 1423 1319 ferendis
1444 1282 1501 1318 vix

848 1351 955 1386 pares
976 1343 1108 1375 essent.
1140 1339 1197 1374 Cf.
1213 1340 1368 1375 Heeren.
1391 1339 1501 1375 ldeen

849 1399 915 1429 etc.
930 1394 973 1439 ll,
987 1398 1012 1434 2
1023 1408 1057 1443 p.
1071 1395 1152 1434 399
1164 1394 1240 1430 coll.
1253 1407 1288 1442 p.
1307 1396 1384 1434 137
1397 1407 1500 1443 seqq.

848 1448 889 1484 In
909 1449 1100 1498 Aethiopia
1121 1450 1275 1497 benigne
1292 1451 1430 1499 excepti
1444 1463 1501 1486 se-

849 1504 914 1540 des
934 1510 1150 1554 aeceperunt
1179 1506 1214 1541 in
1241 1510 1337 1542 terra
1355 1506 1500 1551 Gaiam,

848 1561 908 1597 ubi
927 1562 1109 1610 prioribus
1130 1561 1253 1598 incolis
1272 1561 1350 1598 loco
1375 1562 1501 1611 pulsis,

849 1630 950 1653 sunm
971 1618 1156 1665 quoddam
1187 1631 1338 1666 regnum
1367 1619 1502 1655 conde-

849 1678 940 1709 rent.
972 1674 1080 1710 Plura
1106 1675 1264 1711 Heeren.
1293 1674 1315 1710 l.
1347 1674 1369 1711 l.
1397 1674 1452 1721 ll,
1477 1677 1497 1714 1

847 1743 883 1778 p.
902 1729 983 1769 427
1007 1744 1081 1778 seq.
1102 1730 1183 1770 434
1205 1744 1281 1779 seq.
1305 1730 1368 1767 Cr.
1396 1731 1443 1767 ad
1464 1730 1499 1767 h.

846 1784 869 1820 l.
892 1785 1082 1834 adscripsit
1110 1786 1266 1822 Coraem
1286 1787 1333 1822 ad
1353 1786 1500 1822 Heliod.

846 1839 1014 1889 Aethiop.
1037 1854 1121 1890 pag.
1140 1842 1220 1881 256
1243 1855 1319 1890 seq.
1342 1845 1378 1878 et
1395 1842 1504 1877 Jour-

847 1894 906 1930 nal
930 1896 965 1931 d.
987 1897 1072 1932 Sav.
1098 1899 1203 1937 1819
1234 1898 1336 1945 Sept.
1360 1910 1394 1946 p.
1418 1897 1500 1938 518

846 1951 1005 1991 -520.
1065 1952 1145 1988 Hoc
1169 1953 1262 1988 enim
1293 1953 1369 1989 loco
1394 1953 1500 2001 Angli

847 2007 1030 2043 cuiusdam
1044 2008 1214 2044 Bowdieh
1234 2009 1412 2045 sententia
1424 2022 1501 2045 me-

846 2067 1017 2109 moratur,
1037 2063 1232 2112 Aethiopes
1252 2065 1296 2100 ab
1308 2064 1499 2114 Aegyptiis

846 2119 1129 2166 immigrantibus
1160 2119 1306 2168 pulsos,
1342 2121 1378 2156 in
1406 2121 1499 2158 inte-

845 2175 977 2210 riorem
988 2174 1145 2211 Africam
1156 2175 1328 2224 paulatim
1341 2189 1422 2214 esse
1434 2177 1500 2214 de-

845 2231 956 2275 latos,
988 2236 1025 2267 ut
1054 2245 1119 2280 pro
1139 2232 1346 2280 parentibus
1377 2233 1496 2280 gentis

845 2286 1134 2324 bellicosissimae
1144 2287 1271 2335 Anglis
1285 2301 1399 2337 nuper
1415 2302 1497 2338 per-

845 2355 952 2391 quam
972 2343 1109 2391 satalis,
1140 2344 1344 2390 ΑεΙιαηΐεέ,
1373 2344 1496 2382 haberi

843 2399 996 2449 possint.

901 2453 967 2492 καὶ
994 2453 1035 2493 ἐν
1064 2449 1256 2507 Δάφνῃσι
1288 2457 1380 2508 τῇσι
1412 2457 1494 2506 Πη-

846 2508 1048 2563 λουσίῃσι]
1079 2510 1249 2560 Daplmae
1274 2511 1494 2559 Pelusiacae,

845 2580 939 2615 quae
966 2568 1058 2603 infra
1077 2579 1222 2616 quoque
1251 2572 1498 2605 memorantur

844 2622 898 2668 ll,
930 2625 1026 2668 107,
1065 2635 1138 2659 non
1167 2623 1317 2659 multum
1343 2624 1494 2661 aberant

844 2691 865 2715 a
886 2678 1027 2715 Pelusio
1058 2679 1166 2725 urbe,
1205 2679 1393 2716 Pelusiaco
1424 2682 1493 2716 flu·-

843 2735 900 2770 vio
925 2734 1114 2783 appositae
1144 2735 1191 2771 ad
1214 2734 1420 2785 Aegyptum
1451 2737 1496 2772 ab

845 2794 1046 2826 exterarum
1085 2791 1247 2838 gentium
1287 2792 1498 2827 incursioni-

846 2846 911 2882 bus
933 2846 1130 2883 tutandam.
1188 2846 1230 2882 In
1254 2847 1377 2883 codice
1395 2860 1496 2884 sacro
