<?xml version="1.0" encoding="UTF-8"?>
<!DOCTYPE html PUBLIC "-//W3C//DTD XHTML 1.0 Transitional//EN"
    "http://www.w3.org/TR/xhtml1/DTD/xhtml1-transitional.dtd">
<html xmlns="http://www.w3.org/1999/xhtml" xml:lang="en" lang="en">
 <head>
  <title>
</title>
<meta http-equiv="Content-Type" content="text/html;charset=utf-8" />
  <meta name='ocr-system' content='tesseract 3.04.00' />
  <meta name='ocr-capabilities' content='ocr_page ocr_carea ocr_par ocr_line ocrx_word'/>
</head>
<body>
  <div class='ocr_page' id='page_1' title='image "./musaeherodoto01hero/musaeherodoto01hero_0647.png"; bbox 0 0 1909 3228; ppageno 0'>
   <div class='ocr_carea' id='block_1_1' title="bbox 58 1285 125 1331">
    <p class='ocr_par' dir='ltr' id='par_1_1' title="bbox 58 1285 125 1331">
     <span class='ocr_line' id='line_1_1' title="bbox 58 1285 125 1331; baseline 0.015 -1"><span class='ocrx_word' id='word_1_1' title='bbox 58 1285 125 1331; x_wconf 75' lang='lat'><em>67</em></span> 
     </span>
    </p>
   </div>
   <div class='ocr_carea' id='block_1_2' title="bbox 566 221 1090 260">
    <p class='ocr_par' dir='ltr' id='par_1_2' title="bbox 566 221 1090 260">
     <span class='ocr_line' id='line_1_2' title="bbox 566 221 1090 260; baseline 0 0"><span class='ocrx_word' id='word_1_2' title='bbox 566 221 991 260; x_wconf 90' lang='lat' dir='ltr'><strong>EUTERPE.</strong></span> <span class='ocrx_word' id='word_1_3' title='bbox 1042 222 1090 260; x_wconf 88' lang='lat'><em>11.</em></span> 
     </span>
    </p>
   </div>
   <div class='ocr_carea' id='block_1_3' title="bbox 1365 222 1449 263">
    <p class='ocr_par' dir='ltr' id='par_1_3' title="bbox 1365 222 1449 263">
     <span class='ocr_line' id='line_1_3' title="bbox 1365 222 1449 263; baseline 0 0"><span class='ocrx_word' id='word_1_4' title='bbox 1365 222 1449 263; x_wconf 76' lang='lat'><em>633</em></span> 
     </span>
    </p>
   </div>
   <div class='ocr_carea' id='block_1_4' title="bbox 187 328 1451 389">
    <p class='ocr_par' dir='ltr' id='par_1_4' title="bbox 187 328 1451 389">
     <span class='ocr_line' id='line_1_4' title="bbox 187 328 1451 389; baseline -0.002 -12"><span class='ocrx_word' id='word_1_5' title='bbox 187 333 330 377; x_wconf 77' lang='grc' dir='ltr'><em>ἄλλων</em></span> <span class='ocrx_word' id='word_1_6' title='bbox 361 332 407 376; x_wconf 78' lang='grc' dir='ltr'><em>δὲ</em></span> <span class='ocrx_word' id='word_1_7' title='bbox 437 331 780 387; x_wconf 78' lang='grc' dir='ltr'><em>ἐπιθυμέουσαι,</em></span> <span class='ocrx_word' id='word_1_8' title='bbox 829 331 943 376; x_wconf 84' lang='grc' dir='ltr'><em>οὕτω</em></span> <span class='ocrx_word' id='word_1_9' title='bbox 975 332 1028 389; x_wconf 79' lang='grc' dir='ltr'><em>δή</em></span> <span class='ocrx_word' id='word_1_10' title='bbox 1056 328 1337 375; x_wconf 75' lang='grc' dir='ltr'><em>ἀπικνέονται</em></span> <span class='ocrx_word' id='word_1_11' title='bbox 1366 346 1451 374; x_wconf 86' lang='grc' dir='ltr'><em>πα-</em></span> 
     </span>
    </p>
   </div>
   <div class='ocr_carea' id='block_1_5' title="bbox 156 410 1278 468">
    <p class='ocr_par' dir='ltr' id='par_1_5' title="bbox 156 410 1278 468">
     <span class='ocr_line' id='line_1_5' title="bbox 156 410 1278 468; baseline -0.001 -13"><span class='ocrx_word' id='word_1_12' title='bbox 156 413 246 468; x_wconf 80' lang='grc' dir='ltr'><em>4ρὰ</em></span> <span class='ocrx_word' id='word_1_13' title='bbox 277 411 381 462; x_wconf 75' lang='grc' dir='ltr'><em>τούς</em></span> <span class='ocrx_word' id='word_1_14' title='bbox 411 411 601 465; x_wconf 68' lang='grc' dir='ltr'><em>ἔρσενας·</em></span> <span class='ocrx_word' id='word_1_15' title='bbox 644 410 903 468; x_wconf 86' lang='grc' dir='ltr'><em>φιλότεκνον</em></span> <span class='ocrx_word' id='word_1_16' title='bbox 941 411 986 455; x_wconf 78' lang='grc' dir='ltr'><em>δὲ</em></span> <span class='ocrx_word' id='word_1_17' title='bbox 1025 411 1073 454; x_wconf 86' lang='grc' dir='ltr'><em>τὸ</em></span> <span class='ocrx_word' id='word_1_18' title='bbox 1103 412 1278 468; x_wconf 80' lang='grc' dir='ltr'><em>θηρίον.</em></span> 
     </span>
    </p>
   </div>
   <div class='ocr_carea' id='block_1_6' title="bbox 1337 425 1450 467">
    <p class='ocr_par' dir='ltr' id='par_1_6' title="bbox 1337 425 1450 467">
     <span class='ocr_line' id='line_1_6' title="bbox 1337 425 1450 467; baseline 0 -13"><span class='ocrx_word' id='word_1_19' title='bbox 1337 425 1450 467; x_wconf 86' lang='grc' dir='ltr'><em>πυρ-</em></span> 
     </span>
    </p>
   </div>
   <div class='ocr_carea' id='block_1_7' title="bbox 183 489 1451 547">
    <p class='ocr_par' dir='ltr' id='par_1_7' title="bbox 183 489 1451 547">
     <span class='ocr_line' id='line_1_7' title="bbox 183 489 1451 547; baseline 0 -13"><span class='ocrx_word' id='word_1_20' title='bbox 183 494 310 547; x_wconf 80' lang='grc' dir='ltr'><em>καϊῆς</em></span> <span class='ocrx_word' id='word_1_21' title='bbox 350 491 395 534; x_wconf 77' lang='grc' dir='ltr'><em>δὲ</em></span> <span class='ocrx_word' id='word_1_22' title='bbox 430 491 682 547; x_wconf 78' lang='grc' dir='ltr'><em>γενομένης,</em></span> <span class='ocrx_word' id='word_1_23' title='bbox 725 496 826 534; x_wconf 80' lang='grc' dir='ltr'><em>θεῖα</em></span> <span class='ocrx_word' id='word_1_24' title='bbox 862 489 1090 547; x_wconf 79' lang='grc' dir='ltr'><em>πρήγματα</em></span> <span class='ocrx_word' id='word_1_25' title='bbox 1128 490 1451 546; x_wconf 78' lang='grc' dir='ltr'><em>καταλαμβάνει</em></span> 
     </span>
    </p>
   </div>
   <div class='ocr_carea' id='block_1_8' title="bbox 155 569 586 624">
    <p class='ocr_par' dir='ltr' id='par_1_8' title="bbox 155 569 586 624">
     <span class='ocr_line' id='line_1_8' title="bbox 155 569 586 624; baseline 0.002 -12"><span class='ocrx_word' id='word_1_26' title='bbox 155 570 290 622; x_wconf 81' lang='grc' dir='ltr'><em>5τούς</em></span> <span class='ocrx_word' id='word_1_27' title='bbox 317 569 586 624; x_wconf 84' lang='grc' dir='ltr'><em>αἰελούρους.</em></span> 
     </span>
    </p>
   </div>
   <div class='ocr_carea' id='block_1_9' title="bbox 645 569 1447 626">
    <p class='ocr_par' dir='ltr' id='par_1_9' title="bbox 645 569 1447 626">
     <span class='ocr_line' id='line_1_9' title="bbox 645 569 1447 626; baseline -0.001 -12"><span class='ocrx_word' id='word_1_28' title='bbox 645 571 687 614; x_wconf 81' lang='grc' dir='ltr'><em>οἷ</em></span> <span class='ocrx_word' id='word_1_29' title='bbox 713 571 791 626; x_wconf 77' lang='grc' dir='ltr'><em>μὲν</em></span> <span class='ocrx_word' id='word_1_30' title='bbox 819 569 903 625; x_wconf 76' lang='grc' dir='ltr'><em>γάρ</em></span> <span class='ocrx_word' id='word_1_31' title='bbox 935 570 1167 626; x_wconf 80' lang='grc' dir='ltr'><em>Αἰγύπτιοι</em></span> <span class='ocrx_word' id='word_1_32' title='bbox 1197 569 1447 621; x_wconf 79' lang='grc' dir='ltr'><em>διαστάντες</em></span> 
     </span>
    </p>
   </div>
   <div class='ocr_carea' id='block_1_10' title="bbox 186 648 1502 707">
    <p class='ocr_par' dir='ltr' id='par_1_10' title="bbox 186 648 1502 707">
     <span class='ocr_line' id='line_1_10' title="bbox 186 648 1502 707; baseline -0.001 -14"><span class='ocrx_word' id='word_1_33' title='bbox 186 649 388 706; x_wconf 80' lang='grc' dir='ltr'><em>φυλακάς</em></span> <span class='ocrx_word' id='word_1_34' title='bbox 419 650 565 705; x_wconf 74' lang='grc' dir='ltr'><em>ἔχουσι</em></span> <span class='ocrx_word' id='word_1_35' title='bbox 593 653 682 692; x_wconf 76' lang='grc' dir='ltr'><em>τῶν</em></span> <span class='ocrx_word' id='word_1_36' title='bbox 713 649 974 704; x_wconf 77' lang='grc' dir='ltr'><em>αἰελούρων,</em></span> <span class='ocrx_word' id='word_1_37' title='bbox 1007 648 1295 706; x_wconf 77' lang='grc' dir='ltr'><em>ἀμελήσαντες</em></span> <span class='ocrx_word' id='word_1_38' title='bbox 1321 653 1445 707; x_wconf 84' lang='grc' dir='ltr'><em>σβεν-</em></span> <span class='ocrx_word' id='word_1_39' title='bbox 1459 657 1502 691; x_wconf 91' lang='grc'><em>10</em></span> 
     </span>
    </p>
   </div>
   <div class='ocr_carea' id='block_1_11' title="bbox 185 728 696 785">
    <p class='ocr_par' dir='ltr' id='par_1_11' title="bbox 185 728 696 785">
     <span class='ocr_line' id='line_1_11' title="bbox 185 728 696 785; baseline -0.002 -13"><span class='ocrx_word' id='word_1_40' title='bbox 185 728 316 772; x_wconf 84' lang='grc' dir='ltr'><em>νύναι</em></span> <span class='ocrx_word' id='word_1_41' title='bbox 352 728 400 773; x_wconf 85' lang='grc' dir='ltr'>τὸ</span> <span class='ocrx_word' id='word_1_42' title='bbox 442 729 675 785; x_wconf 86' lang='grc' dir='ltr'><em>καιόμενον</em></span> <span class='ocrx_word' id='word_1_43' title='bbox 688 742 696 751; x_wconf 90' lang='grc'><em>·</em></span> 
     </span>
    </p>
   </div>
   <div class='ocr_carea' id='block_1_12' title="bbox 753 728 1447 785">
    <p class='ocr_par' dir='ltr' id='par_1_12' title="bbox 753 728 1447 785">
     <span class='ocr_line' id='line_1_12' title="bbox 753 728 1447 785; baseline 0.001 -13"><span class='ocrx_word' id='word_1_44' title='bbox 753 731 797 772; x_wconf 85' lang='grc' dir='ltr'><em>οἱ</em></span> <span class='ocrx_word' id='word_1_45' title='bbox 825 729 870 773; x_wconf 80' lang='grc' dir='ltr'><em>δὲ</em></span> <span class='ocrx_word' id='word_1_46' title='bbox 907 728 1151 785; x_wconf 79' lang='grc' dir='ltr'><em>αἰέλουροι,</em></span> <span class='ocrx_word' id='word_1_47' title='bbox 1193 728 1447 781; x_wconf 84' lang='grc' dir='ltr'><em>διαδύοντες</em></span> 
     </span>
    </p>
   </div>
   <div class='ocr_carea' id='block_1_13' title="bbox 185 807 1446 864">
    <p class='ocr_par' dir='ltr' id='par_1_13' title="bbox 185 807 1446 864">
     <span class='ocr_line' id='line_1_13' title="bbox 185 807 1446 864; baseline 0.001 -12"><span class='ocrx_word' id='word_1_48' title='bbox 185 809 259 852; x_wconf 82' lang='grc' dir='ltr'><em>καὶ</em></span> <span class='ocrx_word' id='word_1_49' title='bbox 289 807 677 863; x_wconf 76' lang='grc' dir='ltr'><em>ὑπερθρώσκοντες</em></span> <span class='ocrx_word' id='word_1_50' title='bbox 714 808 817 859; x_wconf 83' lang='grc' dir='ltr'><em>τούς</em></span> <span class='ocrx_word' id='word_1_51' title='bbox 858 808 1148 864; x_wconf 76' lang='grc' dir='ltr'><em>ἀνθρώπους,</em></span> <span class='ocrx_word' id='word_1_52' title='bbox 1193 809 1446 854; x_wconf 78' lang='grc' dir='ltr'><em>ἐσάλλονται</em></span> 
     </span>
    </p>
   </div>
   <div class='ocr_carea' id='block_1_14' title="bbox 155 886 464 942">
    <p class='ocr_par' dir='ltr' id='par_1_14' title="bbox 155 886 464 942">
     <span class='ocr_line' id='line_1_14' title="bbox 155 886 464 942; baseline 0 -13"><span class='ocrx_word' id='word_1_53' title='bbox 155 895 177 929; x_wconf 91' lang='grc'><strong>6</strong></span> <span class='ocrx_word' id='word_1_54' title='bbox 188 886 230 938; x_wconf 81' lang='grc' dir='ltr'><em>ἐς</em></span> <span class='ocrx_word' id='word_1_55' title='bbox 270 886 318 931; x_wconf 79' lang='grc' dir='ltr'><em>τό</em></span> <span class='ocrx_word' id='word_1_56' title='bbox 361 890 464 942; x_wconf 86' lang='grc' dir='ltr'><em>πῦρ.</em></span> 
     </span>
    </p>
   </div>
   <div class='ocr_carea' id='block_1_15' title="bbox 155 966 969 1025">
    <p class='ocr_par' dir='ltr' id='par_1_15' title="bbox 155 966 969 1025">
     <span class='ocr_line' id='line_1_15' title="bbox 155 966 969 1025; baseline 0.001 -17"><span class='ocrx_word' id='word_1_57' title='bbox 155 966 289 1018; x_wconf 83' lang='grc' dir='ltr'><em>7τούς</em></span> <span class='ocrx_word' id='word_1_58' title='bbox 327 967 597 1022; x_wconf 82' lang='grc' dir='ltr'><em>Αἰγυπτίους</em></span> <span class='ocrx_word' id='word_1_59' title='bbox 637 971 969 1025; x_wconf 83' lang='grc' dir='ltr'><em>καταλαμβάνει.</em></span> 
     </span>
    </p>
   </div>
   <div class='ocr_carea' id='block_1_16' title="bbox 546 888 1449 946">
    <p class='ocr_par' dir='ltr' id='par_1_16' title="bbox 546 888 1449 946">
     <span class='ocr_line' id='line_1_16' title="bbox 546 888 1449 946; baseline 0.003 -16"><span class='ocrx_word' id='word_1_60' title='bbox 546 891 681 930; x_wconf 85' lang='grc' dir='ltr'><em>ταῦτα</em></span> <span class='ocrx_word' id='word_1_61' title='bbox 718 889 763 931; x_wconf 80' lang='grc' dir='ltr'><em>δὲ</em></span> <span class='ocrx_word' id='word_1_62' title='bbox 802 888 1033 945; x_wconf 80' lang='grc' dir='ltr'><em>γινόμενα,</em></span> <span class='ocrx_word' id='word_1_63' title='bbox 1081 889 1245 932; x_wconf 78' lang='grc' dir='ltr'><em>πένθεα</em></span> <span class='ocrx_word' id='word_1_64' title='bbox 1283 890 1449 946; x_wconf 82' lang='grc' dir='ltr'><em>μεγάλα</em></span> 
     </span>
    </p>
   </div>
   <div class='ocr_carea' id='block_1_17' title="bbox 1029 967 1448 1013">
    <p class='ocr_par' dir='ltr' id='par_1_17' title="bbox 1029 967 1448 1013">
     <span class='ocr_line' id='line_1_17' title="bbox 1029 967 1448 1013; baseline 0.002 -1"><span class='ocrx_word' id='word_1_65' title='bbox 1029 968 1076 1012; x_wconf 76' lang='grc' dir='ltr'><em>ἐν</em></span> <span class='ocrx_word' id='word_1_66' title='bbox 1115 967 1277 1012; x_wconf 83' lang='grc' dir='ltr'><em>ὁτέοισι</em></span> <span class='ocrx_word' id='word_1_67' title='bbox 1315 969 1360 1013; x_wconf 81' lang='grc' dir='ltr'><em>δ’</em></span> <span class='ocrx_word' id='word_1_68' title='bbox 1392 968 1448 1013; x_wconf 73' lang='grc' dir='ltr'><em>ἄν</em></span> 
     </span>
    </p>
   </div>
   <div class='ocr_carea' id='block_1_18' title="bbox 183 1046 1445 1105">
    <p class='ocr_par' dir='ltr' id='par_1_18' title="bbox 183 1046 1445 1105">
     <span class='ocr_line' id='line_1_18' title="bbox 183 1046 1445 1105; baseline 0.003 -16"><span class='ocrx_word' id='word_1_69' title='bbox 183 1047 361 1090; x_wconf 84' lang='grc' dir='ltr'><em>οἰκίοισι</em></span> <span class='ocrx_word' id='word_1_70' title='bbox 401 1046 657 1102; x_wconf 84' lang='grc' dir='ltr'><em>αἰέλουρους</em></span> <span class='ocrx_word' id='word_1_71' title='bbox 697 1046 903 1105; x_wconf 69' lang='grc' dir='ltr'><em>ἀποθάνῃ</em></span> <span class='ocrx_word' id='word_1_72' title='bbox 944 1047 1031 1091; x_wconf 81' lang='grc' dir='ltr'><em>άπὸ</em></span> <span class='ocrx_word' id='word_1_73' title='bbox 1061 1051 1145 1091; x_wconf 81' lang='grc' dir='ltr'><em>τοῦ</em></span> <span class='ocrx_word' id='word_1_74' title='bbox 1176 1046 1445 1105; x_wconf 81' lang='grc' dir='ltr'><em>αὐτομάτου,</em></span> 
     </span>
    </p>
   </div>
   <div class='ocr_carea' id='block_1_19' title="bbox 184 1125 1504 1185">
    <p class='ocr_par' dir='ltr' id='par_1_19' title="bbox 184 1125 1504 1185">
     <span class='ocr_line' id='line_1_19' title="bbox 184 1125 1504 1185; baseline 0.002 -17"><span class='ocrx_word' id='word_1_75' title='bbox 184 1126 228 1168; x_wconf 82' lang='grc' dir='ltr'><em>οἱ</em></span> <span class='ocrx_word' id='word_1_76' title='bbox 257 1125 520 1177; x_wconf 80' lang='grc' dir='ltr'><em>ἐνοικέοντες</em></span> <span class='ocrx_word' id='word_1_77' title='bbox 559 1125 716 1178; x_wconf 84' lang='grc' dir='ltr'><em>πάντες</em></span> <span class='ocrx_word' id='word_1_78' title='bbox 757 1127 984 1182; x_wconf 83' lang='grc' dir='ltr'><em>ξυρέονται</em></span> <span class='ocrx_word' id='word_1_79' title='bbox 1024 1128 1101 1179; x_wconf 76' lang='grc' dir='ltr'><em>τὰς</em></span> <span class='ocrx_word' id='word_1_80' title='bbox 1137 1126 1309 1184; x_wconf 79' lang='grc' dir='ltr'><em>ὀφρύας</em></span> <span class='ocrx_word' id='word_1_81' title='bbox 1337 1128 1504 1185; x_wconf 76' lang='grc' dir='ltr'><em>μού-15</em></span> 
     </span>
    </p>
   </div>
   <div class='ocr_carea' id='block_1_20' title="bbox 182 1204 456 1260">
    <p class='ocr_par' dir='ltr' id='par_1_20' title="bbox 182 1204 456 1260">
     <span class='ocr_line' id='line_1_20' title="bbox 182 1204 456 1260; baseline 0.004 -13"><span class='ocrx_word' id='word_1_82' title='bbox 182 1220 262 1255; x_wconf 88' lang='grc' dir='ltr'><em>νας</em></span> <span class='ocrx_word' id='word_1_83' title='bbox 274 1219 283 1228; x_wconf 89' lang='grc'><em>·</em></span> <span class='ocrx_word' id='word_1_84' title='bbox 348 1204 456 1260; x_wconf 77' lang='grc' dir='ltr'><em>παρ’</em></span> 
     </span>
    </p>
   </div>
   <div class='ocr_carea' id='block_1_21' title="bbox 182 1283 638 1342">
    <p class='ocr_par' dir='ltr' id='par_1_21' title="bbox 182 1283 638 1342">
     <span class='ocr_line' id='line_1_21' title="bbox 182 1283 638 1342; baseline 0.007 -18"><span class='ocrx_word' id='word_1_85' title='bbox 182 1284 257 1326; x_wconf 86' lang='grc' dir='ltr'><em>καὶ</em></span> <span class='ocrx_word' id='word_1_86' title='bbox 301 1283 381 1340; x_wconf 84' lang='grc' dir='ltr'><em>τὴν</em></span> <span class='ocrx_word' id='word_1_87' title='bbox 430 1284 638 1342; x_wconf 83' lang='grc' dir='ltr'><em>κεφαλήν.</em></span> 
     </span>
    </p>
   </div>
   <div class='ocr_carea' id='block_1_22' title="bbox 122 1465 779 2872">
    <p class='ocr_par' dir='ltr' id='par_1_22' title="bbox 122 1465 779 2132">
     <span class='ocr_line' id='line_1_22' title="bbox 179 1465 776 1522; baseline 0.002 -14"><span class='ocrx_word' id='word_1_88' title='bbox 179 1472 274 1508; x_wconf 76' lang='grc' dir='ltr'><em>θεῖα</em></span> <span class='ocrx_word' id='word_1_89' title='bbox 293 1466 503 1522; x_wconf 75' lang='grc' dir='ltr'><em>πρήγματα</em></span> <span class='ocrx_word' id='word_1_90' title='bbox 526 1465 776 1522; x_wconf 80' lang='grc' dir='ltr'><em>καταλαμβά-</em></span> 
     </span>
     <span class='ocr_line' id='line_1_23' title="bbox 124 1523 777 1579; baseline -0.005 -13"><span class='ocrx_word' id='word_1_91' title='bbox 124 1540 185 1566; x_wconf 85' lang='grc' dir='ltr'><em>νει</em></span> <span class='ocrx_word' id='word_1_92' title='bbox 222 1523 315 1572; x_wconf 75' lang='grc' dir='ltr'><em>τοῦς</em></span> <span class='ocrx_word' id='word_1_93' title='bbox 357 1523 615 1579; x_wconf 78' lang='grc' dir='ltr'><em>αἰελούρους]</em></span> <span class='ocrx_word' id='word_1_94' title='bbox 660 1528 777 1566; x_wconf 85' lang='lat' dir='ltr'>Vertit</span> 
     </span>
     <span class='ocr_line' id='line_1_24' title="bbox 122 1583 776 1632; baseline 0.002 -12"><span class='ocrx_word' id='word_1_95' title='bbox 122 1583 488 1632; x_wconf 80' lang='lat' dir='ltr'>Schweighaeuserus</span> <span class='ocrx_word' id='word_1_96' title='bbox 508 1598 516 1622; x_wconf 91' lang='lat'><strong>:</strong></span> <span class='ocrx_word' id='word_1_97' title='bbox 558 1614 582 1632; x_wconf 87' lang='lat'>„</span> <span class='ocrx_word' id='word_1_98' title='bbox 602 1587 692 1621; x_wconf 76' lang='lat' dir='ltr'><em>mira</em></span> <span class='ocrx_word' id='word_1_99' title='bbox 722 1597 776 1621; x_wconf 78' lang='lat' dir='ltr'><em>res</em></span> 
     </span>
     <span class='ocr_line' id='line_1_25' title="bbox 123 1639 776 1688; baseline 0.005 -13"><span class='ocrx_word' id='word_1_100' title='bbox 123 1639 256 1676; x_wconf 71' lang='lat' dir='ltr'><em>accidit</em></span> <span class='ocrx_word' id='word_1_101' title='bbox 281 1640 414 1688; x_wconf 73' lang='lat' dir='ltr'><em>felibus</em></span> <span class='ocrx_word' id='word_1_102' title='bbox 427 1642 464 1687; x_wconf 74' lang='lat'><em>⁶⁶,</em></span> <span class='ocrx_word' id='word_1_103' title='bbox 510 1641 547 1677; x_wconf 90' lang='lat' dir='ltr'><em>in</em></span> <span class='ocrx_word' id='word_1_104' title='bbox 574 1646 660 1678; x_wconf 88' lang='lat' dir='ltr'><em>nota</em></span> <span class='ocrx_word' id='word_1_105' title='bbox 685 1641 776 1678; x_wconf 85' lang='lat' dir='ltr'>adii-</span> 
     </span>
     <span class='ocr_line' id='line_1_26' title="bbox 124 1697 776 1744; baseline 0.002 -11"><span class='ocrx_word' id='word_1_106' title='bbox 124 1697 243 1744; x_wconf 80' lang='lat' dir='ltr'>ciens,</span> <span class='ocrx_word' id='word_1_107' title='bbox 272 1697 382 1733; x_wconf 84' lang='lat' dir='ltr'>Conr.</span> <span class='ocrx_word' id='word_1_108' title='bbox 405 1698 609 1734; x_wconf 86' lang='lat' dir='ltr'>Gesnerum</span> <span class='ocrx_word' id='word_1_109' title='bbox 641 1698 692 1734; x_wconf 91' lang='lat' dir='ltr'><em>sic</em></span> <span class='ocrx_word' id='word_1_110' title='bbox 722 1697 776 1734; x_wconf 87' lang='lat' dir='ltr'><em>lo-</em></span> 
     </span>
     <span class='ocr_line' id='line_1_27' title="bbox 125 1754 776 1803; baseline 0.002 -14"><span class='ocrx_word' id='word_1_111' title='bbox 125 1766 205 1789; x_wconf 90' lang='lat' dir='ltr'><em>cum</em></span> <span class='ocrx_word' id='word_1_112' title='bbox 227 1766 308 1790; x_wconf 86' lang='lat' dir='ltr'>esse</span> <span class='ocrx_word' id='word_1_113' title='bbox 325 1754 620 1803; x_wconf 82' lang='lat' dir='ltr'><em>interpretatum:</em></span> <span class='ocrx_word' id='word_1_114' title='bbox 652 1754 776 1803; x_wconf 80' lang='lat' dir='ltr'><em>„feles</em></span> 
     </span>
     <span class='ocr_line' id='line_1_28' title="bbox 123 1809 778 1858; baseline 0.003 -14"><span class='ocrx_word' id='word_1_115' title='bbox 123 1811 162 1845; x_wconf 75' lang='lat' dir='ltr'><em>in</em></span> <span class='ocrx_word' id='word_1_116' title='bbox 176 1809 334 1858; x_wconf 83' lang='lat' dir='ltr'><em>furorem</em></span> <span class='ocrx_word' id='word_1_117' title='bbox 353 1812 547 1858; x_wconf 76' lang='lat' dir='ltr'><em>agzmtur.“</em></span> <span class='ocrx_word' id='word_1_118' title='bbox 583 1810 631 1846; x_wconf 89' lang='lat' dir='ltr'><em>Et</em></span> <span class='ocrx_word' id='word_1_119' title='bbox 650 1815 778 1846; x_wconf 77' lang='lat' dir='ltr'><em>notant</em></span> 
     </span>
     <span class='ocr_line' id='line_1_29' title="bbox 125 1862 778 1916; baseline -0.002 -14"><span class='ocrx_word' id='word_1_120' title='bbox 125 1868 221 1903; x_wconf 81' lang='grc' dir='ltr'><em>θεῖα</em></span> <span class='ocrx_word' id='word_1_121' title='bbox 240 1862 448 1916; x_wconf 73' lang='grc' dir='ltr'><em>πρήγματα</em></span> <span class='ocrx_word' id='word_1_122' title='bbox 476 1866 622 1902; x_wconf 84' lang='lat' dir='ltr'>omnino</span> <span class='ocrx_word' id='word_1_123' title='bbox 640 1866 778 1915; x_wconf 85' lang='lat' dir='ltr'>aliquid</span> 
     </span>
     <span class='ocr_line' id='line_1_30' title="bbox 125 1921 779 1970; baseline 0 -12"><span class='ocrx_word' id='word_1_124' title='bbox 125 1921 254 1958; x_wconf 84' lang='lat' dir='ltr'>mirum</span> <span class='ocrx_word' id='word_1_125' title='bbox 293 1927 402 1970; x_wconf 84' lang='lat' dir='ltr'>atque</span> <span class='ocrx_word' id='word_1_126' title='bbox 436 1921 594 1958; x_wconf 85' lang='lat' dir='ltr'>insolens</span> <span class='ocrx_word' id='word_1_127' title='bbox 617 1951 629 1969; x_wconf 84' lang='grc'><em>,</em></span> <span class='ocrx_word' id='word_1_128' title='bbox 680 1923 779 1970; x_wconf 89' lang='lat' dir='ltr'>quod</span> 
     </span>
     <span class='ocr_line' id='line_1_31' title="bbox 126 1978 778 2027; baseline 0 -13"><span class='ocrx_word' id='word_1_129' title='bbox 126 1990 205 2014; x_wconf 87' lang='lat' dir='ltr'><em>cum</em></span> <span class='ocrx_word' id='word_1_130' title='bbox 229 1978 407 2027; x_wconf 84' lang='lat' dir='ltr'>explicare</span> <span class='ocrx_word' id='word_1_131' title='bbox 438 1990 618 2026; x_wconf 75' lang='lat' dir='ltr'>nequeas,</span> <span class='ocrx_word' id='word_1_132' title='bbox 650 1979 778 2014; x_wconf 86' lang='lat' dir='ltr'>divini-</span> 
     </span>
     <span class='ocr_line' id='line_1_32' title="bbox 124 2035 776 2071; baseline 0.003 -2"><span class='ocrx_word' id='word_1_133' title='bbox 124 2038 183 2069; x_wconf 81' lang='lat' dir='ltr'><em>tus</em></span> <span class='ocrx_word' id='word_1_134' title='bbox 209 2035 381 2071; x_wconf 84' lang='lat' dir='ltr'>accidisse</span> <span class='ocrx_word' id='word_1_135' title='bbox 408 2039 687 2071; x_wconf 79' lang='lat' dir='ltr'>consentaneum</span> <span class='ocrx_word' id='word_1_136' title='bbox 718 2036 776 2071; x_wconf 89' lang='lat' dir='ltr'><em>sit.</em></span> 
     </span>
     <span class='ocr_line' id='line_1_33' title="bbox 126 2089 732 2138; baseline 0.007 -12"><span class='ocrx_word' id='word_1_137' title='bbox 126 2089 234 2126; x_wconf 88' lang='lat' dir='ltr'>Conf.</span> <span class='ocrx_word' id='word_1_138' title='bbox 256 2090 289 2136; x_wconf 91' lang='grc' dir='ltr'><em>Ι,</em></span> <span class='ocrx_word' id='word_1_139' title='bbox 315 2094 404 2131; x_wconf 88' lang='grc'>122-</span> <span class='ocrx_word' id='word_1_140' title='bbox 430 2090 509 2131; x_wconf 81' lang='lat'><em>174</em></span> <span class='ocrx_word' id='word_1_141' title='bbox 533 2091 647 2138; x_wconf 71' lang='lat' dir='ltr'><em>etVL</em></span> <span class='ocrx_word' id='word_1_142' title='bbox 665 2093 732 2132; x_wconf 85' lang='lat'><em>69</em></span> 
     </span>
    </p>

    <p class='ocr_par' dir='ltr' id='par_1_23' title="bbox 125 2144 778 2409">
     <span class='ocr_line' id='line_1_34' title="bbox 184 2144 776 2198; baseline -0.002 -13"><span class='ocrx_word' id='word_1_143' title='bbox 184 2145 226 2185; x_wconf 83' lang='grc' dir='ltr'><em>οἵ</em></span> <span class='ocrx_word' id='word_1_144' title='bbox 246 2144 317 2197; x_wconf 83' lang='grc' dir='ltr'><em>μὲν</em></span> <span class='ocrx_word' id='word_1_145' title='bbox 342 2144 416 2198; x_wconf 75' lang='grc' dir='ltr'><em>γάρ</em></span> <span class='ocrx_word' id='word_1_146' title='bbox 442 2144 654 2198; x_wconf 81' lang='grc' dir='ltr'><em>Αἰγυπτιοι</em></span> <span class='ocrx_word' id='word_1_147' title='bbox 676 2148 776 2186; x_wconf 84' lang='grc' dir='ltr'><em>δια-</em></span> 
     </span>
     <span class='ocr_line' id='line_1_35' title="bbox 127 2197 777 2253; baseline -0.002 -13"><span class='ocrx_word' id='word_1_148' title='bbox 127 2197 361 2253; x_wconf 78' lang='grc' dir='ltr'><em>στάντες]</em></span> <span class='ocrx_word' id='word_1_149' title='bbox 393 2204 414 2239; x_wconf 87' lang='lat' dir='ltr'>i</span> <span class='ocrx_word' id='word_1_150' title='bbox 438 2216 470 2240; x_wconf 90' lang='lat' dir='ltr'><em>e.</em></span> <span class='ocrx_word' id='word_1_151' title='bbox 499 2217 565 2253; x_wconf 88' lang='lat' dir='ltr'><em>per</em></span> <span class='ocrx_word' id='word_1_152' title='bbox 590 2203 777 2241; x_wconf 65' lang='lat' dir='ltr'>interxalla</span> 
     </span>
     <span class='ocr_line' id='line_1_36' title="bbox 126 2259 778 2310; baseline 0 -14"><span class='ocrx_word' id='word_1_153' title='bbox 126 2272 155 2296; x_wconf 90' lang='lat' dir='ltr'><em>s.</em></span> <span class='ocrx_word' id='word_1_154' title='bbox 185 2260 303 2309; x_wconf 86' lang='lat' dir='ltr'>spatia</span> <span class='ocrx_word' id='word_1_155' title='bbox 329 2259 518 2310; x_wconf 79' lang='lat' dir='ltr'>dispositi,</span> <span class='ocrx_word' id='word_1_156' title='bbox 557 2260 679 2296; x_wconf 79' lang='lat' dir='ltr'>felium</span> <span class='ocrx_word' id='word_1_157' title='bbox 717 2274 778 2296; x_wconf 85' lang='lat' dir='ltr'><em>cu-</em></span> 
     </span>
     <span class='ocr_line' id='line_1_37' title="bbox 125 2316 776 2366; baseline 0.003 -15"><span class='ocrx_word' id='word_1_158' title='bbox 125 2316 262 2352; x_wconf 86' lang='lat' dir='ltr'>stodias</span> <span class='ocrx_word' id='word_1_159' title='bbox 285 2321 398 2364; x_wconf 84' lang='lat' dir='ltr'>agunt</span> <span class='ocrx_word' id='word_1_160' title='bbox 416 2329 483 2353; x_wconf 87' lang='lat' dir='ltr'><em>nec</em></span> <span class='ocrx_word' id='word_1_161' title='bbox 502 2316 701 2366; x_wconf 83' lang='lat' dir='ltr'>quidquam</span> <span class='ocrx_word' id='word_1_162' title='bbox 714 2330 776 2354; x_wconf 87' lang='lat' dir='ltr'><em>cu-</em></span> 
     </span>
     <span class='ocr_line' id='line_1_38' title="bbox 126 2372 447 2409; baseline 0.006 -2"><span class='ocrx_word' id='word_1_163' title='bbox 126 2375 208 2408; x_wconf 85' lang='lat' dir='ltr'><em>rant</em></span> <span class='ocrx_word' id='word_1_164' title='bbox 232 2372 447 2409; x_wconf 86' lang='lat' dir='ltr'>incendium.</span> 
     </span>
    </p>

    <p class='ocr_par' dir='ltr' id='par_1_24' title="bbox 126 2424 777 2872">
     <span class='ocr_line' id='line_1_39' title="bbox 182 2424 777 2480; baseline 0.003 -16"><span class='ocrx_word' id='word_1_165' title='bbox 182 2429 305 2465; x_wconf 84' lang='grc' dir='ltr'><em>ταῦτα</em></span> <span class='ocrx_word' id='word_1_166' title='bbox 345 2426 387 2466; x_wconf 81' lang='grc' dir='ltr'><em>δὲ</em></span> <span class='ocrx_word' id='word_1_167' title='bbox 416 2424 629 2480; x_wconf 77' lang='grc' dir='ltr'><em>γινόμενα]</em></span> <span class='ocrx_word' id='word_1_168' title='bbox 683 2430 777 2467; x_wconf 86' lang='lat' dir='ltr'>Sunt</span> 
     </span>
     <span class='ocr_line' id='line_1_40' title="bbox 127 2483 775 2532; baseline 0.006 -13"><span class='ocrx_word' id='word_1_169' title='bbox 127 2483 280 2519; x_wconf 82' lang='lat' dir='ltr'><em>absoluti</em></span> <span class='ocrx_word' id='word_1_170' title='bbox 292 2484 352 2532; x_wconf 90' lang='lat' dir='ltr'><em>qui</em></span> <span class='ocrx_word' id='word_1_171' title='bbox 363 2485 526 2522; x_wconf 90' lang='lat' dir='ltr'>dicuntur</span> <span class='ocrx_word' id='word_1_172' title='bbox 543 2500 657 2522; x_wconf 84' lang='lat' dir='ltr'>casus.</span> <span class='ocrx_word' id='word_1_173' title='bbox 677 2486 775 2523; x_wconf 82' lang='lat' dir='ltr'><em>Nam</em></span> 
     </span>
     <span class='ocr_line' id='line_1_41' title="bbox 129 2536 775 2594; baseline 0.009 -19"><span class='ocrx_word' id='word_1_174' title='bbox 129 2540 380 2588; x_wconf 74' lang='lat' dir='ltr'>exspectabas:</span> <span class='ocrx_word' id='word_1_175' title='bbox 403 2536 554 2580; x_wconf 82' lang='grc' dir='ltr'><em>τούτων</em></span> <span class='ocrx_word' id='word_1_176' title='bbox 569 2539 610 2580; x_wconf 79' lang='grc' dir='ltr'><em>δὲ</em></span> <span class='ocrx_word' id='word_1_177' title='bbox 622 2541 775 2594; x_wconf 80' lang='grc' dir='ltr'><em>γινομέ-</em></span> 
     </span>
     <span class='ocr_line' id='line_1_42' title="bbox 128 2595 773 2635; baseline 0.006 -4"><span class='ocrx_word' id='word_1_178' title='bbox 128 2609 221 2632; x_wconf 87' lang='grc' dir='ltr'><em>νων.</em></span> <span class='ocrx_word' id='word_1_179' title='bbox 279 2595 360 2632; x_wconf 82' lang='lat' dir='ltr'><em>Vid.</em></span> <span class='ocrx_word' id='word_1_180' title='bbox 398 2596 573 2635; x_wconf 81' lang='lat' dir='ltr'><em>Matthiae</em></span> <span class='ocrx_word' id='word_1_181' title='bbox 613 2600 678 2634; x_wconf 89' lang='lat' dir='ltr'><em>Gr.</em></span> <span class='ocrx_word' id='word_1_182' title='bbox 708 2599 773 2635; x_wconf 86' lang='lat' dir='ltr'><em>Gr.</em></span> 
     </span>
     <span class='ocr_line' id='line_1_43' title="bbox 129 2649 776 2702; baseline 0.008 -16"><span class='ocrx_word' id='word_1_183' title='bbox 129 2649 165 2701; x_wconf 63' lang='grc' dir='ltr'><strong>ἓ.</strong></span> <span class='ocrx_word' id='word_1_184' title='bbox 197 2651 289 2692; x_wconf 80' lang='grc'><strong>562.</strong></span> <span class='ocrx_word' id='word_1_185' title='bbox 354 2652 463 2688; x_wconf 81' lang='lat' dir='ltr'>Plura</span> <span class='ocrx_word' id='word_1_186' title='bbox 496 2655 556 2702; x_wconf 86' lang='lat' dir='ltr'><em>qui</em></span> <span class='ocrx_word' id='word_1_187' title='bbox 594 2655 776 2691; x_wconf 81' lang='lat' dir='ltr'><em>desiderat</em></span> 
     </span>
     <span class='ocr_line' id='line_1_44' title="bbox 127 2707 775 2757; baseline 0.008 -15"><span class='ocrx_word' id='word_1_188' title='bbox 127 2707 231 2744; x_wconf 85' lang='lat' dir='ltr'>huius</span> <span class='ocrx_word' id='word_1_189' title='bbox 277 2720 360 2744; x_wconf 85' lang='lat' dir='ltr'>usus</span> <span class='ocrx_word' id='word_1_190' title='bbox 396 2710 626 2757; x_wconf 85' lang='lat' dir='ltr'><em>testimonia,</em></span> <span class='ocrx_word' id='word_1_191' title='bbox 666 2711 775 2747; x_wconf 84' lang='lat' dir='ltr'>adeat</span> 
     </span>
     <span class='ocr_line' id='line_1_45' title="bbox 126 2762 773 2816; baseline 0.003 -16"><span class='ocrx_word' id='word_1_192' title='bbox 126 2762 246 2800; x_wconf 89' lang='lat' dir='ltr'><em>Reitz.</em></span> <span class='ocrx_word' id='word_1_193' title='bbox 257 2763 461 2800; x_wconf 89' lang='lat' dir='ltr'>adLucian.</span> <span class='ocrx_word' id='word_1_194' title='bbox 472 2765 620 2802; x_wconf 81' lang='lat' dir='ltr'>ConviV.</span> <span class='ocrx_word' id='word_1_195' title='bbox 632 2779 668 2816; x_wconf 85' lang='lat' dir='ltr'><em>p.</em></span> <span class='ocrx_word' id='word_1_196' title='bbox 680 2767 773 2808; x_wconf 82' lang='lat'><strong>354.</strong></span> 
     </span>
     <span class='ocr_line' id='line_1_46' title="bbox 128 2819 776 2872; baseline 0.003 -16"><span class='ocrx_word' id='word_1_197' title='bbox 128 2819 210 2860; x_wconf 85' lang='grc'><em>355</em></span> <span class='ocrx_word' id='word_1_198' title='bbox 240 2824 326 2857; x_wconf 91' lang='lat' dir='ltr'><em>tom.</em></span> <span class='ocrx_word' id='word_1_199' title='bbox 355 2820 409 2857; x_wconf 90' lang='grc' dir='ltr'><em>ΙΧ</em></span> <span class='ocrx_word' id='word_1_200' title='bbox 442 2821 527 2857; x_wconf 88' lang='lat' dir='ltr'><em>edit.</em></span> <span class='ocrx_word' id='word_1_201' title='bbox 556 2822 704 2872; x_wconf 86' lang='lat' dir='ltr'><em>Bipont.</em></span> <span class='ocrx_word' id='word_1_202' title='bbox 720 2843 776 2850; x_wconf 89' lang='lat'><em>—-</em></span> 
     </span>
    </p>
   </div>
   <div class='ocr_carea' id='block_1_23' title="bbox 129 2869 774 2928">
    <p class='ocr_par' dir='ltr' id='par_1_25' title="bbox 129 2869 774 2928">
     <span class='ocr_line' id='line_1_47' title="bbox 129 2869 774 2928; baseline 0.002 -14"><span class='ocrx_word' id='word_1_203' title='bbox 129 2869 210 2914; x_wconf 85' lang='grc' dir='ltr'><em>απὸ</em></span> <span class='ocrx_word' id='word_1_204' title='bbox 235 2878 309 2916; x_wconf 83' lang='grc' dir='ltr'><em>τοῦ</em></span> <span class='ocrx_word' id='word_1_205' title='bbox 339 2872 563 2928; x_wconf 85' lang='grc' dir='ltr'><em>αυτομάτου</em></span> <span class='ocrx_word' id='word_1_206' title='bbox 590 2882 646 2916; x_wconf 87' lang='lat' dir='ltr'><em>est</em></span> <span class='ocrx_word' id='word_1_207' title='bbox 667 2878 774 2925; x_wconf 82' lang='lat' dir='ltr'><em>ultro,</em></span> 
     </span>
    </p>
   </div>
   <div class='ocr_carea' id='block_1_24' title="bbox 719 1284 1443 1343">
    <p class='ocr_par' dir='ltr' id='par_1_26' title="bbox 719 1284 1443 1343">
     <span class='ocr_line' id='line_1_48' title="bbox 719 1284 1443 1343; baseline 0.003 -14"><span class='ocrx_word' id='word_1_208' title='bbox 719 1284 977 1343; x_wconf 81' lang='grc' dir='ltr'><em>’Λπάγονται</em></span> <span class='ocrx_word' id='word_1_209' title='bbox 1023 1288 1068 1332; x_wconf 79' lang='grc' dir='ltr'><em>δὲ</em></span> <span class='ocrx_word' id='word_1_210' title='bbox 1126 1289 1170 1332; x_wconf 87' lang='grc' dir='ltr'><em>οί</em></span> <span class='ocrx_word' id='word_1_211' title='bbox 1222 1288 1443 1343; x_wconf 83' lang='grc' dir='ltr'><em>αἰέλουροι</em></span> 
     </span>
    </p>
   </div>
   <div class='ocr_carea' id='block_1_25' title="bbox 502 1205 1448 1265">
    <p class='ocr_par' dir='ltr' id='par_1_27' title="bbox 502 1205 1448 1265">
     <span class='ocr_line' id='line_1_49' title="bbox 502 1205 1448 1265; baseline 0.003 -16"><span class='ocrx_word' id='word_1_212' title='bbox 502 1205 661 1250; x_wconf 85' lang='grc' dir='ltr'><em>ὁτέοισι</em></span> <span class='ocrx_word' id='word_1_213' title='bbox 703 1206 742 1250; x_wconf 84' lang='grc' dir='ltr'><em>δ’</em></span> <span class='ocrx_word' id='word_1_214' title='bbox 784 1206 839 1250; x_wconf 75' lang='grc' dir='ltr'><em>ἂν</em></span> <span class='ocrx_word' id='word_1_215' title='bbox 887 1207 1030 1261; x_wconf 83' lang='grc' dir='ltr'><em>κύων,</em></span> <span class='ocrx_word' id='word_1_216' title='bbox 1089 1211 1178 1252; x_wconf 80' lang='grc' dir='ltr'><em>πᾶν</em></span> <span class='ocrx_word' id='word_1_217' title='bbox 1225 1207 1274 1251; x_wconf 80' lang='grc' dir='ltr'><em>τό</em></span> <span class='ocrx_word' id='word_1_218' title='bbox 1326 1212 1448 1265; x_wconf 75' lang='grc' dir='ltr'><em>σῶμα</em></span> 
     </span>
    </p>
   </div>
   <div class='ocr_carea' id='block_1_26' title="bbox 843 1471 1506 2032">
    <p class='ocr_par' dir='ltr' id='par_1_28' title="bbox 843 1471 1506 2032">
     <span class='ocr_line' id='line_1_50' title="bbox 845 1471 1506 1522; baseline 0.003 -13"><span class='ocrx_word' id='word_1_219' title='bbox 845 1484 950 1520; x_wconf 80' lang='lat' dir='ltr'>casu,</span> <span class='ocrx_word' id='word_1_220' title='bbox 969 1471 1132 1509; x_wconf 75' lang='lat' dir='ltr'><em>naturali</em></span> <span class='ocrx_word' id='word_1_221' title='bbox 1146 1476 1252 1509; x_wconf 81' lang='lat' dir='ltr'><em>morte</em></span> <span class='ocrx_word' id='word_1_222' title='bbox 1264 1501 1274 1519; x_wconf 85' lang='lat'>‚</span> <span class='ocrx_word' id='word_1_223' title='bbox 1306 1485 1401 1522; x_wconf 89' lang='lat' dir='ltr'>quae</span> <span class='ocrx_word' id='word_1_224' title='bbox 1420 1473 1506 1511; x_wconf 91' lang='lat' dir='ltr'>nul-</span> 
     </span>
     <span class='ocr_line' id='line_1_51' title="bbox 844 1528 1503 1577; baseline 0.003 -12"><span class='ocrx_word' id='word_1_225' title='bbox 844 1528 879 1565; x_wconf 68' lang='lat' dir='ltr'><em>la</em></span> <span class='ocrx_word' id='word_1_226' title='bbox 899 1529 1118 1566; x_wconf 84' lang='lat' dir='ltr'>extrinsecus</span> <span class='ocrx_word' id='word_1_227' title='bbox 1137 1529 1170 1565; x_wconf 85' lang='lat' dir='ltr'><em>vi</em></span> <span class='ocrx_word' id='word_1_228' title='bbox 1190 1533 1315 1566; x_wconf 84' lang='lat' dir='ltr'>coacta</span> <span class='ocrx_word' id='word_1_229' title='bbox 1331 1531 1441 1577; x_wconf 84' lang='lat' dir='ltr'>venit,</span> <span class='ocrx_word' id='word_1_230' title='bbox 1462 1534 1503 1567; x_wconf 90' lang='lat' dir='ltr'><em>ut</em></span> 
     </span>
     <span class='ocr_line' id='line_1_52' title="bbox 845 1585 1503 1624; baseline 0.005 -3"><span class='ocrx_word' id='word_1_231' title='bbox 845 1585 952 1622; x_wconf 79' lang='lat' dir='ltr'>Gellii</span> <span class='ocrx_word' id='word_1_232' title='bbox 975 1590 1056 1622; x_wconf 79' lang='lat' dir='ltr'><em>utar</em></span> <span class='ocrx_word' id='word_1_233' title='bbox 1084 1586 1201 1622; x_wconf 87' lang='lat' dir='ltr'>verbis</span> <span class='ocrx_word' id='word_1_234' title='bbox 1229 1586 1265 1622; x_wconf 88' lang='lat' dir='ltr'><em>in</em></span> <span class='ocrx_word' id='word_1_235' title='bbox 1293 1591 1403 1623; x_wconf 89' lang='lat' dir='ltr'><em>noctt.</em></span> <span class='ocrx_word' id='word_1_236' title='bbox 1427 1586 1503 1624; x_wconf 88' lang='lat' dir='ltr'><em>Att.</em></span> 
     </span>
     <span class='ocr_line' id='line_1_53' title="bbox 843 1641 1500 1688; baseline 0.003 -10"><span class='ocrx_word' id='word_1_237' title='bbox 843 1642 954 1688; x_wconf 80' lang='lat' dir='ltr'>XIII,</span> <span class='ocrx_word' id='word_1_238' title='bbox 978 1645 1012 1682; x_wconf 89' lang='lat'><em>1.</em></span> <span class='ocrx_word' id='word_1_239' title='bbox 1044 1642 1152 1678; x_wconf 87' lang='lat' dir='ltr'>Plura</span> <span class='ocrx_word' id='word_1_240' title='bbox 1172 1641 1343 1680; x_wconf 84' lang='lat' dir='ltr'>Larcher.</span> <span class='ocrx_word' id='word_1_241' title='bbox 1362 1645 1410 1680; x_wconf 89' lang='lat' dir='ltr'><em>ad</em></span> <span class='ocrx_word' id='word_1_242' title='bbox 1431 1644 1465 1680; x_wconf 93' lang='lat' dir='ltr'><em>h.</em></span> <span class='ocrx_word' id='word_1_243' title='bbox 1478 1644 1500 1680; x_wconf 89' lang='lat' dir='ltr'><em>l.</em></span> 
     </span>
     <span class='ocr_line' id='line_1_54' title="bbox 844 1698 1503 1747; baseline 0.002 -12"><span class='ocrx_word' id='word_1_244' title='bbox 844 1698 906 1735; x_wconf 90' lang='lat' dir='ltr'><em>Tu</em></span> <span class='ocrx_word' id='word_1_245' title='bbox 922 1700 1014 1736; x_wconf 84' lang='lat' dir='ltr'>conf.</span> <span class='ocrx_word' id='word_1_246' title='bbox 1037 1712 1185 1747; x_wconf 78' lang='lat' dir='ltr'>quoque</span> <span class='ocrx_word' id='word_1_247' title='bbox 1201 1699 1258 1746; x_wconf 91' lang='lat' dir='ltr'><em>II,</em></span> <span class='ocrx_word' id='word_1_248' title='bbox 1287 1699 1345 1739; x_wconf 79' lang='grc'><strong>14.</strong></span> <span class='ocrx_word' id='word_1_249' title='bbox 1373 1720 1428 1727; x_wconf 83' lang='grc'>-</span> <span class='ocrx_word' id='word_1_250' title='bbox 1459 1699 1503 1739; x_wconf 82' lang='grc' dir='ltr'><em>ἐν</em></span> 
     </span>
     <span class='ocr_line' id='line_1_55' title="bbox 845 1752 1502 1806; baseline -0.002 -12"><span class='ocrx_word' id='word_1_251' title='bbox 845 1753 992 1794; x_wconf 76' lang='grc' dir='ltr'><em>ὁτέοισι</em></span> <span class='ocrx_word' id='word_1_252' title='bbox 1021 1752 1063 1793; x_wconf 78' lang='grc' dir='ltr'><em>δ’</em></span> <span class='ocrx_word' id='word_1_253' title='bbox 1093 1752 1144 1792; x_wconf 72' lang='grc' dir='ltr'><em>ἒὶν</em></span> <span class='ocrx_word' id='word_1_254' title='bbox 1176 1755 1333 1794; x_wconf 84' lang='grc' dir='ltr'><em>οἰκίοισι</em></span> <span class='ocrx_word' id='word_1_255' title='bbox 1375 1757 1502 1806; x_wconf 86' lang='lat' dir='ltr'>optimi</span> 
     </span>
     <span class='ocr_line' id='line_1_56' title="bbox 845 1811 1502 1867; baseline 0.008 -21"><span class='ocrx_word' id='word_1_256' title='bbox 845 1812 981 1860; x_wconf 87' lang='lat' dir='ltr'>quique</span> <span class='ocrx_word' id='word_1_257' title='bbox 1004 1811 1082 1847; x_wconf 89' lang='lat' dir='ltr'>libri</span> <span class='ocrx_word' id='word_1_258' title='bbox 1103 1811 1260 1848; x_wconf 86' lang='lat' dir='ltr'>afferunt</span> <span class='ocrx_word' id='word_1_259' title='bbox 1280 1825 1346 1862; x_wconf 88' lang='lat' dir='ltr'><em>pro</em></span> <span class='ocrx_word' id='word_1_260' title='bbox 1368 1811 1502 1867; x_wconf 76' lang='grc' dir='ltr'><em>ὁτέῃσι</em></span> 
     </span>
     <span class='ocr_line' id='line_1_57' title="bbox 844 1867 1501 1920; baseline 0.002 -15"><span class='ocrx_word' id='word_1_261' title='bbox 844 1888 900 1895; x_wconf 95' lang='lat'>—</span> <span class='ocrx_word' id='word_1_262' title='bbox 921 1867 1088 1920; x_wconf 79' lang='grc' dir='ltr'><em>οἰκίῃσι,</em></span> <span class='ocrx_word' id='word_1_263' title='bbox 1120 1869 1218 1916; x_wconf 85' lang='lat' dir='ltr'>quod</span> <span class='ocrx_word' id='word_1_264' title='bbox 1244 1881 1290 1905; x_wconf 85' lang='lat' dir='ltr'><em>ne</em></span> <span class='ocrx_word' id='word_1_265' title='bbox 1319 1869 1501 1906; x_wconf 87' lang='lat' dir='ltr'>Graecum</span> 
     </span>
     <span class='ocr_line' id='line_1_58' title="bbox 846 1923 1500 1975; baseline 0.006 -17"><span class='ocrx_word' id='word_1_266' title='bbox 846 1923 991 1972; x_wconf 86' lang='lat' dir='ltr'>quidem</span> <span class='ocrx_word' id='word_1_267' title='bbox 1013 1937 1092 1960; x_wconf 87' lang='lat' dir='ltr'>esse</span> <span class='ocrx_word' id='word_1_268' title='bbox 1110 1928 1232 1961; x_wconf 80' lang='lat' dir='ltr'><em>monet</em></span> <span class='ocrx_word' id='word_1_269' title='bbox 1252 1925 1381 1961; x_wconf 83' lang='lat' dir='ltr'>Struve</span> <span class='ocrx_word' id='word_1_270' title='bbox 1402 1938 1500 1975; x_wconf 87' lang='lat' dir='ltr'>spec.</span> 
     </span>
     <span class='ocr_line' id='line_1_59' title="bbox 846 1979 1471 2032; baseline 0.005 -17"><span class='ocrx_word' id='word_1_271' title='bbox 846 1984 986 2030; x_wconf 86' lang='lat' dir='ltr'><em>quaest.</em></span> <span class='ocrx_word' id='word_1_272' title='bbox 1008 1981 1053 2017; x_wconf 88' lang='lat' dir='ltr'><em>de</em></span> <span class='ocrx_word' id='word_1_273' title='bbox 1074 1979 1157 2016; x_wconf 85' lang='lat' dir='ltr'>dial.</span> <span class='ocrx_word' id='word_1_274' title='bbox 1178 1980 1317 2017; x_wconf 88' lang='lat' dir='ltr'>Herod.</span> <span class='ocrx_word' id='word_1_275' title='bbox 1347 1994 1385 2032; x_wconf 88' lang='lat' dir='ltr'><em>p.</em></span> <span class='ocrx_word' id='word_1_276' title='bbox 1404 1981 1471 2022; x_wconf 83' lang='lat'><em>48.</em></span> 
     </span>
    </p>
   </div>
   <div class='ocr_carea' id='block_1_27' title="bbox 1031 2063 1322 2114">
    <p class='ocr_par' dir='ltr' id='par_1_29' title="bbox 1031 2063 1322 2114">
     <span class='ocr_line' id='line_1_60' title="bbox 1031 2063 1322 2114; baseline 0 -13"><span class='ocrx_word' id='word_1_277' title='bbox 1031 2064 1062 2100; x_wconf 84' lang='lat' dir='ltr'>c</span> <span class='ocrx_word' id='word_1_278' title='bbox 1075 2077 1095 2101; x_wconf 75' lang='lat' dir='ltr'>a</span> <span class='ocrx_word' id='word_1_279' title='bbox 1107 2078 1143 2114; x_wconf 80' lang='lat' dir='ltr'><em>p.</em></span> <span class='ocrx_word' id='word_1_280' title='bbox 1172 2063 1322 2102; x_wconf 77' lang='lat' dir='ltr'><em>van.</em></span> 
     </span>
    </p>
   </div>
   <div class='ocr_carea' id='block_1_28' title="bbox 842 2141 1500 2705">
    <p class='ocr_par' dir='ltr' id='par_1_30' title="bbox 915 2141 1329 2157">
     <span class='ocr_line' id='line_1_61' title="bbox 915 2141 1329 2157; baseline -0.002 0"><span class='ocrx_word' id='word_1_281' title='bbox 915 2141 926 2157; x_wconf 69' lang='lat'><em>2</em></span> <span class='ocrx_word' id='word_1_282' title='bbox 978 2143 988 2156; x_wconf 87' lang='grc' dir='ltr'><em>Ι</em></span> <span class='ocrx_word' id='word_1_283' title='bbox 1257 2149 1264 2156; x_wconf 69' lang='grc' dir='ltr'><strong><em>ι</em></strong></span> <span class='ocrx_word' id='word_1_284' title='bbox 1321 2149 1329 2156; x_wconf 72' lang='lat'><em>0</em></span> 
     </span>
    </p>

    <p class='ocr_par' dir='ltr' id='par_1_31' title="bbox 842 2146 1500 2705">
     <span class='ocr_line' id='line_1_62' title="bbox 902 2146 1500 2199; baseline 0.002 -13"><span class='ocrx_word' id='word_1_285' title='bbox 902 2146 1154 2199; x_wconf 79' lang='grc' dir='ltr'><em>απαγονται]</em></span> <span class='ocrx_word' id='word_1_286' title='bbox 1184 2147 1331 2198; x_wconf 77' lang='lat' dir='ltr'>Reliqui</span> <span class='ocrx_word' id='word_1_287' title='bbox 1351 2148 1439 2197; x_wconf 87' lang='lat' dir='ltr'>hoc,</span> <span class='ocrx_word' id='word_1_288' title='bbox 1459 2154 1500 2187; x_wconf 86' lang='lat' dir='ltr'><em>ut</em></span> 
     </span>
     <span class='ocr_line' id='line_1_63' title="bbox 844 2204 1500 2254; baseline 0.003 -13"><span class='ocrx_word' id='word_1_289' title='bbox 844 2204 883 2251; x_wconf 94' lang='grc' dir='ltr'><em>Ι,</em></span> <span class='ocrx_word' id='word_1_290' title='bbox 901 2207 983 2246; x_wconf 82' lang='grc'><em>209</em></span> <span class='ocrx_word' id='word_1_291' title='bbox 1006 2209 1041 2242; x_wconf 86' lang='lat' dir='ltr'><em>et</em></span> <span class='ocrx_word' id='word_1_292' title='bbox 1068 2204 1123 2251; x_wconf 88' lang='grc' dir='ltr'><em>ΙΙ,</em></span> <span class='ocrx_word' id='word_1_293' title='bbox 1144 2204 1196 2245; x_wconf 80' lang='grc'><em>47</em></span> <span class='ocrx_word' id='word_1_294' title='bbox 1211 2234 1220 2251; x_wconf 91' lang='grc'><em>,</em></span> <span class='ocrx_word' id='word_1_295' title='bbox 1251 2206 1413 2254; x_wconf 82' lang='lat' dir='ltr'>quamvis</span> <span class='ocrx_word' id='word_1_296' title='bbox 1437 2219 1500 2243; x_wconf 84' lang='lat' dir='ltr'><em>ex-</em></span> 
     </span>
     <span class='ocr_line' id='line_1_64' title="bbox 843 2260 1499 2300; baseline 0.003 -3"><span class='ocrx_word' id='word_1_297' title='bbox 843 2260 967 2298; x_wconf 90' lang='lat' dir='ltr'>hibeat</span> <span class='ocrx_word' id='word_1_298' title='bbox 996 2261 1360 2298; x_wconf 83' lang='lat' dir='ltr'>Schellershemianus</span> <span class='ocrx_word' id='word_1_299' title='bbox 1389 2262 1499 2300; x_wconf 82' lang='lat' dir='ltr'>liber:</span> 
     </span>
     <span class='ocr_line' id='line_1_65' title="bbox 845 2312 1499 2369; baseline 0.003 -15"><span class='ocrx_word' id='word_1_300' title='bbox 845 2312 1083 2369; x_wconf 71' lang='grc' dir='ltr'><em>α’παγέαται,</em></span> <span class='ocrx_word' id='word_1_301' title='bbox 1114 2318 1212 2367; x_wconf 82' lang='lat' dir='ltr'>quod</span> <span class='ocrx_word' id='word_1_302' title='bbox 1234 2318 1436 2367; x_wconf 80' lang='lat' dir='ltr'>Schweigh.</span> <span class='ocrx_word' id='word_1_303' title='bbox 1462 2323 1499 2356; x_wconf 89' lang='lat' dir='ltr'><em>et</em></span> 
     </span>
     <span class='ocr_line' id='line_1_66' title="bbox 846 2373 1498 2424; baseline 0.006 -14"><span class='ocrx_word' id='word_1_304' title='bbox 846 2374 961 2411; x_wconf 88' lang='lat' dir='ltr'>Gaisf.</span> <span class='ocrx_word' id='word_1_305' title='bbox 983 2374 1124 2424; x_wconf 78' lang='lat' dir='ltr'><em>placuit.</em></span> <span class='ocrx_word' id='word_1_306' title='bbox 1183 2374 1271 2410; x_wconf 79' lang='lat' dir='ltr'><em>Mox</em></span> <span class='ocrx_word' id='word_1_307' title='bbox 1304 2374 1385 2424; x_wconf 82' lang='grc' dir='ltr'><em>ἷραὶ</em></span> <span class='ocrx_word' id='word_1_308' title='bbox 1416 2373 1498 2413; x_wconf 87' lang='grc' dir='ltr'><em>στέ-</em></span> 
     </span>
     <span class='ocr_line' id='line_1_67' title="bbox 843 2430 1497 2481; baseline 0.002 -14"><span class='ocrx_word' id='word_1_309' title='bbox 843 2445 909 2481; x_wconf 70' lang='grc' dir='ltr'><em>γαι</em></span> <span class='ocrx_word' id='word_1_310' title='bbox 940 2435 973 2468; x_wconf 86' lang='lat' dir='ltr'><em>et</em></span> <span class='ocrx_word' id='word_1_311' title='bbox 1007 2430 1089 2481; x_wconf 82' lang='grc' dir='ltr'><em>ἶραὶ</em></span> <span class='ocrx_word' id='word_1_312' title='bbox 1110 2432 1258 2479; x_wconf 79' lang='grc' dir='ltr'><em>θῆκαι,</em></span> <span class='ocrx_word' id='word_1_313' title='bbox 1285 2444 1374 2479; x_wconf 86' lang='lat' dir='ltr'>quas</span> <span class='ocrx_word' id='word_1_314' title='bbox 1403 2432 1497 2468; x_wconf 81' lang='lat' dir='ltr'>infra</span> 
     </span>
     <span class='ocr_line' id='line_1_68' title="bbox 845 2487 1498 2533; baseline 0.003 -11"><span class='ocrx_word' id='word_1_315' title='bbox 845 2487 952 2532; x_wconf 87' lang='lat' dir='ltr'>dicit,</span> <span class='ocrx_word' id='word_1_316' title='bbox 982 2500 1057 2524; x_wconf 89' lang='lat' dir='ltr'><em>non</em></span> <span class='ocrx_word' id='word_1_317' title='bbox 1083 2487 1275 2533; x_wconf 82' lang='lat' dir='ltr'>differunt,</span> <span class='ocrx_word' id='word_1_318' title='bbox 1305 2491 1401 2524; x_wconf 84' lang='lat' dir='ltr'>recte</span> <span class='ocrx_word' id='word_1_319' title='bbox 1419 2501 1498 2524; x_wconf 91' lang='lat' dir='ltr'><em>mo-</em></span> 
     </span>
     <span class='ocr_line' id='line_1_69' title="bbox 842 2543 1496 2592; baseline 0.002 -13"><span class='ocrx_word' id='word_1_320' title='bbox 842 2547 953 2580; x_wconf 89' lang='lat' dir='ltr'>nente</span> <span class='ocrx_word' id='word_1_321' title='bbox 990 2543 1343 2592; x_wconf 83' lang='lat' dir='ltr'>Schweighaeusero.</span> <span class='ocrx_word' id='word_1_322' title='bbox 1402 2544 1496 2581; x_wconf 87' lang='lat' dir='ltr'><em>Sunt</em></span> 
     </span>
     <span class='ocr_line' id='line_1_70' title="bbox 844 2599 1494 2647; baseline 0.002 -11"><span class='ocrx_word' id='word_1_323' title='bbox 844 2599 935 2636; x_wconf 89' lang='lat' dir='ltr'>enim</span> <span class='ocrx_word' id='word_1_324' title='bbox 953 2600 1165 2646; x_wconf 64' lang='lat' dir='ltr'><em>conditoria,</em></span> <span class='ocrx_word' id='word_1_325' title='bbox 1187 2612 1353 2645; x_wconf 80' lang='lat' dir='ltr'><em>camerae,</em></span> <span class='ocrx_word' id='word_1_326' title='bbox 1375 2600 1494 2647; x_wconf 80' lang='lat' dir='ltr'><em>cellae,</em></span> 
     </span>
     <span class='ocr_line' id='line_1_71' title="bbox 842 2655 1495 2705; baseline 0.003 -14"><span class='ocrx_word' id='word_1_327' title='bbox 842 2658 880 2692; x_wconf 78' lang='lat' dir='ltr'><em>z&#39;n</em></span> <span class='ocrx_word' id='word_1_328' title='bbox 898 2655 1022 2705; x_wconf 74' lang='lat' dir='ltr'><em>quibus</em></span> <span class='ocrx_word' id='word_1_329' title='bbox 1041 2658 1169 2692; x_wconf 73' lang='lat' dir='ltr'><em>mortui</em></span> <span class='ocrx_word' id='word_1_330' title='bbox 1188 2656 1391 2693; x_wconf 69' lang='lat' dir='ltr'><em>conduntur.</em></span> <span class='ocrx_word' id='word_1_331' title='bbox 1433 2657 1495 2694; x_wconf 79' lang='lat' dir='ltr'><em>Sic</em></span> 
     </span>
    </p>
   </div>
   <div class='ocr_carea' id='block_1_29' title="bbox 841 2712 1494 2815">
    <p class='ocr_par' dir='ltr' id='par_1_32' title="bbox 841 2712 1494 2815">
     <span class='ocr_line' id='line_1_72' title="bbox 842 2712 1494 2763; baseline 0 -14"><span class='ocrx_word' id='word_1_332' title='bbox 842 2713 971 2761; x_wconf 79' lang='grc' dir='ltr'><em>θῆκαι</em></span> <span class='ocrx_word' id='word_1_333' title='bbox 988 2712 1042 2758; x_wconf 90' lang='grc' dir='ltr'><em>ΙΙ,</em></span> <span class='ocrx_word' id='word_1_334' title='bbox 1067 2714 1130 2753; x_wconf 87' lang='grc'><strong>69.</strong></span> <span class='ocrx_word' id='word_1_335' title='bbox 1153 2714 1218 2753; x_wconf 84' lang='grc'><strong>90.</strong></span> <span class='ocrx_word' id='word_1_336' title='bbox 1244 2712 1321 2752; x_wconf 83' lang='grc'><em>148</em></span> <span class='ocrx_word' id='word_1_337' title='bbox 1342 2717 1378 2749; x_wconf 89' lang='lat' dir='ltr'><em>et</em></span> <span class='ocrx_word' id='word_1_338' title='bbox 1395 2714 1494 2763; x_wconf 88' lang='lat' dir='ltr'>apud</span> 
     </span>
     <span class='ocr_line' id='line_1_73' title="bbox 841 2766 1494 2815; baseline 0.008 -13"><span class='ocrx_word' id='word_1_339' title='bbox 841 2766 995 2804; x_wconf 89' lang='lat' dir='ltr'>Diodor.</span> <span class='ocrx_word' id='word_1_340' title='bbox 1019 2768 1126 2805; x_wconf 89' lang='lat' dir='ltr'>Sicul.</span> <span class='ocrx_word' id='word_1_341' title='bbox 1145 2768 1182 2815; x_wconf 93' lang='grc' dir='ltr'><em>Ι,</em></span> <span class='ocrx_word' id='word_1_342' title='bbox 1205 2769 1384 2815; x_wconf 84' lang='lat' dir='ltr'>83‚unde</span> <span class='ocrx_word' id='word_1_343' title='bbox 1404 2769 1494 2807; x_wconf 77' lang='lat' dir='ltr'>haec</span> 
     </span>
    </p>
   </div>
   <div class='ocr_carea' id='block_1_30' title="bbox 841 2822 1494 2935">
    <p class='ocr_par' dir='ltr' id='par_1_33' title="bbox 841 2822 1494 2935">
     <span class='ocr_line' id='line_1_74' title="bbox 842 2822 1494 2876; baseline 0.008 -17"><span class='ocrx_word' id='word_1_344' title='bbox 842 2824 1106 2862; x_wconf 82' lang='lat' dir='ltr'>adscribamus:</span> <span class='ocrx_word' id='word_1_345' title='bbox 1146 2823 1312 2876; x_wconf 84' lang='grc' dir='ltr'><em>φέρουσι</em></span> <span class='ocrx_word' id='word_1_346' title='bbox 1342 2825 1398 2871; x_wconf 84' lang='grc' dir='ltr'><em>εἰς</em></span> <span class='ocrx_word' id='word_1_347' title='bbox 1423 2822 1494 2873; x_wconf 75' lang='grc' dir='ltr'><em>τοίς</em></span> 
     </span>
     <span class='ocr_line' id='line_1_75' title="bbox 841 2879 1492 2935; baseline 0.006 -18"><span class='ocrx_word' id='word_1_348' title='bbox 841 2880 1036 2931; x_wconf 85' lang='grc' dir='ltr'><em>ταριχείας</em></span> <span class='ocrx_word' id='word_1_349' title='bbox 1047 2890 1055 2900; x_wconf 89' lang='grc'><em>·</em></span> <span class='ocrx_word' id='word_1_350' title='bbox 1077 2879 1208 2921; x_wconf 77' lang='grc' dir='ltr'><em>ἔπειτα</em></span> <span class='ocrx_word' id='word_1_351' title='bbox 1219 2880 1492 2935; x_wconf 80' lang='grc' dir='ltr'><em>θεραπευθέν-</em></span> 
     </span>
    </p>
   </div>
   <div class='ocr_carea' id='block_1_31' title="bbox 1497 1282 1782 1420">
    <p class='ocr_par' dir='ltr' id='par_1_34' title="bbox 1497 1282 1782 1420">
     <span class='ocr_line' id='line_1_76' title="bbox 1503 1282 1780 1319; baseline 0.007 -9"><span class='ocrx_word' id='word_1_352' title='bbox 1503 1282 1560 1310; x_wconf 80' lang='lat' dir='ltr'><em>Ubi</em></span> <span class='ocrx_word' id='word_1_353' title='bbox 1578 1284 1610 1311; x_wconf 80' lang='lat' dir='ltr'><em>ct</em></span> <span class='ocrx_word' id='word_1_354' title='bbox 1634 1284 1780 1319; x_wconf 82' lang='lat' dir='ltr'>quomodo</span> 
     </span>
     <span class='ocr_line' id='line_1_77' title="bbox 1500 1316 1781 1352; baseline 0.011 -9"><span class='ocrx_word' id='word_1_355' title='bbox 1500 1316 1559 1344; x_wconf 82' lang='lat' dir='ltr'><em>hae</em></span> <span class='ocrx_word' id='word_1_356' title='bbox 1584 1322 1675 1352; x_wconf 80' lang='lat' dir='ltr'>atque</span> <span class='ocrx_word' id='word_1_357' title='bbox 1701 1320 1781 1346; x_wconf 67' lang='lat' dir='ltr'>altae</span> 
     </span>
     <span class='ocr_line' id='line_1_78' title="bbox 1498 1352 1782 1381; baseline 0.018 -5"><span class='ocrx_word' id='word_1_358' title='bbox 1498 1352 1782 1381; x_wconf 74' lang='lat' dir='ltr'><em>nonnullaebestiae</em></span> 
     </span>
     <span class='ocr_line' id='line_1_79' title="bbox 1497 1385 1696 1420; baseline 0.011 -9"><span class='ocrx_word' id='word_1_359' title='bbox 1497 1385 1696 1420; x_wconf 76' lang='lat' dir='ltr'><em>sepeliantur.</em></span> 
     </span>
    </p>
   </div>
  </div>
 </body>
</html>
