1877 3223
399 236 455 276 44
814 235 1279 275 HERODOTI

399 358 493 398 γων
522 358 566 386 τε
592 343 666 386 καὶ
693 345 934 410 σζηξιτίδων,
979 345 1051 388 καὶ
1087 343 1226 389 αὐλοῦ
1250 350 1511 403 γυναικηΐου
1543 365 1587 392 τε
1611 348 1731 393 καὶὸο

356 424 379 460 4
402 420 627 479 ἀνδρηΐου.
672 420 731 475 ὥς
768 421 814 467 δὲ
845 421 889 475 ἐς
920 422 1000 479 τὴν
1041 426 1256 482 Μιλησίην
1293 424 1516 481 ἀπίκοιτο,
1571 427 1686 485 οἰκή-
1732 435 1759 474 9

354 643 438 681 γων
458 642 497 667 τε
522 625 589 666 καὶ
614 625 832 677 πηκτίδων,
847 627 915 668 καὶ
941 624 1011 668 αὕ-

356 687 434 724 λοῦ
451 684 689 736 γυναικηΐου
718 698 758 722 τε
781 683 848 723 καὶ
869 681 1013 737 ἀνδρη-

357 741 447 790 ΐου]
498 737 580 778 ’ὑπό
613 740 811 791 συρίγγων
849 746 924 778 est:
966 742 1014 778 ad

358 801 519 839 (tuntum,
559 796 607 832 ad
637 809 757 832 sonum
781 798 1013 846 fistularum,-

358 854 457 902 quod
475 853 563 888 satis
584 858 708 889 notum
730 853 875 889 dicendi
897 867 1012 903 genus

358 910 515 946 illustrat
561 908 692 945 Matth.
745 909 906 958 Grammn.
947 911 1013 946 Gr.

361 965 400 1016 ᾗ.
424 966 506 1006 592
536 978 571 1013 p·
595 968 673 1005 118
696 977 751 1014 sq.
809 965 859 1001 Et
887 979 1014 1014 quam-

359 1035 467 1071 quam
489 1020 610 1070 plures
638 1026 766 1069 gentes
790 1021 1014 1070 antiquitatis

357 1078 561 1128 accepimus
593 1079 639 1114 ad
678 1078 789 1115 tibiae
820 1091 950 1114 sonum
978 1079 1014 1113 in

357 1147 520 1186 pugnam
549 1134 735 1182 ingressas
768 1135 858 1178 (vid.
880 1133 1013 1171 Siebel.

358 1192 408 1227 ad
437 1190 594 1227 Pausan.
622 1190 680 1236 X,
713 1190 763 1230 15
794 1189 830 1241 ᾖ.
853 1192 930 1239 2),
961 1190 1017 1227 hic

361 1248 469 1283 etiam
491 1245 594 1283 locus
616 1260 660 1282 eo
682 1246 799 1294 valet,
829 1251 868 1282 ut
898 1244 935 1284 'et
963 1246 1017 1282 lu-

358 1303 492 1340 xuriem
530 1301 789 1351 mollitiemque
829 1302 1017 1350 Lydorum

358 1358 518 1396 declaret
555 1363 592 1396 et
631 1360 786 1395 musices
821 1359 1018 1409 primordia

357 1420 469 1463 atque
486 1415 706 1451 incrementa
716 1414 902 1463 Lydorum
915 1415 1015 1463 genti

361 1472 542 1517 vindicet,
581 1471 681 1506 cuius
712 1471 859 1507 omnino
886 1472 922 1507 in
949 1471 1016 1507 hac

360 1541 400 1565 re
421 1528 592 1575 frequens
614 1528 761 1563 mentio.
792 1527 900 1573 vVide,
921 1540 1015 1576 quae

361 1585 493 1621 Creuz.
528 1583 645 1619 attulit
674 1584 721 1620 ad
760 1584 945 1621 Xanthum
978 1585 1015 1619 in

357 1642 524 1688 fragium.
548 1639 722 1676 historice.
753 1654 788 1691 p.
821 1642 899 1680 156
929 1640 1014 1676 add.

360 1696 475 1733 Orelli
518 1695 646 1746 Suppl.
677 1700 766 1734 nott.
808 1698 855 1733 ad
896 1696 1013 1734 Nicol.

360 1753 531 1790 Damasc.
563 1765 599 1802 p.
620 1754 671 1793 57
694 1765 750 1801 sq.
808 1752 896 1790 Non
920 1753 1014 1790 euim

360 1813 500 1846 tantum
521 1808 709 1856 Lydorum
733 1810 868 1846 musica
900 1823 958 1845 ars
978 1809 1014 1845 in

360 1865 568 1901 uuiversum
601 1865 854 1914 praedicatur,
891 1878 1014 1902 verum

362 1922 471 1958 etiam
495 1920 732 1958 instrumenta
760 1935 882 1959 eorum
905 1923 1016 1957 musi-

361 1990 425 2022 ca3
465 1990 615 2025 quorum
654 1977 723 2013 hoc
752 1978 831 2014 loco
861 1979 1015 2027 primum

361 2038 607 2071 memorantur
626 2033 767 2071 fistulae
779 2064 789 2081 ‚
820 2036 866 2071 de
885 2035 1015 2083 quibus

361 2089 501 2127 monitu
518 2090 573 2124 viv<
588 2103 690 2139 opus.
722 2091 907 2141 πηκτίδες
920 2103 1015 2138 quae

360 2146 533 2195 deinceps
553 2145 758 2194 laudantur,
781 2161 901 2185 earum
916 2146 1016 2195 apud

365 2204 560 2239 Homerum
579 2202 724 2250 quidem
744 2204 840 2240 nulla
857 2203 1016 2246 mentio3

360 2260 429 2296 sed
461 2259 613 2295 occurrit
640 2260 783 2308 πηκτίς
809 2261 844 2295 in
879 2258 1016 2308 Orphei

361 2314 500 2363 Argon.
531 2327 582 2350 vs,
603 2315 681 2355 411
705 2316 786 2351 etin
800 2315 1016 2351 Anacreont.

362 2371 436 2418 vl,
473 2373 549 2417 10,
576 2371 637 2406 ubi
671 2372 765 2407 cons.
794 2371 1015 2408 Fischerum.

366 2428 556 2465 Gesnerus
588 2428 635 2463 ad
665 2428 803 2476 Orphei
834 2427 856 2463 l.
885 2426 907 2462 l.
948 2440 1015 2476 pro

365 2484 496 2522 eodem
520 2483 756 2520 instrumento
788 2483 910 2520 haberi
942 2482 1017 2518 vult

365 2546 476 2589 atque
506 2536 577 2590 τήν
602 2535 818 2591 φόρμιγγα,
849 2539 907 2576 alii
937 2551 1015 2575 cum

365 2596 522 2644 magade
576 2597 810 2633 confundunt.
898 2595 1015 2643 Atque

366 2652 512 2690 omnino
533 2652 656 2700 Lyrae
685 2667 800 2700 genus
822 2653 931 2701 idque
952 2665 1015 2688 au—

366 2709 606 2757 tiquissimuul
626 2710 703 2746 sere
725 2710 835 2746 fuisse
864 2710 1016 2755 xidetur,

367 2765 467 2815 quod
495 2765 592 2814 Lydi
633 2766 688 2802 x'cl
714 2766 784 2817 ipsi
817 2765 1017 2802 invenerint

368 2821 422 2858 vel
461 2827 556 2859 certe
590 2821 808 2860 excoluerint
839 2822 1016 2870 valdeque

370 2880 404 2916 iu
425 2891 491 2915 usu
509 2879 708 2916 habuerint.
753 2879 811 2918 Cs.
831 2892 924 2929 quos
942 2878 1017 2916 lau-

1079 630 1142 667 dat
1161 627 1239 666 Ast.
1269 630 1316 666 ad
1341 629 1431 666 Plat.
1451 627 1556 665 Polit.
1583 627 1658 676 ΠΙ,
1680 629 1732 667 10

1079 700 1116 736 p.
1138 686 1218 726 456
1241 686 1381 722 Comm.
1413 686 1467 736 (p.
1489 686 1572 726 399
1593 698 1629 734 p.
1652 685 1734 724 132

1080 742 1232 790 Bene).
1276 742 1404 779 Tertio
1434 742 1511 778 loco
1531 739 1734 790 appellatur

1082 795 1200 844 αὐλὸς
1230 799 1305 835 sive
1331 799 1443 846 tibia,
1473 798 1572 834 cuius
1599 796 1734 833 mentio

1083 855 1118 890 in
1148 855 1254 892 rebus
1276 854 1426 903 Lydicis
1457 858 1518 890 aut
1545 852 1734 901 l’hrygicis

1081 911 1262 948 neminem
1285 912 1459 947 advertet.
1516 910 1593 946 Sed
1619 909 1734 946 maius

1082 967 1269 1014 negotium
1288 968 1355 1003 hoc
1377 966 1455 1003 loco
1469 966 1637 1003 exhibent
1656 977 1735 1002 ver-

1083 1022 1130 1058 ba
1151 1023 1273 1058 addita
1296 1017 1363 1060 ‘v‘n'
1387 1018 1545 1073 (αὐλοῦ)
1569 1035 1735 1072 γυναι-

1083 1092 1107 1116 u
1122 1093 1145 1127 η
1161 1079 1240 1116 ΐου
1262 1092 1301 1116 τε
1328 1077 1394 1115 καὶ
1413 1073 1620 1128 ἅνδρηΐου,
1643 1089 1736 1125 quae

1083 1147 1130 1171 ne
1159 1133 1300 1171 Gellius
1329 1134 1473 1183 quidem
1504 1137 1601 1170 recte
1631 1132 1738 1170 intel-

1083 1190 1190 1237 lexit,
1229 1204 1306 1227 cum
1342 1192 1376 1226 in
1409 1188 1678 1227 Noctt.Atticc.
1707 1187 1738 1235 Ῐ,

1087 1250 1136 1287 11
1175 1247 1265 1283 haec
1299 1247 1491 1284 scriberet:
1534 1246 1737 1293 „Alyattes

1082 1307 1229 1351 „autem
1243 1332 1253 1349 ‚
1276 1316 1337 1339 rex
1349 1308 1465 1340 terrae
1476 1302 1615 1349 Lydiae
1627 1330 1637 1348 ,
1659 1314 1739 1338 mo-

1084 1373 1122 1395 re
1144 1364 1254 1407 atque
1270 1359 1352 1395 luxu
1383 1359 1569 1395 barbarico
1592 1358 1738 1408 praedi-

1082 1419 1140 1451 tus
1167 1428 1275 1463 quum
1301 1415 1431 1452 bellum
1462 1414 1614 1451 Milesiis
1640 1415 1739 1451 sace-

1082 1476 1159 1517 ret,
1200 1476 1238 1507 ut
1265 1472 1478 1508 Herodotus
1511 1471 1548 1506 in
1577 1469 1737 1506 historiis

1082 1527 1212 1573 tradit,
1251 1529 1483 1565 concinentes
1516 1526 1736 1564 fistulatores

1084 1588 1119 1621 et
1138 1583 1299 1621 fidicines
1320 1589 1428 1634 atque
1454 1583 1611 1633 feminas
1631 1585 1736 1619 etiam

1083 1640 1242 1676 tibicines
1281 1641 1317 1676 in
1366 1641 1520 1678 exercitu
1552 1645 1661 1687 atque
1699 1638 1737 1674 in

1082 1697 1266 1747 procinctu
1293 1697 1438 1743 habuit,
1480 1695 1737 1733 lascivientium

1082 1753 1227 1790 delicias
1273 1754 1559 1789 conviviorumf‘
1631 1751 1738 1794 Quae

1082 1810 1112 1844 si
1138 1809 1290 1857 legeris,
1330 1823 1411 1847 eam
1451 1810 1486 1845 iu
1528 1807 1736 1858 opinionem

1082 1866 1201 1902 induci
1228 1867 1387 1916 poteris,
1436 1860 1562 1903 αὐλὸν
1601 1878 1734 1915 γυναι-

1082 1918 1200 1970 κήϊον
1224 1936 1305 1959 esse
1329 1923 1475 1968 tibiam,
1506 1933 1600 1970 quae
1629 1933 1651 1956 a
1679 1921 1736 1957 se-

1082 1979 1189 2015 minis
1203 1978 1359 2025 infletur,
1383 1973 1506 2017 αὐλὸν
1527 1971 1735 2027 α’νόρήϊον,

1084 2048 1177 2083 quae
1205 2048 1226 2071 a
1258 2035 1428 2071 maribus.
1487 2034 1571 2077 Quo
1610 2032 1736 2070 melius

1083 2091 1153 2127 iam
1172 2091 1260 2127 vidit
1278 2091 1494 2136 LarcheruS‚
1525 2085 1647 2128 αὕλόν
1670 2103 1736 2139 γυ·

1084 2142 1271 2196 ναικήϊον
1301 2159 1379 2183 eam
1409 2160 1514 2192 esse,
1552 2157 1646 2193 quae
1674 2158 1737 2180 so-

1085 2216 1169 2239 num
1183 2202 1382 2239 molliorem
1396 2206 1432 2239 et
1443 2202 1638 2238 acutiorem
1653 2202 1737 2238 red-

1086 2260 1207 2302 deret·‚
1249 2253 1466 2308 α’νὸρήϊον,
1496 2258 1595 2293 cuius
1624 2270 1735 2293 sonus

1085 2315 1228 2361 gravior
1249 2320 1356 2351 esset.
1415 2313 1526 2350 Addit
1555 2313 1734 2363 Bottiger.

1085 2363 1206 2419 (tiber
1226 2371 1284 2406 die
1303 2370 1484 2419 lqdische
1501 2369 1736 2420 Doppelfliite

1084 2429 1119 2464 in
1148 2427 1182 2462 U
1197 2426 1327 2462 iclaud.
1353 2426 1504 2463 Attis-ch.
1530 2426 1625 2462 Mus.
1645 2425 1686 2470 Ι,
1707 2428 1735 2466 2

1084 2497 1120 2533 p.
1138 2483 1332 2532 33451111.)
1353 2483 1447 2519 illam
1469 2482 1580 2519 videri
1601 2483 1735 2531 proba-

1087 2541 1165 2576 liter
1194 2553 1296 2586 eam,
1347 2552 1442 2588 quae
1477 2539 1653 2575 Romanis
1687 2538 1735 2575 sit

1085 2597 1172 2632 tibia
1200 2598 1366 2641 sinistra,
1403 2595 1550 2631 alteram
1575 2600 1734 2637 (mascu-

1087 2653 1175 2695 lam)
1197 2666 1288 2698 eam,
1309 2665 1402 2701 quae
1413 2651 1590 2688 Romanis
1609 2651 1734 2688 dextra

1085 2708 1296 2759 appelletur.
1356 2709 1461 2752 Quae
1491 2709 1584 2745 enim
1606 2708 1732 2745 dextra

1085 2778 1192 2802 mauu
1213 2769 1358 2802 canatur
1375 2765 1475 2812 tibia,
1496 2765 1639 2802 efficere
1649 2777 1730 2804 eum

1085 2835 1226 2868 sonum,
1255 2822 1315 2871 qui
1344 2822 1449 2858 nobis
1469 2820 1563 2858 Bass
1583 2821 1732 2866 dicatur,

1086 2878 1268 2917 sinistram
1288 2879 1411 2916 tibiam
1431 2891 1534 2926 eum,
1555 2877 1730 2927 quinobis
