1909 3228
634 183 1147 222 EUTERPE.H.

1423 184 1508 223 845

249 294 409 337 κέουσα
439 293 483 337 δὲ
515 293 560 337 έν
593 297 757 337 Βουτοῖ
783 293 907 344 πόλι,
956 293 1027 335 ἴνα
1065 290 1116 346 δή
1155 291 1199 334 οἷ
1236 289 1286 333 τὸ
1323 290 1504 346 χρηστή-

251 389 350 426 ριον
390 372 517 416 τοῦτό
553 372 664 425 ἐστι,
709 371 956 414 Ἀπόλλωνα
993 369 1109 424 παρὰ
1138 368 1269 419 Ἴσιος
1307 384 1504 422 παρακα-

248 449 444 506 ταθήκην
474 450 702 505 δεξαμένη,
730 450 906 492 διέσωσε
935 446 1252 502 κατακρύψασα
1275 447 1319 490 έν
1341 451 1393 503 τῇ
1415 444 1526 489 νιῗνι

246 534 394 585 πλωτῇ
423 528 629 585 λεγομένῃ
660 526 799 585 νήσῳ·
846 528 916 571 ὅτε
947 527 999 582 δὴ
1029 527 1077 570 τὸ
1109 531 1197 569 πᾶν
1228 525 1450 581 διζήμενος
1479 526 1503 568 ὁ

251 608 413 662 Τυφών
451 607 627 662 ἐπῆλθε,
672 608 813 649 θέλων
853 607 1040 659 ἐξευρεῖν
1078 610 1157 649 τοῦ
1199 604 1387 660 Ὀσίριος
1424 606 1502 647 τόν

216 690 392 729 omma.

233 765 365 815 Ἴσιος
403 766 576 820 λέγουσι
614 763 724 807 εἶναι
767 767 946 814 παῖδας·

214 842 420 886 ῖαύτοῖσι
466 845 539 887 καὶ
591 842 803 898 σώτειραν
845 843 1061 899 γενέσθαι.

450 686 694 729 Ἀπόλλωνα
726 687 792 736 δὲ,
823 686 895 728 καὶ
922 684 1146 739 ”Αρτεμιν,
1179 684 1404 728 Διονύσου
1429 685 1502 728 καὶ

1005 767 1182 818 Λητοῦν
1222 763 1288 813 δὲ,
1332 763 1502 818 τροφὸν

1137 843 1392 896 Αἰγυπτιστὶ
1447 842 1526 885 δὲ5

237 921 452 965 Ἀπόλλων
481 922 582 977 μὲν,
621 918 776 976 ῗΩρος·
835 922 1042 978 Δημήτηρ
1075 922 1142 969 δὲ,
1175 920 1303 971 Ἶσις·
1347 920 1495 971 ’Ἀρτε-

239 1018 311 1056 μις
350 1002 395 1045 δὲ
406 1034 417 1051 ,
455 1001 711 1057 Βούβαστις.

770 1001 816 1044 έκ
849 1001 1007 1045 τούτου
1049 1001 1094 1044 δὲ
1129 1003 1209 1043 τοῦ
1252 998 1386 1055 λόγου
1423 999 1497 1042 καὶ

239 1080 422 1132 ου’δενὸς
460 1079 626 1132 ἄλλου,
684 1080 900 1136 Αἰσχύλος
941 1080 963 1124 ὁ
1001 1079 1294 1135 Εὐφορίωνος
1331 1078 1497 1134 ἥρπασε·

236 1159 283 1203 τὸ
314 1159 396 1215 ἐγώ
428 1159 610 1215 φράσω,
649 1164 815 1216 μοῦνος
844 1160 896 1216 δὴ
925 1159 1137 1216 ποιητέων
1166 1161 1253 1202 τῶν
1280 1173 1493 1214 προγενο-
1552 1163 1628 1204 181

237 1363 459 1407 Ἀπόλλωνα
501 1390 556 1394 -
606 1364 826 1417 δεξαμένη]

177 1424 369 1473 Apollinem
399 1424 567 1471 intelligit
595 1423 752 1470 Horum,
781 1423 828 1460 de

178 1493 250 1529 quo
266 1481 338 1518 vid.
358 1484 434 1517 not.
458 1481 505 1516 ad
523 1479 554 1515 ΙΙ
567 1508 578 1526 ,
602 1479 693 1520 144.

229 1587 292 1632 ’ὅτε
324 1589 372 1643 δὴ
399 1589 443 1631 τό
478 1593 561 1630 πᾶν
589 1585 823 1641 διζήμενος]

177 1646 249 1700 δή,
293 1650 391 1698 quod
420 1649 529 1697 vulgo
570 1649 706 1693 abest,
745 1660 826 1684 cum

177 1706 295 1742 Gaisf.
327 1705 555 1741 restituimus.
632 1704 738 1747 Quae
768 1716 827 1739 se-

176 1766 353 1811 quuntur,
375 1761 487 1797 lucem
509 1760 685 1810 accipiunt
706 1773 748 1796 ex
768 1759 823 1804 iis,

176 1830 270 1866 quae
300 1818 345 1854 de
378 1817 524 1853 Osiride
542 1838 596 1842 —
622 1816 764 1852 Baccho
789 1819 825 1850 et

174 1874 334 1910 Iside—
345 1873 479 1910 Cerere
496 1872 757 1922 disputavimus
778 1871 826 1908 ad

176 1930 231 1978 11,
253 1929 318 1970 42.
339 1930 403 1970 50.
426 1930 516 1969 137.
539 1928 629 1969 144.

229 2036 427 2091 Αἰσχύλος
441 2038 464 2078 ὁ
476 2034 744 2090 Εὐφορίωνος
757 2035 826 2090 ἤρ-

171 2095 296 2146 πασε]
334 2097 475 2133 Eadem
505 2097 652 2133 tradunt
686 2097 824 2133 Pausa—

171 2155 250 2190 nias
279 2153 382 2199 Vlll,
413 2154 468 2192 37
502 2151 538 2202 ἓ.
557 2155 594 2193 3.
658 2152 821 2189 Macrob.

170 2210 316 2246 Saturn.
349 2209 386 2255 I,
416 2211 478 2249 18.
525 2210 604 2246 Nec
633 2209 702 2246 alio
738 2222 821 2259 spe-

172 2271 292 2311 etant,
315 2278 408 2314 quae
431 2264 539 2313 vulgo
560 2271 751 2301 narrantur
773 2266 819 2302 de

171 2321 346 2369 Aeschylo
372 2321 541 2368 mysteria
575 2322 753 2371 prodente
784 2328 820 2358 et

171 2379 207 2413 in
225 2378 391 2414 iudicium
409 2378 492 2413 inde
513 2383 662 2421 vocato3
683 2378 727 2414 de
746 2390 818 2426 qua

171 2447 208 2471 re
228 2435 300 2470 vid.
330 2432 419 2470 Zell.
447 2434 495 2469 ad
522 2434 700 2470 Aristotel.
734 2433 818 2470 Eth.

169 2491 216 2526 ad
230 2490 436 2526 Nicomach.
456 2489 517 2535 lll,
540 2493 557 2529 1
584 2487 618 2538 ἓ.
637 2493 684 2528 17
704 2503 738 2539 p.
751 2491 817 2536 86,

169 2546 266 2582 cuius
292 2546 384 2582 bene
402 2558 538 2582 memor
560 2547 625 2581 fuit
645 2546 815 2581 Creuzer.

168 2602 205 2637 in
230 2601 392 2650 Symbol.
423 2601 473 2637 lv
496 2614 532 2650 p.
557 2601 650 2642 517.
717 2600 813 2637 Add.

166 2657 302 2707 Haupt.
346 2658 382 2694 iu
432 2661 586 2705 quaestt.
635 2656 812 2704 Aeschyll.

166 2713 310 2762 specim.
333 2713 363 2749 ll
398 2711 519 2763 (Lips.
543 2714 668 2757 1829)
689 2713 812 2762 cap.V

166 2784 202 2819 p-
225 2772 343 2810 97—-
359 2772 447 2809 100.
489 2769 611 2818 Ipsum
634 2781 718 2805 vero
739 2768 812 2805 Ae-

167 2824 275 2874 schyli
295 2826 427 2862 dictum
439 2852 449 2870 ,
467 2825 502 2861 in
526 2837 597 2874 quo
612 2825 811 2874 Aegyptia-

897 1379 961 1403 cae
1002 1366 1189 1404 doctrinae
1235 1366 1367 1403 indicia
1401 1365 1550 1412 lateant,

896 1423 1081 1470 attigimus
1106 1434 1216 1472 supra
1243 1423 1291 1458 ad
1311 1422 1365 1468 Π,
1387 1423 1467 1462 137
1487 1422 1551 1458 fin.

952 1480 1100 1528 μοῦνος
1139 1474 1189 1527 δή
1227 1476 1424 1527 ποιητέων
1469 1479 1550 1516 τῶν

895 1532 1214 1586 προγενομένων]
1255 1534 1366 1577 Quod
1386 1532 1550 1582 Aeschy-

893 1590 966 1627 lum
998 1591 1208 1628 Herodotus
1250 1589 1409 1640 appellat
1438 1602 1549 1626 unum

893 1649 992 1685 τῶν
1032 1645 1455 1698 προγενομένων,
1502 1659 1547 1683 eo

895 1703 981 1740 satis
1002 1703 1176 1740 declarari
1197 1707 1303 1752 putat
1324 1701 1544 1739 Dahlmanu.

894 1759 1033 1796 Herod.
1054 1772 1139 1809 pag.
1161 1762 1212 1798 21
1233 1771 1310 1806 seq.
1337 1758 1429 1794 falsa
1449 1771 1544 1805 esse,

895 1827 988 1863 quae
1007 1816 1054 1852 de
1073 1815 1275 1851 Herodotei
1297 1814 1416 1863 operis
1436 1827 1545 1863 prae-

893 1871 1048 1908 lectione
1077 1870 1256 1919 Olympiis
1283 1871 1378 1906 sacta
1404 1882 1436 1906 a.
1458 1870 1543 1911 456

897 1933 982 1964 ante
1003 1927 1089 1964 Chr.
1108 1926 1216 1974 vulgo
1237 1927 1441 1972 tradantur,
1462 1939 1541 1963 cum

896 1996 939 2020 eo
966 1984 1046 2033 ipso
1082 1996 1177 2020 anno
1205 1987 1365 2019 mortuus
1393 1982 1437 2018 sit
1465 1982 1540 2019 Ae-

893 2039 1056 2088 schylus,
1088 2052 1195 2088 quem
1214 2039 1446 2084 Herodotus,
1478 2038 1542 2087 qui

891 2097 970 2146 ipse
990 2101 1094 2132 natus
1114 2101 1190 2132 erat
1209 2094 1289 2135 484
1321 2107 1354 2130 a.
1379 2094 1464 2130 Chr.
1486 2108 1539 2142 11.‚

889 2153 1033 2189 minime
1051 2154 1240 2202 poetarum
1257 2153 1335 2188 τῶν
1354 2164 1541 2201 προγενο-

889 2207 1018 2258 μένων
1034 2222 1142 2245 unum
1163 2207 1346 2257 appellare
1367 2207 1539 2256 potuerit.

888 2265 964 2302 Sed
987 2266 1153 2313 equidem
1176 2277 1249 2300 non
1271 2262 1448 2310 intelligo,
1476 2275 1539 2299 cur

886 2320 1059 2358 historiae
1078 2325 1182 2370 pater
1200 2319 1427 2367 Aeschylum,
1447 2319 1538 2355 mul-

886 2381 923 2413 to
945 2383 1042 2414 certe
1061 2377 1231 2413 maiorem
1257 2381 1343 2412 natu
1357 2404 1367 2422 ,
1400 2376 1450 2411 ita
1470 2388 1537 2425 ap-

885 2432 1021 2482 pellare
1040 2433 1137 2469 haud
1157 2435 1336 2481 potuerit,
1367 2444 1534 2481 praeser-

885 2490 947 2525 tim
983 2490 1011 2525 si
1046 2493 1272 2538 reputemuS,
1311 2488 1406 2524 haud
1442 2487 1535 2525 inte-

885 2558 986 2593 grum
1014 2558 1104 2594 opus
1135 2544 1311 2594 Olympiis
1343 2544 1533 2581 recitatum

882 2602 993 2638 fuisse
1019 2601 1133 2637 videri
1155 2629 1166 2647 ,
1215 2599 1399 2648 multaque
1423 2600 1532 2636 etiam

881 2658 966 2692 addi
989 2657 1149 2706 potuisse
1160 2656 1204 2692 ab
1221 2656 1389 2692 historico
1402 2660 1530 2705 postea

881 2713 1022 2762 saepius
1063 2725 1153 2761 opus
1193 2724 1294 2748 suum
1331 2711 1528 2760 relegente.

880 2768 939 2804 Tu
969 2769 1040 2805 vid.
1076 2768 1200 2816 Heyse
1237 2773 1390 2818 quaestt.
1419 2768 1526 2806 Herr.

876 2837 961 2874 pag.
981 2824 1046 2865 42.
