1909 3228
553 268 977 308 EUTERPE.
1021 270 1066 308 11.

1342 272 1426 312 595

139 377 272 426 3τούς
303 371 352 427 ὗς
379 375 617 429 θύσαντες,
665 378 897 421 πατέονται
925 383 1013 422 τῶν
1042 382 1192 433 κρεῶν,
1241 379 1350 424 διότι
1381 380 1426 423 δὲ

165 456 268 506 τούς
296 449 348 506 ὗς
378 456 425 498 ἐν
458 457 537 513 μὲν
576 461 673 514 τῇσι
711 455 863 513 ἄλλῃσι
900 455 1053 515 ὁρτῇσι
1092 455 1480 515 οἷπεστυγήκασι,30

167 533 213 576 ἐν
255 534 300 577 δὲ
339 533 477 591 ταύτῃ
510 536 699 588 θύουσι,
758 536 846 579 ἔστι
885 537 964 591 μὲν
1001 535 1132 592 λόγος
1160 537 1257 591 περὶ
1287 536 1426 582 αὐτοῦ

164 610 245 655 ὑπ’
277 615 527 668 Αἰγυπτίων
558 614 809 671 λεγόμενος·
855 615 951 670 ἐμοὶ
979 615 1128 670 μέντοι
1157 615 1422 676 ἐπισταμένῳ

138 691 253 734 4ούκ
302 690 639 748 εὐπρεπέστερός
679 694 768 737 ἐστι
817 694 1032 748 λέγεσθαι.
1090 697 1224 751 θυσίη
1264 695 1310 740 δὲ
1349 695 1425 753 ἥδε

162 775 252 813 τῶν
288 769 384 814 ὖών
422 774 475 827 τῇ
512 771 685 828 Σελήνῃ
726 773 936 815 ποιέεται·
989 772 1119 816 ἐπεὰν
1158 773 1297 832 θύσῃ,
1344 774 1423 831 τὴν

164 848 301 905 οὐρὴν
331 848 467 906 ἄκρην
497 851 568 892 καὶ
599 849 674 893 τὸν
706 855 870 906 σπλῆνα
902 852 971 894 καὶ
1000 851 1078 895 τὸν
1095 851 1301 896 ἐπίπλοον
1320 861 1477 897 συν-35

160 928 254 977 θεὶς
287 927 425 982 ὁμοῦ,
458 928 559 971 κατ’
597 924 659 971 ὧν
689 929 873 982 ἐκάλυψε
904 930 1022 988 πάσῃ
1053 934 1134 975 τοῦ
1163 930 1339 987 κτήνεος
1367 936 1422 988 τῇ

160 1010 317 1061 πιμελῇ
345 1010 398 1063 τῇ
438 1009 537 1062 περὶ
574 1009 653 1064 τὴν
692 1009 833 1065 νηδὺν
871 1009 1102 1067 γινομένῃ·

131 1087 375 1139 5καταγίζει
415 1089 532 1140 πυρί.

1161 1010 1234 1053 καὶ
1278 1011 1421 1053 ἔπειτα

592 1087 643 1130 τὰ
675 1089 719 1131 δὲ
758 1088 866 1131 ἄλλα
906 1090 1011 1143 κρέα
1049 1088 1261 1133 σιτέονται
1292 1089 1339 1133 ἓν
1367 1093 1420 1146 τῇ

160 1163 434 1221 πανσελήνῳ,
479 1166 526 1209 ἐν
555 1171 606 1222 τῇ
639 1166 692 1208 ἄν
731 1167 782 1209 τὰ
815 1166 884 1221 ἱροὶ
917 1168 1107 1210 θύσωσι·
1149 1167 1197 1211 ἐν
1234 1167 1342 1225 ἄλλῃ
1374 1168 1420 1212 δὲ

130 1239 300 1299 ὂὴμέρῃ
331 1242 413 1287 οὐκ
445 1243 499 1286 ἂν
530 1245 590 1288 ἔτι
617 1247 861 1300 γευσαίατο.
910 1248 955 1289 οἰ
992 1248 1035 1289 δὲ
1065 1247 1240 1303 πένητες
1271 1246 1418 1291 αὐτῶν

155 1318 235 1363 ὑπ’
281 1320 506 1380 ἀσθενείης
543 1326 645 1380 βίου
684 1325 900 1375 σταιτίνας
938 1324 1177 1376 πλάσαντες
1226 1319 1297 1379 ὗς,
1345 1326 1474 1369 καὶ40

98 1504 136 1541 in
155 1504 301 1543 Cereris
318 1506 497 1555 mysteriis
521 1507 673 1555 usitata,
704 1509 752 1546 de

98 1561 230 1610 quibus
250 1561 356 1612 plura
383 1563 480 1600 idem
506 1563 570 1601 Cr.
602 1564 624 1600 l.
648 1564 670 1600 l.
700 1564 751 1601 IV

97 1631 134 1667 p-
158 1620 248 1658 178-
275 1620 364 1660 182.
386 1618 468 1660 473
499 1634 590 1670 seq„
620 1621 681 1670 qui
701 1621 749 1658 ad

98 1673 132 1710 h.
163 1674 344 1712 Herodoti
373 1674 490 1713 locum
516 1677 607 1713 haec
641 1690 750 1726 prae-

98 1735 200 1767 terea
230 1731 445 1780 adscripsit:
500 1733 747 1779 „Eustathius

98 1786 146 1821 ad
160 1786 294 1834 odyss.
311 1787 396 1833 XX,
410 1787 488 1828 156
512 1802 591 1837 sqq.
605 1802 640 1838 p.
653 1792 748 1836 727,

99 1841 154 1882 42
174 1842 230 1878 ed.
244 1843 329 1879 Bas.
353 1844 542 1881 attendere
562 1857 628 1880 nos
651 1845 750 1882 iubet

98 1897 135 1933 in
155 1899 249 1934 festo
281 1911 397 1935 novae
426 1898 555 1936 Lunae
585 1904 650 1936 tres
673 1914 749 1937 sues

99 1954 220 2003 (τρεῖς
243 1950 422 2002 σιάλους)
446 1955 490 1991 ab
503 1956 749 1993 Ithacensibns

98 2010 285 2047 immolari.
342 2011 462 2059 Atque
480 2012 612 2049 Veneri
635 2013 749 2061 (quae

98 2067 178 2115 ipsa
210 2079 277 2116 pro
313 2066 441 2104 Lunae
475 2068 544 2104 dea
574 2068 748 2117 habetur)

97 2122 220 2170 Argivi
243 2136 341 2159 suem
371 2127 548 2160 mactasse
572 2124 748 2162 dicuntur.

96 2178 178 2215 Vid.
215 2179 399 2216 lablonsk,
436 2179 545 2217 Voce.
574 2179 750 2232 Aegyptt.

95 2247 181 2284 pag.
206 2237 303 2275 37.“
324 2257 380 2263 —-

151 2344 361 2386 πατέονται
389 2348 470 2386 τῶν
495 2346 651 2399 κρεῶν]
706 2349 748 2386 In

96 2403 259 2451 margine
281 2403 431 2454 exempl.
452 2404 627 2454 Stephan.
648 2405 748 2453 quod

96 2471 210 2508 penes
234 2458 264 2495 C
273 2472 299 2494 r.
321 2464 400 2506 est,
412 2461 519 2497 docta
537 2473 664 2497 manus
683 2474 749 2510 ap-

96 2514 213 2563 pinxit
248 2514 270 2552 δ
285 2513 500 2554 ατέονται.
558 2517 635 2553 Sed
662 2517 748 2555 vide

97 2570 146 2606 ad
162 2569 209 2616 ΙΙ,
233 2571 298 2610 37.
318 2593 374 2598 -
392 2571 451 2607 Ad
467 2571 576 2610 verba
597 2567 668 2611 ούκ
686 2568 747 2611 εύ-

96 2622 358 2677 πρεπέστερός
385 2625 466 2665 ἐστι
495 2627 591 2673 (scil.
610 2625 747 2680 λόγος)

94 2681 281 2733 λέγεσθαι
302 2683 396 2720 conf.
418 2682 465 2730 II,
484 2682 550 2723 46.

152 2791 194 2832 ἒν
217 2787 401 2846 δέταύτῃ
429 2788 602 2843 θύουσι]
633 2793 745 2841 „Eu-

97 2849 245 2885 stathius
276 2850 324 2886 ad
358 2849 494 2897 odyss.
524 2849 634 2896 xlx,
664 2852 745 2891 439

96 2918 132 2955 p.
153 2907 234 2947 705
253 2905 347 2942 infra
358 2905 468 2942 Bas-il.
490 2907 602 2950 (conf.
613 2906 745 2943 Athen.

819 1522 856 1559 p.
869 1508 992 1555 402):
1024 1506 1066 1546 οἵ
1087 1504 1130 1545 δέ
1150 1518 1274 1555 φασιν
1287 1507 1474 1559 εἰρῆσθαι

820 1567 936 1612 σῦν,
968 1562 1021 1610 ὤς
1050 1562 1173 1602 οἱονεὶ
1204 1566 1303 1603 θῦν
1327 1562 1393 1604 τὸν
1418 1566 1474 1612 εἰς

818 1622 969 1660 θυσίαν
1000 1615 1265 1670 εὐθετοῦντα,-
1295 1625 1335 1658 ut
1362 1622 1473 1671 igitur

819 1680 890 1724 σῦς
911 1679 1011 1726 (sus)
1039 1689 1061 1714 a
1078 1672 1200 1716 θύειν
1217 1690 1352 1716 nomen
1370 1679 1472 1717 inve-

816 1735 951 1772 nerit.“
974 1733 1040 1770 Cr.

875 1840 998 1883 ε’πεοῖν
1020 1840 1155 1898 θύσῃ]
1195 1844 1277 1881 Scil.
1301 1842 1360 1890 τὶς
1388 1858 1417 1882 S.
1447 1843 1470 1884 ὁ

816 1895 948 1938 θύων.
978 1900 1060 1936 Vid.
1081 1900 1114 1947 Ι,
1142 1901 1219 1941 132
1239 1900 1326 1948 ibiq.
1344 1900 1469 1938 laudd.

820 1956 886 1992 Cr.
914 1957 969 1992 hic
994 1957 1134 1993 confert
1169 1956 1246 1993 Ast.
1286 1956 1335 1992 ad
1375 1956 1468 1993 Plat.

816 2012 924 2048 Polit.
951 2011 983 2047 ΙΙ
1010 2025 1045 2060 p.
1067 2012 1161 2052 430.
1190 2008 1257 2050 τὸν
1277 2010 1469 2052 ἐπίπλοον

815 2068 982 2117 intelligit
1000 2067 1214 2104 Latinorum
1233 2071 1411 2106 omentum.

873 2174 946 2217 οὐκ
975 2174 1025 2217 ἂν
1048 2176 1101 2216 ἔτι
1126 2177 1356 2229 γευσαίατο]
1388 2179 1467 2216 Ob-

818 2248 922 2272 serva
941 2234 1090 2284 optativi
1111 2236 1202 2281 vim,
1224 2235 1270 2272 de
1287 2247 1358 2284 qua
1369 2234 1466 2272 Mat-

816 2291 912 2328 thiae
933 2291 997 2327 Gr.
1017 2291 1080 2327 Gr.
1099 2304 1184 2340 pag.
1204 2294 1298 2332 977.
1344 2291 1465 2328 Verba

815 2342 892 2385 ὕπ’
910 2342 1121 2394 οἷσθενείης
1141 2347 1232 2397 βίον
1251 2348 1343 2384 bene
1358 2346 1465 2383 Wes-

817 2403 989 2451 selingius
1012 2403 1148 2439 reddit:
1170 2406 1311 2452 propter
1327 2407 1463 2451 egesta-

816 2463 881 2496 tem
903 2464 934 2496 et
953 2462 1067 2496 victus
1087 2461 1287 2495 tenuitatem
1301 2488 1311 2505 ‚
1340 2462 1379 2495 ut
1398 2458 1461 2505 lv,

818 2516 910 2556 135.
955 2514 1059 2561 vlu,
1094 2516 1160 2556 51.
1224 2514 1325 2552 Idem
1361 2515 1464 2551 addit

816 2571 1013 2617 σταιτίνας
1036 2565 1083 2616 ὗς
1114 2570 1332 2618 (farinaceas
1358 2571 1462 2619 sues)

814 2628 870 2664 hic
888 2628 974 2677 poni
995 2626 1233 2664 sicutibovem
1244 2626 1461 2663 farinaeeam

813 2683 850 2719 in
868 2684 1130 2731 Cyzicenorum
1155 2682 1264 2718 sacris
1293 2694 1351 2732 ap.
1374 2681 1462 2719 Plu-

814 2739 924 2776 tarch.
953 2737 1088 2775 Lucull.
1115 2737 1189 2787 (cp.
1206 2738 1278 2785 10)
1309 2750 1345 2787 p.
1364 2735 1459 2784 498,

813 2793 858 2831 A.
887 2796 940 2830 Ac
958 2794 1107 2831 similem
1124 2806 1260 2830 morem
1277 2793 1459 2842 Schweig-

814 2851 988 2887 haeusero
1011 2854 1109 2886 teste
1127 2849 1247 2898 tangit
1266 2848 1398 2886 suidas
1421 2849 1457 2886 in

801 2901 1003 2957 ’Ἕβδομος
1022 2906 1131 2957 βοῦς.

1100 2960 1187 3000 38*
