<?xml version="1.0" encoding="UTF-8"?>
<!DOCTYPE html PUBLIC "-//W3C//DTD XHTML 1.0 Transitional//EN"
    "http://www.w3.org/TR/xhtml1/DTD/xhtml1-transitional.dtd">
<html xmlns="http://www.w3.org/1999/xhtml" xml:lang="en" lang="en">
 <head>
  <title>
</title>
<meta http-equiv="Content-Type" content="text/html;charset=utf-8" />
  <meta name='ocr-system' content='tesseract 3.04.00' />
  <meta name='ocr-capabilities' content='ocr_page ocr_carea ocr_par ocr_line ocrx_word'/>
</head>
<body>
  <div class='ocr_page' id='page_1' title='image "./musaeherodoto01hero_0936.png"; bbox 0 0 1909 3228; ppageno 0'>
   <div class='ocr_carea' id='block_1_1' title="bbox 259 223 1310 269">
    <p class='ocr_par' dir='ltr' id='par_1_1' title="bbox 259 223 1310 269">
     <span class='ocr_line' id='line_1_1' title="bbox 259 223 1310 269; baseline -0.009 0"><span class='ocrx_word' id='word_1_1' title='bbox 259 229 343 269; x_wconf 82' lang='lat'><strong>922</strong></span> <span class='ocrx_word' id='word_1_2' title='bbox 729 224 1200 262; x_wconf 91' lang='lat' dir='ltr'><strong>EXCURSUS</strong></span> <span class='ocrx_word' id='word_1_3' title='bbox 1257 223 1310 262; x_wconf 86' lang='lat' dir='ltr'><strong>XI</strong></span> 
     </span>
    </p>
   </div>
   <div class='ocr_carea' id='block_1_2' title="bbox 251 335 1771 1540">
    <p class='ocr_par' dir='ltr' id='par_1_2' title="bbox 251 335 1771 1540">
     <span class='ocr_line' id='line_1_2' title="bbox 260 335 1770 388; baseline -0.002 -13"><span class='ocrx_word' id='word_1_4' title='bbox 260 339 495 388; x_wconf 83' lang='lat' dir='ltr'><strong>cogitandum</strong></span> <span class='ocrx_word' id='word_1_5' title='bbox 524 338 670 388; x_wconf 83' lang='lat' dir='ltr'><strong>quidem</strong></span> <span class='ocrx_word' id='word_1_6' title='bbox 703 339 769 384; x_wconf 91' lang='lat' dir='ltr'><strong>sit,</strong></span> <span class='ocrx_word' id='word_1_7' title='bbox 807 338 971 385; x_wconf 88' lang='lat' dir='ltr'><strong>quamvis</strong></span> <span class='ocrx_word' id='word_1_8' title='bbox 1003 347 1138 373; x_wconf 89' lang='lat' dir='ltr'><strong>nomen</strong></span> <span class='ocrx_word' id='word_1_9' title='bbox 1165 335 1282 385; x_wconf 92' lang='lat' dir='ltr'><strong>ipsum</strong></span> <span class='ocrx_word' id='word_1_10' title='bbox 1315 335 1504 386; x_wconf 72' lang='lat' dir='ltr'><strong>Magd0l2·‚</strong></span> <span class='ocrx_word' id='word_1_11' title='bbox 1548 337 1647 385; x_wconf 90' lang='lat' dir='ltr'><strong>quod</strong></span> <span class='ocrx_word' id='word_1_12' title='bbox 1671 336 1770 388; x_wconf 88' lang='lat' dir='ltr'><strong>apud</strong></span> 
     </span>
     <span class='ocr_line' id='line_1_3' title="bbox 258 403 1769 455; baseline -0.001 -13"><span class='ocrx_word' id='word_1_13' title='bbox 258 405 490 443; x_wconf 85' lang='lat' dir='ltr'><strong>Herodotum</strong></span> <span class='ocrx_word' id='word_1_14' title='bbox 511 410 649 453; x_wconf 87' lang='lat' dir='ltr'><strong>exstat,</strong></span> <span class='ocrx_word' id='word_1_15' title='bbox 686 404 804 452; x_wconf 82' lang='lat' dir='ltr'><strong>magis</strong></span> <span class='ocrx_word' id='word_1_16' title='bbox 833 404 1024 441; x_wconf 85' lang='lat' dir='ltr'><strong>conveniat</strong></span> <span class='ocrx_word' id='word_1_17' title='bbox 1054 403 1190 453; x_wconf 89' lang='lat' dir='ltr'><strong>oppido</strong></span> <span class='ocrx_word' id='word_1_18' title='bbox 1224 405 1260 440; x_wconf 89' lang='lat' dir='ltr'><strong>in</strong></span> <span class='ocrx_word' id='word_1_19' title='bbox 1286 403 1446 455; x_wconf 84' lang='lat' dir='ltr'><strong>Aegypti</strong></span> <span class='ocrx_word' id='word_1_20' title='bbox 1482 404 1647 442; x_wconf 81' lang='lat' dir='ltr'><strong>confiniis</strong></span> <span class='ocrx_word' id='word_1_21' title='bbox 1686 405 1769 440; x_wconf 87' lang='lat' dir='ltr'><strong>sito.</strong></span> 
     </span>
     <span class='ocr_line' id='line_1_4' title="bbox 261 471 1769 521; baseline -0.001 -12"><span class='ocrx_word' id='word_1_22' title='bbox 261 473 371 517; x_wconf 86' lang='lat' dir='ltr'><strong>Quod</strong></span> <span class='ocrx_word' id='word_1_23' title='bbox 390 473 458 510; x_wconf 92' lang='lat' dir='ltr'><strong>hoc</strong></span> <span class='ocrx_word' id='word_1_24' title='bbox 482 473 696 510; x_wconf 88' lang='lat' dir='ltr'><strong>Herodoteo</strong></span> <span class='ocrx_word' id='word_1_25' title='bbox 727 472 808 509; x_wconf 93' lang='lat' dir='ltr'><strong>loco</strong></span> <span class='ocrx_word' id='word_1_26' title='bbox 834 472 895 521; x_wconf 93' lang='lat' dir='ltr'><strong>qui</strong></span> <span class='ocrx_word' id='word_1_27' title='bbox 915 471 1189 520; x_wconf 84' lang='lat' dir='ltr'><strong>intelligendum</strong></span> <span class='ocrx_word' id='word_1_28' title='bbox 1207 484 1286 509; x_wconf 90' lang='lat' dir='ltr'><strong>esse</strong></span> <span class='ocrx_word' id='word_1_29' title='bbox 1312 478 1528 521; x_wconf 90' lang='lat' dir='ltr'><strong>censerent,</strong></span> <span class='ocrx_word' id='word_1_30' title='bbox 1564 473 1662 510; x_wconf 90' lang='lat' dir='ltr'><strong>haud</strong></span> <span class='ocrx_word' id='word_1_31' title='bbox 1689 472 1769 521; x_wconf 91' lang='lat' dir='ltr'><strong>qui-</strong></span> 
     </span>
     <span class='ocr_line' id='line_1_5' title="bbox 258 538 1771 590; baseline -0.001 -13"><span class='ocrx_word' id='word_1_32' title='bbox 258 541 341 578; x_wconf 92' lang='lat' dir='ltr'><strong>dem</strong></span> <span class='ocrx_word' id='word_1_33' title='bbox 368 542 537 587; x_wconf 85' lang='lat' dir='ltr'><strong>defuere,</strong></span> <span class='ocrx_word' id='word_1_34' title='bbox 569 552 692 577; x_wconf 90' lang='lat' dir='ltr'><strong>sacrae</strong></span> <span class='ocrx_word' id='word_1_35' title='bbox 722 540 920 590; x_wconf 80' lang='lat' dir='ltr'><strong>scripturae</strong></span> <span class='ocrx_word' id='word_1_36' title='bbox 938 539 1044 586; x_wconf 89' lang='lat' dir='ltr'><strong>locis,</strong></span> <span class='ocrx_word' id='word_1_37' title='bbox 1064 540 1124 576; x_wconf 91' lang='lat' dir='ltr'><strong>ubi</strong></span> <span class='ocrx_word' id='word_1_38' title='bbox 1144 538 1318 587; x_wconf 79' lang='lat' dir='ltr'><strong>Megz‘ddo</strong></span> <span class='ocrx_word' id='word_1_39' title='bbox 1339 546 1578 588; x_wconf 88' lang='lat' dir='ltr'><strong>memoratur,</strong></span> <span class='ocrx_word' id='word_1_40' title='bbox 1601 542 1652 577; x_wconf 85' lang='lat' dir='ltr'><strong>ita</strong></span> <span class='ocrx_word' id='word_1_41' title='bbox 1673 551 1771 577; x_wconf 90' lang='lat' dir='ltr'><strong>com-</strong></span> 
     </span>
     <span class='ocr_line' id='line_1_6' title="bbox 257 606 1770 658; baseline -0.001 -13"><span class='ocrx_word' id='word_1_42' title='bbox 257 610 424 655; x_wconf 85' lang='lat' dir='ltr'><strong>mutatis,</strong></span> <span class='ocrx_word' id='word_1_43' title='bbox 456 612 494 644; x_wconf 92' lang='lat' dir='ltr'><strong>ut</strong></span> <span class='ocrx_word' id='word_1_44' title='bbox 516 622 594 645; x_wconf 91' lang='lat' dir='ltr'><strong>cum</strong></span> <span class='ocrx_word' id='word_1_45' title='bbox 616 609 778 658; x_wconf 79' lang='lat' dir='ltr'><strong>ipsorum</strong></span> <span class='ocrx_word' id='word_1_46' title='bbox 799 608 979 644; x_wconf 68' lang='lat' dir='ltr'><strong>sententia</strong></span> <span class='ocrx_word' id='word_1_47' title='bbox 999 607 1225 644; x_wconf 87' lang='lat' dir='ltr'><strong>conveniant.</strong></span> <span class='ocrx_word' id='word_1_48' title='bbox 1277 608 1386 646; x_wconf 87' lang='lat' dir='ltr'><strong>Conf.</strong></span> <span class='ocrx_word' id='word_1_49' title='bbox 1416 608 1679 647; x_wconf 84' lang='lat' dir='ltr'><strong>Rosenmiiller.</strong></span> <span class='ocrx_word' id='word_1_50' title='bbox 1702 607 1724 643; x_wconf 91' lang='lat' dir='ltr'><strong>l.</strong></span> <span class='ocrx_word' id='word_1_51' title='bbox 1747 606 1770 643; x_wconf 92' lang='grc' dir='ltr'><strong>Ι.</strong></span> 
     </span>
     <span class='ocr_line' id='line_1_7' title="bbox 256 673 1769 727; baseline -0.001 -13"><span class='ocrx_word' id='word_1_52' title='bbox 256 677 313 725; x_wconf 89' lang='grc' dir='ltr'><strong>ΙΙ,</strong></span> <span class='ocrx_word' id='word_1_53' title='bbox 333 681 359 718; x_wconf 99' lang='grc'>2</span> <span class='ocrx_word' id='word_1_54' title='bbox 387 690 472 727; x_wconf 83' lang='lat' dir='ltr'><strong>pag.</strong></span> <span class='ocrx_word' id='word_1_55' title='bbox 494 679 546 717; x_wconf 83' lang='lat'><strong>99</strong></span> <span class='ocrx_word' id='word_1_56' title='bbox 578 688 655 724; x_wconf 85' lang='lat' dir='ltr'><strong>seq.</strong></span> <span class='ocrx_word' id='word_1_57' title='bbox 691 678 765 711; x_wconf 83' lang='lat' dir='ltr'><strong>not.</strong></span> <span class='ocrx_word' id='word_1_58' title='bbox 786 674 881 715; x_wconf 79' lang='lat'><strong>204.</strong></span> <span class='ocrx_word' id='word_1_59' title='bbox 956 673 1005 711; x_wconf 84' lang='lat' dir='ltr'><strong>At</strong></span> <span class='ocrx_word' id='word_1_60' title='bbox 1030 688 1115 712; x_wconf 88' lang='lat' dir='ltr'><strong>vero</strong></span> <span class='ocrx_word' id='word_1_61' title='bbox 1144 679 1290 725; x_wconf 82' lang='lat' dir='ltr'><strong>praeter</strong></span> <span class='ocrx_word' id='word_1_62' title='bbox 1321 676 1483 713; x_wconf 86' lang='lat' dir='ltr'><strong>codicum</strong></span> <span class='ocrx_word' id='word_1_63' title='bbox 1517 677 1769 714; x_wconf 87' lang='lat' dir='ltr'><strong>auctoritatem</strong></span> 
     </span>
     <span class='ocr_line' id='line_1_8' title="bbox 256 742 1770 795; baseline -0.001 -14"><span class='ocrx_word' id='word_1_64' title='bbox 256 746 334 795; x_wconf 90' lang='lat' dir='ltr'><strong>ipsa</strong></span> <span class='ocrx_word' id='word_1_65' title='bbox 352 743 558 793; x_wconf 82' lang='lat' dir='ltr'><strong>obloquitur</strong></span> <span class='ocrx_word' id='word_1_66' title='bbox 577 756 654 790; x_wconf 84' lang='lat' dir='ltr'><strong>res,</strong></span> <span class='ocrx_word' id='word_1_67' title='bbox 684 755 764 779; x_wconf 90' lang='lat' dir='ltr'><strong>cum</strong></span> <span class='ocrx_word' id='word_1_68' title='bbox 784 743 829 779; x_wconf 90' lang='lat' dir='ltr'><strong>ab</strong></span> <span class='ocrx_word' id='word_1_69' title='bbox 854 743 951 779; x_wconf 91' lang='lat' dir='ltr'><strong>omni</strong></span> <span class='ocrx_word' id='word_1_70' title='bbox 974 742 1152 779; x_wconf 81' lang='lat' dir='ltr'><strong>verisimili</strong></span> <span class='ocrx_word' id='word_1_71' title='bbox 1184 743 1403 791; x_wconf 87' lang='lat' dir='ltr'><strong>abhorreat,</strong></span> <span class='ocrx_word' id='word_1_72' title='bbox 1436 744 1622 782; x_wconf 89' lang='lat' dir='ltr'><strong>Iudaicum</strong></span> <span class='ocrx_word' id='word_1_73' title='bbox 1644 756 1770 793; x_wconf 84' lang='lat' dir='ltr'><strong>regem</strong></span> 
     </span>
     <span class='ocr_line' id='line_1_9' title="bbox 257 809 1771 863; baseline 0.001 -15"><span class='ocrx_word' id='word_1_74' title='bbox 257 825 371 861; x_wconf 84' lang='lat' dir='ltr'><strong>usque</strong></span> <span class='ocrx_word' id='word_1_75' title='bbox 391 813 438 848; x_wconf 83' lang='lat' dir='ltr'><strong>ad</strong></span> <span class='ocrx_word' id='word_1_76' title='bbox 457 810 618 861; x_wconf 74' lang='lat' dir='ltr'><strong>Aegypti</strong></span> <span class='ocrx_word' id='word_1_77' title='bbox 657 810 811 847; x_wconf 82' lang='lat' dir='ltr'><strong>confinia</strong></span> <span class='ocrx_word' id='word_1_78' title='bbox 840 810 983 846; x_wconf 82' lang='lat' dir='ltr'><strong>obviam</strong></span> <span class='ocrx_word' id='word_1_79' title='bbox 1009 809 1115 848; x_wconf 87' lang='lat' dir='ltr'><strong>ivisse</strong></span> <span class='ocrx_word' id='word_1_80' title='bbox 1142 809 1408 861; x_wconf 69' lang='lat' dir='ltr'><strong>Aegyptiorum</strong></span> <span class='ocrx_word' id='word_1_81' title='bbox 1437 813 1537 862; x_wconf 83' lang='lat' dir='ltr'><strong>regi,</strong></span> <span class='ocrx_word' id='word_1_82' title='bbox 1568 826 1675 862; x_wconf 89' lang='lat' dir='ltr'><strong>quem</strong></span> <span class='ocrx_word' id='word_1_83' title='bbox 1701 826 1771 863; x_wconf 88' lang='lat' dir='ltr'><strong>po-</strong></span> 
     </span>
     <span class='ocr_line' id='line_1_10' title="bbox 254 877 1769 930; baseline -0.001 -13"><span class='ocrx_word' id='word_1_84' title='bbox 254 881 326 917; x_wconf 87' lang='lat' dir='ltr'><strong>tius</strong></span> <span class='ocrx_word' id='word_1_85' title='bbox 353 892 376 917; x_wconf 87' lang='lat' dir='ltr'><strong>a</strong></span> <span class='ocrx_word' id='word_1_86' title='bbox 402 879 552 916; x_wconf 85' lang='lat' dir='ltr'><strong>transitu</strong></span> <span class='ocrx_word' id='word_1_87' title='bbox 578 891 642 928; x_wconf 85' lang='lat' dir='ltr'><strong>per</strong></span> <span class='ocrx_word' id='word_1_88' title='bbox 674 882 807 915; x_wconf 87' lang='lat' dir='ltr'><strong>terram</strong></span> <span class='ocrx_word' id='word_1_89' title='bbox 827 877 1008 914; x_wconf 79' lang='lat' dir='ltr'><strong>Iudaicam</strong></span> <span class='ocrx_word' id='word_1_90' title='bbox 1035 877 1151 927; x_wconf 79' lang='lat' dir='ltr'><strong>ipsam</strong></span> <span class='ocrx_word' id='word_1_91' title='bbox 1172 879 1418 928; x_wconf 86' lang='lat' dir='ltr'><strong>prohibiturus</strong></span> <span class='ocrx_word' id='word_1_92' title='bbox 1451 885 1530 918; x_wconf 80' lang='lat' dir='ltr'><strong>erat</strong></span> <span class='ocrx_word' id='word_1_93' title='bbox 1559 882 1595 917; x_wconf 93' lang='lat' dir='ltr'><strong>in</strong></span> <span class='ocrx_word' id='word_1_94' title='bbox 1617 880 1769 930; x_wconf 85' lang='lat' dir='ltr'><strong>campis,</strong></span> 
     </span>
     <span class='ocr_line' id='line_1_11' title="bbox 254 944 1770 999; baseline 0.001 -16"><span class='ocrx_word' id='word_1_95' title='bbox 254 961 321 998; x_wconf 88' lang='lat' dir='ltr'><strong>per</strong></span> <span class='ocrx_word' id='word_1_96' title='bbox 345 960 436 996; x_wconf 82' lang='lat' dir='ltr'><strong>quos</strong></span> <span class='ocrx_word' id='word_1_97' title='bbox 467 948 588 983; x_wconf 88' lang='lat' dir='ltr'><strong>aditus</strong></span> <span class='ocrx_word' id='word_1_98' title='bbox 622 949 767 996; x_wconf 87' lang='lat' dir='ltr'><strong>pateret</strong></span> <span class='ocrx_word' id='word_1_99' title='bbox 797 945 845 981; x_wconf 87' lang='lat' dir='ltr'><strong>ad</strong></span> <span class='ocrx_word' id='word_1_100' title='bbox 875 944 1071 993; x_wconf 70' lang='lat' dir='ltr'><strong>Assyriam.</strong></span> <span class='ocrx_word' id='word_1_101' title='bbox 1139 947 1245 990; x_wconf 85' lang='lat' dir='ltr'><strong>Quae</strong></span> <span class='ocrx_word' id='word_1_102' title='bbox 1269 961 1348 985; x_wconf 88' lang='lat' dir='ltr'><strong>cum</strong></span> <span class='ocrx_word' id='word_1_103' title='bbox 1376 950 1427 985; x_wconf 91' lang='lat' dir='ltr'><strong>ita</strong></span> <span class='ocrx_word' id='word_1_104' title='bbox 1453 949 1548 996; x_wconf 82' lang='lat' dir='ltr'><strong>sint,</strong></span> <span class='ocrx_word' id='word_1_105' title='bbox 1579 948 1770 999; x_wconf 90' lang='lat' dir='ltr'><strong>proelium,</strong></span> 
     </span>
     <span class='ocr_line' id='line_1_12' title="bbox 255 1012 1769 1064; baseline 0 -12"><span class='ocrx_word' id='word_1_106' title='bbox 255 1016 302 1053; x_wconf 91' lang='lat' dir='ltr'><strong>de</strong></span> <span class='ocrx_word' id='word_1_107' title='bbox 332 1028 404 1064; x_wconf 90' lang='lat' dir='ltr'><strong>quo</strong></span> <span class='ocrx_word' id='word_1_108' title='bbox 432 1016 572 1064; x_wconf 86' lang='lat' dir='ltr'><strong>agitur,</strong></span> <span class='ocrx_word' id='word_1_109' title='bbox 606 1014 642 1049; x_wconf 90' lang='lat' dir='ltr'><strong>in</strong></span> <span class='ocrx_word' id='word_1_110' title='bbox 661 1014 798 1063; x_wconf 90' lang='lat' dir='ltr'><strong>campis</strong></span> <span class='ocrx_word' id='word_1_111' title='bbox 816 1026 932 1063; x_wconf 84' lang='lat' dir='ltr'><strong>prope</strong></span> <span class='ocrx_word' id='word_1_112' title='bbox 951 1012 1125 1062; x_wconf 75' lang='lat' dir='ltr'><strong>Megz·‹l‹lo</strong></span> <span class='ocrx_word' id='word_1_113' title='bbox 1149 1016 1377 1052; x_wconf 88' lang='lat' dir='ltr'><strong>commissum</strong></span> <span class='ocrx_word' id='word_1_114' title='bbox 1405 1029 1485 1054; x_wconf 90' lang='lat' dir='ltr'><strong>esse</strong></span> <span class='ocrx_word' id='word_1_115' title='bbox 1510 1018 1568 1055; x_wconf 89' lang='lat' dir='ltr'><strong>vix</strong></span> <span class='ocrx_word' id='word_1_116' title='bbox 1600 1017 1769 1062; x_wconf 80' lang='lat' dir='ltr'><strong>dubium3</strong></span> 
     </span>
     <span class='ocr_line' id='line_1_13' title="bbox 255 1080 1770 1133; baseline 0 -12"><span class='ocrx_word' id='word_1_117' title='bbox 255 1096 363 1133; x_wconf 90' lang='lat' dir='ltr'><strong>quam</strong></span> <span class='ocrx_word' id='word_1_118' title='bbox 387 1084 513 1121; x_wconf 89' lang='lat' dir='ltr'><strong>urbem</strong></span> <span class='ocrx_word' id='word_1_119' title='bbox 534 1080 753 1131; x_wconf 82' lang='lat' dir='ltr'><strong>(Megiddo)</strong></span> <span class='ocrx_word' id='word_1_120' title='bbox 779 1081 999 1118; x_wconf 88' lang='lat' dir='ltr'><strong>iudicaturus</strong></span> <span class='ocrx_word' id='word_1_121' title='bbox 1021 1082 1231 1119; x_wconf 87' lang='lat' dir='ltr'><strong>Herodotus</strong></span> <span class='ocrx_word' id='word_1_122' title='bbox 1258 1083 1356 1119; x_wconf 89' lang='lat' dir='ltr'><strong>haud</strong></span> <span class='ocrx_word' id='word_1_123' title='bbox 1380 1083 1453 1119; x_wconf 91' lang='lat' dir='ltr'><strong>scio</strong></span> <span class='ocrx_word' id='word_1_124' title='bbox 1483 1096 1530 1121; x_wconf 88' lang='lat' dir='ltr'><strong>an</strong></span> <span class='ocrx_word' id='word_1_125' title='bbox 1562 1085 1770 1122; x_wconf 87' lang='lat' dir='ltr'><strong>confudisse</strong></span> 
     </span>
     <span class='ocr_line' id='line_1_14' title="bbox 255 1149 1770 1201; baseline 0 -12"><span class='ocrx_word' id='word_1_126' title='bbox 255 1153 455 1190; x_wconf 87' lang='lat' dir='ltr'><strong>censendus</strong></span> <span class='ocrx_word' id='word_1_127' title='bbox 484 1151 531 1188; x_wconf 93' lang='lat' dir='ltr'><strong>sit</strong></span> <span class='ocrx_word' id='word_1_128' title='bbox 557 1163 636 1188; x_wconf 89' lang='lat' dir='ltr'><strong>cum</strong></span> <span class='ocrx_word' id='word_1_129' title='bbox 659 1149 777 1187; x_wconf 85' lang='lat' dir='ltr'><strong>altera</strong></span> <span class='ocrx_word' id='word_1_130' title='bbox 800 1149 861 1186; x_wconf 90' lang='lat' dir='ltr'><strong>illa</strong></span> <span class='ocrx_word' id='word_1_131' title='bbox 891 1150 980 1187; x_wconf 89' lang='lat' dir='ltr'><strong>urbe</strong></span> <span class='ocrx_word' id='word_1_132' title='bbox 1013 1149 1177 1197; x_wconf 72' lang='lat' dir='ltr'><strong>(Mcgdol</strong></span> <span class='ocrx_word' id='word_1_133' title='bbox 1205 1163 1233 1187; x_wconf 90' lang='lat' dir='ltr'><strong>s.</strong></span> <span class='ocrx_word' id='word_1_134' title='bbox 1258 1149 1471 1200; x_wconf 71' lang='lat' dir='ltr'><strong>ZlIagzlolo)‚</strong></span> <span class='ocrx_word' id='word_1_135' title='bbox 1510 1164 1605 1201; x_wconf 89' lang='lat' dir='ltr'><strong>quae</strong></span> <span class='ocrx_word' id='word_1_136' title='bbox 1636 1153 1672 1188; x_wconf 91' lang='lat' dir='ltr'><strong>in</strong></span> <span class='ocrx_word' id='word_1_137' title='bbox 1696 1151 1770 1189; x_wconf 87' lang='lat' dir='ltr'><strong>Ae-</strong></span> 
     </span>
     <span class='ocr_line' id='line_1_15' title="bbox 253 1218 1770 1269; baseline 0.001 -14"><span class='ocrx_word' id='word_1_138' title='bbox 253 1220 356 1269; x_wconf 79' lang='lat' dir='ltr'><strong>gypti</strong></span> <span class='ocrx_word' id='word_1_139' title='bbox 378 1220 541 1257; x_wconf 86' lang='lat' dir='ltr'><strong>confiniis</strong></span> <span class='ocrx_word' id='word_1_140' title='bbox 574 1219 663 1266; x_wconf 84' lang='lat' dir='ltr'><strong>sita,</strong></span> <span class='ocrx_word' id='word_1_141' title='bbox 694 1218 763 1268; x_wconf 90' lang='lat' dir='ltr'><strong>ipsi</strong></span> <span class='ocrx_word' id='word_1_142' title='bbox 790 1218 915 1255; x_wconf 87' lang='lat' dir='ltr'><strong>melius</strong></span> <span class='ocrx_word' id='word_1_143' title='bbox 944 1231 1031 1256; x_wconf 85' lang='lat' dir='ltr'><strong>sane</strong></span> <span class='ocrx_word' id='word_1_144' title='bbox 1057 1218 1286 1267; x_wconf 81' lang='lat' dir='ltr'><strong>innotuerat,</strong></span> <span class='ocrx_word' id='word_1_145' title='bbox 1324 1233 1425 1256; x_wconf 86' lang='lat' dir='ltr'><strong>oram</strong></span> <span class='ocrx_word' id='word_1_146' title='bbox 1451 1221 1666 1257; x_wconf 81' lang='lat' dir='ltr'><strong>maritimam</strong></span> <span class='ocrx_word' id='word_1_147' title='bbox 1689 1232 1770 1257; x_wconf 91' lang='lat' dir='ltr'><strong>cum</strong></span> 
     </span>
     <span class='ocr_line' id='line_1_16' title="bbox 254 1286 1770 1336; baseline 0.001 -13"><span class='ocrx_word' id='word_1_148' title='bbox 254 1287 349 1324; x_wconf 91' lang='lat' dir='ltr'><strong>bene</strong></span> <span class='ocrx_word' id='word_1_149' title='bbox 382 1286 671 1336; x_wconf 78' lang='lat' dir='ltr'><strong>perlustrasset,</strong></span> <span class='ocrx_word' id='word_1_150' title='bbox 720 1286 768 1322; x_wconf 90' lang='lat' dir='ltr'><strong>ad</strong></span> <span class='ocrx_word' id='word_1_151' title='bbox 796 1286 988 1323; x_wconf 88' lang='lat' dir='ltr'><strong>interiores</strong></span> <span class='ocrx_word' id='word_1_152' title='bbox 1022 1291 1143 1324; x_wconf 86' lang='lat' dir='ltr'><strong>autem</strong></span> <span class='ocrx_word' id='word_1_153' title='bbox 1184 1286 1416 1325; x_wconf 79' lang='lat' dir='ltr'><strong>Palaestinae</strong></span> <span class='ocrx_word' id='word_1_154' title='bbox 1452 1291 1588 1324; x_wconf 84' lang='lat' dir='ltr'><strong>tractus</strong></span> <span class='ocrx_word' id='word_1_155' title='bbox 1622 1287 1770 1325; x_wconf 88' lang='lat' dir='ltr'><strong>minime</strong></span> 
     </span>
     <span class='ocr_line' id='line_1_17' title="bbox 251 1354 1770 1405; baseline 0.001 -15"><span class='ocrx_word' id='word_1_156' title='bbox 251 1358 463 1405; x_wconf 85' lang='lat' dir='ltr'><strong>penetrasse</strong></span> <span class='ocrx_word' id='word_1_157' title='bbox 485 1355 674 1401; x_wconf 86' lang='lat' dir='ltr'><strong>videatur,</strong></span> <span class='ocrx_word' id='word_1_158' title='bbox 703 1367 771 1391; x_wconf 91' lang='lat' dir='ltr'><strong>nec</strong></span> <span class='ocrx_word' id='word_1_159' title='bbox 791 1354 938 1390; x_wconf 91' lang='lat' dir='ltr'><strong>omnino</strong></span> <span class='ocrx_word' id='word_1_160' title='bbox 960 1354 1066 1391; x_wconf 87' lang='lat' dir='ltr'><strong>ullam</strong></span> <span class='ocrx_word' id='word_1_161' title='bbox 1085 1355 1343 1392; x_wconf 88' lang='lat' dir='ltr'><strong>accuratiorem</strong></span> <span class='ocrx_word' id='word_1_162' title='bbox 1371 1355 1474 1392; x_wconf 90' lang='lat' dir='ltr'><strong>huius</strong></span> <span class='ocrx_word' id='word_1_163' title='bbox 1507 1361 1624 1393; x_wconf 87' lang='lat' dir='ltr'><strong>terrae</strong></span> <span class='ocrx_word' id='word_1_164' title='bbox 1645 1355 1770 1404; x_wconf 81' lang='lat' dir='ltr'><strong>cogni-</strong></span> 
     </span>
     <span class='ocr_line' id='line_1_18' title="bbox 251 1421 1769 1474; baseline 0.001 -17"><span class='ocrx_word' id='word_1_165' title='bbox 251 1422 387 1460; x_wconf 85' lang='lat' dir='ltr'><strong>tionem</strong></span> <span class='ocrx_word' id='word_1_166' title='bbox 414 1423 658 1472; x_wconf 85' lang='lat' dir='ltr'><strong>acquisivisse.</strong></span> <span class='ocrx_word' id='word_1_167' title='bbox 718 1421 780 1459; x_wconf 92' lang='lat' dir='ltr'><strong>Tu</strong></span> <span class='ocrx_word' id='word_1_168' title='bbox 815 1422 909 1458; x_wconf 84' lang='lat' dir='ltr'><strong>conf.</strong></span> <span class='ocrx_word' id='word_1_169' title='bbox 941 1421 1111 1459; x_wconf 87' lang='lat' dir='ltr'><strong>Larcher.</strong></span> <span class='ocrx_word' id='word_1_170' title='bbox 1142 1428 1230 1460; x_wconf 76' lang='lat' dir='ltr'><strong>tom,</strong></span> <span class='ocrx_word' id='word_1_171' title='bbox 1259 1423 1327 1460; x_wconf 83' lang='lat' dir='ltr'><strong>Vll</strong></span> <span class='ocrx_word' id='word_1_172' title='bbox 1355 1437 1442 1474; x_wconf 79' lang='lat' dir='ltr'><strong>pag.</strong></span> <span class='ocrx_word' id='word_1_173' title='bbox 1467 1422 1546 1464; x_wconf 83' lang='lat'><strong>114</strong></span> <span class='ocrx_word' id='word_1_174' title='bbox 1565 1437 1642 1473; x_wconf 87' lang='lat' dir='ltr'><strong>seq.</strong></span> <span class='ocrx_word' id='word_1_175' title='bbox 1683 1422 1769 1460; x_wconf 88' lang='lat' dir='ltr'><strong>Vlll</strong></span> 
     </span>
     <span class='ocr_line' id='line_1_19' title="bbox 251 1490 1710 1540; baseline -0.003 -9"><span class='ocrx_word' id='word_1_176' title='bbox 251 1503 287 1540; x_wconf 85' lang='lat' dir='ltr'><strong>p-</strong></span> <span class='ocrx_word' id='word_1_177' title='bbox 308 1491 387 1531; x_wconf 85' lang='lat'><strong>311</strong></span> <span class='ocrx_word' id='word_1_178' title='bbox 414 1504 510 1539; x_wconf 62' lang='lat' dir='ltr'><strong>seq„</strong></span> <span class='ocrx_word' id='word_1_179' title='bbox 541 1492 602 1540; x_wconf 90' lang='lat' dir='ltr'><strong>qui</strong></span> <span class='ocrx_word' id='word_1_180' title='bbox 623 1491 720 1528; x_wconf 90' lang='lat' dir='ltr'><strong>idem</strong></span> <span class='ocrx_word' id='word_1_181' title='bbox 741 1490 968 1528; x_wconf 87' lang='lat' dir='ltr'><strong>Herodotum</strong></span> <span class='ocrx_word' id='word_1_182' title='bbox 994 1494 1186 1540; x_wconf 88' lang='lat' dir='ltr'><strong>utramque</strong></span> <span class='ocrx_word' id='word_1_183' title='bbox 1204 1492 1329 1529; x_wconf 89' lang='lat' dir='ltr'><strong>urbem</strong></span> <span class='ocrx_word' id='word_1_184' title='bbox 1350 1492 1556 1530; x_wconf 81' lang='lat' dir='ltr'><strong>confudisse</strong></span> <span class='ocrx_word' id='word_1_185' title='bbox 1574 1491 1710 1528; x_wconf 87' lang='lat' dir='ltr'><strong>statuit.</strong></span> 
     </span>
    </p>
   </div>
   <div class='ocr_carea' id='block_1_3' title="bbox 246 1692 1768 2901">
    <p class='ocr_par' dir='ltr' id='par_1_3' title="bbox 246 1692 1768 2901">
     <span class='ocr_line' id='line_1_20' title="bbox 362 1692 1767 1742; baseline 0.001 -13"><span class='ocrx_word' id='word_1_186' title='bbox 362 1692 510 1742; x_wconf 74' lang='lat' dir='ltr'><strong>Cadytz&#39;s</strong></span> <span class='ocrx_word' id='word_1_187' title='bbox 538 1693 624 1729; x_wconf 91' lang='lat' dir='ltr'><strong>urbs</strong></span> <span class='ocrx_word' id='word_1_188' title='bbox 647 1693 740 1729; x_wconf 88' lang='lat' dir='ltr'><strong>infra</strong></span> <span class='ocrx_word' id='word_1_189' title='bbox 763 1705 907 1742; x_wconf 90' lang='lat' dir='ltr'><strong>quoque</strong></span> <span class='ocrx_word' id='word_1_190' title='bbox 925 1698 1224 1730; x_wconf 86' lang='lat' dir='ltr'><strong>commemoratur</strong></span> <span class='ocrx_word' id='word_1_191' title='bbox 1249 1693 1298 1730; x_wconf 88' lang='lat' dir='ltr'><strong>III</strong></span> <span class='ocrx_word' id='word_1_192' title='bbox 1313 1722 1323 1740; x_wconf 91' lang='lat'><strong>,</strong></span> <span class='ocrx_word' id='word_1_193' title='bbox 1351 1693 1376 1734; x_wconf 85' lang='lat'><strong><em>5</em></strong></span> <span class='ocrx_word' id='word_1_194' title='bbox 1408 1698 1445 1731; x_wconf 93' lang='lat' dir='ltr'><strong>et</strong></span> <span class='ocrx_word' id='word_1_195' title='bbox 1466 1693 1642 1731; x_wconf 89' lang='lat' dir='ltr'><strong>Sardibus</strong></span> <span class='ocrx_word' id='word_1_196' title='bbox 1669 1693 1767 1731; x_wconf 88' lang='lat' dir='ltr'><strong>haud</strong></span> 
     </span>
     <span class='ocr_line' id='line_1_21' title="bbox 250 1759 1768 1810; baseline 0.001 -14"><span class='ocrx_word' id='word_1_197' title='bbox 250 1759 361 1796; x_wconf 90' lang='lat' dir='ltr'><strong>multo</strong></span> <span class='ocrx_word' id='word_1_198' title='bbox 389 1760 539 1798; x_wconf 86' lang='lat' dir='ltr'><strong>inferior</strong></span> <span class='ocrx_word' id='word_1_199' title='bbox 565 1761 807 1810; x_wconf 86' lang='lat' dir='ltr'><strong>praedicatur.</strong></span> <span class='ocrx_word' id='word_1_200' title='bbox 878 1760 952 1803; x_wconf 80' lang='lat' dir='ltr'><strong>Qui</strong></span> <span class='ocrx_word' id='word_1_201' title='bbox 981 1761 1079 1797; x_wconf 88' lang='lat' dir='ltr'><strong>locus</strong></span> <span class='ocrx_word' id='word_1_202' title='bbox 1112 1765 1342 1809; x_wconf 85' lang='lat' dir='ltr'><strong>quantopere</strong></span> <span class='ocrx_word' id='word_1_203' title='bbox 1368 1760 1463 1797; x_wconf 87' lang='lat' dir='ltr'><strong>viros</strong></span> <span class='ocrx_word' id='word_1_204' title='bbox 1503 1761 1632 1798; x_wconf 84' lang='lat' dir='ltr'><strong>doctos</strong></span> <span class='ocrx_word' id='word_1_205' title='bbox 1665 1774 1768 1799; x_wconf 86' lang='lat' dir='ltr'><strong>exer-</strong></span> 
     </span>
     <span class='ocr_line' id='line_1_22' title="bbox 249 1826 1767 1879; baseline -0.001 -14"><span class='ocrx_word' id='word_1_206' title='bbox 249 1829 387 1876; x_wconf 88' lang='lat' dir='ltr'><strong>cuerit,</strong></span> <span class='ocrx_word' id='word_1_207' title='bbox 427 1829 497 1865; x_wconf 89' lang='lat' dir='ltr'><strong>dici</strong></span> <span class='ocrx_word' id='word_1_208' title='bbox 528 1829 586 1865; x_wconf 83' lang='lat' dir='ltr'><strong>vix</strong></span> <span class='ocrx_word' id='word_1_209' title='bbox 617 1832 752 1879; x_wconf 90' lang='lat' dir='ltr'><strong>potest.</strong></span> <span class='ocrx_word' id='word_1_210' title='bbox 825 1826 896 1864; x_wconf 92' lang='lat' dir='ltr'><strong>Alii</strong></span> <span class='ocrx_word' id='word_1_211' title='bbox 929 1829 1026 1865; x_wconf 88' lang='lat' dir='ltr'><strong>enim</strong></span> <span class='ocrx_word' id='word_1_212' title='bbox 1061 1828 1211 1865; x_wconf 81' lang='lat' dir='ltr'><strong>indicari</strong></span> <span class='ocrx_word' id='word_1_213' title='bbox 1244 1827 1424 1877; x_wconf 87' lang='lat' dir='ltr'><strong>putabant</strong></span> <span class='ocrx_word' id='word_1_214' title='bbox 1457 1827 1669 1876; x_wconf 74' lang='lat' dir='ltr'><strong>Circesium,</strong></span> <span class='ocrx_word' id='word_1_215' title='bbox 1707 1828 1767 1866; x_wconf 89' lang='lat' dir='ltr'><strong>alii</strong></span> 
     </span>
     <span class='ocr_line' id='line_1_23' title="bbox 250 1895 1768 1947; baseline 0.001 -15"><span class='ocrx_word' id='word_1_216' title='bbox 250 1896 391 1944; x_wconf 79' lang='lat' dir='ltr'><strong>Kades,</strong></span> <span class='ocrx_word' id='word_1_217' title='bbox 428 1897 596 1945; x_wconf 83' lang='lat' dir='ltr'><strong>exiguum</strong></span> <span class='ocrx_word' id='word_1_218' title='bbox 620 1896 656 1932; x_wconf 91' lang='lat' dir='ltr'><strong>in</strong></span> <span class='ocrx_word' id='word_1_219' title='bbox 683 1895 850 1932; x_wconf 83' lang='lat' dir='ltr'><strong>Galilaea</strong></span> <span class='ocrx_word' id='word_1_220' title='bbox 877 1897 1074 1946; x_wconf 88' lang='lat' dir='ltr'><strong>oppidum,</strong></span> <span class='ocrx_word' id='word_1_221' title='bbox 1120 1897 1179 1933; x_wconf 91' lang='lat' dir='ltr'><strong>alii</strong></span> <span class='ocrx_word' id='word_1_222' title='bbox 1206 1896 1303 1933; x_wconf 72' lang='lat' dir='ltr'><strong>Gatk</strong></span> <span class='ocrx_word' id='word_1_223' title='bbox 1336 1896 1458 1944; x_wconf 90' lang='lat' dir='ltr'><strong>(quae</strong></span> <span class='ocrx_word' id='word_1_224' title='bbox 1489 1897 1573 1933; x_wconf 88' lang='lat' dir='ltr'><strong>urbs</strong></span> <span class='ocrx_word' id='word_1_225' title='bbox 1601 1901 1768 1947; x_wconf 89' lang='lat' dir='ltr'><strong>tempore</strong></span> 
     </span>
     <span class='ocr_line' id='line_1_24' title="bbox 248 1963 1767 2015; baseline 0 -15"><span class='ocrx_word' id='word_1_226' title='bbox 248 1965 450 2015; x_wconf 88' lang='lat' dir='ltr'><strong>prophetae</strong></span> <span class='ocrx_word' id='word_1_227' title='bbox 471 1963 584 2000; x_wconf 88' lang='lat' dir='ltr'><strong>Amos</strong></span> <span class='ocrx_word' id='word_1_228' title='bbox 608 1965 679 2000; x_wconf 88' lang='lat' dir='ltr'><strong>iam</strong></span> <span class='ocrx_word' id='word_1_229' title='bbox 699 1965 844 2001; x_wconf 87' lang='lat' dir='ltr'><strong>deserta</strong></span> <span class='ocrx_word' id='word_1_230' title='bbox 862 1965 975 2002; x_wconf 82' lang='lat' dir='ltr'><strong>fuisse</strong></span> <span class='ocrx_word' id='word_1_231' title='bbox 995 1966 1138 2002; x_wconf 90' lang='lat' dir='ltr'><strong>videtur</strong></span> <span class='ocrx_word' id='word_1_232' title='bbox 1151 1994 1160 2012; x_wconf 83' lang='lat'><strong>,</strong></span> <span class='ocrx_word' id='word_1_233' title='bbox 1192 1977 1258 2001; x_wconf 90' lang='lat' dir='ltr'><strong>nec</strong></span> <span class='ocrx_word' id='word_1_234' title='bbox 1279 1963 1426 2000; x_wconf 89' lang='lat' dir='ltr'><strong>omnino</strong></span> <span class='ocrx_word' id='word_1_235' title='bbox 1453 1976 1612 2013; x_wconf 85' lang='lat' dir='ltr'><strong>unquam</strong></span> <span class='ocrx_word' id='word_1_236' title='bbox 1632 1976 1767 2013; x_wconf 83' lang='lat' dir='ltr'><strong>magua</strong></span> 
     </span>
     <span class='ocr_line' id='line_1_25' title="bbox 248 2032 1766 2082; baseline -0.001 -13"><span class='ocrx_word' id='word_1_237' title='bbox 248 2033 316 2069; x_wconf 89' lang='lat' dir='ltr'><strong>fuit</strong></span> <span class='ocrx_word' id='word_1_238' title='bbox 346 2037 381 2070; x_wconf 85' lang='lat' dir='ltr'><strong>et</strong></span> <span class='ocrx_word' id='word_1_239' title='bbox 407 2032 598 2079; x_wconf 86' lang='lat' dir='ltr'><strong>celebris),</strong></span> <span class='ocrx_word' id='word_1_240' title='bbox 630 2032 687 2069; x_wconf 85' lang='lat' dir='ltr'><strong>alii</strong></span> <span class='ocrx_word' id='word_1_241' title='bbox 709 2033 866 2079; x_wconf 77' lang='lat' dir='ltr'><strong>Gazam,</strong></span> <span class='ocrx_word' id='word_1_242' title='bbox 898 2032 1169 2069; x_wconf 86' lang='lat' dir='ltr'><strong>Philistinorum</strong></span> <span class='ocrx_word' id='word_1_243' title='bbox 1188 2032 1311 2069; x_wconf 90' lang='lat' dir='ltr'><strong>urbem</strong></span> <span class='ocrx_word' id='word_1_244' title='bbox 1335 2045 1453 2082; x_wconf 86' lang='lat' dir='ltr'><strong>prope</strong></span> <span class='ocrx_word' id='word_1_245' title='bbox 1475 2044 1574 2069; x_wconf 86' lang='lat' dir='ltr'><strong>mare</strong></span> <span class='ocrx_word' id='word_1_246' title='bbox 1602 2032 1708 2069; x_wconf 90' lang='lat' dir='ltr'><strong>sitam</strong></span> <span class='ocrx_word' id='word_1_247' title='bbox 1730 2036 1766 2069; x_wconf 92' lang='lat' dir='ltr'><strong>et</strong></span> 
     </span>
     <span class='ocr_line' id='line_1_26' title="bbox 251 2099 1766 2150; baseline 0.001 -14"><span class='ocrx_word' id='word_1_248' title='bbox 251 2101 338 2137; x_wconf 87' lang='lat' dir='ltr'><strong>satis</strong></span> <span class='ocrx_word' id='word_1_249' title='bbox 365 2101 544 2149; x_wconf 87' lang='lat' dir='ltr'><strong>nobilem,</strong></span> <span class='ocrx_word' id='word_1_250' title='bbox 575 2099 633 2136; x_wconf 88' lang='lat' dir='ltr'><strong>alii</strong></span> <span class='ocrx_word' id='word_1_251' title='bbox 660 2101 819 2149; x_wconf 86' lang='lat' dir='ltr'><strong>denique</strong></span> <span class='ocrx_word' id='word_1_252' title='bbox 850 2101 1115 2150; x_wconf 70' lang='lat' dir='ltr'><strong>Hierosolyma,</strong></span> <span class='ocrx_word' id='word_1_253' title='bbox 1147 2101 1271 2137; x_wconf 89' lang='lat' dir='ltr'><strong>urbem</strong></span> <span class='ocrx_word' id='word_1_254' title='bbox 1300 2113 1388 2137; x_wconf 89' lang='lat' dir='ltr'><strong>sane</strong></span> <span class='ocrx_word' id='word_1_255' title='bbox 1418 2100 1608 2137; x_wconf 88' lang='lat' dir='ltr'><strong>maximam</strong></span> <span class='ocrx_word' id='word_1_256' title='bbox 1635 2100 1672 2135; x_wconf 92' lang='lat' dir='ltr'><strong>in</strong></span> <span class='ocrx_word' id='word_1_257' title='bbox 1701 2100 1766 2137; x_wconf 90' lang='lat' dir='ltr'><strong>illis</strong></span> 
     </span>
     <span class='ocr_line' id='line_1_27' title="bbox 248 2168 1765 2219; baseline 0.001 -15"><span class='ocrx_word' id='word_1_258' title='bbox 248 2168 481 2216; x_wconf 81' lang='lat' dir='ltr'><strong>regionibus,</strong></span> <span class='ocrx_word' id='word_1_259' title='bbox 528 2181 637 2218; x_wconf 88' lang='lat' dir='ltr'><strong>quam</strong></span> <span class='ocrx_word' id='word_1_260' title='bbox 664 2181 753 2219; x_wconf 90' lang='lat' dir='ltr'><strong>prae</strong></span> <span class='ocrx_word' id='word_1_261' title='bbox 793 2170 944 2206; x_wconf 76' lang='lat' dir='ltr'><strong>caeteris</strong></span> <span class='ocrx_word' id='word_1_262' title='bbox 980 2170 1037 2206; x_wconf 91' lang='lat' dir='ltr'><strong>hic</strong></span> <span class='ocrx_word' id='word_1_263' title='bbox 1073 2169 1345 2205; x_wconf 85' lang='lat' dir='ltr'><strong>commemorari</strong></span> <span class='ocrx_word' id='word_1_264' title='bbox 1375 2181 1441 2218; x_wconf 88' lang='lat' dir='ltr'><strong>par</strong></span> <span class='ocrx_word' id='word_1_265' title='bbox 1476 2172 1555 2205; x_wconf 88' lang='lat' dir='ltr'><strong>erat</strong></span> <span class='ocrx_word' id='word_1_266' title='bbox 1584 2181 1765 2217; x_wconf 86' lang='lat' dir='ltr'><strong>quamque</strong></span> 
     </span>
     <span class='ocr_line' id='line_1_28' title="bbox 248 2235 1765 2287; baseline -0.001 -15"><span class='ocrx_word' id='word_1_267' title='bbox 248 2236 295 2273; x_wconf 88' lang='lat' dir='ltr'><strong>ab</strong></span> <span class='ocrx_word' id='word_1_268' title='bbox 318 2235 579 2287; x_wconf 73' lang='lat' dir='ltr'><strong>Aegyptiorum</strong></span> <span class='ocrx_word' id='word_1_269' title='bbox 607 2250 695 2286; x_wconf 82' lang='lat' dir='ltr'><strong>rege</strong></span> <span class='ocrx_word' id='word_1_270' title='bbox 725 2240 870 2287; x_wconf 87' lang='lat' dir='ltr'><strong>captam</strong></span> <span class='ocrx_word' id='word_1_271' title='bbox 898 2238 1009 2274; x_wconf 87' lang='lat' dir='ltr'><strong>fuisse</strong></span> <span class='ocrx_word' id='word_1_272' title='bbox 1042 2238 1210 2274; x_wconf 87' lang='lat' dir='ltr'><strong>universa</strong></span> <span class='ocrx_word' id='word_1_273' title='bbox 1250 2248 1376 2273; x_wconf 87' lang='lat' dir='ltr'><strong>sacrae</strong></span> <span class='ocrx_word' id='word_1_274' title='bbox 1407 2235 1606 2285; x_wconf 88' lang='lat' dir='ltr'><strong>scripturae</strong></span> <span class='ocrx_word' id='word_1_275' title='bbox 1638 2248 1765 2272; x_wconf 88' lang='lat' dir='ltr'><strong>narra-</strong></span> 
     </span>
     <span class='ocr_line' id='line_1_29' title="bbox 249 2302 1765 2355; baseline 0 -16"><span class='ocrx_word' id='word_1_276' title='bbox 249 2304 301 2339; x_wconf 87' lang='lat' dir='ltr'><strong>tio</strong></span> <span class='ocrx_word' id='word_1_277' title='bbox 332 2317 486 2352; x_wconf 82' lang='lat' dir='ltr'><strong>arguere</strong></span> <span class='ocrx_word' id='word_1_278' title='bbox 514 2305 683 2353; x_wconf 85' lang='lat' dir='ltr'><strong>videtur,</strong></span> <span class='ocrx_word' id='word_1_279' title='bbox 723 2304 805 2342; x_wconf 89' lang='lat' dir='ltr'><strong>licet</strong></span> <span class='ocrx_word' id='word_1_280' title='bbox 840 2318 1012 2355; x_wconf 77' lang='lat' dir='ltr'><strong>expressa</strong></span> <span class='ocrx_word' id='word_1_281' title='bbox 1039 2306 1137 2342; x_wconf 90' lang='lat' dir='ltr'><strong>urbis</strong></span> <span class='ocrx_word' id='word_1_282' title='bbox 1176 2309 1211 2342; x_wconf 85' lang='lat' dir='ltr'><strong>et</strong></span> <span class='ocrx_word' id='word_1_283' title='bbox 1237 2304 1409 2340; x_wconf 82' lang='lat' dir='ltr'><strong>obsessae</strong></span> <span class='ocrx_word' id='word_1_284' title='bbox 1441 2307 1479 2341; x_wconf 90' lang='lat' dir='ltr'><strong>et</strong></span> <span class='ocrx_word' id='word_1_285' title='bbox 1507 2307 1637 2353; x_wconf 84' lang='lat' dir='ltr'><strong>captae</strong></span> <span class='ocrx_word' id='word_1_286' title='bbox 1665 2302 1765 2339; x_wconf 88' lang='lat' dir='ltr'><strong>nulla</strong></span> 
     </span>
     <span class='ocr_line' id='line_1_30' title="bbox 248 2367 1764 2421; baseline -0.001 -13"><span class='ocrx_word' id='word_1_287' title='bbox 248 2372 313 2408; x_wconf 87' lang='lat' dir='ltr'><strong>fiat</strong></span> <span class='ocrx_word' id='word_1_288' title='bbox 340 2373 490 2409; x_wconf 87' lang='lat' dir='ltr'><strong>mentio.</strong></span> <span class='ocrx_word' id='word_1_289' title='bbox 548 2371 683 2421; x_wconf 90' lang='lat' dir='ltr'><strong>Neque</strong></span> <span class='ocrx_word' id='word_1_290' title='bbox 715 2373 752 2408; x_wconf 91' lang='lat' dir='ltr'><strong>in</strong></span> <span class='ocrx_word' id='word_1_291' title='bbox 778 2373 923 2409; x_wconf 90' lang='lat' dir='ltr'><strong>nomine</strong></span> <span class='ocrx_word' id='word_1_292' title='bbox 955 2373 1198 2420; x_wconf 87' lang='lat' dir='ltr'><strong>haerendum,</strong></span> <span class='ocrx_word' id='word_1_293' title='bbox 1238 2384 1317 2408; x_wconf 89' lang='lat' dir='ltr'><strong>cum</strong></span> <span class='ocrx_word' id='word_1_294' title='bbox 1348 2367 1523 2417; x_wconf 75' lang='grc' dir='ltr'><strong><em>Κάδυτις</em></strong></span> <span class='ocrx_word' id='word_1_295' title='bbox 1550 2371 1635 2407; x_wconf 87' lang='grc'><strong>1111111</strong></span> <span class='ocrx_word' id='word_1_296' title='bbox 1665 2371 1764 2408; x_wconf 84' lang='grc'><strong>3111111</strong></span> 
     </span>
     <span class='ocr_line' id='line_1_31' title="bbox 248 2439 1762 2493; baseline 0 -18"><span class='ocrx_word' id='word_1_297' title='bbox 248 2451 328 2476; x_wconf 86' lang='lat' dir='ltr'><strong>esse</strong></span> <span class='ocrx_word' id='word_1_298' title='bbox 355 2440 521 2477; x_wconf 83' lang='lat' dir='ltr'><strong>videatur</strong></span> <span class='ocrx_word' id='word_1_299' title='bbox 548 2444 658 2490; x_wconf 89' lang='lat' dir='ltr'><strong>atque</strong></span> <span class='ocrx_word' id='word_1_300' title='bbox 693 2445 902 2490; x_wconf 89' lang='lat' dir='ltr'><strong>corruptum</strong></span> <span class='ocrx_word' id='word_1_301' title='bbox 935 2441 1032 2477; x_wconf 91' lang='lat' dir='ltr'><strong>urbis</strong></span> <span class='ocrx_word' id='word_1_302' title='bbox 1065 2453 1198 2478; x_wconf 89' lang='lat' dir='ltr'><strong>nomen</strong></span> <span class='ocrx_word' id='word_1_303' title='bbox 1229 2444 1356 2493; x_wconf 52' lang='lat' dir='ltr'><strong>nugi-iffi</strong></span> <span class='ocrx_word' id='word_1_304' title='bbox 1387 2439 1435 2486; x_wconf 87' lang='lat' dir='ltr'><strong>(a</strong></span> <span class='ocrx_word' id='word_1_305' title='bbox 1457 2440 1588 2493; x_wconf 46' lang='lat' dir='ltr'><strong>aii-13)</strong></span> <span class='ocrx_word' id='word_1_306' title='bbox 1619 2439 1657 2476; x_wconf 88' lang='lat' dir='ltr'><strong>id</strong></span> <span class='ocrx_word' id='word_1_307' title='bbox 1684 2442 1762 2476; x_wconf 88' lang='lat' dir='ltr'><strong>est:</strong></span> 
     </span>
     <span class='ocr_line' id='line_1_32' title="bbox 247 2506 1763 2557; baseline 0.001 -16"><span class='ocrx_word' id='word_1_308' title='bbox 247 2507 328 2542; x_wconf 84' lang='lat' dir='ltr'><strong>urbs</strong></span> <span class='ocrx_word' id='word_1_309' title='bbox 358 2512 503 2555; x_wconf 78' lang='lat' dir='ltr'><strong>sancta,</strong></span> <span class='ocrx_word' id='word_1_310' title='bbox 541 2521 614 2557; x_wconf 92' lang='lat' dir='ltr'><strong>quo</strong></span> <span class='ocrx_word' id='word_1_311' title='bbox 641 2509 774 2546; x_wconf 89' lang='lat' dir='ltr'><strong>eodem</strong></span> <span class='ocrx_word' id='word_1_312' title='bbox 799 2509 947 2546; x_wconf 90' lang='lat' dir='ltr'><strong>nomine</strong></span> <span class='ocrx_word' id='word_1_313' title='bbox 976 2509 1048 2556; x_wconf 85' lang='lat' dir='ltr'><strong>(El</strong></span> <span class='ocrx_word' id='word_1_314' title='bbox 1066 2508 1181 2553; x_wconf 75' lang='lat' dir='ltr'><strong>Kods)</strong></span> <span class='ocrx_word' id='word_1_315' title='bbox 1210 2508 1328 2544; x_wconf 86' lang='lat' dir='ltr'><strong>adhuc</strong></span> <span class='ocrx_word' id='word_1_316' title='bbox 1356 2507 1402 2543; x_wconf 88' lang='lat' dir='ltr'><strong>ab</strong></span> <span class='ocrx_word' id='word_1_317' title='bbox 1432 2506 1611 2543; x_wconf 82' lang='lat' dir='ltr'><strong>Arabibus</strong></span> <span class='ocrx_word' id='word_1_318' title='bbox 1634 2506 1763 2543; x_wconf 91' lang='lat' dir='ltr'><strong>urbem</strong></span> 
     </span>
     <span class='ocr_line' id='line_1_33' title="bbox 247 2573 1762 2626; baseline 0 -17"><span class='ocrx_word' id='word_1_319' title='bbox 247 2574 422 2623; x_wconf 85' lang='lat' dir='ltr'><strong>appellari</strong></span> <span class='ocrx_word' id='word_1_320' title='bbox 453 2576 665 2626; x_wconf 86' lang='lat' dir='ltr'><strong>accepimus.</strong></span> <span class='ocrx_word' id='word_1_321' title='bbox 724 2575 852 2625; x_wconf 87' lang='lat' dir='ltr'><strong>Itaque</strong></span> <span class='ocrx_word' id='word_1_322' title='bbox 875 2576 917 2612; x_wconf 92' lang='lat' dir='ltr'><strong>iis</strong></span> <span class='ocrx_word' id='word_1_323' title='bbox 946 2577 1030 2613; x_wconf 89' lang='lat' dir='ltr'><strong>viris</strong></span> <span class='ocrx_word' id='word_1_324' title='bbox 1061 2577 1177 2613; x_wconf 82' lang='lat' dir='ltr'><strong>doctis</strong></span> <span class='ocrx_word' id='word_1_325' title='bbox 1204 2575 1500 2626; x_wconf 85' lang='lat' dir='ltr'><strong>adstipulandum</strong></span> <span class='ocrx_word' id='word_1_326' title='bbox 1524 2587 1670 2621; x_wconf 85' lang='lat' dir='ltr'><strong>censeo,</strong></span> <span class='ocrx_word' id='word_1_327' title='bbox 1699 2573 1762 2622; x_wconf 89' lang='lat' dir='ltr'><strong>qui</strong></span> 
     </span>
     <span class='ocr_line' id='line_1_34' title="bbox 248 2641 1762 2694; baseline -0.001 -16"><span class='ocrx_word' id='word_1_328' title='bbox 248 2641 501 2690; x_wconf 62' lang='lat' dir='ltr'><strong>Hierosolyma</strong></span> <span class='ocrx_word' id='word_1_329' title='bbox 531 2648 686 2694; x_wconf 84' lang='lat' dir='ltr'><strong>utroque</strong></span> <span class='ocrx_word' id='word_1_330' title='bbox 712 2644 792 2681; x_wconf 90' lang='lat' dir='ltr'><strong>loco</strong></span> <span class='ocrx_word' id='word_1_331' title='bbox 834 2645 918 2692; x_wconf 88' lang='grc' dir='ltr'>(ΙΙ,</span> <span class='ocrx_word' id='word_1_332' title='bbox 945 2646 1021 2686; x_wconf 81' lang='grc'><strong>159</strong></span> <span class='ocrx_word' id='word_1_333' title='bbox 1051 2650 1086 2682; x_wconf 90' lang='lat' dir='ltr'><strong>et</strong></span> <span class='ocrx_word' id='word_1_334' title='bbox 1116 2645 1188 2692; x_wconf 84' lang='grc'><strong>111,</strong></span> <span class='ocrx_word' id='word_1_335' title='bbox 1214 2644 1268 2692; x_wconf 89' lang='grc'><strong>5)</strong></span> <span class='ocrx_word' id='word_1_336' title='bbox 1310 2645 1357 2681; x_wconf 86' lang='lat' dir='ltr'><strong>ab</strong></span> <span class='ocrx_word' id='word_1_337' title='bbox 1387 2644 1581 2681; x_wconf 86' lang='lat' dir='ltr'><strong>Herodoto</strong></span> <span class='ocrx_word' id='word_1_338' title='bbox 1612 2641 1762 2679; x_wconf 87' lang='lat' dir='ltr'><strong>indicari</strong></span> 
     </span>
     <span class='ocr_line' id='line_1_35' title="bbox 246 2710 1758 2764; baseline 0.002 -21"><span class='ocrx_word' id='word_1_339' title='bbox 246 2711 422 2744; x_wconf 87' lang='lat' dir='ltr'><strong>statuunt.</strong></span> <span class='ocrx_word' id='word_1_340' title='bbox 479 2710 562 2748; x_wconf 83' lang='lat' dir='ltr'><strong>vid.</strong></span> <span class='ocrx_word' id='word_1_341' title='bbox 587 2712 741 2750; x_wconf 90' lang='lat' dir='ltr'><strong>Rennel.</strong></span> <span class='ocrx_word' id='word_1_342' title='bbox 763 2712 785 2750; x_wconf 89' lang='lat' dir='ltr'><strong>l.</strong></span> <span class='ocrx_word' id='word_1_343' title='bbox 808 2713 829 2750; x_wconf 96' lang='lat' dir='ltr'><strong>l.</strong></span> <span class='ocrx_word' id='word_1_344' title='bbox 850 2726 937 2764; x_wconf 81' lang='lat' dir='ltr'><strong>pag.</strong></span> <span class='ocrx_word' id='word_1_345' title='bbox 959 2712 1052 2753; x_wconf 81' lang='lat'><strong>487.</strong></span> <span class='ocrx_word' id='word_1_346' title='bbox 1082 2712 1344 2750; x_wconf 86' lang='lat' dir='ltr'><strong>Rosenmiiller.</strong></span> <span class='ocrx_word' id='word_1_347' title='bbox 1373 2713 1394 2749; x_wconf 91' lang='lat' dir='ltr'><strong>l.</strong></span> <span class='ocrx_word' id='word_1_348' title='bbox 1412 2713 1433 2749; x_wconf 93' lang='lat' dir='ltr'><strong>l.</strong></span> <span class='ocrx_word' id='word_1_349' title='bbox 1456 2712 1510 2759; x_wconf 86' lang='lat' dir='ltr'><strong>ll,</strong></span> <span class='ocrx_word' id='word_1_350' title='bbox 1534 2715 1560 2752; x_wconf 88' lang='grc'>2</span> <span class='ocrx_word' id='word_1_351' title='bbox 1590 2724 1674 2762; x_wconf 81' lang='lat' dir='ltr'><strong>pag.</strong></span> <span class='ocrx_word' id='word_1_352' title='bbox 1693 2712 1758 2751; x_wconf 87' lang='grc'><strong>99.</strong></span> 
     </span>
     <span class='ocr_line' id='line_1_36' title="bbox 248 2777 1757 2832; baseline -0.003 -16"><span class='ocrx_word' id='word_1_353' title='bbox 248 2778 331 2817; x_wconf 77' lang='lat'><strong>203</strong></span> <span class='ocrx_word' id='word_1_354' title='bbox 354 2790 430 2826; x_wconf 87' lang='lat' dir='ltr'><strong>seq.</strong></span> <span class='ocrx_word' id='word_1_355' title='bbox 477 2777 636 2816; x_wconf 83' lang='lat' dir='ltr'><strong>Heeren.</strong></span> <span class='ocrx_word' id='word_1_356' title='bbox 666 2781 778 2818; x_wconf 88' lang='lat' dir='ltr'><strong>ldcen</strong></span> <span class='ocrx_word' id='word_1_357' title='bbox 809 2782 846 2829; x_wconf 86' lang='lat'><strong>1,</strong></span> <span class='ocrx_word' id='word_1_358' title='bbox 868 2785 893 2822; x_wconf 76' lang='lat'><strong>2</strong></span> <span class='ocrx_word' id='word_1_359' title='bbox 924 2794 1010 2832; x_wconf 84' lang='lat' dir='ltr'><strong>pag.</strong></span> <span class='ocrx_word' id='word_1_360' title='bbox 1036 2780 1125 2821; x_wconf 72' lang='lat'><strong>114.</strong></span> <span class='ocrx_word' id='word_1_361' title='bbox 1172 2782 1223 2826; x_wconf 90' lang='lat' dir='ltr'><strong>ll,</strong></span> <span class='ocrx_word' id='word_1_362' title='bbox 1245 2785 1271 2822; x_wconf 92' lang='grc'>2</span> <span class='ocrx_word' id='word_1_363' title='bbox 1292 2794 1376 2832; x_wconf 82' lang='lat' dir='ltr'><strong>pag.</strong></span> <span class='ocrx_word' id='word_1_364' title='bbox 1399 2780 1492 2821; x_wconf 83' lang='grc'>402.</span> <span class='ocrx_word' id='word_1_365' title='bbox 1539 2778 1757 2815; x_wconf 80' lang='lat' dir='ltr'><strong>Dahlmann.</strong></span> 
     </span>
     <span class='ocr_line' id='line_1_37' title="bbox 247 2843 1761 2901; baseline -0.004 -15"><span class='ocrx_word' id='word_1_366' title='bbox 247 2843 386 2881; x_wconf 76' lang='lat' dir='ltr'><strong>Herod·</strong></span> <span class='ocrx_word' id='word_1_367' title='bbox 406 2857 491 2894; x_wconf 69' lang='lat' dir='ltr'><strong>pag·</strong></span> <span class='ocrx_word' id='word_1_368' title='bbox 514 2848 578 2887; x_wconf 84' lang='lat'><strong>75.</strong></span> <span class='ocrx_word' id='word_1_369' title='bbox 611 2848 825 2888; x_wconf 82' lang='lat' dir='ltr'><strong>Valckenar.</strong></span> <span class='ocrx_word' id='word_1_370' title='bbox 851 2852 887 2887; x_wconf 91' lang='lat' dir='ltr'><strong>in</strong></span> <span class='ocrx_word' id='word_1_371' title='bbox 904 2850 1073 2901; x_wconf 87' lang='lat' dir='ltr'><strong>peculiari</strong></span> <span class='ocrx_word' id='word_1_372' title='bbox 1094 2849 1310 2899; x_wconf 86' lang='lat' dir='ltr'><strong>scriptione,</strong></span> <span class='ocrx_word' id='word_1_373' title='bbox 1342 2860 1436 2898; x_wconf 86' lang='lat' dir='ltr'><strong>quae</strong></span> <span class='ocrx_word' id='word_1_374' title='bbox 1463 2849 1599 2883; x_wconf 83' lang='lat' dir='ltr'><strong>inserta</strong></span> <span class='ocrx_word' id='word_1_375' title='bbox 1627 2844 1761 2894; x_wconf 80' lang='lat' dir='ltr'><strong>legitur</strong></span> 
     </span>
    </p>
   </div>
  </div>
 </body>
</html>
