1909 3228
491 175 576 214 848

905 173 1368 212 HERODOTI

493 286 658 326 λασσαν
688 279 907 338 φερούσῃ,
961 282 1040 337 τὴν
1079 286 1266 336 Δαρεῖος
1307 282 1330 325 ὁ
1366 282 1535 338 Πέρσης
1564 285 1743 340 δεύτερα
1759 293 1805 326 20

493 361 694 415 διώρυξε·
740 363 815 414 τῆς
844 363 980 415 μῆκος
1013 361 1091 416 μέν
1130 360 1218 404 ἐστι
1257 360 1393 412 πλόος
1422 360 1579 417 ἡμέραι
1606 364 1747 408 τέσσε-

493 457 562 493 989
574 473 584 490 5

635 434 763 490 εὖρος
802 438 846 480 δὲ
878 437 1056 496 ὠρύχθη
1095 439 1202 483 ὥστε
1239 438 1441 496 τριήρεας
1489 440 1568 484 δύο
1608 442 1749 486 πλέειν

463 516 610 573 ᾓὸμοῦ
641 517 994 573 ἐλαστρευμένας.
1041 514 1168 574 ἦκται
1199 519 1243 563 δὲ
1272 519 1358 563 ἀπὸ
1394 524 1475 564 τοῦ
1504 523 1670 564 Νείλου
1699 520 1746 565 τὰ

435 750 546 774 causa
564 737 723 775 canalem
740 737 969 776 restitueret:
989 737 1087 774 unde

434 794 554 843 operis
586 798 768 830 auctorem
800 799 835 829 et
863 794 1086 830 conditorem

435 850 570 886 dictum
590 851 697 887 fuisse
720 849 890 887 credibile
912 854 977 886 est.
1036 849 1087 886 Ac

436 907 492 943 vel
528 911 612 956 post
649 906 898 943 Ptolemaeum
934 905 1086 942 similem

434 975 583 1012 operam
617 962 733 999 canali
775 963 904 998 obruto
935 975 1087 998 navasse

435 1020 568 1055 dicitur
588 1019 623 1055 Τ
626 1019 770 1055 raianus
786 1017 841 1055 vel
866 1019 989 1067 potius
1009 1019 1087 1054 Ha-

434 1075 605 1121 drianus3
635 1079 672 1111 et
688 1075 892 1123 quingentis
914 1075 988 1111 fere
1002 1078 1086 1124 post

433 1131 561 1179 annis,
601 1145 680 1168 cum
720 1132 840 1168 denuo
880 1130 1084 1167 obstructus

433 1192 530 1224 esset
559 1187 715 1234 canalis,
761 1187 885 1223 Omari
908 1187 1008 1224 iussu
1038 1187 1083 1223 ab

432 1243 523 1280 illius
558 1244 651 1281 duce
677 1242 787 1281 Amro
815 1244 999 1280 restitutus
1027 1247 1084 1280 est

431 1312 528 1337 anno
552 1302 633 1341 639
662 1314 698 1350 p.
724 1300 811 1336 Chr.
832 1313 887 1345 u.‚
929 1313 1001 1348 quo
1028 1299 1085 1335 ni-

431 1356 560 1393 mirum
583 1357 772 1394 frumentis
802 1356 838 1392 in
860 1354 1019 1393 Meccam
1048 1360 1084 1393 et

430 1412 605 1460 reliquam
637 1411 808 1449 Arabiam
841 1425 885 1450 ex
911 1412 1082 1462 Aegypto

432 1468 657 1505 deducendis
678 1468 879 1504 inserviret.
915 1468 991 1504 Sed
1019 1480 1083 1504 an-

431 1537 480 1561 no
499 1527 582 1564 762
602 1537 639 1574 p.
661 1524 747 1560 Chr.
770 1536 805 1560 n.
836 1524 962 1560 iterum
985 1524 1083 1559 diru-

431 1584 512 1626 tus,
547 1580 595 1616 ad
623 1583 747 1616 nostra
773 1592 888 1627 usque
919 1584 1083 1629 tempora

431 1637 522 1672 iacet
536 1636 729 1683 neglectus.
788 1635 867 1672 Nec
895 1640 1015 1672 tamen
1040 1635 1082 1671 il-

432 1692 493 1728 lud
514 1692 752 1741 praetermitti
776 1691 905 1736 debet,
922 1704 1002 1727 eum
1022 1704 1082 1727 ca-

431 1748 569 1793 nalem,
607 1760 715 1795 quem
740 1751 777 1784 et
808 1747 1016 1782 Hadrianus
1046 1750 1081 1783 et

431 1804 588 1840 Omarus
614 1804 695 1839 duci
722 1804 921 1848 iusserunt,
952 1803 1082 1838 nonni-

429 1859 478 1896 hil
496 1859 674 1896 diversum
692 1860 805 1895 fuisse
828 1859 873 1894 ab
890 1872 953 1904 eo,
974 1871 1083 1906 quem

437 1920 530 1952 teste
567 1915 756 1952 Herodoto
797 1915 900 1951 duxit
938 1915 1082 1951 Darius.

430 1971 540 2008 Plura
561 1971 715 2008 Rennel.
739 1972 761 2008 l.
783 1972 804 2007 l.
827 1985 861 2021 p.
876 1970 957 2011 584
977 1984 1080 2019 seqq.

431 2032 467 2065 et
487 2027 657 2065 Larcher.
678 2028 725 2064 ad
745 2028 925 2065 Herodot.
948 2028 1008 2074 lv,
1026 2030 1079 2067 39

430 2088 517 2121 tom.
537 2084 585 2119 ΙΙΙ
608 2098 642 2133 p.
667 2084 748 2125 449
782 2084 860 2120 coll.
880 2084 990 2120 Beck.
1012 2083 1034 2119 l.
1056 2083 1078 2119 l.

429 2141 444 2176 l
468 2154 551 2189 pag.
571 2143 664 2181 727.
724 2140 931 2177 Recentiori
957 2144 1080 2177 aetate

430 2196 630 2246 Mustapha
646 2196 713 2242 III,
744 2197 943 2233 'furcarum
964 2197 1079 2245 impe-

430 2258 549 2299 rator,
580 2253 640 2301 qui
669 2254 758 2289 obiit
788 2252 895 2293 1774
922 2265 958 2301 p.
982 2253 1080 2299 Chr„

430 2309 477 2346 de
505 2309 620 2345 canali
652 2309 878 2345 restituendo
900 2309 1081 2357 cogitasse

429 2367 564 2411 fertur,
596 2365 798 2414 eademque
827 2365 973 2402 consilia
1002 2365 1082 2412 agi-

429 2425 527 2458 tasse
571 2422 699 2458 scimus
737 2435 842 2467 eum,
890 2421 951 2469 qui
986 2434 1080 2457 nunc

429 2477 599 2526 Aegypto
639 2482 784 2528 praeest
822 2490 961 2514 summo
998 2489 1079 2514 cum

430 2547 590 2583 imperio.

486 2588 524 2634 ἐς
544 2586 615 2638 τήν
635 2584 835 2639 Ἐρυθρήν
854 2585 1078 2639 θάλασσαν]

430 2645 486 2682 De
511 2646 611 2681 rubro
628 2648 718 2683 mari
742 2647 894 2683 diximus
922 2647 969 2682 ad
992 2646 1019 2692 l,
1044 2648 1078 2686 1.

429 2700 511 2738 Hoc
544 2701 622 2738 loco
663 2702 875 2750 intelligitur
906 2702 1079 2739 Arabicus

430 2758 548 2802 sz'nuS,
577 2758 637 2805 qui
665 2759 811 2808 proprie
841 2759 947 2795 maris
979 2759 1078 2795 rubri

430 2813 639 2863 perhibetur
664 2827 762 2863 pars.
808 2815 914 2852 Conf.
934 2815 1074 2853 Herod.

1154 737 1210 784 H,
1231 737 1320 778 159.
1352 737 1413 784 lV,
1432 737 1486 778 42
1505 741 1540 775 et
1558 737 1714 776 Rennel.
1736 737 1757 774 Ι.
1779 733 1813 774 l.'

1155 808 1240 843 pag.
1261 798 1355 835 462.

1211 852 1281 900 τῆς
1319 852 1445 901 μῆκος
1472 848 1543 900 μέν
1571 848 1649 888 ἔστι
1679 844 1804 896 πλόος

1155 904 1300 957 ἡμέραι
1322 905 1512 957 τέσσερες]
1543 907 1599 943 De
1622 906 1688 942 loci
1712 911 1804 943 stru-

1155 968 1255 999 ctura
1287 964 1425 999 monuit
1456 963 1631 1000 Matthiae
1650 963 1715 999 Gr.
1737 963 1803 1000 Gr.

1153 1032 1240 1068 pag.
1260 1019 1353 1060 794.
1422 1019 1569 1056 Canalis
1607 1018 1806 1067 longitudi-

1153 1087 1236 1111 nem
1273 1075 1469 1112 secundum
1504 1074 1656 1111 Plinium
1695 1075 1806 1112 fuisse

1152 1131 1277 1167 volunt
1296 1134 1350 1172 62
1369 1131 1609 1168 milliariorum
1630 1132 1703 1168 sive
1724 1131 1804 1183 11}

1151 1187 1393 1224 milliariorum
1414 1188 1721 1224 Germanicorum.
1739 1187 1804 1224 Vi-

1153 1244 1199 1280 de
1219 1244 1371 1281 Rennel.
1405 1244 1426 1280 l.
1454 1243 1475 1279 l.
1506 1256 1592 1294 pag.
1619 1244 1701 1284 386
1724 1243 1804 1281 coll.

1151 1299 1334 1337 Mannert.
1356 1300 1494 1348 Geogr.
1511 1300 1546 1335 d.
1569 1299 1634 1336 Gr.
1645 1313 1680 1336 u.
1693 1299 1801 1337 Rom.

1152 1356 1210 1402 X,
1233 1358 1253 1395 1
1282 1369 1318 1405 p.
1339 1357 1433 1397 510.
1491 1356 1587 1392 Cum
1618 1357 1802 1405 navigatio

1152 1416 1307 1460 quatuor
1349 1412 1488 1449 dierum
1525 1412 1621 1448 iusto
1660 1411 1802 1460 longior

1150 1468 1334 1515 videatur,
1353 1472 1393 1503 ut
1411 1468 1447 1504 in
1467 1480 1538 1516 qua
1558 1472 1697 1504 tantum
1716 1472 1799 1504 octo

1150 1523 1317 1560 milliaria
1337 1523 1484 1571 (lienes)
1506 1536 1577 1560 uno
1601 1524 1660 1560 die
1678 1524 1800 1561 absol-

1149 1584 1300 1625 vantur,
1331 1579 1386 1616 Le
1408 1579 1500 1616 Pere
1529 1593 1566 1629 p.
1589 1582 1642 1620 60
1663 1581 1800 1627 statuit,

1149 1636 1420 1683 navigationem
1448 1636 1560 1672 rarius
1582 1637 1691 1682 velis,
1722 1636 1800 1687 ple-

1148 1703 1301 1739 rumque
1329 1691 1436 1727 remis
1466 1695 1528 1727 aut
1561 1692 1708 1729 funibus
1744 1694 1800 1729 in-

1147 1747 1309 1783 stitutam
1328 1746 1439 1782 fuisse
1454 1747 1581 1784 videri.

1208 1799 1304 1840 ὥστε
1334 1800 1516 1853 τριήρεας
1544 1798 1619 1841 δύο
1639 1824 1695 1831 —-·
1717 1801 1799 1842 ἕλα-

1150 1856 1401 1908 στρευμένας]
1432 1855 1679 1910 ἐλαστρεύειν
1700 1859 1799 1898 haud

1149 1914 1302 1952 multum
1339 1915 1601 1963 significatione
1630 1916 1752 1953 differt
1776 1929 1799 1954 a

1149 1972 1260 2008 verbo
1295 1967 1475 2011 ἐλαύνειν
1494 2003 1503 2016 ,
1544 1985 1666 2009 navem
1698 1975 1798 2010 remis

1148 2029 1299 2075 agitare.
1341 2028 1464 2071 Quare
1481 2028 1710 2076 Eustathius,
1731 2043 1798 2066 no-

1149 2089 1261 2120 strum
1300 2083 1418 2120 locum
1456 2085 1671 2135 respiciens,
1729 2085 1797 2123 hoc

1147 2141 1296 2177 verbum
1326 2141 1491 2190 usurpari
1512 2141 1618 2178 docet
1646 2139 1709 2179 ἐπὶ
1734 2155 1794 2180 νε-

1151 2198 1208 2234 ῶν
1227 2195 1519 2245 ἐλαυνομένων,
1545 2198 1591 2233 ad
1611 2197 1795 2246 ll.XVllI,

1149 2252 1230 2293 543
1253 2265 1337 2302 pag·
1359 2256 1463 2293 1219
1477 2282 1486 2299 ‚
1505 2253 1580 2300 24,
1619 2254 1666 2290 ad
1686 2267 1794 2302 quem

1149 2309 1301 2346 eundem
1322 2308 1438 2345 locum
1458 2313 1596 2347 veteres
1615 2322 1796 2358 gramma-

1149 2365 1250 2412 ticos,
1267 2365 1326 2413 qui
1348 2365 1455 2402 iidem
1476 2370 1663 2415 exponunt
1682 2361 1793 2405 ἐλαύ-

1148 2435 1255 2462 νειν,
1287 2422 1371 2457 citat
1399 2422 1529 2471 Heyne
1555 2423 1652 2459 obss.
1677 2428 1703 2459 t.
1727 2422 1792 2460 VH

1148 2491 1183 2527 p.
1207 2477 1299 2518 544.
1358 2477 1466 2527 Apud
1485 2478 1710 2516 Herodotum
1738 2480 1793 2516 in-

1148 2535 1291 2571 venitur
1322 2530 1565 2585 έλαστρεύειν
1585 2535 1678 2571 infra
1701 2548 1794 2584 quo-

1149 2603 1220 2639 que
1241 2590 1330 2637 vll,
1348 2590 1411 2631 24.
1458 2589 1517 2627 Ad
1539 2597 1793 2639 argumentum

1147 2646 1214 2683 loci
1244 2646 1437 2696 praecipue
1465 2647 1599 2683 consul.
1626 2647 1746 2684 Strab.
1767 2647 1791 2684 Ι.

1147 2702 1169 2739 l.
1192 2703 1253 2752 qui
1277 2706 1410 2739 centum
1430 2703 1561 2740 cubitos
1579 2702 1687 2739 latum
1706 2704 1792 2740 scri-

1145 2759 1199 2795 bit
1215 2759 1373 2796 canalem
1391 2759 1619 2808 eundemque
1638 2760 1687 2796 ita
1704 2772 1789 2809 pro-

1143 2815 1293 2852 fundum
1318 2845 1330 2861 ,
1370 2820 1411 2852 ut
1453 2815 1642 2853 commode
1687 2815 1788 2852 navis

1831 1128 1843 1152 Ι
