1877 3223
724 228 1026 267 cL10.1.

1418 229 1503 270 2:35

250 338 556 395 πυνθάνομαι,
614 340 687 382 ἰ’σα
723 355 768 383 τε
805 336 1003 394 σταθμὸν
1038 336 1111 380 καὶ
1149 334 1279 392 ὁμοῖα
1315 341 1428 381 τοῖσι
1456 338 1558 382 ἐν20

222 424 478 476 3Δελφοῖσι.
532 417 584 462 τά
614 419 692 474 μέν
720 435 803 462 νυν
827 418 869 469 ἔς
897 434 941 461 τε
981 415 1188 471 Δελφούς
1224 417 1298 460 καὶ
1340 416 1384 468 ἐς
1423 421 1503 461 τοῦ

248 496 491 555 Ἀμφιάρεω
522 497 728 554 ἀνέθηκε,
774 496 919 553 οἰκήϊά
948 513 991 540 τε
1018 495 1168 547 ἐόντα,
1206 496 1279 539 καὶ
1307 500 1396 539 τῶν
1424 512 1505 540 πα-

249 577 404 636 τρῷων
431 577 663 634 χρημάτων
689 576 907 633 ἀπαρχήν
946 575 999 620 τοὶ
1029 575 1075 619 δὲ
1105 573 1214 618 ἄλλα
1244 573 1504 632 ἀναθήματα

251 658 294 710 ἐξ
325 655 484 711 ἀνδρὸς
524 657 690 713 ἐγένετο
732 654 882 712 οὐσίης
921 655 1106 712 ἐχθροῦ,
1151 653 1199 706 ὅς
1229 657 1295 708 οἱ,
1344 656 1449 710 πρὶν
1476 654 1560 712 ἢ25

252 740 529 794 βασιλεῦσαι,
567 733 902 792 ἀντιστασιώτης
940 734 1210 791 κατεστήκεε,
1250 733 1507 779 συσπεύδων

225 815 547 858 4Πανταλέοντι
600 814 803 870 γενέσθαι
851 814 932 870 τήν
978 816 1137 858 Λυδῶν
1184 813 1333 870 ἀρχήν.

1394 814 1508 858 ὁδὲ

252 894 516 937 Πανταλέων
545 888 600 948 ἦν
625 891 855 938 Ἀλυάττεω
886 893 964 950 μὲν
992 899 1114 944 παῖς,
1155 895 1352 949 Κροίσου
1383 893 1429 936 δὲ
1459 890 1507 936 ά-

252 972 428 1029 δελφεός
458 971 539 1016 οὐκ
569 971 844 1029 ὁμομήτριος.

903 976 1096 1027 Κροῖσος
1123 973 1201 1028 μὲν
1229 972 1313 1028 γάρ
1344 973 1391 1016 ἐκ
1419 976 1509 1016 Κα-

254 1052 370 1107 είρης
399 1045 453 1108 ἦν
481 1053 691 1108 γυναικὸς
715 1049 944 1108 Ἀλυάττῃ·
977 1051 1238 1095 Πανταλέων
1268 1052 1340 1106 δὲ,
1372 1049 1507 1104 {5³10}-

225 1133 347 1182 5δος.
379 1131 469 1175 ἐπεί
498 1147 541 1174 τε
571 1131 637 1184 δὲ,
670 1131 822 1182 δόντος
850 1134 932 1174 τοῦ
958 1131 1149 1184 πατρὸς,
1179 1129 1390 1187 ἐκράτησε
1427 1133 1503 1186 τῆς
1519 1137 1564 1170 30

253 1208 389 1267 ἀρχῆς
419 1210 443 1254 ὁ
474 1213 687 1264 Κροῖσος,
717 1210 795 1254 τὸν
825 1208 1063 1265 ἄνθρωπον
1090 1210 1169 1253 τὸν
1192 1209 1504 1265 ἀντιπρήσσον-

251 1305 305 1332 τα
334 1289 402 1332 ἐπὶ
430 1289 604 1346 κνάφου
634 1290 773 1333 ἕλκων
801 1288 1045 1345 διέφθειρε·
1076 1288 1155 1345 τὴν
1185 1288 1231 1333 δὲ
1255 1285 1411 1344 οὐσίην
1431 1286 1509 1332 αὖ·

197 1472 283 1509 nihil
300 1474 430 1510 certius
451 1474 498 1510 ad
516 1473 633 1524 ipsum
650 1485 765 1521 genus
779 1472 843 1510 de-

197 1529 395 1566 finiendum
415 1531 508 1567 effici
527 1531 642 1579 quivis
656 1529 844 1577 intelliget,

198 1586 260 1634 qui
277 1586 378 1636 ipsos
401 1585 511 1623 hosce
531 1587 725 1636 scriptores
746 1586 847 1623 adie-

197 1641 254 1678 rit.
311 1641 353 1678 In
371 1643 520 1679 articulo
542 1643 747 1693 postposito
763 1655 848 1693 per-

198 1697 396 1746 spicuitatis
425 1700 583 1736 studium
608 1699 713 1736 facile
732 1711 849 1747 agno-

199 1766 302 1800 scas,
332 1755 431 1803 quod
448 1755 565 1804 ipsum
585 1759 670 1806 post
690 1756 848 1791 imitatus

201 1812 258 1846 est
282 1809 501 1857 Pausanias,
537 1812 583 1848 de
610 1824 682 1859 quo
713 1810 851 1847 monuit

201 1865 367 1903 Siebelis.
385 1867 432 1902 ad
456 1866 511 1912 ll,
534 1868 585 1906 10
615 1865 651 1916 ᾗ.
671 1868 709 1906 4.

259 1917 491 1960 συσπεύδων
505 1921 774 1961 Πανταλέοντι
792 1935 852 1973 γε-

202 1976 346 2017 νέσθαι
367 1974 440 2027 τὴν
463 1979 613 2016 Λυδῶν
646 1973 796 2028 α’ρχήν]
828 1978 850 2014 i.

203 2048 254 2072 e.:
285 2034 545 2082 „Pantaleonti
564 2035 748 2071 conciliare
776 2037 852 2070 stu-

202 2091 284 2128 dens
297 2091 476 2141 Lydorum
491 2104 633 2139 regnum
642 2093 665 2110 ‘⁴
685 2085 852 2130 συσπεύ-

203 2147 284 2186 δων
314 2147 400 2185 mihi
435 2147 576 2184 videtur
604 2161 704 2185 esse:
745 2160 852 2194 „una

202 2217 280 2241 cum
300 2204 384 2241 aliis
400 2203 559 2251 studens,
589 2217 618 2240 s.
638 2203 726 2240 alios
747 2203 851 2240 adiu-

201 2273 290 2297 vans
308 2260 480 2297 factiosos
508 2260 545 2297 in
567 2260 706 2298 Croeso
728 2259 851 2297 deiici-

204 2317 299 2354 endo
331 2317 482 2366 eiusque
510 2317 547 2352 in
571 2316 686 2353 locum
716 2316 852 2353 substi-

202 2373 338 2410 tuendo
387 2372 674 2411 Pantaleonte.“
742 2372 853 2409 Hunc

202 2442 287 2466 vero
321 2428 597 2467 Pantaleontem
643 2441 724 2467 eum
771 2441 853 2466 esse

204 2488 411 2532 autumant,
449 2498 557 2534 quem
583 2486 732 2523 Serinus
775 2498 852 2522 me-

206 2544 322 2577 morat
364 2541 489 2590 (apud
515 2542 712 2579 stobaeum
733 2541 850 2579 Serm.

207 2595 310 2632 XLV
341 2609 377 2646 p.
395 2599 506 2646 313)
537 2598 667 2635 Croesi
693 2599 852 2644 fratrem,

207 2652 255 2688 ad
291 2665 443 2700 regnum
489 2654 777 2703 participandum
805 2654 851 2690 ab

207 2708 289 2758 ipso
308 2708 366 2744 illo
387 2709 584 2755 adscitmw,
601 2710 701 2758 quod
719 2710 856 2760 impro-

210 2764 358 2801 bantem
375 2763 532 2813 Lydium
547 2766 684 2803 inducit
704 2766 855 2815 loquen-

210 2824 284 2857 tem
305 2821 664 2860 Serinus.—Verba
685 2836 777 2871 quae
796 2836 856 2860 se-

213 2880 385 2923 quuntur:
414 2876 556 2918 ἐπείτε
581 2876 645 2927 δὲ,
675 2875 857 2927 δόντος

913 1472 1004 1510 τοῦ
1032 1485 1062 1510 π
1077 1485 1166 1523 ατρ
1182 1468 1255 1520 ὃς,
1285 1466 1473 1523 ἐκράτησε
1493 1472 1567 1520 τῆς

916 1523 1043 1579 οἷρχῆς
1064 1526 1087 1567 ὁ
1108 1530 1281 1578 Κροῖσος
1298 1529 1335 1564 in
1357 1528 1565 1565 definienda

916 1585 1045 1622 Croesi
1072 1589 1192 1622 aetate
1221 1597 1265 1621 eo
1301 1585 1417 1633 magis
1446 1588 1565 1621 atten-

916 1642 1057 1689 denda,
1094 1654 1166 1689 quo
1194 1641 1313 1677 minus
1338 1641 1486 1677 dubium
1512 1641 1568 1677 fa-

916 1699 1035 1744 ciunt,
1065 1698 1152 1746 quin
1170 1696 1334 1745 Alyattes
1353 1701 1459 1747 pater
1488 1709 1567 1734 cum

916 1754 988 1790 filio
1017 1754 1157 1791 Croeso
1190 1766 1343 1802 regnum
1371 1753 1568 1790 communi-

917 1810 1024 1856 carit,
1061 1809 1119 1846 hic
1146 1810 1278 1857 igitur,
1318 1814 1424 1860 patre
1451 1809 1569 1845 adhuc

916 1866 1019 1911 vivo,
1069 1866 1116 1900 ad
1152 1878 1304 1912 regnum
1351 1864 1567 1915 pervenerit.

918 1921 981 1958 Tu
1001 1921 1073 1957 vid.
1089 1921 1246 1957 Schultz.
1268 1921 1303 1957 in
1314 1919 1567 1971 Apparat.etc.

918 1989 1004 2026 pag.
1023 1979 1074 2017 18
1107 1980 1143 2012 et
1170 1989 1233 2023 ea,
1262 1989 1357 2025 quae
1384 1989 1496 2027 supra
1520 1976 1567 2013 ad

918 2033 955 2080 l,
978 2033 1031 2073 45
1052 2032 1266 2068 notavimus.

977 2086 1041 2127 ἐπὶ
1061 2082 1222 2137 κνάφου
1246 2087 1391 2134 ἕλκων]
1411 2087 1450 2124 In
1469 2087 1568 2124 libris

919 2144 1004 2182 olim
1033 2144 1138 2181 editis
1167 2148 1203 2181 et
1230 2145 1372 2196 scriptis
1400 2144 1567 2181 omnibus

919 2204 1038 2239 exstat
1067 2201 1269 2251 κναφηίὀυ
1299 2214 1322 2238 a
1350 2196 1565 2251 κναφήιον,

919 2271 1013 2307 quae
1025 2257 1176 2307 fullonis
1192 2262 1247 2294 est
1268 2257 1435 2307 officina,
1465 2257 1565 2294 cuius

918 2314 976 2351 hie
993 2314 1111 2350 nullus
1134 2318 1228 2351 certe
1246 2313 1356 2351 locus.
1416 2313 1529 2351 Unde
1547 2326 1568 2350 e

919 2369 1019 2408 lexic.
1041 2370 1221 2408 Herodot.
1242 2374 1278 2407 et
1297 2370 1455 2419 Hesych.
1488 2381 1568 2406 cor·-

919 2431 1087 2464 rexerunt
1119 2427 1185 2463 viri
1230 2427 1327 2463 docti
1356 2421 1517 2475 κνάφου
1546 2437 1570 2462 a

919 2498 944 2521 κ
956 2498 978 2521 ν
993 2478 1017 2521 ά
1029 2497 1087 2532 φο
1100 2497 1138 2530 ς,
1195 2495 1267 2531 quo
1284 2511 1295 2530 ‚
1354 2482 1568 2520 docentibus

918 2539 1007 2590 ipsis
1035 2544 1196 2577 veterum
1215 2539 1474 2587 grammaticiS,
1503 2538 1569 2575 de·-

920 2597 1085 2644 signatur
1112 2595 1264 2632 carduus
1291 2608 1320 2632 s.
1336 2597 1460 2646 spina,
1496 2605 1569 2643 qua

920 2652 1073 2690 fullones
1098 2652 1311 2689 vestimenta
1350 2653 1479 2690 radere
1505 2663 1568 2686 so-

921 2708 1018 2754 lent3
1046 2713 1237 2758 praeterea
1256 2711 1415 2746 tormenti
1439 2721 1468 2744 ε.
1489 2719 1568 2743 car-

921 2766 1086 2815 nificinae
1103 2778 1211 2814 genus
1233 2764 1339 2802 clavis
1363 2764 1569 2812 aculeisque

923 2821 1108 2872 oppletum
1126 2822 1175 2858 ad
1195 2821 1347 2859 miseros
1363 2819 1568 2858 crudelissi-

924 2891 982 2917 me
1014 2878 1231 2917 enecandos.
1288 2877 1392 2916 Haec
1417 2876 1567 2914 wesse-

1584 437 1601 461 ὶ
