1909 3228
688 185 903 226 CLIO.
961 188 988 226 1.
1383 192 1466 232 439

204 294 369 352 ἒκοέστῳ
408 294 454 338 δὲ
491 293 693 355 σκήπτρῳ
732 295 872 340 ἔπεστι
911 299 1201 354 πεποιημένον
1238 298 1266 356 ἢ
1304 304 1519 357 μῆλον,7ο

173 373 234 428 4ἢ
263 372 416 428 ῥόδον,
447 374 476 429 ἢ
504 376 679 429 κρίνον,
707 374 736 430 ἢ
766 374 930 426 αἰετὸς,
960 375 988 433 ἢ
1019 376 1121 421 ἄλλο
1151 395 1205 421 τι.
1236 376 1341 422 ἄνευ
1369 378 1455 435 γάρ

199 451 413 509 ἐπισήμου
442 452 499 497 οὕ
528 466 607 510 σφι
635 453 773 509 νόμος
803 453 889 497 ἐστὶ
921 455 1031 510 ἔχειν
1060 461 1290 513 σκῆπτρον.
1345 457 1455 514 αὕτη

197 532 277 588 μὲν
306 530 361 589 δή
388 543 467 589 σφι
499 532 663 588 ἄρτισις
690 533 786 588 περὶ
816 532 865 576 τό
899 538 1023 589 σῶμα
1053 536 1153 580 ἐστι’.

87 611 174 658 1OE
310 611 458 668 Νόμοι
487 612 533 656 δὲ
563 610 733 656 αὐτοῖσι
769 606 853 655 ὦδε
891 614 1174 658 κατεστέαται.
1223 613 1248 658 ὁ
1277 615 1354 670 μὲν
1383 625 1453 658 σο·
1508 621 1780 692 llfggcffl'ffffriguss

196 687 396 746 φώτατος
422 690 518 744 ὅδε,
565 692 673 736 κατὰ
700 690 879 748 γνώμην
907 691 987 749 τὴν
1015 691 1247 750 ἡμετέρην,
1288 698 1349 751 τῷ
1378 694 1450 738 καὶ
1505 693 1780 786 ἓῖἓὲἓὲἰὲζέᾱρ

1637 778 1642 784 ι
1744 769 1779 787 eo

165 766 413 825 ΞἸλλυριῶν
444 768 643 823 Ἐνετοὺς
670 769 953 827 πυνθάνομαι
980 775 1184 829 χρῆσθαι.
1231 772 1341 818 nocto?
1370 770 1601 826 uni-75pre210
1634 791 1780 829 dotanda,

139 977 222 1016 satis
259 982 412 1016 constat.
481 976 592 1015 Plura
626 977 786 1016 Heeren.
856 978 997 1016 Eadem
1025 978 1139 1016 ferme
1166 976 1338 1016 Nicolaus
1372 977 1507 1016 Dama-

138 1033 161 1070 l.
181 1033 200 1071 l.
227 1038 419 1085 pag.208.
434 1036 514 1076 211
537 1047 639 1084 seqq.
658 1039 694 1072 et
711 1035 739 1082 I,
763 1038 785 1076 1
856 1048 953 1072 scen.
983 1049 1020 1086 p.
1043 1036 1124 1076 293
1157 1049 1184 1072 s,
1211 1047 1296 1086 pag.
1319 1034 1397 1076 152
1428 1048 1505 1084 seq.

136 1102 219 1140 pag.
248 1093 314 1132 98.
372 1091 484 1134 Quod
511 1091 557 1128 de
573 1091 706 1128 baculis
728 1103 787 1127 ar·
855 1091 967 1129 Orell.
989 1091 1067 1129 coll.
1084 1090 1222 1129 Aelian.
1246 1091 1290 1128 V.
1310 1090 1359 1127 H.
1380 1091 1443 1138 IV,
1468 1094 1505 1139 1,

136 1151 173 1182 te
188 1148 290 1183 factis
310 1146 447 1185 Noster
469 1148 600 1195 refert,
629 1147 784 1184 illustra-

135 1206 192 1238 tur
220 1203 466 1253 Theophrasti
497 1203 575 1240 loco
614 1204 650 1240 in
684 1204 782 1241 Hist.

135 1257 250 1296 Plant.
270 1259 314 1306 V,
334 1263 371 1301 6.
401 1260 441 1297 In
466 1259 592 1297 Indiae
610 1260 706 1298 enim
726 1260 783 1296 in-

134 1314 232 1362 sula,
262 1316 316 1352 cui
345 1329 477 1354 nomen
509 1316 645 1363 Tylos,
675 1316 783 1352 arbor

132 1370 326 1417 invenitur,
356 1373 454 1409 unde
472 1371 699 1421 pulcherrimi
721 1385 782 1408 ex-

131 1431 297 1464 secentur
326 1427 455 1464 baculi.
492 1427 599 1464 Conf.
619 1428 779 1465 Heeren.

129 1482 152 1519 l.
170 1482 192 1520 l.
215 1495 300 1533 pag.
321 1485 415 1524 246.
452 1483 510 1521 De
528 1482 660 1520 Bambz·
674 1495 783 1520 arun-

129 1539 215 1577 dine
242 1539 388 1577 minime
415 1539 671 1588 cogitandum,
714 1541 781 1577 ob-

129 1600 248 1634 stante
288 1596 534 1647 Theophrasti
563 1595 642 1634 loco
673 1596 695 1632 l.
725 1617 781 1624 —

129 1649 282 1703 ἄρτισις
320 1654 369 1690 ad
415 1652 576 1702 corporis
622 1652 782 1703 pertinet

128 1708 260 1746 cultum
285 1710 535 1758 vestiendique
562 1710 751 1747 rationem.

308 1792 417 1843 Cap.
447 1792 614 1831 cxcvi.

186 1872 211 1914 ὁ
231 1872 301 1926 μὲν
319 1871 548 1925 σοφώτατος
567 1871 653 1925 ὅδε,
683 1872 783 1915 navo?

129 1926 294 1983 γνώμην
311 1929 385 1983 τήν
405 1930 601 1983 ἡμετέρην
621 1947 656 1970 κ.
676 1946 708 1970 τ.
729 1934 778 1977 L]

129 1988 234 2025 Haec
258 1989 383 2038 utique
413 2001 457 2026 ex
491 1988 637 2025 orientis
665 2001 779 2035 more,

129 2045 324 2082 etiamnum
343 2058 410 2095 per
432 2043 556 2081 Asiam
580 2045 778 2090 obtinente,

127 2113 201 2149 quo
229 2101 409 2138 connubia
438 2100 613 2147 emtione,
651 2100 778 2137 vendi-

126 2157 226 2194 tione
238 2185 248 2204 ,
269 2170 344 2193 non
363 2160 486 2194 mutuo
504 2157 705 2193 animorum
722 2157 779 2192 af-

126 2214 246 2260 fectu,
277 2212 533 2250 contrahantur
547 2242 557 2260 ‚
577 2212 777 2249 diiudican-

127 2269 177 2306 da
198 2282 297 2317 esse,
325 2272 450 2306 monet
462 2269 595 2317 Heyne
613 2268 651 2305 in
665 2268 777 2305 Com-

126 2329 276 2363 mentat.
323 2325 446 2362 societ.
483 2325 650 2373 Gotting.
688 2324 777 2361 XVI

126 2393 215 2431 pag.
255 2381 334 2430 34,
380 2380 604 2430 similemque
640 2393 777 2418 morem

129 2437 303 2474 Getarum
331 2442 506 2475 memorat
534 2450 577 2474 ex
594 2437 776 2488 Pompon.

128 2492 227 2530 Mela
244 2493 290 2539 ΙΙ,
303 2496 340 2534 2.
369 2493 589 2531 Herodoteis
605 2506 685 2530 cum
696 2505 778 2530 ver-

130 2549 185 2585 bis
206 2550 329 2586 confer
343 2549 532 2586 Strabonis
551 2550 661 2586 verba
673 2577 684 2596 ,
716 2548 778 2597 qui

127 2603 218 2641 haec
255 2605 379 2651 addit,
422 2605 461 2641 in
499 2617 646 2653 quaque
683 2605 777 2641 tribu

128 2664 201 2698 tres
221 2660 315 2697 viros
334 2660 544 2709 integritate
565 2661 776 2710 conspicuos

128 2716 327 2753 venditioni
341 2717 543 2765 praefectos
561 2717 682 2754 fuisse.
702 2717 780 2754 Sed

132 2771 191 2810 ille
220 2785 286 2822 pro
312 2771 450 2820 vulgari
480 2772 692 2810 confusione
711 2772 780 2809 As-

132 2828 236 2877 syriis
281 2829 390 2866 istum
428 2840 564 2867 morem
600 2830 780 2867 adscribit.

851 1148 913 1184 ubi
950 1148 1116 1185 Perizon.
1152 1147 1301 1184 aliarum
1341 1149 1503 1197 gentium

852 1204 986 1241 similes
1005 1217 1124 1241 mores
1145 1207 1299 1240 enarrat.

905 1263 963 1314 τῷ
992 1259 1059 1299 καὶ
1095 1255 1293 1312 Ἰλλυριῶν
1320 1253 1502 1307 Ἐνετοΰς

848 1313 1112 1366 πυνθάνομαι
1157 1318 1355 1366 χρῆσθαι]
1414 1316 1499 1360 Quo

847 1371 1028 1409 Herodoti
1045 1372 1177 1409 iudicio
1191 1373 1237 1409 de
1250 1372 1386 1420 Illyrica
1399 1371 1498 1410 Ene-

848 1431 968 1464 torum
989 1429 1129 1476 origine
1140 1441 1184 1465 eo
1195 1428 1311 1476 magis
1329 1428 1498 1465 insisten-

848 1484 934 1520 dum
946 1513 957 1531 ‚
986 1484 1103 1521 iudice
1121 1483 1319 1521 Niebuhrio
1342 1484 1379 1519 in
1399 1484 1494 1521 Hist.

847 1539 1003 1578 Roman.
1025 1541 1041 1577 Ι
1060 1552 1147 1591 pag.
1166 1542 1247 1581 172
1275 1540 1332 1577 ed.
1352 1553 1422 1577 sec.
1450 1540 1495 1587 (Ι

848 1610 885 1647 p.
902 1598 980 1637 109
1000 1597 1057 1634 ed.
1075 1596 1207 1646 prior),
1229 1609 1302 1645 quo
1318 1595 1497 1644 Illyricum

848 1665 974 1701 regem
985 1652 1052 1690 illis
1070 1653 1267 1702 imperasse
1280 1652 1400 1689 scribit
1411 1653 1499 1690 Ser-

847 1710 926 1746 vius
963 1710 1012 1746 ad
1043 1708 1170 1758 virgil.
1206 1708 1297 1746 Aen.
1327 1708 1366 1756 I,
1400 1709 1498 1750 242.

847 1764 971 1815 Atque
994 1778 1061 1816 per
1093 1777 1237 1802 omnem
1254 1766 1333 1802 fere
1355 1769 1496 1802 austra-

849 1821 920 1858 lem
937 1822 1062 1859 Italiae
1078 1834 1177 1857 oram
1190 1820 1407 1869 Illyricarum
1427 1833 1495 1857 na-

848 1878 986 1914 tionum
1040 1877 1194 1926 vestigia
1253 1877 1492 1926 reperiuntur.

850 1933 957 1975 Quae
987 1936 1108 1970 tamen
1146 1932 1289 1969 uberius
1323 1932 1492 1981 persequi

844 1988 947 2025 huius
967 1988 1036 2025 loci
1055 2001 1129 2024 non
1150 1992 1215 2025 est.
1273 1987 1381 2024 Conf.
1399 1987 1493 2024 infra

844 2043 891 2092 V,
913 2047 959 2091 9,
988 2045 1048 2081 ubi
1069 2045 1154 2081 item
1178 2043 1370 2080 Enetorum
1388 2056 1490 2081 men.

843 2100 893 2136 tio
907 2129 918 2147 ‚
947 2100 995 2137 ad
1008 2112 1117 2149 quem
1137 2099 1252 2136 locum
1264 2099 1369 2149 plura
1386 2100 1490 2136 dabi-

842 2168 935 2192 mus.
993 2183 1019 2203 „
1031 2156 1111 2192 Hoc
1129 2155 1207 2192 loco
1225 2168 1334 2192 unum
1351 2168 1491 2192 memo-

843 2225 963 2249 ramus
991 2211 1299 2261 archiepiscopum
1333 2210 1489 2249 Mohile-

843 2268 1004 2305 viensem
1017 2267 1084 2314 (ad
1093 2267 1387 2316 Borysthenem),
1405 2268 1490 2304 Sta-

844 2324 997 2361 nislaum
1017 2323 1307 2361 Siestreneewicz
1334 2324 1381 2360 de
1413 2323 1489 2360 Bo-

844 2380 955 2427 husz‚
993 2380 1213 2417 Venetorum
1241 2379 1400 2427 origines
1428 2391 1491 2416 ex-

844 2436 1039 2487 plicantem
1068 2436 1105 2472 in
1124 2436 1233 2473 libro:
1262 2435 1489 2472 Recherches

844 2492 1060 2541 historiques
1080 2505 1140 2528 sur
1150 2491 1313 2540 l'origine
1326 2492 1391 2529 des
1400 2492 1492 2527 Sar-

845 2553 960 2586 mates
972 2577 983 2595 ‚
1025 2549 1089 2585 des
1121 2548 1319 2585 Esclavons
1354 2551 1391 2585 et
1425 2548 1490 2584 des

845 2605 969 2642 Slaves
983 2634 993 2651 ,
1031 2604 1216 2654 Petropol.
1246 2605 1364 2644 1812.
1418 2603 1492 2646 Qui

844 2674 910 2712 per
930 2660 1083 2708 Scythas
1102 2673 1198 2698 anno
1220 2659 1328 2701 1455
1346 2672 1379 2696 a.
1400 2659 1488 2696 Chr.

845 2730 883 2754 n.
910 2729 953 2753 ex
981 2715 1069 2753 Asia
1100 2716 1285 2766 superiore
1322 2714 1490 2763 (Media,

845 2771 1012 2820 Assyria)
1031 2772 1068 2808 in
1086 2771 1371 2822 Paphlagoniam
1388 2771 1493 2808 inde-

848 2841 922 2879 que
940 2829 980 2866 in
997 2827 1086 2866 alias
1106 2832 1221 2866 tetras
1246 2828 1386 2867 delatos
1406 2839 1493 2865 cen-
