1877 3223
418 226 500 268 128

826 221 1298 263 HERoDoTl

419 331 582 387 Πυθώ,
610 331 814 388 Δελφοὺς
831 331 1033 387 δωρέεται
1047 367 1058 385 ,
1087 334 1337 390 πυθόμενος
1363 332 1507 378 αὐτῶν
1522 334 1571 378 τὸ
1587 338 1688 390 πλῆ-

397 415 526 467 Ξθος,
556 409 653 455 κατ’
689 411 829 465 ἄνδρα
850 410 931 455 δύο
958 416 1160 469 στατῆρσι
1182 413 1362 456 ἕκαστον
1381 418 1558 468 χρυσοῦ.
1586 418 1690 457 Δελ-

419 492 498 548 φοὶ
518 490 563 535 δὲ
583 487 681 532 οἷντὶ
699 490 868 534 τούτων
894 491 1050 534 ἔδοσαν
1074 493 1248 545 Κροίσῳ
1277 492 1350 535 καὶ
1376 494 1560 536 Λυδοῖσι
1584 508 1688 547 προ-

418 571 630 628 μαντηίην
665 569 739 613 καὶ
777 567 967 626 ἀτελείην
1009 571 1081 614 καὶ
1126 572 1382 627 προεδρίην,
1428 571 1501 614 καὶ
1539 571 1735 624 ἐξεῖναιΞὸ

374 768 442 803 lius
487 764 647 814 regionis
695 763 863 814 adeoque
903 766 1019 812 urbis,

373 835 482 871 quam
531 821 599 858 illic
646 821 827 858 exstitisse
862 823 1019 859 tradunt.

374 878 432 916 De
456 878 545 915 urbe
571 877 653 927 ipsa
685 873 869 925 Δελφούς
894 883 1022 928 poste-

374 935 458 971 riori
479 938 618 971 tantuin
638 946 726 970 aevo
750 933 819 970 dici
838 935 1023 970 contendit

374 990 495 1036 Gail.‚
526 990 637 1040 priori
659 1001 747 1027 aevo
780 989 827 1026 de
854 989 940 1026 vicis
969 990 1023 1025 vi-

373 1047 463 1095 ginti
484 1047 626 1083 duobus
639 1046 730 1082 circa
751 1044 884 1082 oraculi
897 1045 1023 1083 sedem

373 1103 511 1153 sparsis
542 1115 737 1150 eorumque
767 1102 892 1138 incolis
922 1101 1021 1149 (coll.

373 1159 493 1196 Schol.
516 1158 720 1207 Thucydid.
742 1157 771 1204 l,
796 1159 894 1206 112)
918 1158 1023 1195 intel-

373 1214 436 1262 ligi
465 1215 620 1260 delmi-03
660 1210 813 1258 Πυθώ,
842 1226 913 1263 quo
943 1227 1025 1250 ora-

373 1271 442 1308 culi
472 1271 580 1308 sedes
608 1282 651 1307 ac
689 1270 787 1307 locus
824 1271 1024 1319 antiquitus

372 1327 573 1373 indicatur,
606 1327 736 1364 eodem
757 1327 907 1375 antiquo
935 1338 1024 1364 aevo

374 1384 421 1420 de
442 1383 532 1420 urbe
558 1383 670 1432 accipi
700 1394 813 1432 posse
841 1383 937 1419 idem
960 1395 1024 1419 ne-

374 1442 458 1488 gat,
501 1437 618 1487 qualis
642 1438 806 1474 nimirum
837 1437 896 1473 illa
922 1438 1024 1473 Stra-

373 1494 478 1531 bonis
501 1497 620 1531 aetate
649 1494 792 1530 demum
822 1493 897 1541 (cs.
937 1493 1022 1530 ibid.

374 1550 428 1587 IX
448 1563 484 1600 p.
510 1549 612 1598 640)
639 1553 701 1586 aut
728 1549 856 1586 Iustini
877 1550 1023 1587 exstite-

369 1606 427 1643 rit.
468 1605 577 1642 Conf.
615 1605 691 1642 eius
723 1604 848 1652 Atlas,
899 1610 1024 1642 conte-

370 1664 460 1699 nant
491 1659 544 1699 les
585 1665 702 1698 cartes
740 1661 907 1699 relatives
939 1662 960 1697 ῑι
989 1660 1024 1697 la

371 1714 582 1767 Geograph.
608 1717 822 1754 d‘Herodot.
842 1721 908 1753 etc.
933 1716 1023 1764 (Pa-

371 1773 434 1810 ris.
461 1772 596 1821 1825)
633 1773 810 1810 Observv.
838 1772 1021 1810 Prelimin.

372 1842 409 1879 p.
444 1828 525 1865 Xll.
582 1827 689 1866 Nunc
716 1828 778 1864 illa
809 1827 889 1865 loca
919 1841 1025 1865 occu-

373 1887 438 1934 pat
467 1884 586 1930 vicus,
636 1884 692 1920 cui
721 1896 854 1921 nomen
890 1884 1022 1921 Casiri.

372 1940 432 1977 De
463 1952 537 1989 quo
570 1939 612 1976 C.
639 1939 685 1976 Ο.
714 1939 856 1977 Miiller.
887 1939 924 1976 in
952 1940 1025 1976 Or-

374 1996 536 2033 chomen.
566 2007 603 2045 p.
629 1994 712 2036 494
742 1995 820 2031 coll.
846 1994 926 2036 146
945 2008 1023 2044 seq.

373 2055 412 2088 et
440 2051 561 2088 Kruse
590 2050 718 2088 Hellas
750 2051 806 2099 Il,
845 2053 872 2091 2
903 2065 939 2101 p.
969 2051 1024 2092 44

373 2120 451 2156 seq.
509 2106 675 2156 Inprimis
698 2120 783 2144 vero
813 2107 1024 2144 consulendi

374 2167 460 2199 sunt
478 2162 655 2200 Dodwell.
684 2162 722 2199 in
751 2163 867 2201 itiner.
891 2163 1021 2200 Graec.

375 2218 433 2267 (I,
456 2220 478 2260 1
508 2232 543 2268 p.
564 2219 644 2260 225
676 2219 831 2256 version.
860 2218 1022 2267 vernae.)

375 2278 414 2311 et
434 2273 667 2323 Pouqueville
697 2276 734 2312 in
751 2275 866 2313 itiner.
891 2276 1020 2312 Graec.

373 2329 437 2378 (ΙΙ
460 2342 547 2380 pag.
570 2329 621 2372 14
645 2344 728 2382 sqq.
761 2331 915 2370 version.
943 2343 1024 2369 ver-

374 2386 487 2435 nae).

430 2464 704 2516 προμαντηίην
735 2464 801 2506 καὶ
843 2461 1023 2516 α’τελείην

376 2519 443 2559 καὶ
461 2521 697 2574 προεδρίην]
726 2518 920 2573 ’Λτελείην
947 2535 1024 2560 me-

376 2576 482 2614 liores
522 2578 683 2624 codices,
740 2591 833 2629 quos
874 2582 1021 2616 recentt.

375 2633 478 2670 editt.
507 2635 619 2670 secuti
652 2638 746 2672 sunt.
805 2634 874 2673 Alii
907 2631 1024 2687 α’γγε-

375 2689 478 2738 λίην.
534 2689 681 2727 Reizius
700 2704 806 2729 vero:
836 2687 1025 2741 α’τεληῖῗην

376 2745 502 2781 lomim
524 2758 566 2782 ex
594 2758 693 2783 more
727 2759 794 2784 nec
817 2749 1025 2796 refragante

377 2800 613 2838 Valckenario
625 2830 636 2848 ,
652 2803 712 2851 qui
732 2815 805 2841 uno
824 2804 1025 2852 eodemque

378 2856 487 2895 modo
521 2856 609 2896 haec
638 2862 674 2896 et
711 2858 783 2899 alia
822 2859 1025 2899 istiusmodi

1087 768 1192 806 scribi
1210 767 1294 806 vult.
1354 768 1461 805 Conf.
1479 766 1550 814 111,
1578 768 1642 808 67.
1669 765 1736 813 IX,

1087 827 1153 866 72.
1212 825 1324 868 Quod
1355 825 1391 861 in
1419 824 1610 862 Herodoto
1659 823 1737 860 fieri

1088 894 1163 918 non
1214 893 1347 931 posse,
1416 880 1597 931 persuasit
1651 879 1735 915 milii

1089 937 1473 985 Scliweigliaeuserus,
1503 936 1632 987 prioris
1659 936 1736 973 edi-

1088 993 1177 1029 toris
1196 992 1288 1029 hanc
1309 997 1478 1041 repetens
1506 992 1735 1038 sententiam,

1089 1061 1196 1098 quam
1225 1049 1281 1084 vel
1311 1048 1380 1084 hoc
1408 1047 1486 1085 loco
1523 1049 1637 1098 repeti
1663 1060 1737 1084 non

1091 1105 1335 1154 gravabuntur
1366 1103 1538 1141 lectores:
1589 1103 1738 1150 „Plane

1091 1161 1244 1210 cognovi
1264 1161 1493 1197 Herodotum
1515 1160 1666 1211 perinde
1697 1171 1740 1196 ac

1091 1223 1231 1255 ceteros
1252 1217 1446 1266 scriptores
1467 1217 1642 1263 Graecos,
1661 1216 1740 1252 dia-

1090 1274 1223 1312 lectum
1251 1274 1299 1309 ad
1326 1273 1594 1321 grammaticam
1622 1269 1740 1323 οἷκρί-

1092 1331 1204 1382 βειαν
1235 1342 1308 1365 nou
1348 1342 1391 1366 ea
1434 1329 1619 1377 exegisse,
1667 1340 1740 1377 qua

1091 1385 1198 1434 vulgo
1220 1386 1376 1422 creditur
1403 1386 1604 1421 constantia
1630 1389 1738 1433 atque

1091 1442 1372 1493 pe1·petuitate.⁴‘
1404 1441 1527 1484 Quare
1543 1454 1610 1478 nos
1631 1441 1740 1478 etiam

1091 1499 1127 1535 in
1146 1499 1242 1535 hisce
1259 1497 1424 1534 meliores
1445 1498 1585 1535 codices
1597 1508 1740 1548 semper

1091 1555 1202 1592 secuti
1223 1568 1344 1590 sumus
1358 1582 1368 1601 ,
1399 1567 1421 1591 a
1443 1566 1594 1602 quorum
1616 1558 1740 1590 aucto-

1090 1611 1196 1648 ritate
1228 1611 1263 1646 in
1296 1610 1392 1646 hisce
1423 1611 1526 1647 unice
1555 1610 1739 1655 standum,

1091 1667 1157 1703 nisi
1176 1672 1310 1704 temere
1331 1666 1487 1702 criticam
1506 1667 1668 1703 factitare
1679 1679 1740 1702 ve-

1090 1722 1144 1759 lis.
1204 1723 1322 1770 Atque
1348 1721 1524 1760 Matthiae
1560 1723 1596 1758 in
1625 1734 1740 1758 anno-

1090 1783 1153 1816 tat.
1176 1779 1223 1815 ad
1244 1779 1370 1815 Nostri
1396 1778 1450 1824 ll,
1471 1779 1524 1818 87
1552 1777 1646 1814 hanc
1672 1777 1740 1814 sibi

1089 1835 1193 1885 ponit
1230 1833 1410 1882 regulam,
1451 1838 1491 1870 ut.
1517 1834 1742 1871 substantiva

1091 1892 1137 1928 ab
1167 1890 1352 1928 adiectivis
1382 1890 1419 1926 in
1438 1905 1549 1940 -ης
1571 1891 1741 1928 desinen-

1090 1961 1207 2008 tibus,
1249 1972 1342 2010 quae
1376 1960 1574 2007 genitivum
1610 1960 1645 1998 in
1677 1975 1742 2008 εος

1092 2017 1291 2063 declinant,
1350 2016 1530 2064 derivata,
1587 2017 1740 2055 sormam

1091 2084 1249 2122 habeant
1279 2100 1350 2136 ειη.
1417 2087 1527 2124 Unde
1563 2087 1738 2135 sequitur,

1090 2142 1243 2191 probum
1263 2155 1365 2189 esse,
1387 2144 1485 2192 quod
1507 2143 1576 2178 hoc
1597 2142 1738 2179 locole—

1090 2198 1185 2244 gitur
1215 2192 1412 2249 α’τελείην,
1451 2198 1547 2246 utI,
1577 2201 1631 2240 73
1661 2193 1738 2238 οἴει-

1088 2253 1196 2303 κείη,
1225 2256 1290 2290 etc.

1144 2355 1398 2405 προμαντεία,
1419 2369 1512 2406 quae
1522 2356 1662 2394 Croeso
1683 2362 1739 2395 est

1088 2411 1244 2458 tributa,
1282 2426 1327 2449 eo
1358 2413 1487 2459 valuit,
1535 2418 1575 2450 ut
1601 2414 1739 2463 primae

1089 2468 1127 2504 in
1147 2467 1366 2506 consulendo
1386 2469 1528 2506 oraculo
1549 2474 1672 2519 partes
1690 2469 1738 2506 illi

1095 2524 1330 2562 deferrentur.
1396 2524 1450 2562 Ac
1468 2525 1571 2575 plura
1596 2529 1740 2563 exstant

1090 2581 1315 2629 testimonia,
1361 2582 1489 2631 quibus
1518 2581 1738 2630 intelligitur,

1091 2635 1302 2686 plerumque
1329 2650 1403 2674 non
1430 2637 1501 2674 nisi
1522 2638 1567 2674 ab
1588 2637 1738 2688 Amphi-

1093 2693 1358 2740 ctyonibushoc
1378 2695 1432 2730 ius
1457 2694 1619 2742 cuiquam
1631 2694 1737 2730 tribui

1090 2749 1277 2798 potuisse,
1323 2751 1458 2800 quippe
1493 2762 1606 2799 penes
1646 2762 1737 2799 quos

1092 2805 1206 2840 omnis
1236 2807 1342 2844 suerit
1368 2805 1491 2856 templi
1519 2810 1627 2855 atque
1656 2817 1735 2842 ora-

1091 2860 1158 2898 culi
1187 2874 1280 2901 cura.
1339 2862 1416 2901 Sed
1445 2863 1544 2914 ipsos
1572 2860 1734 2912 Delphos
