1909 3228
319 298 385 344 39
442 314 525 342 νυν
557 296 605 340 τὸ
642 298 797 351 κτῆνος
826 294 971 354 τρόπῳ
1010 299 1173 356 τοιῷδε.

446 188 529 229 57⁰

117 363 148 390 ln
169 371 203 389 νο
212 363 339 390 immola·
342 362 388 390 ido

115 396 184 431 quii
218 398 270 430 mil
258 405 344 423 urei-v

349 401 389 430 n,t

838 188 1304 229 HERODOTI

1239 301 1375 356 Θυσίη
1415 301 1460 344 δέ
1499 313 1577 357 σφι
1622 301 1699 358 ἥδε

446 377 684 432 κατέστηκε·
725 373 957 430 ἆγαγόυῒδς
986 393 1032 420 2⁷0
1064 378 1302 432 σεσημασμέ
1309 395 1385 420 101)
1413 383 1568 435 κτῆνος
1590 382 1698 433 51969

113 434 161 498 {in
163 416 391 491 ἷῗῖηἶιιῖηῗῦνιιίἑῗ
418 457 527 500 Ξτὸν
555 454 724 510 βωμὸν,
754 453 861 497 ὅκου
892 453 945 497 ἆυ
975 455 1140 498 θύωσι.
1171 456 1313 510 πυρὴν
1342 458 1526 500 καίουσι.
1557 459 1699 502 ἔπειτα
1711 467 1754 501 55

113 502 245 525 ficantur.

445 536 490 579 δὲ
520 532 585 576 ἐπ’
619 531 758 576 αὐτοῦ
789 531 913 576 οἶνον
951 534 1060 577 κατα
1090 538 1169 578 τοῦ
1200 537 1344 591 ἱρηίου
1371 535 1698 588 ἐπισπείσαντες,

444 612 516 657 καὶ
546 611 867 663 ἐπικαλέσαντες
894 612 970 657 τὸν
999 614 1130 665 θεόν,
1170 615 1400 669 σφάζουσι·

416 691 515 741 3δὲ..
547 689 848 746 ἀποτάμνουσι
877 690 957 747 τήν
983 692 1187 749 κεφαλήν.

444 787 549 827 κτι,ν
553 787 620 822 εος
651 772 865 824 δείρουσι·

1462 615 1701 671 σφάξαντες

1250 697 1372 748 σῶμα
1411 711 1488 750 μεν
1528 694 1579 750 δὴ
1620 698 1700 737 τοῦ

916 776 1084 829 κεφαλή
1114 772 1159 815 δὲ
1199 775 1318 830 κείνη
1349 773 1485 817 πολλοὶ
1513 790 1700 830 καταρη-

445 848 645 905 adnm-ot,
676 849 883 910 φέρουσι,
926 855 1038 893 τοῖσι
1067 852 1143 906 μὲν
1174 851 1227 894 οἷν
1256 854 1281 908 ἠ
1315 851 1474 908 ἀγορή,
1506 853 1578 896 καὶ
1598 852 1700 895 Έλ-

444 931 569 986 212ng
600 941 724 984 σφισι
755 929 850 972 εωσι
883 929 1139 986 ἐπιδημιοι’
1127 932 1334 987 ε’μποροι,
1375 933 1418 975 οἱ
1457 932 1501 976 δὲ
1540 931 1698 987 φέρον-
1712 939 1758 973 60

444 1026 511 1060 τες
542 1009 581 1060 ἐς
611 1007 691 1066 τήν
722 1005 908 1065 ἀγορὴν,
941 1007 1017 1052 ἄπ’
1050 1004 1111 1053 ὦν
1142 1011 1313 1055 ἔδοντο·
1344 1015 1455 1055 τοῖσι
1485 1010 1529 1054 δὲ
1560 1009 1614 1054 ἄν
1642 1009 1701 1067 μὴ

555 1206 586 1242 C
602 1219 622 1240 a
637 1218 671 1254 p.
702 1205 867 1242 XXXIX.

444 1259 576 1300 ἔπειτα
604 1258 646 1300 δὲ
673 1257 735 1300 ἐπ’
758 1257 1038 1301 αὐτοῦ-ἔπι-

387 1316 637 1368 σπείσαντες]
668 1318 789 1355 Verba
810 1313 877 1358 ἐπ’
899 1313 1037 1366 αὐτοῦ,

385 1387 479 1423 quae
496 1375 670 1411 immerito
684 1376 765 1411 viris
788 1376 900 1412 doctis
912 1375 1038 1426 displi-

386 1436 548 1477 cuerunt,
579 1444 657 1467 curn
679 1432 865 1467 Gronovio
889 1432 936 1468 ad
961 1432 1035 1481 βω-

386 1484 463 1537 μόν
497 1487 621 1524 referri
656 1487 801 1524 debent.
840 1487 898 1523 Ad
928 1487 1037 1524 verba

384 1539 484 1582 κατα
515 1545 585 1581 τοῦ
619 1541 750 1590 ἴρηΐου
780 1544 873 1580 conf.
907 1542 1035 1580 Matth.

386 1599 452 1636 Gr.
473 1599 537 1635 Gr.
556 1612 591 1648 p.
618 1599 734 1640 1152.

441 1658 597 1708 κεφαλῇ
617 1676 673 1682 —-
692 1650 1035 1707 καταρησάμενοι]

384 1710 554 1750 Dativinn
567 1740 578 1757 ‚
607 1712 668 1759 qni
689 1717 723 1748 et
742 1712 808 1748 hoc
829 1712 905 1748 loco
926 1718 961 1749 et
976 1712 1036 1759 IV,

387 1767 467 1808 184
485 1768 629 1804 additur
647 1768 755 1803 verbo
775 1770 1038 1817 καταρᾶσθαι,

384 1823 552 1872 equidem
564 1824 680 1859 resero
691 1824 738 1858 ad
750 1836 805 1870 ea,
826 1836 919 1872 qnae
931 1837 1037 1874 prae-

384 1879 471 1929 cipit
493 1878 622 1915 Matth.
644 1879 708 1915 Gr.
731 1880 795 1915 Gr.
825 1878 860 1930 ἓ.
887 1880 978 1927 104,
1002 1884 1035 1920 1.

383 1935 482 1972 Satis
502 1949 585 1972 vero
608 1935 687 1985 ipse
705 1935 793 1972 ritus
813 1937 945 1984 arguit,
967 1949 1035 1986 pro

383 1991 525 2042 piaculo
547 1992 671 2028 haberi
693 1992 844 2039 animal,
876 1993 913 2029 in
937 1993 1034 2030 cuins

384 2053 493 2097 caput
522 2048 642 2085 omnia
670 2062 732 2085 sna
757 2053 904 2098 peccata
931 2049 1036 2098 quasi

383 2105 617 2150 conficerent,
656 2106 828 2154 qnodque
852 2106 1035 2142 hominum

383 2160 517 2198 scelera
537 2161 638 2210 qnasi
660 2160 761 2198 luens
779 2161 865 2198 diris
881 2162 1035 2199 devove-

383 2221 473 2254 rent.
500 2217 623 2255 Simile
633 2217 832 2255 institntum
848 2219 946 2268 apud
958 2219 1036 2256 He-

383 2273 512 2311 bracos
540 2275 718 2311 invenitur
736 2273 853 2312 Levit.
883 2275 979 2323 XVI,
1009 2277 1034 2316 6

384 2342 488 2379 seqq.
516 2333 567 2372 21
597 2343 696 2379 seq„
738 2331 799 2367 ubi
829 2331 957 2369 merito
987 2331 1035 2368 ad

383 2385 565 2423 Herodoti
592 2386 708 2423 locum
730 2400 941 2437 moremque
964 2387 1035 2425 Ae-

384 2443 548 2491 gyptium
583 2448 756 2492 provocat
785 2444 956 2494 Spencer.
989 2444 1036 2481 de

385 2499 456 2534 ritt.
472 2498 604 2535 Hebrr.
627 2499 687 2545 111,
710 2501 735 2540 8
755 2513 790 2550 p.
814 2500 931 2541 1064.
969 2499 1034 2537 At-

385 2567 456 2603 que
478 2554 704 2592 inveninntnr
730 2556 809 2606 ipsa
828 2556 1036 2606 anaglypha

386 2610 631 2659 Aegyptiam,
670 2624 765 2660 qnae
797 2612 905 2650 hosce
943 2613 1032 2649 ritus

387 2666 435 2701 ad
461 2666 641 2704 oculorum
676 2681 819 2705 sensnm
850 2669 1034 2705 traductos

386 2720 564 2758 exhibent.
612 2724 693 2760 vid.
723 2725 869 2762 Costaz.
898 2725 935 2762 in
957 2725 1034 2762 De-

386 2776 506 2825 script
538 2778 583 2816 de
608 2778 708 2828 l'g.E
729 2781 833 2818 moin.
856 2781 1034 2832 (antiqq.)

384 2831 456 2883 lp
482 2834 545 2873 73.

1162 1202 1342 1257 φερουσι,
1356 1208 1457 1245 τοῖσι
1478 1221 1548 1257 μεν
1560 1200 1610 1244 ἂν
1623 1222 1647 1260 ῃ
1669 1220 1760 1258 αγο-

1106 1258 1202 1313 ρῆκ
1224 1277 1254 1301 τ.
1274 1261 1329 1313 1.]
1360 1264 1588 1313 Scripsicnm
1607 1267 1758 1301 recentt.

1105 1313 1308 1370 ἐπιδήμιοι
1340 1333 1406 1369 pro
1438 1319 1624 1369 ἐπίδημοι
1654 1324 1690 1356 et
1720 1333 1759 1358 οι

1106 1372 1148 1413 δὲ
1177 1388 1242 1425 pro
1265 1376 1368 1423 οίδε,
1397 1382 1568 1413 monente
1593 1375 1757 1412 Werfero

1104 1431 1141 1467 in
1162 1431 1254 1467 Aett.
1276 1432 1371 1481 phin.
1392 1431 1553 1468 Monacc.
1571 1431 1596 1478 1,
1615 1434 1630 1471 1
1651 1445 1686 1480 p.
1703 1433 1756 1473 88

1105 1499 1147 1523 ac
1176 1488 1355 1535 probante
1383 1488 1590 1524 Buttmann.
1622 1488 1657 1522 in
1687 1487 1758 1523 Ex-

1105 1555 1195 1579 can.
1239 1544 1285 1579 ad
1316 1543 1570 1580 Demosthenis
1601 1543 1756 1581 Midian.

1103 1612 1138 1649 p.
1155 1601 1242 1639 158.
1270 1601 1380 1637 Usum
1393 1600 1617 1650 pronominis
1632 1599 1759 1652 σφίσι,

1104 1656 1165 1691 nbi
1192 1655 1375 1692 relativum
1407 1657 1647 1705 exspectabas*
1667 1654 1759 1706 'pro-

1105 1723 1259 1756 nomen,
1304 1717 1376 1747 not
1369 1717 1404 1747 lt
1434 1711 1482 1747 M
1484 1711 1562 1747 1tth
1594 1712 1659 1748 Gr.
1693 1713 1758 1749 Gr.

1104 1780 1139 1816 p.
1161 1768 1263 1812 881,
1293 1767 1390 1803 idem
1415 1769 1460 1804 de
1481 1769 1584 1803 tmesi
1605 1768 1661 1815 (in
1678 1781 1758 1806 ver—

1105 1822 1179 1858 bis:
1212 1815 1281 1860 α’π’
1311 1817 1367 1861 ὦν
1403 1822 1567 1871 ἔδοντο)
1606 1837 1757 1862 monens

1103 1891 1138 1942 Ρ
1160 1881 1276 1920 1189-
1301 1881 1405 1921 1275
1425 1884 1461 1917 et
1481 1881 1526 1917 de
1546 1881 1668 1917 aoristi
1690 1894 1756 1918 usu

1102 1934 1139 1970 in
1160 1947 1217 1982 re,
1249 1948 1342 1985 quae
1359 1937 1435 1974 fieri
1460 1937 1570 1985 solet,
1600 1935 1636 1988 §.
1659 1937 1757 1987 506,

1102 1990 1156 2038 V,
1182 1995 1216 2032 1.

1160 2046 1201 2086 οἷ
1233 2045 1274 2086 δὲ
1303 2046 1490 2100 φέροντες
1521 2071 1568 2078 --
1594 2048 1754 2102 ἔδοντο]

1102 2103 1171 2140 His
1202 2105 1320 2141 verbis
1350 2106 1617 2154 quodammodo
1649 2120 1756 2157 repe-

1101 2164 1225 2197 tuntur
1254 2161 1375 2210 priora
1408 2163 1538 2199 v:erba
1574 2161 1756 2212 φέρουσι,

1101 2219 1203 2255 τοῖσι
1223 2214 1293 2267 μὲν
1309 2213 1361 2256 α“ν
1381 2211 1410 2272 ᾑ
1426 2232 1460 2256 κ.
1483 2231 1513 2256 τ.
1537 2220 1570 2257 λ.
1603 2219 1755 2256 Ub1n0

1101 2276 1139 2309 ta
1160 2286 1261 2309 usum
1280 2258 1531 2323 partionlarnm
1553 2271 1625 2325 μὲν
1643 2280 1680 2313 et
1699 2273 1755 2323 δὲ,

1103 2339 1198 2376 qnae
1234 2330 1271 2366 in
1306 2330 1415 2380 priori
1445 2331 1617 2368 orationis
1651 2336 1756 2382 parte

1102 2385 1201 2422 sibi
1193 2385 1341 2424 invicem
1366 2392 1597 2438 opponuntur
1625 2387 1756 2435 (τοῖσι

1102 2439 1193 2491 μὲν
1218 2437 1269 2481 ἂν
1295 2465 1351 2470 -
1376 2443 1417 2482 οἱ
1442 2441 1493 2482 δὲ
1531 2442 1754 2493 φέροντες),

1101 2511 1180 2534 cnm
1212 2499 1249 2535 in
1277 2501 1468 2549 posteriori
1496 2497 1538 2538 δὲ
1566 2500 1757 2550 dupliciter

1100 2554 1220 2604 posita
1232 2560 1268 2593 et
1283 2556 1444 2607 protasin
1457 2561 1493 2594 et
1510 2556 1708 2608 apodosin
1700 2569 1756 2593 in·

1103 2611 1211 2661 cipiat
1231 2612 1352 2660 (τοῖσι
1371 2610 1422 2651 δὲ
1443 2608 1614 2653 (ἲν-οἷ
1631 2608 1671 2652 δ’
1691 2611 1754 2652 ἐκ·

1103 2663 1324 2718 βάλλουσι).
1356 2668 1577 2707 Monuemnt
1598 2669 1752 2707 Werfer.

1103 2723 1158 2760 l.l.
1183 2737 1219 2775 p.
1231 2727 1295 2766 90.
1312 2727 1376 2767 93.
1399 2730 1435 2763 et
1457 2726 1666 2762 Buttmann.
1683 2724 1705 2761 1.
1727 2724 1751 2762 l.

1102 2779 1199 2817 Hinc
1219 2780 1300 2818 talis
1320 2782 1394 2819 fere
1405 2781 1470 2818 loci
1493 2794 1641 2820 sensus:
1659 2779 1751 2831 „se-

1101 2840 1183 2873 runt
1198 2836 1344 2889 (eaput)
1357 2839 1411 2887 ii,
1430 2838 1553 2889 quibus
1565 2837 1686 2889 forum
1699 2840 1750 2874 est
