1909 3228
478 231 562 270 546

866 212 1332 257 HERODOTI

154 362 205 401 per
223 358 296 386 quas
321 348 429 378 enflad
485 338 593 382 νίων
622 329 807 390 βασιλέϊ·
854 326 928 371 καί
955 341 1041 375 κως
1076 323 1121 366 ἐκ
1156 319 1298 376 λόγων
1337 318 1481 362 ἄλλων
1506 315 1735 360 ἀπικέσθαι

154 386 323 422 zephyrum
340 383 426 410 itine-

153 430 188 449 re
212 420 312 451 sacto,
345 417 428 443 inve-

153 454 235 482 nisse
260 451 382 478 fluvium
399 449 429 476 in

155 496 212 523 quo
230 483 369 513 crocodili
389 491 434 509 es-

284 521 432 544 meantem

155 554 192 582 ab
219 551 371 580 occidente
395 548 434 577 ad

155 523 222 548 sent
240 540 249 553 ‚

157 587 311 616 orientem.

485 416 527 467 ές
555 412 704 467 λέσχην
735 407 833 462 περὶ
868 408 949 449 τοῦ
978 404 1164 453 Νείλου,
1217 397 1276 449 ὠς
1304 395 1447 447 οὐδεὶς
1477 395 1613 438 αὐτοῦ
1643 391 1736 437 οἶδε

488 493 562 543 τὰς
592 487 749 545 πηγάς·
807 484 880 529 καὶ
915 482 992 527 τὸν
1031 480 1254 534 Ἐτέαρχον
1293 475 1430 532 φάναι
1467 473 1609 516 ἐλθεῖν
1637 486 1736 516 κοτε

461 568 597 625 2παρ’
632 565 766 612 αὐτὸν
795 565 1073 617 Νασαμῶνας
1101 558 1277 611 ἄνδρας.
1324 554 1371 597 τό
1404 554 1448 596 δὲ
1478 553 1606 601 ἔθνος
1633 554 1735 593 τοῦ·
1751 557 1792 590 10

487 667 559 702 το,
591 649 676 692 ἔστι
706 645 784 702 μὲν
825 641 1042 699 Λιβυκόν,
1087 637 1257 692 νέμεται
1299 633 1344 677 δὲ
1383 631 1461 688 τὴν
1501 630 1667 683 Σύρτιν
1695 644 1740 671 τε

489 729 563 774 καὶ
591 726 669 783 τὴν
697 724 806 779 πρὸς
835 723 900 780 ἠῶ
929 719 1072 778 χώρην
1100 721 1174 772 τῆς
1206 712 1397 767 Σύρτιος
1428 709 1509 754 οὐκ
1537 709 1606 752 ἐπὶ
1634 711 1739 750 πολ-

464 807 584 852 3λόν.
638 803 926 859 ἀπικομένους
955 800 1000 843 δὲ
1037 797 1139 847 τοὺς
1168 795 1468 847 Νασαμῶνας,
1513 788 1586 833 καὶ
1617 788 1740 841 εἰρω-

493 884 732 942 τεωμένους
761 885 801 927 εἴ
827 898 868 924 τι
897 880 1042 935 ἔχουσι
1072 875 1203 918 πλέον
1232 872 1370 928 λέγειν
1401 870 1498 923 περὶ
1529 871 1614 910 τῶν
1643 863 1743 920 ἐρή-

493 983 586 1024 μων
615 969 691 1021 τῆς
716 960 907 1018 Λιβύης,
939 956 1098 1014 φάναι,
1128 950 1246 1006 παρὰ
1283 952 1405 1005 σφίσι
1436 948 1639 1004 γενέσθαι
1664 942 1743 986 οἷν-

495 1049 612 1100 δρῶν
655 1041 901 1088 δυναστέων
946 1037 1105 1085 παῖδας
1140 1027 1363 1088 ὑβριστάς·
1423 1026 1526 1077 τούς
1569 1023 1675 1067 ἄλλα
1702 1027 1804 1064 τε15

495 1127 774 1182 μηχανᾶσθαι
798 1115 1104 1172 ἀνδρωθέντας
1133 1108 1335 1165 περισσά,
1365 1107 1438 1151 καὶ
1469 1105 1520 1160 δὴ
1539 1103 1612 1147 καὶ
1636 1100 1748 1144 ἄπο-

495 1207 717 1259 κληρῶσαι
750 1198 875 1244 πέντε
905 1196 1103 1245 ἑωυτῶν,
1158 1189 1405 1246 ὀψομένους
1432 1183 1484 1228 τὰ
1514 1183 1649 1238 ἐρῆμα
1676 1183 1752 1235 τῆς

497 1282 687 1339 Λιβύης,
732 1279 806 1324 καὶ
836 1279 875 1321 εἴ
900 1293 942 1319 τι
970 1272 1103 1318 πλέον
1130 1272 1270 1314 ἰ’δοιεν
1307 1271 1395 1311 τῶν
1423 1264 1476 1307 τοὶ
1504 1259 1753 1318 μακρότατα

469 1359 727 1417 4ἰδομένων.
788 1359 894 1413 (Τῆς
922 1353 1006 1411 γὰρ
1037 1349 1202 1407 Λιβύης
1232 1347 1284 1391 τὰ
1314 1346 1392 1403 μὲν
1428 1341 1536 1387 κατὰ
1565 1340 1644 1396 τήν
1673 1341 1753 1394 βο·-

501 1441 628 1496 ρηΐην
671 1436 925 1487 θάλασσαν,
983 1429 1061 1474 ἀπ’
1096 1427 1320 1484 Αἰγύπτου
1360 1421 1592 1478 ἀρξάμενοι
1632 1417 1811 1474 μέχρι20

446 1635 527 1674 mezi
553 1634 700 1684 quidem
726 1626 912 1668 sententia.
955 1645 1006 1653 —
1039 1624 1098 1663 Ad
1165 1636 1198 1661 τ.
1219 1619 1268 1671 λ.]
1311 1618 1475 1655 Eandem
1502 1615 1642 1664 Libyae
1670 1613 1708 1650 in
1738 1615 1814 1651 tres

447 1692 558 1729 verba
580 1685 797 1728 ἀπικέσθαι
820 1683 858 1730 ἐς
883 1680 1025 1733 λέσχην
1052 1681 1099 1719 cf.

449 1760 545 1798 quae
564 1746 715 1782 diximus
737 1742 784 1779 ad
803 1741 844 1787 Ι,
868 1739 959 1779 153.

508 1829 643 1869 ἐλθεῖν
667 1848 724 1855 --
754 1823 1009 1872 Νασαμῶνας
1036 1815 1103 1858 ι’ίν-

454 1887 571 1936 δρας]
608 1884 666 1921 De
689 1879 948 1920 Nasamonibus
981 1877 1104 1914 confer

453 1943 529 1990 lv,
555 1944 635 1982 172
662 1942 697 1976 et
724 1937 876 1975 Diodor.
904 1933 1011 1971 Sicul.
1042 1931 1105 1978 Ill,

456 1999 522 2041 49.
551 1997 671 2045 Atque
691 1993 918 2038 Heerenius,
934 1990 995 2027 ubi
1012 1988 1106 2025 hunc

452 2055 572 2093 locum
594 2050 743 2101 exponit
767 2049 899 2097 (Ideen
924 2051 990 2085 etc.
1007 2044 1061 2091 ll,
1081 2046 1104 2084 1

456 2124 542 2163 pag.
571 2111 652 2151 203
684 2106 826 2155 seqq),
857 2107 953 2141 recte
981 2106 1108 2138 notare

456 2169 598 2205 videtur
616 2164 679 2214 (p.
703 2164 781 2204 198
802 2162 824 2198 l.
847 2160 896 2208 l.)
925 2158 1108 2196 Nasamo-

460 2237 525 2261 nes
545 2219 764 2273 pertinuisse
786 2219 834 2255 ad
843 2216 1002 2265 Syrticas
1019 2225 1110 2261 gen-

461 2284 541 2326 tes,
571 2289 665 2326 quae
687 2274 935 2313 commercium
958 2282 1038 2307 cum
1057 2269 1111 2304 in-

462 2334 604 2373 terioris
615 2332 755 2369 Africae
774 2329 941 2379 gentibus
952 2325 1091 2375 egerint
1102 2337 1112 2369 ;

465 2393 516 2429 ita
549 2395 588 2427 ut
618 2390 684 2426 iter
717 2387 805 2424 illud
834 2385 1112 2432 haudquaquam

466 2461 533 2498 per
569 2446 736 2494 regiones
770 2443 878 2493 plane
910 2437 1111 2486 incognitas

465 2504 664 2540 institutum
685 2499 799 2537 videri
827 2498 978 2540 debeat3
1008 2493 1112 2542 quip-

467 2573 514 2610 pe
545 2572 617 2607 quo
646 2557 714 2594 hoc
738 2554 961 2605 potissimum
991 2561 1115 2599 respe-

468 2616 605 2660 xerint,
624 2626 708 2650 num
726 2612 812 2660 quid
830 2609 988 2653 ulterius,
1007 2618 1114 2654 quam

470 2669 670 2708 commercii
692 2680 800 2705 causa
837 2665 946 2713 vulgo
973 2662 1116 2713 profici-

472 2731 654 2764 scerentur
665 2753 676 2772 ‚
706 2723 879 2774 progredi
894 2721 1009 2758 liceat.

529 2811 599 2858 τῆς
622 2805 695 2859 γοῖρ
715 2802 873 2858 Λιβύης
894 2801 942 2844 vo}
964 2800 1035 2855 μὲν
1054 2816 1120 2841 κα-

473 2861 521 2903 τὰ
551 2861 623 2915 τήν
649 2865 820 2914 βορηΐην
849 2858 1059 2902 θάλασσαν
1084 2871 1119 2896 κ.

1167 1682 1291 1729 partes
1328 1675 1540 1711 divisionem
1581 1672 1720 1720 profert
1753 1668 1815 1716 lV,

1171 1735 1262 1774 181.
1310 1732 1415 1774 Quae
1447 1728 1504 1764 vel
1533 1727 1643 1764 hodie
1673 1729 1815 1762 servata

1171 1801 1251 1825 esse
1270 1787 1398 1824 dicitur
1414 1786 1451 1821 in
1473 1783 1588 1820 tribus
1602 1781 1668 1818 illis
1691 1779 1818 1830 appel·

1169 1844 1380 1881 lationibus:
1419 1839 1594 1878 Barbam·
1614 1867 1625 1885 ‚
1653 1836 1817 1874 Bileclul-

1170 1900 1272 1949 gerid
1291 1904 1327 1937 et
1350 1897 1513 1939 Saluum
1551 1895 1688 1944 quippe
1714 1897 1820 1930 natu-

1171 1970 1233 1994 rae
1268 1955 1337 2006 ipsi
1365 1954 1424 1991 illa
1454 1958 1509 1991 est
1534 1951 1640 1988 valde
1657 1960 1821 1997 congrua

1173 2017 1210 2051 et
1254 2015 1507 2050 consentanea.
1580 2007 1685 2050 Quae
1726 2004 1823 2041 ultra

1175 2071 1319 2107 deserta
1347 2067 1485 2103 Sahara
1523 2067 1606 2100 sunt
1653 2062 1820 2109 regiones

1176 2126 1290 2163 cultae
1316 2137 1358 2160 ac
1383 2121 1538 2166 fertiles,
1579 2130 1673 2154 nunc
1696 2116 1822 2165 cogni-

1175 2187 1235 2219 tae
1265 2184 1347 2216 sunt
1374 2177 1519 2215 nomine
1537 2173 1719 2222 Nigritiae
1748 2172 1823 2209 sive

1180 2236 1325 2280 Sullam,-
1382 2246 1472 2282 quas
1516 2244 1584 2268 nec
1630 2229 1822 2266 Herodoto

1177 2305 1325 2344 prorsus
1361 2289 1563 2338 incognitas
1598 2287 1741 2332 fuisse,
1780 2296 1823 2321 ea

1179 2351 1259 2400 ipsa
1296 2346 1503 2391 declarant,
1541 2355 1632 2393 quae
1658 2342 1692 2378 in
1719 2341 1824 2377 huius

1180 2406 1308 2455 capitis
1343 2403 1414 2439 sme
1453 2402 1631 2450 leguntur.
1689 2398 1827 2434 Confer

1179 2463 1336 2499 Heeren.
1358 2460 1470 2496 ldeen
1503 2458 1555 2503 11,
1581 2458 1601 2496 1
1636 2468 1672 2504 p.
1693 2456 1718 2494 6
1749 2451 1826 2490 coli.

1179 2518 1308 2556 Ritter.
1327 2515 1517 2552 Erdkund.
1538 2513 1551 2549 1
1569 2525 1605 2562 p.
1621 2512 1713 2552 898.

1237 2576 1308 2621 τῆς
1326 2569 1400 2624 γὰρ
1422 2566 1578 2620 Λιβύης
1593 2586 1647 2596 --
1667 2560 1828 2604 θάλασ-

1184 2628 1280 2680 σαν]
1320 2630 1343 2665 ἰ.
1372 2641 1404 2666 e.
1438 2626 1527 2676 quod
1547 2626 1672 2661 attinet
1698 2621 1745 2659 ad
1770 2634 1830 2658 eas

1185 2687 1323 2736 Libyae
1345 2688 1484 2734 paries,
1531 2693 1618 2732 quae
1644 2677 1830 2716 secundum

1187 2756 1280 2780 mare
1309 2740 1441 2779 boreale
1478 2753 1505 2776 s.
1548 2736 1830 2773 mediterraneum

1181 2801 1431 2850 porriguntur,-
1461 2795 1592 2844 quibus
1619 2805 1683 2829 ora
1702 2792 1830 2828 borea-

1185 2857 1230 2894 lis
1259 2855 1399 2904 Libyae
1433 2852 1628 2896 indicatur,
1671 2848 1707 2884 in
1732 2845 1830 2883 cuius
