1909 3228
458 206 540 245 716

430 313 541 368 5γὰρ
572 312 642 355 καὶ
674 311 812 365 ἕτεροι
841 313 1046 353 τοιοῦτοι.

844 202 1318 240 HERODOTI

1111 307 1217 352 ἀλλὰ
1247 311 1404 353 τοιοίδε
1436 312 1507 354 καὶ
1538 316 1713 366 μᾶλλον,
1728 318 1771 351 30

460 391 526 434 ὅτι
553 393 712 445 μοῦνοι
743 389 920 432 πάντων
942 386 1192 442 ἀνθρώπων
1217 388 1374 444 Κόλχοι
1395 390 1465 432 καὶ
1487 390 1716 445 Αἰγύπτιοι

458 470 530 512 καὶ
560 469 768 519 Αἰθίοπες
809 466 1146 522 περιτάμνονται
1193 466 1267 510 ἀπ’
1309 467 1443 523 ἀρχῆς
1472 468 1524 510 τά
1556 472 1712 512 αἰδοῖα.

431 557 452 588 (3
471 548 670 597 Φοίνικες
707 547 752 590 δὲ
792 547 865 590 καὶ
894 544 1034 601 Σύροι
1065 548 1108 589 οἱ
1148 547 1193 590 ἐν
1230 551 1282 604 τῇ
1310 549 1602 602 Παλαιστίνῃ,
1646 549 1718 591 καὶ
1762 552 1834 594 151

403 767 509 803 mian.
530 766 689 805 Marcell.
709 766 839 813 XXH,
869 770 941 815 16,
972 768 1052 804 sub-

397 824 539 873 fusculi
557 853 567 871 ,
609 824 838 860 sclowr'c‘rzlc'cle
859 854 869 871 ,
908 824 1053 860 (lanscel-

397 880 539 929 furbig.
596 881 705 918 Hunc
731 881 826 917 enim
855 882 1053 930 Aeg-§ptio-

404 949 479 971 rum
496 937 652 973 colorem
674 950 755 974 esse
774 938 879 972 docet
895 938 1052 974 Heeren.

405 993 513 1029 ldecn
534 992 564 1028 ll
579 1022 589 1039 ,
608 998 634 1034 2
663 1007 698 1042 p.
718 995 770 1033 83
787 1006 863 1040 seq.
885 996 939 1033 90
967 1006 1055 1030 eun-

404 1049 561 1097 demque
585 1050 784 1086 ostendunt
819 1055 1054 1086 monumenta

403 1104 650 1154 Aeg>ptiac[,1
681 1106 717 1141 in
735 1106 866 1154 quibus
882 1106 1055 1155 Ac1g)1›tii

404 1162 566 1197 homines
592 1166 913 1211 repraesentantur
932 1163 1057 1198 subfu-

405 1217 492 1254 sculi
512 1222 547 1254 et
566 1219 685 1267 crispi.
729 1218 770 1254 In
790 1219 930 1254 mumiis
954 1219 1054 1255 inve-

404 1275 499 1310 nitur
519 1278 594 1310 tum
619 1275 736 1312 brevis
770 1278 806 1311 et
834 1275 972 1324 crispus
993 1288 1054 1311 ca-

403 1330 527 1380 pillus,
557 1334 634 1366 tum
657 1344 742 1367 vero
764 1330 870 1368 etiam
890 1335 1007 1367 rectus
1021 1334 1057 1368 et

404 1387 617 1435 promissus.
677 1387 829 1424 Praeter
848 1388 1008 1424 Heeren.
1033 1387 1055 1423 l.

406 1443 427 1478 l.
451 1442 516 1479 Cr.
544 1443 679 1479 consuli
699 1443 773 1479 vult
798 1443 1055 1480 Blumenbach.

404 1499 515 1535 Beitr.
532 1512 562 1534 z.
579 1499 819 1547 Naturgesch.
846 1499 875 1535 ll
889 1512 941 1535 nr.
956 1499 1056 1535 xvu

404 1568 491 1604 pag.
518 1557 596 1595 136
627 1560 663 1591 et
693 1569 777 1605 pag.
803 1557 902 1602 132,
928 1556 987 1591 ubi
1011 1556 1058 1592 de

404 1610 666 1660 Aegyptiorum
696 1613 789 1648 sacie
814 1611 1058 1648 lineamentis-

406 1680 477 1715 quc
508 1668 638 1714 agitur.
697 1668 773 1705 Sed
802 1668 932 1704 Ritter.
966 1668 1058 1703 Vor—

405 1722 497 1759 halle
527 1728 593 1760 etc.
623 1737 658 1773 p.
683 1723 738 1764 42
778 1724 846 1760 hoc
876 1724 1057 1760 Herodoti

405 1783 619 1826 argumento
642 1779 726 1815 nihil
738 1779 956 1829 Aegyptiam
971 1779 1058 1815 Col-

405 1835 553 1871 chorum
580 1835 756 1883 originem
794 1835 941 1885 probari
973 1848 1061 1871 con-

406 1892 544 1937 tendit,
577 1905 656 1928 cum
680 1896 715 1929 et
745 1891 824 1927 Indi
845 1896 882 1928 et
910 1890 1061 1929 Aethio-

406 1961 471 1997 pes
495 1948 651 1984 eundem
668 1952 796 1996 gerant
815 1948 975 1985 colorem
1000 1961 1060 1984 ca-

404 2003 600 2052 pillumque
624 2033 634 2052 ,
672 2005 903 2041 Herodotum
938 2009 1059 2041 autem

405 2060 607 2096 istiusmodi
638 2061 753 2097 crines
781 2060 819 2097 in
839 2060 985 2097 Colchis
1016 2074 1059 2098 eo

406 2117 522 2164 magis
546 2117 786 2163 adverterint,
817 2130 889 2165 quo
917 2117 1061 2154 accolae

407 2178 534 2220 gentes
548 2202 558 2219 ,
581 2174 759 2221 Scythae,
784 2173 946 2210 Thraces
962 2173 1060 2209 Pon-

406 2229 482 2275 tici,
513 2229 604 2266 aliac
625 2230 812 2277 nationes,
831 2230 938 2266 alium
955 2242 1060 2280 pror-

408 2299 467 2322 sus
489 2285 656 2335 capillum
676 2286 845 2323 habeant.

465 2337 563 2380 οἷλλαῚ
604 2342 775 2393 τοισίδε]
816 2342 981 2389 τοισίὸε,
1020 2345 1060 2377 ut

407 2411 502 2434 nuuc
530 2399 671 2445 edunt,
729 2399 863 2436 dudum
900 2398 1061 2435 voluerat

410 2455 563 2491 Werser.
595 2455 630 2491 in
661 2459 747 2492 actt.
765 2455 865 2505 phill.
884 2455 1010 2491 Morm.
1032 2453 1059 2498 l,

411 2513 431 2550 1
462 2524 546 2560 pag.
566 2512 630 2551 98.
689 2511 738 2548 Et
767 2511 1061 2549 c‹›nf.He10dot.

411 2567 421 2601 l
435 2568 527 2612 ,32
587 2567 703 2616 Vulgo
734 2571 836 2606 τοῖσι
867 2564 937 2618 δή.

466 2618 525 2660 ὅτι
545 2625 688 2670 μοῦνοι
706 2646 761 2650 —-
781 2618 842 2662 ἀπ’
868 2621 991 2674 ἀρχῆς
1013 2638 1059 2661 τα

412 2694 434 2715 α
440 2677 558 2728 roolf]
587 2679 643 2717 Dc
664 2681 928 2717 circumcisione
951 2693 1061 2728 supri

411 2735 612 2770 monuimus
638 2737 686 2772 ad
713 2737 764 2784 ll,
784 2738 858 2783 37,
889 2736 949 2772 ubi
980 2736 1061 2772 vide

411 2789 533 2825 laudd.
575 2790 714 2829 Atl'erre
736 2806 880 2842 quoque
896 2796 1060 2842 poteram

411 2845 591 2895 copiosius
613 2848 678 2885 hac
695 2849 741 2885 de
759 2862 797 2887 rc
819 2852 1061 2900 exponentem

1121 767 1290 805 Michael.
1320 767 1414 804 Mos.
1445 766 1572 805 Recht.
1604 770 1689 804 tom.
1712 766 1774 804 IV.

1122 823 1157 875 ἓ.
1191 825 1282 865 185.
1349 824 1407 860 Ad
1447 828 1609 860 nostrum
1657 824 1776 860 locum

1122 881 1256 918 consul.
1275 881 1434 931 inprimis
1449 880 1618 917 Meiners.
1637 880 1672 916 in
1689 880 1776 915 scri-

1122 938 1246 988 ptione
1271 950 1380 987 supra
1412 937 1558 973 laudata
1588 949 1673 986 pag.
1694 937 1775 976 208

1123 999 1159 1031 et
1198 993 1409 1029 Hoffmann.
1450 993 1471 1029 l.
1507 993 1529 1028 l.
1566 1006 1651 1042 pag.
1681 995 1774 1032 267.

1123 1051 1321 1098 l'ostquam
1345 1049 1439 1086 enim
1466 1048 1626 1098 pluribus
1652 1049 1776 1097 dispu-

1124 1110 1235 1142 tatum
1255 1110 1310 1142 est
1330 1118 1351 1141 a
1372 1105 1456 1141 viris
1470 1105 1586 1141 doctis
1608 1105 1653 1140 de
1666 1103 1775 1139 moris

1125 1163 1227 1198 istius
1244 1162 1383 1209 origine
1396 1191 1405 1207 ,
1428 1161 1512 1197 illud
1532 1161 1617 1197 satis
1636 1161 1775 1196 firmum

1126 1224 1337 1267 certumque
1373 1218 1533 1264 videtur,
1573 1216 1775 1265 Aegyptios

1123 1276 1246 1323 utique
1266 1287 1332 1324 per
1355 1286 1499 1310 omnem
1522 1274 1777 1322 antiquitatem

1123 1332 1258 1382 primos
1280 1343 1372 1377 esse,
1397 1330 1457 1378 qui
1475 1329 1777 1366 circumcisionem

1126 1392 1162 1424 et
1192 1388 1261 1437 ipsi
1292 1387 1517 1423 observarint
1547 1391 1583 1423 et
1611 1387 1658 1421 ad
1688 1385 1775 1421 alias

1124 1443 1369 1480 transtulerint
1392 1447 1538 1490 gentes3
1567 1446 1606 1478 ut
1633 1441 1687 1478 vel
1718 1441 1778 1477 lu-

1128 1501 1208 1536 daei
1235 1500 1320 1536 inde
1350 1499 1654 1535 circumcisionem
1676 1510 1778 1534 acce-

1127 1556 1226 1606 pisse
1247 1555 1398 1605 putandi
1423 1555 1505 1590 sint.
1565 1554 1675 1591 Unde
1702 1567 1778 1590 ma-

1127 1613 1220 1649 xime
1247 1612 1422 1661 probatur
1455 1610 1634 1647 Herodoti
1654 1623 1778 1646 narra-

1126 1669 1200 1714 tio,
1230 1668 1291 1716 qui
1310 1668 1345 1703 in
1369 1680 1410 1703 eo
1431 1666 1551 1716 potius
1579 1668 1639 1714 (ut
1655 1670 1779 1703 monet

1126 1724 1312 1761 Michaelis
1333 1723 1354 1759 l.
1378 1723 1399 1758 l.
1421 1735 1505 1772 pag.
1531 1725 1581 1763 17
1600 1723 1696 1769 not.)
1727 1722 1780 1758 la-

1126 1793 1213 1830 psus
1234 1793 1314 1817 csse
1343 1779 1528 1825 videatur,
1557 1774 1780 1828 quodipsos

1128 1837 1286 1873 ludaeos
1319 1834 1406 1871 talia
1442 1848 1481 1872 se
1517 1835 1562 1871 ab
1592 1834 1781 1884 Aegyptiis

1130 1893 1313 1942 accepisse
1335 1891 1550 1928 confitentes
1572 1891 1682 1937 facit,
1702 1903 1782 1926 cum

1129 1948 1435 1986 circumcisionem
1464 1948 1523 1984 dei
1552 1948 1650 1984 iussu
1680 1947 1784 1983 insti-

1129 2010 1242 2042 tutam
1273 2017 1316 2041 ex
1342 2004 1583 2041 remotissimo
1609 2016 1698 2040 aevo
1725 2016 1784 2040 re—

1129 2065 1307 2112 peterent.
1338 2060 1395 2096 Ad
1414 2060 1494 2097 Aesr
1470 2061 1674 2110 ςῃήῐοοοιῃ
1694 2059 1782 2096 Col-

1128 2118 1275 2155 chorum
1295 2117 1472 2165 originem
1489 2117 1714 2166 probandam
1735 2129 1782 2153 ne

1128 2174 1195 2211 hoc
1214 2174 1359 2221 quidem
1379 2172 1497 2210 valere
1514 2176 1781 2220 argumentum,

1128 2243 1149 2267 a
1167 2230 1433 2266 circumcisione
1453 2230 1619 2275 ductum,
1651 2228 1781 2265 Ritteri

1128 2286 1215 2333 (1.1.
1248 2300 1283 2336 p.
1305 2286 1356 2325 41
1381 2287 1477 2333 seq.)
1505 2288 1560 2321 est
1592 2284 1782 2330 sententia,

1129 2356 1208 2379 cum
1248 2343 1345 2392 apud
1372 2340 1532 2387 Arabes,
1570 2340 1781 2377 Homeritas

1129 2400 1394 2446 Hebraeosque
1416 2398 1501 2434 inde
1520 2398 1565 2434 ab
1576 2396 1782 2433 Abrahamo

1129 2456 1165 2490 in
1212 2454 1388 2491 interioris
1428 2454 1535 2490 Asiae
1575 2453 1781 2501 regionibus

1131 2511 1355 2548 circumcisio
1385 2510 1420 2546 in
1443 2523 1509 2546 usu
1532 2510 1639 2546 suerit
1672 2513 1708 2546 et
1735 2509 1783 2546 ad

1128 2568 1246 2617 ipsam
1264 2567 1475 2615 religionem
1496 2565 1676 2615 spectarit.

1188 2618 1316 2672 Σύροι
1339 2622 1378 2660 οἷ
1397 2621 1438 2660 ἐν
1458 2625 1506 2675 τῇ
1522 2619 1781 2675 Παλαιστίνῃ]

1129 2679 1300 2727 Intelligit
1330 2678 1505 2715 Hebraeos
1537 2679 1610 2715 sive
1634 2676 1783 2713 Iudaeos

1130 2736 1193 2781 (cf.
1226 2735 1441 2772 Billerbeck.
1469 2734 1578 2772 Asiae
1605 2733 1780 2771 Herodot.

1130 2792 1264 2828 difficit.
1295 2805 1378 2841 pag.
1404 2792 1440 2831 4.
1472 2794 1535 2832 12.
1595 2789 1781 2827 Michaelis

1134 2848 1155 2884 l.
1186 2848 1208 2885 l.
1243 2861 1329 2898 pag.
1353 2850 1402 2888 17
1431 2849 1551 2895 not.),
1579 2847 1626 2884 de
1653 2846 1781 2894 quibus
