1909 3228
356 337 421 382 37

482 226 565 265 5(ss

875 218 1344 257 HERODOTI

593 329 818 385 Θεοσεβέες
849 329 894 371 δὲ
922 331 1134 381 περισσῶς
1171 323 1312 376 ἐόντες
1348 325 1533 382 μάλιστα
1561 326 1738 370 πάντων

451 408 754 464 Ξάνθρώπων,
795 406 972 461 νόμοισι
1011 408 1218 450 τοιοῖσιδε
1250 404 1470 460 χρέωνται.

1534 405 1605 448 Ἐκ
1634 409 1735 461 χαλ-

481 487 592 533 κέων
630 486 851 542 ποτηρίων
896 486 1096 538 πίνουσι,
1153 483 1435 540 διασμέωντες
1470 481 1554 526 ἀνὰ
1593 489 1738 528 πᾶσαν

501 566 513 581 «-
556 565 564 579 ν
749 562 758 578 2
832 561 843 577 θ
908 564 919 577 x
1017 562 1028 577 ‹-
1093 562 1104 578 ,
1171 562 1191 576 η
1261 561 1270 575 2
1343 562 1350 574 x
1434 560 1443 574 r
1607 563 1626 577 η

453 575 674 622 3ημερην·
706 581 789 609 ουκ
820 581 843 608 ο
874 581 975 620 μεν,
1005 582 1030 608 ο
1061 565 1085 608 ὃ
1136 580 1213 616 ου,
1244 567 1352 606 αλλα
1384 578 1555 612 παντες.
1587 578 1737 617 ειματα

482 646 529 689 δὲ
565 645 685 688 λίνεα
721 644 954 700 φορέουσι,
1002 643 1083 686 αἰεὶ
1121 641 1356 686 νεόπλυτα·

1417 638 1738 696 ἐπιτηδεύοντες
1749 646 1794 680 ΞΟ

480 727 613 768 τοῦτο
642 721 840 780 μάλιστα.
890 721 943 766 τά
971 738 1015 766 τε
1051 723 1195 766 αἰδοῖα
1234 718 1569 777 περιτάμνονται
1597 723 1738 763 καθα·

594 954 703 1005 Cap.
732 952 919 991 xxxvii.

492 1038 535 1079 ἐκ
569 1036 742 1090 χαλκέων
777 1037 980 1088 ποτηρίων
1013 1035 1077 1075 πί-

426 1095 566 1146 νουσι]
605 1095 664 1133 De
690 1095 829 1145 poculis
857 1094 978 1132 aeneis
1007 1092 1078 1130 Ae-

427 1153 632 1203 gyptiorum
651 1152 722 1188 iam
744 1155 829 1188 ante
845 1150 1077 1187 Herodotum

424 1208 597 1246 retulerat
609 1207 831 1254 Hellanicus,
843 1210 938 1244 teste
948 1206 1077 1243 Athen.

427 1265 494 1313 ΧῙ,
511 1267 581 1316 6p.
604 1263 700 1310 470,
721 1263 768 1300 D.
781 1285 836 1291 —-
854 1262 913 1300 Ad
925 1260 1079 1313 διασμέ-

429 1335 547 1367 ωντες
573 1320 660 1370 (pro
679 1320 922 1370 διασμῶντες
935 1347 945 1366 ,
966 1319 1077 1356 ‹leter-

425 1381 566 1426 genles,
597 1376 744 1412 eluentes
772 1389 890 1424 eoque
913 1388 1077 1424 purgau-

426 1434 495 1481 τρε)
524 1434 619 1469 conf.
647 1431 825 1469 Matthiae
852 1431 918 1468 Gr.
943 1432 1076 1468 Graec.

424 1501 511 1540 pag.
534 1488 628 1529 489.
657 1508 714 1515 —-
742 1486 855 1524 Paulo
883 1490 968 1537 post
994 1499 1076 1523 cum

425 1548 574 1582 recentt.
602 1544 728 1594 scripsi
757 1539 834 1582 ov'n
862 1539 974 1594 ὁμὲν
1006 1555 1074 1593 pro

428 1597 501 1651 οὐχ
521 1598 545 1639 0‘
563 1597 645 1650 μέν.

482 1678 532 1722 τά
551 1697 591 1722 τε
613 1682 745 1721 αἰδοῖα
768 1676 1078 1733 περιτάμνονται

426 1735 713 1790 καθαριότητος
752 1737 920 1788 εἵνεκεν]
973 1739 1078 1780 Quae

426 1795 688 1843 Wesselingius
700 1807 743 1832 ex
754 1794 904 1831 aliorum
921 1793 1078 1829 virorum

427 1853 615 1890 doctorum
627 1849 936 1888 observationibus
946 1849 1002 1886 hic
1012 1849 1079 1884 ad-

426 1908 578 1954 notavit,
598 1920 641 1945 eo
657 1907 732 1943 fere
748 1907 915 1953 redeunt,
941 1909 980 1942 ut
995 1903 1077 1942 No-

428 1964 492 2002 stri
513 1964 624 2002 verba
649 1962 698 2000 ad
723 1963 929 1999 sacerdotes
953 1961 1078 1998 referri

427 2021 586 2058 debeant
603 2031 723 2068 neque
743 2018 791 2055 ad
809 2031 934 2055 omnes
954 2016 1079 2066 Aegy-

426 2077 541 2127 ptios;
571 2076 708 2126 quippe
733 2074 882 2124 quibus,
912 2074 978 2111 nisi
999 2087 1078 2121 my-

428 2132 547 2170 steriis
573 2130 706 2168 initiari
727 2136 762 2168 ct
787 2131 835 2168 ad
866 2143 986 2168 sacras
1011 2130 1077 2166 ad-

426 2189 518 2226 mitti
555 2188 720 2226 scientias
750 2186 968 2232 voluissent,
1010 2185 1077 2222 cir-

426 2245 595 2282 cumcisio
608 2243 754 2281 minime
774 2242 978 2280 necessaria
998 2243 1076 2279 sue-

426 2302 481 2338 rit.
514 2301 633 2344 Quam
645 2299 921 2337 circumcisionis
933 2310 1075 2336 causam

426 2357 634 2395 Herodotus
672 2355 802 2402 affert,
842 2368 921 2393 eam
959 2355 1075 2405 ipsam

425 2413 550 2463 prodit
567 2412 682 2458 Philo,
712 2411 868 2449 Iudaeus
888 2411 1009 2457 homo,
1029 2410 1077 2447 de

428 2469 621 2506 circumcis.
632 2481 717 2519 pag.
733 2469 826 2514 810,
851 2469 881 2505 C
900 2467 967 2504 hoc
986 2479 1077 2516 quo-

428 2538 499 2574 que
517 2525 679 2570 addens,
708 2536 782 2560 non
801 2524 906 2561 aliam
927 2524 974 2560 ob
993 2535 1077 2559 cau-

428 2594 503 2618 sam
531 2594 660 2631 corpus
690 2592 836 2629 quoque
871 2579 1076 2616 sacerdotes

427 2637 691 2674 accuratissime
705 2637 844 2673 radere.
875 2637 980 2680 Quae
989 2647 1076 2671 con-

430 2693 561 2729 firmari
584 2693 749 2730 dicuntur
769 2692 832 2740 iis,
861 2705 955 2741 quae
982 2690 1075 2728 Nie-

431 2748 575 2784 buhrius
602 2749 638 2785 in
657 2748 711 2786 his
733 2748 820 2798 ipsis
847 2747 996 2786 orientis
1017 2759 1069 2784 re-

432 2803 597 2850 gionibus
627 2805 782 2850 audivit,
822 2817 989 2854 quaeque
1017 2802 1075 2840 alii

431 2858 510 2895 aliis
529 2859 565 2895 in
585 2861 702 2907 terris,
730 2860 933 2898 Australiae
949 2860 1077 2910 opinor

1143 953 1180 989 in
1198 951 1333 999 insulis,
1347 952 1594 990 observarunt.
1613 949 1694 987 Vid.
1706 948 1798 986 Lar-

1145 1008 1240 1046 chcr.
1267 1014 1340 1046 not.
1370 1009 1417 1045 ad
1438 1009 1471 1045 h.
1500 1008 1548 1055 l.‚
1596 1007 1658 1055 qui
1699 1006 1797 1043 idem

1144 1065 1369 1102 sacerdotum
1410 1063 1712 1101 circumcisionem
1749 1061 1798 1098 ad

1143 1121 1374 1171 praecipuam
1413 1119 1629 1157 valetudinis
1664 1129 1798 1164 curam,

1144 1178 1318 1214 munditie
1344 1177 1569 1227 potissimum
1599 1173 1800 1212 servandae

1144 1238 1220 1270 tam
1245 1233 1360 1270 calido
1390 1234 1455 1270 sub
1481 1231 1603 1279 coelo,
1640 1233 1798 1268 revocat.

1145 1289 1212 1326 Est
1224 1290 1366 1338 quidem
1381 1302 1421 1326 ea
1435 1302 1491 1326 res
1502 1288 1684 1337 hodieque
1694 1285 1799 1323 valde

1146 1347 1349 1396 disceptata
1368 1346 1464 1382 inter
1474 1346 1568 1381 viros
1584 1344 1724 1388 doctos,
1735 1340 1798 1390 qui

1145 1402 1306 1439 certatim
1321 1402 1355 1438 in
1374 1401 1482 1437 moris
1495 1401 1671 1449 originem
1687 1402 1798 1446 atque

1145 1470 1270 1494 causas
1287 1457 1558 1505 inquisiverunt.
1587 1455 1646 1492 De
1658 1453 1798 1502 origine

1143 1513 1251 1550 moris
1262 1513 1498 1562 opportunius
1511 1511 1714 1548 instituetur
1724 1510 1799 1545 dis-

1143 1569 1282 1619 putatio
1300 1569 1347 1605 ad
1368 1568 1418 1615 11,
1444 1567 1535 1608 104.
1593 1566 1652 1604 De
1681 1564 1797 1604 causis

1143 1625 1199 1662 hic
1228 1624 1399 1661 nonnulla
1434 1624 1662 1670 adiiciemus,
1702 1633 1798 1671 quae

1145 1681 1192 1718 ad
1222 1681 1401 1717 Herodoti
1441 1681 1656 1717 sententiam
1686 1678 1798 1729 perti-

1145 1741 1245 1781 nent,
1267 1737 1339 1784 qua
1357 1736 1543 1772 munditiei
1560 1746 1666 1772 causa
1680 1746 1798 1771 sacer-

1147 1792 1252 1828 dotes
1280 1791 1483 1828 circumcidi
1509 1790 1643 1827 statuit.
1700 1789 1799 1827 Nam

1145 1847 1301 1884 Iudaeos
1330 1847 1415 1884 satis
1444 1852 1603 1895 constat,
1642 1846 1798 1884 eundem

1145 1917 1283 1943 morem
1311 1903 1509 1954 recepisse,
1548 1916 1590 1941 ex
1613 1901 1797 1953 Aegypto,

1145 1963 1184 1996 ut
1225 1961 1440 2008 quibusdam
1478 1959 1629 1997 v‘detur.
1687 1958 1797 1995 Conf.

1148 2017 1320 2066 Spenccr.
1361 2017 1407 2053 de
1436 2016 1506 2053 ritt.
1535 2016 1668 2053 Hebrr.
1698 2014 1739 2061 Ι,
1769 2012 1796 2056 5

1146 2076 1232 2109 sect.
1254 2072 1303 2108 lv
1328 2085 1364 2121 p.
1387 2072 1440 2113 55
1465 2084 1541 2121 seq.
1573 2085 1602 2108 s.
1625 2071 1702 2116 58,
1733 2069 1795 2106 ubi

1145 2128 1264 2165 variae
1300 2133 1410 2176 atque
1445 2128 1610 2164 diversae
1638 2127 1796 2162 virorum

1145 2185 1330 2220 doctorum
1351 2184 1397 2219 de
1422 2183 1573 2219 instituti
1593 2182 1695 2218 huius
1724 2181 1796 2218 ori-

1143 2240 1228 2288 giue
1245 2244 1354 2288 atque
1373 2239 1519 2275 consilio
1535 2251 1606 2275 uno
1625 2238 1690 2274 sub
1708 2249 1796 2274 eon-

1143 2300 1268 2346 spectu
1287 2300 1478 2346 ponuntur.
1509 2294 1597 2331 Post
1612 2306 1720 2343 quem
1737 2293 1795 2330 alii

1143 2352 1239 2389 idem
1284 2355 1535 2400 argumentum
1581 2353 1794 2397 tractarunt,

1142 2408 1338 2458 praecipua
1357 2412 1480 2445 tamen
1510 2406 1594 2444 cura
1626 2419 1795 2457 persecu-

1144 2468 1201 2501 tus
1233 2469 1288 2501 est
1319 2464 1490 2501 Meiners.
1517 2463 1553 2500 in
1577 2464 1795 2501 Commentt.

1145 2521 1268 2558 societ.
1301 2533 1376 2568 reg.
1409 2520 1575 2568 Gotting.
1607 2518 1676 2556 vol.
1708 2516 1796 2555 XIV

1143 2590 1230 2627 pag.
1250 2579 1331 2618 207
1352 2589 1454 2625 seqq.
1472 2576 1634 2625 inprimis
1652 2588 1688 2626 p.
1713 2575 1794 2615 211

1144 2646 1219 2682 seq.
1232 2662 1242 2679 ,
1272 2633 1331 2670 ubi
1343 2633 1457 2669 varius
1470 2638 1633 2669 recenset
1643 2635 1717 2667 tum
1729 2642 1796 2668 au-

1141 2690 1334 2738 tiquiorum
1346 2693 1418 2725 tum
1431 2688 1665 2726 recentiorum
1677 2687 1724 2726 de
1739 2687 1796 2723 in-

1143 2746 1256 2783 stituti
1273 2745 1371 2781 istius
1390 2757 1473 2781 vera
1487 2756 1595 2782 causa
1607 2748 1717 2794 atque
1737 2754 1796 2780 ra·-

1143 2803 1254 2840 tione.
1284 2801 1404 2849 Atque
1432 2800 1647 2838 Herodotea
1675 2810 1794 2843 eausa,

1144 2860 1181 2896 in
1202 2859 1275 2909 qua
1299 2856 1500 2894 refellenda
1525 2856 1720 2907 plurimum
1740 2854 1793 2892 vir
