1877 3223
455 230 538 271 132

843 223 1309 266 HERODOTI

455 354 555 392 τας,
605 338 709 389 τούς
736 337 816 395 μὲν
843 340 925 381 τοῦ
960 338 1170 391 Δωρικοῦ
1204 334 1369 391 γένεος,
1416 332 1521 385 τούς
1549 333 1595 377 δὲ
1622 337 1703 377 τοῦ

427 417 661 462 3Ἰωνικοῦ.

455 495 638 553 ἀρχαῖον
649 508 662 520 ·

401 684 478 721 deri
496 685 628 731 queat,
656 679 867 717 reserantur.
914 677 1048 729 Neque

401 740 507 777 etiam
519 766 530 784 ,
560 749 654 786 quae
670 735 856 783 utriusque
874 735 977 773 huius
999 737 1048 773 ci-

401 795 521 831 vitatis
539 793 649 830 fuerit
674 792 830 828 conditio
859 804 973 841 usque
999 792 1048 829 ad

400 850 548 888 Persica
566 849 682 894 bella,
713 847 879 883 continuo
904 848 962 885 hic
982 849 1048 884 ad-

401 907 534 952 iicitur,
564 905 730 942 nimirum
748 906 832 953 post
850 902 883 949 Ι,
904 906 970 949 69,
987 904 1047 940 ubi

402 964 451 1001 ad
476 962 683 1012 primarium
705 958 919 995 narrationis
941 972 1048 1006 argu-

402 1023 563 1057 mentum
585 1030 606 1055 a
626 1015 852 1064 digressione
875 1015 969 1051 redit
986 1027 1049 1050 au-

403 1080 499 1122 ctor,
529 1074 595 1111 sed
615 1072 725 1110 multo
741 1071 835 1108 infra
851 1100 861 1117 ,
891 1071 961 1106 alia
982 1083 1049 1119 op-

402 1135 558 1182 portuna
578 1128 746 1167 narrandi
778 1127 966 1164 occasione
984 1126 1050 1163 ob-

401 1187 477 1224 lata
500 1186 547 1233 V,
578 1183 772 1227 39—55.
829 1183 890 1221 De
918 1183 1048 1232 quibus

403 1242 690 1292 digressionibus
710 1241 883 1277 Creuzer.
907 1240 996 1275 dixit
1014 1239 1051 1275 in

402 1299 513 1337 libro:
552 1299 625 1337 Die
666 1297 790 1334 histor.
829 1296 952 1333 Kunst
986 1296 1052 1331 der

404 1354 551 1392 Griech.
595 1366 681 1405 pag.
721 1351 801 1393 142
850 1365 927 1401 seq.
971 1350 1051 1388 coll.

404 1424 441 1464 p
464 1412 546 1452 273
570 1423 648 1458 seq

463 1466 649 1504 Caeterum
657 1462 893 1514 praetermitti
902 1474 976 1499 non
986 1462 1050 1499 de-

404 1522 487 1569 bet,
524 1522 635 1559 verba
664 1519 791 1558 Nostri
828 1521 950 1557 ταῦτα
976 1532 1049 1570 γαρ

405 1572 459 1629 ἦν
480 1593 527 1616 τα
547 1574 836 1629 προκεκριμένα
857 1571 969 1614 ἐόντα
986 1588 1051 1610 us-

407 1647 478 1683 que
495 1635 543 1671 ad
565 1647 642 1684 cap.
666 1635 720 1674 69
744 1632 818 1668 init.
847 1632 966 1667 omnia
988 1631 1052 1668 de-

407 1690 559 1727 siderari
575 1691 610 1726 in
629 1689 809 1725 Sancrosti
836 1687 925 1723 libro
950 1691 987 1724 et
1015 1687 1052 1723 in

407 1746 486 1783 aliis
528 1745 765 1795 quibusdam,
819 1744 917 1781 unde
963 1743 1053 1779 haec

408 1801 530 1839 omnia
554 1814 628 1838 non
662 1801 707 1836 ab
739 1799 918 1836 Herodoti
943 1811 1053 1835 manu

407 1858 592 1909 profecta,
639 1855 704 1893 sed
741 1867 763 1891 a
795 1855 946 1891 librariis
986 1855 1052 1890 ad-

407 1913 541 1962 scripta
567 1925 649 1950 esse
675 1923 867 1961 perperam
892 1909 1053 1946 nonnulli

407 1969 571 2007 arbitrati
605 1970 700 2004 sunt.
775 1966 872 2012 Sed,
905 1965 975 2002 alia
1013 1969 1054 2002 ut

407 2029 546 2062 taceam
572 2023 617 2061 ab
643 2022 719 2059 aliis
745 2022 882 2058 dudum
900 2021 1055 2071 prolata,

409 2081 549 2118 videtur
574 2080 669 2116 hunc
693 2078 809 2116 locum
827 2079 864 2114 in
891 2091 957 2114 suo
974 2077 1053 2115 He-

409 2137 561 2174 rodoteo
595 2135 684 2172 libro
730 2134 866 2183 legisse
902 2132 1051 2170 Aristid.

411 2192 602 2229 scholiasta
630 2204 652 2228 a
679 2190 897 2228 Frommelio
936 2201 1052 2238 nuper

411 2247 609 2296 evulgatus,
622 2259 706 2297 pag.
721 2248 785 2287 33.
797 2267 853 2273 ——
868 2245 935 2294 „ln
946 2257 1049 2293 seqq.

411 2316 479 2354 pro
518 2300 632 2342 ἐόντα
674 2304 866 2340 Dobraeus
901 2301 1054 2339 coniecit

412 2358 535 2399 ἔθνεα
546 2387 557 2405 ,
585 2372 659 2396 non
677 2359 903 2409 improbante
918 2357 1052 2394 Porso-

412 2428 480 2462 n03
527 2415 598 2452 vid.
634 2414 764 2452 Tracts
808 2426 895 2465 pag.
931 2413 1052 2454 260·“

413 2471 479 2509 Cr.
506 2471 582 2508 Sed
602 2472 826 2520 refragantur
840 2469 993 2507 codices.

467 2529 590 2566 ταῦτα
606 2524 680 2579 γοῖρ
701 2521 754 2594 ἦν
775 2523 822 2565 τοὶ
840 2538 1048 2577 προκεκρι-

413 2580 514 2634 μένα
529 2579 643 2622 ἐόντα
664 2580 706 2622 τὸ
719 2578 879 2634 οἷρχαῖον
897 2595 933 2619 κ.
947 2594 980 2619 τ.
998 2583 1031 2618 λ.
1034 2582 1048 2624 ]

413 2640 436 2676 ἱ.
458 2653 490 2677 e.
510 2639 601 2686 „hae
618 2653 705 2677 emm
721 2643 840 2687 gentes
856 2638 1051 2687 antiquatas

407 2697 616 2746 praecipuae
653 2696 886 2741 habebantur,
940 2693 1052 2730 altera

415 2750 623 2799 Pelasgz'ca,
680 2752 794 2788 altera
830 2749 1053 2789 Hellem'ca.“

414 2807 489 2844 Ubi
507 2821 526 2845 e
543 2821 645 2858 seqq.
665 2808 892 2856 intelligitur,
922 2802 965 2846 τὸ
980 2802 1051 2856 μὲν

414 2863 594 2915 pertinere
614 2864 662 2900 ad
672 2863 932 2909 Athenienses,
960 2873 1053 2912 quos

715 495 765 540 τό
795 495 892 553 μὲν,
932 491 1205 550 Πελασγικόν
1217 508 1227 518 ·

717 420 854 460 ταῦτα
874 415 957 472 γὰρ
987 410 1044 471 ἦν
1077 414 1130 458 τὰ
1159 411 1475 469 προκεκριμένα
1506 411 1633 456 ἐόντα
1654 411 1705 455 vd

1284 491 1334 536 τὸ
1363 491 1408 535 δὲ
1419 525 1431 544 ,
1457 489 1706 548 Ἑλληνικόν

1113 678 1327 728 Pelasgicae
1348 673 1481 728 stirpis'
1502 688 1584 714 esse
1605 676 1761 713 auctoris

1116 738 1187 774 sert
1211 735 1412 780 sententia,
1450 729 1492 772 τὸ
1510 729 1552 771 δὲ
1578 732 1624 768 ad
1646 732 1763 769 Lacc-

1114 792 1346 838 daemonios,
1376 790 1460 839 qui,
1497 801 1577 826 cum
1605 788 1763 826 Doricae

1114 849 1187 885 sint
1206 849 1350 897 stirpis,
1382 847 1431 882 ad
1455 845 1678 882 Hellenicum
1698 857 1762 893 ge—

1114 917 1182 940 nus
1221 905 1413 954 pertinent.
1481 901 1581 937 Illam
1618 905 1763 949 gentem

1117 959 1390 1007 (Pelasgicaui)
1421 958 1590 1007 nuspiam
1616 957 1764 994 commi-

1117 1028 1244 1063 grasse
1261 1015 1368 1051 refert
1379 1041 1389 1059 ,
1405 1013 1553 1049 alteram
1570 1026 1655 1050 vero
1666 1013 1763 1060 (Do-

1116 1072 1194 1117 res)
1225 1069 1373 1107 multum
1392 1073 1560 1116 vagatam
1580 1082 1672 1106 esse.
1697 1069 1766 1105 Est

1116 1127 1205 1164 haec
1238 1125 1419 1163 Herodoti
1458 1125 1657 1171 sententia,
1695 1125 1767 1160 nisi

1116 1196 1230 1234 prava
1242 1182 1538 1232 interpretatione
1551 1181 1766 1217 sententiam

1118 1241 1335 1288 detorquere
1354 1242 1414 1275 ant
1425 1239 1542 1288 ipsum
1552 1237 1767 1286 scriptorem

1119 1297 1250 1334 erroris
1272 1296 1437 1331 incusare
1458 1293 1557 1330 velis.
1612 1292 1767 1329 Tracta-

1118 1353 1169 1388 vit
1202 1351 1307 1387 huius
1354 1351 1481 1400 capitis
1515 1352 1765 1397 argumentum

1118 1411 1205 1458 post
1231 1406 1321 1443 alios
1353 1407 1396 1441 C.
1422 1407 1468 1442 O.
1505 1404 1677 1442 Miillerus
1708 1405 1765 1447 (in

1119 1463 1227 1501 Dorr.
1251 1463 1264 1498 l
1285 1476 1321 1512 p.
1344 1464 1394 1502 17
1413 1462 1560 1510 seqq),
1591 1461 1678 1497 illud
1690 1465 1766 1497 sta-

1117 1524 1244 1555 tuens:
1275 1530 1368 1567 quae
1396 1518 1453 1554 hic
1471 1518 1616 1567 prodita
1638 1517 1766 1565 legan-

1118 1580 1194 1622 tur,
1223 1575 1368 1612 minime
1398 1586 1441 1611 ex
1468 1575 1625 1622 antiquis
1655 1573 1766 1610 sonti-

1121 1632 1185 1668 bus
1197 1644 1238 1667 ac
1254 1630 1508 1667 traditionibus
1524 1631 1683 1675 fluxisse,
1702 1642 1764 1666 ve-

1120 1701 1199 1724 rum
1222 1700 1265 1724 ex
1292 1687 1406 1736 ipsius
1435 1686 1614 1722 Herodoti
1643 1686 1765 1721 studio

1118 1743 1375 1791 cogitandique
1417 1743 1556 1778 ratione
1598 1742 1694 1778 hunc
1727 1742 1764 1777 in

1117 1801 1262 1837 modum
1281 1799 1406 1848 prodi,
1436 1798 1572 1848 quippe
1596 1798 1657 1846 qui
1677 1797 1766 1834 scri-

1117 1860 1201 1906 ptor
1218 1856 1269 1891 sic
1295 1855 1372 1891 sere
1395 1854 1512 1889 varias
1539 1854 1765 1902 antiquitatis

1115 1912 1330 1948 traditiones
1352 1922 1393 1946 ac
1411 1910 1578 1947 notiones
1604 1911 1642 1947 in
1665 1910 1765 1947 ordi-

1118 1980 1202 2004 nem
1229 1967 1334 2015 quasi
1358 1966 1525 2014 redigere
1543 1970 1652 2015 atque
1677 1979 1764 2004 con—

1119 2023 1241 2060 ciliare
1257 2023 1351 2059 inter
1377 2035 1417 2059 se
1438 2023 1626 2060 studuerit.
1658 2023 1764 2066 Quae

1118 2080 1197 2116 aliis
1216 2079 1448 2115 diiudicanda
1475 2078 1659 2126 relinquo3
1685 2079 1766 2114 He-

1116 2136 1245 2171 rodoto
1270 2136 1363 2171 enim
1391 2134 1518 2170 melius
1537 2147 1595 2170 me
1612 2133 1678 2170 has
1704 2146 1764 2171 res

1116 2191 1323 2241 perspicere
1340 2190 1484 2227 minime
1510 2189 1677 2238 equidem
1696 2191 1764 2226 mi-

1117 2247 1152 2283 hi
1182 2258 1337 2290 sumam,
1377 2258 1494 2294 neque
1532 2246 1658 2282 intima
1686 2247 1764 2283 eius

1117 2314 1243 2347 sensa,
1282 2302 1486 2338 reconditas
1523 2303 1764 2350 cogitationes

1118 2358 1203 2394 mihi
1224 2357 1363 2394 huncin
1382 2358 1530 2394 modum
1542 2363 1668 2407 patere
1676 2371 1763 2395 con-

1114 2414 1230 2451 fiteor.
1314 2412 1363 2450 At
1398 2414 1590 2451 dicendum
1632 2418 1688 2452 est
1715 2415 1763 2452 de

1116 2468 1287 2507 Larcheri
1349 2469 1594 2520 disputatione
1637 2469 1763 2518 (Tab.

1118 2525 1273 2562 chronol.
1295 2525 1402 2562 Tom.
1423 2525 1507 2561 VIII
1519 2524 1618 2576 §.XI
1628 2539 1664 2577 p.
1679 2529 1762 2568 262

1117 2583 1247 2630 seq),
1276 2582 1348 2630 qua
1387 2580 1629 2620 Athenienses
1667 2581 1762 2620 falso

1116 2638 1161 2674 ab
1180 2638 1369 2675 Herodoto
1385 2637 1560 2687 Pelasgos
1588 2638 1658 2675 dici
1684 2642 1762 2675 sta-

1118 2695 1201 2739 tuit,
1231 2695 1393 2742 quamvis
1409 2694 1487 2730 aliis
1508 2694 1596 2732 locis
1615 2693 1680 2741 (Π,
1692 2694 1759 2735 51.

1117 2749 1203 2795 vll,
1221 2750 1284 2790 94.
1317 2749 1414 2796 vlu,
1435 2749 1508 2799 44)
1530 2751 1682 2787 eandem
1701 2749 1758 2786 ille

1116 2807 1303 2855 professus
1321 2819 1404 2843 esse
1425 2806 1589 2843 videatur
1610 2809 1757 2844 senten-

1115 2862 1214 2899 tiam.
1273 2862 1422 2914 Quippe
1442 2862 1667 2901 coniunctum
1687 2861 1756 2899 hoc

1773 423 1827 462 26
