1877 3223
427 218 483 258 28
826 215 1298 259 HERODOTI

351 327 384 371 9
424 324 480 368 Ὃ
499 322 577 380 μὲν
600 322 669 380 δὴ,
697 321 835 379 λέγων
863 327 1065 377 τοιαῦτα,
1095 323 1353 380 ἀπεμάχετο,
1384 323 1616 380 ἆῤῥωδέων
1644 323 1702 382 μή

402 409 469 447 Qu
507 403 550 446 οἱ
598 402 640 454 ἐξ
688 400 854 445 αὐτέων
892 403 1064 460 γένηται
1111 401 1259 448 κακόν.
1313 401 1366 445 ‘O
1407 402 1453 446 δὲ
1501 401 1700 458 α’μείβετο

424 482 591 526 τοῖσδε·
621 513 645 532 ,,
661 478 820 534 Θάρσει
851 480 994 537 Γύγη·
1028 483 1100 525 καὶ
1128 483 1185 539 μὴ
1215 485 1356 539 φοβεῦ
1386 478 1487 537 μήτε
1517 481 1612 538 ἐμὲ,
1643 481 1702 532 ὥς

423 572 531 613 »σεο
576 556 842 614 πειρώμενος
885 560 992 615 λέγω
1038 559 1185 604 τόνδε·
1238 562 1342 616 μήτε
1391 565 1579 614 γυναῖκα
1622 558 1702 616 τὴν

401 637 591 694 8,,ἐμὴν,
629 636 687 692 μή
723 654 765 681 τι
803 654 871 682 τοι
909 638 952 692 ἐξ
990 638 1124 695 αὐτῆς
1160 639 1334 695 γένηται
1362 636 1536 694 βλάβος.
1568 635 1747 693 ἆρχὴν40

423 717 540 773 »γάρ
579 713 661 772 ἐγώ
706 716 1007 773 μηχανήσομαι
1054 715 1191 770 οὕτω,
1247 716 1353 760 ὥστε
1399 717 1504 773 μηδὲ
1544 721 1702 773 μαθεῖν

399 809 448 847 4„
461 812 536 851 μιν
567 793 782 850 ὀφθεῖσαν
810 795 895 839 ὑπὸ
926 800 1012 839 σεῦ.
1055 796 1137 851 ἐγώ
1172 794 1255 852 γάρ
1295 808 1340 840 σε
1379 795 1421 847 ἐς
1449 795 1497 839 τὸ
1530 797 1701 851 οἴκημα,

423 875 509 927 »ἐν
537 878 598 932 τῷ
626 872 902 930 κοιμώμεθα,
945 874 1102 917 ὄπισθε
1138 879 1212 930 τῆς
1242 873 1529 931 ἀνοιγομένης
1557 873 1701 930 θύρης

423 986 448 1005 ,,
464 953 627 1009 στήσω·
672 954 776 1009 μετὰ
822 950 866 997 δ’
914 951 986 1008 ἐμὲ
1024 952 1259 997 ἐσελθόντα
1302 958 1510 1009 παρέσται
1553 956 1626 996 καὶ
1673 950 1701 1008 ἡ

379 1149 478 1186 loco:
507 1162 654 1198 rogare,
683 1151 722 1184 ut
750 1146 836 1184 alias
861 1147 1032 1196 frequen-

378 1205 538 1251 tissime,
579 1206 747 1241 adiuncto
775 1203 955 1252 genitivo3
980 1203 1031 1239 al-

379 1265 458 1298 tero
490 1260 568 1298 loco
596 1264 671 1299 est:
704 1272 883 1309 quaerere,
914 1272 1030 1296 arces-

378 1329 450 1354 sere
480 1317 643 1366 aliquid,
683 1315 817 1352 studere
842 1315 954 1353 alicui
970 1318 1030 1352 rei.

378 1372 523 1410 Monuit
542 1372 796 1421 lVytteubach.
819 1371 842 1407 l.
858 1371 879 1408 l.
897 1384 932 1420 p.
947 1371 1028 1412 345

378 1441 436 1478 sq.
468 1429 620 1465 laudans
653 1427 787 1464 similes
826 1427 924 1463 locos
952 1429 1028 1464 He-

377 1485 498 1522 rodoti
516 1485 578 1531 Ill,
593 1483 658 1524 44.
680 1483 933 1533 Xenophontis
956 1484 1029 1531 Cy-

377 1541 530 1591 ropaed.
564 1541 601 1587 l,
633 1540 680 1586 4,
714 1542 775 1579 12.
833 1539 929 1575 Hinc
951 1552 1030 1577 cum

378 1597 440 1634 illo
465 1601 606 1634 vertere
626 1598 808 1645 praestat:
848 1594 936 1641 „Et
971 1595 1028 1631 ob-

376 1666 469 1691 secro
491 1656 543 1700 te,
573 1664 614 1688 ne
636 1663 783 1701 quaeras
810 1651 1029 1688 inhonestaf‘

376 1710 531 1758 Dionys,
566 1708 749 1745 Halicarn.
783 1705 805 1742 l.
830 1706 852 1744 l.
880 1707 1030 1745 alterum

379 1764 542 1804 δέεσθαι
566 1764 724 1802 reddidit
748 1756 906 1816 χρῄζειν
936 1764 1030 1801 eius-

379 1835 451 1871 que
469 1834 615 1859 sensum
634 1821 727 1857 bene
757 1824 941 1857 assecutus
974 1824 1030 1857 est

379 1878 457 1915 eius
477 1878 655 1926 interpres
683 1875 857 1912 Latinus:
887 1880 1030 1924 „teque

379 1946 465 1983 oro,
495 1947 542 1971 ne
561 1932 680 1969 illicita
704 1944 727 1968 a
755 1944 813 1968 me
835 1933 997 1981 exigasf‘

598 2045 630 2081 C
642 2058 710 2096 ap.
748 2042 813 2082 IX.

439 2118 652 2173 οἷῤῥωδὲων
674 2118 730 2174 μή
757 2138 794 2161 τι
824 2121 866 2162 οἱ
891 2122 930 2170 ἐξ
959 2118 1029 2161 αὕ-

382 2177 480 2218 τὲων
514 2176 672 2229 γένηται
697 2176 847 2230 κακόν]
880 2180 1032 2216 Confert

385 2236 450 2273 Cr.
489 2234 654 2271 Eustath.
684 2237 732 2272 ad
776 2236 911 2283 Odyss.
942 2235 1030 2271 XIX

382 2307 422 2344 p-
445 2291 549 2337 705,
582 2293 631 2331 16
662 2305 744 2340 sqq.
774 2297 883 2340 atque
913 2292 1028 2327 Hein-

382 2349 479 2385 dorf.
502 2347 549 2383 ad
570 2346 712 2385 Platon.
727 2348 874 2395 Protag.
895 2360 932 2397 p.
948 2348 1027 2387 501

381 2418 461 2453 sq.‚
493 2404 553 2452 qui
587 2403 655 2439 hoc
682 2404 760 2440 loco
790 2403 917 2449 utitur,
957 2415 1029 2451 quo

382 2464 508 2498 contra
536 2460 697 2497 Dawesii
719 2472 914 2505 canonem,
944 2472 1029 2495 con-

383 2517 574 2555 iunctivum
594 2514 788 2567 (γένηται)
809 2516 844 2552 in
865 2515 919 2551 his
934 2520 1031 2551 stare

385 2587 495 2625 posse
513 2577 779 2609 commonstret.
810 2572 867 2608 De
886 2570 1029 2619 reliquis

383 2633 428 2669 cf.
448 2629 651 2677 Schweigh.
677 2633 713 2666 et
733 2627 917 2664 Gaissord.

441 2682 494 2732 ὥς
536 2698 600 2725 σεο
650 2679 892 2735 πειρώμενος
931 2680 1028 2733 λέγω

385 2741 526 2793 τόνδε]
576 2741 663 2779 Non
705 2742 831 2786 video,
875 2752 936 2776 cur
973 2752 1029 2776 re—

386 2802 512 2838 cedam
558 2799 603 2836 ab
646 2799 713 2836 hae
747 2797 900 2835 lectione
939 2809 1029 2832 non-

386 2857 489 2896 nullis
508 2856 606 2895 libris
625 2855 787 2907 probata.
827 2853 906 2893 Nee
937 2853 1030 2892 euim

1097 1147 1238 1198 placet,
1287 1148 1388 1196 quod
1427 1147 1632 1184 Gronovius
1669 1146 1747 1184 edi-

1098 1205 1151 1241 dit
1180 1199 1453 1255 πειρώμενον
1488 1202 1586 1254 λέγω
1615 1198 1747 1255 λόγον,

1097 1273 1164 1297 nec
1222 1261 1320 1309 quod
1370 1260 1510 1307 Gaisfi,
1567 1259 1746 1308 probante

1098 1316 1274 1353 Matthiae
1305 1329 1348 1352 ac
1377 1316 1550 1363 Stegem,
1592 1328 1611 1351 e
1651 1315 1745 1351 San-

1098 1373 1211 1410 crostii
1237 1372 1359 1409 codice
1389 1370 1641 1419 (vulg Arcli.)
1669 1371 1745 1407 edi-

1099 1429 1171 1465 dit:
1203 1423 1258 1472 ὥς
1287 1440 1351 1466 σεο
1384 1422 1656 1478 πειρώμενον
1685 1421 1744 1466 λό-

1098 1498 1170 1536 γον
1199 1480 1326 1523 τόνδε.
1357 1483 1455 1520 Nam
1483 1496 1607 1520 vocem
1633 1481 1745 1534 λέγω,

1099 1552 1206 1589 quam
1239 1553 1282 1578 ex
1311 1539 1435 1588 glossa
1460 1540 1649 1589 irrepsisse
1679 1552 1744 1575 vo-

1098 1596 1194 1643 lunt,
1225 1597 1312 1632 satis
1329 1596 1420 1633 tueri
1438 1596 1577 1632 videtur
1598 1595 1745 1645 copiosa

1098 1652 1278 1689 Herodoti
1319 1652 1433 1688 oratio
1463 1652 1629 1700 adeoque
1659 1663 1744 1688 con-

1098 1709 1249 1745 cinnitas
1281 1709 1461 1757 quaedam
1490 1721 1570 1744 cum
1589 1719 1744 1756 sequen-

1097 1765 1206 1802 tibus.
1266 1763 1315 1801 Et
1366 1764 1553 1800 confirmat
1600 1775 1745 1813 quoque

1096 1821 1252 1869 Dion-VS.
1275 1820 1300 1859 l.
1322 1819 1348 1858 l.
1371 1833 1407 1870 p.
1435 1819 1500 1860 44.

1155 1884 1279 1938 ἄρκήν
1310 1884 1383 1939 7029
1420 1883 1493 1940 ἐγώ
1525 1881 1746 1938 μηκανήσο·

1100 1944 1192 1996 μαι]
1224 1940 1348 1995 ἀρχὴν
1379 1946 1530 1991 omnino,
1569 1944 1746 1994 interpre-

1100 2005 1195 2038 tatus
1244 2005 1299 2037 est
1337 2000 1535 2036 Hermann.
1582 2000 1631 2037 ad
1659 1999 1744 2050 Vig.

1099 2070 1138 2108 p.
1158 2058 1239 2098 723
1261 2057 1322 2093 ubi
1339 2056 1410 2094 vid.
1434 2055 1548 2106 plura.

1152 2121 1227 2175 ἐγώ
1247 2119 1320 2174 γάρ
1344 2135 1386 2162 σε
1406 2122 1444 2168 ἐς
1465 2119 1508 2161 τὸ
1533 2122 1744 2172 οἴκημα-

1098 2176 1249 2230 στήσω]
1292 2179 1549 2216 Valckenarius
1581 2191 1624 2216 ex
1651 2178 1744 2216 Dio-

1096 2236 1189 2284 nysii
1224 2234 1302 2271 loco
1342 2235 1573 2272 coniiciebat:
1620 2230 1743 2286 οἷγα-

1096 2288 1200 2344 γών
1231 2285 1304 2341 γάρ
1337 2302 1398 2339 σε,
1436 2295 1476 2327 ut
1501 2292 1576 2328 sere
1606 2291 1644 2337 I,
1676 2293 1742 2332 10.

1099 2349 1188 2388 132.
1210 2347 1279 2393 lll,
1310 2349 1362 2386 61
1399 2346 1486 2395 ibiq.
1523 2351 1598 2383 not.
1625 2348 1679 2388 85
1708 2351 1745 2385 et

1096 2404 1142 2440 cf.
1174 2416 1267 2451 quae
1299 2403 1362 2439 Cr.
1401 2403 1447 2439 ad
1485 2403 1666 2440 Plotinum
1696 2403 1745 2441 de

1095 2458 1289 2508 pulcritud.
1335 2459 1526 2508 adscripsit
1568 2473 1604 2509 p.
1644 2458 1739 2500 518.

1096 2515 1175 2552 hec
1200 2520 1320 2552 tamen
1357 2528 1449 2564 opus
1478 2515 1544 2552 hae
1573 2515 1742 2553 emenda-

1095 2571 1202 2608 tione.
1242 2570 1329 2607 Mox
1361 2571 1457 2608 idem
1488 2571 1743 2609 Valckenarius

1098 2627 1281 2677 rescripsit
1327 2622 1456 2675 στήσω
1503 2641 1570 2678 pro
1609 2624 1741 2677 θήσω,

1096 2684 1195 2731 quod
1227 2683 1346 2720 insitis
1374 2683 1473 2720 libris
1503 2697 1526 2721 a
1553 2684 1741 2735 Stephano

1095 2740 1231 2776 illatum
1255 2744 1342 2777 erat.

1151 2794 1338 2848 παρέσται
1383 2794 1448 2836 καὶ
1497 2794 1526 2847 ἦ
1571 2792 1671 2848 γυνὴ
1710 2793 1739 2846 ἦ

1096 2849 1170 2904 ἐμή
1203 2852 1242 2900 ἐς
1268 2851 1427 2904 κοῖτον]
1475 2853 1516 2892 111
1543 2853 1598 2891 his
1629 2854 1737 2893 κοῖ-
