1909 3228
578 213 996 254 EUTERPE.
1047 213 1092 251 11.

1363 211 1446 252 553

201 329 269 371 τοί
302 328 382 370 εἰσι
421 326 497 377 ἔξω
532 325 800 380 Ἡρακληΐων
839 323 1046 379 στηλέων·
1099 320 1360 377 ὁμουρέουσι
1401 319 1446 362 δὲ

201 407 486 461 Κυνησίοισι,
524 408 565 447 οἳ
595 404 760 459 ἔσχατοι
787 402 896 456 πρὸς
926 400 1122 456 δυσμέων
1153 400 1340 444 οἰκέουσι
1359 402 1446 442 τῶν

172 485 251 528 δέν
281 489 333 540 τῇ
363 482 557 540 Εὐρώπῃ
587 481 918 537 κατοικημένων.
944 484 1116 538 τελευτᾷ
1147 479 1190 523 δὲ
1221 478 1244 522 ὁ
1265 479 1445 532 Ἴστρος,

200 563 244 615 ές
272 562 499 607 θάλασσαν
539 563 649 617 ῥέων
687 560 767 617 τήν
803 563 884 602 τοῦ
924 558 1136 611 Εὐξείνου
1175 557 1339 601 πόντου
1376 556 1447 600 διοὶ

199 641 337 698 πάσης
365 640 605 697 Εὐρώπης,
634 644 686 697 τῇ
711 638 891 694 Ἰστρίην
928 639 971 680 οἱ
997 639 1226 693 Μιλησίων
1257 635 1448 679 οἰκέουσι

81 721 146 766 34
204 719 390 764 ἄποικοι.
446 719 498 762 ‘0
528 721 604 775 μὲν
634 719 686 776 δή
714 718 903 773 Ἴστρος,
946 717 1032 770 ῥέει
1060 715 1141 771 γὰρ
1174 713 1223 758 δι’
1255 714 1448 771 οἰκευμέ-

202 816 298 855 νης,
346 797 456 853 πρὸς
495 802 669 841 πολλῶν
703 797 972 853 γινώσκεται·
1030 796 1126 849 περὶ
1168 795 1213 837 δὲ
1253 798 1338 837 τῶν
1375 797 1503 836 τοῦ61

202 878 363 920 Νείλου
388 878 559 932 πηγέων
589 875 731 927 οὐδεὶς
760 876 841 932 ἔχει
871 876 1024 930 λέγειν·
1064 872 1262 929 ἀοίκητός
1291 888 1335 915 τε
1367 871 1450 927 γάρ

172 956 291 999 Ξέστι
317 957 392 999 καὶ
424 957 579 1012 έρῆμος
608 955 634 1012 ἡ
670 953 829 1011 Λιβύη,
861 953 912 997 δι’
942 948 992 1010 ἧς
1022 952 1115 1009 ῥέει.
1167 953 1262 1004 περὶ
1293 951 1337 994 δὲ
1367 954 1447 994 τοῦ

202 1034 414 1090 ῥεύματος
451 1033 613 1084 αὐτοῦ,
655 1034 722 1078 ἐπ’
760 1034 866 1077 ὅσον
900 1031 1169 1088 μακρότατον
1200 1032 1451 1084 ἱστορεῦντα

172 1108 260 1168 3ἧν
289 1113 525 1166 ἐξικέσθαι,
555 1116 730 1170 εἴρηται.
762 1114 925 1156 ἐκδιδοῖ
951 1113 995 1155 δὲ
1025 1112 1066 1162 ές
1095 1113 1328 1166 Αἴγυπτον.
1359 1107 1451 1163 ἡδὲ
1463 1115 1507 1149 65

201 1194 420 1247 Αἴγυπτος
456 1197 531 1248 τῆς
569 1192 741 1247 ὀρεινῆς
783 1192 977 1246 Κιλικίης
1015 1188 1195 1246 μάλιστα
1237 1204 1290 1244 κη
1329 1184 1452 1242 ἀντίη

202 1271 363 1314 κέεται*
394 1272 595 1315 ἐνθεῦτεν
625 1272 693 1326 δὲ,
723 1271 766 1323 ές
795 1271 1005 1327 Σινώπην
1033 1268 1111 1327 τὴν
1141 1269 1187 1312 έν
1216 1271 1275 1326 τῷ
1297 1264 1452 1318 Εὐξεί-

148 1455 373 1504 eandemque
404 1455 563 1493 radicem
593 1458 664 1494 sint
688 1468 794 1494 revo-

147 1512 276 1548 canda.

204 1592 438 1647 ὁμουρέουσι
469 1593 510 1635 δὲ
529 1593 795 1648 Κυνησίοισι]

150 1649 312 1701 Cynesios
331 1653 424 1690 infra
444 1653 507 1700 IV,
528 1654 580 1694 49
600 1658 704 1691 vocat
728 1653 796 1704 Cy-

146 1711 266 1755 netas,
294 1721 385 1757 quos
409 1710 556 1747 eosdem
575 1710 798 1747 occidentem

147 1776 272 1801 versus
290 1764 434 1802 ultimos
458 1779 539 1802 esse
566 1766 616 1802 ait
643 1766 799 1815 Stepha-

149 1832 218 1856 nus
237 1819 459 1869 Byzantinus
471 1850 481 1868 ‚
503 1834 726 1870 quorumque
744 1834 800 1858 se-

151 1875 216 1913 des
254 1878 453 1913 accuratius
494 1877 711 1914 definiuntur
754 1876 799 1913 ab

152 1932 289 1969 Avieno
311 1932 375 1969 Or.
397 1933 561 1970 maritim.
581 1935 672 1973 200.
691 1954 745 1959 -—
760 1932 801 1968 In

153 2000 256 2037 seqq.
291 1989 424 2036 verba,
454 2001 547 2037 quae
578 1989 657 2024 libri
682 1988 802 2038 scripti

154 2057 278 2081 omnes
308 2046 465 2082 retinent
502 2042 604 2094 ῥέων
629 2041 700 2092 τήν
730 2045 803 2082 τοῦ

152 2115 188 2139 κ.
208 2114 238 2138 τ.
259 2101 305 2147 λ.,
344 2099 414 2150 ipsi
436 2114 583 2149 quoque
612 2100 803 2137 retinenda

153 2156 375 2203 censuimus,
431 2156 602 2204 neglectis
655 2156 804 2193 aliorum

154 2212 386 2260 coniecturis,
408 2213 469 2262 qui
487 2226 593 2250 voces
612 2212 801 2248 nonnullas

156 2270 234 2305 sine
257 2268 389 2307 idonea
417 2281 523 2306 causa
553 2269 712 2306 sublatas
740 2281 804 2305 vo-

156 2324 309 2362 luerunt.

214 2409 263 2461 τῇ
281 2402 442 2459 Ἰστρίην
462 2409 504 2448 οἵ
521 2407 734 2458 Μιλησίων
752 2407 806 2446 οἶ-

159 2460 292 2501 κέουσι
319 2461 502 2510 ἄποικοι]
546 2465 652 2502 Hane
680 2465 805 2502 urbem

159 2518 220 2554 alii
248 2524 377 2556 vocant
404 2521 539 2567 Istros,
569 2520 627 2556 alii
646 2520 806 2569 Istropo-

159 2573 208 2611 lin
223 2603 233 2620 ,
261 2578 302 2610 ut
323 2580 445 2613 monet
464 2576 633 2613 Larcher.
656 2576 691 2611 in
709 2576 803 2612 Tab.

163 2631 300 2678 Geogr.
325 2643 362 2680 p.
381 2633 464 2672 282
481 2644 556 2680 seq.
614 2631 806 2668 Meridiem

162 2699 285 2723 versus
308 2686 353 2723 ab
375 2687 468 2724 ostio
497 2700 597 2724 sacro
629 2688 696 2723 sita
729 2701 811 2724 esse

163 2742 290 2779 dicitur
309 2755 354 2779 eo
372 2742 471 2789 loco,
485 2756 558 2791 quo
578 2756 671 2779 nunc
685 2742 809 2779 Chius-

162 2802 270 2846 tange
290 2798 365 2836 sive
392 2802 431 2836 ut
451 2798 526 2836 aliis
547 2799 665 2848 placet
688 2798 808 2836 Kara-

164 2855 303 2892 lu'rmen.

1033 1453 1063 1489 c
1076 1464 1142 1503 ap.
1172 1450 1344 1489 xxxrv.

919 1560 984 1605 ἐπ’
1000 1561 1095 1604 ὅσον
1119 1559 1510 1615 μακρότατον-ἕξι-

864 1620 1027 1674 κέσθαι]
1077 1625 1213 1662 Confer
1236 1635 1344 1673 supra
1371 1620 1424 1668 ΙΙ,
1459 1621 1513 1661 29

866 1680 943 1717 init.

921 1734 950 1786 ἦ
970 1733 1011 1773 δὲ
1032 1734 1298 1785 Αἴγυπτος-
1317 1729 1433 1781 α’ντίη
1455 1729 1516 1769 κέ-

870 1790 973 1841 εται]
998 1791 1219 1827 Maritimam
1238 1789 1396 1838 Aegypti
1416 1800 1516 1823 oram

868 1860 941 1883 non
960 1860 1104 1896 prorsus
1122 1846 1269 1882 Ciliciae
1282 1844 1515 1893 respondere,

870 1916 948 1940 cum
971 1915 1064 1938 nunc
1085 1901 1230 1949 quidem
1253 1902 1338 1937 satis
1363 1903 1516 1945 constet,

867 1960 904 1995 in
914 1959 1140 1995 Herodotum
1155 1987 1164 2005 ‚
1178 1960 1238 2007 qui
1261 1959 1417 2007 graviter
1435 1959 1514 1994 sue-

867 2015 914 2051 rit
941 2014 1082 2063 lapfflis,
1119 2015 1263 2052 minime
1296 2014 1516 2060 invehamur,

870 2070 935 2108 sed
962 2071 1102 2107 veniam
1132 2070 1181 2106 illi
1211 2071 1359 2117 demus,
1389 2070 1448 2118 qui
1480 2069 1516 2106 in

869 2127 1072 2163 huiusmodi
1093 2127 1199 2163 rebus
1219 2140 1262 2164 ea
1289 2139 1362 2162 non
1378 2125 1518 2171 viderit,

870 2195 963 2231 quae
1001 2187 1074 2219 tam
1113 2183 1260 2220 remotis
1293 2182 1517 2231 temporibus

870 2240 928 2275 vix
954 2238 1080 2275 melius
1121 2239 1290 2286 cognosci
1322 2237 1517 2287 potuerint.

873 2295 981 2331 Conf.
1003 2294 1155 2332 Rennel.
1179 2295 1200 2331 l.
1216 2295 1237 2331 l.
1259 2308 1294 2345 p.
1318 2293 1410 2334 455.
1440 2292 1520 2330 Nec

874 2351 977 2388 aliter
1003 2351 1230 2387 iudicandum
1263 2352 1309 2387 de
1332 2361 1521 2398 compara-

874 2409 972 2444 tione
993 2419 1100 2455 quam
1121 2407 1213 2443 inter
1225 2406 1297 2443 Nili
1319 2411 1427 2453 atque
1437 2405 1521 2441 Istri

873 2476 1011 2501 cursum
1022 2463 1230 2500 Herodotus
1248 2462 1417 2506 instituit3
1429 2473 1523 2509 quae

874 2523 1047 2568 quantum
1070 2531 1091 2555 a
1108 2531 1192 2556 vero
1213 2518 1414 2563 abhorreat,
1429 2530 1522 2554 nunc

873 2588 979 2612 nemo
999 2576 1075 2612 sere
1100 2575 1223 2611 nescit.
1281 2574 1389 2611 Conf.
1409 2572 1523 2609 Dahi-

873 2644 993 2668 mann.
1019 2631 1041 2667 l.
1061 2630 1083 2666 l.
1103 2644 1187 2680 pag.
1212 2632 1276 2671 87.
1335 2630 1416 2673 Quo
1437 2641 1521 2676 gra-

877 2688 953 2723 vius
982 2686 1067 2722 iliud
1099 2691 1173 2733 est,
1203 2686 1301 2735 quod
1324 2685 1414 2722 haec
1441 2686 1520 2734 ipsa

877 2742 1055 2779 Herodoti
1077 2743 1187 2779 verba
1210 2742 1327 2779 alieno
1348 2742 1416 2778 hoc
1441 2740 1519 2777 loco

877 2798 967 2846 legi,
1000 2798 1036 2834 in
1056 2802 1221 2847 quartum
1239 2797 1370 2835 scilicet
1393 2797 1520 2833 librum

876 2854 1088 2902 reficienda,
1118 2854 1202 2892 olim
1225 2855 1305 2904 quis
1322 2854 1519 2905 suspicatus

1507 722 1585 761 119
