1877 3223
637 206 668 241 C
698 204 729 242 L
760 205 775 241 1
806 207 850 243 O.
912 206 937 241 Ι.
1374 209 1430 249 33

144 314 336 371 οἷληθὲως
374 316 685 373 προκειμένην,
732 314 762 370 ἢ
802 314 879 358 τόν
925 313 1132 358 δεσπότεα
1173 314 1474 374 ἁπολλύναι,80

152 394 171 408 'u
252 393 262 407 ²
305 394 313 407 ἱ
400 393 410 407 C
448 393 457 407 5
497 395 513 406 Ἰ
675 394 684 405 ⁷
734 392 743 405 Ι
1022 396 1034 409 Ρ
1071 393 1080 407 1
1247 393 1256 408 9
1295 395 1305 409 ἱ

121 401 169 451 7η
207 411 344 438 αυτον
382 412 445 438 υπ
487 399 630 438 αλλων
657 397 941 437 απολλυσθαι.
988 411 1173 450 αιρεεται
1202 412 1334 448 αυτος
1360 414 1428 441 πε-

144 479 312 528 ριεῖναι.
348 474 555 529 ἐπειρώτα
587 473 638 529 δὴ
668 473 806 528 λέγων
834 470 954 516 τάδε·
988 472 1128 526 ,,Ἐπεί
1162 492 1212 531 με
1244 473 1429 531 ἀναγκά-

141 557 262 607 ,,ζεις
301 552 507 597 δεσπότεα
545 552 622 597 τὸν
661 552 767 608 ἐμόν
814 553 1020 607 κτείνειν,
1079 551 1160 597 οὐκ
1207 554 1427 607 ἐθέλοντα,

140 665 164 683 ‚,
179 634 284 688 φέρε
315 632 492 677 ἀκούσω
522 634 601 690 τέῳ
632 633 706 676 καὶ
734 630 881 689 τρόπῳ
909 632 1234 689 ἐπιχειρήσομεν
1264 632 1427 690 αὐτῷ.“

117 710 196 754 S‘H
219 713 264 756 δὲ
292 711 580 769 ὑπολαβοῦσα
611 711 710 767 ἔφη·
751 709 847 764 »Ἐκ
877 715 959 755 τοῦ
990 711 1128 755 αὐτοῦ
1156 713 1235 769 μὲν
1261 713 1428 768 χωρίου

139 789 204 847 ,,ἡ
236 790 348 847 ὁρμή
381 792 524 843 ἔσται,
559 789 667 834 ὅθεν
696 806 775 846 περ
806 791 879 834 καὶ
909 792 1072 843 ἐκεῖνος
1102 792 1173 848 ἐμὲ
1201 791 1473 846 ἐπεδέξατο85

27 871 90 915 12
138 886 370 927 ,,γυμνην·
411 871 654 931 ὑπνωμένῳ
693 870 738 916 δὲ
780 870 806 927 ἡ
847 871 1105 926 ἐπιχείρησις
1141 871 1300 916 ἐ’σται.“

1353 871 1430 924 Ὡς

138 950 185 992 δὲ
213 948 409 1005 ἤρτυσαν
444 950 524 1006 την
561 949 815 1007 ἐπιβουλὴν,
856 949 1014 1001 νυκτός
1051 949 1302 1006 γινομένης,
1344 951 1428 1007 (οὐ

135 1028 221 1084 γὰρ
250 1031 416 1102 μετίετο
450 1028 473 1072 ὁ
504 1029 670 1085 Γύγης,
710 1028 812 1072 οὐδέ
855 1030 898 1072 οἵ
939 1031 995 1085 ἡν
1030 1027 1259 1086 απαλλαγὴ
1302 1028 1430 1074 οὐδε-

136 1109 237 1163 μία,
270 1107 377 1151 amo}
409 1108 496 1152 ἔδεε
525 1126 552 1164 η
584 1107 720 1151 αὐτὸν
751 1106 1041 1162 απολωλὲναι,
1070 1108 1099 1164 ἢ
1127 1107 1426 1166 Κανδαύλεα,)

114 1188 279 1230 Ξείπετο
320 1186 363 1237 ἐς
399 1186 477 1231 τόν
509 1186 715 1244 θάλαμον
749 1190 802 1243 τῇ
831 1188 1020 1242 γυναικί.
1059 1188 1134 1231 καί
1162 1204 1239 1244 μιν
1269 1188 1472 1245 ἐκείνη,9ο

135 1265 392 1320 ἐγχειρίδιον
447 1268 614 1318 δοῦσα,
672 1265 965 1320 κατακρύπτει
1015 1264 1104 1311 ὑπὸ
1155 1267 1235 1323 τὴν
1285 1265 1428 1323 αὐτήν

111 1344 293 1400 3θύρην.

352 1343 428 1388 καὶ
455 1344 563 1400 μετὰ
593 1348 754 1398 ταῦτα,
786 1344 1128 1400 ἀναπαυομένου
1144 1346 1425 1396 Κανδαύλεω,

132 1422 342 1474 ὑπεισδύς
381 1439 426 1466 τε
474 1424 547 1467 καὶ
598 1421 855 1474 ἀποκτείνας
896 1421 1053 1474 αὐτόν,
1098 1422 1192 1479 ἔσχε
1232 1426 1306 1469 καὶ
1345 1425 1425 1482 τήν

86 1576 168 1600 esse
193 1563 230 1600 in
258 1564 446 1601 sententiis
468 1563 738 1611 bimembfibus,

85 1620 136 1655 ita
173 1624 212 1656 ut
246 1620 399 1658 alterum
428 1621 630 1657 membrum
659 1621 738 1658 sine

84 1676 335 1714 coniunctione
392 1678 620 1724 subiiciatur‚
688 1678 736 1714 ad

85 1733 185 1780 quod
200 1734 348 1783 proprie
369 1738 509 1784 spectet
539 1728 596 1772 ὦν
620 1738 680 1781 (ut
699 1734 735 1770 h.

84 1788 110 1826 l.
143 1787 330 1839 αἷρέεται)
367 1803 416 1838 qu
507 1791 654 1839 negatio
685 1791 734 1826 ad

84 1844 185 1894 prius
216 1845 268 1892 (h.
289 1846 311 1883 l.
334 1803 582 1903 affcaev)
610 1847 656 1882 sit
675 1860 734 1883 re-

83 1902 247 1938 serenda.
308 1902 428 1944 Quam
448 1902 485 1938 in
516 1917 589 1940 rem
611 1902 736 1938 laudat

84 1957 122 2003 Ι,
154 1958 220 1997 59.
254 1960 347 1998 206.
374 1958 437 2004 IV,
470 1961 560 1999 118.
590 1959 636 2004 V,
667 1962 734 1998 92.

85 2013 165 2051 x'id.
189 2015 346 2050 eundem
367 2014 404 2050 in
422 2015 486 2050 Gr.
501 2016 564 2050 Gr.
590 2013 626 2064 ὃ
642 2014 736 2060 630,

83 2072 123 2116 2,
153 2082 176 2105 a
203 2075 280 2106 not.
311 2083 399 2119 pag.
437 2073 555 2111 1291.

140 2123 236 2177 φέρε
263 2120 422 2164 οἷκούσω
448 2125 521 2164 τέω
551 2124 618 2165 καὶ
649 2121 736 2176 τρό-

82 2195 145 2235 πῳ
176 2167 545 2247 ἐπιχειρήσομε
529 2181 605 2231 εν]
654 2181 735 2220 ἐπι-

81 2222 320 2289 χειρήσομεν
377 2240 536 2275 futurum
590 2244 735 2288 tempus

80 2293 204 2330 laudat
255 2295 441 2332 Ινρτῖθτιιε
491 2294 585 2333 Actt.
632 2294 733 2357 phill.

81 2348 317 2388 Monacenss.
339 2350 354 2386 I
379 2364 416 2400 p.
436 2353 517 2392 233
541 2365 597 2401 sq.
618 2352 655 2387 in
675 2351 732 2397 iis,

83 2419 179 2454 quae
199 2420 278 2443 cum
310 2408 573 2444 coniunctivum
605 2407 732 2444 delibe-

84 2465 238 2499 rativum
287 2464 510 2512 deposcant,
575 2466 734 2500 futurum

83 2519 294 2567 praebeant.
327 2519 385 2556 Cf.
417 2520 524 2556 etiam
561 2520 734 2558 Creuzer.

84 2573 135 2609 ad
151 2573 282 2612 Plotin.
303 2576 350 2611 (le
370 2575 509 2625 pulerit.
528 2590 564 2626 p.
589 2577 669 2617 237
699 2580 735 2613 et

84 2628 179 2665 infra
224 2630 403 2668 Herodot.
451 2632 490 2678 Ι,
546 2633 611 2673 65.
676 2631 734 2669 De

85 2680 248 2723 ἀκούσω
293 2687 516 2724 coniunctivo
564 2688 623 2724 vix
669 2688 734 2725 erit

84 2743 316 2778 monendum.
349 2743 409 2780 Cf.
431 2743 564 2781 Matth.
587 2742 624 2794 ἓ.
639 2744 732 2790 516,

86 2801 123 2838 1.
153 2811 190 2847 p·
217 2799 312 2838 983.
372 2820 427 2826 —-
483 2800 572 2836 Mox
599 2797 731 2839 ὕπνω-

83 2851 214 2905 μένῳε
268 2858 345 2891 est:
407 2858 484 2905 „⁶57
543 2858 575 2895 si
622 2868 734 2895 somno

139 2909 349 2949 Hssnonor.
381 2910 409 2949 l.

801 1564 943 1613 penitus
988 1566 1040 1598 est
1090 1575 1281 1612 oppressus.
1295 1567 1321 1585 ‘⁶
1368 1567 1469 1605 Citat

807 1619 874 1656 Cr.
916 1618 1201 1658 Casauboniana
1239 1635 1281 1673 p.
1322 1624 1376 1664 86
1408 1625 1467 1661 ed.

806 1675 891 1712 Chr.
935 1674 1051 1713 Wolf.

1024 1765 1055 1801 C
1065 1777 1086 1803 a
1095 1779 1134 1817 p.
1166 1765 1247 1804 XII.

860 1838 910 1882 ού
951 1840 1025 1894 γοέρ
1066 1844 1216 1895 μετίετο
1249 1844 1271 1885 ὁ
1302 1843 1460 1899 Γύγης]

803 1899 992 1936 Mediceus
1014 1900 1127 1937 liber:
1152 1900 1338 1951 ἐμετίετο,
1361 1906 1461 1952 quod

805 1956 1013 1991 Gronovius
1052 1956 1121 1991 alio
1147 1956 1226 1992 loco
1268 1958 1326 2004 (Ι,
1367 1960 1460 2006 114,

804 2011 865 2046 ubi
892 2015 1014 2046 tamen
1040 2024 1108 2060 pro
1140 2010 1324 2064 ἐμετείθη
1363 2028 1458 2052 nunc

805 2066 1009 2102 restitutum
1046 2071 1102 2103 est
1137 2070 1321 2120 μετείθη)
1363 2073 1457 2108 tueri

806 2123 954 2158 studuit.
1013 2122 1072 2158 Tu
1120 2125 1193 2162 vid.
1245 2126 1457 2165 Buttmann.

805 2178 976 2215 aussuhrl.
1011 2179 1172 2217 Gramm.
1205 2181 1222 2217 I
1246 2195 1285 2232 p.
1306 2183 1399 2223 543.
1422 2184 1456 2221 ll

802 2248 838 2284 p.
875 2234 968 2275 428.
1027 2235 1069 2271 ln
1105 2250 1187 2286 sqq.
1227 2251 1306 2275 cum
1336 2240 1456 2277 Gaisf.

804 2291 901 2327 edidi
936 2286 1030 2329 ov&
1015 2292 1123 2341 εμία,
1176 2293 1276 2330 libus
1313 2297 1456 2346 scriptis

802 2348 1048 2398 poscentibus,
1080 2349 1196 2398 Vulgo
1217 2365 1264 2389 ov
1257 2347 1368 2402 δεμ
1353 2368 1367 2390 ι
1379 2369 1417 2403 η

861 2401 945 2454 ἔσχε
982 2403 1049 2442 καὶ
1089 2420 1162 2456 την
1188 2412 1357 2458 γυναῖκα
1386 2408 1455 2448 καὶ

803 2474 877 2509 την
899 2461 1112 2511 βασιληίην
1135 2460 1281 2514 Ιύγης]
1308 2465 1454 2502 Discie—

802 2521 893 2566 pant
919 2529 982 2563 ea,
1014 2530 1108 2565 quae
1137 2519 1349 2557 Herodotus
1370 2535 1453 2558 nar

803 2573 895 2609 ravit
931 2586 1097 2622 quaeque
1126 2578 1305 2626 excerpsit
1324 2577 1453 2614 Aristi-

803 2629 860 2665 dis
882 2629 1073 2666 scholiasta
1089 2644 1125 2680 p.
1147 2633 1224 2673 138
1244 2634 1302 2671 ed.
1324 2634 1453 2671 From-

802 2685 885 2723 mel.
919 2686 1081 2722 nonnihil
1112 2689 1157 2724 ab
1188 2689 1340 2726 aliorum
1365 2693 1453 2727 scri-

800 2746 946 2792 ptorum
993 2744 1211 2783 narratione.
1270 2746 1451 2784 Plutarch.

803 2799 970 2841 Quaestt.
1013 2800 1163 2837 Graece.
1196 2815 1233 2852 p.
1263 2804 1344 2844 301
1377 2804 1455 2852 Gy-

802 2869 886 2906 gen)
907 2856 1082 2894 exercitus
1114 2870 1186 2908 ope
1218 2872 1369 2909 reguum
1393 2873 1451 2896 oc-

1151 2914 1178 2952 3
