1909 3228
667 239 970 281 cL10.1.

197 346 400 392 ἁπασέων
426 350 522 392 ’τῶν
557 346 721 405 ἀρχέων
758 348 921 394 πολλόν
966 365 1007 393 τι
1054 349 1282 405 κρατίστη·

1367 242 1453 283 429

1343 349 1452 393 ὅκου
1462 357 1509 391 90

200 428 516 484 Τριτανταίχμῃ
565 432 627 486 τῷ
662 427 923 484 Ἀρταβάζου
964 428 1011 472 ἐκ
1059 428 1268 484 βασιλέως
1310 428 1451 484 ἔχοντι

195 506 274 549 τόν
301 506 441 562 νομόν
468 511 646 559 τοῦτον,

195 585 357 642 ἡμέρης
394 583 562 643 ἀρτάβη
596 586 752 643 μεστή·

698 506 912 564 ἀργυρίου
950 508 1028 563 μὲν
1061 506 1243 564 προσῄει
1273 504 1453 563 ἑκάστης

812 587 839 643 ἡ
871 587 917 630 δὲ
957 584 1145 643 ἀρτάβη,
1187 586 1345 642 μέτρον
1381 587 1453 630 ἐὸν

198 665 439 718 Περσικὸν,
478 666 627 721 χωρέει
666 668 877 722 μεδίμνου
910 665 1095 721 Ἀττικῆς
1123 669 1272 709 πλεῖον
1300 667 1508 721 χοίνιξιθό

168 745 310 799 4τρισὶ
334 743 560 801 Ἀττικῇσι.
595 746 719 788 ἵπποι
748 745 794 789 δέ
824 746 868 788 οἱ
896 742 1037 788 αὐτοῦ
1052 739 1163 800 ἦσαν
1184 746 1295 802 ἰδίῃ,
1319 743 1454 801 πάρεξ

137 974 324 1013 voluntate
345 974 411 1012 sua
439 978 611 1024 agerent,
642 976 710 1027 ipsi
734 989 792 1014 re-

139 1045 206 1081 ges
251 1045 279 1068 s.
310 1031 427 1080 reguli
465 1033 576 1070 fuisse
613 1034 792 1080 videntur,

141 1101 281 1125 summo
302 1087 493 1126 Persarum
518 1090 596 1137 regi
622 1091 679 1126 vix
698 1090 792 1127 inse-

140 1145 253 1181 riores
285 1148 493 1194 potestate,
523 1145 653 1183 divitiis
682 1151 791 1195 atque

140 1199 288 1237 luxurie.
321 1200 527 1238 Ditissimos
552 1202 647 1240 enim
666 1203 791 1250 fuisse,

141 1255 198 1293 rel
216 1256 272 1294 hic
302 1256 400 1293 locus
428 1257 607 1306 declarat,
634 1272 701 1296 nec
721 1259 791 1295 alia

140 1312 243 1350 huius
262 1313 314 1350 rei
336 1313 467 1350 desunt
484 1315 700 1352 testimonia.
732 1315 791 1352 Cf.

138 1368 299 1406 Heeren.
317 1368 430 1406 Ideen
449 1369 487 1416 I,
513 1372 534 1410 1
564 1384 601 1420 p.
621 1373 685 1412 88.
695 1372 789 1412 481.

140 1423 234 1465 495.
292 1424 404 1462 Unde
434 1425 531 1462 haud
568 1427 695 1464 mirum
733 1426 789 1464 vel

138 1480 236 1529 regis
264 1481 427 1529 cognatis
456 1481 513 1519 vel
543 1482 606 1530 iis,
637 1483 699 1532 qui
719 1482 790 1519 ullo

138 1538 249 1575 modo
278 1537 453 1574 affinitate
483 1551 564 1576 cum
595 1552 684 1587 rege
704 1552 791 1576 con-

138 1594 250 1630 iuncti
268 1594 419 1640 suerint,
449 1594 538 1632 tales
557 1596 790 1644 magistratus

100 1679 105 1685 .
139 1650 215 1687 sive
244 1650 419 1699 satrapias
457 1652 616 1701 permitti
655 1652 792 1688 solitas.

139 1706 220 1743 Nec
237 1705 323 1742 illud
341 1706 470 1743 mirum
483 1736 494 1753 ,
508 1707 711 1745 huiusmodi
731 1720 791 1745 sa-

140 1766 263 1812 trapas
286 1761 360 1799 sive
380 1762 526 1810 regulos
546 1763 644 1800 haud
665 1776 747 1800 raro
768 1776 791 1800 a

139 1830 229 1866 rege
258 1830 395 1854 summo
423 1819 617 1856 descivisse
643 1820 793 1868 eiusque

140 1873 390 1911 auctoritatem
436 1874 665 1922 neglexisse,
717 1887 790 1923 quo

140 1930 212 1980 ipsi
228 1942 382 1978 regnum
406 1930 472 1966 sibi
484 1931 694 1968 conderent.
715 1931 792 1968 Sed

141 1986 229 2023 talia
266 1997 310 2023 ex
344 1985 568 2023 orientalium
594 1999 791 2034 regnorum

140 2042 263 2079 indole
290 2045 326 2079 et
360 2042 590 2090 conditione,
620 2055 714 2091 quae
734 2041 792 2080 vel

140 2102 302 2135 nostram
330 2099 379 2134 ad
406 2103 561 2136 aetatem
581 2099 679 2136 haud
709 2111 790 2136 mu-

138 2159 214 2192 tata
229 2155 451 2204 permansit,
471 2154 684 2204 explicanda
696 2159 790 2192 sunt.

197 2225 296 2250 οκου
333 2211 616 2264 Τριτανταίχμῃ
643 2233 691 2239 —·
722 2225 793 2250 τον

140 2281 271 2318 νομον
298 2265 467 2317 τοῦτον]
505 2267 547 2303 In
569 2267 705 2305 Persici
734 2280 794 2304 sa-

139 2327 268 2373 trapae
286 2324 432 2361 nomine
456 2323 564 2361 valde
583 2324 723 2361 variant
751 2324 795 2360 li-

143 2379 211 2416 bri.
242 2379 353 2422 Quod
378 2380 793 2427 dedimus,auctoritate

143 2435 267 2471 nititur
289 2436 399 2485 ipsius
425 2436 603 2473 Herodoti
618 2436 705 2484 VII,
726 2438 792 2477 82.

147 2493 248 2535 121;
278 2503 430 2539 quorum
449 2492 609 2529 locorum
626 2493 662 2529 in
678 2493 792 2543 priori

145 2544 456 2586 Tritantaechmes
486 2548 682 2596 Artabani,
718 2561 794 2586 non

144 2601 318 2638 Artabazi
334 2603 426 2640 filius
445 2604 661 2641 nominatur.
718 2605 796 2642 Sed

145 2657 182 2693 in
199 2657 326 2694 talibus
339 2687 349 2704 ,
371 2659 431 2696 ubi
446 2660 612 2709 proclivis
634 2664 689 2698 est
706 2673 793 2698 con-

143 2713 257 2760 fusio,
314 2714 514 2764 quidquam
554 2720 695 2754 mutare
730 2720 794 2755 aut

143 2773 279 2806 certum
316 2772 551 2819 pronuntiare
581 2772 694 2820 velle,
736 2777 792 2811 te-

144 2825 335 2862 merarium
363 2828 476 2865 videri
502 2828 621 2865 debet.
648 2849 704 2856 —
731 2828 790 2868 De

142 2877 238 2921 ὅκου
259 2881 403 2933 (quum)
423 2887 517 2925 conf.
539 2884 587 2923 ad
606 2885 645 2935 Ι,
667 2886 732 2927 68.

916 971 1107 1040 ἀργυρίου
1150 972 1223 1026 μὲν
1264 970 1433 1030 προσῄει
1455 995 1510 1003 -

860 1027 1012 1085 αρτάβη
1047 1027 1193 1083 μεστῃ]
1254 1032 1313 1070 De
1346 1017 1508 1075 Artaba,

859 1102 952 1138 quae
984 1094 1021 1126 et
1042 1089 1237 1127 Persarum
1263 1092 1319 1126 est
1341 1099 1512 1125 mensura

859 1150 897 1184 et
918 1146 1204 1195 Aegyptiorum,
1225 1145 1393 1182 dixerunt
1404 1145 1512 1182 W'es-

860 1201 987 1250 seling.
1010 1202 1057 1238 ad
1076 1201 1229 1239 Diodor.
1253 1201 1323 1238 Sic.
1341 1201 1434 1249 XX,
1456 1203 1510 1241 96

859 1258 1001 1295 qurm.
1022 1259 1069 1296 de
1089 1258 1227 1308 pondd.
1247 1260 1329 1294 ratt.
1357 1271 1394 1307 p.
1417 1256 1510 1298 134.

858 1315 953 1351 Sunt
979 1315 1073 1352 enim
1102 1314 1200 1350 haud
1230 1313 1337 1364 pauci
1359 1313 1512 1363 scripto-

858 1384 940 1417 reS,
970 1371 1032 1419 qui
1060 1369 1235 1406 Artabam
1259 1370 1378 1406 Attico
1396 1369 1512 1407 medi-

859 1439 944 1464 mno
964 1425 1154 1475 aequalem
1176 1427 1252 1463 fere
1268 1425 1414 1472 saciant,
1430 1438 1512 1462 clun

858 1482 1071 1520 Herodotus
1091 1482 1288 1518 accuratior
1304 1484 1377 1518 tres
1398 1482 1512 1518 addat

859 1538 1048 1576 choenices
1063 1567 1074 1585 ,
1101 1538 1151 1588 ita
1170 1541 1209 1574 ut
1227 1550 1298 1574 una
1317 1537 1445 1574 artaba
1460 1536 1512 1574 LI

860 1595 1048 1632 choenices
1079 1594 1209 1644 capiat.
1249 1593 1434 1643 Aegyptia
1453 1606 1514 1630 ar-

857 1652 944 1688 taba
983 1651 1171 1688 dimidium
1221 1651 1300 1688 fere
1343 1650 1513 1688 Persicae

858 1708 1037 1755 continet,
1067 1706 1218 1759 XXVI}
1237 1706 1425 1744 choenices
1445 1706 1513 1743 At-

858 1763 959 1800 ticas.
996 1762 1056 1799 Ad
1076 1766 1219 1799 nostras
1242 1775 1429 1800 mensuras
1450 1762 1512 1811 qui

858 1819 1028 1867 redigere
1049 1819 1154 1866 velit,
1185 1818 1384 1868 quingenta
1402 1818 1512 1855 millia

859 1874 1099 1923 imperialium
1138 1878 1175 1911 et
1218 1875 1316 1923 quod
1360 1874 1513 1911 excurrit

860 1930 1068 1977 (500‚000
1099 1929 1373 1974 Reichsthaler)
1411 1930 1512 1968 inve-

859 1986 944 2023 niet.
976 1985 1084 2022 conf.
1105 1985 1263 2023 Heeren.
1280 1985 1302 2022 l.
1325 1985 1347 2022 l.
1366 1999 1402 2036 p.
1415 1986 1510 2026 481.

917 2036 1042 2092 πάρεξ
1063 2043 1142 2080 τῶν
1169 2040 1507 2093 πολεμιστηρίων]

858 2097 966 2135 Hanc
988 2110 1067 2134 cum
1083 2097 1286 2146 Schweigh.
1304 2098 1510 2135 reduximus

858 2154 1071 2201 lectionem,
1096 2153 1195 2190 libris
1219 2155 1269 2191 sic
1292 2154 1511 2201 iubentibus,

859 2224 926 2262 pro
947 2208 1234 2260 πολεμιστέων,
1263 2210 1363 2259 quod
1383 2223 1427 2248 ex
1446 2209 1511 2246 Al-

860 2266 946 2304 dina
965 2270 1151 2316 receperat
1176 2266 1393 2315 lVesseling.
1414 2266 1512 2303 aliis-

860 2336 931 2372 que
979 2322 1065 2359 locis
1113 2323 1270 2372 probare
1323 2323 1511 2360 studuerat

860 2379 1050 2426 (Strabon.
1072 2378 1142 2414 XV
1168 2393 1205 2429 p.
1227 2380 1334 2421 1023
1364 2393 1391 2416 s·
1416 2380 1509 2420 698.

859 2435 1014 2473 Diodor.
1034 2433 1141 2471 Sicul.
1161 2434 1194 2471 ΙΙ
1208 2464 1218 2481 ,
1239 2435 1325 2483 41).
1356 2435 1434 2472 Sed
1453 2433 1510 2471 hie

860 2492 981 2543 potior
1020 2503 1100 2528 esse
1145 2491 1302 2528 debebat
1337 2491 1510 2528 librorum

861 2547 1066 2585 auctoritas.
1131 2546 1180 2583 Et
1207 2549 1300 2584 conf.
1328 2547 1508 2585 Herodot.

861 2603 908 2650 V,
932 2606 1021 2644 113.
1052 2625 1107 2631 —-
1135 2603 1177 2640 In
1209 2617 1311 2653 seqq.
1346 2599 1509 2653 ἀναβαί-

861 2673 968 2706 νειν,
999 2660 1049 2696 uti
1068 2654 1219 2709 ὀχεύειν
1251 2660 1376 2707 (unde
1399 2654 1510 2709 ὀχευ-

859 2714 978 2764 ται),
1009 2716 1055 2753 de
1087 2718 1183 2765 equis
1218 2716 1347 2753 dicitur
1376 2715 1509 2752 admis-

859 2786 984 2818 sams,
1022 2776 1193 2809 monente
1237 2772 1432 2809 Frommel.
1471 2771 1509 2808 in

859 2828 1032 2866 Creuzeri
1057 2827 1196 2867 Melett.
1224 2827 1274 2865 111
1300 2841 1387 2880 pag.
1427 2830 1508 2870 157

858 2897 934 2935 seq.
1203 2918 1206 2921 .
