1909 3228
280 724 378 769 192

118 787 237 848 ¹³3¹
241 788 381 861 ’33ἔ,ῗῖ’“ἷ
435 803 510 847 καὶ
538 801 706 846 ἄλλοισι
735 801 915 860 δηλώσω
945 801 1024 860 ὅση
1059 805 1124 855 τίς
1153 803 1264 857 ἔστι,
1294 803 1341 848 ἓν
1369 803 1414 848 δὲ
1435 803 1488 859 δη
1514 820 1589 847 και
1611 819 1691 862 τῳ·

184 827 240 848 ι-ιιι

156 855 285 896 mitae,
297 855 344 881 Asi
321 863 379 882 sia

161 964 217 989 ομ
222 955 365 981 orumioe

156 921 271 948 chmesz
301 926 382 948 arta-

117 930 162 948 ac«

118 996 189 1015 ura:
225 996 314 1016 canes
334 987 380 1016 Ιιι-

126 1022 161 1048 'c‘

435 222 520 262 428

435 331 733 387 Βαβυλωνίων
763 326 817 372 οὐ
855 325 1098 382 μανθάνειν
1136 327 1396 381 ἑαλωκότας·

433 414 524 465 χεῖν
561 407 644 464 γάρ
684 420 763 464 σφι
815 406 978 450 ἐοῦσαν
1008 405 1164 462 ὁρτήν)

826 219 1293 260 HERODOTI

1451 330 1558 375 α’λλοὶ
1597 341 1690 384 (τυ-

1224 407 1419 462 χορεύειν
1451 425 1494 452 τε
1533 414 1692 454 τοῦτον

432 487 510 531 τόν
537 485 714 543 χρόνον,
758 486 830 529 καὶ
859 486 905 529 ἐν
945 485 1198 543 εὐπαθείῃσι
1228 483 1363 540 εἶναι,
1410 487 1452 538 ἐς
1482 486 1506 531 ὃ
1536 487 1588 545 δὴ
1617 489 1689 532 καὶ
1702 495 1746 529 80

431 565 481 609 τό
511 566 649 622 κάρτα
679 564 918 618 ἐπύθοντο,
966 566 1040 610 καὶ
1069 564 1285 622 Βαβυλών
1320 566 1399 623 μὲν
1439 565 1552 610 οὕτω
1594 567 1689 612 τότε

430 648 606 700 πρῶτον
635 642 860 701 ἀραίρητο.

552 722 642 779 Τὴν
672 724 717 767 δὲ
747 723 935 779 δύναμιν
958 725 1048 768 τῶν
1066 725 1363 781 Βαβυλωνίων
1384 727 1584 768 πολλοῖσι
1611 723 1691 779 μὲν

488 913 499 923 .
560 886 739 926 Βασιλεῖ
773 886 834 940 τῷ
868 882 1038 940 μεγάλῳ
1077 883 1120 934 ἐς
1155 883 1328 940 τροφὴν
1368 881 1509 926 αὐτοῦ
1545 898 1589 926 τε
1618 882 1692 926 καὶ

436 963 514 1017 τῆς
555 967 757 1019 στρατιῆς
797 963 1096 1018 διαραίρηται,
1143 962 1277 1017 πάρεξ
1305 965 1385 1005 τοῦ
1415 962 1587 1017 φόρου,
1635 963 1747 1016 γῆ85

407 1044 558 1084 Ξπᾶσα
587 1041 691 1098 ὅσης
720 1039 853 1098 ἄρχει.
886 1041 1081 1085 δυώδεκα
1111 1035 1171 1084 ὧν
1198 1045 1350 1098 μηνῶν
1369 1040 1531 1085 ἐόντων
1552 1041 1594 1091 ἐς
1612 1037 1691 1082 τόν

431 1119 653 1174 ἐνιαυτὸν,
686 1120 790 1173 τούς
818 1119 1021 1176 τέσσερας
1051 1123 1191 1176 μῆνας
1217 1120 1366 1177 τρέφει
1394 1136 1470 1177 μιν
1496 1119 1523 1175 ἡ
1544 1120 1688 1174 Βαβυ-

431 1202 565 1258 λωνίη
603 1199 746 1258 χώρη·

404 1282 553 1324 Βπᾶσα
580 1279 706 1336 Ἀσίη.

431 1358 614 1415 δυνάμει
641 1362 717 1416 τῆς
747 1357 877 1415 ἄλλης
900 1357 1062 1416 Ἀσίης·

427 1436 611 1495 ταύτης,
647 1437 729 1496 τήν
758 1439 803 1483 οἱ
831 1438 999 1494 Πέρσαι
1029 1440 1301 1495 σατραπηίην
1329 1435 1556 1489 καλέουσι,
1601 1435 1688 1479 ἔστι

429 1629 533 1673 ου’τω
544 1629 630 1673 τότε
641 1649 800 1685 πρωτον
813 1629 1021 1686 αραίρητο]

374 1683 500 1727 Altera
532 1691 609 1728 xice
639 1691 772 1728 Darius
800 1704 879 1729 eam
912 1704 1024 1740 expu-

374 1746 522 1792 gnavit,
555 1750 595 1783 ut
630 1751 753 1783 auctor
799 1751 854 1784 est
888 1745 1025 1783 Noster

373 1799 446 1848 ΠΙ,
469 1803 560 1842 159.
610 1802 714 1839 Prior
734 1802 822 1839 haec
841 1802 940 1838 urbis
963 1813 1024 1838 ex-

373 1858 550 1907 pugnatio
594 1858 718 1895 incidit
763 1871 806 1895 ex
852 1857 1025 1894 Larcheri

374 1913 539 1962 calculis,
568 1914 604 1951 in
624 1927 756 1951 annum
782 1915 863 1955 538
884 1926 916 1951 a.
936 1913 1022 1951 Chr.

373 1981 410 2006 n.
449 1969 522 2007 Pro
554 1965 742 2023 ἆραίρητο
782 1970 931 2020 (capta,
961 1982 1023 2006 ex-

369 2030 534 2076 pugnata
555 2032 610 2065 est
619 2027 804 2076 Babylon)
826 2026 920 2064 male
939 2026 1024 2063 olim

375 2077 577 2134 οἷναίρητο,
599 2085 700 2133 quod
716 2084 871 2121 alienam
893 2084 939 2120 ab
956 2083 1025 2120 hoc

372 2138 453 2176 loco
481 2141 696 2178 sententiam
726 2140 847 2178 efficit.
915 2140 1024 2176 Conf.

373 2194 548 2233 Nostrum
587 2197 660 2244 IX,
694 2199 784 2238 101.
833 2195 923 2243 Vll,
957 2196 1024 2243 83,

371 2252 434 2288 ubi
471 2252 597 2291 itidem
637 2248 851 2305 ἀραίρητο,
906 2253 1024 2289 forma

370 2307 493 2345 Ionica
510 2310 555 2347 ab
577 2308 708 2361 αἷρέω.
745 2310 868 2356 Confi,
885 2308 915 2345 si
933 2307 1024 2345 tanti

371 2368 447 2414 est,
475 2365 605 2404 Matth.
636 2365 673 2417 ἓ.
695 2368 775 2408 168
804 2369 880 2402 not.
900 2368 938 2406 2.

555 2451 663 2502 Cap.
694 2450 845 2489 cxcn

427 2530 532 2573 οὕτω
560 2535 789 2600 τριτημορίη
821 2532 849 2586 ἦ
885 2528 1022 2572 Ἀσσυ-

373 2590 439 2641 ρίη
460 2587 567 2642 χώρη
588 2607 635 2646 τη
666 2587 833 2642 ὃυναμει
859 2605 931 2640 της
953 2586 1020 2628 ἄλ-

373 2648 443 2695 λης
462 2643 616 2697 Ἀσίης]
648 2649 690 2685 In
713 2649 867 2686 lectione
886 2646 1020 2684 consti-

372 2704 509 2740 tuenda
540 2706 624 2741 edd.
652 2709 800 2742 recentt.
830 2703 942 2742 secuti
960 2716 1020 2739 su-

373 2770 463 2794 mus.
520 2759 640 2809 Magis
663 2774 684 2797 a
714 2762 884 2798 librorum
911 2758 1020 2797 vesti-

374 2814 440 2861 giis
461 2816 594 2853 recedit
609 2817 754 2866 vulgata
769 2817 871 2855 lectio
886 2830 1018 2867 τριτη-

374 2884 434 2921 μο
449 2870 536 2923 ιρίη
558 2867 682 2925 χώρη,
699 2874 759 2911 ubi
778 2874 947 2913 omissum
964 2875 1020 2912 est

803 1200 905 1253 τοὺς
942 1200 988 1244 δὲ
1026 1197 1141 1244 ὀκτώ
1171 1204 1259 1244 τῶν
1288 1204 1465 1257 μηνῶν,
1501 1196 1528 1255 ἡ
1558 1195 1687 1252 λοιπή

769 1279 883 1323 οὕτω
915 1280 1166 1336 τριτημορίη
1195 1279 1222 1336 ἡ
1260 1278 1460 1335 Ἀσσυρίη
1488 1275 1606 1334 χώρη
1634 1279 1688 1333 τῇ

1119 1359 1194 1402 καὶ
1222 1359 1249 1415 ἡ
1281 1357 1388 1415 ἀρχὴ
1429 1361 1506 1414 τῆς
1544 1355 1688 1413 χώρης

1754 1443 1809 1484 91

1090 1631 1119 1685 ’ἦ
1142 1628 1344 1684 Ἀσσυρίη,
1389 1632 1489 1682 quod
1523 1643 1741 1681 quamquam

1091 1690 1139 1728 ad
1160 1703 1303 1728 sensum
1322 1690 1417 1726 haud
1437 1688 1665 1726 incommode
1677 1687 1742 1724 ab·

1092 1759 1172 1783 esse
1189 1750 1333 1795 potest,
1364 1750 1486 1781 tamen
1509 1744 1606 1780 haud
1625 1743 1741 1779 minus

1091 1802 1186 1839 bene
1219 1801 1390 1837 librorum
1426 1804 1646 1837 vetustorum
1677 1811 1742 1835 au-

1092 1857 1257 1895 ctoritate
1304 1857 1486 1894 retinebis.
1571 1855 1743 1903 Namque

1092 1917 1255 1961 constat,
1303 1914 1348 1950 ab
1380 1913 1572 1950 Herodoto
1606 1915 1742 1949 terram

1093 1969 1330 2020 Babyloniam
1347 1973 1456 2018 atque
1466 1969 1647 2018 Assyriam
1655 1979 1743 2018 pro-

1091 2027 1226 2064 miscue
1255 2026 1344 2072 dici3
1382 2027 1426 2063 cf.
1454 2025 1494 2072 Ι,
1524 2026 1615 2066 178.
1648 2026 1740 2065 198.

1091 2082 1309 2120 Rennelium
1337 2083 1374 2119 in
1399 2083 1537 2131 Geogr.
1561 2080 1739 2118 Herodot.

1091 2152 1176 2190 pag.
1197 2139 1290 2180 497.

1147 2191 1220 2245 τήν
1242 2194 1283 2233 οἵ
1307 2191 1458 2243 Πέρσαι
1489 2191 1739 2242 σατραπηΐην

1090 2249 1297 2301 καλέουσι]
1322 2250 1480 2293 Quidam
1500 2249 1579 2286 libri
1597 2260 1737 2298 σατρα-

1089 2308 1200 2358 πίην.
1228 2308 1303 2344 Sed
1324 2307 1396 2352 111,
1418 2308 1470 2347 89
1498 2306 1575 2342 sine
1594 2304 1664 2341 ulla
1682 2304 1735 2342 le-

1089 2364 1217 2401 ctionis
1253 2363 1427 2399 varietate
1475 2362 1736 2413 σατραπηίην.

1089 2419 1148 2458 De
1176 2419 1366 2457 Persarum
1400 2421 1556 2468 satrapis
1586 2418 1739 2468 plurima

1087 2476 1198 2513 Barn.
1226 2476 1430 2513 Brissonius
1461 2475 1507 2512 de
1531 2487 1608 2523 reg.
1636 2473 1738 2512 Pers.

1089 2534 1201 2584 princ.
1224 2532 1262 2579 l,
1283 2534 1383 2579 168,
1406 2532 1462 2569 cui
1483 2531 1581 2581 quod
1604 2531 1652 2568 ad
1670 2543 1737 2567 no-

1089 2590 1193 2626 minis
1235 2590 1346 2639 ipsius
1384 2589 1560 2625 rationem
1595 2587 1736 2632 attinet,

1088 2646 1185 2684 adde
1212 2651 1287 2682 not.
1323 2649 1483 2682 nostram
1511 2644 1559 2681 ad
1589 2643 1736 2680 Ctesiae

1085 2703 1215 2751 fragm.
1245 2714 1331 2752 pag.
1353 2704 1446 2742 122.
1501 2701 1650 2737 Summa
1677 2711 1736 2736 re-

1086 2772 1164 2795 rum
1186 2760 1222 2795 in
1243 2758 1435 2808 provinciis
1455 2761 1531 2794 erat
1542 2768 1654 2807 penes
1665 2754 1733 2791 hos

1085 2816 1317 2864 magistratus
1336 2842 1347 2861 ,
1377 2813 1534 2862 quicum
1555 2813 1592 2848 in
1619 2810 1733 2847 omni-

1085 2871 1152 2911 bus
1173 2873 1285 2912 ferme
1305 2870 1412 2910 rebus
1439 2881 1508 2922 pro
1526 2867 1672 2907 arbitrio
1689 2877 1732 2904 ac
