1909 3228
581 223 1097 262 EUTERPE.11.

179 332 342 376 Ξέοὔσα
369 335 485 376 πᾶσα
513 331 642 389 ὑπτίη
683 348 725 376 τε
754 332 826 376 καὶ
856 330 1065 387 ἄνυδρος,
1106 331 1179 375 καὶ
1208 330 1314 384 ἰλύς.

1377 226 1460 265 489

1374 333 1460 376 ἔστι

209 412 254 455 δὲ
285 411 386 463 ὁδός
416 412 458 463 ἐς
476 412 554 468 τὴν
578 411 857 456 ΓἩλιούπολιν
879 411 962 455 ἀπὸ
981 409 1200 467 θαλάσσης
1220 412 1311 454 ἄνω
1334 412 1459 462 ἰόντι,

207 494 483 548 παραπλησίη
513 492 561 535 τό
590 496 727 548 μῆκος
755 495 807 549 τῇ
836 492 877 543 ἐξ
903 489 1121 547 Ἀθηνέων
1151 490 1263 549 ὁδῷ,
1294 495 1347 549 τῇ
1374 489 1456 534 οἷπὸ

152 676 188 712 in
213 677 381 724 regione,
412 689 505 726 quae
532 689 627 713 nunc
653 679 800 713 vocatur

151 732 316 769 Καίίιιὺῖε
336 735 381 770 ab
400 734 488 769 urbe
517 733 704 769 recentiori
728 732 800 768 Ke-

150 788 242 834 liuh,
272 790 308 825 in
340 802 413 837 quo
450 789 528 838 ipso
562 788 797 838 Heliopoleos

149 858 281 881 nomen
302 844 461 881 nonnihil
475 848 650 881 mutatum
664 858 799 893 cogno-

148 901 199 937 sci
215 900 350 937 volunt.
377 900 650 937 Accuratissime
662 901 798 938 deseri--

146 962 296 1006 pserunt
310 957 406 993 docti
428 957 524 993 Galli
550 957 586 993 in
605 957 730 994 Descr.
750 957 797 994 de

147 1013 247 1061 l'Eg.
290 1012 439 1062 Antiqq.
484 1018 509 1050 t.
540 1013 573 1049 ll
610 1014 740 1050 livrais.
770 1016 794 1053 3

147 1069 251 1118 chap.
272 1069 362 1105 XXI
388 1083 422 1119 p.
447 1071 473 1110 3
501 1083 603 1118 seqq.
645 1070 705 1106 Tu
724 1070 792 1106 vid.

148 1125 256 1162 etiam
283 1126 435 1163 Reunel.
471 1125 492 1161 l.
523 1125 545 1162 l.
582 1139 666 1175 pag.
700 1128 795 1166 598.

149 1183 230 1222 623
260 1186 295 1218 et
325 1182 488 1231 inprimis
534 1183 664 1219 Ritter.
700 1182 797 1218 Erd-

148 1237 260 1274 kund.
293 1237 308 1274 I
337 1251 421 1288 pag.
442 1239 534 1278 823.
584 1239 660 1275 Sed
683 1240 796 1285 suere,

148 1295 209 1341 qui
220 1298 365 1331 auctore
375 1295 519 1342 Bryano
532 1295 707 1343 duplicem
720 1295 797 1331 He-

145 1349 321 1399 liopoleos
354 1352 479 1388 urbem
506 1351 798 1399 distinguendam

147 1419 226 1442 esse
254 1407 443 1452 docerent,
492 1406 642 1443 alteram
668 1406 798 1443 Arabi-

146 1475 245 1507 cam,
277 1462 374 1499 cuius
402 1461 629 1499 Ptolemaeus
650 1475 796 1510 quoque

145 1519 368 1566 meminerit,
416 1519 464 1555 ad
493 1518 631 1555 laevam
663 1519 794 1555 canalis

144 1573 342 1621 Pelusiaci,
373 1587 395 1611 a
417 1575 507 1612 mari
529 1575 557 1611 si
579 1575 796 1622 ascenderis,

146 1630 272 1678 sitam,
301 1631 361 1668 ubi
380 1644 474 1668 nunc
489 1631 585 1668 vicus
609 1631 796 1678 Matarea3

145 1686 309 1733 alteram,
339 1688 494 1737 priorem
514 1692 549 1724 et
569 1688 614 1724 ab
628 1688 797 1724 Herodo-

144 1746 184 1778 to
203 1749 529 1790 commemoratam,
547 1745 583 1780 in
596 1744 676 1793 ipsa
690 1744 798 1782 Delta

145 1799 250 1834 sitam
271 1799 364 1836 intra
380 1800 660 1847 Sebennyticum
679 1805 715 1837 et
725 1801 798 1836 Ca-

145 1854 315 1902 nopicum
350 1856 520 1892 canalem.
560 1856 636 1891 Sed
659 1856 704 1892 de
732 1855 799 1892 hac

145 1909 329 1960 Heliopoli
355 1924 461 1947 nemo
498 1915 659 1948 veterum
693 1912 799 1959 quid-

147 1978 254 2014 quam
280 1966 447 2015 protulit,
479 1967 700 2015 multumque
733 1967 799 2002 ab-

148 2027 226 2068 est,
272 2026 312 2058 ut
357 2024 541 2070 confusio,
590 2036 699 2071 quam
739 2023 797 2059 isti

147 2078 347 2124 somniant,
377 2079 539 2126 tollatur,
569 2084 608 2114 ut
629 2080 721 2116 adeo
735 2091 798 2114 au-

146 2139 286 2183 geatur.
345 2134 468 2178 Quare
486 2135 682 2181 Larchero,
707 2135 796 2180 aliis,

146 2190 239 2227 hanc
285 2192 503 2228 sententiam
548 2191 797 2241 amplectenti-

148 2247 234 2293 bus,
271 2247 349 2284 iure
379 2247 565 2284 oblocutus
596 2252 634 2285 et
663 2247 797 2284 Cham-

146 2302 254 2352 pollio
278 2302 299 2339 l’
312 2304 447 2354 Egypt.
476 2317 559 2341 sous
585 2303 606 2340 l.
636 2303 742 2340 Phar.
764 2303 797 2340 Π

149 2371 234 2407 pag.
261 2360 314 2399 36
341 2373 467 2408 seqq.,
495 2360 556 2409 qui
594 2360 795 2408 vulgatam,

150 2426 258 2461 quam
275 2428 340 2451 nos
360 2417 612 2466 proposuimus
635 2417 680 2453 de
700 2417 796 2453 urbis

151 2470 401 2509 celeberrimae
446 2474 519 2509 situ
561 2474 797 2518 sententiam,

151 2525 246 2562 idem
268 2528 451 2576 probavit,
480 2530 674 2565 accedente
694 2528 799 2565 Man-

152 2586 255 2617 nerto
275 2583 311 2617 in
330 2583 467 2632 Geogr.
480 2584 525 2630 X,
548 2588 563 2624 1
584 2584 710 2633 p.481
723 2598 798 2633 seq.

153 2637 246 2678 535.
271 2638 318 2674 Et
327 2643 410 2676 aute
421 2640 729 2689 Champollionem
740 2653 800 2677 co—

152 2693 287 2743 piosius
314 2695 561 2732 disseruerunt
586 2697 681 2733 docti
704 2696 799 2732 Galli

150 2749 222 2797 illi,
251 2763 343 2798 quos
371 2751 552 2788 citavimus
571 2752 592 2788 l.
620 2752 641 2789 l.
670 2764 755 2801 pag.
773 2755 798 2793 9

155 2819 256 2854 seqq.
286 2806 457 2845 Larcheri
479 2808 700 2857 aliorumque
720 2809 798 2858 opi-

154 2862 263 2900 nione
291 2862 432 2902 reiecta.
475 2864 535 2902 Tu
555 2865 625 2902 vid.
654 2865 798 2915 potissi-

867 688 965 713 mum
989 675 1128 713 Herod.
1161 677 1213 723 Il,
1244 679 1281 718 9.
1335 676 1515 713 Graecum

866 731 1100 781 Heliopoleos
1130 746 1262 770 nomen
1288 745 1367 770 cum
1393 731 1517 780 Aegy-

865 789 942 838 ptio
979 790 1169 826 convenire
1214 794 1296 838 post
1332 788 1514 825 lablousk.

866 845 1019 893 (Opusc.
1050 845 1065 881 I
1098 858 1133 894 p.
1160 848 1247 885 184.
1274 846 1370 889 185)
1396 845 1514 880 multis

865 900 999 949 placuit
1018 901 1100 937 viris
1120 902 1233 938 doctis·
1255 906 1291 938 et
1312 901 1516 951 nuperrime

865 956 1127 1006 Champollioni
1155 957 1176 994 l.
1205 958 1227 994 l.
1259 971 1342 1008 pag.
1363 957 1428 997 40.
1449 956 1515 1003 41,

865 1012 894 1048 si
924 1013 1070 1060 quidem
1103 1013 1178 1060 On,
1234 1027 1304 1062 quo
1344 1012 1515 1049 vocabulo

864 1068 974 1105 etiam
991 1069 1133 1119 Coptae
1155 1070 1279 1107 urbem
1302 1069 1516 1117 significant,

862 1123 1125 1174 Aegyptiorum
1140 1125 1263 1175 lingua
1285 1127 1435 1163 denotat
1458 1124 1518 1161 lu.-

866 1193 948 1227 cem,
976 1182 1089 1218 solem.

921 1235 1041 1276 ἐοῦσα
1060 1239 1169 1276 πᾶσα
1188 1234 1329 1287 ὑπτίη]
1352 1234 1472 1287 ’ὑπτίη
1491 1236 1515 1274 i.

865 1306 897 1330 e.
918 1297 1056 1342 supina,
1082 1293 1206 1343 plana,
1227 1296 1438 1343 campestris,
1459 1293 1517 1330 de-

858 1362 993 1398 pressa,
1010 1355 1157 1386 auctore
1176 1351 1300 1396 Suida,
1322 1351 1381 1399 qui
1394 1348 1517 1388 ’ὑπτία

864 1405 982 1443 πεδία
1004 1406 1150 1454 exponit
1174 1403 1220 1443 τοὶ
1245 1401 1383 1455 ὁμαλά.
1423 1405 1517 1443 Lar-

865 1461 991 1498 cherus
1009 1462 1248 1498 Horatianum
1264 1461 1350 1498 illud
1364 1463 1515 1510 profert:

861 1519 1022 1566 supinum
1063 1517 1189 1553 Tibur.
1226 1517 1426 1565 Schweigh.
1468 1518 1516 1553 ad

862 1573 1022 1611 Iudicem
1043 1574 1200 1611 Graecit.
1213 1573 1369 1624 Appian.
1392 1586 1517 1610 aman-

864 1630 939 1666 dat.

924 1682 1114 1736 ἄνυδρος]
1157 1686 1357 1724 Larcherus
1396 1686 1516 1722 invitis

864 1741 965 1779 libris
994 1743 1224 1779 scribendum
1262 1746 1384 1780 censet
1426 1739 1516 1780 εὔυ-

867 1799 960 1848 δρος
978 1799 999 1834 i.
1022 1812 1051 1835 e.
1070 1802 1173 1847 aquis
1194 1801 1347 1846 irrigua,
1376 1798 1518 1834 laudat-

866 1867 937 1902 que
950 1855 1011 1900 IV,
1025 1854 1091 1900 47,
1111 1855 1171 1890 ubi
1191 1868 1257 1904 pro
1277 1851 1443 1903 εὔυδρος
1464 1853 1518 1889 bi-

865 1909 902 1945 ni
919 1910 998 1945 libri
1018 1909 1198 1959 ἔνυδρος,
1229 1910 1328 1958 quod
1353 1909 1386 1945 h.
1410 1908 1432 1946 l.
1460 1922 1517 1946 re-

865 1966 1024 2014 positum
1059 1966 1233 2002 maluerat
1261 1966 1453 2002 Hennicke
1479 1965 1517 2001 in

866 2022 1066 2059 Comment.
1086 2022 1132 2058 de
1152 2021 1290 2069 Geogr.
1310 2021 1418 2057 Afric.
1439 2021 1517 2058 He-

864 2078 943 2113 rod.
977 2090 1061 2126 pag.
1103 2076 1168 2118 64.
1237 2077 1517 2114 Larcherianam

865 2134 1175 2180 emendationem,
1199 2135 1297 2182 quod
1315 2134 1440 2179 miror,
1460 2147 1517 2170 se-

864 2194 965 2226 cutus
986 2193 1041 2226 est
1059 2190 1431 2238 Schweighaeuserus,
1448 2202 1515 2226 nos

862 2246 1044 2294 vulgatam
1070 2247 1307 2291 restituimus,
1332 2247 1442 2282 secuti
1464 2246 1517 2281 iu-

863 2303 992 2339 dicium
1022 2302 1238 2339 Gaissordii:
1282 2301 1516 2351 „Aegyptum

864 2360 959 2395 enim
986 2361 1087 2408 aquis
1109 2361 1280 2407 irriguam
1304 2362 1440 2395 temere
1462 2359 1516 2394 di-

866 2416 980 2460 xeris,
1011 2428 1104 2463 quae
1129 2415 1204 2452 lNili
1228 2414 1342 2451 solum
1363 2414 1517 2451 inunda-

865 2472 1023 2508 tionibus
1045 2471 1322 2509 foecundetur.“

922 2529 972 2580 τῇ
1005 2526 1043 2574 ἐξ
1075 2524 1275 2577 Ἀθηνέων
1307 2523 1406 2580 ὁδῷ]
1444 2525 1516 2562 Pro

864 2579 1113 2633 Ἀθηναίων,
1144 2584 1244 2632 quod
1264 2582 1347 2619 olim
1367 2582 1516 2630 legeba-

866 2645 947 2686 tur,
986 2653 1065 2676 cum
1100 2642 1250 2677 recentt.
1292 2639 1516 2688 reposuimus

864 2693 1085 2746 Ἀθηνέων,
1115 2696 1165 2732 uti
1182 2695 1345 2732 voluerat
1363 2695 1515 2732 Valcke-

866 2765 963 2799 nar.,
983 2753 1044 2800 qui
1072 2752 1138 2789 hac
1164 2753 1211 2789 de
1231 2752 1347 2788 forma
1366 2750 1514 2800 genitivi

865 2809 1007 2845 laudat:
1038 2808 1073 2854 I,
1092 2810 1155 2849 98.
1174 2808 1244 2854 VI,
1264 2810 1352 2848 127.
1377 2807 1456 2851 VH,
1477 2809 1514 2847 6.

867 2867 932 2907 62·
960 2867 1024 2906 90.
1055 2864 1158 2913 Vlll,
1188 2867 1277 2907 100-
1305 2866 1395 2907 118·
1423 2865 1514 2905 120.
