1909 3228
561 166 984 206 EUTERPE.
1041 165 1087 203 11.

1371 166 1453 206 761

198 277 457 335 Δήμητρος,
487 276 646 335 ἀπέχον
671 280 746 334 τῆς
774 275 926 329 πόλιος
948 276 1104 321 ἐείκοσι
1126 274 1352 327 σταδίους·
1383 275 1458 319 καὶ

140 455 210 490 ruit
232 455 401 491 Creuzer.
425 454 461 491 in
482 457 687 491 commentt.
713 452 792 490 He-

141 511 246 546 rodd.
270 525 306 560 p.
325 511 426 552 419:
456 511 621 558 „Zo‘ega
642 511 688 547 de
706 510 794 546 obe-

141 567 237 603 lisce.
259 580 295 616 p.
315 569 396 607 307
423 580 524 616 seqq.
547 568 594 603 ad
614 566 795 603 Herodoti

142 623 258 659 locum
288 623 376 660 haec
412 624 602 673 apposuit:
645 622 794 669 „„Hos

141 692 227 716 vero
265 679 391 729 lupos,
430 692 521 728 quos
563 678 795 716 sacerdotalis

142 736 288 784 mythus
318 737 515 772 inferorum
543 735 727 772 ministros
760 738 795 772 et

142 792 438 842 psychopompos
457 793 584 839 genios
614 791 796 838 indigitat,

143 849 179 884 in
199 848 350 895 singulis
372 849 447 884 fere
469 848 609 883 mumiis
631 848 796 895 arcisque

143 916 265 941 earum
279 904 394 953 pictos
415 903 732 953 deprehendimus,
757 907 796 939 ut

142 959 333 1009 plurimum
363 973 560 997 averrunco
599 962 715 1008 flagro
748 960 796 996 ad

142 1016 259 1053 malos
288 1017 486 1054 daemones
523 1017 712 1053 animabus
739 1016 796 1052 in-

141 1072 282 1109 hiantes
331 1073 534 1121 abigendos
592 1073 797 1109 instructos.

141 1129 288 1166 Scilicet
335 1142 448 1178 rapax
494 1129 647 1176 animal,
698 1129 798 1178 quod

143 1190 252 1222 noctu
287 1187 440 1222 maxime
477 1186 623 1223 oberrat
656 1186 796 1234 subque

145 1242 229 1278 solis
253 1247 369 1278 ortum
393 1243 440 1278 ad
462 1255 590 1292 specus
617 1246 652 1278 et
673 1243 798 1278 deser-

143 1303 180 1334 ta
200 1298 357 1345 aufugit,
383 1297 573 1348 Aegyptiis
598 1311 713 1347 aeque
742 1302 798 1334 at-

143 1367 214 1402 que
241 1354 317 1390 aliis
344 1354 487 1404 populis
510 1354 692 1403 plerisque
712 1367 795 1390 orco

143 1415 338 1458 cognatum
359 1411 472 1446 visum
496 1415 570 1457 est,
596 1415 631 1447 et
653 1416 798 1446 noctur-

143 1467 197 1503 nis
218 1470 361 1503 tantum
387 1467 522 1503 umbris
551 1466 725 1503 confisum
748 1466 794 1502 ab

143 1521 203 1559 illa
229 1523 380 1560 obscura
410 1524 583 1571 regione,
622 1522 705 1558 solis
737 1536 796 1559 ra-

143 1579 212 1615 diis
233 1579 429 1629 impervia,
449 1580 496 1616 ad
515 1583 679 1615 nostrum
693 1592 798 1615 mun-

144 1636 229 1672 dum
254 1648 467 1673 commeare.
506 1636 628 1685 Ipsum
651 1648 798 1684 quoque

145 1693 328 1729 osiridem
356 1693 542 1742 assumpta
576 1691 650 1741 lupi
679 1693 798 1741 specie

145 1749 190 1784 ab
216 1749 340 1785 inferis
363 1749 514 1786 rediisse
537 1748 614 1784 Oro
642 1748 800 1797 opitula-

145 1809 222 1840 tum
241 1805 413 1841 adversus
432 1803 673 1854 Typhonem,
704 1804 800 1841 inter

145 1872 290 1897 caussas
338 1860 412 1910 lupi
451 1861 549 1910 apud
598 1859 800 1908 Aegyptios

146 1917 344 1953 consecrati
387 1921 511 1953 narrat
548 1915 733 1953 Diodorus
771 1916 799 1962 I,

147 1974 201 2012 88
238 1972 317 2010 coll.
362 1973 491 2020 Synes.
527 1973 573 2009 de
612 1973 751 2021 provid.
780 1972 798 2008 I

145 2042 182 2078 p.
208 2029 298 2069 115.
359 2029 455 2065 Hinc
477 2030 587 2066 etiam
610 2032 678 2074 est,
699 2029 800 2077 quod

146 2085 271 2135 lupum
293 2086 446 2122 Osiridis
475 2085 579 2122 inferi
598 2084 799 2132 symbolum

147 2145 186 2178 et
205 2143 399 2178 commercii
415 2142 509 2179 inter
524 2145 685 2190 utrosque
700 2153 799 2177 mun-

145 2197 229 2244 dos,
271 2210 429 2248 superum
457 2202 493 2236 et
522 2197 693 2247 inferum,
724 2202 800 2233 tum

147 2255 183 2291 in
204 2254 344 2291 duobus
357 2254 572 2304 anaglyphis
587 2254 802 2291 museiBor-

147 2310 246 2359 giani
261 2323 304 2347 ex
323 2310 515 2360 Aegyptiis
546 2311 680 2360 cryptis
700 2310 801 2346 abla-

147 2368 225 2412 tis,
271 2371 346 2402 tum
384 2368 420 2403 in
467 2367 615 2404 obelisci
654 2368 803 2415 cuspide

148 2423 414 2459 Wanstediana
461 2436 569 2473 super
614 2422 802 2459 simulacro

151 2479 338 2526 Osiridis,
386 2492 493 2528 quem
529 2480 801 2516 circumstantes

149 2535 307 2571 adorant
337 2539 375 2571 et
406 2536 512 2571 donis
539 2535 707 2585 placant,
740 2548 803 2572 eo-

149 2591 232 2627 dem
256 2604 328 2639 quo
351 2592 388 2627 in
415 2592 554 2627 mumiis
583 2591 709 2627 habitu
741 2604 803 2628 ex-

149 2659 315 2696 pressum
338 2648 655 2696 conspicimus-““
702 2646 807 2684 Haec

149 2703 278 2751 Zoega
306 2705 499 2741 verissime.
572 2702 653 2739 Nec
689 2703 807 2740 minus

148 2764 248 2796 recte
286 2759 345 2796 alii
384 2759 448 2796 viri
490 2759 589 2796 docti
626 2759 731 2808 lupos
769 2760 807 2796 in

148 2815 290 2853 mumiis
324 2817 528 2865 geminatos
574 2827 642 2865 pro
672 2815 807 2853 infero-

861 465 939 489 rum
960 452 1056 499 (sive
1077 450 1283 499 Amenthis)
1303 450 1514 487 custodibus

861 510 1052 559 accipiunt.
1084 508 1185 556 (Vid.
1207 508 1358 545 Becker.
1379 508 1415 543 in
1445 508 1515 543 Au-

863 570 960 614 gust.
984 565 1052 601 vol.
1077 565 1092 601 Ι
1119 565 1166 601 ad
1186 565 1259 601 tab.
1274 564 1300 600 Ι.
1330 564 1513 611 Bisttiger.

864 623 900 658 in
921 621 1086 657 Arelliiol.
1104 621 1138 656 d.
1167 620 1318 658 Malerei
1346 620 1359 656 Ι
1390 633 1427 669 p.
1448 620 1512 660 55.

865 680 929 718 63.
951 677 1037 724 65.)
1085 677 1218 725 Neque
1241 690 1325 713 vero
1345 677 1515 713 omitten-

863 735 950 770 dum
973 733 1126 770 alterum
1143 733 1252 778 illud,
1277 738 1352 769 tam
1376 746 1516 769 sacrum

863 791 976 827 fuisse
1002 789 1125 839 lupum
1152 790 1366 837 quibusdum
1392 788 1516 838 Aegy-

863 847 971 896 ptus,
1006 851 1046 882 ut
1067 846 1215 883 herbam
1237 859 1385 894 quoque
1401 846 1433 882 ei
1454 847 1517 883 be-

866 903 957 939 stiae
993 901 1170 939 letiferam
1207 902 1242 938 in
1280 906 1394 939 terras
1432 914 1516 938 suas

864 959 1051 1008 importari
1081 958 1327 1008 prohiberent.
1387 958 1515 1004 (Conf.

863 1015 1004 1052 Aelian.
1028 1015 1063 1051 h.
1091 1027 1122 1051 a.
1153 1014 1226 1061 IX,
1260 1015 1344 1062 18.)
1401 1014 1518 1062 Igitur

863 1076 968 1109 erant
983 1072 1019 1107 in
1039 1072 1228 1122 Aegypto,
1258 1071 1319 1119 qui
1341 1071 1518 1120 parcitum

863 1128 995 1165 vellent
1022 1127 1135 1177 lupo,
1172 1131 1300 1177 utpote
1340 1127 1517 1164 bonorum

864 1185 972 1222 etiam
1013 1185 1164 1221 deorum
1206 1196 1328 1220 sacrae
1365 1183 1517 1220 bestiae.

866 1241 965 1283 Quid
995 1239 1166 1288 quaeris?
1206 1240 1387 1289 Superum
1427 1240 1519 1277 infe-

863 1310 1016 1345 rumque
1037 1300 1317 1333 commeatorem
1337 1296 1461 1346 lupum
1482 1300 1519 1334 et

864 1352 1039 1402 Aegyptii
1062 1356 1314 1400 agnoverunt,
1342 1357 1380 1389 et
1402 1353 1520 1389 Grae-

865 1421 988 1445 corum
1014 1409 1059 1454 ii,
1093 1410 1154 1457 qui
1175 1407 1333 1458 Apollini
1359 1408 1521 1445 Dianae-

865 1477 936 1513 que
985 1465 1196 1501 dicaverunt
1241 1463 1328 1499 illud
1374 1464 1518 1502 animal.

862 1520 1043 1558 Nimirum
1074 1520 1159 1557 lucis
1190 1533 1374 1557 accessum
1399 1525 1435 1558 et
1462 1534 1521 1558 re-

863 1590 1027 1626 gressum
1055 1591 1134 1614 cum
1159 1577 1404 1627 quotidianum
1444 1581 1521 1614 tum

866 1647 1019 1670 (inunum
1037 1632 1105 1671 hoc
1116 1634 1282 1683 symbolo
1296 1633 1520 1670 declaratum

865 1690 1059 1726 voluerunt
1107 1696 1246 1728 veteres
1302 1690 1518 1727 sacerdotes.

869 1746 1047 1789 Quocirca
1070 1748 1178 1783 etiam
1199 1747 1247 1782 ad
1273 1748 1367 1782 vitae
1384 1748 1523 1782 mortis-

870 1815 934 1851 que
969 1805 1086 1852 superi
1115 1803 1290 1852 inferique
1320 1802 1443 1838 munda·
1466 1802 1522 1839 αἰ-

869 1863 984 1894 ternas
1002 1861 1093 1895 vices
1116 1860 1283 1896 traducta
1301 1857 1390 1895 haec
1407 1863 1522 1895 tesse-

868 1927 909 1951 ra
932 1919 996 1951 est.
1055 1915 1274 1964 quueipsa
1299 1914 1366 1950 illa
1387 1914 1523 1963 fabula

868 1971 1113 2021 Rhampsz'm'ti
1146 1975 1290 2021 spectat.
1356 1970 1522 2009 Descen-

869 2028 973 2064 derat
1001 2041 1062 2065 rex
1094 2028 1142 2065 ad
1168 2029 1326 2076 inferos,
1364 2028 1523 2076 indeque

869 2085 1028 2121 redierat
1046 2086 1082 2121 in
1109 2085 1201 2122 hanc
1223 2085 1351 2121 lucem.
1412 2084 1522 2121 Unde

869 2141 1049 2177 ducuntur
1067 2142 1265 2190 primordia
1277 2143 1451 2178 festorum
1473 2141 1524 2177 ri-

868 2201 981 2233 tuum.
1041 2198 1220 2235 Sacerdos
1247 2197 1415 2246 obligatis
1439 2210 1523 2233 ocu-

869 2253 911 2289 lis
930 2254 1084 2291 mittitur
1107 2255 1153 2290 ad
1175 2255 1298 2290 sanum
1318 2254 1423 2290 Isidis
1447 2254 1524 2291 sive

871 2310 1027 2347 Cereris.
1099 2309 1249 2347 Ducunt
1283 2314 1318 2347 et
1345 2310 1524 2347 reducunt

871 2366 946 2402 bini
980 2366 1067 2416 lupi.
1143 2367 1246 2404 Haec
1281 2367 1401 2402 omnia
1436 2365 1523 2402 nihil

872 2422 968 2459 aliud
988 2423 1182 2471 loquuntur
1203 2435 1311 2471 quam
1324 2422 1523 2459 doctrinam

870 2479 967 2515 illam
987 2479 1236 2525 sacerdotum,
1267 2479 1312 2515 ab
1331 2479 1523 2515 Herodoto

871 2534 1085 2584 explicatam
1106 2535 1273 2584 sequenti
1301 2535 1420 2584 capite
1449 2535 1523 2582 (ΙΙ,

874 2593 989 2638 123);
1009 2591 1173 2627 nimirum
1195 2604 1265 2627 esse
1285 2591 1431 2627 hominis
1443 2593 1522 2628 ani-

875 2659 966 2683 mam
992 2647 1219 2684 z'nztnortalem
1236 2677 1247 2694 ,
1291 2647 1350 2683 sed
1379 2648 1525 2685 alternis

874 2704 1009 2740 vicibus
1040 2704 1126 2740 illuc
1161 2703 1356 2740 descendere
1394 2706 1432 2741 in
1465 2705 1523 2741 ob-

874 2773 978 2796 scura
1007 2773 1117 2809 regna
1142 2760 1296 2798 Cereris-
1311 2759 1439 2808 Isidis,
1468 2762 1525 2798 in·-

875 2815 982 2867 deque
1003 2819 1132 2855 reverti
1153 2819 1191 2856 in
1222 2817 1311 2855 Ιιαιισ
1340 2819 1438 2856 vitae
1466 2817 1523 2855 lu-
