1909 3228
151 1147 212 1178 pto.

487 228 569 268 884

881 224 1345 263 HERODOTI

485 336 555 380 καὶ
590 336 793 387 Φώκαια,
824 334 896 376 καὶ
927 335 1220 390 Κλαζομεναί·
1254 333 1465 388 Δωριέων
1484 335 1550 385 δὲ,
1572 334 1790 387 Ῥόδος,4ι’)

486 415 557 458 καὶ
587 415 769 465 Κνίδος,
799 413 871 456 καὶ
898 411 1251 469 Ἁλικαρνησσὸς,
1281 412 1352 455 καὶ
1388 411 1597 468 Φάσηλις·
1628 415 1733 456 Αἰο-

457 495 597 537 3λέων
628 493 692 544 δὲ,
731 489 758 547 ἡ
789 493 1100 546 Μυτιληναίων
1136 491 1289 546 μούνη.
1345 489 1510 534 τούτων
1540 492 1617 545 μέν
1647 491 1734 534 ἔστι

482 575 608 615 τοῦτο
640 571 688 614 τὸ
718 570 913 626 τέμενος,
945 570 1017 612 καὶ
1047 569 1292 622 προστάτας
1315 573 1394 612 τοῦ
1419 570 1629 623 ἐμπορίου
1653 564 1734 612 αὖ·

455 656 556 694 4ται
587 651 631 692 αἱ
658 648 782 699 πόλις
811 649 890 691 εἰσὶ
922 649 966 690 αἱ
994 649 1269 703 παρέχουσαι.
1302 647 1403 691 ὅσαι
1432 649 1476 690 δὲ
1511 648 1635 691 ἄλλαι
1652 647 1732 691 πό-

482 733 547 780 λις
565 731 915 783 μεταποιεῦνται,
947 726 1075 770 οὐδέν
1105 739 1182 781 σφι
1213 726 1362 782 μετεόν
1390 731 1733 783 μεταποιεῦνται.
1745 731 1789 766 45

452 808 608 863 ’χωρὶς
637 807 701 857 δὲ,
742 808 965 861 Αἰγινῆται
994 802 1056 848 ἐπ’
1093 805 1268 849 ἑωυτῶν
1299 805 1532 860 ἱδρύσαντο
1563 806 1734 861 τέμενος

481 885 613 935 Διός·
644 886 714 928 καὶ
736 884 838 928 ἄλλο
860 883 1041 939 Σάμιοι,
1061 884 1214 941 ἽΙρης·
1245 886 1317 928 καὶ
1337 883 1558 940 Μιλήσιοι,
1583 883 1732 928 Ἀπόλ-

327 977 424 1021 179
481 971 630 1016 λωνος.
681 959 762 1006 ἾΙν
792 964 837 1007 δὲ
866 963 914 1006 τό
942 963 1128 1007 παλαιόν
1157 964 1298 1020 μούνη
1327 964 1354 1020 ἡ
1374 964 1628 1019 Ναύκρατις
1658 964 1731 1018 ἐμ-

152 1041 223 1068 Sola
255 1041 426 1081 *Naucratis

152 1083 313 1109 emporium
348 1076 424 1101 anti-

152 1111 251 1143 quitus
268 1109 299 1136 iu
324 1110 421 1144 Aegy-

481 1043 662 1099 πόριον,
691 1044 765 1087 καὶ
799 1041 904 1086 ἄλλο
937 1041 1065 1086 οὐδὲν
1094 1041 1332 1098 Αἰγύπτου.
1367 1046 1402 1087 εί
1433 1044 1478 1087 δέ
1507 1061 1569 1094 τις
1586 1043 1627 1093 ἐς
1646 1048 1788 1085 τῶν50

478 1140 518 1167 τι
549 1121 652 1166 ἄλλο
683 1122 909 1179 στομάτων
937 1126 1017 1165 τοῦ
1048 1125 1214 1166 Νείλου
1246 1122 1470 1174 ἀπίκοιτο,
1501 1126 1606 1178 χρῆν
1623 1119 1729 1176 ὀμό-

662 1202 671 1215 ἱ
740 1202 750 1215 x
821 1201 833 1215 P
878 1200 888 1214 Ι
1004 1202 1015 1215 Ί
1101 1206 1117 1213 -2

449 1210 556 1246 Ξσαι
586 1220 675 1258 ,,μη
707 1218 784 1258 μεν
815 1218 969 1244 εκοντα
999 1206 1200 1244 ελθειν·“

1260 1201 1543 1257 ἀπομόσαντα
1573 1200 1639 1252 δὲ,
1679 1202 1732 1256 τῇ

478 1283 553 1337 νηῒ
581 1281 690 1338 αὐτῇ
726 1279 868 1324 πλέειν
897 1280 939 1332 ἐς
968 1279 1017 1324 τό
1049 1280 1330 1336 Κανωβικόν·
1373 1280 1400 1336 ἢ
1430 1282 1465 1323 εἰ
1494 1279 1551 1336 μή
1583 1294 1628 1334 γε
1660 1274 1730 1322 οἷοί

424 1471 494 1503 tur,
551 1466 633 1501 Vid.
654 1464 874 1501 Lareherum
903 1469 987 1501 tom.
1008 1464 1073 1501 Vll

424 1536 510 1573 pag.
536 1522 628 1562 674.

479 1576 547 1615 καὶ
580 1573 777 1626 Φάσηλις]
809 1576 906 1612 Urbs
935 1576 971 1611 in
995 1575 1071 1623 Ly-

423 1635 500 1671 ciae
536 1638 645 1681 atque
691 1632 922 1682 Pamphyliae
957 1632 1069 1669 coufi-

423 1691 491 1727 niis
517 1690 611 1735 sita,
651 1689 798 1725 Graecis
828 1688 974 1723 urbibus
1003 1701 1068 1736 per

422 1745 571 1794 Lyciam
601 1745 772 1793 dispersis
810 1743 918 1790 vulgo
953 1744 1070 1779 adnu-

423 1805 578 1847 merata,
618 1801 764 1848 suisque
792 1799 930 1847 legibus
959 1803 1069 1846 atque

422 1858 589 1894 institutis
610 1861 726 1893 utens.
769 1855 875 1892 Plura
897 1855 1001 1891 citavi
1021 1855 1068 1891 ad

422 1914 567 1950 Ctesiae
592 1913 757 1960 sragmm.
785 1924 868 1961 pag.
892 1914 985 1952 292.

477 1968 544 2007 καὶ
582 1963 802 2020 προστάτας
842 1969 913 2005 τοῦ
951 1966 1068 2017 ἔμπο-

422 2024 524 2077 ρίου]
555 2020 771 2076 προστάται
790 2024 960 2060 videntur
982 2024 1069 2059 suis-

423 2096 485 2129 se,
508 2081 569 2130 qui
597 2082 865 2130 negotiatorum
885 2080 992 2116 rebus
1013 2083 1068 2115 at-

420 2139 611 2175 tenderent
648 2142 684 2175 et
711 2136 832 2173 arbitri
868 2140 991 2173 essent
1024 2135 1066 2171 li-

418 2196 506 2230 tium
521 2223 531 2239 ‚
559 2193 682 2242 quales
705 2193 882 2230 recentior
907 2196 1006 2228 aetas
1028 2192 1064 2227 in

420 2251 593 2300 portubus
624 2254 659 2286 et
685 2249 854 2299 emporiis
881 2248 1065 2284 constituit

421 2308 534 2352 viros3
570 2305 720 2342 consules
749 2305 857 2353 vulgo
877 2304 1064 2354 appellan-

419 2366 487 2398 tur.
548 2363 677 2399 Utrum
707 2362 815 2397 iidem
849 2362 920 2396 sint
957 2364 1065 2408 atque

419 2421 624 2468 τιμοῦχοι,
663 2430 813 2467 quorum
843 2429 935 2453 unus
972 2417 1066 2453 inter

419 2474 650 2511 Naucratidis
704 2473 858 2510 civitatis
906 2477 1064 2509 rectores

420 2536 638 2567 memoratur
657 2530 754 2579 apud
768 2528 989 2565 Athenaeum
1002 2528 1064 2574 lv,

424 2589 496 2634 13,
527 2586 730 2623 coniectura
748 2585 803 2621 vix
820 2586 963 2633 assequi
983 2585 1067 2621 licc-

422 2643 497 2689 bit,
526 2656 604 2679 cum
623 2643 786 2679 omnibus
808 2654 990 2678 careamus
1011 2646 1065 2678 te-

420 2699 596 2734 stimoniis
617 2699 663 2735 de
679 2711 718 2735 re
737 2696 881 2747 publica
900 2698 1063 2734 Naucra—

418 2755 574 2791 titarum.
619 2754 822 2804 Praefectos
839 2758 1063 2790 mercatorum

420 2823 461 2846 cx
480 2815 598 2847 vetere
619 2811 849 2858 inscriptione
866 2811 961 2859 apud
975 2810 1062 2846 Rei-

420 2866 559 2902 nesiuui
582 2867 687 2902 affert
706 2865 965 2915 Wesselingius
986 2867 1061 2914 (cui

1141 1466 1249 1501 etiam
1266 1465 1403 1513 reliqua
1426 1464 1630 1511 debemus),
1649 1463 1786 1500 itidem-

1140 1534 1211 1569 que
1243 1522 1368 1557 decem
1403 1520 1676 1557 Atheniensium
1704 1517 1785 1557 ἐπι-

1138 1574 1306 1626 μεληττὶς
1344 1578 1416 1614 τοῦ
1455 1575 1645 1627 ἐμπορίου
1688 1575 1785 1625 apud

1136 1634 1351 1682 Harpocrat.
1383 1646 1409 1668 s.
1432 1646 1463 1668 v.

1193 1714 1516 1765 μεταποιεῦνται]
1550 1714 1722 1751 Timaeus
1748 1714 1785 1749 in

1136 1772 1202 1807 lex.
1236 1771 1327 1807 Plat.
1354 1784 1389 1820 p.
1428 1773 1524 1811 179:
1568 1773 1785 1819 μεταποιεῖ-

1138 1832 1254 1865 σθαι·
1289 1821 1581 1864 α’ντιποιεῐσθαι
1601 1827 1644 1873 (i.
1665 1839 1695 1862 e.
1720 1825 1787 1861 sibi

1136 1884 1342 1930 vindicare,
1383 1883 1570 1919 attribuere
1608 1881 1785 1931 aliquid),

1137 1941 1196 1976 ubi
1226 1939 1328 1989 plura
1358 1940 1550 1988 adscripsit
1575 1938 1785 1984 Ruhnken„

1136 1995 1340 2033 Herodotei
1368 1995 1433 2031 loci
1459 1995 1554 2031 haud
1585 1995 1783 2031 immemor.

1135 2072 1190 2078 -—
1208 2051 1265 2088 Ad
1286 2047 1343 2089 ἐπ’
1365 2050 1523 2089 ἑωυτῶν
1551 2052 1586 2087 in
1609 2063 1710 2099 seqq.
1738 2051 1782 2086 cf.

1134 2120 1243 2157 supra
1273 2107 1326 2154 ΙΙ,
1345 2110 1382 2147 2.
1412 2108 1452 2154 l,
1475 2107 1554 2148 148
1581 2107 1665 2156 ibiq.
1690 2110 1781 2142 nott.

1133 2169 1168 2201 et
1188 2164 1259 2210 IX,
1277 2165 1341 2204 38.

1294 2331 1324 2368 C
1337 2344 1401 2381 ap.
1433 2330 1635 2368 CLXXIX.

1191 2414 1225 2454 εί
1242 2412 1284 2453 δέ
1299 2409 1628 2464 τιςῇιῖπίκοιτο]
1660 2413 1716 2462 εἰ,
1752 2415 1781 2450 si

1133 2473 1220 2521 quid
1251 2471 1376 2517 video,
1414 2471 1470 2507 bic
1498 2472 1652 2522 tempori
1689 2471 1781 2506 indi-

1133 2529 1248 2565 cando
1269 2528 1416 2564 inservit
1437 2529 1584 2576 (quum,
1617 2527 1780 2576 quoties),

1134 2585 1291 2632 indeque
1309 2584 1467 2633 optativo
1497 2584 1677 2631 iungitur,
1713 2595 1779 2619 no-

1132 2645 1233 2677 tante
1252 2639 1383 2676 Matth.
1405 2652 1488 2689 pag.
1505 2642 1622 2680 1019.
1667 2639 1779 2676 Haud

1132 2696 1235 2733 aliter
1270 2696 1328 2741 ΙΙ,
1360 2697 1457 2736 181;
1502 2697 1553 2748 τῇ
1596 2694 1704 2734 ἐπεί
1738 2709 1777 2734 τε

1132 2751 1460 2803 συγκλίνοιτο
1484 2749 1700 2801 ό”Αμασις.
1721 2772 1776 2778 -

1130 2809 1187 2845 Ad
1211 2809 1320 2846 verba
1351 2807 1394 2848 ἐν
1421 2803 1554 2859 βάρισι
1580 2809 1704 2845 confer
1729 2807 1776 2854 ΙΙ,

1128 2868 1192 2906 96-
