1877 3223
401 192 482 231 168

790 187 1256 226 HERODOTI

401 310 524 350 σονες
554 295 686 350 εἶναι,
717 294 1094 353 ἐχρηστηριάζοντο
1124 296 1171 339 ἐν
1192 300 1404 351 Δελφοῖσι
1436 296 1504 340 ἐπὶ
1534 294 1650 353 πάσῃ

401 381 454 433 τῇ
479 375 698 431 Ἀρκάδων
726 375 857 433 χώρῃ.
914 372 941 432 ἡ
973 375 1017 418 δὲ
1050 377 1196 430 Πυθίη
1235 386 1314 429 σφι
1341 379 1425 432 χρᾷ
1452 375 1576 420 τάδε·
1663 380 1708 416 45

369 456 392 492 3
480 455 668 501 Ἀρκαδίην
688 455 723 500 μ’
746 459 880 497 τιίτεῖς;
910 454 1002 500 μέγα
1020 452 1055 499 μ’
1076 456 1209 495 αἰτεῖς·
1236 451 1281 489 οὔ
1299 467 1357 489 τοι
1377 452 1495 491 δώσω.

480 511 608 550 ’πολλοὶ
627 513 665 549 ἐν
683 512 854 560 Ἀρκαδίῃ
871 511 1126 560 βαλανηφάγοι
1144 510 1273 555 ἄνδρες
1295 510 1385 553 ἔασι,

482 571 565 608 οἳ’σ’
581 568 891 607 ἀποκωλύσουσιν.
915 569 981 615 ἐγώ
1004 569 1043 605 δέ
1062 583 1121 605 τοι
1141 566 1187 604 οὕ
1207 582 1241 603 τι
1261 571 1420 614 μεγαίρω
1433 579 1441 587 ·

486 629 591 666 δώσω
611 641 669 664 τοι
689 628 820 674 Τεγέην
839 628 1080 670 ποσσίκροτον
1100 622 1341 671 ὀρχήσασθαι,

483 687 545 722 καὶ
559 684 673 722 καλὸν
691 687 820 722 πεδίον
840 686 970 730 σχοίνῳ
993 682 1321 730 διαμετρήσασθαι.
1672 683 1716 718 50

376 758 557 798 4Ταῦτα
587 751 646 804 ὡς
675 751 981 808 ἀπενειχθέντα
1010 750 1204 808 ἥκουσαν
1234 754 1277 795 οἱ
1306 747 1658 806 Λακεδαιμόνιοι,

400 831 622 889 Ἀρκάδων
649 832 728 888 μὲν
754 835 842 875 τῶν
873 832 1014 875 ἄλλων
1046 831 1296 887 ἀπείχοντο·
1347 831 1390 873 οἱ
1423 826 1490 882 δὲ,
1530 829 1662 882 πέδας

353 1041 451 1079 notio
466 1053 540 1077 non
555 1050 705 1090 prorsus
729 1049 859 1074 vacare
875 1037 997 1074 videa-

353 1103 411 1135 tur
420 1100 604 1133 contemtus
617 1094 891 1143 significatione.
908 1093 998 1129 Pro-

353 1154 449 1192 xima
466 1154 577 1189 verba
596 1150 659 1191 ἐπὶ
671 1145 777 1201 πάσῃ
792 1144 998 1201 Ἀρκάδων

355 1205 460 1263 χώρῃ
471 1206 856 1258 beneexponitMatth.
869 1205 905 1257 ἓ.
919 1205 999 1248 585

357 1267 417 1303 (in.
450 1278 486 1315 p.
521 1267 639 1305 1166.
697 1263 766 1299 Est
800 1263 896 1299 enim
937 1260 1004 1302 ἐπὶ

351 1325 512 1372 propter,
542 1321 604 1368 ob,
633 1319 695 1367 cle,
725 1320 925 1355 accuratius
950 1324 1005 1356 ta-

358 1389 441 1414 men
460 1376 576 1413 locum
601 1375 805 1424 inspicienti
833 1379 908 1411 est:
935 1377 1008 1421 „in

358 1433 419 1470 der
444 1431 604 1478 Absicht,
633 1444 726 1479 ganz
752 1428 931 1466 Art-(alien
962 1443 1008 1465 zu

359 1488 532 1526 erobemf‘
576 1486 792 1533 Oraculum,
823 1486 921 1533 quod
950 1499 1009 1522 se-

360 1545 504 1595 quitur,
542 1544 653 1580 citant
683 1542 882 1579 Pausanias
910 1541 1008 1587 vlu,

363 1604 387 1642 1
416 1600 548 1648 aliique
578 1612 600 1636 a
624 1598 870 1646 lVesselingio
900 1599 946 1634 ad
973 1598 1006 1634 h.

363 1657 388 1693 l.
407 1656 559 1701 laudati3
590 1655 720 1705 quibus
740 1654 825 1691 add.
847 1654 954 1691 Diod.
972 1654 1008 1689 in

363 1712 546 1761 Excerptt.
578 1710 614 1762 ᾖ.
649 1712 704 1752 32
740 1710 814 1758 (T.
836 1710 868 1746 H
897 1724 932 1760 p.
955 1713 1006 1750 27

364 1780 446 1805 nov.
468 1768 604 1817 scriptt.
629 1766 706 1803 coll.
725 1767 781 1803 ed.
799 1766 920 1814 Mat),
949 1766 1009 1801 ubi

366 1827 486 1862 exstat
510 1818 692 1876 Ἀρκαδίςι
723 1827 760 1859 et
783 1818 897 1860 δώσω
926 1832 982 1860 σο
997 1835 1010 1858 ι

372 1877 557 1930 Τεγέαν
587 1879 674 1929 (pro
694 1892 753 1916 τοι
778 1876 953 1930 Τεγέην).

419 1933 560 1974 πολλοὶ
575 1933 617 1973 ἒν
636 1930 818 1988 Ἀρκαδίῃ
843 1934 1012 1984 βαλανη-

368 1987 493 2043 φάγοι
526 1987 691 2041 ἄνδρες]
734 1985 1013 2041 βαλανηφάγοι

368 2052 475 2093 sunt,
514 2048 576 2097 qui
604 2046 794 2095 glandibus
817 2050 1011 2084 vescuntur.

371 2103 468 2142 Nam
513 2107 598 2141 ante
641 2104 824 2140 inventam
871 2104 1014 2151 frugem

369 2160 488 2210 prisco
508 2171 597 2196 aevo
625 2159 791 2198 homines
823 2158 1014 2208 glandibus

371 2216 477 2267 panis
495 2214 573 2252 loco
591 2215 700 2253 vitam
717 2220 940 2253 sustentasse
951 2228 1016 2252 an-

373 2273 473 2320 tiqua
492 2272 563 2309 sert
588 2273 705 2318 sama3
747 2273 845 2310 unde
873 2284 1018 2321 quoque

373 2327 455 2378 ipsa
474 2340 645 2376 quercus,
673 2341 767 2378 quae
789 2329 919 2366 vietum
953 2341 1018 2365 ne-

375 2384 567 2421 cessarium
587 2385 816 2435 suppeditat,
844 2385 881 2421 in
908 2385 1019 2421 sacris

376 2439 562 2476 arboribus
601 2444 657 2477 est
692 2441 837 2488 habita,
884 2441 1020 2490 quippe

377 2495 479 2532 altrix
499 2507 541 2532 ac
565 2496 680 2532 nutrix
707 2496 810 2546 quasi
837 2496 1019 2533 hominum

379 2550 598 2588 infirmorum
627 2553 861 2602 rudiumque,
905 2551 1020 2589 omnis

381 2607 526 2654 generis
537 2608 658 2658 inopia
670 2608 914 2646 laborantium.
925 2608 1020 2645 Hinc

382 2662 589 2700 vocabulum
605 2660 879 2716 βαλανηφάγοι
898 2665 945 2701 ad
956 2677 1019 2701 an-

382 2717 520 2765 tiquum
539 2733 664 2757 aevum
685 2722 794 2759 debet
813 2721 935 2758 referri
948 2721 1021 2771 pri-

381 2785 536 2823 scosque
576 2776 736 2814 homines
780 2778 909 2824 rudes,
961 2777 1021 2825 qui

383 2829 486 2879 primi
518 2831 675 2869 omnium
707 2833 882 2871 Graeciae
912 2831 1023 2870 Arca-

1066 1037 1162 1073 diam
1182 1037 1365 1074 tenuerint
1394 1037 1518 1086 ibique
1548 1048 1718 1086 perman-

1065 1093 1188 1130 serint.
1219 1093 1249 1130 C
1256 1106 1283 1129 r.
1303 1093 1442 1130 confert
1466 1093 1664 1141 Boettiger.
1684 1094 1721 1130 in

1067 1149 1161 1186 soliis
1180 1149 1271 1197 illis,
1301 1150 1430 1199 quibus
1458 1149 1553 1186 lovis
1574 1148 1722 1198 Mycho-

1069 1205 1204 1255 logiam
1229 1211 1440 1255 persecutus
1459 1210 1536 1253 est,
1566 1219 1651 1256 pag.
1666 1208 1722 1248 62

1072 1263 1158 1312 ibiq.
1178 1263 1361 1299 laudatum
1375 1263 1528 1300 Gesner.
1551 1263 1599 1300 ad
1611 1261 1723 1300 Clau-

1074 1320 1171 1356 dian.
1189 1332 1225 1369 p.
1248 1320 1341 1360 578.

1140 1376 1403 1425 ποσσίκροτον
1443 1370 1720 1425 ὀρχήσασθαι]

1074 1431 1230 1478 „Rarius
1272 1430 1483 1467 vocabulum
1514 1431 1725 1479 ποσσίκρο-

1074 1502 1143 1526 τον
1173 1488 1318 1524 Curetis
1337 1487 1502 1523 tribuitur
1519 1488 1555 1523 in
1573 1488 1722 1538 Orphic.

1076 1543 1196 1594 hymn.
1217 1543 1342 1579 XXXI
1365 1545 1457 1591 (30)
1489 1556 1540 1580 vs.
1563 1546 1626 1585 2.“
1658 1543 1724 1580 Cr.

1135 1600 1175 1638 οἷ
1201 1597 1266 1647 δὲ,
1304 1598 1426 1645 rugosae,
1454 1596 1664 1650 φερόμενοι
1691 1615 1725 1638 κ.

1077 1672 1108 1696 τ.
1137 1657 1196 1702 λ.]
1257 1655 1316 1692 Ad
1353 1658 1622 1704 grammaticam
1658 1656 1728 1693 loci

1076 1716 1292 1749 structuram
1321 1713 1358 1748 id
1384 1713 1604 1759 tenemium,
1640 1712 1728 1763 poni

1079 1769 1136 1806 hic
1166 1767 1206 1806 οἰ
1229 1765 1291 1814 δὲ,
1322 1769 1423 1817 quod
1449 1781 1524 1804 non
1546 1768 1650 1805 aliam
1681 1769 1729 1806 ad

1077 1836 1295 1874 personam,
1323 1828 1363 1860 ut
1392 1824 1520 1873 vulgo,
1560 1825 1607 1861 sit
1633 1826 1730 1862 rese·

1078 1880 1253 1926 rendum,
1304 1874 1373 1917 sed
1404 1882 1452 1917 ad
1478 1880 1579 1930 ipsos
1612 1880 1730 1919 Lace-

1080 1937 1302 1973 daemonios.
1342 1936 1423 1973 Vid.
1445 1937 1575 1974 Matth.
1598 1936 1634 1988 ᾗ.
1648 1939 1730 1979 289

1080 1997 1156 2030 not.
1178 1994 1205 2032 9
1235 2005 1271 2042 p.
1294 1993 1389 2034 582.
1449 1993 1523 2030 Ubi
1552 1995 1648 2031 enim
1667 1989 1732 2032 ἅλ-

1081 2045 1129 2087 λα
1152 2051 1406 2099 exspectabaS,
1435 2051 1580 2099 ponitur
1596 2063 1732 2100 prono-

1080 2118 1164 2143 men
1190 2118 1269 2142 cum
1299 2105 1475 2155 particula
1502 2104 1556 2143 δέ.
1619 2105 1737 2148 Quod·

1081 2163 1251 2209 frequens
1293 2162 1482 2197 Herodoto
1519 2174 1602 2199 esse
1627 2161 1731 2198 multi

1083 2217 1278 2253 ostendunt
1303 2216 1369 2253 loci
1392 2229 1414 2252 a
1432 2216 1624 2265 Kruegero
1643 2230 1731 2255 con-

1084 2273 1178 2322 gesti
1218 2273 1254 2308 in
1293 2272 1510 2310 Commentt.
1553 2274 1643 2311 critt.
1682 2275 1730 2311 de

1086 2328 1291 2376 Thucydid.
1309 2341 1344 2378 p.
1363 2328 1445 2370 264
1465 2329 1532 2377 (ad
1545 2329 1629 2367 calc.
1643 2331 1727 2368 edit.

1085 2384 1272 2433 Dionys),
1310 2397 1342 2421 v,
1369 2398 1398 2422 c.
1436 2385 1474 2432 I,
1506 2389 1597 2427 107.
1637 2388 1730 2428 123-

1089 2443 1167 2482 163
1191 2446 1256 2478 etc.
1275 2462 1330 2468 —
1361 2442 1539 2491 Suscepta
1558 2443 1626 2480 fuit
1641 2443 1732 2480 haec

1087 2498 1267 2547 expeditio
1283 2510 1372 2545 rege
1393 2497 1553 2535 Charillo
1569 2511 1637 2537 nec
1646 2511 1733 2537 vero

1086 2566 1264 2604 prospero
1294 2566 1472 2591 successu.
1529 2554 1610 2593 Rex
1636 2555 1732 2594 enim

1086 2610 1165 2659 ipse
1187 2609 1288 2647 clade
1309 2615 1456 2661 accepta
1476 2615 1626 2661 captus,
1653 2611 1732 2662 ple-

1086 2666 1187 2714 rique
1205 2666 1466 2716 Spartanorum
1485 2667 1542 2705 vel
1559 2669 1655 2718 capti
1675 2667 1731 2705 vel

1087 2722 1166 2758 susi.
1218 2722 1460 2760 lnterfuerant
1477 2725 1659 2761 certamini
1677 2723 1734 2762 vel

1088 2778 1242 2815 feminae
1263 2778 1298 2815 T
1301 2784 1527 2827 egeatarum3
1555 2780 1654 2818 cuius
1681 2779 1733 2816 rei

1088 2833 1126 2870 in
1152 2835 1360 2872 memoriam
1387 2835 1517 2873 Martis
1549 2841 1668 2873 statua
1695 2835 1733 2871 in
