1877 3223
629 216 846 256 CLlO.
904 218 932 255 1.
1369 217 1424 258 73

143 325 480 383 παράἍμασιν,
510 327 581 371 καὶ
612 326 664 382 δὴ
696 326 769 369 καὶ
798 325 841 377 ἐς
875 324 1040 378 Σάρδις
1071 324 1189 380 παρὰ
1213 327 1421 379 Κροῖσον.

120 405 409 461 Ξοῖπικόμενος
454 407 522 461 δὲ,
562 406 780 458 ἐξεινίζετο
814 405 860 448 ἐν
890 409 1005 448 τοῖσι
1033 406 1297 460 βασιληΐοισι
1334 403 1422 447 ὑπὸ

97 613 187 660 tica,
216 615 251 650 in
271 612 426 662 Lydiam
443 613 644 663 profectum
663 625 746 650 esse

98 670 283 707 contendit
293 669 474 707 Meursius
493 669 530 705 in
541 668 665 705 Solon.
678 671 745 716 28,

98 738 172 762 non
192 726 410 776 reprobante
430 724 676 773 lVesselingio
698 724 747 761 ad

97 781 132 818 h.
152 781 201 828 l.;
239 782 401 831 quamvis
430 780 500 818 hoc
531 780 746 829 colloquium

97 841 182 874 ante
201 836 381 874 Pisistrati
399 837 626 885 tymannidem
645 837 747 873 habi-

96 897 171 930 tum
192 906 273 931 esse
292 893 349 930 alii
371 893 537 930 clament.
596 894 672 930 Sed
685 906 747 929 au-

97 949 237 986 diamus
255 949 483 986 Plutarchum
501 950 537 985 in
554 950 627 986 vita
640 949 746 985 Solo-

97 1005 154 1042 nis
176 1020 205 1043 c.
230 1008 283 1047 27
312 1006 355 1053 (1
374 1019 410 1056 p.
430 1007 496 1051 93,
516 1006 568 1054 B)
591 1006 640 1041 ita
660 1005 746 1042 scri-

98 1062 262 1099 bentem:
293 1059 366 1111 τήν
389 1059 430 1099 δὲ
450 1058 550 1112 πρός
572 1064 747 1112 Κροῖσον

99 1117 273 1164 ἔντευξιν
299 1112 423 1156 αὐτοῦ
444 1118 632 1156 δοκοῦσιν
650 1116 749 1156 ἔνιοι

98 1178 181 1220 τοῖς
204 1169 355 1225 χοόιοις
390 1189 443 1221 ως
469 1172 748 1223 πεπλασμένην

97 1228 280 1294 ἐλέγχειν.
331 1225 428 1281 Ἐγω
463 1227 505 1268 δὲ
542 1229 661 1282 λόγον
689 1229 748 1268 ε’ν-

97 1286 216 1333 δοξον
231 1282 333 1324 ου’τω
345 1285 411 1324 καὶ
428 1297 544 1324 τοσου
550 1301 657 1336 τους
653 1281 747 1336 ιιάρ-

96 1356 216 1393 τυρας
258 1340 394 1392 ἔχοντα
427 1341 519 1388 καὶ,
562 1339 582 1380 ὃ
614 1338 746 1392 μεῖζόν

97 1397 189 1446 ἔστι,
211 1397 412 1448 πρέποντα
432 1413 485 1450 τῳ
472 1393 634 1436 Σόλων
626 1412 681 1443 ος
701 1394 745 1447 ἥ-

96 1458 165 1493 θει
198 1453 264 1492 καὶ
291 1469 362 1505 της
397 1453 549 1493 ἐκείνου
587 1456 746 1504 μεγαὶο-

96 1505 302 1561 φροσύνης
336 1508 405 1549 καὶ
441 1510 584 1558 σοφίας
619 1508 745 1559 α’ξιον,

98 1565 147 1606 οὕ
175 1582 242 1617 μοι
264 1568 375 1605 δοκεῖ
390 1562 640 1618 προησεσθαι
659 1581 745 1617 χοο-

97 1627 227 1670 νικοῖς
237 1635 313 1662 τισι
329 1626 391 1675 Azy
396 1621 488 1674 ομέι
494 1638 553 1669 οις
568 1623 745 1670 κανόσιν,

99 1676 170 1725 οὓς
190 1680 324 1731 μυρίοι
369 1681 628 1730 διορθοῦντες
657 1677 744 1730 α’χοι

98 1747 271 1786 σημερον
303 1735 359 1781 εἰς
390 1732 507 1775 οὐδὲν
537 1735 671 1782 αὐτοῖς
702 1734 747 1775 ὁ·-

101 1787 396 1843 μολογουμενον
415 1788 538 1831 δύναν
532 1808 605 1830 ται
625 1808 746 1831 κατα-

101 1859 241 1897 στησαι
269 1863 338 1894 τας
369 1844 603 1901 α’ντιλογὶας.
663 1849 747 1892 Quo

98 1904 177 1941 loco
210 1905 284 1941 iure
324 1903 526 1942 Larcherus
558 1905 680 1941 nititur
710 1905 746 1940 in

100 1961 166 2007 iis,
197 1973 289 2009 quae
316 1961 424 1996 multa
442 1965 518 1996 tum
539 1961 575 1996 in
596 1965 684 1996 nota
701 1960 749 1996 ad

99 2016 281 2053 Herodoti
310 2015 425 2052 locum
472 2017 518 2053 de
546 2021 749 2065 temporum

99 2074 240 2109 ratione
262 2072 427 2118 disserit,
457 2078 532 2109 tum
565 2072 602 2107 in
631 2072 749 2107 Chro-

99 2128 246 2177 nologia
256 2128 436 2164 Herodot.
453 2141 531 2177 cap.
542 2127 654 2176 Vllp.
666 2126 747 2169 205

100 2197 204 2233 seqq.
260 2183 368 2220 Ponit
392 2189 511 2221 autem
529 2183 673 2219 Solonis
697 2183 747 2220 le-

100 2240 326 2289 gislationem
347 2240 383 2276 in
405 2253 500 2276 anno
518 2238 599 2280 594
616 2251 647 2275 a.
662 2239 747 2276 Chr.

100 2310 130 2332 s.
164 2296 310 2346 Olymp.
340 2296 482 2343 XLVI,
511 2297 560 2342 33
603 2295 749 2331 Solonis

100 2352 360 2403 profectionem
383 2354 431 2389 ad
449 2353 585 2390 Sardes
606 2352 688 2392 570
714 2364 747 2388 a.

102 2409 188 2446 Chr.
215 2408 404 2459 s.Olymp.
421 2408 502 2455 LII,
522 2411 569 2454 33
598 2413 750 2445 mortem

103 2465 260 2514 denique
281 2464 361 2505 559
383 2478 415 2502 a.
437 2465 522 2501 Chr.
554 2478 582 2500 s.
604 2464 749 2515 Olymp.

104 2518 184 2566 LV,
210 2524 248 2567 2,
280 2534 359 2557 cum
382 2521 592 2557 Pisistratus
615 2520 751 2569 aliquot

105 2579 189 2612 ante
203 2576 319 2622 annis,
334 2578 413 2617 561
427 2589 458 2613 a.
470 2577 555 2613 Chr.
568 2576 748 2627 s.Olymp.

106 2631 202 2677 LIV,
217 2632 244 2671 3
277 2630 436 2669 Athenas
461 2645 638 2681 occupare
667 2646 749 2670 coe-

106 2687 232 2737 pisset.
288 2687 363 2723 Ubi
404 2688 631 2736 potissimum
663 2688 749 2725 Plu-

107 2743 219 2779 tarchi
239 2742 317 2779 loco
337 2743 447 2779 utitur
460 2773 469 2790 ,
509 2743 594 2780 ibid.
627 2744 666 2781 in
684 2745 747 2782 fin.

106 2811 186 2847 cap.
231 2800 286 2839 32
322 2812 342 2836 e
375 2798 514 2835 Phania
549 2800 750 2847 referentis,

107 2853 280 2892 Solonem
302 2855 433 2893 obiisse
448 2855 670 2905 Hegestrato
692 2869 750 2894 ar-

818 610 958 650 chonte.
1017 611 1123 655 Quae
1141 612 1288 660 quidem
1307 610 1358 647 sie
1378 610 1467 646 satis

818 669 886 706 sibi
912 669 1129 706 conveniunt
1157 667 1337 716 vulgoque
1368 679 1467 703 rece-

815 731 879 776 pta
899 726 1124 771 referuntur,
1154 735 1372 773 quamquam
1389 735 1467 759 ma-

815 782 911 819 iores
969 781 1176 818 exoriuntur
1238 778 1466 817 difficultates

816 836 1114 885 chronologicae,
1148 837 1179 872 si
1200 836 1341 883 Croesi,
1372 848 1465 884 quo-

816 908 896 931 cum
914 893 1027 930 Solon
1055 898 1110 930 est
1129 893 1345 939 collocutus,
1374 897 1465 928 tem-

815 963 908 1002 pora
936 962 1132 998 eoriunque
1167 949 1343 986 rationem
1381 960 1466 996 per-

815 1008 969 1057 pendas.
1028 1005 1070 1042 In
1094 1017 1188 1054 quae
1203 1008 1288 1054 post
1307 1002 1466 1039 Larche-

814 1077 890 1100 rum
924 1063 1072 1110 eiusque
1108 1060 1351 1098 adversarium
1379 1057 1467 1095 Vol-

814 1120 934 1156 neium
965 1117 1216 1166 (Chronolog.
1248 1116 1465 1153 d‘Herodot.

814 1190 849 1226 p.
864 1177 916 1216 54
935 1188 1017 1223 sqq.
1037 1174 1230 1223 coll.p.30
1244 1173 1346 1221 sqq.)
1359 1184 1465 1209 nemo

815 1233 915 1281 quod
943 1232 1053 1267 sciam
1079 1230 1285 1279 diligentius
1317 1227 1466 1277 inquisi-

815 1289 865 1324 vit
880 1289 981 1324 Ioan.
996 1286 1128 1324 Matth.
1148 1285 1331 1323 Schultzio
1342 1285 1379 1320 in
1390 1283 1467 1333 Ap-

814 1350 944 1394 paratu
979 1344 1027 1379 ad
1058 1342 1190 1378 annall.
1221 1342 1349 1378 critice.
1375 1353 1464 1376 rerr.

817 1399 966 1436 Graece.
987 1398 1225 1437 Kiliae1826
1245 1411 1281 1446 p-
1296 1399 1347 1436 16
1361 1408 1465 1443 seqq·

814 1454 1006 1500 VolneiuS,
1044 1458 1083 1490 ut
1121 1465 1300 1489 summam
1337 1450 1468 1487 saltem

815 1511 1069 1561 disputationis
1110 1510 1155 1546 ab
1182 1508 1240 1545 illo
1280 1508 1467 1545 institutae

813 1568 1030 1613 referamus,
1079 1565 1225 1601 Solonis
1266 1563 1467 1613 legislatio-

812 1637 895 1661 nem
916 1624 1019 1674 ponit
1037 1635 1132 1658 anno
1154 1621 1238 1663 594
1258 1634 1290 1657 a.
1312 1620 1466 1667 Ch.,iti-

812 1693 901 1717 nera
920 1681 1015 1726 573,
1036 1678 1354 1715 commorationem
1367 1675 1467 1726 apud

814 1737 992 1774 Croesum
1017 1736 1178 1783 indeque
1197 1735 1351 1771 reditum
1371 1733 1466 1779 563,

813 1796 967 1830 mortem
990 1794 1093 1836 5593
1130 1791 1359 1827 Pisistratum
1380 1801 1465 1825 vero

813 1849 967 1899 primum
1016 1847 1176 1884 Athenas
1229 1849 1466 1896 occupantem

815 1904 967 1941 collocat
1006 1904 1087 1944 560
1129 1915 1161 1938 a.
1193 1902 1279 1938 Chr.
1338 1899 1466 1936 Schul-

815 1960 926 2005 tzius,
964 1959 1024 2006 qui
1054 1957 1227 1993 Solonem
1261 1956 1336 1992 vult
1363 1955 1465 2003 leges

816 2014 1098 2051 Atheniensibus
1139 2013 1285 2049 dedisse
1316 2012 1398 2054 594
1428 2023 1462 2048 a.

817 2070 903 2106 Chr.
918 2099 928 2118 ,
958 2073 1043 2119 post
1059 2070 1258 2118 profectum
1280 2081 1322 2105 ac
1344 2079 1467 2105 rever-

816 2139 896 2162 sum
923 2125 1085 2162 Athenas
1128 2129 1214 2162 ante
1243 2126 1348 2171 561,
1386 2136 1466 2160 cum

814 2181 1025 2218 Pisistratus
1043 2181 1204 2217 nondum
1227 2193 1346 2218 rerum
1370 2180 1467 2230 poti-

816 2243 875 2274 tus
895 2243 1010 2285 esset,
1037 2237 1123 2274 inde
1143 2236 1344 2284 concludit,
1357 2236 1464 2272 Solo-

816 2294 872 2331 nis
908 2295 974 2331 iter
1004 2306 1079 2330 non
1108 2293 1144 2329 in
1179 2297 1322 2343 tempus
1361 2292 1465 2329 annis

819 2350 1057 2392 575—565
1080 2350 1193 2386 serius
1212 2362 1324 2400 posse
1341 2349 1465 2386 detru-

817 2407 877 2453 di,
908 2407 969 2455 qui
989 2406 1017 2442 si
1038 2406 1212 2442 Sardibus
1233 2418 1311 2442 cum
1324 2405 1464 2442 Croeso

818 2463 1036 2512 aliquamdiu
1066 2466 1228 2499 versatus
1260 2466 1379 2508 esset,
1409 2462 1465 2497 fa-

817 2523 912 2555 ctum
933 2519 970 2556 id
1002 2523 1171 2568 oportere
1197 2518 1289 2554 circa
1317 2519 1398 2558 570
1428 2530 1461 2553 a.

818 2576 903 2612 Chr.
932 2589 959 2611 s.
992 2574 1052 2612 Ol.
1082 2574 1171 2622 LH,
1202 2576 1228 2615 3
1257 2579 1318 2611 aut
1336 2574 1464 2610 saltem

816 2645 889 2668 non
913 2631 1022 2668 multo
1042 2635 1138 2681 post.
1177 2630 1284 2667 Conf.
1305 2643 1463 2679 quoque,

816 2700 910 2736 quae
926 2688 1019 2724 infra
1038 2687 1085 2723 ad
1102 2687 1142 2733 I,
1162 2686 1214 2727 45
1227 2687 1288 2723 fin.
1312 2686 1376 2734 (al.
1389 2687 1462 2733 46)

817 2745 1051 2781 disserentur.
1109 2743 1220 2781 Unde
1241 2744 1329 2781 satis
1348 2755 1463 2792 appa-

816 2800 925 2847 rebit,
963 2812 1035 2848 quo
1063 2799 1140 2836 iure
1169 2798 1396 2836 Herodotum
1425 2799 1463 2835 in

816 2856 959 2893 Solonis
995 2856 1223 2905 legislatione
1272 2855 1463 2894 indicanda
