1909 3228
561 193 1078 234 EUTERPE.II.
1357 193 1441 233 857

181 306 318 349 πτίωυ
349 305 505 350 ὄπισθε
534 305 659 357 στὰς,
695 303 926 360 περιέθηκέ
956 303 999 346 οἷ
1025 301 1205 358 κυνέην·
1261 302 1335 346 καὶ
1365 317 1440 346 πε-

152 389 385 441 Ξριτιθεὶς,
430 388 511 442 ἔφη
553 386 655 437 »ἐπὶ
692 387 894 440 βασιληίῃ
925 383 1231 436 περιτιθέναι.“
1279 382 1352 425 καὶ
1381 386 1443 438 τῷ

182 466 238 510 οὔ
268 484 354 518 κως
385 465 618 509 ἀεκούσιον
648 463 809 518 ἐγίνετο
850 463 899 505 τὸ
931 459 1213 517 ποιεύμενον,
1267 459 1325 512 ὥς
1356 463 1442 503 διε-

184 548 363 590 δείκνυε.
422 545 511 587 ἐπεί
550 559 592 586 τε
635 542 717 598 γὰρ
759 540 996 597 ἐστήσαντό
1038 558 1112 596 μιν
1150 541 1326 596 βασιλέα
1355 545 1444 582 τών

180 627 435 680 Αἰγυπτίων
465 625 508 665 οἱ
539 620 816 671 ἀπεστεῶτες,
871 619 1210 674 παρεσκευάζετο
1243 618 1301 670 ὥς
1330 619 1472 663 {mm

153 705 255 748 3ἐπὶ
285 704 362 747 τόν
398 701 586 757 Ἀπρίην.
647 698 912 754 Πυθόμενος
950 699 995 742 δὲ
1038 703 1173 741 ταῦτα
1203 698 1225 742 ὁ
1259 698 1442 755 Ἀπρίης,

181 784 337 839 ἔπεμπε
377 779 442 825 ἐπ’
477 780 660 834 ’Ἁμασιν
692 779 834 834 ἄνδρα
864 777 1049 832 δόκιμον
1078 782 1167 819 τῶν
1196 779 1294 830 περὶ
1335 778 1443 821 ἑωυ-

186 862 265 905 τόν
294 861 571 916 Αἰγυπτίων,
601 863 663 914 τῷ
694 857 863 913 οὔνομα
892 853 946 912 ἦν
977 855 1280 912 Πατάρβημις·
1311 858 1443 900 ἐντει-

180 941 367 995 λάμενος
399 939 540 998 αὐτῷ,
596 943 734 992 ζῶντα
764 937 946 993 ’Ἀμασιν
986 934 1163 990 ἀγαγεῖν
1203 934 1300 989 παρ’
1334 935 1443 979 ἑωυ-

152 1020 277 1065 4τόν.
322 1017 381 1070 ὥς
413 1019 457 1062 δὲ
500 1017 765 1074 οἷπικόμενος
804 1015 882 1059 τόν
904 1014 1091 1070 ’Ἄμασιν
1122 1013 1264 1057 ἐκάλεε
1294 1014 1317 1058 ὁ
1350 1019 1444 1058 Πα-

181 1098 431 1155 τάρβημις,
456 1098 478 1141 ὁ
504 1098 684 1154 ’Ἄμασις
717 1096 852 1151 (ἔτυχε
881 1094 963 1150 γὰρ
993 1092 1062 1138 ἐπ’
1093 1095 1228 1137 ἵππου
1259 1094 1444 1150 κατήμε-

181 1179 276 1234 νος)
315 1176 510 1231 ἐπάρας,
550 1175 832 1231 οἷπεματάϊσε·
880 1175 953 1217 καὶ
985 1173 1116 1216 τοῦτό
1147 1190 1223 1228 μιν
1252 1173 1446 1217 ἐκέλευσε

154 1254 333 1313 5Ἀπρίῃ
365 1255 562 1311 ἀπάγειν.
595 1255 710 1311 ὅμως
741 1254 785 1298 δὲ
817 1252 952 1297 αὐτὸν
982 1251 1134 1305 ἀξιοῦν
1163 1252 1239 1296 τὸν
1266 1252 1444 1307 Πατάρ-

183 1339 337 1391 βημιν,
369 1335 567 1391 βασιλέος
597 1333 993 1389 μεταπεμπομένου,
1024 1331 1131 1375 ἰέναι
1157 1332 1264 1386 πρὸς
1286 1332 1444 1375 αὐτόν·

181 1415 258 1457 τὸν
290 1414 335 1456 δὲ
362 1413 479 1472 αὐτῷ
510 1413 851 1468 ὑποκρίνεσθαι,
891 1411 950 1462 ὠς
973 1416 1134 1463 ,,ταῦτα
1160 1409 1295 1454 πάλαι
1314 1427 1445 1465 παρε-

1461 1104 1502 1135 10

181 1490 443 1545 ,,σκευάζετο
467 1491 644 1545 ποιέειν,
665 1493 738 1535 καὶ
759 1491 878 1549 αὐτῷ
904 1489 956 1534 ου’
975 1492 1230 1546 μέμψασθαι
1248 1488 1443 1546 Ἀπρίην·
1461 1496 1502 1531 15

186 1666 205 1681 7!
290 1666 300 1680 7
335 1666 342 1679 ἱ
382 1674 383 1677 η
520 1668 539 1680 ,1.
751 1666 760 1680 Ι

184 1682 260 1717 εφη
284 1682 348 1706 επι
375 1668 560 1720 βασιληιῃ
582 1672 778 1718 περιτιθε-

124 1722 206 1772 ναι]
239 1722 302 1762 ἐπὶ
326 1724 511 1777 βασιληίῃ
543 1728 642 1771 regna·
670 1738 779 1761 causa

126 1793 153 1816 s.
177 1793 287 1828 regem
308 1778 552 1817 declaraturus
576 1781 686 1817 illum.
718 1781 780 1817 Tu

126 1838 250 1873 confer
285 1836 332 1872 sis
363 1837 399 1883 l,
432 1837 497 1876 41.
538 1836 591 1883 Il,
625 1840 723 1882 121,
752 1836 779 1876 4

127 1893 214 1940 ibiq.
240 1892 336 1928 laud.
406 1892 453 1928 Et
481 1893 623 1930 videtur
654 1894 780 1941 utique

128 1948 233 1997 galea
253 1949 376 1997 regiae
395 1949 583 1997 dignitatis
600 1950 697 1999 apud
708 1950 782 1986 Ae-

128 2006 274 2054 gyptios
303 2005 444 2053 insigne
471 2006 605 2051 fuisse,
637 2007 665 2041 si
688 2018 782 2054 quae

128 2061 175 2107 ll,
200 2061 276 2101 151
300 2067 514 2107 narrantur,
534 2063 782 2111 respiciamus.

128 2138 184 2144 -
203 2117 243 2153 In
267 2130 370 2166 seqq.
400 2118 566 2154 meliores
593 2119 703 2155 libros
726 2131 783 2156 se-

128 2174 200 2210 cuti
228 2187 308 2210 cum
330 2174 445 2212 Gaisf.
466 2175 643 2211 edidimus
664 2173 783 2226 ἐγίνε-

128 2243 171 2268 το
195 2243 261 2279 pro
282 2230 378 2278 vulg.
402 2228 565 2281 ἐγένετο.

186 2283 494 2335 παρεσκευάζετο
553 2284 606 2333 ὥς
654 2285 781 2337 ἐλῶν]

131 2341 239 2378 Conf.
260 2342 390 2379 Matth.
418 2343 482 2380 Gr.
504 2344 569 2380 Gr.
598 2357 633 2392 p.
661 2346 780 2384 1091.

130 2397 244 2434 Paulo
265 2403 349 2448 post
379 2412 456 2435 cuin
484 2405 634 2437 recentt.
656 2399 781 2436 melio-

131 2467 207 2490 rem
250 2455 441 2491 verborum
480 2457 641 2492 ordinem
676 2456 783 2492 resti-

130 2511 286 2557 tuimus,
317 2524 395 2546 cum
416 2511 524 2560 vulgo
544 2518 640 2549 esset
661 2509 782 2550 ὁΠα-

130 2560 324 2615 τάρβημις
352 2563 482 2605 ἐκάλεε
512 2564 582 2606 τὸν
599 2565 783 2616 ’Ἀμασιν.

189 2619 352 2673 ἐπάρας,
375 2618 631 2673 ἆπεματάϊσε]
651 2625 693 2659 ld
711 2629 781 2660 est:

133 2678 270 2714 sublato
309 2691 407 2715 crure
423 2708 434 2725 ,
482 2681 617 2729 flatum
655 2682 785 2716 ventris

133 2736 247 2771 emisit
268 2749 294 2770 s.
310 2735 458 2785 pepedit.
490 2736 681 2772 Illustravit
695 2737 785 2773 haec

132 2791 350 2840 wesseling.
372 2792 478 2828 simili
497 2791 677 2828 locutione
690 2792 786 2828 Pha-

133 2848 250 2884 vorini
282 2848 319 2884 in
357 2848 507 2885 Stobaei
553 2861 658 2886 serm.
683 2847 784 2885 CXII

846 1680 882 1718 p.
908 1665 988 1707 586
1020 1670 1055 1704 et
1080 1664 1212 1704 Athen.
1242 1665 1312 1711 ΠΙ,
1340 1664 1366 1706 4
1395 1666 1501 1713 (11)

846 1736 932 1773 pag.
953 1725 1028 1768 76,
1052 1722 1096 1758 F.
1155 1723 1214 1758 Ad
1244 1717 1392 1773 ἐπάρας
1421 1722 1503 1758 licet

847 1778 1095 1826 subintelligas
1127 1775 1171 1816 τό
1203 1776 1362 1823 σκέλος,
1403 1778 1504 1826 quod

848 1836 967 1884 ipsum
989 1835 1090 1884 apud
1112 1834 1315 1871 stobaeum
1338 1835 1504 1870 additum

848 1892 1015 1939 legimus.
1075 1885 1320 1940 ἅπεματάϊσε
1354 1903 1375 1926 a
1399 1890 1504 1927 scho-

848 1948 896 1985 lio
907 1960 1099 1997 perperam
1121 1947 1313 1997 exponitur
1324 1945 1504 1996 ἐματαιο-

850 2000 993 2054 λόγησε
1017 2033 1025 2051 ,
1067 1999 1282 2054 ἐμώρανεν.
1353 2004 1502 2039 Rectius

849 2060 1028 2097 intellexit
1047 2060 1258 2097 Plutarchus
1289 2060 1335 2096 de
1356 2059 1502 2108 malign.

850 2117 1030 2154 Herodot.
1062 2117 1168 2166 (opp.
1188 2122 1214 2153 t.
1234 2116 1284 2161 ll)
1304 2117 1443 2164 p.866‚
1458 2116 1501 2152 C.

851 2195 906 2200 —
936 2173 977 2209 In
1008 2186 1111 2222 seqq.
1139 2186 1220 2210 eum
1259 2173 1375 2208 Gaisf.
1405 2172 1504 2209 edidi

853 2227 1003 2269 ἐκέλευε
1021 2243 1088 2280 pro
1110 2229 1206 2277 vulg.
1229 2227 1416 2267 ἐκέλευσε.

908 2282 1015 2336 ὅμως
1035 2283 1077 2324 δὲ
1095 2281 1212 2324 αὐτὸν
1234 2280 1403 2333 εἷξιοῦν]
1434 2279 1503 2321 (ω’-

853 2338 924 2380 τόν
955 2348 1011 2379 est
1039 2343 1168 2380 obiecti
1200 2343 1261 2390 qui
1291 2342 1420 2378 dicitur
1444 2353 1503 2376 ac-

850 2399 1051 2444 cusativus3
1089 2399 1240 2435 Amasin
1269 2399 1362 2434 enim
1390 2396 1504 2446 respi-

851 2456 922 2501 eit,
961 2468 1069 2503 quem
1095 2455 1321 2491 Patarbemis
1349 2452 1503 2500 rogavit,

851 2517 911 2557 ut,
942 2524 1028 2559 rege
1057 2515 1282 2557 areessente,
1315 2511 1362 2546 ad
1386 2510 1504 2558 ipsum

853 2569 1016 2615 (regem)
1048 2567 1246 2604 accederet.
1313 2567 1410 2602 Hinc
1434 2562 1503 2604 τόν

853 2621 895 2661 δὲ
917 2624 953 2659 in
974 2636 1077 2671 seqq.
1099 2624 1144 2659 ad
1165 2623 1312 2659 Amasin
1333 2621 1504 2672 pertinet,

855 2675 965 2732 αὐτῷ
993 2680 1040 2715 ad
1072 2679 1316 2716 Patarbemin.
1344 2699 1400 2704 —
1430 2677 1503 2714 Pro

854 2734 1093 2786 μέμψασθαι
1129 2735 1345 2772 Schael‘erus
1383 2734 1504 2783 posuit

855 2790 1099 2842 μέμψεσθαι,
1121 2792 1200 2828 sine
1217 2791 1288 2828 ulla
1308 2791 1400 2827 iusta
1417 2803 1502 2827 cau-

856 2860 906 2885 sa.
967 2848 1074 2885 Conf.
1095 2847 1133 2894 I,
1151 2846 1206 2888 24
1231 2849 1318 2896 ibiq.
1342 2850 1417 2883 not.
