1909 3228
280 183 366 238 894
747 188 1318 231 EXCURSUsu

282 310 429 359 recepta
455 302 530 355 (ὥς
553 307 671 357 φασι)
703 305 825 355 prodit
844 303 889 351 V,
914 306 940 344 2
968 316 1054 353 pag·
1077 305 1157 344 219
1185 315 1214 339 S·
1237 300 1343 348 335,
1365 299 1397 338 C
1428 305 1466 338 et
1493 313 1531 351 p-
1547 304 1624 342 221
1658 315 1685 338 S·
1706 302 1788 342 339

283 376 362 415 coll.
383 376 563 413 scholiast.
584 374 676 410 Plat.
695 385 780 423 pag.
802 374 882 412 207
906 370 963 407 ed.
987 370 1132 407 Ruhnk.
1191 368 1272 406 Nec
1293 368 1395 406 aliter
1416 370 1492 405 sere
1512 367 1724 406 Plutarchus
1752 370 1790 405 in

284 447 425 494 quaest.
459 442 602 480 Romm.
635 453 670 490 p.
693 441 795 486 277,
814 438 848 475 D
878 438 915 474 in
943 437 1088 475 Romuli
1117 437 1180 473 vit.
1209 448 1287 487 cap.
1307 440 1334 477 2
1358 436 1406 472 in.
1434 435 1488 475 25
1510 435 1592 481 fin.·‚
1628 440 1739 484 atque
1769 449 1789 473 e

283 512 530 549 Romanorum
571 506 804 557 scriptoribus
845 504 971 542 Vellei.
1007 503 1184 542 Patercul.
1220 504 1257 551 I,
1291 505 1314 544 1
1354 502 1390 554 ἓ.
1420 503 1456 544 4.
1497 502 1673 538 Horatius
1710 503 1788 540 Sat.

283 579 324 626 I,
355 582 400 627 6,
434 581 469 618 1.
501 574 625 625 virgil.
654 573 744 611 Aen.
774 573 830 619 11,
856 574 936 613 781
969 572 1119 621 aliisque
1146 571 1254 618 locis,
1284 583 1375 620 quos
1404 570 1570 620 Heynius
1595 571 1729 609 indicat
1753 571 1790 608 in

286 660 424 685 excurS.
444 644 497 682 lII
523 644 572 681 ad
603 642 681 679 libr.
703 640 787 678 VIII
817 652 901 691 pag.
925 642 1025 686 2823
1062 640 1170 676 Silius
1198 639 1340 676 Italicus
1364 639 1426 687 IV,
1445 642 1527 681 719
1555 639 1637 687 (ubi
1655 639 1790 676 consul.

284 712 482 764 interpm).
511 710 619 757 VIII,
637 707 730 750 484.
789 708 936 759 Quippe
962 711 1096 758 poetae
1115 706 1236 744 Latini
1265 707 1362 744 haud
1387 720 1468 744 raro
1483 706 1624 757 Lydius
1643 720 1698 744 res
1725 719 1792 757 ap-

285 781 421 832 pellant
448 778 693 830 Tyrrhenicas.
735 774 863 820 Quid?
893 776 994 825 quod
1014 775 1183 811 Sardium
1206 773 1317 822 legati
1335 787 1456 812 coram
1478 780 1604 813 senatu
1623 774 1790 811 Romano

286 850 469 885 decretum
499 846 667 883 Etruriae
691 845 915 889 recitavere,
952 856 1024 892 quo
1057 856 1095 880 se
1128 843 1361 879 Etruscorum
1395 844 1684 891 consanguineos
1712 855 1793 881 esse

285 916 546 961 ostenderent,
578 914 706 951 eadem
726 912 802 950 fere
823 913 858 948 in
881 912 1037 949 medium
1057 911 1302 961 proferentes,
1333 923 1426 960 quae
1444 912 1542 963 apud
1562 912 1793 949 Herodotum

285 982 477 1032 leguntur,
507 982 579 1019 vid.
600 981 719 1019 Tacit.
741 979 872 1017 annall.
890 978 953 1025 IV,
974 978 1026 1020 55
1041 979 1091 1027 *).

399 1050 470 1086 His
490 1050 567 1086 sere
585 1049 801 1087 enumeratis
820 1052 980 1085 veterum
999 1045 1210 1083 testimoniis
1222 1075 1234 1091 ,
1268 1046 1340 1082 iam
1364 1047 1576 1085 accedamus
1601 1048 1649 1084 ad
1668 1059 1794 1085 recen-

289 1118 390 1156 tioris
413 1118 541 1155 aetatis
568 1118 773 1167 scriptores.
829 1114 950 1164 Atque
980 1113 1162 1162 Ryckius,
1197 1118 1237 1150 ut
1262 1113 1345 1150 hinc
1367 1115 1509 1162 ordiar,
1539 1115 1688 1152 disertis
1717 1114 1796 1152 He-

287 1186 408 1223 rodoti
429 1185 546 1223 verbis
576 1185 656 1236 plus
681 1184 912 1222 tribuendum
940 1195 1020 1220 esse
1049 1183 1210 1229 censuit,
1248 1194 1354 1230 quam
1376 1182 1511 1220 Xanthi
1539 1183 1703 1230 silentio,
1734 1182 1796 1232 qui

289 1254 410 1303 aliqua
432 1256 531 1291 certe
562 1265 606 1290 ex
636 1265 741 1289 causa
758 1279 769 1299 ,
813 1265 880 1288 nos
909 1251 1070 1299 quamvis
1093 1250 1228 1287 latente
1249 1276 1260 1295 ‚
1291 1255 1487 1287 commotus
1520 1263 1600 1288 esse
1625 1251 1798 1302 potuerit,

288 1326 331 1359 ut
348 1321 434 1358 nihil
459 1321 513 1358 his
535 1321 581 1358 de
604 1321 712 1358 rebus
741 1320 937 1358 memoriae
965 1319 1148 1368 proderet.
1209 1317 1305 1354 Galli
1333 1319 1429 1356 docti
1457 1319 1623 1357 Sevinius
1653 1323 1690 1356 et
1706 1319 1798 1356 Fre-

288 1390 400 1427 retius
435 1389 499 1436 (in
517 1388 618 1424 acad.
641 1389 676 1425 d.
696 1388 854 1438 inscript.
878 1391 903 1423 t.
924 1386 957 1421 V
977 1399 1012 1435 p.
1036 1387 1116 1426 236
1135 1399 1237 1436 seqq.
1268 1387 1387 1424 XVIII
1415 1401 1450 1438 p.
1473 1389 1525 1428 95
1548 1389 1671 1436 seqq.)
1695 1387 1798 1423 Xan-

290 1457 353 1494 tho
372 1460 483 1505 atque
503 1455 679 1503 Dionysio
700 1454 819 1504 potius
842 1454 953 1491 fidem
976 1453 1062 1490 addi
1082 1453 1271 1491 voluerunt
1296 1455 1454 1503 itemque
1471 1455 1656 1502 Heynius,
1691 1455 1752 1504 qui
1774 1467 1796 1490 a

290 1524 460 1571 Xantho,
489 1523 609 1571 Lydio
635 1521 802 1568 homine,
835 1521 952 1569 magis
977 1533 1086 1569 quam
1111 1534 1132 1556 a
1162 1522 1313 1558 Graecis
1340 1521 1586 1571 Romanisque
1614 1523 1796 1568 standum,

292 1593 481 1642 ipsamque
499 1589 655 1626 fabulam
676 1589 721 1625 ab
748 1588 941 1626 Herodoto
961 1588 1141 1638 proditam
1163 1589 1248 1625 inde
1269 1594 1381 1625 ortam
1404 1602 1486 1626 esse
1505 1590 1661 1637 iudicat,
1697 1591 1796 1639 quod

294 1660 425 1697 Graeci
451 1658 638 1706 antiquum
667 1657 899 1693 Etruscorum
926 1667 1061 1691 nomen
1091 1654 1339 1692 Turesenorum
1373 1658 1605 1706 depravarint
1633 1658 1669 1693 in
1700 1656 1798 1707 Τυῤ-

295 1727 443 1777 ῥἠνῶν.
503 1723 564 1761 Tu
591 1725 663 1761 vid.
692 1736 829 1761 excurs.
847 1723 898 1759 III
926 1723 973 1757 ad
997 1722 1098 1770 Virg.
1126 1723 1216 1759 Aen.
1238 1723 1319 1758 VIII
1344 1736 1379 1773 p.
1401 1725 1481 1764 281
1500 1725 1586 1773 ibiq.
1606 1724 1799 1773 laudd.**)

294 1795 381 1840 His,
411 1805 505 1842 quae
522 1793 660 1842 passim
686 1791 757 1827 iam
783 1790 900 1826 attulit
921 1789 1091 1826 Creuzer.
1111 1789 1149 1825 in
1177 1791 1342 1838 fragmm.
1364 1791 1509 1828 historr.
1530 1805 1567 1841 p.
1591 1793 1671 1833 152
1698 1805 1800 1843 seqq.

294 1863 409 1908 adde,
440 1872 534 1910 quae
552 1859 806 1896 recentissimis
827 1857 1048 1907 temporibus
1071 1857 1109 1893 in
1134 1857 1288 1894 eandem
1316 1858 1531 1895 sententiam
1556 1859 1699 1909 prolata
1718 1866 1801 1897 sunt

295 1943 317 1967 a
337 1929 434 1966 Guil.
452 1926 495 1964 A.
513 1926 690 1976 Schlegel.
726 1925 878 1974 (annall.
896 1924 1091 1961 Heidelbb.
1118 1928 1226 1967 1816
1250 1939 1305 1963 nr.
1330 1926 1383 1967 54
1411 1938 1447 1975 p.
1470 1926 1571 1975 854)
1600 1931 1637 1965 et
1657 1928 1802 1978 potissi-

296 2010 394 2035 mum
414 2009 435 2033 a
452 1994 627 2033 Niebuhr.
661 1995 785 2042 (Rom.
809 1993 939 2031 Gesch.
964 1992 981 2029 Ι
1010 2007 1046 2043 p.
1068 1993 1121 2034 64
1152 1994 1209 2030 ed.
1238 1993 1347 2043 prior.
1384 1994 1400 2030 I
1421 2007 1456 2043 p.
1480 1997 1557 2035 111
1587 1996 1644 2033 ed.
1665 1996 1801 2044 alten),

298 2065 359 2113 qui
383 2063 564 2101 Herodoti
595 2063 802 2100 testimonio
833 2062 1107 2098 anteferendam
1143 2065 1310 2098 statuunt
1341 2065 1377 2098 et
1405 2061 1542 2098 Xanthi
1572 2067 1607 2100 et
1635 2063 1801 2113 Dionysii

297 2132 570 2179 auctoritatem,
614 2130 828 2181 praesertim
863 2142 943 2167 cum
971 2134 1071 2165 tanta
1100 2130 1301 2166 inveniatur
1332 2129 1476 2178 linguae
1495 2158 1507 2177 ,
1546 2131 1802 2179 institutorum,

299 2213 460 2247 morum,
487 2198 692 2248 religionis,
723 2199 817 2235 inter
833 2201 1021 2246 utramque
1043 2202 1188 2246 gentem
1208 2197 1405 2234 diversitas.

412 2269 489 2305 Sed
519 2266 706 2304 Gallorum
736 2279 827 2315 quos
863 2277 972 2316 supra
1002 2265 1196 2302 memoravi
1226 2265 1382 2302 rationes
1401 2294 1411 2312 ,
1460 2267 1590 2314 quibus
1620 2266 1801 2304 Herodoti

300 2338 410 2375 fidem
431 2336 636 2382 elevarunt,
666 2334 737 2370 iam
753 2333 956 2370 Larcherus
977 2333 1174 2381 infringere
1203 2333 1340 2369 studuit
1368 2340 1534 2371 accurato
1563 2335 1726 2372 examine
1754 2336 1801 2372 ad

301 2403 482 2443 Herodoti
503 2404 618 2440 locum
638 2403 676 2449 I,
698 2401 753 2443 94
782 2405 807 2438 t.
829 2401 845 2438 Ι
875 2415 910 2452 p.
931 2402 1013 2441 377
1034 2413 1136 2449 seqq.
1164 2406 1238 2438 not.
1258 2404 1338 2442 266
1366 2403 1544 2439 instituto.
1601 2402 1698 2440 Nam
1715 2403 1802 2440 haec

303 2474 350 2510 de
373 2471 549 2509 industria
574 2471 619 2508 ab
640 2470 831 2507 Herodoto
848 2468 1036 2517 Lydorum
1053 2468 1214 2519 ipsorum
1237 2482 1282 2506 ex
1298 2470 1394 2506 fama
1414 2482 1455 2506 ac
1474 2469 1547 2509 fide
1566 2471 1662 2508 tradi
1678 2476 1802 2509 censet

352 2689 383 2733 *)
412 2690 565 2722 Pertinet
590 2688 654 2723 huc
676 2699 809 2732 quoque
831 2688 985 2723 Senecae
1011 2687 1108 2721 illud:
1139 2713 1162 2729 „
1176 2689 1299 2721 Tuscos
1319 2688 1402 2721 Asia
1423 2688 1487 2721 sibi
1505 2688 1690 2722 vindicat.“

336 2768 381 2812 ⁸⁸)
411 2769 488 2803 Quo
510 2768 600 2810 prior
619 2769 685 2801 iam
709 2769 952 2802 Valckenarius
970 2767 1108 2801 Xantho
1131 2767 1227 2810 Lydo
1246 2767 1277 2800 in
1298 2767 1397 2800 rebus
1419 2768 1534 2809 patriis
1563 2767 1674 2810 potius
1705 2775 1804 2808 quam

417 2825 560 2857 Graecis
582 2825 824 2858 recentioribus
843 2825 1047 2858 credendum
1066 2825 1292 2863 iudicaverat,
1326 2824 1368 2856 ad
1391 2823 1554 2856 Herodot.
1571 2823 1629 2862 lv,
1650 2822 1704 2856 45.
