1909 3228
586 174 1105 214 EUTERPE.11.
1379 175 1466 216 825

207 299 302 339 γοι,
332 281 562 326 ἀντίπυλοι
585 281 813 340 ἀλλήλῃσι,
843 283 888 335 ἓξ
916 282 994 338 μὲν
1021 282 1130 337 πρὸς
1158 279 1325 338 βορέω,
1353 282 1398 334 ἓξ
1419 283 1464 325 δὲ

211 361 322 415 πρὸς
351 360 485 406 νότον
513 363 797 418 τετραμμέναι
827 362 1043 417 συνεχέες·
1075 365 1217 416 τοῖχος
1236 359 1281 403 δὲ
1303 360 1464 412 ἔξωθεν

180 438 238 485 4ὁ
271 440 402 493 αὐτός
433 454 566 498 σφεας
595 440 819 496 περιέργει.
851 440 1062 497 οἰκήματα
1093 437 1129 483 δ’
1153 439 1289 483 ἔνεστι
1319 441 1521 494 διπλᾶ,25

152 627 218 664 bre
237 627 338 663 factis
360 626 561 676 Aegyptios
590 638 674 662 usos
693 626 803 662 fuisse

152 688 265 732 negat
296 683 424 731 Zoega
454 684 500 719 de
528 682 635 719 obell.
662 695 698 732 p.
719 682 800 723 407

152 738 400 787 lubricamque
437 751 515 775 esse
550 739 685 774 indicat
723 750 800 774 cnm

152 794 270 832 Plinio
294 794 370 831 solo
403 798 519 840 stare,
559 795 621 842 qui
644 794 802 842 labyrin-

152 851 253 888 thum
297 850 493 887 fornicibus
538 854 672 887 tectum
721 863 802 887 esse

153 907 285 944 scribat
302 906 337 943 h.
355 919 391 943 n.
419 906 600 953 XXXVI,
622 908 684 947 13.
743 905 801 942 Ad

154 962 330 999 Gronovii
347 963 682 1013 interpretationem
702 975 804 999 aece-

154 1019 242 1057 dere
288 1019 429 1056 videtur
475 1018 676 1056 Larcherus
714 1019 803 1056 haec

154 1076 335 1113 scribens:
386 1070 540 1122 ,,αυ’λα“ι
574 1070 803 1126 κατάστεγοι

154 1145 201 1169 ne
213 1136 294 1168 sont
314 1145 378 1181 pas
397 1133 461 1169 des
481 1145 583 1169 cours
604 1137 806 1178 convertes,

157 1189 245 1225 mais
266 1189 329 1225 des
352 1201 454 1224 cours
477 1189 629 1225 fermees
654 1200 720 1237 par
740 1188 806 1224 des

156 1257 265 1282 murs.
324 1244 448 1281 Cettes
467 1258 570 1282 cours
596 1245 730 1281 etoient
749 1257 808 1280 or-

156 1301 264 1347 nees‚
304 1299 462 1338 chacune
501 1301 585 1338 d’nn
623 1300 807 1351 pefistyle,

157 1357 192 1394 d'
204 1369 274 1393 une
323 1357 524 1394 colonnade
575 1358 621 1393 de
665 1358 808 1393 marbre

362 1408 595 1423 '''''
777 1411 786 1424 t

157 1471 295 1514 στυλος
315 1469 436 1507 λίθου
459 1470 604 1507 λευκοῦ
615 1465 808 1517 ἁρμοσμέ-

155 1540 229 1564 νου
259 1520 306 1562 τοέ
346 1520 526 1574 μάλιστα.
538 1525 562 1542 “
620 1524 808 1561 Addamus

156 1582 314 1630 denique
342 1582 440 1618 hisce
466 1593 530 1629 ea,
567 1594 662 1630 quae
688 1581 809 1617 scribit

154 1637 343 1675 Letronne
371 1637 524 1685 (annall.
551 1638 586 1674 d.
607 1649 736 1685 voyag.
759 1635 809 1673 VI

157 1707 243 1744 pag.
268 1693 348 1735 140
366 1695 509 1742 seqq),
538 1694 598 1730 ubi
626 1693 810 1741 vulgatam

158 1750 348 1787 lectionem
369 1746 488 1788 αὐλαὶ
505 1746 733 1799 κατάστεγοι
744 1749 809 1784 mi-

158 1807 256 1843 nime
303 1807 517 1843 mutandam
554 1807 604 1842 ita
642 1804 809 1854 exponit:

158 1891 184 1911 ,,
194 1861 300 1899 aulae
319 1866 492 1898 convertes
516 1861 601 1898 d’un
619 1864 704 1908 tort,
734 1872 808 1896 non

158 1931 226 1969 pas
245 1919 309 1955 des
326 1932 428 1956 cours
446 1920 698 1964 dekouvertes,
718 1917 808 1953 mais

160 1975 226 2012 des
254 1974 398 2012 edifices
429 1974 604 2025 complets
642 1987 687 2011 en
724 1986 809 2011 eux-

159 2033 306 2077 meme5‚
329 2032 497 2069 entoures
516 2030 810 2068 interieurement

160 2088 209 2125 de
242 2086 414 2125 colonnes
447 2092 483 2125 et
510 2091 695 2124 convertes
725 2085 809 2121 d’un

160 2144 250 2189 toit,
280 2156 418 2182 comme
441 2143 476 2182 le
506 2148 602 2181 reste
630 2143 680 2179 du
710 2142 811 2190 laby-

161 2200 319 2237 rinthe.“

219 2251 427 2294 ἀντίπυλοι
443 2250 648 2310 ἀλλήλῃσι]
687 2253 813 2303 Expli-

162 2316 221 2349 cat
248 2311 433 2349 Letronne
460 2312 482 2348 l.
505 2312 549 2349 l.:
585 2315 696 2361 ayant
723 2310 813 2346 leurs

158 2371 276 2418 portes
297 2370 452 2418 oppose'es
475 2368 521 2405 les
545 2381 628 2405 unes
652 2380 726 2404 aua:
746 2380 813 2403 αιι-

165 2428 244 2461 tres.
302 2423 434 2473 Neque
452 2438 537 2462 vero
559 2424 657 2462 aulas
679 2424 731 2460 ita
752 2435 813 2460 ex-

164 2484 315 2518 structas
339 2481 449 2518 fuisse
473 2486 599 2518 censet
625 2481 681 2529 (p.
703 2478 813 2527 144),

165 2540 206 2573 ut
225 2537 438 2585 quadratum
458 2538 640 2584 integrum
659 2535 742 2572 illae
757 2549 814 2572 re-

165 2591 331 2637 tulerint;
376 2593 442 2630 sed
471 2605 543 2629 una
573 2592 667 2629 linea
691 2586 815 2640 *ἐφ’

167 2647 237 2687 ἕνα
267 2648 397 2698 στίχον
441 2661 567 2685 omnes
607 2648 814 2685 aedificatas

168 2717 249 2741 csse
283 2717 362 2741 cum
391 2704 523 2741 Strabo
557 2704 699 2749 tradat,
747 2703 815 2740 hoc

169 2761 220 2797 ita
246 2773 326 2797 esse
351 2760 644 2808 intelligendum,
684 2763 724 2796 ut
752 2772 817 2795 au-

168 2816 225 2854 lae
252 2828 315 2854 sex
351 2817 491 2868 priores
528 2816 815 2867 septentrionem

871 638 996 661 versus
1027 625 1243 674 spectarint,
1274 625 1435 674 reliquae
1459 637 1522 662 sex

870 681 938 717 illis
978 681 1216 718 adhaerentes
1256 687 1293 719 et
1329 683 1522 730 contiguae

870 738 1053 774 meridiem
1092 750 1236 783 versns3
1277 738 1374 775 unde
1413 739 1522 774 totius

869 794 1024 830 aedificii
1054 794 1230 830 exstiterit
1255 795 1371 831 forma
1402 793 1523 844 paral-

867 849 1115 898 lelogramma.

923 906 965 952 ἓξ
992 903 1063 956 μὲν
1091 920 1191 956 προς
1221 903 1371 956 βορέω,
1402 905 1444 952 ἐξ
1480 901 1523 944 δὲ

870 976 971 1012 ποος
992 957 1111 1000 νότον
1128 960 1401 1013 τετοαμμέναι]
1423 961 1453 998 L
1457 962 1524 998 ibri

870 1017 1033 1055 nonnulli
1054 1019 1194 1069 βοοην.
1235 1019 1309 1056 Sed
1330 1018 1422 1055 solet
1445 1017 1525 1054 No-

874 1080 947 1112 ster
967 1080 1159 1124 utrumqne
1177 1088 1314 1125 ponere
1334 1087 1467 1120 casum,
1488 1078 1525 1112 et

873 1132 1115 1168 accusativum
1138 1136 1175 1168 et
1197 1132 1408 1180 genitivum.
1439 1131 1523 1167 vid.

873 1187 909 1233 l,
933 1187 997 1228 84.
1028 1187 1084 1234 11,
1108 1190 1184 1228 121
1213 1187 1292 1224 coll.
1317 1189 1407 1228 101.
1432 1187 1523 1227 149.

873 1243 946 1290 ΠΙ,
982 1246 1071 1284 102.
1132 1244 1233 1293 lpsas
1264 1243 1365 1280 aulas
1397 1242 1526 1279 duode-

875 1302 941 1336 cim
975 1300 1023 1335 ad
1065 1300 1326 1336 astronomicas
1364 1300 1524 1336 rationes

874 1355 1005 1392 relatas
1035 1355 1110 1391 vult
1127 1356 1306 1393 Gatterer.
1331 1356 1368 1391 in
1397 1368 1523 1392 comm.

877 1412 1000 1448 societ.
1022 1411 1189 1460 Gotting.
1210 1411 1280 1448 vol.
1295 1412 1346 1447 lX
1367 1424 1452 1461 pag.
1472 1414 1526 1452 60

877 1481 953 1516 seq.
992 1468 1171 1517 probante
1207 1467 1366 1505 Heeren.
1413 1468 1526 1504 ldeen

875 1523 932 1569 ll,
960 1526 986 1564 2
1019 1536 1104 1573 pag.
1128 1524 1206 1564 158
1237 1528 1315 1560 not.
1373 1523 1526 1560 Indicari

877 1580 973 1617 enim
1019 1581 1212 1617 tesseraria
1258 1580 1398 1617 ratione
1442 1579 1526 1616 solis

876 1640 1033 1672 meatum
1049 1649 1116 1685 per
1125 1636 1315 1673 duodecim
1333 1636 1437 1684 signa
1452 1636 1527 1671 Zo-

877 1691 969 1728 diaci
984 1696 1172 1741 totumque
1190 1692 1392 1728 aedificium
1414 1697 1528 1729 astro-

877 1747 1020 1784 nomiae
1073 1749 1110 1784 in
1155 1760 1258 1784 usum
1310 1752 1527 1785 exstructum

877 1805 989 1841 fuisse
1014 1803 1140 1840 videri.

932 1861 1060 1909 τοῖχος
1096 1856 1138 1898 δὲ
1179 1856 1328 1906 ἔξωθεν
1353 1857 1375 1898 ό
1408 1854 1528 1906 αὐτός

876 1927 1001 1964 σφεας
1023 1913 1229 1966 περιέργει]
1260 1916 1282 1954 i.
1302 1929 1332 1952 e.
1350 1928 1526 1952 unusmu-

876 1986 934 2008 rus
955 1972 1055 2008 hasce
1073 1972 1177 2008 aulas
1197 1985 1307 2008 omnes
1318 1974 1528 2009 extrinsecus

875 2028 1037 2066 includit.
1092 2028 1207 2065 Huius
1238 2041 1323 2065 vero
1351 2029 1443 2064 muri
1470 2032 1529 2065 to-

876 2090 952 2122 tum
976 2084 1167 2132 labyrinthi
1188 2085 1360 2121 ambitum
1378 2086 1526 2133 cingen-

878 2142 923 2178 tis
951 2140 1120 2189 reliquias
1151 2141 1327 2189 quasdam
1358 2153 1398 2177 se
1423 2154 1528 2191 repe-

879 2198 969 2235 risse
979 2201 1157 2233 testantur
1169 2197 1265 2234 docti
1278 2197 1391 2242 Galli3
1402 2210 1528 2246 quam-

880 2266 988 2303 quam
1017 2257 1137 2290 cetera
1165 2254 1241 2290 sere
1267 2254 1388 2290 omnia
1418 2254 1528 2290 ruinis

881 2315 919 2348 et
945 2310 1055 2346 arena
1086 2309 1233 2359 oppleta
1264 2314 1359 2346 sunt.
1435 2309 1529 2347 Vide

879 2366 1047 2415 descript.
1071 2366 1117 2402 de
1134 2365 1227 2414 l'Eg.
1248 2365 1269 2402 l.
1291 2366 1314 2403 l.
1343 2365 1528 2403 Mannert.

880 2422 903 2460 l.
924 2423 946 2459 l.
969 2434 1054 2471 pag.
1075 2421 1167 2462 443.

936 2474 1132 2527 οἰκήματα
1167 2473 1206 2516 δ’
1242 2476 1366 2516 ἔνεστι
1394 2475 1528 2528 διπλᾶ]

881 2529 1079 2584 οἰκήματα
1107 2533 1213 2583 vulgo
1246 2535 1529 2584 interpretantur

881 2590 1085 2636 conclavia,
1115 2594 1153 2626 ut
1174 2591 1213 2637 Ι,
1233 2593 1269 2630 9.
1290 2593 1352 2630 10.
1385 2590 1431 2637 ll,
1450 2593 1528 2630 100

883 2652 949 2683 etc.
981 2647 1175 2692 „Editores
1195 2646 1335 2695 operis:
1355 2646 1528 2696 descript.

883 2703 930 2739 de
948 2702 1041 2751 l'Eg.
1064 2701 1132 2738 vol.
1153 2702 1187 2738 II
1207 2716 1242 2752 p.
1265 2703 1343 2742 151
1365 2715 1441 2751 seq.
1473 2701 1527 2740 οἰ-

883 2754 1041 2808 κήματα
1057 2758 1090 2795 11.
1104 2757 1125 2794 l.
1143 2771 1210 2808 pro
1228 2760 1372 2795 cameris
1390 2758 1527 2805 (cham-

883 2814 975 2864 bres)
997 2814 1187 2865 accipiunt,
1203 2827 1225 2852 a
1246 2815 1376 2864 quibus
1394 2815 1526 2852 distin-
