1909 3228
677 247 897 288 CLlO.
953 248 983 288 1.
1373 252 1455 292 371

203 354 312 414 ἦτεω
330 356 567 413 μαθόντες,
600 357 657 410 ὥς
686 356 764 402 τόν
795 357 975 413 Κύρνον
994 370 1074 416 σφι
1092 358 1119 416 ἡ
1141 359 1290 415 Πυθίη
1310 358 1456 414 ἔχρησε
1467 366 1511 401 60

202 438 343 481 κτίσαι
373 436 494 493 ἤρων
524 436 671 488 ἐόντα,
718 435 816 481 ἀλλ’
848 436 902 481 ου’
932 437 1012 494 τήν
1048 442 1195 494 νῆσον.
1257 439 1458 494 Φωκαίης

84 530 181 577 168
205 516 284 571 μέν
315 532 400 559 νυν
434 521 532 572 πέρι
561 521 636 572 τῆς
664 516 712 560 ἐν
738 517 875 574 Ἰωνίῃ
905 517 1044 568 οὕτως
1073 517 1177 573 §.oze
1214 515 1455 573 Παραπλή-
1508 523 1595 584 {²:2³ss
1598 557 1625 584 ib
1630 523 1780 585 Harg‘affio

205 607 276 639 σια
307 595 353 639 δὲ
380 594 574 639 τούτοισι
614 596 687 639 καὶ
730 596 853 653 Τήιοι
892 597 1112 653 ἐποίησαν.
1171 596 1261 640 ἐπεί
1299 611 1343 638 τε
1370 594 1453 650 γάρ
1509 591 1653 664 ΙῘ-οῑξζορ,ὀ
1649 592 1779 651 ’ξξξξω-
1750 627 1778 651 x

203 686 351 730 σφεων
392 679 475 719 εἱλε
503 676 668 731 χώματι
696 674 744 718 vd
784 681 921 731 τεῖχος
955 675 1193 731 Ἅρπαγος,
1250 673 1449 730 ἐσβάντες
1505 658 1598 718 333²}
1613 661 1765 719 H¹c1ios⁰⁵m
1726 691 1780 719 'ri

205 833 338 888 ϊκίης,
386 832 459 875 καὶ
496 832 689 876 ἐνθαῦτα
727 833 899 877 ἔκτισαν
942 832 1072 878 πόλιν
1106 833 1320 892 Ἄβδηρα·

145 1041 318 1084 vocatur3
347 1039 448 1087 quod
469 1039 566 1077 enim
591 1053 611 1077 e
636 1039 795 1090 Stepha-

145 1107 195 1131 no
216 1094 420 1143 Byzantino
448 1097 643 1133 advocatur
670 1092 795 1135 Θύελ-

145 1152 215 1197 λα,
245 1156 369 1188 natum
391 1152 534 1190 videtur
553 1165 596 1190 ex
621 1154 794 1192 ΟΤΕΛ-

145 1210 225 1245 ΛΑ
244 1207 335 1244 male
347 1208 470 1258 scripti
488 1209 619 1245 codicis
633 1214 696 1246 aut
708 1211 792 1248 OT-

146 1265 310 1310 ΕΛῙΑ,
340 1268 380 1299 ut
404 1265 496 1302 bene
523 1265 595 1301 iam
625 1266 795 1303 observa-

144 1319 196 1355 vit
231 1319 504 1369 W'esselingius.
559 1320 619 1359 De
648 1322 794 1359 nomine

144 1375 242 1411 urbis
259 1372 373 1425 ‘Ye'k‘q
393 1389 421 1413 s·
438 1371 548 1414 Ἐλὲα
566 1381 794 1424 monuerunt,

143 1434 184 1467 ut
204 1430 270 1468 Cr.
289 1435 412 1479 notat,
441 1431 608 1469 Mazochi
627 1433 663 1469 in
683 1433 796 1469 Com-

143 1491 270 1524 mentt.
307 1488 354 1524 ad
390 1486 508 1524 Tabb.
539 1488 793 1526 Heracleenss.

143 1555 229 1593 pag.
248 1544 313 1584 43.
333 1545 423 1584 120.
443 1543 525 1585 516
542 1557 619 1594 seq.
649 1544 794 1583 Rasche

143 1600 182 1636 in
205 1599 326 1637 Lexic.
347 1601 399 1637 rei
416 1612 554 1637 numar.
580 1604 666 1639 vett.
688 1601 735 1638 T.
758 1600 793 1638 V

143 1655 243 1693 Part.
272 1655 307 1692 II
338 1669 373 1706 p.
397 1659 478 1697 797
502 1670 601 1706 seq.‚
640 1661 676 1695 et
700 1670 794 1706 quae

144 1712 182 1748 in
205 1711 355 1748 Scholiis
375 1712 569 1750 Platonicis
597 1713 645 1750 ad
662 1713 796 1764 Sophi-

147 1772 225 1804 stae
247 1768 383 1805 initium
413 1770 606 1805 traduntur
635 1782 722 1819 pag.
740 1769 793 1810 35

146 1823 227 1860 coll.
254 1836 340 1873 pag.
368 1826 422 1864 78
459 1824 553 1861 Cod.
581 1824 705 1861 Clark.
735 1826 792 1862 ed.

147 1880 333 1917 Gaisford.
378 1880 558 1917 Graecum
593 1881 691 1917 urbis
728 1893 795 1917 no-

147 1948 253 1982 men,
294 1935 400 1984 quale
438 1935 646 1972 Herodotus
679 1936 796 1984 effert,

146 1993 184 2029 in
194 1992 356 2028 omnibus
367 1992 482 2028 numis
492 1992 680 2041 reperitur,
696 1996 798 2041 post-

147 2049 257 2085 modo
274 2048 371 2085 varie
389 2048 671 2097 pronuntiatum,
701 2048 798 2085 unde

148 2105 259 2142 etiam
278 2103 316 2139 in
336 2105 509 2153 scriptura
523 2104 709 2150 variatim,
720 2116 799 2140 mo

148 2164 258 2198 nente
278 2160 448 2197 Miiutero
479 2159 608 2206 (Velia
624 2160 661 2196 in
678 2159 799 2196 Luca-

148 2217 233 2254 nien
256 2229 341 2265 pag.
373 2217 588 2264 20—22)‚
620 2215 680 2264 qui
698 2215 797 2252 varia

148 2273 231 2310 hinc
262 2276 342 2309 orta
370 2273 469 2309 urbis
498 2271 645 2308 nomina
673 2284 798 2309 recen-

150 2333 216 2366 set.
279 2327 421 2365 Latinis
472 2328 702 2377 scriptoribus
758 2332 799 2365 ut

149 2384 340 2435 plurimum
368 2385 496 2421 dicitur
528 2383 638 2421 Velia.

209 2438 261 2486 ὥς
281 2436 346 2479 τὸν
367 2435 531 2491 Κύρνον
562 2452 634 2488 σφι
662 2437 690 2490 ἦ
713 2441 797 2478 Πυ-

151 2495 226 2545 θίη
250 2494 382 2546 ἔχρησε
412 2495 564 2545 κτίσαι]
594 2492 661 2534 τὸν
689 2491 796 2548 Κύρ-

152 2566 225 2590 νον
241 2552 368 2590 κτίσαι
387 2552 523 2589 condere
544 2552 694 2601 Cyrnum
719 2552 742 2588 i.
763 2565 795 2590 e.

156 2608 308 2657 Cyrnum
336 2612 377 2644 ut
400 2608 529 2645 heroem
552 2608 658 2644 colere
685 2610 797 2645 sacris

153 2665 193 2701 in
225 2665 297 2700 eins
321 2663 474 2701 honorem
502 2665 686 2701 institutis.
744 2663 801 2701 Ita

154 2719 252 2756 nulla
271 2719 307 2755 in
321 2718 398 2756 loco
419 2719 608 2757 difficultas
642 2722 705 2755 aut
732 2719 799 2756 ob-

155 2776 325 2822 scuritas,
353 2788 419 2812 nec
447 2775 519 2813 ulla
550 2788 640 2825 opus
681 2779 799 2813 muta-

154 2832 276 2877 tione,
306 2831 448 2880 qualem
469 2844 501 2868 v.
520 2845 549 2869 c.
570 2843 686 2880 nuper
714 2843 801 2881 pro-

154 2888 277 2939 posuit
309 2887 454 2937 Steger.
492 2888 530 2925 in
558 2886 717 2925 Praefat.
751 2887 800 2926 ad

204 769 362 805 παντες
391 753 435 805 ἐς
460 754 513 796 τὰ
541 758 694 806 πλοῖα,
726 755 897 809 οἴχοντο
926 754 1126 806 πλέοντες
1155 754 1224 798 ἐπὶ
1248 757 1323 810 τῆς
1343 757 1455 809 Θρη-
1466 725 1630 794 65mSiue

1378 831 1457 888 τήν

861 1040 1040 1078 Herodot.
1079 1054 1115 1091 p.
1134 1040 1190 1079 X:
1233 1037 1287 1087 ὥς
1308 1036 1374 1080 τὸν
1400 1034 1510 1091 Κύρ-

861 1112 934 1136 νον
957 1110 1030 1146 σφι
1049 1095 1077 1147 ἦ
1099 1099 1150 1135 Π.
1173 1096 1249 1149 ἕχρ.
1273 1099 1379 1136 τῖσαι
1397 1092 1510 1147 ἥρων

860 1149 996 1202 ἐόντα,
1025 1149 1111 1193 ἄλλ’
1133 1149 1182 1194 ου’
1198 1150 1272 1205 τήν
1289 1155 1413 1205 νῆσον
1431 1152 1509 1191 κτί-

862 1222 938 1249 σαι.

917 1261 977 1317 ἥρ
992 1280 1056 1304 ων
1080 1261 1251 1312 ἐόντα]
1282 1265 1341 1304 De
1363 1279 1510 1303 accusa-

861 1322 924 1358 tivi
943 1323 1061 1359 forma
1081 1318 1230 1373 (ἤρων)
1255 1323 1392 1360 monuit
1412 1321 1510 1358 Mat-

861 1378 958 1414 thiae
989 1376 1026 1428 ἓ
1049 1381 1102 1418 70
1132 1382 1209 1414 not.
1234 1380 1260 1418 3
1297 1391 1383 1428 pag.
1416 1379 1508 1418 153.

863 1433 1043 1481 Cyrnum,
1062 1433 1227 1470 Herculis
1245 1434 1354 1470 filium
1367 1462 1378 1480 ,
1396 1446 1417 1469 a
1435 1446 1509 1481 quo

864 1489 1006 1526 Graece
1031 1489 1170 1525 dicatur
1204 1489 1356 1526 Corsica
1379 1489 1509 1537 insula,

859 1545 1024 1582 nominat
1048 1545 1262 1596 Servius-ad
1287 1545 1412 1594 Virgil.
1431 1544 1508 1582 Ecl.

860 1601 926 1649 IX,
939 1603 991 1642 30
1005 1615 1014 1647 ;
1028 1602 1127 1650 quod
1138 1615 1199 1638 cur
1217 1606 1330 1650 negat
1340 1601 1509 1649 Schwgh.

861 1658 1029 1706 equidem
1047 1670 1121 1693 non
1140 1658 1331 1707 perspicio.
1360 1658 1509 1696 Rectius

860 1714 919 1752 ille
938 1714 1073 1751 iudicat
1102 1714 1149 1751 de
1174 1713 1364 1752 Benedicti
1389 1714 1511 1752 conie-

861 1774 962 1807 ctura
977 1770 1033 1817 (in
1051 1773 1119 1806 act.
1136 1770 1260 1807 semin.
1277 1769 1398 1819 philol.
1408 1769 1510 1818 Lips.

861 1826 944 1863 Vol.
960 1825 994 1862 II
1023 1825 1071 1863 T.
1094 1825 1128 1861 Π
1148 1839 1186 1875 p.
1210 1827 1334 1873 283),
1360 1826 1430 1874 qua
1457 1825 1511 1862 le-

863 1882 1023 1930 gendum
1056 1882 1122 1917 sit:
1171 1880 1257 1927 ἕλος
1291 1877 1430 1928 ἐόντα,-
1470 1883 1511 1917 ut

860 1937 1058 1987 paludum⁷
1086 1936 1124 1972 in
1149 1937 1277 1984 quibus
1303 1936 1512 1973 Phocaeen-

864 2006 921 2029 ses
948 1996 1041 2029 teste
1066 1991 1244 2039 Dionysio
1277 1991 1459 2028 Halicarn.
1482 1991 1511 2038 I,

864 2051 918 2089 20
927 2044 974 2083 V
977 2047 1082 2085 eliam
1107 2048 1233 2085 urbem
1256 2048 1508 2095 condiderunt,

863 2116 996 2140 nomen
1040 2103 1148 2139 fuerit
1184 2098 1357 2155 Κύρνος.
1386 2124 1442 2130 -
1467 2103 1510 2140 In

863 2160 935 2196 fine
964 2172 1043 2209 cap.
1067 2154 1199 2205 ου’τως
1231 2172 1252 2197 e
1281 2159 1439 2208 pluribus
1468 2159 1513 2195 li-

862 2215 937 2252 bris
959 2215 1122 2252 dedimus
1143 2228 1222 2252 cum
1245 2215 1362 2252 Gaisf.
1392 2214 1511 2263 Vulgo

864 2284 909 2310 ex
919 2270 1014 2308 Aldo
1031 2276 1275 2322 propagatum
1297 2275 1375 2309 erat
1395 2268 1511 2311 οὕτω.

1030 2354 1061 2391 C
1074 2367 1094 2391 a
1102 2367 1139 2405 p.
1169 2353 1370 2392 CLXVIII.

918 2436 985 2477 καὶ
1009 2436 1185 2477 ἐνθαῦτα
1211 2436 1367 2477 ἔκτισαν
1391 2432 1511 2477 πόλιν

851 2491 1059 2545 ’Ἀβδηρα]
1108 2494 1202 2531 Cum
1238 2494 1428 2532 Herodoto
1472 2495 1512 2531 in

862 2551 1069 2588 narratione
1105 2552 1151 2587 de
1189 2548 1335 2587 Abdera
1369 2550 1512 2587 condita

864 2607 1090 2645 consentiunt
1110 2606 1243 2643 Strabo
1262 2606 1347 2643 XIV
1371 2619 1407 2656 p.
1428 2605 1511 2647 644

864 2665 923 2701 ed.
942 2664 1026 2700 Cas.
1056 2676 1091 2712 p.
1115 2663 1220 2709 953,
1247 2661 1292 2699 Β.
1331 2662 1510 2710 Scymnus

866 2720 933 2756 Ch.
970 2731 1003 2755 v.
1031 2720 1113 2759 670
1153 2721 1239 2754 tom.
1270 2717 1305 2754 Π
1342 2730 1428 2767 pag.
1454 2719 1509 2758 38

865 2775 1034 2812 Hudson.
1090 2772 1259 2823 Namque
1290 2773 1397 2812 binae
1429 2776 1512 2811 sunt

864 2830 1143 2879 distinguendae
1167 2829 1351 2876 coloniae,
1379 2841 1402 2866 a
1429 2829 1513 2865 viris

865 2887 980 2926 doctis
999 2887 1038 2925 in
1048 2898 1158 2925 unam
1176 2889 1312 2924 temere
1328 2886 1513 2933 confusae,

1155 2942 1211 2983 24
1231 2940 1250 2964 *
