1877 3223
676 205 979 245 CLIO.I.
1418 208 1476 247 45

182 331 297 373 ματα
342 316 421 372 μὲν
456 331 509 359 τα
541 315 611 359 ἐπὶ
642 318 730 358 τῶν
768 313 917 371 ἀγρῶν
946 313 1047 359 οὔτε
1084 313 1337 371 κατέβαλλε,
1372 315 1474 360 οὔτε

181 395 447 451 ἐνεπίμπρη,
480 394 581 438 οὕτε
609 393 754 449 θύρας
789 393 985 447 ἀπέσπα,
1024 394 1074 438 ἔα
1110 394 1156 437 δὲ
1185 393 1297 437 nocto}
1325 394 1475 452 χώρην

181 474 407 530 ἑστάμεναι
421 489 430 498 ·

476 473 499 517 ὁ
529 474 575 516 δὲ
605 472 658 516 τά
688 489 733 515 τε
771 473 954 528 δένδρεα
979 473 1052 516 καὶ
1080 472 1160 516 τόν
1193 474 1368 530 καρπόν
1395 475 1473 518 τόν

159 554 230 598 ὁὲν
258 557 314 611 τῇ
344 557 401 610 γῇ
430 552 544 604 ὅκως
576 553 845 607 διαφθείρειε
872 552 1170 596 ἀπαλλάσσετο
1209 552 1360 597 ὀπίσω.
1399 557 1519 609 τῆς55

181 634 266 689 γάρ
291 632 515 689 θαλάσσης
545 635 588 676 οἱ
614 633 825 688 Μιλήσιοι
847 631 1128 687 ἐπεκράτεον,
1159 631 1266 676 ὥστε
1295 633 1474 688 ἐπέδρης

159 712 239 769 ὅμὴ
269 710 380 755 εἶναι
411 712 539 767 ἔργον
569 716 622 768 τῇ
663 716 855 769 στρατιῇ.

914 711 991 763 τοὶς
1022 712 1067 755 δὲ
1099 713 1238 763 οἰκίας
1267 711 1321 756 ου’
1353 711 1471 755 κατέ-

182 795 312 848 βαλλε
339 791 362 834 ὁ
391 790 540 842 Λυδὸς
568 793 707 835 τῶνδε
740 793 903 845 εἵνεκα,
951 792 1065 843 ὅκως
1101 792 1238 848 ἔχοιεν
1268 793 1471 836 ἐνθεῦτεν

137 992 195 1025 est
214 987 376 1024 Discunt.
437 987 548 1030 Quod
577 999 664 1024 vero
692 988 790 1025 idem

138 1045 191 1081 vir
213 1045 340 1080 doctus
359 1043 380 1080 l.
400 1043 424 1079 l.
456 1057 492 1093 p.
517 1044 598 1084 335
620 1057 675 1092 sq.
706 1044 790 1080 hinc

138 1101 315 1148 originem
345 1104 454 1148 atque
474 1100 573 1136 initia
592 1100 791 1148 elegorum,

139 1157 201 1205 qui
227 1156 274 1192 ad
301 1156 467 1192 tibiarum
498 1169 627 1192 sonum
657 1157 790 1193 cantati

139 1213 294 1257 suerint,
324 1213 476 1262 repetit,
506 1212 637 1248 Callini
657 1217 695 1249 ut
716 1213 791 1263 pri-

138 1269 186 1306 mi
222 1268 409 1315 elegorum
448 1271 580 1317 poetae
633 1270 791 1306 carmina

137 1324 359 1373 respiciens·‚
391 1324 427 1359 in
454 1336 497 1360 eo
522 1337 640 1361 acrem
661 1326 791 1362 adver-

140 1381 274 1416 sarium
295 1383 420 1416 nactus
443 1384 499 1416 est
509 1378 730 1417 Franckium
753 1382 789 1417 in

138 1436 281 1473 Callino
294 1449 330 1486 p.
346 1438 424 1476 118
437 1438 716 1485 sqs1.1315c1q.‚
728 1437 790 1486 qui

138 1506 210 1542 quo
222 1492 367 1540 singula
377 1492 578 1540 Boettigeri
596 1506 790 1541 argumen-

138 1554 176 1585 ta
196 1548 434 1596 convelleret,
447 1562 490 1585 ex
509 1549 689 1586 Herodoti
706 1563 788 1587 ver-

137 1605 193 1642 bis
213 1606 361 1641 omnino
383 1605 582 1653 quidquam
603 1607 649 1642 de
658 1606 789 1642 Callini

138 1661 252 1710 elegis
273 1661 436 1698 concludi
455 1675 567 1711 posse
586 1667 709 1710 negat,
730 1664 788 1699 id-

139 1730 211 1766 que
231 1718 338 1755 etiam
359 1718 531 1767 temporis
545 1720 677 1769 spatio,
690 1719 790 1768 quod

138 1773 291 1810 inultum
311 1774 404 1811 inter
423 1775 623 1822 Callinum,
654 1775 790 1824 elegia-

139 1830 170 1867 ci
191 1831 354 1866 carminis
374 1831 620 1878 inventorem,
649 1836 685 1869 et
702 1832 789 1881 Aly-

139 1890 249 1923 attem
263 1915 273 1933 ,
303 1887 349 1923 de
365 1887 462 1923 cuius
483 1889 619 1925 musica
647 1888 790 1925 militari

139 1942 351 1979 Herodotus
371 1941 539 1990 loquatur
550 1973 560 1991 ,
578 1945 791 1990 intercedat,

141 1999 416 2048 comprobatum
435 2004 550 2049 putat.
609 1999 684 2037 Sed
706 2013 791 2049 per-

139 2055 230 2092 tinet
250 2055 317 2090 hoc
335 2055 452 2102 magis
472 2056 519 2091 ad
539 2055 672 2091 Callini
690 2060 792 2092 aeta-

138 2114 212 2148 tem
229 2111 429 2147 accuratius
450 2115 559 2159 atque
581 2112 712 2149 certius
726 2113 791 2148 de-

139 2167 359 2213 finiendam,
397 2180 506 2215 quam
537 2168 584 2204 ad
611 2168 792 2206 Herodoti

138 2222 255 2259 locum
277 2222 538 2272 explicandum.
595 2223 655 2260 Ad
683 2237 792 2273 quem

138 2280 261 2331 potius
302 2279 510 2316 consulatur
529 2278 707 2317 Athenaei
738 2280 792 2316 lo-

143 2349 230 2383 cus,
272 2348 380 2384 quem
411 2335 477 2372 Cr.
518 2336 711 2386 adscripsit
739 2336 792 2373 XI

141 2405 181 2442 p.
230 2391 312 2432 517
356 2391 442 2441 ibiq.
491 2392 693 2441 Schweigh.
741 2393 793 2430 VI

201 2502 307 2541 εἀ-
317 2497 547 2553 ἕσταμεναι]
553 2502 703 2553 Vulgo
685 2500 793 2543 εστοῖ-

146 2572 234 2606 ναι,
265 2560 364 2608 quod
380 2560 499 2596 minus
510 2561 637 2596 Ionum
657 2574 795 2598 sermo-

146 2614 184 2650 ni
204 2618 260 2651 est
276 2616 504 2653 conveniens.
536 2616 643 2653 Cous.
661 2617 699 2665 I,
726 2621 792 2658 76.

144 2692 200 2697 —-
226 2670 285 2707 Ad
316 2665 474 2710 ἀπέσπα
505 2672 541 2709 in
563 2685 666 2723 seqq.
697 2676 791 2712 conf.

143 2726 217 2774 111,
250 2725 341 2768 159

201 2789 300 2832 ω’στε
327 2792 494 2846 ἐπέδρης
523 2812 577 2847 μη
603 2792 704 2837 εἶναι
731 2797 791 2850 ἕρ-

143 2863 214 2902 γον
236 2851 288 2903 τῇ
307 2850 520 2907 στρατιῇ]
511 2865 534 2890 ι.
555 2866 586 2892 e.
608 2856 661 2894 zta
677 2858 718 2894 ut
735 2857 791 2895 ni-

858 986 910 1024 leil
928 989 1089 1024 attineret
1114 989 1268 1024 exercitu
1286 987 1402 1023 urbem
1422 986 1513 1022 obsi-

858 1044 947 1091 dere,
968 1057 1062 1092 quae
1087 1044 1160 1080 scil.
1180 1048 1381 1080 commeatu
1405 1043 1515 1079 mari-

857 1102 944 1138 timo
967 1101 1176 1137 abundabat
1197 1113 1263 1137 nec
1272 1100 1433 1137 terrestri
1446 1100 1512 1135 ob—

858 1158 1002 1193 sidione
1039 1158 1087 1194 ad
1125 1157 1349 1195 deditionem
1396 1156 1513 1204 redigi

858 1218 1016 1265 poterat.

912 1284 983 1332 τῆς
1004 1277 1079 1334 γὰρ
1099 1276 1308 1330 θαλάσσης
1326 1275 1513 1328 οἷΜιλή-

858 1350 937 1377 σιοι
968 1334 1229 1387 ἐπεκράτεον]
1260 1337 1425 1373 Milesios
1453 1335 1515 1372 illa

858 1398 977 1431 aetate
1007 1394 1250 1430 validissimos
1277 1392 1515 1428 fortissimos-

857 1463 928 1498 que
945 1450 1057 1486 suisse
1069 1479 1078 1495 ‚
1100 1449 1169 1485 alia
1186 1449 1337 1485 aliorum
1359 1449 1514 1497 scripto-

856 1519 934 1542 rum
956 1506 1164 1543 testimonia
1175 1506 1384 1542 ostendunt.
1404 1505 1514 1540 Conf.

856 1562 1054 1599 Rambaeh.
1077 1563 1124 1599 de
1144 1562 1272 1600 Mileto
1301 1560 1403 1609 (Hal.
1427 1561 1513 1596 Sax.

860 1621 988 1667 1790)
1018 1632 1103 1669 pag.
1126 1621 1188 1659 19.
1246 1618 1349 1655 Idem
1378 1617 1436 1654 vel
1470 1629 1514 1653 ea

857 1679 1061 1722 testantur,
1091 1688 1185 1724 quae
1203 1675 1272 1712 hoc
1291 1675 1371 1724 ipso
1393 1673 1515 1723 capite

856 1736 893 1768 et
911 1732 1146 1780 sequentibus
1158 1731 1296 1769 Noster
1312 1731 1435 1776 refert,
1451 1729 1514 1778 qui

856 1788 927 1824 iam
955 1801 1066 1838 supra
1095 1788 1133 1835 I,
1165 1787 1217 1828 14
1255 1789 1316 1824 fin.
1345 1786 1512 1823 Miletum

856 1845 893 1880 in
915 1844 956 1879 iis
970 1845 1118 1880 urbibus
1139 1845 1399 1889 nominaverat,
1419 1854 1511 1890 quas

858 1901 986 1948 Gyges
998 1900 1054 1948 L)
1058 1901 1185 1936 dorum
1207 1914 1269 1937 rex
1292 1900 1338 1935 sit
1357 1910 1511 1946 aggres-

857 1970 943 2001 sus,
989 1961 1190 1992 commotus
1234 1954 1358 2004 procul
1399 1954 1513 1989 dubio

856 2012 957 2047 urbis
980 2008 1111 2047 divitiis
1130 2015 1239 2059 atque
1254 2011 1397 2061 opibuS,
1415 2022 1513 2058 quae

858 2067 929 2103 iam
949 2070 1024 2103 tum
1049 2067 1089 2115 (i.
1113 2080 1144 2103 e.
1166 2070 1246 2107 676
1269 2080 1300 2103 a.
1319 2067 1426 2113 Chr.)
1455 2070 1511 2102 tot

858 2122 1075 2160 coloniarum
1132 2127 1247 2161 mater
1312 2124 1512 2160 exstiterat.

859 2180 966 2216 Conf.
994 2179 1195 2217 Bambach.
1238 2179 1261 2216 l.
1294 2179 1318 2216 l.
1357 2192 1443 2228 pag.
1473 2181 1510 2219 6.

857 2236 982 2272 Hodie
1002 2236 1098 2272 urbis
1122 2235 1205 2271 olim
1216 2235 1514 2285 opulentissimae

859 2292 997 2340 aliquot
1020 2292 1152 2329 rudera
1174 2293 1417 2329 aedificiorum
1451 2305 1516 2328 su·—

857 2362 1007 2399 peresse
1037 2349 1204 2385 dicuntur
1224 2349 1260 2385 in
1294 2349 1421 2385 vicinia
1442 2347 1511 2384 loci

861 2404 972 2442 Palat
995 2404 1051 2441 vel
1073 2404 1287 2453 Palatscha‚
1317 2406 1364 2442 ad
1377 2405 1512 2440 ostium

860 2461 1062 2507 Maeandri,
1072 2461 1133 2498 ubi
1154 2474 1248 2499 nunc
1266 2466 1434 2511 pastores
1445 2461 1510 2497 de-

864 2522 954 2567 gunt
972 2518 1087 2568 pauci.
1111 2517 1217 2555 Conf.
1244 2516 1508 2555 Rosenmiiller.

859 2574 955 2611 Bibl.
976 2573 1213 2623 Archaeolog.
1233 2573 1298 2621 I‚2
1318 2587 1402 2624 pag.
1414 2576 1508 2615 226.

860 2630 918 2668 De
937 2630 1083 2678 antiqua
1106 2630 1194 2667 urbe
1223 2635 1370 2680 praeter
1394 2630 1510 2666 Ram-

860 2687 1027 2724 bachium
1054 2686 1265 2724 consulendi
1287 2700 1307 2724 e
1328 2687 1510 2724 veteribus

860 2742 1054 2794 praecipue
1070 2742 1202 2779 Strabo
1213 2743 1312 2790 XIV,
1335 2746 1354 2783 1
1378 2757 1413 2793 p.
1427 2742 1507 2783 941

861 2812 938 2848 seq.
963 2804 998 2836 et
1020 2798 1195 2848 Pompon.
1217 2799 1302 2839 Mel.
1323 2800 1353 2848 I,
1374 2802 1423 2841 17
1448 2797 1507 2849 §l

861 2856 983 2906 ibique
1006 2855 1042 2894 T
1044 2855 1209 2894 zschuck.
