1909 3228
539 232 1051 274 EUTERPE.11.
1326 237 1410 277 593

157 337 314 393 τράγος
344 339 534 394 ἐμίσγετο
566 339 836 396 ἀναφανδόν.
884 347 1014 387 τοῦτο
1045 342 1088 395 ἔς
1118 343 1302 397 ἐπίδεξιν
1331 344 1409 389 ἆν-

32 417 100 462 47
154 415 344 469 θρώπων
375 418 560 463 ἀπίκετο.
598 417 676 463 ῖΥν
705 421 750 464 δὲ
779 421 1011 477 Αἰγύπτιοι
1038 421 1199 478 μιαρόν
1226 423 1406 479 ἥγηνται

154 498 317 551 θηρίον
347 495 482 551 εἶναι,
512 500 583 542 καὶ
613 504 742 542 τοῦτο
770 499 869 555 μὲν,
907 499 962 556 ἥν
991 517 1054 551 τις
1081 500 1228 558 ψαύσῃ
1259 500 1458 546 αὕτῶνὲο

150 576 320 629 παριών
347 574 425 627 ὑὸς
455 575 623 621 αὐτοῖσι
663 580 891 633 ἱματίοισι,
935 578 1012 622 ἀπ’
1045 574 1107 622 οἷν
1135 580 1267 637 ἔβαψε
1294 580 1403 624 ἑωυ-

150 653 253 705 τόν,
283 654 362 710 βας
390 656 459 699 ἐπὶ
488 656 565 700 τὸν
594 655 813 713 ποταμόν·
863 661 995 701 τοῦτο
1027 658 1095 711 δὲ,
1126 660 1170 702 οἱ
1198 660 1400 715 συβῶται,

151 733 293 785 ἐόντες
330 734 561 790 Αἰγύπτιοι
597 736 806 792 ἐγγενέες,
857 737 899 788 ἐς
939 735 1039 792 ἱρόν
1077 736 1206 782 οὐδὲν
1240 741 1329 781 τῶν
1357 737 1404 781 ἐν

91 963 265 1011 religione
299 963 495 1013 petendam
535 978 635 1012 esse,
675 967 746 1015 qna

90 1020 222 1056 ductae
243 1020 409 1057 mulieres
429 1020 518 1057 Pani
539 1022 613 1059 sive
634 1023 745 1069 hirco,

91 1076 166 1112 eius
206 1077 392 1124 symbolo,
434 1090 473 1114 se
503 1079 744 1127 permiserint,

90 1131 124 1167 in
145 1132 291 1168 dubium
311 1133 431 1168 vocari
463 1135 598 1182 nequit.
650 1134 744 1171 Vide

91 1200 199 1236 snpra
218 1193 367 1234 notata3
398 1190 527 1237 quibus
557 1190 621 1226 Cr.
655 1190 689 1227 h.
718 1190 741 1227 l.

89 1244 175 1280 addi
193 1244 267 1280 vult
291 1245 598 1294 Payne-Knight
624 1246 743 1295 inqui-

87 1312 128 1347 ry
149 1312 196 1336 on
214 1301 364 1348 symbol.
386 1300 557 1350 languag.
575 1315 661 1352 pag.
686 1301 740 1344 24

142 1414 260 1450 τοῦτο
299 1410 339 1457 ἐς
370 1411 542 1459 ἐπίδεξιν
578 1408 739 1463 α’νθραῖ-

85 1481 173 1506 πων
193 1463 378 1517 ιίπίκετο]
409 1468 552 1516 Steger.
578 1468 736 1505 Praefat.

85 1536 169 1573 pag.
190 1523 262 1560 XII
287 1528 373 1573 post
397 1525 512 1562 τοῦτο
532 1525 639 1561 inseri
664 1524 738 1561 vult

85 1580 108 1618 ὅ
121 1578 150 1618 ε’.
190 1579 291 1617 Libri
307 1581 438 1617 vetusti
458 1593 531 1616 non
551 1581 735 1618 addicunt.

83 1635 166 1684 Ipsa
191 1636 301 1673 verba
322 1637 465 1673 Graeca
492 1636 574 1673 olim
593 1637 643 1673 sic
663 1636 736 1673 La-

82 1692 158 1728 tine
186 1693 348 1729 reddita:
378 1693 438 1728 hoc
466 1694 503 1729 in
530 1695 735 1729 ostentatio-

82 1760 158 1783 nem
177 1747 349 1784 hominum
367 1751 545 1797 pervenit,
569 1762 590 1784 a
610 1762 737 1785 recen-

82 1803 221 1840 tissimo
252 1804 449 1852 interprete
484 1804 608 1840 melius
641 1804 736 1841 hunc

83 1859 118 1894 in
147 1859 293 1895 modum
329 1872 498 1908 expressa
537 1864 637 1895 sunt:
674 1860 736 1895 hoc

84 1915 314 1960 (concubitus
342 1915 549 1963 intelligitur
581 1915 664 1951 hirci
691 1928 734 1952 ac

82 1970 238 2007 mulieris
259 1970 377 2019 palam
397 1972 532 2015 factus)
557 1971 605 2007 acl
625 1971 734 2007 homi-

82 2040 163 2063 num
182 2028 342 2062 notitiam
362 2030 531 2076 pervenit.
590 2026 736 2063 lablon-

83 2083 180 2119 skius
222 2082 305 2118 olim
336 2087 512 2119 verterat:
565 2083 736 2132 huiusque

81 2141 134 2175 rei
153 2138 320 2175 videndae
336 2139 528 2175 hominibus
548 2141 648 2188 copia
663 2138 733 2188 fa-

82 2199 140 2231 cta
175 2198 235 2231 est.
295 2195 347 2231 Ac
374 2195 529 2244 denique
560 2194 731 2231 Aemilius

81 2251 211 2287 Portus
229 2252 282 2288 ita
299 2250 369 2287 loci
388 2264 532 2288 sensum
545 2263 733 2300 expresse-

81 2312 154 2343 rat:
186 2307 247 2343 hoc
262 2309 300 2343 in
327 2307 498 2343 hominum
518 2307 732 2343 demonstra-

82 2364 205 2398 tionem
224 2365 341 2409 venit,
371 2364 409 2399 id
430 2367 509 2409 est,
539 2363 732 2399 hominibus

79 2420 256 2465 innotuit,
284 2419 337 2455 ita
356 2422 396 2455 ut
426 2432 536 2455 omnes
560 2419 621 2456 hoc
638 2419 733 2456 indi-

82 2478 200 2510 carent
218 2487 261 2511 ac
285 2474 563 2511 demonstrarent.

265 2556 296 2593 C
309 2569 329 2593 a
339 2570 375 2607 p.
403 2557 553 2595 XLVII.

137 2632 189 2676 ὗν
211 2635 253 2677 δὲ
275 2635 488 2691 Αἰγύπτιοι
514 2637 658 2691 μιαρόν
686 2636 731 2690 ἥ-

79 2709 218 2745 γηνται
244 2696 394 2746 θηρίον
421 2692 546 2745 εἶναι]
607 2695 730 2733 Nolim

77 2751 146 2788 huc
175 2751 307 2789 afferre
336 2752 486 2788 aliorum
516 2752 729 2801 scriptorum

77 2808 281 2844 testimonia
316 2812 392 2844 tum
437 2809 484 2845 de
524 2807 727 2857 Aegyptiis,

78 2868 151 2900 tum
181 2863 227 2899 de
254 2862 329 2899 aliis
359 2863 584 2913 antiquitatis
609 2864 728 2912 genti-

130 2917 337 2956 Hssnonor.
369 2919 396 2957 I.

815 966 880 1002 bus
911 979 992 1004 sues
1013 966 1279 1014 aversantibus,
1315 972 1378 1004 aut
1399 980 1461 1004 va-

812 1023 883 1058 rias
916 1035 1127 1060 enumerare
1159 1036 1285 1060 causas
1321 1024 1366 1060 ab
1394 1024 1460 1061 illis

812 1079 998 1128 proditas,
1028 1092 1108 1115 cum
1134 1079 1280 1117 abunde
1311 1079 1378 1116 hoc
1406 1082 1462 1117 fe-

811 1135 900 1170 cerit
925 1135 1092 1171 Bochart.
1113 1134 1318 1172 Hierozoic.
1340 1135 1384 1182 ll,
1406 1139 1460 1176 57

809 1202 896 1239 pag.
914 1194 1007 1231 702.
1041 1190 1106 1227 Cr.
1128 1191 1262 1227 consuli
1283 1190 1358 1228 vult
1381 1192 1460 1229 Ge-

810 1259 888 1282 sen.
913 1247 959 1282 ad
990 1247 1095 1284 [esai.
1120 1245 1236 1294 LXV,
1254 1246 1279 1288 4
1309 1261 1345 1297 p.
1364 1250 1459 1294 278,

809 1302 869 1350 qui
890 1302 1043 1338 ludaeos
1064 1303 1101 1338 in
1124 1303 1202 1338 suili
1224 1315 1330 1339 carne
1356 1317 1459 1341 aver-

809 1358 924 1393 sanda
939 1358 1057 1393 minus
1090 1358 1305 1395 valetudinis
1337 1372 1457 1396 curam

805 1412 993 1459 habuisse,
1025 1414 1091 1450 sed
1117 1413 1344 1450 finitimarum
1366 1427 1457 1462 gen-

804 1468 890 1504 tium
911 1497 921 1515 ,
950 1467 1212 1518 Aegyptiorum
1232 1497 1243 1515 ,
1283 1469 1455 1517 Arabum,

802 1523 1024 1560 Phoenicum
1054 1537 1190 1561 morem
1219 1529 1359 1562 secutos
1397 1539 1455 1563 es-

804 1593 843 1616 se
863 1580 1001 1616 statuit.
1061 1580 1181 1624 Quam
1202 1585 1322 1618 autem
1346 1582 1454 1618 moris

803 1649 948 1673 causam
976 1636 1167 1673 habuerint
1195 1640 1232 1674 et
1255 1636 1346 1674 aliae
1365 1650 1457 1686 gen-

802 1696 856 1729 tes
879 1697 914 1730 et
934 1705 1019 1729 vero
1032 1692 1258 1742 potissimum
1269 1693 1456 1743 Aegyptii,

803 1749 950 1784 vixdum
988 1752 1086 1785 certo
1127 1749 1288 1786 indicare
1322 1749 1456 1786 licebit.

803 1804 862 1839 Cf.
882 1805 1040 1840 Heeren.
1058 1803 1170 1840 Ideen
1188 1804 1220 1839 Il
1233 1833 1243 1850 ‚
1266 1808 1291 1844 2
1309 1818 1345 1854 p.
1362 1805 1453 1845 151.

803 1858 862 1894 Ad
883 1859 1061 1895 Herodoti
1077 1859 1192 1895 locum
1213 1859 1348 1896 huncce
1366 1861 1453 1896 facit

803 1914 983 1950 Plutarch.
997 1916 1042 1951 de
1054 1915 1098 1950 Is.
1116 1918 1151 1951 et
1163 1914 1297 1950 Osirid.
1310 1929 1345 1964 p.
1358 1916 1455 1960 353,

803 1969 853 2016 F,
901 1970 960 2005 nbi
987 1970 1292 2018 lVyttenbachius
1331 1983 1354 2006 a
1387 1971 1454 2008 Cr.

802 2025 969 2061 laudatus
988 2026 1024 2061 in
1035 2025 1302 2062 Animadverss.
1324 2039 1360 2075 p.
1376 2029 1455 2067 176

803 2094 878 2129 seq.
898 2086 1043 2130 praeter
1071 2081 1140 2117 alia
1172 2081 1295 2117 laudat
1314 2082 1455 2119 Aelian.

801 2136 849 2173 N.
868 2136 911 2173 A.
940 2137 987 2183 X,
1012 2139 1061 2177 16
1085 2141 1121 2173 et
1138 2136 1302 2173 Proclum
1323 2137 1358 2174 in
1378 2138 1455 2175 He-

802 2193 894 2229 siod.
917 2193 1018 2242 Opp.
1041 2197 1076 2229 et
1098 2193 1146 2229 D.
1168 2195 1261 2233 767.

857 2244 1009 2286 av’wiot
1032 2247 1240 2298 ἱματίοισι]
1254 2248 1453 2286 Articulum

799 2308 900 2343 τοῖσι
917 2309 1001 2341 ante
1022 2304 1210 2354 ἱματίοισι
1232 2309 1329 2341 recte
1352 2305 1452 2342 ‹lele-

800 2362 849 2397 vit
869 2359 1108 2409 Wesseling.‚
1138 2361 1200 2409 qui
1234 2361 1329 2397 idem
1352 2360 1452 2397 locu-

799 2417 932 2454 tionem
952 2417 1088 2463 aliquot
1106 2416 1277 2465 exemplis
1297 2416 1452 2453 illustra-

798 2473 859 2509 vit.
917 2472 976 2508 Tu
996 2472 1068 2509 vid.
1100 2471 1276 2509 Matthiae
1296 2472 1362 2507 Gr.
1383 2472 1449 2509 Gr.

798 2541 885 2579 pag.
902 2527 995 2568 741.
1054 2527 1113 2564 Ad
1144 2527 1253 2564 verba
1285 2523 1363 2566 ἀπ’
1390 2521 1448 2566 ὧν

801 2583 928 2636 ἔβαψε
946 2585 1039 2620 conf.
1060 2583 1114 2631 ll,
1139 2584 1204 2624 39.
1229 2585 1295 2623 40.

856 2640 897 2679 οἱ
924 2640 1117 2689 συβῶται,
1157 2634 1288 2684 ἐόντες
1317 2634 1446 2688 Αἰγύ-

797 2710 903 2734 πτιοι
923 2693 1093 2747 ἐγγενέες
1113 2709 1148 2733 κ.
1160 2710 1190 2733 τ.
1200 2693 1248 2745 t]
1270 2694 1444 2731 Valcken.

797 2757 881 2788 ante
899 2747 1024 2797 ἐόντες
1047 2751 1158 2788 inseri
1188 2750 1263 2787 vult
1290 2751 1449 2800 particu-

795 2807 866 2844 lam
886 2805 974 2854 καὶ,
1003 2810 1044 2843 ut
1074 2819 1200 2845 sensus
1231 2807 1297 2843 sit:
1327 2818 1449 2854 quam—

794 2865 849 2900 vis
875 2863 1061 2912 indigenae
1096 2864 1178 2899 sint.
1252 2862 1330 2899 Sed
1360 2862 1446 2900 nihil

1115 2919 1171 2958 38

1464 421 1540 449 Suos
1558 426 1588 450 et
1600 423 1734 452 subulcos

1463 457 1536 490 Aeg)
1547 457 1599 491 pmii
1649 466 1734 485 aver-

1461 495 1579 516 santur:

1461 530 1495 547 ac
1514 523 1630 549 Baccho
1643 525 1732 551 semel

1459 563 1514 590 per
1532 565 1658 589 annum,
1685 566 1733 584 eo-

1460 591 1525 628 dem
1572 590 1734 624 plenilunio

1459 627 1588 657 utrique,
1603 632 1671 650 sues
1681 625 1734 651 im-

1457 656 1579 689 molant,
1595 658 1734 684 etinnno-

1458 688 1585 716 latai-uin
1598 691 1734 717 carnibus

1631 491 1735 517 Lunae

1462 728 1641 750 vescuntur:
1662 732 1733 758 quo—

1460 756 1544 783 modo
1564 765 1614 783 cas
1632 756 1733 784 Lunae

1457 790 1618 824 immolent,
1638 794 1669 817 et
