1877 3223
439 213 518 254 174

829 209 1298 250 HERODOTI

434 319 644 377 νόμενον·
675 321 748 364 καὶ
775 321 822 364 ἐν
850 321 1050 376 θώυματι
1078 316 1155 376 ἦν,
1187 319 1324 375 ὁρέων
1345 319 1394 363 τὸ
1414 320 1744 376 ποιεόμενον.90

407 401 594 457 Ξμαθών
615 400 662 444 δέ
683 415 758 455 μιν
783 399 806 443 ὁ
831 399 1011 456 χαλκεύς
1041 398 1437 455 ἅποθωυμάζοντα,
1469 397 1559 442 εἶπε
1581 416 1688 443 παυ-

436 480 621 536 σάμενος
648 481 730 521 τοῦ
760 479 912 534 ἔργου·

973 475 1060 530 „³11
1083 496 1164 522 κου
1194 477 1273 531 ἂν,
1315 472 1349 520 ὦ
1380 479 1487 530 ξεῖνε
1516 478 1691 532 Λάκων,

437 561 510 612 ,,εἲ’
537 575 617 613 περ
657 555 768 607 εἶδες
803 559 852 601 τό
895 575 974 612 περ
1004 557 1110 614 ἐγώ,
1153 555 1292 611 κάρτα
1335 556 1390 600 ἂν
1426 557 1689 614 ἐθώυμαζες.

437 637 581 690 ,,ὅκου
611 639 696 679 νῦν
726 636 840 680 οὕτω
871 635 1094 692 τυγχάνεις
1129 640 1287 693 θῶυμα
1330 637 1585 691 ποιεύμενος
1613 637 1692 692 τήν

409 723 463 766 3,,
478 715 683 771 ἐργασίην
721 720 800 760 τοῦ
841 715 1038 773 σιδήρου.

1099 714 1182 770 ἐγώ
1210 714 1294 771 γάρ
1335 715 1381 758 ἐν
1417 717 1519 772 τῇδε
1548 714 1750 759 θέλων95

435 798 524 851 ,,τῇ
556 792 670 851 αὐλῇ
707 796 848 851 φρέαρ
895 793 1182 850 ποιήσασθαι,
1238 792 1442 849 ὀρύσσων
1491 793 1694 850 ἐπέτυχον

435 876 587 931 ,,σορς5
607 873 855 931 ἑπταπήχεϊ·
886 874 972 918 ὑπὸ
1005 874 1051 918 δὲ
1079 872 1276 930 ἀπιστίης
1303 874 1361 930 μὴ
1391 874 1470 930 μὲν
1489 876 1693 930 γενέσθαι

378 1061 465 1106 νον]
505 1059 647 1098 Eodem
672 1060 781 1096 modo
807 1058 915 1109 paulo
944 1062 1031 1109 post

380 1115 400 1156 ὅ
425 1113 609 1166 χαλκεύς,
657 1128 876 1165 quamquam
907 1115 1030 1166 serra-

378 1176 470 1210 rium
498 1173 612 1210 fuisse
641 1173 830 1223 ipsamque
850 1173 1030 1210 officinam

373 1229 591 1280 ferrariam,
639 1229 728 1266 satis
765 1234 840 1265 tum
881 1241 925 1266 ex
962 1229 1030 1265 hoc

378 1287 461 1339 ipso
490 1285 569 1323 loco
601 1290 677 1324 tum
707 1298 751 1323 ex
779 1285 981 1322 Pausaniae
1009 1283 1032 1321 l.

379 1342 402 1379 l.
422 1342 642 1391 intelligitur.
672 1343 748 1378 Sed
777 1347 862 1392 apte
886 1343 955 1378 iam
978 1342 1033 1377 in-

379 1403 435 1436 ter
465 1398 535 1435 alia
575 1398 729 1435 Pollucis
764 1397 880 1434 locum
917 1396 1035 1434 attulit

379 1454 667 1502 lVesselingiu5‚
723 1454 760 1490 in
810 1453 1033 1490 Onomastic.

379 1511 465 1557 Vll,
499 1513 578 1551 106
607 1505 809 1560 χαλκεύειν
833 1507 875 1548 δὲ
904 1508 971 1548 καὶ
988 1505 1032 1548 τό

381 1563 605 1619 σιδηρεύειν
647 1565 799 1619 ἔλεγον,
841 1564 909 1604 καὶ
946 1568 1033 1615 χαλ·

379 1622 473 1669 κέας
490 1620 583 1670 τούς
609 1619 675 1662 τὸν
695 1623 859 1673 σίδηρον
880 1621 1032 1674 ἐργαζο-

381 1678 537 1731 μένους.
596 1679 766 1728 Namque
805 1692 867 1716 aes
908 1679 1033 1727 cogni—

380 1741 455 1773 tum
468 1736 618 1772 Graecis
638 1740 722 1773 ante
744 1737 900 1780 serrum3
930 1736 1033 1771 inde-

380 1806 452 1841 que
474 1793 672 1828 communis
707 1791 879 1828 remansit
909 1790 1036 1839 appel-

380 1848 485 1895 latio,
515 1853 555 1884 ut
585 1848 637 1895 is,
666 1848 728 1896 qui
757 1849 891 1884 ferrum
914 1846 1036 1883 elabo-

379 1909 497 1951 raret,
528 1904 659 1941 codem
686 1904 830 1940 nomine
849 1903 1036 1948 diceretur,

378 1973 489 2008 quain
517 1961 579 2009 qui
608 1959 645 1996 in
673 1972 756 1997 aere
776 1959 1035 1996 elaboraverat.

379 2016 519 2053 Probat
545 2016 701 2053 Hesiodi
728 2015 828 2052 locus
867 2015 904 2051 in
935 2015 1039 2064 Opp.

379 2077 416 2110 et
446 2072 494 2109 D.
523 2085 576 2108 vs.
610 2072 687 2113 151
722 2072 779 2109 ed.
808 2071 871 2109 Br.
901 2075 937 2108 et
960 2070 1038 2107 Lu-

382 2129 481 2166 cretii
502 2128 567 2177 (V,
596 2129 724 2177 1292)
752 2129 802 2165 ita
821 2127 1006 2164 canentis:

462 2185 567 2222 Prior
586 2185 680 2222 aeris
708 2188 787 2222 erat
814 2197 922 2233 quam
951 2182 1038 2220 ferri

683 2241 851 2290 cognitus
871 2253 970 2277 usus.

380 2297 533 2344 Pariter,
553 2301 593 2334 ut
616 2303 740 2335 monet
763 2297 828 2334 Cr.
842 2325 853 2343 ,
883 2292 931 2334 τὰ
950 2297 1037 2346 χαλ,-

380 2357 468 2392 κεῖα
504 2359 541 2391 et
578 2350 626 2392 w?
653 2349 813 2405 σιδήρια
841 2353 1039 2401 iunguntur

382 2410 418 2447 in
446 2409 608 2446 Platonis
637 2409 854 2459 Euthydem.
885 2422 921 2459 p.
955 2409 1036 2448 300

381 2479 468 2517 pag.
491 2466 573 2507 449
592 2466 776 2503 Bekk.—
795 2466 854 2503 De
877 2464 1036 2514 ἐθηεῖτο

381 2522 500 2559 forma
516 2522 719 2559 monuimus
739 2523 787 2560 ad
807 2522 923 2568 l,1o·,
952 2520 1037 2557 item

383 2579 431 2614 ad
453 2577 496 2624 l,
521 2580 574 2619 50
599 2579 646 2616 de
677 2592 741 2626 eo,
771 2578 871 2628 quod
892 2577 928 2613 in
958 2589 1036 2613 me-

384 2633 477 2670 tallis
502 2635 697 2671 tractandis
731 2635 778 2672 sit
801 2630 1033 2681 ἐξελαύνειν.

384 2689 496 2727 Unde
524 2703 609 2727 vero
628 2689 832 2729 Larcherus
863 2691 900 2727 in
921 2701 1036 2726 anno-

383 2746 522 2782 tatione
541 2747 588 2782 ad
610 2746 644 2792 l,
672 2747 725 2788 25
745 2747 913 2795 colligat,
942 2745 1036 2782 hunc

387 2801 560 2848 loculum,
589 2815 660 2850 quo
681 2803 824 2839 Orestis
847 2815 933 2839 ossa
951 2813 1037 2838 con-

386 2858 616 2905 tinebantur,
655 2862 691 2896 et
728 2859 847 2909 ipsum
883 2860 1040 2896 ferreum

1096 1058 1231 1105 fuisse,
1261 1058 1396 1109 quippe
1427 1057 1495 1096 hoc
1529 1057 1664 1096 metalli
1690 1071 1755 1106 ge-

1097 1128 1185 1153 nere
1210 1120 1294 1152 tune
1323 1116 1495 1164 temporis
1535 1114 1756 1164 pretiosissi-

1097 1185 1177 1219 mo,
1208 1184 1280 1220 quo
1307 1172 1489 1208 carissima
1509 1183 1677 1220 quaeque
1701 1171 1755 1207 in-

1101 1228 1201 1266 clusa
1220 1228 1353 1265 suerint
1368 1257 1379 1275 ‚
1408 1228 1447 1264 id
1463 1227 1632 1277 equidem
1651 1227 1757 1276 igno-

1100 1298 1164 1332 ro,
1195 1289 1365 1333 recteque
1388 1284 1478 1321 alios
1502 1284 1537 1322 ei
1569 1283 1757 1321 oblocutos

1102 1354 1186 1379 esse
1217 1354 1360 1378 censeo.

1155 1420 1250 1463 ’ὅκου
1279 1426 1355 1462 νῦν
1397 1419 1499 1463 οὕτω
1535 1416 1755 1474 τυγχάνεις]

1103 1476 1200 1520 ὅκου
1221 1481 1372 1517 causalis
1395 1481 1452 1517 hic
1482 1484 1537 1517 est
1569 1478 1758 1529 particula,

1103 1550 1219 1587 quum,
1268 1537 1324 1573 da.
1382 1536 1492 1573 Plura
1531 1536 1688 1573 Vl'erser.
1722 1535 1758 1570 in

1101 1594 1194 1630 Aett.
1246 1592 1379 1643 philoll.
1439 1592 1603 1629 Monacc.
1654 1590 1690 1638 I,
1735 1593 1757 1631 1

1101 1663 1137 1700 p.
1170 1651 1260 1690 118.
1290 1671 1344 1675 —
1374 1649 1432 1687 Dc
1461 1653 1640 1684 structura
1660 1647 1759 1684 verbi

1101 1709 1308 1744 ποιεῖσθαι
1328 1706 1364 1741 in
1392 1718 1495 1754 seqq.
1520 1717 1599 1740 cuin
1629 1702 1761 1753 duplici

1103 1763 1306 1798 accusativo
1323 1763 1416 1798 cons.
1442 1760 1572 1797 Matth.
1604 1759 1668 1795 Gr.
1695 1760 1761 1796 Gr.

1104 1816 1141 1867 ὃ.
1168 1818 1248 1858 421
1281 1821 1355 1853 not.
1382 1817 1407 1857 4
1435 1829 1521 1867 pag.
1541 1814 1635 1856 775.

1159 1897 1239 1939 ύπὸ
1283 1898 1326 1939 δὲ
1365 1896 1550 1950 α’πιστίης
1594 1895 1648 1950 μὴ
1689 1896 1761 1949 μὲν

1107 1955 1296 2009 γενέσθαι
1317 1953 1479 2008 μηδαμά
1510 1971 1544 1994 κ.
1561 1971 1592 1995 τ.
1614 1954 1666 2006 λ.]
1690 1957 1712 1992 i.
1730 1969 1763 1993 e.

1104 2016 1302 2064 „quoniam
1341 2013 1548 2063 ‹leffidebam
1585 2013 1646 2060 (s.
1679 2025 1764 2063 per-

1105 2071 1260 2108 suadere
1310 2071 1396 2106 mihi
1447 2082 1522 2106 non
1564 2068 1760 2118 poteram)

1098 2126 1218 2176 fuisse
1246 2138 1400 2175 unquam
1425 2127 1571 2162 maiores
1598 2124 1761 2170 homines,

1106 2196 1211 2232 quam
1262 2184 1324 2230 qui
1369 2194 1459 2217 ηιιιισ
1508 2182 1627 2216 sunt.“
1686 2180 1761 2218 Ubi

1106 2238 1332 2275 Valckenarii
1365 2237 1636 2274 emendatione:
1681 2252 1762 2287 μη-

1107 2295 1129 2334 δ
1143 2311 1166 2332 α
1179 2310 1205 2344 μ
1216 2310 1235 2332 ο
1250 2291 1273 2332 ύ
1289 2309 1307 2339 ς
1359 2292 1547 2344 γενέσθαι
1601 2289 1763 2343 μηδαμεὶ

1107 2350 1272 2402 μέζονας
1293 2345 1538 2400 ἀνθρώπους
1560 2351 1640 2387 τῶν
1668 2352 1762 2388 νῦν

1105 2408 1147 2456 (ἰ.
1170 2421 1201 2444 e.
1222 2406 1335 2443 nullos
1354 2408 1489 2455 uspiam
1505 2405 1668 2456 fuisse),
1696 2406 1763 2443 mi-

1104 2465 1200 2501 nime
1219 2476 1324 2513 opus,
1381 2462 1479 2500 Nam
1495 2459 1550 2513 μή
1573 2460 1644 2513 μὲν
1663 2462 1765 2513 posi-

1104 2525 1180 2556 tum
1198 2533 1266 2570 pro
1289 2515 1342 2569 μή
1366 2515 1471 2569 μὴν,
1497 2531 1592 2568 quae
1612 2517 1764 2556 formula

1106 2582 1162 2614 est
1192 2577 1229 2613 in
1258 2576 1410 2612 iurando
1434 2576 1581 2612 omnino
1617 2576 1763 2621 usitata,

1103 2634 1223 2682 prouti
1251 2626 1279 2683 ἦ
1313 2628 1407 2682 μήν.
1438 2632 1548 2669 Conf.
1571 2632 1693 2669 Koen.
1715 2631 1764 2667 ad

1105 2689 1262 2738 Gregor.
1301 2688 1466 2724 Corinth.
1493 2701 1529 2738 p.
1569 2687 1645 2728 471
1682 2699 1763 2736 seq.

1106 2745 1163 2782 cd.
1183 2745 1328 2783 Sehaef.
1352 2750 1389 2782 et
1405 2744 1583 2781 Herodot.
1607 2744 1661 2792 ΙΙ,
1684 2743 1764 2783 118

1107 2801 1192 2849 ibiq.
1227 2806 1301 2838 not.
1362 2800 1421 2838 De
1452 2800 1649 2849 negatione
1678 2801 1764 2848 post

1106 2857 1314 2896 vocabulum
1376 2857 1583 2905 negativum
1637 2851 1761 2901 (ἄπι-
