<?xml version="1.0" encoding="UTF-8"?>
<!DOCTYPE html PUBLIC "-//W3C//DTD XHTML 1.0 Transitional//EN"
    "http://www.w3.org/TR/xhtml1/DTD/xhtml1-transitional.dtd">
<html xmlns="http://www.w3.org/1999/xhtml" xml:lang="en" lang="en">
 <head>
  <title>
</title>
<meta http-equiv="Content-Type" content="text/html;charset=utf-8" />
  <meta name='ocr-system' content='tesseract 3.04.00' />
  <meta name='ocr-capabilities' content='ocr_page ocr_carea ocr_par ocr_line ocrx_word'/>
</head>
<body>
  <div class='ocr_page' id='page_1' title='image "./musaeherodoto01hero/musaeherodoto01hero_0398.png"; bbox 0 0 1909 3228; ppageno 0'>
   <div class='ocr_carea' id='block_1_1' title="bbox 455 242 539 283">
    <p class='ocr_par' dir='ltr' id='par_1_1' title="bbox 455 242 539 283">
     <span class='ocr_line' id='line_1_1' title="bbox 455 242 539 283; baseline 0 -2"><span class='ocrx_word' id='word_1_1' title='bbox 455 242 539 283; x_wconf 69' lang='lat'><strong>384</strong></span> 
     </span>
    </p>
   </div>
   <div class='ocr_carea' id='block_1_2' title="bbox 850 233 1325 276">
    <p class='ocr_par' dir='ltr' id='par_1_2' title="bbox 850 233 1325 276">
     <span class='ocr_line' id='line_1_2' title="bbox 850 233 1325 276; baseline -0.004 0"><span class='ocrx_word' id='word_1_2' title='bbox 850 233 1325 276; x_wconf 84' lang='lat' dir='ltr'><strong>HERODOTI</strong></span> 
     </span>
    </p>
   </div>
   <div class='ocr_carea' id='block_1_3' title="bbox 455 339 1708 406">
    <p class='ocr_par' dir='ltr' id='par_1_3' title="bbox 455 339 1708 406">
     <span class='ocr_line' id='line_1_3' title="bbox 455 339 1708 406; baseline -0.006 -13"><span class='ocrx_word' id='word_1_3' title='bbox 455 347 572 406; x_wconf 75' lang='grc' dir='ltr'><strong><em>χώρη</em></strong></span> <span class='ocrx_word' id='word_1_4' title='bbox 603 348 645 399; x_wconf 80' lang='grc' dir='ltr'><strong>ἔς</strong></span> <span class='ocrx_word' id='word_1_5' title='bbox 672 346 753 403; x_wconf 81' lang='grc' dir='ltr'><strong>τὴν</strong></span> <span class='ocrx_word' id='word_1_6' title='bbox 781 344 962 401; x_wconf 80' lang='grc' dir='ltr'><em>ἤπειρον</em></span> <span class='ocrx_word' id='word_1_7' title='bbox 990 345 1187 401; x_wconf 76' lang='grc' dir='ltr'><strong><em>τελευτᾷ,</em></strong></span> <span class='ocrx_word' id='word_1_8' title='bbox 1216 341 1353 399; x_wconf 84' lang='grc' dir='ltr'><strong><em>ταύτῃ</em></strong></span> <span class='ocrx_word' id='word_1_9' title='bbox 1384 341 1407 388; x_wconf 88' lang='grc' dir='ltr'>ὁ</span> <span class='ocrx_word' id='word_1_10' title='bbox 1439 339 1598 399; x_wconf 81' lang='grc' dir='ltr'><strong><em>ἰσθμός</em></strong></span> <span class='ocrx_word' id='word_1_11' title='bbox 1619 342 1708 386; x_wconf 76' lang='grc' dir='ltr'><strong><em>ἐστι</em></strong></span> 
     </span>
    </p>
   </div>
   <div class='ocr_carea' id='block_1_4' title="bbox 427 421 1708 558">
    <p class='ocr_par' dir='ltr' id='par_1_4' title="bbox 427 421 1708 558">
     <span class='ocr_line' id='line_1_4' title="bbox 427 421 1708 480; baseline -0.003 -11"><span class='ocrx_word' id='word_1_12' title='bbox 427 428 540 472; x_wconf 85' lang='grc' dir='ltr'><strong><em>5τόν</em></strong></span> <span class='ocrx_word' id='word_1_13' title='bbox 568 427 784 480; x_wconf 79' lang='grc' dir='ltr'><strong><em>ὤρυσσον.</em></strong></span> <span class='ocrx_word' id='word_1_14' title='bbox 816 423 889 467; x_wconf 81' lang='grc' dir='ltr'><strong><em>καὶ</em></strong></span> <span class='ocrx_word' id='word_1_15' title='bbox 917 421 969 479; x_wconf 73' lang='grc' dir='ltr'><strong>δὴ</strong></span> <span class='ocrx_word' id='word_1_16' title='bbox 997 425 1134 479; x_wconf 82' lang='grc' dir='ltr'><strong><em>πολλῇ</em></strong></span> <span class='ocrx_word' id='word_1_17' title='bbox 1163 422 1272 477; x_wconf 85' lang='grc' dir='ltr'><strong><em>χειρὶ</em></strong></span> <span class='ocrx_word' id='word_1_18' title='bbox 1303 422 1598 477; x_wconf 77' lang='grc' dir='ltr'><strong><em>ἐργαζομένων</em></strong></span> <span class='ocrx_word' id='word_1_19' title='bbox 1618 425 1708 465; x_wconf 79' lang='grc' dir='ltr'><strong>τῶν</strong></span> 
     </span>
     <span class='ocr_line' id='line_1_5' title="bbox 453 499 1708 558; baseline -0.005 -8"><span class='ocrx_word' id='word_1_20' title='bbox 453 507 669 550; x_wconf 85' lang='grc' dir='ltr'><strong><em>Κνιδίων·</em></strong></span> <span class='ocrx_word' id='word_1_21' title='bbox 725 506 893 558; x_wconf 79' lang='grc' dir='ltr'><strong><em>μᾶλλον</em></strong></span> <span class='ocrx_word' id='word_1_22' title='bbox 928 500 1011 557; x_wconf 72' lang='grc' dir='ltr'><strong>γάρ</strong></span> <span class='ocrx_word' id='word_1_23' title='bbox 1050 518 1091 544; x_wconf 79' lang='grc' dir='ltr'><strong><em>τι</em></strong></span> <span class='ocrx_word' id='word_1_24' title='bbox 1119 501 1191 544; x_wconf 80' lang='grc' dir='ltr'><strong><em>καὶ</em></strong></span> <span class='ocrx_word' id='word_1_25' title='bbox 1219 499 1445 552; x_wconf 83' lang='grc' dir='ltr'><strong><em>θειότερον</em></strong></span> <span class='ocrx_word' id='word_1_26' title='bbox 1473 500 1708 556; x_wconf 82' lang='grc' dir='ltr'><strong><em>ἐφαίνοντο</em></strong></span> 
     </span>
    </p>
   </div>
   <div class='ocr_carea' id='block_1_5' title="bbox 453 576 1712 715">
    <p class='ocr_par' dir='ltr' id='par_1_5' title="bbox 453 576 1712 715">
     <span class='ocr_line' id='line_1_6' title="bbox 453 576 1711 638; baseline -0.005 -11"><span class='ocrx_word' id='word_1_27' title='bbox 453 581 763 638; x_wconf 80' lang='grc' dir='ltr'><strong><em>τιτρώσκεσθαι</em></strong></span> <span class='ocrx_word' id='word_1_28' title='bbox 793 583 836 625; x_wconf 81' lang='grc' dir='ltr'><strong>οἱ</strong></span> <span class='ocrx_word' id='word_1_29' title='bbox 865 580 1146 636; x_wconf 79' lang='grc' dir='ltr'><strong><em>ἐργαζόμενοι</em></strong></span> <span class='ocrx_word' id='word_1_30' title='bbox 1174 583 1254 623; x_wconf 87' lang='grc' dir='ltr'><strong><em>τοῦ</em></strong></span> <span class='ocrx_word' id='word_1_31' title='bbox 1284 576 1454 629; x_wconf 84' lang='grc' dir='ltr'><strong><em>οἰκότος</em></strong></span> <span class='ocrx_word' id='word_1_32' title='bbox 1483 577 1535 621; x_wconf 81' lang='grc' dir='ltr'><strong><em>τά</em></strong></span> <span class='ocrx_word' id='word_1_33' title='bbox 1563 595 1606 622; x_wconf 87' lang='grc' dir='ltr'><strong><em>τε</em></strong></span> <span class='ocrx_word' id='word_1_34' title='bbox 1637 578 1711 622; x_wconf 74' lang='grc' dir='ltr'><strong>ἅλ-</strong></span> 
     </span>
     <span class='ocr_line' id='line_1_7' title="bbox 453 657 1712 715; baseline -0.004 -10"><span class='ocrx_word' id='word_1_35' title='bbox 453 666 507 705; x_wconf 82' lang='grc' dir='ltr'><strong><em>λα</em></strong></span> <span class='ocrx_word' id='word_1_36' title='bbox 535 664 616 705; x_wconf 87' lang='grc' dir='ltr'><strong><em>τοῦ</em></strong></span> <span class='ocrx_word' id='word_1_37' title='bbox 645 659 868 715; x_wconf 79' lang='grc' dir='ltr'><strong><em>σώματος,</em></strong></span> <span class='ocrx_word' id='word_1_38' title='bbox 899 659 971 703; x_wconf 80' lang='grc' dir='ltr'><strong><em>καὶ</em></strong></span> <span class='ocrx_word' id='word_1_39' title='bbox 999 657 1184 715; x_wconf 78' lang='grc' dir='ltr'><strong><em>μάλιστα</em></strong></span> <span class='ocrx_word' id='word_1_40' title='bbox 1212 657 1264 701; x_wconf 79' lang='grc' dir='ltr'><strong><em>τὰ</em></strong></span> <span class='ocrx_word' id='word_1_41' title='bbox 1291 657 1391 712; x_wconf 83' lang='grc' dir='ltr'><strong><em>περὶ</em></strong></span> <span class='ocrx_word' id='word_1_42' title='bbox 1419 657 1523 708; x_wconf 86' lang='grc' dir='ltr'><strong>τούς</strong></span> <span class='ocrx_word' id='word_1_43' title='bbox 1547 657 1712 712; x_wconf 82' lang='grc' dir='ltr'><strong><em>ὀφθαλ-</em></strong></span> 
     </span>
    </p>
   </div>
   <div class='ocr_carea' id='block_1_6' title="bbox 424 735 1768 955">
    <p class='ocr_par' dir='ltr' id='par_1_6' title="bbox 424 735 1768 955">
     <span class='ocr_line' id='line_1_8' title="bbox 452 735 1768 797; baseline -0.005 -13"><span class='ocrx_word' id='word_1_44' title='bbox 452 739 587 797; x_wconf 82' lang='grc' dir='ltr'><strong><em>μοὺς,</em></strong></span> <span class='ocrx_word' id='word_1_45' title='bbox 615 739 896 796; x_wconf 76' lang='grc' dir='ltr'><strong><em>θραυομένης</em></strong></span> <span class='ocrx_word' id='word_1_46' title='bbox 923 742 998 794; x_wconf 83' lang='grc' dir='ltr'><strong><em>τῆς</em></strong></span> <span class='ocrx_word' id='word_1_47' title='bbox 1027 739 1203 795; x_wconf 80' lang='grc' dir='ltr'><strong><em>πέτρης·</em></strong></span> <span class='ocrx_word' id='word_1_48' title='bbox 1235 736 1424 793; x_wconf 75' lang='grc' dir='ltr'><strong><em>ἔπεμπον</em></strong></span> <span class='ocrx_word' id='word_1_49' title='bbox 1445 736 1486 788; x_wconf 82' lang='grc' dir='ltr'><strong>ἐς</strong></span> <span class='ocrx_word' id='word_1_50' title='bbox 1508 735 1768 793; x_wconf 76' lang='grc' dir='ltr'><strong><em>Δελφούς85</em></strong></span> 
     </span>
     <span class='ocr_line' id='line_1_9' title="bbox 424 814 1711 874; baseline -0.002 -11"><span class='ocrx_word' id='word_1_51' title='bbox 424 816 737 874; x_wconf 77' lang='grc' dir='ltr'><strong><em>ὅθεοπρόπους</em></strong></span> <span class='ocrx_word' id='word_1_52' title='bbox 767 816 1108 874; x_wconf 76' lang='grc' dir='ltr'><strong><em>ἐπερησομένους</em></strong></span> <span class='ocrx_word' id='word_1_53' title='bbox 1135 817 1185 860; x_wconf 85' lang='grc' dir='ltr'><strong><em>τὸ</em></strong></span> <span class='ocrx_word' id='word_1_54' title='bbox 1216 815 1428 868; x_wconf 82' lang='grc' dir='ltr'><strong><em>οἷντίξοον.</em></strong></span> <span class='ocrx_word' id='word_1_55' title='bbox 1483 814 1511 872; x_wconf 85' lang='grc' dir='ltr'><em>ἡ</em></span> <span class='ocrx_word' id='word_1_56' title='bbox 1547 816 1592 860; x_wconf 82' lang='grc' dir='ltr'><strong>δὲ</strong></span> <span class='ocrx_word' id='word_1_57' title='bbox 1622 820 1711 860; x_wconf 91' lang='grc' dir='ltr'><strong>Πυ-</strong></span> 
     </span>
     <span class='ocr_line' id='line_1_10' title="bbox 451 894 1711 955; baseline -0.002 -13"><span class='ocrx_word' id='word_1_58' title='bbox 451 900 530 955; x_wconf 81' lang='grc' dir='ltr'><strong><em>θίη</em></strong></span> <span class='ocrx_word' id='word_1_59' title='bbox 560 910 663 955; x_wconf 82' lang='grc' dir='ltr'><strong><em>σφι,</em></strong></span> <span class='ocrx_word' id='word_1_60' title='bbox 694 895 754 949; x_wconf 74' lang='grc' dir='ltr'><strong>ὦς</strong></span> <span class='ocrx_word' id='word_1_61' title='bbox 783 895 911 941; x_wconf 83' lang='grc' dir='ltr'><strong><em>αὐτοὶ</em></strong></span> <span class='ocrx_word' id='word_1_62' title='bbox 939 897 1116 941; x_wconf 82' lang='grc' dir='ltr'><strong><em>Κνίδιοι</em></strong></span> <span class='ocrx_word' id='word_1_63' title='bbox 1144 895 1341 953; x_wconf 83' lang='grc' dir='ltr'><strong><em>λέγουσι,</em></strong></span> <span class='ocrx_word' id='word_1_64' title='bbox 1378 897 1459 953; x_wconf 79' lang='grc' dir='ltr'><strong>χρᾷ</strong></span> <span class='ocrx_word' id='word_1_65' title='bbox 1489 894 1535 939; x_wconf 82' lang='grc' dir='ltr'><strong><em>ἐν</em></strong></span> <span class='ocrx_word' id='word_1_66' title='bbox 1563 894 1711 952; x_wconf 83' lang='grc' dir='ltr'><strong><em>τριμέ-·</em></strong></span> 
     </span>
    </p>
   </div>
   <div class='ocr_carea' id='block_1_7' title="bbox 452 974 836 1038">
    <p class='ocr_par' dir='ltr' id='par_1_7' title="bbox 452 974 836 1038">
     <span class='ocr_line' id='line_1_11' title="bbox 452 974 836 1038; baseline -0.005 -17"><span class='ocrx_word' id='word_1_67' title='bbox 452 994 540 1036; x_wconf 84' lang='grc' dir='ltr'><strong><em>τρῳ</em></strong></span> <span class='ocrx_word' id='word_1_68' title='bbox 569 976 683 1038; x_wconf 83' lang='grc' dir='ltr'><strong><em>τόνῳ</em></strong></span> <span class='ocrx_word' id='word_1_69' title='bbox 713 974 815 1020; x_wconf 77' lang='grc' dir='ltr'><strong><em>τάδε</em></strong></span> <span class='ocrx_word' id='word_1_70' title='bbox 826 991 836 1002; x_wconf 90' lang='grc'><em>·</em></span> 
     </span>
    </p>
   </div>
   <div class='ocr_carea' id='block_1_8' title="bbox 609 1051 1770 1160">
    <p class='ocr_par' dir='ltr' id='par_1_8' title="bbox 609 1051 1770 1160">
     <span class='ocr_line' id='line_1_12' title="bbox 609 1051 1455 1101; baseline -0.004 -8"><span class='ocrx_word' id='word_1_71' title='bbox 609 1055 759 1101; x_wconf 81' lang='grc' dir='ltr'><strong><em>Ἰσθμὸν</em></strong></span> <span class='ocrx_word' id='word_1_72' title='bbox 783 1053 824 1091; x_wconf 76' lang='grc' dir='ltr'><strong>δὲ</strong></span> <span class='ocrx_word' id='word_1_73' title='bbox 846 1052 897 1100; x_wconf 82' lang='grc' dir='ltr'><strong>μή</strong></span> <span class='ocrx_word' id='word_1_74' title='bbox 919 1055 1122 1100; x_wconf 80' lang='grc' dir='ltr'><strong><em>πυργοῦτε,</em></strong></span> <span class='ocrx_word' id='word_1_75' title='bbox 1146 1051 1238 1100; x_wconf 84' lang='grc' dir='ltr'><strong><em>μήδ’</em></strong></span> <span class='ocrx_word' id='word_1_76' title='bbox 1264 1051 1455 1098; x_wconf 78' lang='grc' dir='ltr'><strong><em>ὀρύσσετε·</em></strong></span> 
     </span>
     <span class='ocr_line' id='line_1_13' title="bbox 619 1108 1770 1160; baseline -0.005 -10"><span class='ocrx_word' id='word_1_77' title='bbox 619 1112 710 1156; x_wconf 74' lang='grc' dir='ltr'><strong><em>Ζεύς</em></strong></span> <span class='ocrx_word' id='word_1_78' title='bbox 733 1113 803 1160; x_wconf 79' lang='grc' dir='ltr'><strong>γάρ</strong></span> <span class='ocrx_word' id='word_1_79' title='bbox 825 1110 856 1149; x_wconf 85' lang='grc' dir='ltr'><strong>κ’</strong></span> <span class='ocrx_word' id='word_1_80' title='bbox 883 1113 993 1160; x_wconf 73' lang='grc' dir='ltr'><strong><em>ἔθηκε</em></strong></span> <span class='ocrx_word' id='word_1_81' title='bbox 1016 1116 1153 1160; x_wconf 79' lang='grc' dir='ltr'><strong><em>νῆσον,</em></strong></span> <span class='ocrx_word' id='word_1_82' title='bbox 1178 1113 1216 1149; x_wconf 80' lang='grc' dir='ltr'><strong>εἷ’</strong></span> <span class='ocrx_word' id='word_1_83' title='bbox 1233 1108 1262 1147; x_wconf 86' lang='grc' dir='ltr'><strong>κ’</strong></span> <span class='ocrx_word' id='word_1_84' title='bbox 1289 1112 1472 1159; x_wconf 81' lang='grc' dir='ltr'><strong><em>ἐβούλετο.</em></strong></span> <span class='ocrx_word' id='word_1_85' title='bbox 1722 1109 1770 1145; x_wconf 87' lang='lat'><strong>90</strong></span> 
     </span>
    </p>
   </div>
   <div class='ocr_carea' id='block_1_9' title="bbox 423 1179 1714 1239">
    <p class='ocr_par' dir='ltr' id='par_1_9' title="bbox 423 1179 1714 1239">
     <span class='ocr_line' id='line_1_14' title="bbox 423 1179 1714 1239; baseline -0.004 -14"><span class='ocrx_word' id='word_1_86' title='bbox 423 1184 630 1227; x_wconf 85' lang='grc' dir='ltr'><strong><em>7Κνίδιοι</em></strong></span> <span class='ocrx_word' id='word_1_87' title='bbox 658 1181 757 1239; x_wconf 84' lang='grc' dir='ltr'><strong><em>μέν,</em></strong></span> <span class='ocrx_word' id='word_1_88' title='bbox 804 1185 941 1226; x_wconf 87' lang='grc' dir='ltr'><strong><em>ταῦτα</em></strong></span> <span class='ocrx_word' id='word_1_89' title='bbox 968 1185 1044 1239; x_wconf 82' lang='grc' dir='ltr'><strong><em>τῆς</em></strong></span> <span class='ocrx_word' id='word_1_90' title='bbox 1074 1183 1250 1238; x_wconf 80' lang='grc' dir='ltr'><strong><em>Πυθίης</em></strong></span> <span class='ocrx_word' id='word_1_91' title='bbox 1277 1179 1517 1239; x_wconf 79' lang='grc' dir='ltr'><strong><em>χρησάσης,</em></strong></span> <span class='ocrx_word' id='word_1_92' title='bbox 1565 1179 1646 1221; x_wconf 85' lang='grc' dir='ltr'><strong><em>τοῦ</em></strong></span> <span class='ocrx_word' id='word_1_93' title='bbox 1670 1193 1714 1221; x_wconf 89' lang='grc' dir='ltr'><strong><em>τε</em></strong></span> 
     </span>
    </p>
   </div>
   <div class='ocr_carea' id='block_1_10' title="bbox 455 1255 1714 1318">
    <p class='ocr_par' dir='ltr' id='par_1_10' title="bbox 455 1255 1714 1318">
     <span class='ocr_line' id='line_1_15' title="bbox 455 1255 1714 1318; baseline -0.006 -12"><span class='ocrx_word' id='word_1_94' title='bbox 455 1261 704 1318; x_wconf 79' lang='grc' dir='ltr'><strong><em>ὀρύγματος</em></strong></span> <span class='ocrx_word' id='word_1_95' title='bbox 745 1258 1012 1306; x_wconf 84' lang='grc' dir='ltr'><strong><em>ἐπαύσαντο·</em></strong></span> <span class='ocrx_word' id='word_1_96' title='bbox 1070 1261 1146 1304; x_wconf 84' lang='grc' dir='ltr'><strong><em>καὶ</em></strong></span> <span class='ocrx_word' id='word_1_97' title='bbox 1177 1258 1400 1318; x_wconf 74' lang='grc' dir='ltr'><strong><em>Ἁρπάγῳ,</em></strong></span> <span class='ocrx_word' id='word_1_98' title='bbox 1438 1255 1602 1303; x_wconf 81' lang='grc' dir='ltr'><strong><em>ἐπιόντι</em></strong></span> <span class='ocrx_word' id='word_1_99' title='bbox 1630 1256 1714 1300; x_wconf 82' lang='grc' dir='ltr'><strong><em>σύν</em></strong></span> 
     </span>
    </p>
   </div>
   <div class='ocr_carea' id='block_1_11' title="bbox 454 1336 1708 1399">
    <p class='ocr_par' dir='ltr' id='par_1_11' title="bbox 454 1336 1708 1399">
     <span class='ocr_line' id='line_1_16' title="bbox 454 1336 1708 1399; baseline -0.005 -14"><span class='ocrx_word' id='word_1_100' title='bbox 454 1345 516 1399; x_wconf 76' lang='grc' dir='ltr'><strong><em>τῷ</em></strong></span> <span class='ocrx_word' id='word_1_101' title='bbox 553 1344 745 1399; x_wconf 73' lang='grc' dir='ltr'><strong><em>στρατῷ,</em></strong></span> <span class='ocrx_word' id='word_1_102' title='bbox 803 1338 988 1398; x_wconf 70' lang='grc' dir='ltr'><strong><em>ἀμαχητὶ</em></strong></span> <span class='ocrx_word' id='word_1_103' title='bbox 1045 1352 1181 1396; x_wconf 86' lang='grc' dir='ltr'><strong><em>σφεας</em></strong></span> <span class='ocrx_word' id='word_1_104' title='bbox 1228 1337 1393 1391; x_wconf 71' lang='grc' dir='ltr'><strong><em>ἀὐτούς</em></strong></span> <span class='ocrx_word' id='word_1_105' title='bbox 1447 1336 1708 1394; x_wconf 85' lang='grc' dir='ltr'><strong><em>παρέδοσαν.</em></strong></span> 
     </span>
    </p>
   </div>
   <div class='ocr_carea' id='block_1_12' title="bbox 399 1473 673 1479">
    <p class='ocr_par' dir='ltr' id='par_1_12' title="bbox 399 1473 673 1479">
     <span class='ocr_line' id='line_1_17' title="bbox 399 1473 673 1479; baseline 0 0"><span class='ocrx_word' id='word_1_106' title='bbox 399 1473 673 1479; x_wconf 95' lang='lat' dir='ltr'><strong> </strong></span> 
     </span>
    </p>
   </div>
   <div class='ocr_carea' id='block_1_13' title="bbox 396 1534 1050 2932">
    <p class='ocr_par' dir='ltr' id='par_1_13' title="bbox 396 1534 1050 2932">
     <span class='ocr_line' id='line_1_18' title="bbox 398 1534 1048 1586; baseline 0.003 -14"><span class='ocrx_word' id='word_1_107' title='bbox 398 1536 445 1573; x_wconf 88' lang='lat' dir='ltr'><strong>cti</strong></span> <span class='ocrx_word' id='word_1_108' title='bbox 473 1535 510 1572; x_wconf 92' lang='lat' dir='ltr'><strong>in</strong></span> <span class='ocrx_word' id='word_1_109' title='bbox 529 1534 630 1583; x_wconf 93' lang='lat' dir='ltr'><strong>loco,</strong></span> <span class='ocrx_word' id='word_1_110' title='bbox 660 1536 723 1586; x_wconf 89' lang='lat' dir='ltr'><strong>qui</strong></span> <span class='ocrx_word' id='word_1_111' title='bbox 749 1536 1048 1586; x_wconf 82' lang='lat' dir='ltr'><strong>interpretatione</strong></span> 
     </span>
     <span class='ocr_line' id='line_1_19' title="bbox 397 1591 1049 1640; baseline 0 -12"><span class='ocrx_word' id='word_1_112' title='bbox 397 1591 647 1640; x_wconf 84' lang='lat' dir='ltr'><strong>illustrandus,</strong></span> <span class='ocrx_word' id='word_1_113' title='bbox 664 1605 739 1629; x_wconf 90' lang='lat' dir='ltr'><strong>non</strong></span> <span class='ocrx_word' id='word_1_114' title='bbox 757 1593 1049 1630; x_wconf 83' lang='lat' dir='ltr'><strong>coniecturamu-</strong></span> 
     </span>
     <span class='ocr_line' id='line_1_20' title="bbox 397 1649 1050 1698; baseline -0.002 -13"><span class='ocrx_word' id='word_1_115' title='bbox 397 1649 529 1685; x_wconf 84' lang='lat' dir='ltr'><strong>tandus</strong></span> <span class='ocrx_word' id='word_1_116' title='bbox 556 1652 655 1695; x_wconf 88' lang='lat' dir='ltr'><strong>erat,</strong></span> <span class='ocrx_word' id='word_1_117' title='bbox 676 1649 946 1686; x_wconf 80' lang='lat' dir='ltr'><strong>emendationes</strong></span> <span class='ocrx_word' id='word_1_118' title='bbox 963 1661 1050 1698; x_wconf 90' lang='lat' dir='ltr'><strong>pro-</strong></span> 
     </span>
     <span class='ocr_line' id='line_1_21' title="bbox 397 1704 1050 1755; baseline 0 -15"><span class='ocrx_word' id='word_1_119' title='bbox 397 1708 615 1755; x_wconf 69' lang='lat' dir='ltr'><strong>posuerunt,</strong></span> <span class='ocrx_word' id='word_1_120' title='bbox 644 1704 680 1741; x_wconf 89' lang='lat' dir='ltr'><strong>in</strong></span> <span class='ocrx_word' id='word_1_121' title='bbox 707 1705 835 1753; x_wconf 88' lang='lat' dir='ltr'><strong>quibus</strong></span> <span class='ocrx_word' id='word_1_122' title='bbox 857 1717 1050 1742; x_wconf 87' lang='lat' dir='ltr'><strong>recensen-</strong></span> 
     </span>
     <span class='ocr_line' id='line_1_22' title="bbox 398 1760 1046 1805; baseline -0.002 -9"><span class='ocrx_word' id='word_1_123' title='bbox 398 1760 454 1797; x_wconf 86' lang='lat' dir='ltr'><strong>dis</strong></span> <span class='ocrx_word' id='word_1_124' title='bbox 484 1772 528 1796; x_wconf 92' lang='lat' dir='ltr'><strong>e0</strong></span> <span class='ocrx_word' id='word_1_125' title='bbox 555 1760 672 1797; x_wconf 90' lang='lat' dir='ltr'><strong>minus</strong></span> <span class='ocrx_word' id='word_1_126' title='bbox 703 1760 885 1796; x_wconf 90' lang='lat' dir='ltr'><strong>immorari</strong></span> <span class='ocrx_word' id='word_1_127' title='bbox 909 1760 1046 1805; x_wconf 87' lang='lat' dir='ltr'><strong>lubeat,</strong></span> 
     </span>
     <span class='ocr_line' id='line_1_23' title="bbox 398 1816 1047 1865; baseline -0.002 -13"><span class='ocrx_word' id='word_1_128' title='bbox 398 1828 471 1865; x_wconf 88' lang='lat' dir='ltr'><strong>quo</strong></span> <span class='ocrx_word' id='word_1_129' title='bbox 489 1816 605 1864; x_wconf 85' lang='lat' dir='ltr'><strong>magis</strong></span> <span class='ocrx_word' id='word_1_130' title='bbox 624 1816 714 1853; x_wconf 88' lang='lat' dir='ltr'><strong>istae</strong></span> <span class='ocrx_word' id='word_1_131' title='bbox 728 1816 776 1852; x_wconf 87' lang='lat' dir='ltr'><strong>ad</strong></span> <span class='ocrx_word' id='word_1_132' title='bbox 794 1828 904 1851; x_wconf 91' lang='lat' dir='ltr'><strong>unum</strong></span> <span class='ocrx_word' id='word_1_133' title='bbox 921 1827 1047 1852; x_wconf 92' lang='lat' dir='ltr'><strong>omnes</strong></span> 
     </span>
     <span class='ocr_line' id='line_1_24' title="bbox 397 1871 1049 1921; baseline -0.002 -13"><span class='ocrx_word' id='word_1_134' title='bbox 397 1884 640 1921; x_wconf 82' lang='lat' dir='ltr'><strong>supervacuae</strong></span> <span class='ocrx_word' id='word_1_135' title='bbox 669 1872 871 1909; x_wconf 75' lang='lat' dir='ltr'><strong>videantur.</strong></span> <span class='ocrx_word' id='word_1_136' title='bbox 938 1871 1049 1907; x_wconf 90' lang='lat' dir='ltr'><strong>Plura</strong></span> 
     </span>
     <span class='ocr_line' id='line_1_25' title="bbox 396 1927 1049 1974; baseline 0.002 -10"><span class='ocrx_word' id='word_1_137' title='bbox 396 1928 468 1964; x_wconf 83' lang='lat' dir='ltr'><strong>vid.</strong></span> <span class='ocrx_word' id='word_1_138' title='bbox 488 1928 526 1964; x_wconf 91' lang='lat' dir='ltr'><strong>in</strong></span> <span class='ocrx_word' id='word_1_139' title='bbox 551 1931 643 1964; x_wconf 87' lang='lat' dir='ltr'><strong>nott.</strong></span> <span class='ocrx_word' id='word_1_140' title='bbox 663 1927 913 1974; x_wconf 86' lang='lat' dir='ltr'><strong>Valckenarii‚</strong></span> <span class='ocrx_word' id='word_1_141' title='bbox 938 1927 1049 1965; x_wconf 78' lang='lat' dir='ltr'><strong>Wes-</strong></span> 
     </span>
     <span class='ocr_line' id='line_1_26' title="bbox 398 1983 982 2033; baseline -0.003 -11"><span class='ocrx_word' id='word_1_142' title='bbox 398 1983 541 2033; x_wconf 83' lang='lat' dir='ltr'><strong>selingii</strong></span> <span class='ocrx_word' id='word_1_143' title='bbox 559 1988 596 2021; x_wconf 89' lang='lat' dir='ltr'><strong>et</strong></span> <span class='ocrx_word' id='word_1_144' title='bbox 615 1984 817 2032; x_wconf 79' lang='lat' dir='ltr'><strong>Schweigh.</strong></span> <span class='ocrx_word' id='word_1_145' title='bbox 839 1984 887 2020; x_wconf 89' lang='lat' dir='ltr'><strong>ad</strong></span> <span class='ocrx_word' id='word_1_146' title='bbox 906 1983 941 2020; x_wconf 89' lang='lat' dir='ltr'><strong>h.</strong></span> <span class='ocrx_word' id='word_1_147' title='bbox 958 1983 982 2020; x_wconf 90' lang='lat' dir='ltr'><strong>l.</strong></span> 
     </span>
     <span class='ocr_line' id='line_1_27' title="bbox 455 2035 1049 2092; baseline 0 -14"><span class='ocrx_word' id='word_1_148' title='bbox 455 2042 603 2090; x_wconf 78' lang='grc' dir='ltr'><strong><em>μᾶλλον</em></strong></span> <span class='ocrx_word' id='word_1_149' title='bbox 615 2035 691 2092; x_wconf 74' lang='grc' dir='ltr'><strong>γάρ</strong></span> <span class='ocrx_word' id='word_1_150' title='bbox 712 2055 749 2079; x_wconf 91' lang='grc' dir='ltr'><strong><em>τι</em></strong></span> <span class='ocrx_word' id='word_1_151' title='bbox 758 2038 824 2078; x_wconf 83' lang='grc' dir='ltr'><strong><em>καὶ</em></strong></span> <span class='ocrx_word' id='word_1_152' title='bbox 840 2035 1049 2091; x_wconf 78' lang='grc' dir='ltr'><strong><em>θειότερον</em></strong></span> 
     </span>
     <span class='ocr_line' id='line_1_28' title="bbox 397 2094 1049 2146; baseline -0.006 -10"><span class='ocrx_word' id='word_1_153' title='bbox 397 2094 611 2146; x_wconf 77' lang='grc' dir='ltr'><strong><em>ἐφαίνοντο</em></strong></span> <span class='ocrx_word' id='word_1_154' title='bbox 640 2111 674 2135; x_wconf 81' lang='grc' dir='ltr'><strong>κ.</strong></span> <span class='ocrx_word' id='word_1_155' title='bbox 705 2111 738 2135; x_wconf 91' lang='grc' dir='ltr'><strong>τ.</strong></span> <span class='ocrx_word' id='word_1_156' title='bbox 759 2099 806 2142; x_wconf 85' lang='grc' dir='ltr'><strong>λ.]</strong></span> <span class='ocrx_word' id='word_1_157' title='bbox 847 2096 930 2133; x_wconf 88' lang='lat' dir='ltr'><strong>Hoc</strong></span> <span class='ocrx_word' id='word_1_158' title='bbox 957 2108 1049 2145; x_wconf 93' lang='lat' dir='ltr'><strong>quo-</strong></span> 
     </span>
     <span class='ocr_line' id='line_1_29' title="bbox 401 2152 1050 2201; baseline -0.002 -12"><span class='ocrx_word' id='word_1_159' title='bbox 401 2165 473 2201; x_wconf 88' lang='lat' dir='ltr'><strong>que</strong></span> <span class='ocrx_word' id='word_1_160' title='bbox 501 2152 580 2190; x_wconf 91' lang='lat' dir='ltr'><strong>loco</strong></span> <span class='ocrx_word' id='word_1_161' title='bbox 610 2153 899 2190; x_wconf 86' lang='lat' dir='ltr'><strong>enunciationem</strong></span> <span class='ocrx_word' id='word_1_162' title='bbox 923 2164 1050 2189; x_wconf 88' lang='lat' dir='ltr'><strong>causa-</strong></span> 
     </span>
     <span class='ocr_line' id='line_1_30' title="bbox 398 2205 1048 2261; baseline -0.002 -16"><span class='ocrx_word' id='word_1_163' title='bbox 398 2208 470 2246; x_wconf 90' lang='lat' dir='ltr'><strong>lem</strong></span> <span class='ocrx_word' id='word_1_164' title='bbox 496 2222 563 2260; x_wconf 87' lang='lat' dir='ltr'><strong>per</strong></span> <span class='ocrx_word' id='word_1_165' title='bbox 598 2209 809 2260; x_wconf 81' lang='lat' dir='ltr'><strong>particulam</strong></span> <span class='ocrx_word' id='word_1_166' title='bbox 838 2205 913 2261; x_wconf 69' lang='grc' dir='ltr'><strong>γάρ</strong></span> <span class='ocrx_word' id='word_1_167' title='bbox 939 2220 1048 2259; x_wconf 86' lang='lat' dir='ltr'><strong>prae-</strong></span> 
     </span>
     <span class='ocr_line' id='line_1_31' title="bbox 397 2264 1047 2313; baseline -0.002 -11"><span class='ocrx_word' id='word_1_168' title='bbox 397 2266 543 2302; x_wconf 81' lang='lat' dir='ltr'><strong>missam</strong></span> <span class='ocrx_word' id='word_1_169' title='bbox 558 2266 757 2303; x_wconf 89' lang='lat' dir='ltr'><strong>invenimus</strong></span> <span class='ocrx_word' id='word_1_170' title='bbox 769 2295 781 2312; x_wconf 89' lang='lat'><strong>,</strong></span> <span class='ocrx_word' id='word_1_171' title='bbox 798 2269 835 2302; x_wconf 82' lang='lat' dir='ltr'><strong>et</strong></span> <span class='ocrx_word' id='word_1_172' title='bbox 852 2278 952 2312; x_wconf 87' lang='lat' dir='ltr'><strong>eam,</strong></span> <span class='ocrx_word' id='word_1_173' title='bbox 975 2264 1047 2313; x_wconf 58' lang='lat' dir='ltr'><strong>quai</strong></span> 
     </span>
     <span class='ocr_line' id='line_1_32' title="bbox 398 2320 1044 2372; baseline -0.003 -14"><span class='ocrx_word' id='word_1_174' title='bbox 398 2322 549 2359; x_wconf 83' lang='lat' dir='ltr'><strong>effectus</strong></span> <span class='ocrx_word' id='word_1_175' title='bbox 566 2326 713 2358; x_wconf 85' lang='lat' dir='ltr'><strong>notatur</strong></span> <span class='ocrx_word' id='word_1_176' title='bbox 741 2320 935 2372; x_wconf 77' lang='grc' dir='ltr'><strong><em>(ἔπεμπον</em></strong></span> <span class='ocrx_word' id='word_1_177' title='bbox 955 2334 988 2358; x_wconf 85' lang='grc' dir='ltr'><strong>κ.</strong></span> <span class='ocrx_word' id='word_1_178' title='bbox 1012 2333 1044 2357; x_wconf 92' lang='grc' dir='ltr'><strong><em>τ.</em></strong></span> 
     </span>
     <span class='ocr_line' id='line_1_33' title="bbox 397 2375 1045 2428; baseline -0.006 -13"><span class='ocrx_word' id='word_1_179' title='bbox 397 2378 466 2425; x_wconf 83' lang='grc' dir='ltr'><strong>λ.),</strong></span> <span class='ocrx_word' id='word_1_180' title='bbox 492 2378 754 2428; x_wconf 80' lang='lat' dir='ltr'><strong>postpositam3</strong></span> <span class='ocrx_word' id='word_1_181' title='bbox 784 2378 830 2415; x_wconf 92' lang='lat' dir='ltr'><strong>de</strong></span> <span class='ocrx_word' id='word_1_182' title='bbox 855 2390 928 2426; x_wconf 91' lang='lat' dir='ltr'><strong>quo</strong></span> <span class='ocrx_word' id='word_1_183' title='bbox 956 2375 1045 2412; x_wconf 85' lang='lat' dir='ltr'><strong>dixi-</strong></span> 
     </span>
     <span class='ocr_line' id='line_1_34' title="bbox 398 2433 1046 2484; baseline -0.002 -13"><span class='ocrx_word' id='word_1_184' title='bbox 398 2447 478 2471; x_wconf 88' lang='lat' dir='ltr'><strong>mus</strong></span> <span class='ocrx_word' id='word_1_185' title='bbox 515 2434 563 2471; x_wconf 88' lang='lat' dir='ltr'><strong>ad</strong></span> <span class='ocrx_word' id='word_1_186' title='bbox 602 2434 642 2481; x_wconf 86' lang='lat'><strong>1,</strong></span> <span class='ocrx_word' id='word_1_187' title='bbox 676 2433 742 2475; x_wconf 82' lang='lat'><strong>24.</strong></span> <span class='ocrx_word' id='word_1_188' title='bbox 781 2433 1046 2484; x_wconf 77' lang='grc' dir='ltr'><strong><em>τιτρώσκε-</em></strong></span> 
     </span>
     <span class='ocr_line' id='line_1_35' title="bbox 400 2487 1046 2536; baseline -0.006 -8"><span class='ocrx_word' id='word_1_189' title='bbox 400 2493 526 2528; x_wconf 78' lang='grc' dir='ltr'><strong><em>σθαι</em></strong></span> <span class='ocrx_word' id='word_1_190' title='bbox 555 2490 624 2527; x_wconf 87' lang='lat' dir='ltr'><strong>hoc</strong></span> <span class='ocrx_word' id='word_1_191' title='bbox 643 2490 721 2527; x_wconf 91' lang='lat' dir='ltr'><strong>loco</strong></span> <span class='ocrx_word' id='word_1_192' title='bbox 743 2490 910 2527; x_wconf 88' lang='lat' dir='ltr'><strong>omnino:</strong></span> <span class='ocrx_word' id='word_1_193' title='bbox 937 2487 1046 2536; x_wconf 76' lang='lat' dir='ltr'><strong>affici,</strong></span> 
     </span>
     <span class='ocr_line' id='line_1_36' title="bbox 399 2544 1046 2596; baseline -0.005 -14"><span class='ocrx_word' id='word_1_194' title='bbox 399 2546 565 2584; x_wconf 83' lang='lat' dir='ltr'><strong>laborare.</strong></span> <span class='ocrx_word' id='word_1_195' title='bbox 630 2546 692 2583; x_wconf 89' lang='lat' dir='ltr'><strong>Sic</strong></span> <span class='ocrx_word' id='word_1_196' title='bbox 725 2548 881 2596; x_wconf 79' lang='grc' dir='ltr'><strong><em>τραῦμα</em></strong></span> <span class='ocrx_word' id='word_1_197' title='bbox 919 2544 1046 2581; x_wconf 79' lang='lat' dir='ltr'><strong>vulnus</strong></span> 
     </span>
     <span class='ocr_line' id='line_1_37' title="bbox 398 2600 1044 2652; baseline -0.002 -14"><span class='ocrx_word' id='word_1_198' title='bbox 398 2615 466 2652; x_wconf 88' lang='lat' dir='ltr'><strong>pro</strong></span> <span class='ocrx_word' id='word_1_199' title='bbox 488 2602 620 2652; x_wconf 83' lang='lat' dir='ltr'><strong>plaga,</strong></span> <span class='ocrx_word' id='word_1_200' title='bbox 650 2601 749 2639; x_wconf 80' lang='lat' dir='ltr'><strong>clade</strong></span> <span class='ocrx_word' id='word_1_201' title='bbox 779 2613 888 2652; x_wconf 89' lang='lat' dir='ltr'><strong>supra</strong></span> <span class='ocrx_word' id='word_1_202' title='bbox 912 2600 950 2647; x_wconf 90' lang='lat' dir='ltr'><strong>I,</strong></span> <span class='ocrx_word' id='word_1_203' title='bbox 980 2601 1044 2640; x_wconf 86' lang='lat'><strong>18.</strong></span> 
     </span>
     <span class='ocr_line' id='line_1_38' title="bbox 399 2655 1044 2707; baseline -0.005 -13"><span class='ocrx_word' id='word_1_204' title='bbox 399 2657 479 2695; x_wconf 91' lang='lat' dir='ltr'><strong>Nec</strong></span> <span class='ocrx_word' id='word_1_205' title='bbox 497 2659 612 2697; x_wconf 87' lang='lat' dir='ltr'><strong>aliena</strong></span> <span class='ocrx_word' id='word_1_206' title='bbox 639 2662 741 2706; x_wconf 89' lang='lat' dir='ltr'><strong>sunt,</strong></span> <span class='ocrx_word' id='word_1_207' title='bbox 770 2669 864 2707; x_wconf 90' lang='lat' dir='ltr'><strong>quae</strong></span> <span class='ocrx_word' id='word_1_208' title='bbox 887 2657 935 2693; x_wconf 87' lang='lat' dir='ltr'><strong>ad</strong></span> <span class='ocrx_word' id='word_1_209' title='bbox 959 2655 1044 2692; x_wconf 83' lang='lat' dir='ltr'><strong>Plu-</strong></span> 
     </span>
     <span class='ocr_line' id='line_1_39' title="bbox 399 2711 1043 2764; baseline 0.008 -15"><span class='ocrx_word' id='word_1_210' title='bbox 399 2714 509 2751; x_wconf 82' lang='lat' dir='ltr'><strong>tarch.</strong></span> <span class='ocrx_word' id='word_1_211' title='bbox 529 2714 706 2752; x_wconf 85' lang='lat' dir='ltr'><strong>Alcibiad.</strong></span> <span class='ocrx_word' id='word_1_212' title='bbox 725 2712 904 2764; x_wconf 79' lang='lat' dir='ltr'><strong>pag.2l5</strong></span> <span class='ocrx_word' id='word_1_213' title='bbox 928 2711 1043 2749; x_wconf 56' lang='lat' dir='ltr'><strong>citavi·</strong></span> 
     </span>
     <span class='ocr_line' id='line_1_40' title="bbox 399 2766 1044 2818; baseline -0.008 -10"><span class='ocrx_word' id='word_1_214' title='bbox 399 2788 457 2797; x_wconf 91' lang='lat'>—</span> <span class='ocrx_word' id='word_1_215' title='bbox 480 2771 552 2808; x_wconf 81' lang='grc' dir='ltr'><strong><em>τοῦ</em></strong></span> <span class='ocrx_word' id='word_1_216' title='bbox 579 2766 734 2815; x_wconf 80' lang='grc' dir='ltr'><strong><em>οἰκότος</em></strong></span> <span class='ocrx_word' id='word_1_217' title='bbox 755 2782 835 2806; x_wconf 91' lang='lat' dir='ltr'><strong>cum</strong></span> <span class='ocrx_word' id='word_1_218' title='bbox 856 2780 1044 2818; x_wconf 88' lang='lat' dir='ltr'><strong>compara-</strong></span> 
     </span>
     <span class='ocr_line' id='line_1_41' title="bbox 401 2823 1043 2874; baseline 0.002 -15"><span class='ocrx_word' id='word_1_219' title='bbox 401 2823 481 2860; x_wconf 78' lang='lat' dir='ltr'><strong>tivis</strong></span> <span class='ocrx_word' id='word_1_220' title='bbox 526 2826 748 2874; x_wconf 85' lang='lat' dir='ltr'><strong>praegressis</strong></span> <span class='ocrx_word' id='word_1_221' title='bbox 801 2825 1043 2873; x_wconf 85' lang='lat' dir='ltr'><strong>iungendum:</strong></span> 
     </span>
     <span class='ocr_line' id='line_1_42' title="bbox 401 2882 1041 2932; baseline -0.003 -14"><span class='ocrx_word' id='word_1_222' title='bbox 401 2882 517 2929; x_wconf 77' lang='lat' dir='ltr'><strong>magis</strong></span> <span class='ocrx_word' id='word_1_223' title='bbox 545 2893 649 2932; x_wconf 77' lang='lat' dir='ltr'><strong>quam</strong></span> <span class='ocrx_word' id='word_1_224' title='bbox 676 2884 935 2920; x_wconf 72' lang='lat' dir='ltr'><strong>consentaneum</strong></span> <span class='ocrx_word' id='word_1_225' title='bbox 953 2882 1041 2918; x_wconf 75' lang='lat' dir='ltr'><strong>erat.</strong></span> 
     </span>
    </p>
   </div>
   <div class='ocr_carea' id='block_1_14' title="bbox 1113 1528 1771 2310">
    <p class='ocr_par' dir='ltr' id='par_1_14' title="bbox 1113 1528 1771 2310">
     <span class='ocr_line' id='line_1_43' title="bbox 1170 1528 1768 1586; baseline -0.007 -13"><span class='ocrx_word' id='word_1_226' title='bbox 1170 1530 1426 1586; x_wconf 79' lang='grc' dir='ltr'><strong><em>θραυομένης</em></strong></span> <span class='ocrx_word' id='word_1_227' title='bbox 1452 1533 1524 1583; x_wconf 80' lang='grc' dir='ltr'><strong><em>τῆς</em></strong></span> <span class='ocrx_word' id='word_1_228' title='bbox 1549 1528 1715 1582; x_wconf 82' lang='grc' dir='ltr'><strong><em>πέτρης]</em></strong></span> <span class='ocrx_word' id='word_1_229' title='bbox 1743 1530 1768 1569; x_wconf 87' lang='lat' dir='ltr'><strong>i.</strong></span> 
     </span>
     <span class='ocr_line' id='line_1_44' title="bbox 1117 1590 1769 1639; baseline -0.009 -10"><span class='ocrx_word' id='word_1_230' title='bbox 1117 1604 1148 1629; x_wconf 86' lang='lat' dir='ltr'><strong>e.</strong></span> <span class='ocrx_word' id='word_1_231' title='bbox 1178 1592 1296 1638; x_wconf 86' lang='lat' dir='ltr'><strong>„dum</strong></span> <span class='ocrx_word' id='word_1_232' title='bbox 1324 1591 1361 1627; x_wconf 86' lang='lat' dir='ltr'><strong>id</strong></span> <span class='ocrx_word' id='word_1_233' title='bbox 1382 1590 1501 1639; x_wconf 91' lang='lat' dir='ltr'><strong>ipsum</strong></span> <span class='ocrx_word' id='word_1_234' title='bbox 1522 1601 1665 1635; x_wconf 83' lang='lat' dir='ltr'><strong>saxum,</strong></span> <span class='ocrx_word' id='word_1_235' title='bbox 1695 1600 1769 1637; x_wconf 88' lang='lat' dir='ltr'><strong>quo</strong></span> 
     </span>
     <span class='ocr_line' id='line_1_45' title="bbox 1116 1647 1768 1693; baseline -0.006 -9"><span class='ocrx_word' id='word_1_236' title='bbox 1116 1647 1266 1684; x_wconf 81' lang='lat' dir='ltr'><strong>isthmus</strong></span> <span class='ocrx_word' id='word_1_237' title='bbox 1286 1647 1499 1691; x_wconf 78' lang='lat' dir='ltr'><strong>constabat,</strong></span> <span class='ocrx_word' id='word_1_238' title='bbox 1528 1657 1673 1693; x_wconf 88' lang='lat' dir='ltr'><strong>quoque</strong></span> <span class='ocrx_word' id='word_1_239' title='bbox 1694 1649 1768 1681; x_wconf 88' lang='lat' dir='ltr'><strong>ter-</strong></span> 
     </span>
     <span class='ocr_line' id='line_1_46' title="bbox 1116 1699 1769 1750; baseline -0.006 -11"><span class='ocrx_word' id='word_1_240' title='bbox 1116 1715 1179 1740; x_wconf 85' lang='lat' dir='ltr'><strong>rae</strong></span> <span class='ocrx_word' id='word_1_241' title='bbox 1199 1702 1396 1740; x_wconf 83' lang='lat' dir='ltr'><strong>continenti</strong></span> <span class='ocrx_word' id='word_1_242' title='bbox 1414 1702 1534 1737; x_wconf 82' lang='lat' dir='ltr'><strong>iuncta</strong></span> <span class='ocrx_word' id='word_1_243' title='bbox 1551 1706 1628 1738; x_wconf 78' lang='lat' dir='ltr'><strong>crat</strong></span> <span class='ocrx_word' id='word_1_244' title='bbox 1640 1699 1769 1750; x_wconf 84' lang='lat' dir='ltr'><strong>penin-</strong></span> 
     </span>
     <span class='ocr_line' id='line_1_47' title="bbox 1119 1756 1771 1806; baseline -0.003 -12"><span class='ocrx_word' id='word_1_245' title='bbox 1119 1758 1197 1795; x_wconf 86' lang='lat' dir='ltr'><strong>sula</strong></span> <span class='ocrx_word' id='word_1_246' title='bbox 1216 1757 1275 1794; x_wconf 86' lang='lat' dir='ltr'><strong>illa</strong></span> <span class='ocrx_word' id='word_1_247' title='bbox 1297 1770 1326 1794; x_wconf 89' lang='lat' dir='ltr'><strong>s.</strong></span> <span class='ocrx_word' id='word_1_248' title='bbox 1339 1757 1552 1793; x_wconf 90' lang='lat' dir='ltr'><strong>Cnidiorum</strong></span> <span class='ocrx_word' id='word_1_249' title='bbox 1570 1756 1673 1802; x_wconf 84' lang='lat' dir='ltr'><strong>ditio,</strong></span> <span class='ocrx_word' id='word_1_250' title='bbox 1685 1768 1771 1806; x_wconf 89' lang='lat' dir='ltr'><strong>per-</strong></span> 
     </span>
     <span class='ocr_line' id='line_1_48' title="bbox 1113 1811 1771 1861; baseline -0.005 -10"><span class='ocrx_word' id='word_1_251' title='bbox 1113 1814 1339 1861; x_wconf 79' lang='lat' dir='ltr'><strong>fringebatur</strong></span> <span class='ocrx_word' id='word_1_252' title='bbox 1384 1812 1597 1849; x_wconf 83' lang='lat' dir='ltr'><strong>Cnidiormn</strong></span> <span class='ocrx_word' id='word_1_253' title='bbox 1652 1811 1771 1849; x_wconf 84' lang='lat' dir='ltr'><strong>mani-</strong></span> 
     </span>
     <span class='ocr_line' id='line_1_49' title="bbox 1116 1863 1769 1915; baseline -0.003 -9"><span class='ocrx_word' id='word_1_254' title='bbox 1116 1870 1223 1907; x_wconf 79' lang='lat' dir='ltr'><strong>bus.“</strong></span> <span class='ocrx_word' id='word_1_255' title='bbox 1252 1890 1309 1898; x_wconf 90' lang='lat'>—</span> <span class='ocrx_word' id='word_1_256' title='bbox 1335 1865 1381 1907; x_wconf 70' lang='grc' dir='ltr'><strong>το“</strong></span> <span class='ocrx_word' id='word_1_257' title='bbox 1413 1863 1596 1915; x_wconf 73' lang='grc' dir='ltr'><strong><em>ιῖντίξοον</em></strong></span> <span class='ocrx_word' id='word_1_258' title='bbox 1633 1872 1689 1905; x_wconf 86' lang='lat' dir='ltr'><strong>est</strong></span> <span class='ocrx_word' id='word_1_259' title='bbox 1717 1867 1769 1915; x_wconf 78' lang='lat' dir='ltr'><strong>id,</strong></span> 
     </span>
     <span class='ocr_line' id='line_1_50' title="bbox 1116 1924 1768 1976; baseline -0.002 -14"><span class='ocrx_word' id='word_1_260' title='bbox 1116 1925 1208 1976; x_wconf 76' lang='lat' dir='ltr'><strong>qaod</strong></span> <span class='ocrx_word' id='word_1_261' title='bbox 1235 1928 1321 1976; x_wconf 75' lang='lat' dir='ltr'><strong>ipsis</strong></span> <span class='ocrx_word' id='word_1_262' title='bbox 1352 1924 1616 1971; x_wconf 78' lang='lat' dir='ltr'><strong>adversaretur,</strong></span> <span class='ocrx_word' id='word_1_263' title='bbox 1644 1937 1667 1961; x_wconf 85' lang='lat' dir='ltr'><strong>a</strong></span> <span class='ocrx_word' id='word_1_264' title='bbox 1694 1937 1768 1973; x_wconf 90' lang='lat' dir='ltr'><strong>quo</strong></span> 
     </span>
     <span class='ocr_line' id='line_1_51' title="bbox 1115 1980 1765 2032; baseline -0.005 -13"><span class='ocrx_word' id='word_1_265' title='bbox 1115 1982 1251 2020; x_wconf 81' lang='lat' dir='ltr'><strong>latente</strong></span> <span class='ocrx_word' id='word_1_266' title='bbox 1262 1983 1400 2032; x_wconf 85' lang='lat' dir='ltr'><strong>(ipsos)</strong></span> <span class='ocrx_word' id='word_1_267' title='bbox 1412 1986 1513 2018; x_wconf 86' lang='lat' dir='ltr'><strong>tanta</strong></span> <span class='ocrx_word' id='word_1_268' title='bbox 1529 1980 1625 2018; x_wconf 82' lang='lat' dir='ltr'><strong>mala</strong></span> <span class='ocrx_word' id='word_1_269' title='bbox 1637 1980 1765 2030; x_wconf 85' lang='lat' dir='ltr'><strong>(ipsis)</strong></span> 
     </span>
     <span class='ocr_line' id='line_1_52' title="bbox 1115 2037 1766 2088; baseline -0.002 -13"><span class='ocrx_word' id='word_1_270' title='bbox 1115 2039 1368 2087; x_wconf 83' lang='lat' dir='ltr'><strong>infligerentur</strong></span> <span class='ocrx_word' id='word_1_271' title='bbox 1404 2050 1495 2088; x_wconf 88' lang='lat' dir='ltr'><strong>opus</strong></span> <span class='ocrx_word' id='word_1_272' title='bbox 1541 2037 1766 2075; x_wconf 86' lang='lat' dir='ltr'><strong>facientibus.</strong></span> 
     </span>
     <span class='ocr_line' id='line_1_53' title="bbox 1114 2089 1765 2141; baseline -0.009 -7"><span class='ocrx_word' id='word_1_273' title='bbox 1114 2089 1315 2141; x_wconf 78' lang='grc' dir='ltr'><strong><em>Ἀντίξοος</em></strong></span> <span class='ocrx_word' id='word_1_274' title='bbox 1349 2095 1566 2140; x_wconf 63' lang='lat' dir='ltr'><strong>contrarius,</strong></span> <span class='ocrx_word' id='word_1_275' title='bbox 1596 2092 1765 2129; x_wconf 77' lang='lat' dir='ltr'><strong>adversa-</strong></span> 
     </span>
     <span class='ocr_line' id='line_1_54' title="bbox 1114 2148 1767 2199; baseline -0.005 -12"><span class='ocrx_word' id='word_1_276' title='bbox 1114 2153 1190 2187; x_wconf 69' lang='lat' dir='ltr'><strong>rius</strong></span> <span class='ocrx_word' id='word_1_277' title='bbox 1218 2152 1389 2199; x_wconf 86' lang='lat' dir='ltr'><strong>frequens</strong></span> <span class='ocrx_word' id='word_1_278' title='bbox 1411 2148 1570 2187; x_wconf 83' lang='lat' dir='ltr'><strong>Nostro:</strong></span> <span class='ocrx_word' id='word_1_279' title='bbox 1599 2148 1638 2194; x_wconf 90' lang='lat' dir='ltr'><strong>I,</strong></span> <span class='ocrx_word' id='word_1_280' title='bbox 1669 2149 1767 2189; x_wconf 83' lang='lat'><strong>218.</strong></span> 
     </span>
     <span class='ocr_line' id='line_1_55' title="bbox 1114 2203 1764 2253; baseline -0.002 -10"><span class='ocrx_word' id='word_1_281' title='bbox 1114 2207 1176 2253; x_wconf 91' lang='lat' dir='ltr'><strong>IV,</strong></span> <span class='ocrx_word' id='word_1_282' title='bbox 1201 2209 1291 2247; x_wconf 81' lang='lat'><strong>129.</strong></span> <span class='ocrx_word' id='word_1_283' title='bbox 1324 2205 1394 2252; x_wconf 85' lang='lat' dir='ltr'><strong>VI,</strong></span> <span class='ocrx_word' id='word_1_284' title='bbox 1415 2208 1453 2245; x_wconf 90' lang='lat'><strong>7.</strong></span> <span class='ocrx_word' id='word_1_285' title='bbox 1483 2204 1564 2252; x_wconf 80' lang='lat' dir='ltr'><strong>VH,</strong></span> <span class='ocrx_word' id='word_1_286' title='bbox 1585 2203 1650 2246; x_wconf 86' lang='lat'><strong>49.</strong></span> <span class='ocrx_word' id='word_1_287' title='bbox 1672 2205 1764 2245; x_wconf 88' lang='grc'><strong>150.</strong></span> 
     </span>
     <span class='ocr_line' id='line_1_56' title="bbox 1115 2261 1461 2310; baseline -0.017 -6"><span class='ocrx_word' id='word_1_288' title='bbox 1115 2265 1207 2304; x_wconf 80' lang='lat'><strong>192.</strong></span> <span class='ocrx_word' id='word_1_289' title='bbox 1238 2261 1341 2310; x_wconf 73' lang='lat' dir='ltr'><strong>vill,</strong></span> <span class='ocrx_word' id='word_1_290' title='bbox 1369 2263 1461 2302; x_wconf 86' lang='lat'>119.</span> 
     </span>
    </p>
   </div>
   <div class='ocr_carea' id='block_1_15' title="bbox 1109 2367 1766 2819">
    <p class='ocr_par' dir='ltr' id='par_1_15' title="bbox 1109 2367 1766 2819">
     <span class='ocr_line' id='line_1_57' title="bbox 1170 2367 1765 2424; baseline -0.003 -12"><span class='ocrx_word' id='word_1_291' title='bbox 1170 2371 1209 2413; x_wconf 80' lang='grc' dir='ltr'><strong>εἴ</strong></span> <span class='ocrx_word' id='word_1_292' title='bbox 1239 2367 1282 2412; x_wconf 80' lang='grc' dir='ltr'><strong>κ’</strong></span> <span class='ocrx_word' id='word_1_293' title='bbox 1315 2368 1524 2424; x_wconf 79' lang='grc' dir='ltr'><strong><em>ἐβούλετο]</em></strong></span> <span class='ocrx_word' id='word_1_294' title='bbox 1566 2387 1611 2413; x_wconf 87' lang='grc' dir='ltr'><strong>κε</strong></span> <span class='ocrx_word' id='word_1_295' title='bbox 1639 2376 1765 2411; x_wconf 86' lang='lat' dir='ltr'><strong>contra</strong></span> 
     </span>
     <span class='ocr_line' id='line_1_58' title="bbox 1112 2429 1766 2481; baseline 0.002 -15"><span class='ocrx_word' id='word_1_296' title='bbox 1112 2430 1299 2479; x_wconf 82' lang='lat' dir='ltr'><strong>vulgarem</strong></span> <span class='ocrx_word' id='word_1_297' title='bbox 1320 2443 1423 2466; x_wconf 87' lang='lat' dir='ltr'><strong>usum</strong></span> <span class='ocrx_word' id='word_1_298' title='bbox 1451 2429 1510 2466; x_wconf 80' lang='lat' dir='ltr'><strong>hic</strong></span> <span class='ocrx_word' id='word_1_299' title='bbox 1537 2431 1675 2481; x_wconf 86' lang='lat' dir='ltr'><strong>protasi</strong></span> <span class='ocrx_word' id='word_1_300' title='bbox 1699 2431 1766 2467; x_wconf 89' lang='lat' dir='ltr'><strong>ad-</strong></span> 
     </span>
     <span class='ocr_line' id='line_1_59' title="bbox 1113 2485 1764 2524; baseline -0.003 0"><span class='ocrx_word' id='word_1_301' title='bbox 1113 2487 1228 2524; x_wconf 82' lang='lat' dir='ltr'><strong>ditum</strong></span> <span class='ocrx_word' id='word_1_302' title='bbox 1253 2487 1329 2523; x_wconf 89' lang='lat' dir='ltr'><strong>iure</strong></span> <span class='ocrx_word' id='word_1_303' title='bbox 1359 2490 1463 2522; x_wconf 86' lang='lat' dir='ltr'><strong>notat</strong></span> <span class='ocrx_word' id='word_1_304' title='bbox 1491 2485 1669 2524; x_wconf 87' lang='lat' dir='ltr'><strong>Matthiae</strong></span> <span class='ocrx_word' id='word_1_305' title='bbox 1697 2486 1764 2523; x_wconf 87' lang='lat' dir='ltr'><strong>Gr.</strong></span> 
     </span>
     <span class='ocr_line' id='line_1_60' title="bbox 1115 2540 1761 2593; baseline -0.005 -13"><span class='ocrx_word' id='word_1_306' title='bbox 1115 2543 1180 2580; x_wconf 90' lang='lat' dir='ltr'><strong>Gr.</strong></span> <span class='ocrx_word' id='word_1_307' title='bbox 1214 2540 1251 2593; x_wconf 55' lang='grc' dir='ltr'><strong>ᾖ.</strong></span> <span class='ocrx_word' id='word_1_308' title='bbox 1281 2544 1363 2583; x_wconf 86' lang='grc'><strong>508</strong></span> <span class='ocrx_word' id='word_1_309' title='bbox 1402 2546 1476 2578; x_wconf 84' lang='lat' dir='ltr'><strong>not.</strong></span> <span class='ocrx_word' id='word_1_310' title='bbox 1510 2545 1554 2589; x_wconf 91' lang='lat'><strong>1,</strong></span> <span class='ocrx_word' id='word_1_311' title='bbox 1590 2543 1652 2579; x_wconf 86' lang='lat' dir='ltr'><strong>ubi</strong></span> <span class='ocrx_word' id='word_1_312' title='bbox 1688 2542 1761 2578; x_wconf 75' lang='lat' dir='ltr'><strong>vid.</strong></span> 
     </span>
     <span class='ocr_line' id='line_1_61' title="bbox 1112 2597 1764 2636; baseline 0 -1"><span class='ocrx_word' id='word_1_313' title='bbox 1112 2598 1221 2635; x_wconf 89' lang='lat' dir='ltr'><strong>Plura</strong></span> <span class='ocrx_word' id='word_1_314' title='bbox 1248 2598 1333 2636; x_wconf 85' lang='lat' dir='ltr'><strong>citat</strong></span> <span class='ocrx_word' id='word_1_315' title='bbox 1367 2598 1582 2635; x_wconf 82' lang='lat' dir='ltr'><strong>Schaeferus</strong></span> <span class='ocrx_word' id='word_1_316' title='bbox 1617 2599 1654 2635; x_wconf 85' lang='lat' dir='ltr'><strong>in</strong></span> <span class='ocrx_word' id='word_1_317' title='bbox 1681 2597 1764 2635; x_wconf 90' lang='lat' dir='ltr'><strong>Me-</strong></span> 
     </span>
     <span class='ocr_line' id='line_1_62' title="bbox 1112 2653 1762 2704; baseline -0.002 -13"><span class='ocrx_word' id='word_1_318' title='bbox 1112 2654 1187 2692; x_wconf 85' lang='lat' dir='ltr'><strong>lett.</strong></span> <span class='ocrx_word' id='word_1_319' title='bbox 1207 2655 1299 2692; x_wconf 87' lang='lat' dir='ltr'><strong>critt.</strong></span> <span class='ocrx_word' id='word_1_320' title='bbox 1322 2668 1357 2704; x_wconf 89' lang='lat' dir='ltr'><strong>p.</strong></span> <span class='ocrx_word' id='word_1_321' title='bbox 1381 2653 1446 2694; x_wconf 89' lang='lat'><strong>51.</strong></span> <span class='ocrx_word' id='word_1_322' title='bbox 1476 2654 1619 2703; x_wconf 83' lang='lat' dir='ltr'><strong>Stcger.</strong></span> <span class='ocrx_word' id='word_1_323' title='bbox 1649 2654 1762 2691; x_wconf 89' lang='lat' dir='ltr'><strong>Prae-</strong></span> 
     </span>
     <span class='ocr_line' id='line_1_63' title="bbox 1110 2709 1761 2759; baseline -0.003 -12"><span class='ocrx_word' id='word_1_324' title='bbox 1110 2712 1174 2747; x_wconf 85' lang='lat' dir='ltr'><strong>sat.</strong></span> <span class='ocrx_word' id='word_1_325' title='bbox 1204 2711 1252 2747; x_wconf 87' lang='lat' dir='ltr'><strong>ad</strong></span> <span class='ocrx_word' id='word_1_326' title='bbox 1283 2711 1462 2748; x_wconf 89' lang='lat' dir='ltr'><strong>Herodot.</strong></span> <span class='ocrx_word' id='word_1_327' title='bbox 1482 2722 1568 2759; x_wconf 83' lang='lat' dir='ltr'><strong>pag.</strong></span> <span class='ocrx_word' id='word_1_328' title='bbox 1591 2709 1626 2746; x_wconf 91' lang='lat' dir='ltr'>X</span> <span class='ocrx_word' id='word_1_329' title='bbox 1655 2709 1761 2746; x_wconf 90' lang='lat' dir='ltr'><strong>scribi</strong></span> 
     </span>
     <span class='ocr_line' id='line_1_64' title="bbox 1109 2761 1760 2819; baseline -0.002 -17"><span class='ocrx_word' id='word_1_330' title='bbox 1109 2766 1184 2803; x_wconf 83' lang='lat' dir='ltr'><strong>vult</strong></span> <span class='ocrx_word' id='word_1_331' title='bbox 1207 2765 1246 2804; x_wconf 79' lang='grc' dir='ltr'><strong>εἴ</strong></span> <span class='ocrx_word' id='word_1_332' title='bbox 1263 2761 1306 2819; x_wconf 80' lang='grc' dir='ltr'><strong>γ’</strong></span> <span class='ocrx_word' id='word_1_333' title='bbox 1327 2761 1523 2819; x_wconf 80' lang='grc' dir='ltr'><strong><em>ἐβούλετο,</em></strong></span> <span class='ocrx_word' id='word_1_334' title='bbox 1547 2777 1760 2817; x_wconf 84' lang='lat' dir='ltr'><strong>comparans</strong></span> 
     </span>
    </p>
   </div>
   <div class='ocr_carea' id='block_1_16' title="bbox 1109 2821 1248 2870">
    <p class='ocr_par' dir='ltr' id='par_1_16' title="bbox 1109 2821 1248 2870">
     <span class='ocr_line' id='line_1_65' title="bbox 1109 2821 1248 2870; baseline 0 -11"><span class='ocrx_word' id='word_1_335' title='bbox 1109 2821 1162 2870; x_wconf 89' lang='lat'><strong>11,</strong></span> <span class='ocrx_word' id='word_1_336' title='bbox 1182 2821 1248 2864; x_wconf 85' lang='lat'><strong>43.</strong></span> 
     </span>
    </p>
   </div>
   <div class='ocr_carea' id='block_1_17' title="bbox 1780 820 1833 860">
    <p class='ocr_par' dir='ltr' id='par_1_17' title="bbox 1780 820 1833 860">
     <span class='ocr_line' id='line_1_66' title="bbox 1780 820 1833 860; baseline -0.019 0"><span class='ocrx_word' id='word_1_337' title='bbox 1780 820 1833 860; x_wconf 84' lang='lat'><strong>83</strong></span> 
     </span>
    </p>
   </div>
  </div>
 </body>
</html>
