1909 3228
147 397 244 424 Boves
265 395 335 424 Isidi
354 405 422 423 con-

146 435 302 464 sectatae,
332 438 422 457 vene—

145 464 329 503 rationisque
363 472 422 503 nia-

145 506 242 524 xiinne
292 505 421 524 omnium

146 531 306 566 pertulum:
334 538 419 556 aver-

146 564 256 603 sabile-3
269 563 419 597 Aegyptiis
449 560 611 612 ff'Ing.

147 598 256 624 Gracci
269 606 276 623 ε
287 603 420 623 mortuae

349 332 413 377 41

475 217 560 258 574

887 214 1354 255 HERODOTI

591 321 705 374 Τούς
739 321 818 377 μέν
856 339 941 366 νυν
984 324 1210 377 καθαροὺς
1258 327 1366 380 βοῦς
1412 325 1514 377 τούς
1555 326 1732 381 ἔρσενας
1772 333 1849 371 123

146 631 236 658 boves
280 638 421 663 mergun-

145 670 210 692 tur:
231 662 408 699 pecuniosam

145 706 182 725 ac
206 696 349 732 qumnodo
377 704 420 721 se-

144 731 318 767 peliantur:
355 729 424 757 urbs

145 763 330 793 Atarbechis.

622 778 654 816 C
668 791 735 830 ap.
766 777 866 817 XLI.

472 888 542 938 τοὶς
562 888 604 930 δὲ
622 887 772 941 θηλέας
792 886 844 929 οὔ
862 902 934 941 σφι
949 890 1069 940 ἔξεστι

413 943 535 987 θύειν
564 963 598 986 κ.
617 961 649 986 τ.
671 945 728 997 λ.]
767 947 938 986 Eiusdem
959 949 1070 986 inter-

418 1005 506 1042 dicti
523 1005 685 1042 meminit
698 1004 919 1054 Porphyrius
937 1005 983 1042 de
1004 1005 1069 1042 ab-

417 1062 499 1098 stin.
530 1062 575 1098 ab
607 1074 671 1098 esu
699 1073 758 1097 an.
792 1060 841 1108 n,
872 1062 932 1110 qui
971 1061 1069 1098 haud

415 1117 519 1155 aliter
539 1122 648 1166 atque
660 1118 906 1167 Hieronymus
925 1119 1066 1155 advers.

414 1173 527 1211 lovin.
549 1174 601 1220 ll,
621 1177 645 1215 7
666 1174 734 1211 hoc
752 1175 800 1211 ad
821 1174 982 1211 animalis
1000 1175 1069 1211 uti-

415 1229 551 1268 litatem
565 1232 674 1268 refert
685 1231 851 1279 adeoque
871 1232 1066 1269 raritatem.

414 1286 582 1324 Valuisse
611 1291 731 1324 autem
763 1287 831 1324 hoc
865 1287 1068 1324 institutum

415 1356 530 1393 usque
548 1343 595 1380 ad
613 1343 819 1380 Constantii
839 1343 1066 1394 imperatoris

415 1404 601 1449 tempora,
632 1412 675 1436 ex
698 1400 870 1436 Athanas.
895 1400 976 1436 hist.
996 1400 1064 1436 Ar-

415 1455 504 1492 rian.
527 1456 573 1492 ad
594 1454 761 1492 Monach.
781 1469 836 1504 cp.
857 1456 909 1496 56
929 1469 963 1505 p.
983 1458 1066 1496 378

415 1511 533 1559 colligi
550 1516 681 1560 potest.
708 1511 827 1560 Atque
845 1512 928 1547 lsidi
947 1525 1066 1548 sacras

415 1567 596 1618 perhiberi
618 1580 762 1613 vaccas,
795 1580 901 1604 nemo
920 1568 1066 1604 mirabi-

415 1628 492 1669 tur,
522 1624 582 1671 qui
598 1623 712 1672 ipsum
726 1623 987 1673 Aegyptiorum
1008 1637 1066 1659 sa-

413 1692 552 1716 crorum
594 1692 636 1715 ae
674 1679 854 1727 religionis
891 1681 1065 1717 rationem

413 1735 647 1784 perspexerit.
693 1735 741 1771 Ut
768 1737 860 1772 enim
883 1736 1065 1773 Osiridcm

417 1791 530 1827 Solem
549 1791 597 1827 illi
609 1791 917 1840 perhibebant,ita
932 1791 1065 1827 Isidem

413 1847 565 1893 Lunam,
595 1852 687 1884 teste
707 1846 896 1882 Plutarcho
916 1847 962 1883 de
983 1847 1066 1883 lsid.

414 1909 450 1941 et
468 1903 602 1940 Osirid.
624 1916 660 1952 p.
680 1904 763 1943 372
783 1915 809 1939 S.
830 1903 910 1943 525
932 1903 1065 1951 Wytt.;

413 1973 507 2009 quae
536 1961 682 2008 (piando
709 1971 906 2007 congressa
935 1960 1066 1996 fuerint

412 2016 559 2052 numina
579 2016 626 2063 (s.
649 2016 796 2064 quando
817 2014 869 2051 sol
890 2020 924 2051 in
955 2016 1064 2052 domo

411 2073 504 2109 tauri
522 2072 657 2109 locatus
674 2085 751 2108 cum
766 2071 849 2107 luna
862 2072 966 2109 fuerit
979 2085 1064 2109 con-

411 2130 577 2177 gressus)
598 2129 795 2177 generandi
814 2128 865 2164 vis
882 2129 917 2165 in
932 2134 1062 2166 terrain

413 2186 603 2222 redundat.
617 2185 871 2221 Generationis
887 2198 970 2222 vero
983 2185 1062 2221 uni-

411 2254 537 2278 versae
556 2240 755 2289 symbolum
776 2246 830 2278 est
851 2242 916 2278 bos
929 2254 970 2278 ac
981 2254 1062 2278 vac-

411 2310 463 2343 ca,
496 2303 533 2334 ut
552 2297 638 2334 nihil
656 2298 699 2334 sit
718 2298 893 2334 absonum
914 2297 980 2334 illis
996 2310 1062 2334 nu-

411 2354 565 2390 minibus
592 2354 660 2390 hoc
686 2353 816 2390 animal
845 2355 954 2391 fuisse
976 2367 1062 2391 con-

411 2414 598 2448 secratum.
629 2410 713 2447 Sive
734 2410 905 2448 osiridem
928 2410 1061 2447 intelli-

410 2480 497 2515 gere
516 2466 618 2503 malis
637 2465 782 2515 Nilum,
818 2468 887 2504 iam
905 2465 975 2504 Isis
995 2467 1062 2504 erit

410 2527 501 2560 terra
523 2523 765 2573 Aegyptiam,
795 2536 816 2561 a
838 2523 923 2561 Nlo
950 2536 1062 2561 exun-

409 2581 518 2617 dante
536 2584 704 2628 vegetata
732 2584 769 2618 et
791 2580 894 2629 quasi
914 2581 1062 2616 foecun-

408 2636 504 2672 data.
534 2637 661 2673 Manet
676 2636 897 2674 vaccalsidis
919 2636 1059 2684 signum

408 2693 728 2741 procreatricisque
746 2697 895 2730 naturae
914 2693 1059 2741 symbo-

409 2745 498 2791 lum3
530 2749 630 2797 βοῦν
658 2745 730 2799 γὰρ
749 2746 894 2795 Ἴσιδος
923 2744 1058 2787 εἰκόνα

409 2801 475 2840 καὶ
496 2806 570 2852 γῆν
588 2805 826 2851 νομίζουσιν,
858 2810 897 2842 ut
915 2804 1057 2842 Plutar-

410 2857 495 2895 chus
514 2860 634 2896 scribit
650 2859 671 2896 Ι.
694 2860 715 2896 l.
757 2861 898 2910 „Igitur
919 2861 967 2898 nil
986 2861 1055 2899 mi-

479 403 550 446 καὶ
580 401 682 451 τούς
710 401 898 456 μόσχους
928 404 972 445 οἷ
1000 402 1156 453 πάντες
1186 402 1414 458 Αἰγύπτιοι
1442 404 1624 449 θύουσι·
1653 405 1730 457 τὰς

480 481 525 525 O}
553 481 712 537 θηλέας
741 480 794 524 οὔ
825 494 903 536 σφι
932 482 1064 531 ἔξεστι
1102 481 1252 533 θύειν,
1293 480 1400 525 ἀλλὰ
1431 485 1521 535 [oab
1550 486 1628 527 εἰσι
1656 489 1730 541 τῆς

668 559 717 604 τό
757 559 838 617 γὰρ
877 564 952 617 τῆς
978 560 1110 612 Ἴσιος
1139 559 1310 617 ἄγαλμα
1348 560 1421 605 ἐὰν
1450 561 1729 620 γυναικήϊον,

1137 792 1214 817 rum
1250 780 1363 828 (sunt
1399 780 1509 818 verba
1544 779 1715 818 Creuzeri
1750 780 1786 817 in

1138 837 1278 874 comm.
1299 837 1389 874 Her.
1415 850 1452 888 p.
1485 839 1562 878 123
1588 836 1665 874 coll.
1695 839 1787 878 121-

1139 894 1238 941 125)
1269 893 1456 931 universae
1484 893 1586 942 quasi
1619 905 1788 944 procrea-

1135 949 1229 986 tricis
1254 956 1404 987 naturae
1425 950 1553 987 bovem
1574 962 1617 987 ac
1644 961 1786 986 vaccam

1136 1005 1300 1054 symbola
1341 1007 1451 1043 suisse
1488 1006 1693 1051 veteribus3
1751 1009 1787 1042 et

1135 1063 1282 1111 quando
1301 1062 1334 1098 in
1356 1062 1560 1099 sementivis
1573 1062 1672 1100 sestis
1687 1062 1786 1110 agri-

1135 1117 1292 1156 culturae
1312 1118 1574 1156 vicissitudines
1596 1117 1786 1155 asiderum

1134 1179 1256 1212 meatu
1296 1188 1490 1225 suspensas
1535 1174 1789 1224 significabant

1135 1244 1201 1282 per
1217 1230 1331 1268 bovem
1349 1231 1403 1269 vel
1424 1236 1543 1268 aratro
1564 1233 1719 1268 iunctum
1733 1230 1789 1268 vel

1134 1300 1263 1325 vaceae
1279 1288 1482 1324 admotum:
1513 1288 1580 1325 hoc
1595 1288 1675 1338 ipso
1692 1300 1788 1336 sym-

1136 1343 1218 1380 bolo
1248 1344 1364 1381 varias
1395 1344 1431 1381 in
1466 1349 1586 1394 partes
1614 1356 1787 1381 converso

1136 1400 1243 1436 etiam
1270 1400 1362 1437 vitae
1391 1400 1568 1437 humanae
1601 1400 1724 1437 orbem
1751 1404 1787 1437 et

1135 1455 1410 1492 immortalitatis
1446 1457 1642 1492 animorum
1685 1469 1785 1505 spem

1136 1511 1370 1559 significatum
1392 1511 1556 1549 soluisse.
1604 1511 1688 1549 Non
1709 1512 1786 1562 phi-

1133 1567 1318 1617 losopham
1337 1569 1486 1605 dicimus
1506 1569 1562 1605 hic
1588 1569 1785 1605 doctrinam

1135 1624 1199 1661 sed
1221 1637 1322 1673 spem
1350 1625 1548 1661 universam
1578 1625 1671 1661 vitae
1693 1625 1784 1662 revi-

1134 1680 1299 1716 viscentis
1331 1686 1367 1717 et
1400 1681 1783 1729 ubertatisnunquam

1134 1736 1449 1783 exstinguendae(
1455 1736 1594 1773 Eadem
1614 1737 1785 1773 ubertatsss

1136 1804 1219 1841 spes
1241 1797 1388 1828 ostensa
1407 1805 1428 1829 a
1449 1792 1632 1842 Sibyllinis
1659 1806 1785 1830 oracu-

1132 1846 1174 1883 lis
1205 1848 1337 1898 populo
1365 1849 1533 1885 Romano
1562 1849 1597 1885 in
1628 1849 1784 1900 Dionysi

1134 1903 1250 1940 Halic.
1270 1903 1366 1950 xiv,
1388 1908 1440 1946 20
1462 1918 1496 1955 p.
1509 1909 1562 1946 60
1580 1906 1783 1956 (Excerptt.

1134 1973 1155 1996 a
1167 1959 1286 2009 Mat).
1306 1962 1388 2005 Qua
1406 1962 1440 1998 in
1454 1975 1491 1999 re
1503 1962 1586 1998 nihil
1598 1962 1695 1999 aliud
1708 1963 1783 1999 Ro-

1134 2018 1229 2053 mani
1246 2019 1361 2055 fecere
1381 2031 1487 2067 quarn
1498 2018 1668 2069 Aegyptii
1685 2020 1784 2069 apud

1131 2073 1357 2110 Herodotum
1376 2074 1504 2122 ¹¹⁷?40·
1538 2075 1589 2111 llli
1602 2075 1783 2125 placentas

1131 2130 1166 2165 in
1188 2134 1319 2166 terram
1340 2131 1582 2176 immiserunt3
1616 2131 1650 2168 hi
1675 2144 1782 2181 panes

1131 2185 1274 2222 mundos
1295 2187 1331 2223 in
1349 2187 1482 2234 bovem,
1514 2187 1575 2235 qui
1604 2187 1692 2236 ipsis
1714 2201 1780 2237 pro

1129 2243 1225 2278 terra
1257 2249 1344 2279 erat.
1355 2244 1379 2263 “
1419 2267 1474 2272 —-
1515 2242 1697 2292 Equidem
1725 2244 1779 2281 his

1129 2297 1214 2334 illud
1243 2312 1350 2335 unum
1376 2301 1529 2337 addam:
1561 2299 1713 2338 ludaeos
1742 2300 1779 2336 in

1128 2355 1183 2391 his
1215 2355 1360 2392 diss'erre
1385 2357 1430 2393 ab
1462 2356 1671 2407 Aegyptiis,
1700 2369 1780 2393 cum

1129 2411 1314 2448 iuvencam
1344 2415 1457 2449 rusam
1486 2418 1642 2450 mactare
1677 2411 1779 2451 iube-

1129 2472 1234 2504 antur
1248 2467 1396 2506 Numer.
1411 2469 1456 2506 Xl
1466 2469 1509 2516 X,
1522 2472 1560 2515 2,
1578 2469 1679 2518 quod
1692 2481 1777 2506 con-

1130 2523 1220 2560 sulto
1233 2524 1281 2561 sic
1293 2525 1491 2563 institutum
1508 2526 1648 2563 videtur
1659 2525 1778 2575 Spen-

1129 2593 1211 2617 cero
1231 2580 1282 2627 ll,
1308 2584 1381 2630 26,
1402 2586 1450 2629 2,
1484 2583 1531 2620 de
1550 2582 1620 2619 ritt.
1644 2581 1775 2619 Hebrr.

1127 2649 1213 2686 pag.
1232 2636 1334 2684 485,
1365 2651 1437 2688 quo
1455 2637 1644 2688 Acgyptiis
1669 2637 1777 2687 plane

1127 2698 1246 2730 essent
1255 2695 1434 2732 contrarii.
1453 2694 1559 2732 Plura
1570 2695 1670 2731 dabit
1680 2694 1774 2730 idem

1126 2750 1328 2787 Creuzerus
1350 2750 1511 2800 S>n1bol.
1536 2750 1551 2787 I
1578 2763 1664 2801 pag.
1694 2751 1774 2791 355

1123 2810 1198 2842 not.
1222 2807 1311 2847 1¹3.

1177 2859 1219 2901 τὸ
1236 2859 1310 2915 γάρ
1332 2859 1531 2914 τῆςἼσιος
1555 2858 1770 2914 ὅγαλμα-
