1909 3228
463 166 548 205 816

853 164 1322 203 HERODOTI

465 270 670 330 Αἰγύπτῳ
707 272 939 327 ἄρχοντας,
1000 270 1222 323 οἰκέοντας
1259 272 1348 328 ἅμα
1392 277 1504 316 τοῖσι
1542 273 1720 330 ἀνθρώ-

463 363 602 395 ποισι·
647 350 720 393 καὶ
760 350 927 393 τούτων
964 351 1046 393 αἰεὶ
1085 350 1160 394 ἕνα
1197 349 1276 394 τὸν
1312 353 1549 405 κρατέοντα
1580 352 1717 396 εἶναι·

434 430 654 474 3ὕστατον
691 429 737 472 δὲ
777 427 910 484 αὐτῆς
957 431 1212 484 βασιλεῦσαι
1243 425 1384 485 ῗῼρον
1422 430 1501 474 τὸν
1535 431 1776 487 Ὀσίριος55

463 509 621 560 παῖδα,
645 506 723 551 τὸν
741 505 989 552 Ἀπόλλωνα
1005 509 1209 567 ’Έλληνες
1232 506 1517 566 ὀνομάζουσι·
1547 514 1721 565 τοῦτον,

406 729 489 765 dem
512 727 600 765 haec
625 729 671 765 ad
692 742 770 767 eam
790 728 1053 780 Aegyptiorum

407 785 606 821 doctrinam
627 785 673 822 de
693 787 736 822 iis
756 787 897 831 resero,
920 787 966 823 de
985 798 1056 834 qua

407 841 578 879 Creuzer.
598 843 762 891 exposuit
782 843 829 879 ad
852 842 992 880 Herod.
1010 842 1056 888 11,

408 897 500 937 145.
558 895 617 933 Ad
642 898 813 936 historiae
842 899 950 936 fidem
980 912 1057 935 cer-

405 956 553 1002 tamque
583 958 740 991 aetatum
773 955 901 992 seriem
922 956 1057 991 consti-

404 1011 576 1047 tuendam
599 1010 655 1046 vix
672 1011 870 1060 quidquam
887 1011 976 1048 haec
994 1023 1057 1047 va-

403 1065 478 1103 lere
498 1079 606 1115 posse
629 1068 745 1114 quivis
766 1067 941 1115 intelligit.

461 1120 663 1169 οἰκέοντας
676 1120 757 1173 ἕὶμα
775 1127 877 1162 τοῖσι
896 1118 1055 1173 α’νθρώ-

403 1177 527 1227 ποισι]
560 1178 774 1229 „Reposuit
794 1178 995 1225 οἰκέοντας
1012 1191 1055 1216 ex

403 1235 586 1272 codicibus
608 1235 747 1284 aliquot
775 1241 861 1286 post
882 1236 1054 1273 Schaese-

403 1304 482 1328 rum
502 1291 865 1341 Schweighaeuserus
883 1291 935 1342 [et
947 1292 1054 1328 Gais-

402 1348 496 1384 sord.
517 1361 625 1395 quem
644 1349 755 1386 secuti
777 1347 927 1398 sumus].
966 1348 1054 1396 Ego

403 1404 488 1440 mihi
508 1404 574 1439 hoc
595 1404 673 1440 loco
701 1404 810 1442 laudo
839 1405 1054 1442 modestiam

402 1459 656 1508 Wesselingii,
693 1461 776 1509 qui,
806 1474 886 1498 cum
914 1465 949 1498 et
974 1460 1054 1510 ipse

402 1517 539 1553 faveret
559 1516 592 1551 ei
609 1516 775 1562 lectioni,
805 1518 842 1553 in
871 1521 969 1554 textu
997 1520 1054 1552 ta-

402 1585 486 1608 men
501 1572 688 1621 pristinam
704 1573 863 1609 exhibuit
884 1567 959 1611 οὐκ
969 1568 1052 1610 ἐόν-

401 1642 489 1674 τας,
522 1640 631 1675 quam
650 1627 903 1677 Athenagoras
928 1629 963 1664 in
988 1642 1052 1664 suo

401 1684 482 1721 cod.
512 1684 578 1730 (de
594 1684 700 1732 legat.
723 1697 778 1733 cp.
799 1683 872 1731 24)
898 1684 1052 1731 legerat,

402 1744 438 1777 et
459 1739 558 1776 Med.
580 1739 796 1776 Sehellersh.
820 1740 890 1786 (F)
921 1739 1053 1788 aliique

400 1799 563 1832 tuentur.
621 1794 702 1832 Nec
720 1795 977 1832 Valckenarius
998 1795 1053 1831 di-

401 1856 496 1889 serte
522 1852 700 1901 potiorem
729 1852 862 1888 iudicat
891 1852 1051 1888 alteram.

401 1907 620 1957 Simpliciter
679 1908 818 1958 accepit
866 1907 1053 1945 Iablonski

400 1964 566 2015 prolegg.
589 1963 719 2001 Panth.
738 1978 774 2015 p.
793 1966 859 2005 39.
883 1964 935 2004 41
955 1978 962 2001 :
990 1964 1053 2012 qui

401 2034 479 2057 cum
499 2020 701 2057 hominibus
714 2034 779 2057 non
796 2034 867 2057 una
885 2022 1050 2056 virerent.

402 2077 508 2120 Quae
529 2077 710 2114 sententia
731 2090 839 2126 quam
857 2076 1053 2114 difficulta-

400 2137 473 2170 tem
491 2133 621 2182 pariat‚
641 2134 933 2170 commonstravit
945 2133 1053 2170 Wes-

401 2189 571 2237 selingius
591 2189 638 2226 ad
660 2195 823 2227 nostrum
841 2190 969 2236 locum,
1001 2193 1051 2234 et,

400 2250 439 2282 ut
460 2246 529 2282 hoc
551 2246 628 2295 ipse
656 2247 766 2283 etiam
794 2247 927 2283 addam
943 2275 953 2292 ,
983 2259 1050 2283 ne-

400 2315 459 2339 mo
490 2302 636 2348 nescit,
667 2302 815 2340 Thebas
833 2332 843 2350 ‚
876 2302 1048 2350 Abydum

401 2358 563 2406 aliasque
574 2357 776 2408 Aegyptias
798 2360 903 2396 urbes
922 2359 1047 2395 condi-

401 2419 456 2451 tas
477 2415 562 2451 ferri
588 2427 609 2451 a
639 2415 718 2451 diis.
777 2416 852 2452 Sed
879 2415 987 2464 quid,
1017 2414 1047 2451 si

402 2466 503 2509 εἶναι
524 2466 604 2521 ἅμα
623 2474 724 2509 τοῖσι
741 2467 991 2521 ἀνθρώποισι
1011 2471 1044 2507 h.

400 2526 423 2563 l.
444 2540 522 2563 eam
543 2531 760 2577 potestatem
779 2528 924 2574 habeat,
938 2540 1047 2576 quam

400 2583 483 2619 alibi
514 2584 702 2633 συμμῖξαι
720 2614 730 2632 ,
759 2582 925 2634 ὁμιλεῖν,
958 2583 1047 2622 δια-

400 2637 611 2689 asymam?
641 2640 747 2683 Quae
776 2641 887 2677 verba
917 2640 963 2677 de
990 2653 1047 2677 re-

400 2695 467 2730 bus
506 2697 668 2733 venereis
713 2697 877 2747 usurpari
926 2696 1050 2733 docuit

401 2749 658 2788 Valckenarius
682 2754 729 2789 ad
749 2752 873 2791 Nostri
904 2752 957 2798 Il,
981 2752 1046 2792 64.

404 2805 484 2843 Hoc
523 2807 552 2842 si
578 2808 745 2845 admittas
761 2837 772 2855 ‚
812 2810 880 2847 hoc
907 2809 1047 2860 ipsum:

1126 724 1200 768 οὐκ
1230 724 1364 775 ἐόντας
1392 724 1474 779 ἷίμα
1499 744 1532 768 κ.
1555 744 1585 768 τ.
1616 731 1648 768 λ.
1681 730 1775 768 idem

1123 787 1218 823 soret
1252 791 1361 834 atque
1388 787 1550 835 superius
1583 787 1684 824 fere:
1725 801 1773 825 ου

1125 837 1332 892 δεκόμενοι
1376 837 1470 893 παο’
1501 838 1626 881 αὐτοῦ
1644 872 1654 890 ,
1695 858 1776 882 απο

1125 901 1228 936 θεοῦ
1252 896 1439 950 γενέσθαι
1458 895 1690 946 ἄνθρωπον.
1719 920 1775 926 —

1122 955 1382 991 Verumtamen
1410 955 1478 1004 ipsi
1501 955 1691 992 Herodoto
1717 968 1776 993 re-

1122 1012 1288 1058 fragatur
1320 1012 1591 1058 quodammodo
1632 1011 1776 1048 Plutar-

1124 1067 1209 1103 chus
1247 1067 1284 1102 in
1329 1080 1471 1115 sympp.
1502 1067 1583 1103 Vlll
1611 1080 1772 1117 prooem,

1128 1136 1214 1172 pag.
1233 1125 1314 1162 718
1334 1136 1360 1158 s.
1381 1125 1462 1163 960
1491 1123 1776 1171 lVyttenbachf‘

1123 1179 1294 1215 Creuzer.
1314 1191 1439 1215 comm.
1451 1179 1665 1229 Ηεῑο(1(1.ρ.
1681 1181 1774 1221 203.

1123 1235 1216 1275 204.
1276 1235 1540 1283 VVesselingius
1563 1236 1598 1271 in
1618 1241 1706 1272 nota
1725 1236 1775 1273 ad

1122 1291 1155 1327 h.
1181 1291 1202 1326 l.
1222 1291 1268 1328 ad
1292 1291 1496 1328 Diodorum
1522 1304 1670 1340 quoque
1691 1305 1776 1342 pro-

1122 1351 1229 1384 vocat
1254 1347 1292 1394 l,
1317 1351 1369 1388 12
1393 1346 1444 1398 [et
1467 1347 1495 1394 Ι,
1519 1346 1587 1397 44]
1616 1349 1774 1397 itemque

1121 1404 1170 1440 ad
1188 1403 1415 1439 Plutarchum
1448 1404 1493 1439 de
1512 1403 1596 1440 Isid.
1619 1409 1655 1441 et
1677 1405 1772 1441 Osir.

1121 1472 1177 1509 cp.
1198 1460 1270 1504 183
1299 1461 1428 1507 quibus
1447 1459 1533 1496 locis
1553 1472 1595 1496 ea
1610 1460 1772 1497 firmetur

1121 1515 1219 1564 apud
1254 1515 1482 1552 Herodotum
1520 1515 1625 1552 lectio
1646 1545 1656 1562 ‚
1700 1528 1772 1565 qua

1121 1570 1199 1606 deos
1237 1583 1312 1608 cum
1359 1571 1552 1607 hominibus
1599 1572 1773 1610 habitasse

1119 1624 1386 1674 (οἰκέοντας
1371 1643 1451 1677 αμα
1480 1631 1580 1667 τοῖσι
1608 1624 1770 1681 ἀνθρώ-

1119 1684 1248 1727 ποισι)
1275 1696 1358 1719 cens
1353 1696 1496 1720 eamus.

1177 1734 1347 1776 ν’στατον
1375 1733 1559 1789 -Ὦρον
1581 1754 1649 1778 τον
1670 1735 1770 1779 Ὀσί-

1122 1809 1207 1846 ριος
1226 1795 1364 1840 παῖδα]
1405 1794 1545 1832 Eadem
1577 1797 1652 1833 fere
1679 1796 1772 1834 Dio-

1122 1852 1199 1887 dor.
1224 1851 1260 1898 l,
1290 1851 1343 1891 44
1373 1851 1449 1887 init.
1479 1850 1556 1888 coll.
1589 1852 1628 1900 l,
1649 1856 1701 1894 21
1733 1857 1772 1891 et

1121 1907 1278 1944 Pausan.
1296 1907 1347 1953 Il,
1365 1908 1419 1947 30
1449 1905 1485 1957 ὃ.
1505 1910 1542 1948 6.

1175 1960 1240 2002 τὸν
1251 1959 1671 2014 Ἀπόλλωνα”Έλληνες
1686 1960 1771 2005 ὄνο-

1121 2015 1310 2070 μάζουσι]
1352 2020 1459 2056 Conf.
1480 2020 1534 2068 ΙΙ,
1557 2022 1647 2062 156.
1675 2022 1771 2059 Pau-

1121 2090 1197 2112 san.
1223 2077 1243 2112 l.
1263 2076 1359 2113 laud.
1399 2076 1571 2114 Laurent.
1596 2077 1689 2125 Lyd.
1721 2079 1769 2116 de

1120 2146 1252 2170 mensS.
1270 2146 1354 2182 pag.
1379 2131 1432 2172 42
1453 2134 1586 2171 Roeth.
1617 2138 1652 2170 et
1672 2147 1768 2182 quae

1119 2189 1188 2226 alia
1206 2190 1311 2225 affert
1329 2188 1508 2225 lablonsk.
1530 2203 1626 2226 voce.
1646 2190 1765 2239 Aegg.

1117 2258 1202 2295 pag.
1223 2245 1301 2286 421
1323 2258 1398 2293 seq.
1441 2245 1524 2288 Quo
1544 2250 1665 2284 autem
1690 2247 1768 2284 iure

1117 2302 1259 2338 Horum
1295 2300 1466 2338 historiae
1501 2307 1607 2352 pater
1637 2303 1768 2340 dixerit

1117 2358 1337 2395 Graecorum
1364 2356 1588 2406 Apollinem,
1629 2359 1767 2408 disqui-

1117 2415 1198 2450 sivit
1214 2414 1343 2450 Creuz.
1367 2414 1404 2449 in
1424 2415 1548 2462 Symb.
1566 2416 1597 2451 II
1624 2429 1657 2465 p.
1675 2417 1764 2456 157.

1115 2470 1212 2508 Nam
1233 2470 1352 2507 Horus
1373 2471 1623 2520 appellabatur
1640 2471 1704 2507 Sol
1728 2472 1765 2508 in

1115 2526 1270 2563 solstitio
1309 2527 1469 2572 aestiv03
1508 2541 1579 2576 quo
1617 2528 1764 2576 quidem

1113 2588 1278 2633 tempore
1306 2583 1463 2618 omnium
1492 2597 1630 2630 rerum,
1670 2596 1765 2632 quae

1115 2640 1162 2676 ad
1188 2640 1370 2675 hominum
1403 2640 1680 2688 animaliumque
1710 2640 1762 2676 vi-

1115 2700 1191 2732 tam
1219 2695 1446 2732 nutriendam
1474 2695 1760 2733 exhilarandam-

1115 2764 1185 2800 que
1205 2752 1361 2797 faciunt,
1378 2750 1474 2788 haud
1491 2753 1659 2801 ambigua
1676 2763 1759 2800 spes

1114 2807 1325 2845 ostenditur.
1395 2808 1483 2846 Inde
1518 2809 1555 2845 in
1597 2806 1759 2844 doctrina
