1909 3228
654 232 953 273 CL10.1.

1345 237 1429 285 433

177 339 434 397 ποιήσομαι·
493 337 543 385 εὖ
582 341 704 393 εἰδώς
733 341 798 386 ὅτι
837 347 949 387 τοῖσι
985 343 1043 400 μή
1082 342 1355 400 ἀπιγμένοισι
1380 345 1425 397 ἐς

177 420 256 476 τὴν
292 421 577 477 Βαβυλωνίην
604 420 768 477 χώρην,
815 422 888 465 καὶ
922 421 976 466 τοὶ
1013 423 1212 479 εἰρημένα
1245 429 1426 479 καρπῶν

152 506 174 540 7
185 498 365 554 ἐχόμενα
395 500 437 551 ἐς
476 499 675 556 ἀπιστίην
712 500 876 555 πολλήν
914 499 1099 545 ἀπῖκται.
1155 503 1353 558 χρέονται
1381 503 1428 548 δὲ
1482 513 1538 554 92

181 575 312 620 οὐδὲν
342 577 491 633 ἐλαίῳ,
523 577 619 622 ἀλλ’
651 579 697 622 ἐκ
728 583 815 621 τῶν
846 578 1051 634 σησάμων
1082 585 1315 633 ποιεῦντες.
1346 582 1483 626 εἶσὶΞσ

182 656 228 699 δέ
256 667 335 711 σφι
364 660 557 712 φοίνικες
584 656 823 713 πεφυκότες
859 655 944 701 ἀνὰ
970 662 1057 701 πᾶν
1087 658 1133 702 τὰ
1162 661 1335 703 πεδίον·
1384 661 1429 704 οἱ

183 739 362 787 πλεῦνες
391 734 534 779 αὐτῶν
562 733 860 790 καρποφόροι,
904 736 951 779 ἐκ
978 740 1067 778 τῶν
1103 737 1177 780 καὶ
1214 739 1326 782 σιτία
1353 740 1428 782 καὶ

152 812 309 858 ὃοῖνον
336 815 410 858 καὶ
437 815 533 872 μέλι
559 818 805 859 ποιεῦνται·
843 814 947 866 τούς
976 814 1144 859 συκέων
1170 814 1331 872 τρόπον
1358 822 1427 863 θε·

183 1013 231 1060 εὖ
258 1017 373 1069 εἰδώς
400 1016 462 1061 ’ὅτι
482 1023 586 1060 τοῖσι
608 1017 662 1072 μή
682 1014 772 1061 ἄπι-

126 1075 372 1130 γμένοισιέ’ς
401 1075 474 1129 τήν
510 1078 773 1128 Βαβυλωνίην

126 1129 282 1185 χώρην]
315 1135 420 1177 Quae
441 1134 550 1172 verba
571 1134 665 1172 clare
679 1135 776 1172 indi-

128 1194 231 1236 cant,
286 1191 515 1227 Herodotum
562 1191 680 1240 ipsum
708 1191 773 1229 has

127 1251 241 1284 terras
261 1247 387 1285 visisse
417 1260 458 1284 ac
478 1259 712 1296 peragrasse,
735 1250 776 1284 ut

129 1315 239 1352 supra
261 1303 309 1339 ad
330 1303 364 1350 Ι,
388 1305 466 1343 178
490 1303 702 1339 notavimus.
719 1323 776 1331 ——·

128 1357 189 1395 Ad
207 1358 423 1396 locutionem
442 1354 489 1396 τοέ
511 1361 676 1410 καρπῶν
689 1353 775 1409 ἐχό-

130 1428 229 1465 μενα
248 1415 342 1451 conf.
367 1414 403 1461 I,
430 1415 521 1455 120.

187 1465 273 1508 ἄλλ’
299 1468 342 1508 ἐκ
362 1472 443 1507 τῶν
471 1464 661 1520 σησάμων
680 1483 775 1508 ποι-

131 1523 286 1575 εῦντες]
322 1525 572 1575 Supplendum
600 1538 643 1563 ex
672 1530 775 1563 ante·

130 1583 340 1620 cedentibus
364 1581 479 1634 ἐλαίῳ
497 1580 696 1632 χρέωνται.
716 1582 775 1619 De

130 1652 204 1688 quo
223 1639 491 1689 participiorum
511 1652 598 1687 usu,
631 1639 693 1675 ubi
711 1638 776 1674 ab-

129 1695 248 1732 solute
264 1696 384 1745 posita
400 1695 587 1743 videntur,
605 1708 685 1732 cum
697 1706 778 1732 ver-

130 1752 215 1788 bum
237 1764 257 1788 e
279 1752 502 1800 praegressis
530 1755 652 1788 mente
671 1763 778 1800 repe-

131 1807 281 1844 tendum
303 1807 369 1852 sit,
399 1808 493 1843 conf.
512 1807 688 1844 Matthiae
713 1807 778 1843 Gr.

135 1863 201 1899 Gr.
235 1861 272 1912 ἓ.
294 1863 374 1902 556
406 1867 482 1899 not.
504 1865 526 1903 1
555 1875 640 1912 pag.
662 1863 780 1903 1093.

135 1918 217 1955 Olei
246 1931 289 1956 ex
324 1919 472 1955 sesamis
501 1919 617 1967 parati
654 1918 782 1954 Xeno-

134 1975 234 2025 phon
263 1987 407 2023 quoque
431 1974 613 2021 meminit,
649 1973 783 2022 aliique

135 2030 256 2080 plures
306 2031 565 2076 meminerunt,
615 2042 705 2078 quos
736 2029 784 2065 ad

136 2086 388 2135 Xenophontis
406 2086 522 2122 locum
550 2086 586 2121 in
605 2086 691 2132 Cyri
710 2084 785 2120 Ex-

135 2142 247 2193 pedit.
263 2142 310 2178 IV
326 2171 336 2188 ‚
358 2141 405 2188 4,
431 2143 480 2181 13
501 2141 626 2177 laudat
639 2140 785 2187 Kriige-

136 2211 209 2234 rus.
266 2197 349 2234 Alia
369 2198 549 2245 quaedam
570 2210 590 2234 e
609 2196 786 2233 recentio-

135 2254 234 2291 ribus
261 2254 492 2303 scriptoribus
519 2254 604 2290 citat
625 2252 783 2289 Heeren.

137 2310 161 2347 l.
185 2309 209 2347 l.
229 2331 285 2337 -—
306 2311 410 2353 Quae
430 2314 649 2358 sequuntur,
666 2313 784 2344 trans-

140 2366 282 2416 scripsit
299 2365 506 2403 Athenaeus
528 2364 615 2401 XIV
632 2378 668 2414 p.
689 2363 784 2411 651,

140 2422 201 2458 ubi
233 2423 325 2458 conf.
346 2421 724 2469 Schweighaeuserum
747 2421 786 2456 in

141 2477 408 2513 Animadverss.
435 2481 461 2513 t.
484 2477 551 2513 VH
578 2490 662 2527 pag.
691 2478 785 2517 599.

142 2531 202 2569 De
223 2532 351 2581 palmis
371 2532 439 2569 Cr.
462 2534 601 2570 confert
621 2545 676 2579 ea,
694 2545 788 2581 quae

144 2587 279 2624 Nicias.
308 2588 392 2624 citat
416 2589 463 2624 ad
492 2588 712 2637 Geoponioe.
740 2587 788 2635 X,

146 2642 173 2683 4
192 2643 266 2679 init.
303 2643 532 2680 Accuratiora
560 2645 660 2680 dabit
683 2644 788 2681 nobi-

146 2699 297 2735 lissimus
325 2699 371 2735 de
399 2698 565 2735 Minutoli
594 2700 630 2736 in
667 2698 791 2736 Nach-

145 2757 275 2803 trkigen
291 2768 337 2791 zu
362 2768 391 2792 s.
413 2755 512 2792 Reis.
535 2759 601 2792 etc.
629 2766 721 2806 pag:
737 2757 791 2797 82

147 2824 250 2860 seqq.

205 2866 247 2905 οἵ
264 2867 428 2913 πλεῦνες
447 2861 575 2906 αὐτῶν
588 2861 792 2920 καρποφό-

191 2923 399 2960 HERODOT.
430 2923 458 2961 Ι.

838 1036 924 1073 ροι,
953 1020 996 1062 ἔκ
1012 1023 1092 1061 τῶν
1119 1019 1187 1063 καὶ
1212 1022 1315 1064 σιτία
1333 1023 1401 1066 καὶ
1428 1022 1485 1066 οἶ-

838 1093 912 1118 νον
936 1077 1004 1118 καὶ
1032 1077 1117 1130 μέλι
1143 1081 1370 1133 ποιεῦνται]
1413 1078 1484 1122 av'-

838 1137 920 1174 τῶν
938 1149 982 1173 ex
997 1148 1096 1173 more
1115 1136 1278 1175 dedimus
1300 1152 1367 1189 pro
1385 1139 1484 1188 vulg.

842 1187 942 1231 αὖτέ
956 1207 985 1230 ω
996 1207 1029 1230 ν.
1042 1212 1097 1220 -
1109 1192 1223 1241 σιτία,
1244 1207 1338 1243 quae
1348 1194 1485 1232 Noster

843 1261 864 1286 e
907 1248 1106 1298 palmarum
1155 1250 1326 1288 fructibus
1363 1250 1484 1301 parari

843 1305 982 1351 scribit,
1020 1317 1064 1341 eo
1102 1306 1238 1353 refero,
1276 1307 1375 1354 quod
1411 1307 1484 1343 iam

843 1360 1119 1409 Theophrastus
1137 1364 1246 1409 atque
1262 1361 1398 1398 Plinius
1417 1375 1485 1412 pa·-

840 1415 895 1451 nis
910 1415 1094 1463 quoddam
1115 1429 1230 1463 genus
1248 1430 1269 1454 e
1286 1417 1487 1466 palmarum

841 1470 1002 1508 medulla
1047 1471 1174 1508 confici
1211 1473 1369 1510 tradunt.
1431 1472 1486 1511 Ac

841 1531 968 1563 nostra
993 1530 1113 1564 aetate
1139 1540 1160 1564 e
1193 1527 1320 1578 palmis
1348 1529 1487 1566 siccatis

842 1596 980 1620 massas
1013 1582 1189 1632 quasdam
1216 1584 1321 1622 valde
1342 1598 1487 1635 pressas

844 1639 970 1688 (stark
985 1644 1192 1689 gepresster
1206 1640 1321 1690 Teig)
1348 1641 1488 1690 confici,

843 1696 990 1733 nomine
1011 1695 1234 1744 Schmotsclz,
1264 1698 1301 1734 in
1320 1695 1492 1748 Aegypto

845 1752 1049 1789 observavit
1064 1752 1129 1789 Vir
1145 1753 1290 1790 illustris
1308 1754 1354 1790 de
1370 1754 1492 1791 Minu-

845 1808 910 1845 toli
926 1806 1154 1856 (Nachtriige
1170 1822 1215 1845 zu
1230 1823 1257 1846 s.
1269 1809 1379 1847 Reise
1390 1823 1426 1859 p.
1435 1813 1490 1852 91

849 1865 955 1912 seq.)
990 1869 1249 1913 accurateque,
1287 1868 1327 1901 ut
1358 1866 1493 1912 omnia,

849 1918 1058 1968 descripsit,
1096 1918 1210 1957 allatis
1259 1933 1405 1969 quoque
1437 1921 1491 1958 his

849 1979 1009 2012 veterum
1029 1975 1241 2024 scriptorum
1256 1975 1354 2012 locis.
1391 1975 1493 2014 Idem

851 2043 960 2081 porro
979 2034 1122 2077 monet,
1155 2043 1175 2068 e
1194 2031 1393 2081 palmarum
1413 2045 1493 2069 suc-

851 2100 913 2131 co,
944 2085 1004 2134 qui
1024 2085 1129 2135 plane
1155 2090 1195 2123 ut
1223 2087 1363 2124 betulae
1382 2088 1493 2124 siccus

851 2142 950 2190 apud
976 2140 1188 2188 Nostrates,
1217 2142 1273 2179 vel
1300 2143 1493 2180 incidendo

850 2196 906 2233 vel
918 2196 1134 2233 terebrando
1154 2198 1299 2234 arbores
1316 2198 1493 2249 percipia-

850 2256 929 2300 tur,
941 2253 1016 2288 υιίιί
1035 2253 1219 2301 quoddam
1236 2254 1354 2303 parari
1365 2267 1494 2302 genus,

852 2309 907 2346 cui
926 2321 1058 2345 nomen
1069 2307 1197 2359 Lakby
1214 2323 1241 2346 s.
1256 2309 1379 2347 Sabia.
1403 2311 1434 2347 F
1437 2323 1495 2348 re-

851 2364 1018 2413 quentius
1054 2368 1175 2402 tamen
1219 2370 1295 2403 tum
1333 2379 1353 2403 e
1388 2379 1494 2403 succo

852 2424 927 2457 tum
947 2433 966 2457 e
980 2420 1149 2457 fructibus
1166 2421 1338 2469 optimum
1355 2425 1495 2459 acetum

853 2476 1023 2524 aliudque
1035 2477 1154 2514 vinum
1166 2477 1331 2513 adustum
1343 2477 1496 2525 (Brant-

854 2533 972 2580 wein)
1004 2532 1108 2569 effici.
1166 2533 1277 2575 Quod
1298 2546 1369 2581 quo
1385 2533 1495 2570 modo

855 2588 932 2625 fieri
970 2593 1099 2637 queat,
1146 2588 1200 2624 vir
1237 2590 1493 2626 eruditissimus

854 2644 972 2681 lucide
1013 2641 1171 2694 exponit.
1240 2643 1321 2681 Nec
1353 2646 1495 2692 mirum,

855 2701 976 2736 vinum
1009 2712 1029 2736 e
1064 2698 1191 2750 palmis
1226 2701 1426 2738 etiamnunc
1457 2701 1495 2737 in

854 2754 1079 2803 Babyloniae
1119 2755 1248 2793 veteris
1292 2758 1497 2805 regionibus

857 2810 999 2861 parari,
1033 2811 1072 2847 id
1099 2811 1196 2860 quod
1221 2816 1370 2849 testatur
1396 2813 1498 2850 Hee-

859 2880 936 2905 reu.
953 2864 975 2904 l.
992 2879 1101 2917 supra
1115 2866 1210 2904 laud.
1231 2881 1315 2918 pag.
1333 2868 1411 2911 146
1422 2873 1498 2907 not.

1201 2925 1257 2963 28
