1909 3228
562 221 1084 262 EUTERPE.11.
1358 223 1442 264 739

177 329 409 387 »αγορεύω
449 332 497 375 ἐκ
535 335 609 388 τῆς
640 333 740 389 ἐμῆς
769 336 846 388 γῆς
876 333 916 382 ἐς
947 330 1080 387 ἄλλην
1109 331 1206 374 τινὰ
1231 331 1435 385 μετορμί-

177 416 384 465 ,,ζεσθαι·
416 413 452 454 εἰ
483 413 528 455 δὲ
560 410 640 468 μή,
675 411 750 456 ἅτε

55 494 154 541 116
286 489 458 546 Ἑλένης
494 491 572 547 μὲν
608 492 769 548 ταύτην

177 587 258 626 γον
288 572 330 613 οἱ
361 570 468 624 ἱρέες
495 570 716 626 γενέσθαι·

175 649 252 692 τὸν
282 647 414 704 λόγον
443 654 601 692 τοῦτον
631 649 772 692 πυθὲσ

780 414 1012 467 πολεμίους
1040 410 1362 465 περιέψεσθαι.“
1450 417 1495 450 25

807 490 952 543 ἄπιξιν
986 490 1104 544 παρὰ
1135 488 1319 542 Πρωτέα
1349 488 1438 530 ἔλε-
1493 490 1654 552 ξιξξζῖῃῡᾞῐῑῑ
1671 493 1768 521 vider?

1623 535 1768 559 guorasse

777 570 917 613 δοκέει
947 570 991 613 δέ
1033 586 1106 625 μοι
1142 569 1216 612 καὶ
1243 567 1436 622 ’Όμηρος
1490 559 1768 626 ἰιῗιῗῑῗῖεἰῖῗέἶῖἷῧῗῑῖ

1201 647 1208 659 ,
1285 646 1295 658 ‹-
1367 648 1375 661 ,
1492 626 1767 654 demiunestlexisse.

778 654 877 692 θαι·
937 647 1035 691 ἀλλ’
1073 646 1126 691 οὐ
1161 663 1242 702 γαρ
1274 663 1435 702 ομοιως
1490 659 1766 729 {ii⁶5{²1“3'⁰d'⁴'

175 727 218 779 ἐς
255 730 334 783 τὴν
373 728 602 785 ἐποποιΐην
642 727 856 783 εὐπρεπὴς
914 722 968 783 ἦν
1007 731 1067 784 τῷ
1115 727 1243 783 ἑτέρῳ
1290 729 1433 782 τῷπερ

172 807 401 863 ἐχρήσατο·
431 807 474 859 ἐς
504 807 529 851 ὃ
557 811 710 864 μετῆκε
741 805 900 858 αὐτὸν,
930 805 1127 862 δηλώσας
1158 804 1215 856 ὥς
1240 805 1311 847 uoci
1327 808 1490 848 τοῦ-30

145 894 254 929 Ωτον
289 886 505 931 ἐπίσταιτο
545 885 624 929 τὸν
673 885 818 942 λόγον.
885 886 1021 942 δῆλον
1065 884 1134 929 δέ·
1190 882 1300 928 κατὰ
1348 883 1432 938 γάρ

312 1099 344 1136 c
357 1111 377 1135 a
390 1112 425 1150 p.
462 1098 592 1136 cxvi.

169 1181 330 1233 Ἑλένης
352 1180 424 1233 μὲν
443 1178 590 1234 ταύτην
617 1180 769 1233 ἄπιξιν]

116 1241 227 1285 Quod
249 1240 436 1277 articulum
462 1237 534 1286 τήν
565 1245 648 1289 post
677 1236 768 1278 ταύ-

113 1313 186 1347 την
208 1297 317 1334 inseri
336 1296 409 1332 vult
426 1296 696 1342 Valckenarius,
730 1297 767 1333 id

113 1354 209 1391 haud
221 1366 370 1390 necesse
388 1353 424 1388 in
438 1352 557 1389 lonico
578 1356 765 1403 scriptore.

112 1409 170 1445 Ad
189 1413 441 1457 argumentum
465 1411 559 1445 conf.
583 1410 766 1458 Euripidis

110 1466 269 1502 fabulam
319 1465 570 1513 cognominem
591 1494 601 1512 ‚
661 1470 697 1502 ct
743 1478 765 1501 a

110 1521 313 1570 Schweigh.
342 1521 527 1558 laudatum
545 1522 686 1559 Fabric.
716 1522 763 1558 ad

110 1578 210 1615 Sext.
229 1578 400 1628 Empiric.
423 1577 509 1624 Vll,
532 1580 622 1618 180.

169 1629 250 1672 ἀλλ’
273 1630 323 1673 ου’
342 1632 416 1686 γὰρ
437 1632 585 1684 ὁμοίως
605 1649 639 1672 κ.
662 1649 693 1672 τ.
713 1632 762 1684 L]

112 1690 185 1728 scil.
205 1689 228 1730 ὁ
246 1686 374 1742 λόγος.

168 1746 207 1793 ἐς
237 1743 257 1786 ὃ
289 1750 430 1797 μετῆκε
456 1742 599 1796 αὕτόν]
640 1742 763 1785 αὐτὸν

112 1803 184 1840 scil.
217 1799 358 1854 λόγον,
397 1804 421 1840 i.
448 1817 479 1840 e.
515 1804 609 1839 hanc
638 1802 762 1851 Aegy-

110 1860 267 1909 ptiorum
308 1860 535 1896 sacerdotum
583 1860 762 1895 narratio-

110 1928 195 1952 nem
221 1915 267 1952 de
294 1915 457 1962 Helena,
488 1915 605 1951 minus
635 1920 761 1964 aptam

113 1971 274 2008 Homero
294 1973 406 2008 visam
435 1972 483 2007 ad
514 1971 679 2007 carminis
708 1971 761 2007 sui

111 2028 202 2077 epici
224 2028 382 2065 rationes
412 2028 570 2076 indeque
590 2027 760 2064 relictam.

109 2104 164 2111 —·
184 2083 222 2129 ἐς
238 2081 281 2130 ὃ,
303 2085 402 2132 quod
421 2084 498 2120 aliis
517 2084 603 2120 locis
624 2088 681 2120 est
701 2083 762 2119 ‹lo-

108 2151 169 2176 uec
195 2141 261 2187 (Ι,
284 2143 348 2181 67.
378 2140 431 2186 ΙΙ,
462 2139 540 2179 115
570 2141 674 2188 etc),
707 2140 762 2177 hic

108 2197 244 2247 accipio
265 2210 392 2245 quare,
413 2199 638 2245 quapropter,
656 2209 763 2244 prae—

109 2259 216 2290 eunte
235 2253 411 2290 Matthiae
431 2253 495 2288 Gr.
509 2253 572 2288 Gr.
588 2265 624 2302 p.
640 2252 759 2299 1145,

107 2313 218 2357 atque
247 2309 448 2357 Schweigh.
517 2309 599 2352 Quo
631 2309 760 2345 eodem

110 2378 219 2402 sensu
237 2365 334 2414 apud
356 2364 570 2401 Pausaniam
584 2393 593 2411 ‚
625 2365 684 2413 qui
701 2368 760 2401 to-

109 2421 177 2458 ties
204 2421 433 2457 Herodotum
463 2422 661 2470 expressit,
702 2421 758 2457 in-

107 2477 265 2514 venitur:
297 2476 334 2522 l,
363 2476 415 2517 41
445 2476 481 2527 ἓ.
505 2477 552 2524 5,
594 2478 654 2513 ubi
683 2477 756 2514 vid.

109 2533 273 2570 Siebelis.
302 2532 426 2580 'Negat
444 2535 577 2570 Struve
594 2534 756 2581 (quaest.

108 2589 155 2625 de
175 2588 260 2624 dial.
281 2589 421 2625 Herod.
451 2602 488 2638 p.
509 2589 607 2637 43),
636 2589 691 2625 cui
720 2590 758 2625 in

107 2644 186 2681 loco
221 2644 326 2681 valde
365 2645 508 2681 turbato
538 2645 758 2694 simplicissi-

107 2714 206 2737 mum
243 2701 386 2737 videtur
415 2699 453 2746 ἐς
483 2698 505 2740 ὂ
535 2701 673 2738 eiicere.
707 2723 754 2728 —

106 2755 280 2806 μετιέναι
305 2758 483 2803 (reficere,
503 2759 674 2805 omittere)
696 2770 759 2794 eo-

106 2814 188 2851 dem
208 2815 285 2851 fere
304 2827 410 2851 sensu
433 2814 469 2859 1,
486 2814 552 2853 33.
577 2815 642 2853 78-
669 2815 759 2854 123·

105 2869 180 2917 IV,
212 2872 277 2911 98.

896 1064 1080 1120 δηλώσας
1113 1066 1168 1115 αἷς
1195 1067 1263 1108 καὶ
1288 1070 1430 1108 τοῦτον
1452 1083 1487 1108 κ.

836 1141 868 1164 τ.
885 1124 933 1177 λ.]
964 1125 1022 1162 Ad
1043 1121 1223 1176 δηλώσας
1243 1126 1385 1175 Steger.
1404 1139 1489 1176 sup-

836 1182 930 1233 plet:
963 1178 1070 1232 ὅμως
1088 1196 1130 1235 γε
1151 1180 1305 1232 μέντοι,
1324 1183 1347 1218 i.
1370 1196 1400 1220 e.
1423 1184 1488 1220 de-

836 1239 976 1276 clarans
987 1243 1101 1276 tamen
1115 1239 1209 1276 illam
1231 1239 1489 1285 narrationem,

835 1296 874 1332 in
894 1296 1051 1333 carmine
1074 1296 1174 1346 epico
1204 1298 1363 1345 quamvis
1380 1308 1488 1344 prae-

834 1353 1037 1390 termissam
1060 1380 1071 1398 ‚
1111 1353 1204 1389 bene
1240 1352 1308 1388 sibi
1359 1358 1484 1388 notam

833 1409 956 1445 fuisse.
997 1409 1192 1445 Caeterum
1213 1408 1407 1444 attendant
1424 1421 1487 1444 ve-

833 1464 893 1501 lim
914 1464 948 1500 h.
970 1464 993 1501 l.
1013 1464 1061 1511 ii,
1092 1464 1153 1512 qui
1172 1477 1315 1500 omnem
1337 1463 1487 1500 aliorum

832 1521 1038 1569 mythorum
1071 1520 1316 1568 cognitionem
1352 1524 1487 1557 artem-

833 1590 905 1626 que
930 1576 1075 1626 mythos
1105 1589 1168 1626 pro
1196 1576 1363 1613 carminis
1392 1577 1486 1626 epici

832 1633 955 1671 indole
975 1646 1016 1669 ac
1035 1633 1177 1670 ratione
1205 1632 1384 1669 tractandi
1404 1632 1487 1668 Ho-

831 1703 932 1727 mero
952 1689 1178 1734 abiudicant3
1209 1702 1315 1738 quem
1332 1690 1412 1738 ipse
1430 1688 1484 1725 hi-

832 1746 965 1783 storiae
1002 1754 1108 1795 pater
1132 1746 1202 1781 hoc
1232 1745 1313 1781 loco
1348 1745 1485 1781 indicat

830 1802 935 1852 plura
963 1802 1201 1849 cognovisse,
1247 1814 1356 1849 quam
1389 1813 1484 1849 quae

830 1859 867 1894 in
887 1858 1105 1895 carminibus
1125 1857 1342 1894 declaranda
1375 1861 1484 1907 puta-

828 1914 933 1952 verit.

888 1970 1010 2019 δῆλον
1042 1967 1103 2007 δέ·
1133 1965 1232 2007 κατοῖ
1254 1964 1328 2020 γιῖρ
1351 1966 1483 2019 ἐποίη-

831 2038 873 2064 σε
894 2025 936 2065 ἐν
953 2021 1108 2075 Ἰλιάδι]
1141 2025 1182 2061 Ιιι
1202 2025 1271 2067 his,
1294 2038 1389 2073 quae
1405 2029 1483 2061 tur-

829 2083 956 2120 barum
987 2082 1097 2132 plena
1123 2081 1200 2118 iure
1235 2081 1321 2118 dicit
1349 2081 1483 2117 Struve

829 2138 852 2176 l.
874 2138 896 2175 l.
912 2151 997 2189 pag.
1016 2137 1090 2184 34,
1128 2137 1297 2174 librorum
1329 2138 1483 2187 scripto-

828 2208 908 2232 rum
933 2195 1187 2231 auctoritatem
1209 2207 1290 2230 cum
1315 2193 1483 2229 Gaisfor-

828 2252 889 2288 dio
927 2254 1069 2288 secutus
1104 2263 1194 2286 sum.
1261 2249 1342 2287 Nec
1369 2250 1483 2286 refert

828 2308 977 2344 aliorum
989 2308 1153 2356 proferre
1173 2311 1388 2351 commenta,
1401 2306 1482 2354 qui-

828 2365 893 2401 bus
943 2364 1021 2400 loco
1067 2362 1205 2400 mederi
1255 2363 1480 2399 studuerunt.

826 2420 1044 2470 Nuperrime
1071 2419 1214 2466 Steger.
1244 2419 1397 2468 praefat.
1432 2419 1481 2454 ad

824 2477 965 2513 Herod.
983 2489 1020 2525 p.
1040 2475 1111 2511 XII
1129 2475 1180 2512 sic
1195 2475 1367 2525 scriptum
1385 2473 1479 2510 vult:

824 2530 924 2571 κατᾶ
946 2528 1019 2583 γὰρ
1041 2528 1112 2582 μὲν
1125 2526 1271 2570 Ἰλιάδα
1293 2528 1452 2581 ἐποίησε
1462 2529 1480 2567 .‘

826 2589 867 2625 In
888 2587 1055 2636 vulgata,
1080 2600 1188 2636 quam
1211 2587 1397 2632 dedimus,
1427 2586 1479 2623 le-

826 2646 957 2691 ctione,
978 2640 1077 2681 κατιὶ
1088 2644 1228 2680 videtur
1242 2643 1399 2693 positum
1410 2655 1478 2692 pro

827 2697 937 2739 καθὰ
961 2695 1071 2747 (καθ’
1092 2696 1136 2745 ἑὶ)
1156 2703 1210 2745 ut,
1223 2702 1342 2748 prout,
1360 2711 1477 2748 quem-

828 2756 1012 2793 admodum
1032 2785 1043 2804 ,
1087 2760 1258 2792 monente
1293 2756 1477 2804 Schweig-

828 2813 1025 2859 haeusero,
1066 2812 1128 2861 qui
1157 2811 1281 2848 laudat
1314 2811 1353 2858 1,
1384 2813 1477 2852 208.

828 2869 883 2916 ll,
905 2871 943 2910 6.
973 2868 1044 2916 ΙΙΙ,
1073 2871 1137 2909 86.
1197 2867 1306 2905 Plura
1345 2868 1476 2904 Struve

1111 2925 1165 2964 47
1188 2924 1205 2944 '¹
