1909 3228
311 488 410 535 153

142 556 238 582 Ornat
288 554 414 582 Vulcani

141 589 300 624 temptum:
314 589 413 614 aulam

142 622 266 649 exstruit
316 623 336 647 Α
362 621 414 655 idi,

141 655 326 690 quiGraecis
350 662 413 689 „pa-

141 688 227 723 phus,
238 688 332 715 nixam
342 695 411 726 sup-

143 722 245 757 positis
262 722 393 749 colonius.

465 137 550 179 838

440 245 610 288 8πείθει
642 243 735 299 μετ’
768 244 935 286 ἑωυτοῦ
963 243 1179 298 γενέσθαι.

879 135 1341 173 HERODOTI

1240 242 1298 293 ὠς
1328 244 1373 286 δὲ
1403 244 1564 297 ἔπεισε,
1608 246 1722 289 οὕτω

471 323 558 378 ἅμα
596 327 708 365 τοῖσι
746 318 832 376 μετ’
871 320 1037 364 ἑωυτοῦ
1085 322 1390 377 βουλομένοισι
1436 325 1723 377 Αἰγυπτίοισι,

469 403 538 445 καὶ
569 406 682 444 τοῖσι
713 400 1004 454 ἐπικούροισι,
1035 400 1251 453 καταιρέει
1281 400 1382 451 τοὺς
1412 401 1625 456 βασιλέας.

579 477 812 535 Κρατήσας
851 480 896 523 δὲ
936 479 1159 534 Αἰγύπτου
1203 479 1343 535 πάσης
1384 479 1407 523 ὁ
1447 482 1724 536 Ψαμμίτιχος,

471 558 642 613 ἐποίησε
682 562 743 615 τῷ
789 558 1010 616 Ἡφαίστῳ
1057 556 1308 612 προπύλαια
1358 557 1406 601 έν
1454 559 1641 614 Μέμφι,
1675 558 1782 602 τὰ40

469 637 578 691 πρὸς
607 635 739 680 νότον
767 635 930 694 ἄνεμον
958 636 1247 692 τετραμμένα·
1280 635 1418 693 αὐλήν
1448 654 1492 681 τε
1520 642 1581 694 τῷ
1608 637 1726 690 Ἄπι,

467 715 514 758 έν
543 718 596 772 τῇ
624 713 825 770 τρέφεται
859 715 990 759 ἐπεάν
1021 718 1142 772 φανῇ
1182 712 1206 758 ὁ
1241 712 1400 769 Ἆπις,
1452 715 1726 772 οἰκοδόμησε,

467 794 665 838 ἐναντίον
703 797 792 837 τῶν
830 795 1143 848 προπυλαίων,
1201 794 1349 837 πᾶσάν
1388 810 1432 837 τε
1470 796 1728 850 περίστυλον

465 872 646 923 έοῦσαν,
688 873 761 915 καὶ
790 872 941 916 τύπων
970 871 1124 927 πλέην·
1178 871 1273 915 ἀντὶ
1303 873 1348 916 δὲ
1385 873 1570 925 κιόνων,
1621 871 1725 917 ὑπε-

466 954 589 994 στᾶσι
619 952 822 995 κολοσσοὶ
852 950 1201 1008 δυωδεκαπήχεες
1230 955 1282 1008 τῇ
1313 950 1438 1008 αὐλῇ.
1471 950 1494 995 ὁ
1527 951 1728 1004 δὲ’Ἀπις,

414 1148 518 1184 chum
529 1146 724 1196 praecipue
736 1145 917 1182 adiuvisse
936 1146 1065 1183 viden-

413 1207 491 1250 tur,
506 1216 573 1240 nec
592 1202 718 1253 procul
734 1202 820 1239 inde
843 1203 1066 1239 Graecorum

413 1259 714 1297 mercenariorum
738 1259 842 1296 fuere
871 1263 991 1295 castra
1019 1259 1067 1296 ad

414 1316 538 1352 urbem
585 1315 765 1352 Bubastin
786 1342 797 1360 ‚
856 1315 973 1352 donec
1020 1315 1066 1351 ab

414 1372 538 1408 Amasi
562 1371 752 1420 Memphin
783 1376 1069 1420 transponeren-

414 1432 473 1465 tur
505 1427 587 1474 (ΙΙ,
608 1427 727 1474 154).
758 1448 813 1454 -
845 1426 908 1463 Cr.
935 1428 983 1463 ad
1009 1439 1067 1463 ar-

416 1488 627 1532 gumentum
651 1482 855 1519 Herodotei
889 1482 956 1520 loci
983 1494 1069 1519 con-

418 1539 504 1577 ferri
542 1539 617 1574 vult
650 1537 796 1575 Leake:
846 1538 897 1575 les
937 1538 1069 1588 princi-

419 1607 513 1646 paux
532 1607 746 1631 monumens
769 1595 910 1644 egyptt.
927 1595 975 1631 du
991 1607 1070 1630 mu-

421 1652 483 1688 see
512 1650 744 1698 britannique
777 1650 920 1697 (Lond.
943 1652 1070 1696 1827)

420 1720 505 1758 pag.
526 1708 598 1750 263
628 1706 687 1742 ubi
713 1706 899 1756 inscriptio
929 1706 1071 1741 Graeca

421 1764 458 1800 in
486 1764 655 1811 Aegypto
686 1762 832 1798 inventa
874 1761 1072 1810 explicatur

420 1818 602 1856 Herodoti
622 1818 850 1863 narratione,
880 1829 988 1865 quarn
1009 1829 1072 1853 ve-

420 1874 599 1912 rissimam
620 1873 718 1910 ducit
734 1873 874 1910 Leake.

476 1927 673 1980 καταιρέει
717 1925 811 1975 τούς
864 1926 1071 1980 βασιλέας]

421 1986 533 2023 Haud
552 1985 656 2023 aliter
674 1989 784 2035 atque
799 1985 1073 2023 Psammitichus

421 2042 504 2091 (qui
542 2042 710 2080 undecim
752 2042 885 2090 regulis
927 2042 1074 2090 collegis

421 2098 573 2135 devictis
592 2111 682 2135 unus
702 2096 861 2148 Aegypti
881 2110 944 2134 rex
959 2100 1074 2135 factus

422 2156 498 2203 est)
520 2155 663 2191 saeculo
684 2154 932 2204 praeterlapso
954 2155 1074 2191 medio

418 2209 621 2260 Ali-Bey,
658 2211 822 2248 undecim
853 2211 1074 2261 principibus

421 2266 549 2317 (Bey’s
578 2269 770 2316 vocantur)
798 2267 995 2304 interfectis
1018 2280 1077 2305 re-

421 2323 598 2371 legatisve
617 2322 777 2373 Aegypti
797 2324 986 2373 imperium
1017 2336 1076 2360 ac-

420 2379 608 2428 quisivisse
626 2379 766 2426 dicitur,
785 2381 902 2416 donec
920 2392 952 2416 a.
968 2383 1076 2420 1772

424 2435 550 2485 pugna
564 2435 677 2472 victus
698 2435 736 2472 in
759 2435 977 2482 Palaestina,
1005 2449 1076 2484 quo

427 2492 660 2540 confugerat,
690 2492 770 2542 ipse
804 2492 1075 2529 interficeretur.

626 2573 899 2624 Cap.CLur

485 2655 646 2707 ἐποίησε
674 2658 728 2711 τῷ
759 2656 960 2710 Ἡφαίστῳ
988 2673 1083 2710 προ·

430 2707 581 2751 πύλαια
598 2728 633 2751 κ.
652 2727 683 2751 τ.
708 2712 756 2764 λ.]
788 2714 966 2752 Dissentit
991 2714 1083 2752 Dio-

432 2769 542 2805 dorus
563 2768 600 2815 1,
620 2771 694 2818 67,
725 2770 787 2820 qui
813 2771 977 2809 orientale
996 2784 1080 2821 pro-

1126 1147 1293 1197 pylaeum
1324 1159 1346 1183 a
1367 1145 1621 1183 Psammiticho
1645 1150 1788 1184 exstru-

1133 1208 1228 1240 ctum
1260 1204 1381 1240 refert.
1440 1203 1499 1239 Ad
1527 1202 1664 1251 reliqua
1691 1204 1787 1240 conf.

1134 1260 1275 1296 Herod.
1307 1259 1363 1305 ll,
1391 1260 1443 1300 99
1464 1259 1526 1295 sm.
1556 1261 1631 1299 101
1666 1259 1789 1309 ibique

1134 1320 1226 1352 nott.
1257 1315 1434 1352 Pertinuit
1455 1320 1575 1352 autem
1597 1315 1684 1362 hoc,
1711 1329 1791 1352 mo-

1136 1377 1247 1409 nente
1286 1372 1470 1408 Heerenio
1511 1371 1651 1418 (ldeen
1680 1371 1734 1418 ll,
1761 1376 1788 1413 2

1135 1442 1170 1478 p.
1195 1428 1319 1473 400),
1351 1428 1396 1463 ad
1423 1428 1520 1475 regis
1547 1428 1789 1475 prudentiam,

1136 1484 1198 1532 qui
1229 1483 1433 1519 istiusmodi
1461 1483 1632 1519 aedificiis
1673 1496 1791 1520 sacer-

1139 1541 1266 1576 dotum
1307 1539 1446 1575 aniuios
1492 1539 1559 1574 sibi
1600 1540 1790 1577 conciliare

1138 1596 1326 1640 studuerit,
1350 1607 1429 1631 cum
1449 1594 1565 1632 aversi
1587 1596 1655 1646 ipsi
1669 1600 1792 1633 essent

1137 1651 1286 1688 militum
1313 1651 1432 1686 animi.

1196 1702 1541 1755 αὐλήν-πλέην]
1562 1700 1666 1756 αὐλή
1686 1707 1792 1758 περί-

1142 1764 1279 1806 στυλος
1302 1762 1389 1809 quid
1414 1762 1459 1798 sit
1475 1791 1485 1809 ‚
1516 1763 1716 1800 monuimus
1744 1764 1792 1800 ad

1142 1818 1194 1865 ΙΙ,
1217 1818 1307 1858 148.
1365 1816 1424 1854 Ad
1445 1831 1569 1855 vocem
1589 1815 1726 1859 τύπων
1746 1821 1791 1857 cf.

1139 1874 1197 1922 Π,
1219 1875 1308 1914 136.
1335 1874 1424 1914 148.

1199 1925 1285 1968 οἷντὶ
1316 1927 1357 1968 δὲ
1381 1925 1545 1981 κιόνων]
1578 1931 1694 1979 „Hoc
1723 1936 1791 1980 est,

1140 1987 1192 2024 uti
1213 1986 1360 2035 quidem
1374 2000 1417 2024 ex
1436 1988 1588 2024 adversa
1606 1993 1710 2037 parte
1730 2001 1793 2026 ve-

1140 2043 1324 2081 nientibus
1343 2044 1496 2080 videtur.
1536 2043 1667 2092 Neque
1696 2046 1793 2082 enim

1141 2100 1177 2136 hi
1206 2099 1337 2135 colossi
1365 2112 1494 2149 reapse
1526 2100 1703 2137 sustinent
1731 2114 1794 2138 su·-

1142 2156 1286 2206 periora
1308 2156 1473 2192 aedificii.
1519 2156 1577 2192 Cf.
1607 2156 1794 2194 Letronne

1143 2212 1249 2249 mem.
1285 2224 1344 2247 sur
1373 2212 1405 2248 le
1447 2212 1618 2249 toinbeau
1648 2213 1795 2263 d'Osy-

1143 2267 1253 2305 mand
1274 2281 1309 2317 p.
1334 2268 1369 2308 5.
1391 2269 1454 2308 6.“
1487 2268 1550 2305 Cr.
1582 2269 1715 2306 Narrat
1732 2282 1794 2307 ve-

1144 2337 1183 2360 ro
1204 2324 1389 2360 Diodorus
1422 2323 1443 2360 l.
1468 2324 1488 2360 l.
1518 2337 1642 2374 regem
1672 2326 1795 2362 fanum

1144 2392 1247 2417 muro
1266 2380 1543 2417 circumdedisse
1567 2395 1609 2418 ac
1625 2394 1691 2431 pro
1711 2381 1794 2431 pilis

1146 2435 1306 2473 colossos
1344 2436 1553 2474 duodenum
1594 2439 1794 2474 cubitorum

1147 2492 1385 2529 substituisse.

1204 2545 1226 2586 ό
1245 2545 1287 2586 δὲ
1312 2545 1451 2595 ’Ἀπις,
1489 2545 1587 2588 κατὰ
1616 2544 1689 2598 τήν
1715 2547 1796 2586 Ἑλ-

1151 2598 1283 2652 λήνων
1305 2600 1486 2655 γλῶσσάν
1508 2602 1794 2655 ἐστι’Έπαφος]

1149 2660 1304 2697 Veretur
1325 2661 1605 2710 Wesselingius‚
1643 2665 1682 2698 ut
1706 2661 1796 2698 haec

1148 2716 1329 2753 Herodoti
1359 2718 1431 2754 sint
1454 2719 1584 2764 verba,
1613 2730 1707 2766 quae
1736 2717 1794 2754 hic

1150 2777 1245 2811 certe
1282 2774 1398 2811 minus
1423 2774 1626 2811 necessaria
1646 2801 1656 2819 ‚
1697 2785 1794 2810 com-
