1877 3223
412 225 494 266 19⁰
804 223 1270 264 HERODOTI

78 329 357 358 Μῦῑῑῑθοῖθθθῑθο·
414 332 462 377 ἐν
488 336 602 376 τοῖσι
629 331 835 384 πολλάκις
864 334 942 389 μὲν
972 335 1015 378 οἱ
1043 336 1196 391 Μῆδοι
1233 334 1338 384 τοὺς
1371 334 1547 386 Λυδούς
1586 334 1665 378 ἐνί·

76 364 115 392 lia
147 363 292 396 desectio,
336 372 356 391 a

77 398 204 424 Thalete
235 397 354 424 Ionibus

77 431 238 466 praedicta.
296 432 355 458 Pax
411 422 573 468 κησαν,
603 411 811 464 πολλάκις
842 413 887 456 δὲ
916 415 959 456 οἱ
987 415 1126 457 Λυδοὶ
1154 414 1257 464 τούς
1286 412 1495 469 Μήδους·
1527 414 1573 457 ἐν
1603 414 1721 466 δὲ,20

77 465 184 498 quibus
228 465 357 492 auctori-

77 498 151 533 bus,
187 506 246 537 qua„
278 499 355 535 lege,
383 491 489 533 Ξκαὶ
529 493 823 548 νυκτομαχίην
859 492 955 535 τινα
998 491 1271 549 ἐποιήσαντο.
1320 493 1579 548 διαφέρουσι
1619 493 1665 536 δέ

77 540 134 566 quo
153 531 211 559 ritu
231 533 319 560 lacta.

407 581 488 625 σφι
519 570 586 612 ἐπὶ
622 570 719 624 ἴσης
748 571 822 614 τόν
851 570 1067 627 πόλεμον,
1108 576 1169 628 τῷ
1200 571 1307 624 ἕκτῳ
1338 571 1421 615 ἔτεϊ
1451 575 1668 628 συμβολῆς

406 646 658 704 γενομένης,
697 649 921 706 συνήνεικε
959 650 1066 694 ὥστε
1103 655 1179 708 τῆς
1209 649 1346 708 μάχης
1375 649 1668 706 συνεστεώσης

349 848 443 897 part.
475 844 551 892 (T.
574 844 630 893 I.)
660 855 746 893 pag.
767 846 833 885 62.
890 844 1003 894 Equi-

350 903 434 939 dem
453 901 651 951 quidquam
672 900 909 950 pronunciare
936 914 1004 937 no-

352 958 434 1004 lim3
464 962 522 995 sat
540 957 648 994 habui
678 956 796 993 varias
824 957 1003 995 indicasse

351 1015 507 1051 virorum
543 1015 730 1050 doctorum
782 1013 1003 1059 sententias;

353 1071 400 1108 ob
421 1071 681 1108 astronomicas
697 1074 819 1107 tamen
844 1070 1002 1107 rationes

352 1129 508 1164 maxime
533 1127 668 1164 arridet
697 1125 778 1172 illa,
809 1138 918 1175 quam
935 1139 1003 1177 po-

353 1188 489 1220 stremo
510 1182 589 1220 loco
608 1182 805 1233 posuimus.

406 1238 449 1278 ἐν
469 1236 531 1286 δὲ,
552 1238 618 1278 καὶ
637 1238 903 1289 νυκτομαχίην
914 1235 1003 1278 τινὰ

351 1290 614 1346 ἐποιήσαντο]
654 1294 696 1335 ἐν
730 1293 772 1334 δὲ
809 1296 882 1332 scil.
921 1299 1005 1342 τοῖς

350 1351 467 1391 πέντε
492 1350 590 1392 ἔτεσι
611 1347 786 1398 τούτοις,
815 1356 855 1388 ut
880 1356 1004 1389 monet

351 1408 607 1457 I‘Vyttenbach.
654 1409 690 1445 in
738 1408 875 1445 selectt.
922 1408 1005 1445 hist.

350 1478 387 1515 p.
400 1465 494 1505 350.
527 1464 727 1513 Schweigh.
749 1463 894 1513 supplet
912 1459 1007 1502 ταύ-

350 1535 436 1567 ταις
457 1523 542 1567 ταῖς
561 1515 714 1572 μάχαις,
736 1520 812 1557 Sed
829 1520 915 1557 mihi
931 1533 1006 1557 non

351 1577 523 1624 dubium,
553 1577 641 1625 quin
664 1577 875 1613 Herodotus
901 1577 1006 1625 quin-

351 1633 502 1682 quennii
533 1633 635 1669 istius
667 1637 776 1670 antea
815 1633 1005 1670 memorati

349 1690 506 1739 spatium
535 1689 695 1726 indicare
720 1689 895 1737 voluerit,
925 1702 1004 1726 cum

351 1745 592 1795 νυκτομαχίη
613 1758 656 1782 ea
676 1745 724 1781 sit
741 1758 885 1795 pugna,
910 1758 1004 1794 quae

350 1805 438 1851 post
463 1801 638 1838 accidisse
667 1805 854 1848 narratur,
901 1805 1003 1838 sexto

353 1857 434 1894 belli
454 1870 573 1904 anno,
602 1857 663 1893 ubi
681 1857 737 1893 sol
757 1857 897 1894 defecit.
943 1856 1003 1894 De

352 1925 421 1949 usu
439 1912 628 1949 locutionis
648 1911 700 1952 ἐν
728 1910 778 1951 δὲ
799 1914 893 1950 conf.
906 1913 1004 1951 Her-

352 1981 473 2006 mann.
495 1969 542 2005 ad
561 1969 684 2016 Viger.
705 1981 791 2019 pag.
820 1967 914 2010 854.
945 1990 1003 1996 —-

350 2023 412 2061 Ad
445 2025 556 2062 verba
587 2023 651 2063 ἐπὶ
679 2025 768 2072 ἰ’σης
810 2025 932 2075 (quae
955 2026 1003 2063 de

351 2093 464 2130 aequa
479 2081 631 2132 fortuna
651 2082 888 2130 intelligenda
907 2085 1002 2129 snmt,

352 2138 413 2174 ubi
435 2150 551 2187 aequo
570 2137 690 2176 Marte
718 2139 898 2187 utrimque
926 2151 1003 2175 cer-

350 2195 465 2242 tatur)
497 2195 589 2231 conf.
618 2194 803 2232 Lambert.
835 2195 923 2231 Bos.
955 2194 1003 2231 de

352 2249 500 2300 Ellipss.
523 2250 567 2287 L.
582 2251 648 2287 Gr.
671 2250 860 2302 pag-499.
882 2250 1000 2299 Vulgo

352 2306 523 2356 supplent
543 2301 662 2358 τύχης
688 2321 717 2344 s.
739 2308 889 2359 μοίρας.

408 2358 618 2413 συνήνεικε
651 2360 750 2404 ὥστε
770 2384 827 2392 —
865 2359 941 2414 τήν
959 2361 1003 2413 ἦ-

351 2416 475 2469 μὲρην
507 2418 695 2470 ἐξαπίνης
740 2416 865 2460 νύκτα
899 2418 1003 2471 γενέ-

356 2473 480 2525 σθαι]
524 2476 684 2516 Attende
712 2477 856 2515 dicendi
894 2477 1005 2513 ratio-

354 2543 437 2568 nem
472 2531 742 2581 Herodoteam,
792 2531 1005 2584 popularem

354 2588 494 2635 magiS,
524 2593 563 2624 ut
592 2589 642 2625 ita
668 2591 807 2637 dicam,
832 2588 1004 2637 vulgique

354 2644 584 2692 opinionibus
609 2647 919 2683 accommodatam
946 2645 1004 2692 (ut

352 2697 383 2745 l,
405 2701 495 2739 103.
529 2700 590 2747 IX,
618 2704 668 2742 10
688 2702 767 2739 coll.
789 2701 886 2748 VIII,
906 2701 1003 2748 37);

353 2755 450 2791 unde
482 2768 547 2793 nec
584 2757 747 2796 inscitiae
777 2771 845 2796 nec
873 2757 1004 2795 erroris

354 2809 452 2847 litem
471 2812 636 2862 scriptori
666 2815 873 2861 intendam,
905 2813 1005 2863 quod

354 2867 405 2904 ita
422 2867 588 2905 nimirum
609 2869 656 2907 sit
674 2869 814 2908 locutus
844 2869 1002 2921 speeiem

1070 847 1187 895 magis
1207 851 1374 895 secutus,
1405 858 1512 896 quam
1534 845 1593 892 id,
1622 844 1722 894 quod

1070 915 1109 940 re
1130 917 1214 942 vera
1234 908 1308 949 est3
1337 917 1415 941 cum
1433 915 1527 952 quae
1556 913 1641 939 vera
1665 915 1724 939 es-

1071 963 1128 996 set
1147 973 1254 997 causa
1274 972 1390 1008 aeque
1408 960 1594 1008 ignoraret
1613 962 1724 1006 atque

1070 1015 1235 1065 plerique
1281 1028 1406 1052 omnes
1454 1015 1546 1051 illius
1583 1014 1724 1050 aetatis.

1071 1072 1148 1110 Sed
1159 1071 1325 1109 Thaletis
1347 1071 1586 1109 desectionem
1606 1069 1724 1119 ipsam

1070 1129 1313 1178 praedicentis
1334 1141 1450 1176 eoque
1467 1127 1638 1163 maiorem
1658 1126 1725 1162 ha-

1070 1197 1149 1222 rum
1178 1198 1295 1222 rerum
1329 1185 1572 1233 cognitionem
1605 1181 1725 1219 decla-

1070 1242 1184 1278 rantis
1206 1240 1342 1279 mentio
1363 1241 1460 1278 haud
1471 1242 1548 1277 erat
1564 1243 1726 1288 praeter-

1071 1299 1267 1345 mittenda,
1299 1310 1371 1346 quo
1390 1297 1508 1345 magis
1529 1295 1590 1333 ille
1608 1295 1726 1332 haere

1074 1368 1185 1405 supra
1223 1354 1352 1402 vulgus
1385 1352 1544 1390 eminuit.
1604 1351 1724 1395 Quem

1074 1412 1195 1461 ipsum
1220 1411 1348 1448 eximia
1379 1408 1622 1445 astronomiae
1653 1407 1724 1444 sci-

1075 1467 1171 1504 entia
1197 1466 1353 1503 valuisse
1374 1465 1475 1514 quod
1504 1464 1589 1501 inde
1626 1463 1724 1500 colli-

1074 1527 1182 1571 gunt,
1212 1523 1249 1558 id
1280 1521 1548 1571 quodammodo
1575 1521 1724 1557 restrin-

1073 1580 1233 1627 gendum
1250 1579 1390 1615 videtur
1402 1607 1412 1624 ‚
1437 1590 1515 1614 cum
1534 1576 1590 1612 vix
1608 1577 1725 1614 credi-

1073 1635 1145 1672 bile
1166 1635 1230 1682 sit,
1260 1635 1352 1671 hanc
1377 1634 1617 1670 desectionem
1638 1632 1724 1668 solis

1071 1691 1121 1728 ita
1151 1692 1262 1728 fuisse
1289 1691 1534 1740 praedictam,
1581 1694 1619 1725 ut
1647 1689 1726 1726 dies

1071 1751 1180 1795 atque
1224 1747 1313 1783 hora
1353 1750 1518 1783 accurate
1567 1744 1727 1781 indicata

1070 1803 1200 1849 suerit,
1230 1803 1296 1839 sed
1325 1802 1361 1838 in
1388 1802 1469 1851 ipso
1502 1813 1598 1837 anno
1631 1801 1727 1838 indi-

1071 1859 1187 1896 cando
1199 1862 1446 1894 astronomum
1455 1869 1494 1894 se
1503 1857 1726 1895 continuisse

1069 1915 1257 1965 probabile
1292 1914 1358 1951 fiat
1390 1927 1434 1951 ex
1472 1913 1561 1962 ipsis
1597 1913 1728 1951 Nostri

1072 1971 1258 2021 scriptoris
1280 1971 1417 2008 verbis:
1442 1965 1564 2021 οὖρον
1580 1968 1728 2021 προθέ-

1072 2042 1189 2078 μενος
1217 2023 1396 2066 ἐνιαυτὸν
1427 2029 1587 2073 τοῦτον,
1620 2026 1663 2066 ἐν
1694 2019 1726 2079 ᾧ

1072 2081 1121 2134 δή
1160 2082 1226 2122 καὶ
1267 2081 1417 2135 ἐγένετο
1447 2081 1475 2134 ἦ
1515 2080 1724 2133 μεταβολή.

1070 2141 1160 2177 Inde
1193 2153 1338 2189 quoque
1368 2138 1426 2176 vel
1447 2139 1583 2176 seriore
1603 2143 1724 2176 aetate

1071 2196 1197 2234 sedulo
1227 2196 1439 2232 adnotatum
1475 2194 1588 2231 fuisse
1623 2195 1723 2232 vide-

1070 2266 1174 2299 mus,
1219 2252 1365 2300 quando
1407 2263 1501 2298 quae
1536 2251 1723 2299 praedicta

1070 2310 1138 2346 fuit
1161 2308 1336 2353 defectio,
1366 2307 1445 2356 ipsa
1466 2306 1657 2353 acciderit3
1683 2308 1723 2345 id

1072 2365 1170 2413 quod
1191 2364 1247 2400 vix
1278 2364 1410 2400 sactum
1436 2363 1587 2408 suisset,
1617 2364 1647 2399 si
1675 2365 1722 2401 de

1071 2421 1126 2457 his
1149 2425 1222 2456 tam
1241 2424 1337 2456 certo
1359 2431 1572 2469 persuasum
1593 2420 1723 2457 fuisset

1071 2477 1266 2513 veteribus.
1324 2475 1385 2512 Tu
1422 2476 1494 2512 vid.
1540 2476 1723 2513 Bredowii

1071 2532 1274 2581 Uranolog.
1297 2531 1476 2569 Herodot.
1499 2545 1535 2581 p.
1559 2532 1721 2570 XXXIX

1074 2602 1176 2638 seqq.
1214 2594 1249 2626 et
1278 2588 1425 2625 Uckert.
1451 2588 1662 2639 Geograph.
1692 2588 1722 2636 I,

1072 2649 1095 2686 1
1117 2658 1203 2695 pag.
1225 2645 1291 2686 52.
1351 2644 1514 2687 Quorum
1539 2645 1601 2683 ille
1620 2645 1723 2682 Tha-

1071 2701 1132 2739 leti
1160 2714 1282 2738 veram
1324 2701 1536 2739 defectionis
1575 2714 1721 2739 causam

1070 2758 1252 2805 cognitam
1267 2757 1379 2794 fuisse
1398 2761 1526 2806 negat3
1543 2770 1610 2795 nee
1619 2757 1721 2807 quis-

1071 2826 1180 2862 quam
1202 2826 1292 2851 sane
1311 2814 1457 2861 dixerit,
1483 2815 1580 2852 unde
1599 2814 1720 2850 istius-

1070 2870 1169 2907 modi
1193 2869 1360 2908 notitiam
1379 2870 1526 2909 omnino
1542 2867 1720 2920 acceperit
