1909 3228
661 227 963 268 cL10.1.

192 335 318 382 νικόν
331 351 342 363 ·

1359 229 1443 271 379

404 340 535 382 τοῦτο
575 335 658 394 γάρ
702 337 784 383 οὐκ
825 338 904 394 ἔχω
948 336 1159 393 ἀτρεκέως
1203 338 1437 393 διακρῖναι.

162 418 364 474 Ξνόμοισι
395 417 439 461 δὲ
476 418 686 474 χρέωνται
714 416 1063 473 κεχωρισμένοισι
1091 416 1255 461 πολλὸν
1282 420 1372 459 τῶν
1398 432 1443 459 τε

191 496 334 541 ἄλλων
364 496 611 552 ἀνθρώπων
640 497 711 542 καὶ
739 500 913 552 Καρῶν.
958 502 1071 540 τοῖσι
1098 495 1182 552 γὰρ
1211 493 1498 540 κάλλιστόνδὸ

187 577 277 621 ἐστι
305 575 401 620 κατ’
431 577 603 633 ἡλικίην
631 593 676 620 τε
704 577 778 620 καὶ
806 575 1014 633 φιλότητα
1045 576 1215 619 εἰλαδὸν
1243 576 1442 631 συγγίνε-

192 661 299 700 σθαι
327 656 369 707 ἐς
397 655 555 709 πόσιν,
592 657 666 700 καὶ
695 655 876 711 ἀνδράσι
905 656 976 698 καὶ
1005 656 1176 711 γυναιξὶ
1204 656 1276 698 καὶ
1306 654 1441 698 παισί.

160 734 491 791 3ῑδρυνθέντων
516 736 562 779 δέ
602 747 679 791 σφι
723 737 828 789 ἱρῶν
867 736 1084 787 ξεινικῶν,
1137 735 1356 790 μετέπειτα
1386 731 1445 783 ὥς

191 826 270 869 σφι
296 811 494 866 ἀπέδοξε,
527 814 658 866 (ἔδοξε
687 814 733 857 δὲ
761 818 874 857 τοῖσι
902 815 1121 868 πατρίοισι
1150 817 1318 870 μοῦνον
1346 813 1444 868 χρᾶ-

192 897 299 935 σθαι
326 893 512 948 θεοῖσι,)
561 891 760 945 ἐνδύντες
796 892 849 937 τὰ
889 892 999 938 ὅπλα
1038 893 1224 945 ἅπαντες
1252 888 1443 935 Καύνιοι

133 1076 246 1113 (linem
273 1077 447 1116 Caricam.
484 1075 607 1115 Minus
637 1078 789 1117 feliciter

135 1134 172 1169 in
191 1133 258 1171 hoc
285 1133 364 1172 loco
395 1133 605 1184 explicando
622 1140 785 1173 versatur

135 1189 266 1238 Heyne
296 1190 334 1227 in
355 1192 531 1228 Observv.
559 1192 606 1228 ad
625 1192 726 1228 Iliad.
752 1192 782 1239 I,

138 1248 218 1286 117
247 1259 332 1296 pag.
362 1248 427 1289 51.
486 1248 582 1285 Nam
605 1249 683 1298 ipse
702 1248 783 1285 Ho-

135 1315 255 1339 merus
288 1303 354 1350 (ll.
377 1303 411 1340 ΙΙ
425 1333 436 1351 ,
458 1305 559 1352 867)
591 1305 704 1343 Cares
727 1305 784 1341 di-

135 1358 182 1394 cit
202 1356 569 1409 βαρβαροφῶνους,
583 1362 682 1409 quod
693 1374 785 1410 quo-

133 1415 244 1452 modo
281 1415 328 1451 sit
357 1416 627 1465 accipiendum,
668 1417 786 1454 disce-

133 1473 240 1521 ptant
263 1475 403 1509 veteres
434 1473 650 1522 interpretes
673 1477 786 1522 atque

134 1527 379 1576 grammatici,
411 1540 564 1578 quorum
587 1531 785 1568 sententias

134 1583 257 1620 retulit
272 1583 404 1632 Heyne
424 1585 472 1622 ad
492 1585 527 1621 h.
549 1584 572 1622 l.
592 1599 678 1636 pag.
702 1586 785 1628 434

135 1652 212 1689 seq.
257 1639 437 1689 Equidem
460 1645 612 1691 propter
633 1643 786 1680 Strabo-

135 1696 191 1733 nis
219 1695 336 1733 locum
376 1697 492 1744 (XIV
518 1711 556 1748 p.
583 1701 665 1740 977
686 1700 784 1750 seq.)

136 1748 483 1803 βαρβαροφώνονς
510 1766 591 1792 eam
622 1756 669 1792 ob
701 1769 786 1793 cau-

137 1821 214 1846 sam
235 1808 349 1847 Cares
377 1822 399 1846 a
419 1813 530 1860 poeta
557 1810 626 1847 dici
644 1815 784 1861 putem,

135 1865 237 1913 quod
249 1864 429 1903 Graecum
447 1878 660 1913 sermonem,
679 1880 788 1916 quem

138 1921 387 1969 adsciverant,
414 1934 544 1972 aspere
564 1926 601 1959 et
620 1926 787 1972 corrupte

138 1977 342 2024 retulerint,
359 1978 454 2016 male
474 1978 636 2016 dicentes
658 1982 694 2016 et
702 1991 788 2028 pro-

137 2034 356 2071 nuntiantes.
411 2033 531 2070 Multa
564 2035 717 2072 eandem
747 2035 786 2072 in

138 2102 215 2127 rem
235 2090 396 2140 disputat
405 2089 587 2127 Iablonsk.
607 2089 628 2127 l.
642 2090 665 2127 l.
686 2104 722 2141 p.
735 2093 786 2132 11

139 2158 216 2194 seq.
237 2145 291 2187 94
313 2159 388 2195 seq.
418 2147 503 2183 satis
542 2153 707 2184 constare
732 2159 791 2184 ar-

138 2202 301 2249 bitratus,
314 2202 450 2239 Carum
469 2202 711 2251 antiquiorum
723 2202 790 2240 lin-

139 2270 247 2306 guam
259 2287 270 2305 ‚
284 2259 446 2307 quamvis
468 2271 490 2296 a
506 2259 656 2296 Graecis
678 2272 791 2308 quae·

140 2315 226 2351 dam
248 2315 455 2352 assumserit
469 2344 479 2363 ,
499 2318 621 2352 tamen
640 2319 790 2365 propter

140 2370 178 2407 id
194 2370 313 2420 ipsum
330 2383 352 2408 a
371 2371 515 2409 Graeca
543 2370 695 2408 dialecto
714 2372 789 2408 dis-

141 2427 366 2464 cernendam.
382 2448 434 2455 -
452 2427 494 2464 In
515 2440 617 2476 seqq.
635 2423 722 2466 κατ’
745 2425 790 2478 ή-

141 2481 270 2532 λικίην
288 2497 327 2521 τε
346 2482 414 2522 καὶ
432 2478 641 2533 φιλότηται
664 2497 787 2522 secun-

141 2537 223 2575 dum
247 2542 396 2577 aetatem
414 2544 524 2590 atque
539 2542 743 2578 amicitiam.

200 2647 471 2701 ἱδρυνθέντων
505 2648 548 2690 δέ
586 2661 657 2700 σφι
691 2649 790 2703 ἱρῶν

144 2705 326 2752 ξεινικῶν
353 2720 392 2745 κ.
410 2721 442 2745 τ.
469 2704 515 2756 λ.]
557 2707 693 2744 Sensus
721 2707 789 2745 loci

144 2762 174 2798 is
196 2763 272 2800 fere
304 2766 383 2800 est:
420 2762 547 2810 „Cum
577 2762 661 2800 olim
683 2776 790 2813 pere·

144 2818 250 2866 grina
276 2831 377 2856 sacra
395 2818 494 2869 apud
509 2819 607 2869 ipsos
628 2819 790 2858 instituta

146 2879 288 2923 essent,
300 2878 428 2926 postea
445 2875 504 2913 ubi
524 2875 593 2914 hoc
609 2875 696 2926 ipsis
715 2876 789 2914 dis-

849 1077 973 1129 plicuit
994 1077 1146 1129 (placuit
1163 1091 1249 1116 vero
1275 1077 1400 1128 patriis
1419 1079 1501 1113 tan-

851 1139 924 1172 tum
944 1135 993 1171 uti
1013 1136 1114 1183 diis),
1141 1147 1266 1173 omnes
1284 1133 1415 1170 Caunii
1433 1146 1501 1183 pu-

849 1191 977 1238 beres,
1034 1192 1141 1228 armis
1185 1191 1341 1237 indutis,
1390 1189 1500 1226 hastis

850 1250 971 1285 aerem
984 1248 1153 1285 ferientes
1173 1261 1287 1297 usque
1306 1247 1352 1283 ad
1366 1245 1502 1294 Calyn-

852 1304 952 1340 dicos
983 1304 1073 1341 fines
1102 1305 1287 1354 progressi
1315 1306 1415 1349 sunt,
1445 1302 1502 1339 di-

852 1363 974 1397 centes
1006 1373 1046 1396 se
1071 1360 1198 1397 eiicere
1224 1361 1312 1397 deos
1337 1358 1502 1408 peregri-

851 1428 931 1452 nos.
991 1415 1099 1462 „Qui
1125 1416 1175 1452 dii
1202 1414 1387 1465 peregrini
1412 1426 1502 1463 qua-

852 1471 905 1509 les
938 1471 1092 1518 suerint,
1133 1483 1249 1520 aeque
1292 1472 1502 1520 ignoramus

853 1531 964 1576 atque
983 1528 1119 1577 patrios
1135 1527 1276 1564 illorum
1287 1528 1389 1573 deos,
1410 1539 1502 1575 quos

852 1583 950 1621 solos
972 1596 1066 1621 nunc
1087 1583 1204 1622 colere
1230 1584 1503 1629 constituerant,

852 1640 922 1678 nisi
943 1641 1114 1688 eosdem,
1143 1653 1235 1690 quos
1254 1641 1368 1678 Cares
1393 1652 1504 1676 vene-

850 1697 1042 1744 rabantur,
1095 1696 1218 1735 Iovem
1263 1696 1503 1747 potissimum,

851 1753 962 1791 fuisse
981 1753 1181 1804 suspiceris.
1219 1751 1342 1802 Atque
1369 1752 1407 1789 in
1425 1751 1504 1788 uni-

851 1821 994 1846 versum
1015 1809 1217 1845 notandum
1235 1813 1312 1856 est,
1340 1810 1378 1845 in
1402 1812 1503 1845 vete-

853 1877 931 1901 rum
950 1864 1182 1914 religionibus
1213 1865 1281 1901 sibi
1308 1864 1405 1902 haud
1421 1875 1503 1899 raro

853 1921 993 1970 opponi
1031 1921 1119 1958 deos
1151 1922 1307 1970 patrios,
1350 1931 1504 1969 quorum

854 1989 957 2013 sacra
981 1989 1003 2013 a
1022 1977 1216 2013 maioribus
1242 1976 1399 2021 tradita,
1429 1975 1505 2013 sive

853 2031 996 2082 publica
1014 2032 1089 2070 sive
1116 2032 1258 2082 privata
1282 2031 1505 2080 singulorum

856 2088 1003 2135 civium,
1034 2092 1071 2126 et
1090 2088 1168 2125 deos
1184 2090 1408 2139 peregrinos,
1440 2100 1502 2124 et-

857 2148 993 2192 ternos,
1023 2146 1189 2194 adeoque
1210 2145 1381 2194 hospites,
1411 2157 1503 2194 quos

855 2200 989 2238 scilicet
1009 2200 1153 2238 aliunde
1178 2201 1404 2239 adsciverant
1434 2213 1504 2250 pu-

854 2256 1017 2306 bliceque
1076 2261 1296 2308 receperant.
1367 2256 1504 2292 Eorum

855 2326 1001 2363 quoque
1023 2313 1060 2350 in
1079 2313 1253 2351 honorem
1271 2313 1434 2350 instituta
1455 2308 1502 2350 τοὶ

857 2368 1065 2417 Θεοξένια,
1104 2382 1198 2419 quae
1227 2370 1325 2407 haud
1355 2381 1437 2406 raro
1465 2368 1504 2405 in

857 2426 1078 2463 Graecorum
1091 2426 1288 2463 civitatibus
1302 2428 1503 2472 occurrunt,

857 2486 897 2519 ut
922 2487 1025 2519 notat
1058 2483 1264 2520 Casaubon.
1289 2482 1337 2518 ad
1373 2481 1501 2518 Athen.

855 2538 908 2576 IX
926 2553 962 2589 p.
975 2540 1079 2587 372,
1104 2538 1136 2575 A
1160 2539 1215 2589 (p.
1236 2540 1290 2580 38
1315 2542 1340 2575 t.
1354 2538 1387 2575 V
1414 2536 1504 2574 Ani-

855 2596 1012 2632 madvss.
1042 2595 1240 2644 Schvvgh.).
1272 2594 1357 2631 Vid.
1389 2594 1504 2631 Hem-

855 2651 1006 2688 sterhus.
1020 2652 1068 2688 ad
1086 2651 1242 2700 Hesych.
1261 2654 1286 2687 t.
1308 2650 1326 2687 I
1343 2664 1379 2700 p.
1395 2650 1502 2691 1694

856 2708 915 2746 ed.
932 2707 1096 2745 Albert.“
1127 2707 1158 2745 C
1166 2720 1260 2745 r.—
1286 2703 1436 2757 ’ἡβηδὸν
1454 2706 1503 2743 ad

855 2776 980 2802 omnes
995 2764 1137 2814 puberes
1156 2777 1184 2801 s.
1194 2766 1332 2801 iuvenes
1350 2766 1502 2814 spectat.

856 2820 964 2857 Conf.
984 2824 1058 2857 not.
1076 2824 1238 2857 nostram
1257 2821 1305 2859 ad
1322 2818 1501 2858 Plutarch.

854 2874 1029 2915 Alcibiad.
1057 2888 1144 2929 pag.
1165 2875 1257 2919 155.
