1909 3228
476 199 560 239 724

870 195 1341 234 HERODOTl

319 307 418 352 109
474 303 644 349 τούτων
672 304 751 359 μὲν
782 303 835 360 δὴ
867 304 1009 346 εἵνεκα
1038 302 1283 359 κατετμήθη
1312 302 1339 360 ἡ
1372 306 1604 360 Αἴγυπτος.
1644 306 1737 347 Κα-
1783 305 1863 346 153

148 372 322 407 Aequaliter
359 375 389 398 ct

145 415 235 441 agros
277 405 425 439 assignat,

146 439 425 541 Ξῖῑὶὲίἓῖεῗὲἷὲἳὲἕῗ
482 462 628 517 ἔλεγον
656 459 734 503 τὸν
764 461 964 518 βασιλέα,
1009 465 1174 517 κλῆρον
1210 464 1309 505 ἴσον
1339 461 1502 519 ἑκάστῳ
1532 462 1742 518 τετράγω-

148 540 323 575 gnomonem
341 543 370 565 et
382 538 426 564 di-

150 575 176 600 ni
205 577 304 606 parles

331 580 372 598 ΧΗ
407 578 424 596 a

149 606 428 641 BabyloniisGrac-

150 641 177 668 ci
195 640 315 668 habent.

425 646 639 685 monstravit
653 646 893 683 casaubonus
905 674 915 693 ,
927 649 1080 684 notante

424 703 666 751 W'esselingio
680 731 689 747 ‚
704 703 763 751 qui
782 703 867 739 inde
886 708 985 741 recte
999 707 1080 740 tue-

425 765 482 797 tur
506 759 717 797 Dicaearchi
734 759 849 796 locum
870 773 898 796 c.
922 761 972 799 13
987 788 997 806 ,
1018 760 1080 795 ubi

425 811 633 855 ὕπὸπλατυ
681 816 747 862 (id
778 820 853 853 est:
885 815 1080 853 subsalsam

425 873 584 923 aquam)
613 871 761 920 quidam
785 875 926 908 mutare
957 873 1080 910 volue-

426 933 509 966 rant
542 929 578 964 in
603 923 799 978 ὕπὸπαχυ.
867 929 942 965 Sed
966 929 1082 977 magis

426 987 497 1023 huc
547 988 704 1034 spectat,
751 985 852 1034 quod
890 985 1084 1022 etiamnum

428 1044 466 1079 in
498 1041 691 1091 Aegyptiis
724 1042 845 1091 puteis
884 1042 1085 1078 subsalsam

429 1111 562 1148 aquam
583 1098 733 1134 inveniri
753 1098 948 1135 observant
960 1111 1086 1136 recen-

428 1156 538 1192 tiores
561 1155 853 1204 peregrinatores
879 1156 992 1201 (conf.
1012 1154 1086 1191 Po-

431 1212 532 1249 cock.
554 1210 740 1247 laudatum
761 1211 797 1247 in
812 1210 943 1248 Larch.
966 1211 1087 1258 nota),

432 1281 550 1316 eoque
569 1266 675 1304 valde
706 1267 881 1317 probatur
909 1272 987 1304 tum
1007 1267 1087 1304 He-

432 1325 584 1360 rodotea
601 1324 782 1370 narratio,
812 1327 887 1360 tum
908 1324 1009 1373 quod
1039 1323 1088 1360 si-

435 1379 518 1418 mile
548 1379 681 1428 legitur
704 1380 802 1430 apud
820 1379 914 1417 Plut.
937 1381 983 1417 de
1002 1379 1086 1416 Isid.

436 1440 474 1474 et
499 1436 634 1473 Osirid.
655 1449 741 1486 pag.
761 1437 867 1483 367,
884 1436 932 1472 B:
963 1438 1090 1475 πᾶσαι

436 1490 560 1544 πηγαὶ
600 1490 668 1530 καὶ
704 1490 855 1544 φρέατα
880 1488 1012 1531 πάντα
1032 1512 1088 1521 -

437 1544 610 1600 ἁλμυρὸν
621 1543 730 1598 ὕδωρ
742 1546 810 1586 καὶ
832 1545 971 1599 πικρὸν
983 1547 1089 1599 ἔχου-

439 1618 523 1653 σιν,
553 1603 630 1642 coll.
653 1604 806 1642 Diodor.
826 1604 896 1653 Ill,
917 1606 985 1646 39.

495 1687 539 1728 ἐκ
577 1684 762 1740 φρεάτων
797 1704 850 1741 χρ
865 1685 949 1739 εόμ
965 1686 1088 1739 ενοι]

439 1746 513 1783 scil.
533 1747 634 1783 τοῖσι
654 1740 806 1795 πόμασι
819 1774 828 1791 ,
859 1745 957 1782 unde
978 1757 1092 1794 appa-

438 1806 515 1849 ret,
534 1800 632 1838 haud
649 1814 798 1838 necesse
815 1815 895 1838 esse
914 1814 993 1838 cum
1004 1801 1035 1837 V
1039 1800 1091 1837 al-

439 1856 610 1896 ckenario
647 1862 787 1895 mutare
814 1853 1018 1909 χρεόμενοι
1054 1858 1092 1893 ἰη

441 1908 657 1965 οἷρυόμενοι
674 1913 730 1951 vel
763 1909 1000 1965 οἷρυτόμενοι
1028 1912 1091 1959 (ex

435 1972 553 2021 puteis
571 1969 798 2018 haurientes).
811 1993 867 1997 *-
896 1971 1091 2008 Caeterum

442 2025 566 2077 scripsi
587 2039 668 2063 cum
685 2026 887 2075 Schweigh.
916 2030 952 2064 et
972 2027 1091 2063 Gaisf.

440 2079 649 2135 χρεόμενοι
683 2086 720 2120 et
743 2082 853 2133 paulo
873 2087 959 2120 ante
992 2080 1093 2134 ἐχρέ-

443 2153 554 2179 ονται
566 2167 577 2188 ,
600 2139 660 2176 ubi
681 2139 848 2177 meliores
866 2140 1095 2189 praebebant

441 2196 535 2233 libri.
620 2195 740 2245 Vulgo
786 2191 1015 2248 χρεώμενοι
1060 2199 1097 2233 et

441 2250 526 2304 ἐχρέ
539 2267 569 2291 ω
580 2266 660 2292 ντο.

648 2365 713 2402 ea
722 2379 759 2416 p.
790 2365 887 2403 (ΠΧ.

500 2453 732 2500 κατανεῖμαι
753 2447 794 2488 δὲ
812 2446 886 2499 τὴν
906 2443 1039 2500 χώρην
1060 2463 1096 2487 κ.

445 2522 477 2545 τ.
497 2505 546 2558 L]
596 2507 806 2544 Secundum
831 2507 1033 2543 Diodorum
1064 2505 1093 2553 Ι,

442 2562 496 2604 54
520 2563 698 2601 Sesostris
718 2576 862 2600 omnem
884 2562 1094 2611 Aegyptum

441 2620 576 2668 primus
597 2620 633 2656 in
653 2619 800 2667 triginta
813 2624 970 2668 quatuor
987 2631 1094 2668 prae-

442 2676 596 2712 fecturas
617 2672 808 2725 (νομούς)
829 2676 951 2712 divisit
971 2675 1094 2723 singu-

442 2730 559 2779 lisque
597 2731 759 2780 singulos
784 2732 959 2782 praefecit
988 2732 1097 2778 viros,

447 2787 509 2834 qui
528 2788 648 2824 omnia
658 2788 961 2826 administrarent.
983 2788 1095 2832 Quod

447 2845 567 2880 utrum
585 2842 655 2881 huc
682 2844 800 2882 valeat
827 2857 894 2883 nec
920 2857 990 2893 ne,
1020 2857 1094 2881 non

478 388 676 436 τανεῖμαι
714 382 761 425 δὲ
798 382 878 438 τήν
916 380 1061 438 χώρην
1097 384 1373 438 Αἰγυπτίοισι
1411 383 1544 426 ἅπασι
1583 388 1742 427 τοῦτον

1148 648 1358 696 disquiram.
1416 646 1524 684 Conf.
1546 646 1592 693 II,
1615 644 1696 686 164
1712 645 1797 694 ibiq.

1148 710 1238 742 nott.
1272 704 1300 740 ll
1316 732 1327 750 ‚
1344 703 1410 744 42.
1466 703 1548 740 Hoc
1566 715 1652 740 vero
1670 706 1800 738 notan-

1149 762 1256 807 dum,
1289 761 1411 809 quod,
1439 763 1534 797 teste
1562 760 1691 797 eodem
1712 757 1803 795 Dio-

1149 819 1240 854 doro
1270 817 1308 863 l,
1339 818 1416 861 73,
1459 816 1574 852 omnis
1609 820 1706 852 terra
1739 815 1804 851 tri-

1149 874 1284 924 partito
1306 873 1440 919 divisa,
1479 873 1534 910 vel
1557 871 1802 909 sacerdotibus

1150 930 1205 967 vel
1246 930 1390 978 regibus
1430 929 1487 965 vel
1520 929 1689 965 militibus
1727 932 1805 964 erat

1151 987 1307 1032 tributa,
1345 985 1463 1022 minus
1494 986 1619 1034 utique
1644 995 1804 1032 congrue

1152 1056 1232 1080 cum
1262 1043 1328 1087 iis,
1358 1054 1452 1090 quae
1480 1042 1514 1078 h.
1536 1042 1557 1078 l.
1580 1042 1626 1078 de
1647 1039 1806 1077 Sesostri

1154 1111 1298 1135 omnem
1337 1101 1470 1134 terram
1511 1098 1606 1134 inter
1644 1095 1805 1145 singulos

1153 1154 1357 1204 Aegyptios
1390 1154 1574 1191 dividente
1601 1157 1806 1189 narrantur.

1153 1211 1235 1249 Nec
1246 1211 1390 1247 omnino
1403 1211 1438 1246 in
1455 1211 1496 1247 iis
1510 1210 1707 1259 quidquam
1720 1207 1808 1246 certi

1157 1272 1317 1305 statuere
1352 1266 1496 1314 licebit,
1536 1278 1630 1315 quae
1662 1265 1808 1303 testium

1154 1328 1317 1362 veterum
1365 1323 1489 1373 inopia
1533 1323 1688 1359 obscura
1726 1323 1810 1357 sunt

1155 1380 1372 1428 magnisque
1399 1379 1559 1417 tenebris
1586 1381 1809 1429 premuntur.

1157 1437 1230 1480 Qui
1253 1437 1347 1473 enim
1368 1449 1511 1473 omnem
1531 1440 1665 1472 terram
1690 1434 1738 1471 ad
1769 1445 1809 1469 se

1155 1493 1338 1543 pertinere
1360 1492 1513 1529 credidit
1527 1504 1589 1528 rex
1602 1520 1612 1538 ‚
1642 1491 1671 1527 is
1688 1489 1809 1540 potuit

1154 1549 1278 1597 utique
1300 1548 1446 1597 singulis
1462 1547 1619 1596 singulas
1637 1558 1808 1596 agrorum

1158 1606 1345 1656 portiones
1370 1606 1421 1641 ita
1438 1605 1650 1653 assignare,
1680 1607 1719 1639 ut
1745 1615 1809 1640 ve-

1157 1660 1276 1710 ctigali
1312 1661 1504 1710 quotannis
1545 1660 1662 1697 soluto
1698 1659 1809 1709 ipsius

1158 1718 1356 1754 dominium
1387 1721 1646 1765 agnoscerent3
1693 1715 1812 1766 potuit

1160 1773 1267 1811 etiam
1288 1786 1350 1810 eas
1370 1778 1508 1810 tantum
1528 1773 1595 1809 illis
1614 1777 1730 1809 terras
1746 1771 1812 1808 tri-

1160 1831 1294 1876 buere,
1315 1842 1408 1878 quae
1432 1828 1526 1866 bello
1553 1833 1681 1879 captae
1696 1827 1812 1864 hosti-

1160 1887 1302 1935 busque
1334 1890 1481 1936 ereptae
1512 1890 1635 1930 erant3
1683 1895 1813 1933 quam-

1160 1955 1270 1991 quam
1290 1942 1359 1979 hoc
1388 1955 1468 1979 cum
1490 1940 1672 1979 Herodoti
1691 1940 1810 1977 verbis

1159 1999 1274 2035 minus
1299 1999 1476 2036 convenit.
1524 1998 1632 2035 Conf.
1652 1996 1812 2034 Heeren.

1160 2055 1271 2092 ldeen
1290 2055 1344 2101 ll,
1366 2059 1392 2096 2
1413 2068 1499 2106 pag.
1521 2054 1598 2095 141
1621 2066 1725 2103 seqq.
1755 2073 1811 2079 ——

1161 2112 1311 2159 „Quod
1332 2111 1509 2148 Sesostris
1528 2110 1629 2159 leges
1649 2108 1811 2159 agrarias

1162 2167 1368 2216 similesque
1410 2168 1567 2214 attinet,
1623 2166 1746 2203 laudat
1774 2165 1812 2201 in

1163 2224 1336 2262 consimili
1363 2227 1600 2272 argumento,
1639 2222 1700 2259 ubi
1720 2221 1814 2258 Cre-

1162 2281 1319 2317 tensium
1348 2280 1556 2328 Minoisque
1591 2279 1692 2327 leges
1725 2277 1813 2314 atti-

1162 2337 1235 2386 git,
1266 2337 1453 2373 Sesostrin
1478 2336 1816 2385 Aegyptiorumque

1164 2394 1325 2429 instituta
1355 2398 1526 2441 tanquam
1563 2391 1813 2441 antiquissima

1164 2450 1322 2486 omnium
1346 2448 1526 2486 Aristotel.
1546 2449 1582 2485 in
1603 2448 1710 2484 Polit.
1729 2446 1814 2493 Vll,

1166 2508 1237 2552 10,
1255 2507 1281 2546 3
1305 2506 1380 2555 (cp.
1405 2508 1430 2546 9
1460 2506 1590 2556 p.288
1609 2503 1814 2551 Schneid.).

1162 2562 1320 2598 Easdem
1341 2562 1440 2610 leges
1466 2574 1509 2599 ex
1534 2561 1714 2598 Herodot.
1737 2559 1760 2596 l.
1788 2559 1811 2596 l.

1162 2631 1243 2656 cum
1264 2618 1471 2655 Sinensium
1495 2617 1636 2666 legibus
1665 2628 1815 2667 compa-

1163 2675 1257 2711 ravit
1293 2687 1410 2724 nuper
1435 2675 1488 2711 vir
1521 2674 1649 2711 doctus
1683 2673 1720 2710 in
1752 2672 1814 2709 the

1163 2731 1298 2768 classic.
1336 2732 1455 2780 journ.
1499 2730 1532 2768 ΙΙ
1575 2743 1661 2780 pag.
1691 2729 1815 2770 587-“

1164 2788 1335 2825 Creuzer.
1357 2787 1393 2824 in
1418 2791 1624 2825 commentt.
1646 2784 1812 2823 Herodd.

1162 2857 1199 2895 p.
1223 2845 1303 2885 198
1333 2856 1411 2893 seq.
