1909 3228
450 210 534 256 454

840 211 1306 251 HERODOTI

423 320 548 366 σὲλεά
577 337 620 365 τε
658 321 729 363 καὶ
760 319 939 374 τενάγεα
969 319 1147 363 ἐκδιδοῖ.
1204 320 1252 364 ἐν
1288 325 1402 364 τοῖσι
1440 319 1705 376 ἀνθρώπους

451 403 735 455 κατοικῆσθαι
790 399 965 453 λέγουσι
1021 399 1147 453 ἰχθῦς
1202 395 1350 454 ω’μούς
1405 400 1701 456 σιτεομένους.

450 479 601 535 ἐσθῆτι
647 478 692 521 δὲ
738 479 995 533 νομίζοντας
1049 480 1239 533 χρᾶσθαι
1287 476 1471 533 φωκέων
1515 480 1706 536 δέρμασι.

421 557 501 601 7τό
531 557 576 600 δὲ
613 557 663 599 ἓν
698 560 788 599 τῶν
823 555 1049 613 στομάτων
1078 560 1157 600 τοῦ
1190 553 1373 610 ’Λράξεω
1414 557 1501 611 ῥέει
1531 556 1604 601 δια
1635 562 1764 601 uon-85

423 639 603 689 Βθαροῦ
641 634 685 686 ἐς
719 635 798 692 τὴν
835 637 1038 693 Κασπίην
1074 634 1316 681 θάλασσαν.
1375 635 1402 692 ἡ
1446 638 1493 680 δὲ
1534 637 1709 693 Κασπίη

449 713 651 758 θάλασσα
663 748 674 767 ,

396 883 686 940 ποταμούςς
715 889 753 927 id
772 891 884 940 quod,
905 889 935 927 si
954 889 1047 928 Bre-

396 945 500 983 dowii
526 946 741 993 sententiam
772 959 882 997 supra
919 946 1048 984 lauda-

395 1006 468 1040 tam
493 1001 548 1052 (p.
558 1002 704 1052 XXXI)
722 1003 960 1054 amplectaris,
970 1014 1045 1039 non

395 1059 541 1096 omnino
568 1063 693 1096 contra
720 1072 845 1097 verum
865 1059 1048 1097 Herodoti

395 1127 538 1152 sensum
572 1116 703 1153 dictum
735 1115 912 1153 videatur.
972 1115 1047 1160 Qui

394 1171 489 1210 idem
503 1171 712 1210 Bredowius
731 1172 788 1223 (p.
807 1172 936 1221 XXX)
948 1172 1046 1222 opti-

394 1239 453 1266 me
489 1231 633 1276 monet,
671 1240 859 1266 numerum
891 1228 1048 1279 quadra-

396 1286 498 1334 ginta
518 1297 585 1334 pro
603 1284 830 1322 orientalium
858 1298 960 1323 more
989 1285 1048 1322 hic

395 1341 620 1378 indefinitum
656 1354 758 1389 esse,
805 1342 878 1391 quo
913 1353 1049 1391 magna

396 1397 542 1434 omnino
561 1397 668 1448 copia
690 1397 905 1436 declaretur.
936 1397 1047 1436 Conf.

396 1464 491 1503 quae
508 1453 581 1490 iam
601 1466 712 1504 supra
732 1454 780 1490 ad
804 1453 842 1501 1,
865 1455 944 1495 163
970 1466 1049 1490 mo·-

397 1509 538 1547 nuimus
587 1521 632 1547 ex
675 1510 804 1548 eodem
840 1509 1047 1547 Bredowio.

397 1564 632 1617 Quapropter
655 1565 692 1602 in
715 1578 760 1604 eo
777 1578 851 1602 non
877 1565 1048 1603 insisten-

397 1622 505 1669 dum',
541 1621 640 1671 quod
689 1621 824 1659 Strabo
865 1621 1048 1658 duodecim

396 1682 535 1715 tantum
552 1691 635 1716 esse
664 1678 752 1716 dicit
779 1678 893 1726 ostia,
922 1678 1048 1716 Ptole-

396 1747 522 1772 maeus
540 1736 631 1782 tria,
660 1735 833 1783 quodque
850 1733 906 1772 vel
924 1747 1048 1772 recen-

397 1791 507 1828 tiores
531 1790 734 1841 geographi
761 1790 799 1826 in
817 1790 870 1827 his
893 1791 1048 1828 maxime

398 1846 551 1883 variant.
609 1847 677 1884 Vix
697 1846 791 1884 enim
818 1845 866 1882 illi
887 1847 973 1884 satis
993 1850 1049 1883 at-

397 1901 593 1940 tenderunt
627 1903 834 1952 frequentes
858 1903 1051 1939 fluviorum

397 1960 694 1996 commutationes
723 1958 760 1995 in
791 1958 860 1995 illis
891 1959 1052 2008 regioni-

397 2014 486 2060 bus;
532 2015 631 2053 unde
675 2015 762 2052 satis
805 2019 930 2066 patet,
977 2027 1051 2052 non

399 2071 552 2108 eandem
613 2071 779 2108 omnibus
827 2071 1050 2122 temporibus

398 2127 509 2165 fuisse
544 2127 691 2164 istorum
738 2127 899 2165 locorum
938 2128 1052 2164 ratio-

399 2194 506 2230 nem,
534 2196 601 2221 uec
627 2196 771 2233 semper
795 2185 922 2222 eadem
940 2184 1052 2221 fuisse

398 2239 510 2286 ostia,
541 2240 604 2277 sed
630 2241 784 2277 maxime
809 2253 877 2290 pro
908 2244 1053 2290 tempo-

403 2295 502 2332 ribus
522 2296 672 2334 diversis
691 2296 836 2334 diversa
853 2296 912 2333 illa
931 2300 967 2333 et
983 2309 1052 2333 nu-

400 2363 499 2388 mero
525 2356 561 2389 et
585 2351 676 2390 loco.
735 2351 818 2390 Vid.
849 2365 944 2402 quae
973 2365 1052 2389 mo-

399 2408 477 2444 nuit
495 2407 644 2446 Dureau
662 2409 709 2446 de
722 2406 883 2447 Lamalle
903 2409 939 2445 in
951 2409 1052 2446 Geo-

399 2464 551 2513 graphie
576 2464 755 2515 physique
783 2465 820 2503 d.
846 2477 923 2503 mer
949 2465 1050 2502 noire

400 2523 466 2556 etc.
493 2532 578 2570 pag.
613 2523 692 2561 188
723 2525 798 2558 not.
834 2541 890 2549 —
922 2520 1051 2558 Monet

399 2580 590 2624 praeterea
597 2576 973 2625 Schweighaeuserus‚
983 2577 1051 2613 mi-

400 2630 495 2668 nime
516 2645 593 2670 eam
612 2645 692 2670 esse
703 2633 882 2670 Herodoti
905 2638 1052 2671 senten-

401 2685 488 2723 tiam
503 2715 514 2733 ‚
571 2689 674 2737 quasi
707 2701 772 2738 per
812 2689 1052 2739 quadraginta

403 2743 494 2778 ostia
528 2745 566 2779 in
592 2755 685 2781 mare
721 2744 884 2794 Caspium
920 2747 1051 2796 influat

401 2795 462 2831 ille
497 2801 627 2845 amnis,
672 2813 781 2849 quum
825 2802 961 2840 diserte
993 2802 1052 2840 ille

403 2851 555 2899 doceat,
584 2859 732 2892 caeteros
749 2856 865 2894 alveos
886 2860 922 2895 in
938 2858 1048 2908 palu-

737 714 826 760 ἕστι
864 713 935 759 ἐπ’
981 716 1165 772 ἑωυτῆς,
1223 712 1278 760 οὐ
1318 716 1622 773 συμμίσγουσα
1653 718 1707 770 τῇ

1115 888 1175 926 des
1220 892 1253 926 et
1287 888 1434 927 lacunas
1469 891 1584 938 exire,
1628 890 1771 927 nonnisi

1113 958 1220 983 unum
1238 947 1277 983 in
1301 959 1394 983 mare
1419 946 1577 996 ili-liuere
1616 945 1674 984 Ex
1694 959 1768 996 quo

1115 1003 1204 1040 satis
1222 1014 1400 1052 apparere
1417 1002 1511 1050 vult,
1534 998 1770 1055 ἔρεύγεσθαι

1114 1071 1189 1096 non
1215 1058 1256 1095 de
1285 1060 1385 1095 ostiis
1413 1060 1451 1095 in
1478 1071 1574 1096 mare
1592 1071 1627 1096 se
1647 1071 1772 1095 exone-

1112 1115 1275 1152 rante'bus
1305 1115 1440 1152 debere
1466 1115 1599 1166 accipi,
1640 1115 1707 1152 sed
1727 1113 1772 1152 de

1112 1173 1203 1209 rivis
1219 1183 1237 1208 e
1259 1170 1502 1221 quadraginta
1524 1172 1671 1221 orificiis
1689 1183 1771 1208 eca-

1114 1228 1322 1265 turientz'bus
1337 1231 1369 1265 et
1382 1239 1514 1275 magna
1534 1230 1574 1265 vi
1594 1239 1774 1277 erumpen-

1115 1285 1235 1332 tibus,
1265 1291 1305 1321 ut
1325 1284 1425 1335 apud
1441 1283 1589 1322 Pindar.
1611 1284 1717 1332 Pyth.
1741 1282 1772 1331 1,

1116 1339 1182 1382 40.
1216 1360 1274 1369 --·
1302 1335 1470 1391 τενάγεα
1500 1345 1585 1378 sunt
1607 1339 1772 1392 paludes,

1115 1396 1283 1444 lacunae,
1312 1400 1354 1433 ut
1379 1396 1484 1443 Vlll,
1509 1398 1602 1438 129.

1171 1451 1216 1492 ἐν
1236 1455 1339 1491 τοῖσι
1366 1447 1617 1503 ἅνθρῶπους
1642 1466 1772 1491 κατοι-

1114 1510 1179 1559 κῆ
1190 1506 1312 1559 σθαι]
1362 1508 1425 1545 Sic
1463 1507 1628 1546 meliores
1678 1507 1772 1545 libri.

1115 1564 1236 1614 Vulgo
1271 1567 1466 1603 κατοικεῖ
1481 1568 1590 1604 σθαι.
1628 1584 1685 1593 -
1713 1563 1774 1601 Ad

1115 1621 1351 1672 νομίζοντας
1369 1621 1406 1657 in
1429 1633 1533 1670 seqq.
1550 1622 1595 1659 cf.
1622 1620 1651 1668 l,
1677 1622 1769 1662 130.

1173 1676 1255 1729 ῥέει
1279 1673 1347 1716 διοὶ
1370 1678 1580 1729 καθαροῦ]
1622 1676 1774 1715 Wesse-

1114 1733 1203 1783 ling.
1233 1733 1394 1784 suppleri
1429 1733 1530 1771 iubet
1554 1728 1703 1781 τόπου,
1733 1737 1774 1770 ut

1115 1790 1215 1827 fluvii
1241 1790 1310 1826 hoc
1341 1788 1472 1826 ostium
1502 1801 1611 1826 unum
1643 1788 1776 1827 intelli-

1117 1850 1226 1895 gatur
1255 1857 1319 1895 per
1356 1847 1497 1883 minime
1538 1845 1717 1883 turbidum
1740 1848 1775 1882 et

1119 1902 1277 1939 limosum
1296 1901 1391 1950 labi,
1415 1915 1497 1939 cum
1518 1902 1658 1953 reliqua
1680 1901 1777 1939 ostia

1118 1959 1156 1996 in
1201 1958 1355 2009 paludes
1400 1962 1604 2008 stagnaque
1656 1958 1776 1995 lutosa

1119 2014 1382 2054 evolverentur.
1439 2016 1503 2052 Sic
1521 2015 1614 2053 infra
1631 2014 1694 2063 lv,
1719 2015 1774 2057 53

1119 2072 1167 2109 de
1185 2071 1432 2120 Borysthene:
1459 2069 1540 2122 ῤ’ἑει
1556 2085 1597 2110 τε
1617 2085 1642 2110 κ
1654 2075 1774 2109 αθα-

1119 2123 1204 2179 ρὸς
1234 2123 1344 2177 παροὶ
1371 2129 1590 2177 θαλεροῖσι.
1647 2127 1774 2171 Quare

1118 2195 1192 2221 non
1208 2183 1347 2234 placet,
1367 2183 1466 2231 quod
1483 2183 1686 2232 Schweigh.
1706 2179 1771 2222 διά

1118 2241 1306 2291 καθαροῦ
1350 2240 1574 2276 commodius
1622 2239 1772 2288 intelligi

1117 2300 1244 2347 putat:
1271 2308 1332 2346 per
1345 2294 1445 2342 loca,
1476 2296 1537 2332 ubi
1556 2295 1691 2332 nullum
1715 2296 1773 2332 ob-

1119 2355 1193 2389 stat
1234 2351 1535 2401 impedimentum;
1585 2351 1665 2390 coll.
1693 2351 1774 2400 Vll,

1120 2409 1201 2450 183
1238 2413 1275 2445 et
1305 2407 1490 2460 Aristopb.
1515 2407 1656 2446 Eccles.
1677 2410 1773 2450 320.

1174 2461 1204 2515 ἦ
1224 2462 1268 2503 δὲ
1289 2464 1451 2515 Κασπίη
1473 2460 1673 2512 θάλασσα,
1694 2464 1775 2504 ἔστι

1118 2515 1184 2559 ἐπ’
1207 2518 1357 2571 ἑωυτῆς
1375 2535 1410 2559 κ.
1432 2535 1465 2559 τ.
1487 2519 1538 2571 λ,]
1569 2521 1668 2558 Satis
1688 2521 1776 2559 haee

1118 2577 1309 2624 evincunt,
1329 2577 1458 2615 eximia
1477 2577 1654 2615 Nostrum
1672 2577 1774 2614 huius

1118 2633 1226 2671 maris
1249 2634 1398 2671 scientia
1416 2646 1504 2684 prae
1515 2634 1642 2671 ceteris
1662 2634 1774 2672 fuisse

1120 2690 1346 2727 instructum.
1404 2689 1502 2727 Nam
1519 2689 1646 2739 reliqui
1664 2689 1774 2738 vulgo

1119 2746 1302 2783 tradidere
1313 2774 1323 2792 ,
1336 2758 1380 2783 ex
1397 2758 1533 2784 oceano
1554 2746 1773 2796 septentrio-

1120 2801 1193 2838 nali
1204 2802 1378 2851 Caspium
1399 2814 1499 2840 mare
1517 2802 1680 2847 influere,
1700 2800 1771 2849 qua

1119 2857 1168 2895 de
1186 2858 1357 2909 opinione
1377 2858 1483 2909 plura
1499 2857 1707 2895 Casaubon.
1720 2855 1770 2893 ad
