1909 3228
473 247 558 289 500

475 354 564 399 ἔστι
593 352 617 398 ὁ
646 352 824 404 κόλπος,
859 350 995 407 ἥμισυ
1030 349 1190 407 ἡμέρης
1218 348 1371 393 πλόου.

866 241 1332 282 ΗΕΒΟΒΟΤῘ

1431 350 1555 407 ῥηχίη
1595 350 1638 395 δ’
1675 350 1726 393 ἓν

448 433 602 492 3αὐτς5
628 433 702 476 καὶ
729 431 921 487 ἄμπωτις
951 427 1038 473 ἀνὰ
1065 433 1211 473 πᾶσαν
1237 427 1401 483 ἡμέρην
1430 431 1605 483 γίνεται.
1636 429 1724 472 ἕτε-

477 527 558 567 ρον
587 513 789 553 τοιοῦτον
816 507 982 552 κόλπον
1019 508 1094 552 καὶ
1129 507 1207 564 τὴν
1237 508 1459 561 Αἴγυπτον
1490 507 1624 551 δοκέω
1653 523 1725 563 γε-

475 590 630 633 νέσθαι
668 604 750 632 κου
762 603 771 613 ·

475 666 640 711 κόλπον
669 665 867 721 ἐσέχοντα
895 665 963 709 ἐπὶ
992 667 1249 721 Αἰθιοπίης·

828 585 907 631 τὸν
945 587 1044 642 μὲν,
1087 586 1135 630 έκ
1170 590 1246 643 τῆς
1283 587 1465 641 βορηίης
1505 584 1726 642 θαλάσσης

1308 663 1386 708 τὸν
1415 663 1462 707 δὲ
1499 661 1782 720 Ἀράβιον,70

412 758 416 764 ‘
475 745 552 789 τὸν
581 745 757 800 ἔρχομαι
785 744 938 798 λέξων,
968 744 1014 787 ἐκ
1045 748 1120 800 τῆς
1147 745 1291 799 νοτίης
1321 743 1512 799 φέροντα
1541 742 1610 786 ἐπὶ
1631 746 1726 786 Συ-

479 825 595 880 ρίης·
639 823 792 879 σχεδὸν
828 824 906 879 μὲν
944 823 1170 879 ἀλλήλοισι
1208 824 1591 876 συντετραίνοντας
1624 818 1727 872 τούς

477 901 665 959 μυχούς,
706 900 852 958 ὀλίγον
884 901 999 946 δέτι
1038 900 1420 957 παραλλάσσοντας
1449 904 1524 957 τῆς
1565 897 1724 955 χώρης.

421 1088 550 1139 possis.
581 1087 703 1130 Quare
721 1085 946 1124 Herodotum
962 1087 1008 1124 de
1027 1098 1071 1124 ea

421 1145 525 1181 huius
544 1143 640 1180 sinus
669 1147 774 1194 parte
799 1143 899 1192 loqui
924 1142 1071 1188 mavult,

424 1202 484 1249 qui
533 1199 642 1248 vulgo
690 1201 786 1235 sinus
831 1198 1070 1248 Heroopolites

423 1255 634 1307 appelletur.
681 1254 842 1292 Maxima
877 1255 973 1293 enim
1003 1254 1070 1291 hu-

426 1313 481 1349 ius
498 1312 595 1348 sinus
613 1311 766 1349 latitudo
785 1311 970 1348 dimidium
995 1312 1073 1348 fere

424 1369 560 1417 gradus
588 1368 794 1416 aequatoris
822 1367 979 1417 complet
1006 1379 1074 1404 nec

425 1424 622 1461 stadiorum
654 1427 894 1461 trecentorum
930 1435 1075 1461 mensu-

424 1493 501 1517 ram
522 1478 590 1515 ullo
615 1479 724 1515 modo
749 1479 898 1516 excedit.

481 1535 595 1585 ῥηχίη
613 1529 650 1573 δ’
667 1533 708 1573 ἒν
728 1530 1071 1587 αύτῷ-γίνεται]

424 1588 607 1639 Aquarum
626 1591 661 1626 in
681 1591 759 1627 sinu
775 1589 928 1627 Arabico
956 1592 1072 1626 fluxus

425 1659 467 1682 ac
494 1647 647 1683 refluxus
684 1647 769 1683 satis
800 1651 918 1683 notus.
965 1646 1072 1682 Conf.

424 1701 577 1739 Diodor.
597 1702 703 1738 Sicul.
726 1702 798 1748 ΙΙΙ,
819 1704 873 1742 40
896 1706 931 1739 et
953 1702 1071 1738 Exod.

425 1757 523 1804 XIV,
537 1761 600 1799 21.
614 1758 764 1806 22ibiq.
783 1758 1073 1807 iuterprett.Ro-

425 1813 626 1850 senmi'dler.
648 1813 739 1850 Bibl.
759 1812 995 1861 Archaeolog.
1023 1813 1074 1849 ΙΙΙ

424 1881 510 1920 pag
532 1868 611 1910 265
634 1881 735 1917 seqq.

482 1924 524 1964 ἐκ
555 1926 626 1994 τῆς
664 1925 831 1975 βορηίης
865 1919 1074 1974 θαλασσης

425 1976 570 2020 κόλπον
603 1979 784 2031 ἐσέχοντα
825 1979 890 2019 ἐπὶ
929 1980 1072 2019 Αἰθιο-

425 2037 542 2086 πίης]
574 2052 599 2086 η
630 2038 774 2088 βορηΐη
800 2033 985 2075 θάλασσα
1018 2040 1074 2074 est

425 2093 725 2130 mediterraneum
746 2094 846 2142 quod
858 2092 964 2142 vulgo
984 2093 1073 2130 dici-

425 2162 505 2186 mus
521 2162 639 2196 mare,
670 2149 724 2186 cui
742 2149 937 2199 opponitur
959 2146 988 2198 ἦ
1008 2163 1072 2187 νο-

426 2205 489 2252 τίη
509 2201 712 2252 θάλασσα,
750 2217 844 2254 quae
865 2205 992 2243 eadem
1019 2209 1074 2242 est

426 2260 454 2311 ἡ
477 2257 653 2312 Ἐρυθρῆ
679 2262 752 2298 sive
778 2261 944 2298 Oceanus
976 2260 1074 2297 Indi-

427 2331 501 2363 cus,
531 2318 628 2354 cuius
646 2330 730 2367 pars
751 2320 808 2354 est
828 2318 926 2353 sinus
943 2315 1072 2353 Arabi-

427 2387 499 2410 cus.
517 2393 573 2401 —
600 2373 658 2410 De
680 2371 863 2422 ἐσέχοντα
888 2373 981 2409 conf.
1004 2373 1073 2408 ini-

427 2430 515 2466 tium
549 2429 687 2479 capitis.
742 2428 913 2466 Proxima
942 2429 1071 2465 verba:

423 2480 634 2536 Ἀράβιον,
664 2480 734 2523 τόν
762 2483 920 2535 ἔρχομαι
938 2481 1073 2531 λέξων,

428 2554 521 2590 quae
547 2541 583 2577 in
607 2541 771 2577 omnibus
801 2541 898 2577 libris
928 2552 1073 2590 compa-

428 2601 519 2643 rent,
538 2597 637 2634 uncis
649 2596 786 2634 inclusit
794 2596 1071 2644 Schweighaeu-

430 2665 550 2698 serus,
581 2653 684 2701 quasi
709 2652 824 2690 aliena
840 2653 885 2689 ab
905 2651 973 2688 hoc
993 2651 1071 2688 loco

430 2711 465 2743 et
484 2720 526 2744 ex
547 2708 682 2745 scholio
703 2709 786 2745 olim
810 2708 880 2746 huc
906 2708 1073 2757 imperite

430 2763 577 2799 invecta.
607 2764 759 2801 Secutus
783 2777 863 2801 eum
889 2768 945 2802 est
963 2763 1072 2801 Gais-

429 2818 576 2854 sordius.
604 2818 693 2856 Mihi
710 2824 828 2858 tamen
841 2822 933 2856 iusta
947 2832 988 2857 ac
998 2820 1072 2857 suf-

430 2872 552 2910 ficiens
570 2886 676 2911 causa
692 2875 787 2912 haud
803 2876 983 2926 apparuit,
1011 2888 1073 2913 cur

1135 1098 1243 1123 voces
1272 1086 1359 1122 istas
1397 1085 1622 1129 damnarem3
1662 1083 1786 1132 itaque

1136 1143 1234 1179 uncis
1253 1141 1412 1179 liberavi.

1195 1195 1334 1248 σχεδὸν
1364 1194 1434 1247 μὲν
1463 1191 1668 1246 ἆλλήλοισι
1695 1206 1788 1234 συν-

1137 1254 1412 1306 τετραίνοντας
1429 1268 1522 1299 τους
1536 1267 1694 1304 μυχους,
1708 1247 1788 1291 ὄλί-

1139 1326 1210 1375 γον
1231 1309 1272 1349 δέ
1289 1325 1325 1348 τι
1345 1306 1691 1360 παραλλάσσοντας
1717 1310 1789 1357 τῆς

1139 1363 1267 1418 χώρης
1249 1366 1292 1417 ς]
1315 1363 1406 1412 τούς
1431 1381 1580 1416 μυχους
1603 1369 1660 1402 est
1685 1377 1790 1401 accu-

1142 1425 1275 1460 sativus
1311 1423 1458 1469 obiecti,
1505 1422 1565 1470 qui
1594 1421 1731 1470 pendet
1767 1431 1789 1456 a

1140 1479 1251 1516 verbo
1287 1477 1651 1527 συντετραίνοντας,
1689 1476 1790 1524 quod

1141 1535 1258 1584 ipsum
1281 1533 1377 1570 haud
1398 1533 1500 1570 aliter
1519 1537 1625 1582 atque
1645 1533 1790 1581 παραλ-

1140 1586 1355 1635 λάσσοντας
1374 1590 1498 1627 refern
1509 1589 1617 1626 debet
1634 1588 1680 1625 ad
1699 1582 1789 1626 κόλ-

1139 1662 1260 1692 πους,
1292 1642 1380 1693 (τόν
1402 1641 1616 1695 μὲν-τόν
1637 1642 1697 1692 δὲ)
1718 1643 1791 1682 Ae-

1141 1703 1362 1752 gyptiacmr,
1376 1715 1483 1749 quem
1499 1701 1635 1747 statuit,
1645 1705 1682 1737 et
1698 1699 1789 1737 Ara-

1141 1760 1269 1795 bicum.
1314 1757 1473 1794 Verbum
1501 1755 1789 1806 συντετραίνειν

1142 1813 1343 1861 Schweigh.
1365 1813 1402 1848 in
1422 1813 1541 1850 Lexic.
1563 1811 1738 1849 Herodot.
1758 1825 1788 1848 s.

1140 1881 1173 1905 v.
1195 1869 1331 1905 reddit:
1358 1867 1569 1919 perforando
1596 1870 1737 1916 iungere
1757 1872 1790 1904 et

1140 1927 1300 1971 miscere,
1331 1925 1382 1961 ita
1408 1929 1448 1961 ut
1477 1923 1546 1961 duo
1565 1926 1673 1961 maris
1692 1925 1790 1961 sinus

1140 1994 1184 2018 ex
1202 1982 1356 2018 adverso
1378 1980 1444 2017 sibi
1463 1985 1687 2018 occurrentes
1706 1992 1791 2029 pro-

1134 2036 1314 2087 pemodum
1332 2037 1402 2073 sibi
1425 2039 1571 2074 invicem
1589 2036 1790 2087 perforasse

1139 2095 1278 2129 intimos
1295 2106 1372 2129 suos
1392 2106 1541 2130 recessus
1570 2097 1675 2143 atque
1703 2092 1790 2130 adeo

1139 2151 1293 2185 iunxisse
1338 2152 1371 2184 et
1410 2150 1587 2185 miscuisse
1612 2149 1788 2185 dicantur.

1140 2204 1270 2242 Melius
1286 2205 1392 2241 credo
1404 2204 1605 2241 Blomfield.
1623 2205 1660 2240 in
1678 2204 1790 2241 Glos-

1141 2273 1210 2297 sar.
1227 2261 1274 2296 ad
1292 2260 1454 2309 Aeschyl.
1469 2260 1674 2310 Choephor.
1693 2260 1787 2301 449.

1141 2317 1430 2367 συντετραίνειν
1449 2317 1573 2353 vertit:
1603 2316 1708 2353 simul
1735 2321 1788 2353 te-

1139 2372 1294 2418 rebrare,
1323 2371 1463 2421 locique
1487 2385 1631 2409 sensum
1659 2372 1709 2409 ita
1726 2384 1789 2410 ex-

1139 2428 1279 2478 posuit:
1311 2428 1383 2475 „ad
1402 2430 1540 2464 intimos
1559 2440 1710 2466 recessus
1723 2440 1790 2478 pe-

1138 2488 1277 2521 netrant
1294 2484 1380 2521 idem
1394 2483 1474 2533 fere
1502 2488 1612 2521 terrae
1635 2487 1789 2534 spatium

1140 2540 1360 2587 dissecantes,
1378 2544 1418 2576 ut
1436 2541 1577 2577 initium
1596 2540 1698 2577 huius
1710 2553 1789 2577 cum

1130 2597 1206 2646 fine
1223 2597 1322 2633 illius
1339 2597 1527 2644 concordet,
1556 2597 1646 2646 quod
1660 2595 1708 2633 ad
1717 2609 1788 2646 pa-

1138 2653 1361 2690 rallelz'smum
1378 2656 1523 2696 attinet;
1544 2665 1659 2702 parvo
1673 2656 1788 2689 autem

1139 2711 1253 2758 spatio
1268 2711 1467 2758 interposito
1485 2711 1574 2746 inter
1589 2722 1624 2745 se
1642 2708 1785 2745 distant.

1137 2764 1357 2802 Mendosum
1375 2769 1449 2812 est,
1478 2765 1577 2814 quod
1600 2764 1680 2802 libri
1707 2764 1786 2814 qui-

1138 2821 1223 2858 dam
1260 2821 1419 2858 afferunt
1451 2820 1787 2873 συμπεραίνοντας

1136 2890 1204 2928 pro
1223 2876 1579 2929 συντετραίνοντας.
