1909 3228
324 501 357 546 8

85 564 248 599 Utrumque
281 565 360 591 tatus

84 598 152 625 iude
186 600 223 626 ab
258 598 361 625 Helio-

414 228 497 268 492
807 225 1272 264 HERODOTI

416 334 526 380 εἶναι
554 335 847 379 πεντακοσίων
876 332 948 375 καὶ
974 334 1141 387 χιλίων·
1184 332 1211 389 ἡ
1242 334 1287 378 δὲ
1314 334 1356 386 ἐς
1385 334 1664 380 ἹΙλιούπολιν

415 413 498 458 ἀπὸ
538 413 784 469 θαλάσσης,
843 414 1005 467 πληροῖ
1042 410 1084 461 ἐς
1131 411 1208 454 τὸν
1256 411 1449 468 ἀριθμὸν
1497 420 1665 459 τοῦτον.

85 632 143 666 poli
174 635 271 659 monte
297 632 357 657 cin-

83 670 208 724 xquqrssffeo
231 665 358 726 {staffili}
413 667 504 701 ται,
537 649 674 704 φέρον
704 647 778 691 ἀπ’
809 647 971 702 ἄρκτου
999 647 1107 703 πρὸς
1136 651 1400 705 μεσαμβρίης
1427 666 1469 693 τε
1498 651 1570 693 καὶ
1590 648 1667 693 νό-

126 714 132 722 ’
212 719 219 733 Ί

83 731 207 766 Πομ-,0.

410 490 516 536 Ἀπὸ
547 493 591 535 δὲ
615 489 918 541 ἹΙλιουπόλιος
957 488 1047 533 ἄνω
1089 489 1220 540 ἰόντι,
1279 491 1420 548 στεινή
1460 493 1548 536 ἐστι
1586 496 1664 537 Α’ί-

416 587 588 627 γυπτος.
638 574 690 626 τῇ
721 571 799 624 μὲν
826 569 931 624 γὰρ,
969 573 1045 625 τῆς
1073 568 1269 625 Ἀραβίης
1297 569 1400 625 ὅρος
1431 572 1666 627 παρατέτα-

414 745 516 777 του,
567 728 646 770 αἰεὶ
676 726 766 771 ἄνω
795 732 937 771 τεῖνον
972 728 1014 778 ἐς
1043 727 1120 783 τὴν
1154 725 1373 784 Ἐρυθρὴν
1405 728 1668 784 καλεομένην
1682 733 1723 769 15

411 805 656 850 θάλασσαν·
708 807 754 851 ἐν
782 810 842 864 τῷ
881 808 926 850 αἱ
962 808 1207 862 λιθοτομίαι
1237 808 1391 858 ἔνεισι,
1449 810 1495 852 αἱ
1523 808 1565 860 ἐς
1592 807 1669 859 τὰς

559 1016 590 1054 c
604 1029 672 1067 ap.
701 1014 799 1053 vni.

412 1103 463 1156 τῇ
492 1097 563 1152 μὲν
590 1097 684 1152 γὰρ,
733 1101 804 1149 τῆς
830 1094 1014 1151 Ἀραβίης

358 1155 453 1208 ὅρος
472 1155 753 1206 παρατέταται]
776 1157 1014 1207 Respondent

357 1213 453 1252 hisce
471 1214 597 1251 verba:
628 1209 726 1251 τόδὲ
740 1209 839 1264 πρὸς
856 1209 1014 1263 Λιβύης

356 1273 428 1321 τῆς
454 1266 679 1322 Αἰγύπτου,
710 1266 800 1320 ὄρος
829 1266 921 1308 ἄλλο
947 1268 1013 1307 πέ-

356 1342 491 1377 τρινον
521 1326 658 1372 τείνει,
704 1325 754 1362 ita
785 1329 824 1361 ut
860 1326 1013 1375 primum

355 1388 497 1420 montes
519 1383 691 1419 orientem
711 1394 832 1419 versus
859 1383 943 1419 inde
968 1383 1013 1418 ab

354 1438 489 1475 Arabia
510 1438 715 1487 Aegyptum
739 1437 924 1485 cingentes
951 1439 1014 1475 de-

353 1495 573 1540 scribantur,
601 1494 683 1530 dein
703 1493 841 1541 Libyae
861 1498 1014 1540 montes,

355 1551 416 1599 qui
430 1550 632 1599 Aegyptum
652 1549 872 1585 occidentem
891 1562 1013 1586 versus

354 1619 377 1643 a
396 1606 533 1655 reliqua
554 1605 671 1653 Libya
689 1611 891 1642 secernunt.

413 1674 493 1715 αἰεὶ
515 1672 598 1714 ἄνω
616 1679 746 1715 τεῖνον
766 1675 804 1722 ἐς
825 1673 897 1725 τήν
907 1672 1013 1727 Ἐρυ-

355 1729 466 1783 θρὴν
484 1747 518 1769 κ.
535 1746 566 1770 τ.
585 1734 632 1778 λ.]
652 1733 672 1768 i.
685 1746 715 1769 e.
735 1745 861 1781 semper
879 1744 1015 1768 sursum

356 1790 413 1836 (in
433 1788 557 1836 altius)
589 1788 726 1824 tendens
752 1801 858 1836 usque
880 1788 927 1823 ml
954 1801 1015 1823 ru-

354 1845 454 1882 ὒτιιηι
476 1843 565 1892 qnod
583 1844 714 1880 dicitur
731 1856 844 1890 mare,
874 1844 895 1879 i.
910 1857 940 1880 e.
956 1856 1016 1880 us-

355 1913 419 1952 que
439 1899 487 1936 ad
507 1902 619 1936 sinum
638 1900 847 1946 Arabicum,
869 1899 928 1948 qui
950 1900 1016 1936 hac

353 1955 596 2007 appellatione
617 1969 689 1992 non
706 1956 821 1992 minus
847 1956 1016 2004 designa-

355 2017 414 2049 tur
441 2025 549 2061 qnam
578 2013 695 2062 ipsum
725 2012 885 2048 Indicum
916 2024 1015 2049 mare

357 2069 407 2117 (Ι,
429 2070 493 2116 1),
522 2069 620 2106 cuius
642 2068 702 2106 ille
723 2072 779 2105 est
801 2081 897 2118 pars.
931 2068 1013 2104 Vid.

354 2125 518 2173 Breiger.
550 2125 596 2162 de
635 2124 849 2174 quibusdam
879 2123 1013 2161 difficil.

358 2182 496 2229 Geogr.
531 2180 671 2218 Herod.
710 2193 794 2231 pag.
838 2183 902 2221 11.
949 2179 1012 2220 14.

356 2236 481 2286 Heyse
500 2237 649 2280 Quaest.
671 2237 835 2274 Herodd.
861 2251 898 2287 p.
923 2237 1012 2276 103.

413 2306 456 2347 ἒν
485 2309 541 2361 τῷ
567 2308 610 2346 αἱ
636 2308 863 2359 λιθοτομίαι
897 2305 1013 2345 ἔνεισι

356 2378 430 2403 κ.τ.
445 2362 498 2414 λ.]
523 2364 572 2402 αἱ
587 2378 652 2415 pro
671 2379 726 2403 κα
740 2363 754 2402 ὶ
774 2377 853 2402 cum
866 2367 1014 2401 rccentt.

359 2421 564 2470 scripsimus
591 2422 760 2458 librorum
790 2419 1013 2457 auctoritate.

357 2476 417 2514 De
434 2477 637 2527 lapicidinis
655 2478 749 2514 cons.
769 2477 814 2523 ΙΙ,
831 2474 908 2516 124
928 2475 1014 2523 ibiq.

359 2537 449 2569 nott.
479 2538 514 2570 et
536 2533 591 2580 II,
621 2533 712 2575 158.
763 2533 827 2569 Est
850 2531 1015 2567 nimirum

359 2590 532 2626 montium
552 2593 685 2626 tractus
713 2601 756 2626 ex
780 2589 931 2625 adverso
956 2599 1016 2622 ur-

359 2644 414 2680 bis
436 2645 653 2695 Memphidis
682 2645 718 2681 iu
743 2643 906 2682 orientali
937 2643 1014 2692 ripa

358 2698 432 2737 Nili
450 2714 645 2750 exsurgens
657 2705 733 2738 tum
750 2701 923 2738 orientem
936 2711 1015 2736 ver-

357 2768 418 2791 sus
446 2769 559 2804 usque
590 2758 636 2794 ad
667 2758 781 2794 sinum
811 2755 1015 2803 Arabicum,

358 2815 433 2847 tum
465 2812 648 2849 meridiem
670 2827 793 2851 versus
812 2812 888 2850 Nili
917 2813 1013 2862 ripas

359 2867 482 2915 legens
501 2867 548 2903 ad
568 2869 787 2919 superiorem
807 2881 922 2920 usque
942 2868 1014 2907 Ac-

1068 1019 1233 1066 gyptum,
1258 1015 1318 1052 ubi
1338 1016 1590 1066 suntinprimis
1609 1027 1726 1065 prope

1069 1074 1215 1120 Syenen
1235 1076 1388 1119 montes,
1416 1073 1511 1110 unde
1529 1072 1666 1121 lapides
1678 1071 1727 1107 ad

1069 1129 1223 1165 maxima
1253 1126 1515 1178 Aegyptiorum
1550 1127 1727 1174 aedificia,

1068 1185 1215 1235 templa,
1246 1184 1433 1232 obeliscos,
1456 1184 1527 1221 alia
1545 1183 1582 1220 id
1597 1196 1725 1232 genuS,

1071 1254 1151 1279 esse
1167 1254 1291 1278 caesos
1319 1241 1475 1289 vestigia
1495 1240 1640 1276 indubia
1660 1239 1726 1275 ho-

1071 1298 1202 1346 dieque
1222 1302 1515 1334 commonstrant.
1541 1296 1638 1340 Quin
1649 1295 1728 1332 Ro-

1069 1366 1256 1390 manorum
1281 1358 1399 1391 aetate
1427 1353 1542 1390 adhuc
1567 1351 1728 1402 lapicidi-

1070 1423 1138 1446 nae
1168 1409 1248 1446 iliae
1276 1410 1457 1447 adhibitae
1485 1414 1589 1454 sunt,
1627 1407 1726 1456 quod

1070 1466 1202 1502 docent
1229 1466 1479 1514 inscriptiones
1509 1478 1530 1501 a
1553 1464 1725 1500 Letronn.

1070 1534 1186 1570 nuper
1205 1521 1403 1570 publicatae
1420 1526 1455 1558 et
1476 1520 1672 1556 illustratae
1691 1519 1727 1555 in

1071 1577 1294 1613 Recherches
1328 1582 1393 1613 etc.
1418 1590 1503 1626 pag.
1526 1578 1618 1615 360·
1644 1577 1725 1616 866

1071 1646 1146 1681 seq.
1179 1632 1242 1669 Cr.
1274 1634 1320 1669 de
1350 1633 1402 1669 his
1423 1632 1620 1682 lapicidinis
1641 1644 1727 1668 con-

1071 1689 1136 1725 suli
1155 1689 1229 1725 vult
1248 1690 1361 1725 Feam
1379 1690 1425 1725 ad
1439 1687 1726 1725 Winckelmann.

1071 1745 1209 1781 Histor.
1235 1744 1349 1780 Art.l
1377 1745 1503 1794 (Opp.
1533 1749 1620 1779 tom.
1650 1743 1727 1791 lli)

1071 1812 1157 1849 pag.
1171 1800 1251 1840 365
1269 1813 1345 1848 seq.
1358 1801 1414 1837 ed.
1428 1800 1560 1837 Dresd.
1574 1804 1609 1835 et
1620 1811 1728 1848 prae-

1071 1855 1175 1905 cipue
1212 1855 1336 1892 Gallos
1361 1856 1506 1902 doctos,
1558 1855 1729 1902 lmuard„

1070 1911 1238 1958 Roziere‚
1268 1912 1487 1959 Desvilliers‚
1500 1913 1535 1948 in
1546 1910 1727 1961 Descript.

1072 1968 1118 2005 de
1146 1968 1166 2004 l’
1179 1969 1314 2018 Egypt.
1342 1968 1491 2017 Antiqq.
1530 1968 1546 2005 I
1575 1967 1677 2017 chap.
1701 1967 1728 2008 4

1070 2037 1107 2074 p.
1128 2026 1178 2065 13
1199 2038 1300 2073 seqq.
1329 2030 1364 2062 et
1394 2025 1496 2074 chap.
1516 2027 1542 2065 2
1566 2036 1651 2073 pag.
1675 2026 1726 2064 10

1070 2093 1172 2129 seqq.
1213 2080 1274 2117 Tu
1300 2081 1385 2117 add.
1413 2080 1573 2130 inprimis
1593 2080 1725 2116 Ritter.

1067 2136 1259 2173 Erdkund.
1285 2137 1299 2172 l
1319 2150 1354 2186 p.
1376 2139 1457 2177 696
1478 2148 1580 2184 seqq.
1632 2134 1667 2171 T
1670 2147 1726 2172 er-

1068 2205 1132 2229 nas
1160 2193 1262 2229 huius
1289 2194 1418 2229 montis
1448 2197 1568 2241 partes
1593 2190 1650 2228 ille
1670 2190 1725 2227 di-

1068 2249 1202 2296 stingui
1231 2248 1324 2294 vult,
1358 2248 1512 2298 priorem
1539 2247 1726 2284 meridiem

1066 2318 1189 2341 versus
1228 2305 1384 2341 omnium
1421 2305 1573 2341 maxime
1606 2304 1723 2349 sitam,

1070 2374 1092 2398 a
1109 2361 1211 2398 Phile
1229 2361 1343 2396 insula
1364 2373 1477 2408 usque
1495 2361 1543 2397 ad
1566 2359 1724 2407 Syenen,

1068 2417 1165 2454 unde
1192 2418 1316 2467 optimi
1347 2416 1479 2465 quique
1515 2416 1728 2465 proveniant

1070 2474 1208 2523 lapides
1235 2473 1432 2522 (Syenitas
1463 2473 1570 2520 vulgo
1600 2472 1727 2522 appel-

1069 2530 1368 2577 lant—Granio
1389 2530 1435 2565 ad
1454 2528 1649 2574 columnas,
1666 2541 1727 2564 co-

1070 2587 1208 2632 lossos,
1238 2585 1424 2631 obeliscos,
1453 2590 1601 2630 statuas,
1627 2585 1726 2633 ipsa-

1071 2656 1142 2691 que
1185 2643 1318 2691 templa
1356 2642 1497 2689 integra
1537 2640 1724 2690 aptissimi.

1069 2698 1143 2735 Eas
1163 2712 1248 2736 vero
1266 2697 1476 2748 lapicidinas
1491 2696 1558 2734 hoc
1578 2696 1656 2733 loco
1672 2697 1727 2732 in-

1069 2754 1282 2803 telligendas
1294 2768 1375 2792 esse
1386 2767 1399 2790 x
1409 2755 1442 2790 ix
1454 2753 1610 2789 dubium.
1628 2752 1725 2789 Nam

1068 2811 1217 2848 alteram
1231 2811 1333 2848 istius
1346 2810 1475 2847 montis
1488 2813 1641 2859 partem,
1653 2821 1726 2845 non

1069 2867 1138 2906 nisi
1164 2867 1332 2906 calcarios
1362 2866 1545 2905 continere
1573 2863 1724 2915 lapides,
