1877 3223
622 218 922 258 CL10.1.
1357 222 1414 261 65

133 328 219 370 ἔστι
242 325 288 370 δὲ
306 327 463 382 μεταξὺ
491 330 565 385 τῆς
591 342 636 370 τε
652 331 835 384 παλαιῆς
851 326 1024 378 πόλιος,
1052 326 1080 383 ἣ
1099 326 1193 371 τότε
1222 328 1413 385 ἐπολιορ-

107 406 273 457 4κέετο,
311 407 385 449 καὶ
423 411 504 450 τοῦ
542 410 675 463 νηοῦ,
722 405 827 449 ἑπτὰ
867 404 1046 449 στάδιοι.
1099 405 1306 461 πρώτοισι
1334 408 1458 461 μὲνδο

132 483 184 540 δή
215 483 408 528 τούτοισι
440 487 679 541 ἐπεχείρησε
710 484 733 528 ὁ
754 488 966 541 Κροῖσος·
998 485 1102 540 μετὰ
1133 486 1190 537 δὲ,
1223 486 1268 528 ἐν
1296 485 1412 541 μέρει

131 562 351 606 ἑκάστοισι
376 564 533 609 Ἰώνων
566 582 609 608 τε
638 565 710 608 καὶ
736 563 949 613 Αἰολέων,
987 562 1154 607 ἄλλοισι
1184 562 1317 614 ἄλλοις
1346 565 1411 607 αἰ-

83 748 168 784 dem
207 749 285 785 fere
312 752 472 786 veterum
511 748 737 798 superstitio-

83 814 167 840 nem
195 805 371 852 pertinet,
418 806 564 853 quando
588 806 738 841 deorum

81 857 270 896 simulacra
286 863 519 910 compedibus
530 862 647 898 vincta
657 873 739 898 esse

80 913 254 963 legimus,
284 917 442 966 periculo
461 918 599 955 scilicet
619 917 738 953 immi-

81 975 191 1008 nente
239 977 301 1009 aut
341 974 466 1023 inopia
507 974 739 1011 vehementer

81 1032 281 1077 premente.
338 1029 429 1065 Illud
447 1031 542 1066 enim
559 1030 613 1065 his
633 1033 668 1065 et
687 1029 737 1063 si-

81 1082 225 1119 milibus
251 1088 392 1121 veteres
417 1086 652 1135 spectabant,
697 1087 737 1120 ut

82 1139 168 1174 urbs
196 1139 276 1189 ipsa
299 1141 447 1189 eiusque
484 1141 620 1178 incolae
659 1152 736 1176 ma-

81 1194 149 1230 iori
180 1199 303 1232 essent
331 1209 438 1234 curae
475 1198 545 1233 diis
574 1196 737 1233 tutelari-

83 1250 169 1296 bus,
199 1252 261 1299 qui
278 1251 403 1298 vincti,
432 1266 478 1289 ne
497 1253 631 1290 scilicet
652 1264 735 1289 eva-

81 1305 169 1342 dere
193 1312 346 1355 possent
377 1308 493 1345 aliove
518 1322 558 1346 se
587 1321 736 1344 conver-

79 1364 177 1408 tere,
213 1362 337 1399 incolis
373 1364 510 1413 pressis
541 1377 584 1401 eo
616 1364 734 1410 magis

79 1430 186 1454 omne
255 1424 485 1468 praestarent
556 1419 734 1465 auxilinm,

79 1486 190 1522 quum
214 1474 377 1524 ipsorum
414 1476 509 1512 salus
532 1489 612 1512 cum
635 1475 735 1511 inco-

78 1529 192 1566 lanun
216 1531 330 1568 salute
357 1533 461 1580 quasi
484 1532 613 1568 arctius
637 1534 736 1567 esset

78 1586 277 1623 coniuncta.
307 1587 414 1624 Conf.
443 1589 490 1625 de
515 1588 570 1624 his
603 1588 732 1623 Creuz.

80 1642 239 1690 Spnbol.
262 1642 279 1680 I
300 1656 336 1693 p.
360 1646 439 1685 178
460 1657 514 1692 sq.
533 1644 594 1680 Sic
610 1643 734 1692 Ephe-

80 1698 144 1744 sii,
181 1711 261 1735 cum
286 1699 428 1737 Dianae
455 1700 630 1750 templum
649 1712 734 1735 san-

81 1754 277 1792 ctissimum
315 1756 474 1805 indeque
517 1756 734 1793 tutissimum

81 1810 127 1846 ab
161 1811 256 1847 omni
301 1811 484 1848 hominum
534 1812 734 1860 irruptione

81 1870 267 1915 putarent,
305 1867 392 1904 illud
426 1869 511 1905 fune
552 1868 631 1903 urbi
657 1867 734 1903 alli-

81 1926 226 1970 garunt,
255 1923 388 1972 quippe
406 1924 503 1959 cuius
522 1924 636 1972 ipsius
654 1936 732 1958 sors

81 1990 176 2014 nunc
199 1991 279 2015 cum
302 1979 438 2028 templo
467 1980 656 2014 coniuncta
680 1979 736 2014 in-

81 2034 201 2082 deque
227 2047 406 2084 suspensa
428 2039 535 2071 esset.
575 2034 658 2076 Quo
686 2034 737 2069 si-

81 2089 156 2126 mul
188 2090 273 2126 facit
310 2103 354 2127 ea
398 2090 627 2139 superstitio,
666 2089 738 2138 qui}

79 2145 182 2182 Deos
210 2145 298 2182 urbe
320 2150 426 2194 capta
454 2146 627 2182 excedere
652 2157 737 2194 per·

80 2202 262 2238 bibebant.
318 2201 416 2237 Hinc
452 2203 550 2250 apud
572 2200 737 2248 Aeschyl.

82 2258 121 2294 S.
140 2270 168 2294 c.
187 2257 304 2294 Theb.
326 2258 407 2298 203
428 2257 603 2305 (kil-219)
624 2256 737 2293 Eteo-

82 2313 174 2351 cles:
206 2308 294 2352 ἄλλ’
315 2307 389 2352 οὖν
409 2309 532 2358 θεοὺς
550 2309 644 2359 τούς
668 2314 738 2363 τῆς

83 2364 258 2420 ἁλούσης
284 2365 427 2415 πόλεος
455 2368 647 2408 ἐκλείπειν
677 2366 736 2408 λό-

82 2440 169 2477 γος,·
206 2427 268 2462 ubi
302 2425 409 2476 plura
450 2425 656 2463 Blomfield.
700 2426 738 2462 in

85 2481 249 2518 Glossar.

142 2568 220 2608 ἔστι
244 2567 287 2608 δὲ
321 2567 464 2621 μεταξύ
487 2572 560 2621 τῆς
594 2584 635 2608 τε
665 2583 739 2608 πα·

85 2628 201 2675 λαιῆς
222 2622 360 2672 πόλιος
373 2648 427 2654 —
444 2625 511 2665 καὶ
531 2628 603 2665 τοῦ
623 2628 738 2676 νηοῦ,

85 2679 181 2721 ἑπτά
208 2678 382 2727 στάδιοι]
421 2683 528 2720 Varie
555 2686 738 2720 tentarunt

84 2738 151 2775 viri
181 2738 277 2774 docti
303 2739 414 2775 verba
448 2735 544 2777 ἕπτοέ
571 2734 735 2787 στάδιοι,

84 2806 179 2844 quae
212 2794 329 2830 minus
363 2795 552 2831 convenire
593 2799 736 2832 antece-

86 2850 254 2888 dentibus
273 2850 533 2888 existimabant.
563 2851 639 2889 Sed
656 2851 734 2889 libri

141 2905 347 2944 Hssnonor.
380 2906 412 2946 I.

804 745 891 783 nihil
914 751 1069 794 mutant,
1110 760 1177 785 nec
1212 749 1306 785 adeo
1350 746 1456 796 quid-

802 816 911 852 quam
966 804 1187 840 mutandum.
1256 803 1456 852 Schweigh.

803 859 1023 907 subintelligi
1041 873 1153 909 posse
1169 864 1292 896 monet
1308 856 1350 898 τὸ
1372 854 1455 897 διά-

805 928 953 966 στημα,
999 917 1100 964 quod
1127 917 1240 953 menti
1272 916 1456 964 scriptoris

803 973 1033 1008 obserxatum
1056 972 1173 1008 suerit.
1203 972 1310 1008 Conf.
1326 970 1454 1007 Matth.

806 1026 843 1078 ἓ.
861 1028 962 1073 303,
998 1031 1020 1068 1
1046 1041 1084 1077 p.
1103 1027 1205 1074 604,
1236 1027 1297 1076 qui
1310 1039 1456 1076 compa-

802 1096 887 1119 rans
927 1083 1072 1131 quidem
1110 1084 1255 1120 schema
1290 1082 1456 1119 Pindari-

803 1151 901 1185 cum⁷
932 1139 1028 1176 idem
1045 1144 1165 1176 tamen
1186 1140 1233 1176 de
1252 1138 1457 1175 istiusmodi

802 1195 989 1231 structuris
1017 1195 1110 1232 bene
1138 1199 1277 1242 monet,
1299 1195 1360 1231 ubi
1379 1207 1457 1231 lna-

801 1251 856 1287 ior
898 1252 1099 1289 sententiae
1149 1252 1241 1288 ratio
1293 1250 1457 1297 habetur,

801 1319 910 1355 quam
927 1308 1091 1357 ipsorum
1108 1308 1310 1344 verborum.

859 1380 954 1421 ἑπτὰ
983 1379 1158 1428 στάδιοι]
1188 1382 1362 1432 Apprime
1378 1396 1458 1421 cum

799 1439 992 1476 Herodoto
1026 1439 1193 1476 convenit
1222 1439 1458 1488 Xenophonti

799 1494 937 1545 Ephes.
956 1495 992 1542 Ι,
1024 1499 1070 1543 2,
1108 1495 1251 1531 Dianae
1274 1495 1458 1545 Ephesiae

800 1551 974 1601 templiun
999 1552 1044 1587 ab
1080 1552 1169 1588 urbe
1203 1551 1337 1587 distare
1369 1551 1458 1587 scri-

801 1608 902 1645 benti
918 1612 1060 1657 septem
1080 1607 1208 1643 stadia.
1249 1607 1360 1650 Quod
1384 1619 1458 1643 non

801 1665 919 1700 minus
942 1665 990 1700 ad
1015 1668 1117 1700 vetus
1142 1664 1286 1710 sanum,
1315 1664 1360 1699 ab
1379 1663 1458 1700 He-

800 1724 955 1756 rostrato
970 1724 1057 1769 post
1083 1720 1268 1756 incensum
1286 1731 1393 1767 quam
1410 1718 1459 1754 ad

800 1777 979 1813 recentius
1005 1776 1205 1825 pertinere,
1237 1776 1365 1813 eodem
1382 1776 1459 1811 fere

799 1832 879 1868 loco
909 1836 1146 1877 exstructum,
1176 1844 1352 1880 perquam
1382 1830 1458 1866 veri

802 1892 859 1925 est
884 1887 1011 1924 simile.
1050 1887 1109 1924 De
1137 1888 1218 1936 ipso
1250 1888 1335 1922 fano
1363 1886 1459 1922 eius-

802 1956 875 1991 que
923 1944 996 1978 situ
1047 1942 1151 1990 plura
1202 1941 1323 1977 Strab.
1372 1939 1459 1977 XIV

803 2012 839 2048 p.
866 1997 947 2037 640
975 2010 1003 2032 s,
1028 2009 1064 2045 p.
1082 1996 1162 2037 949
1189 2008 1264 2044 sq.;
1294 1996 1363 2032 alia
1382 1995 1459 2032 Lo-

808 2053 895 2090 cella
927 2052 1092 2089 excitavit
1132 2052 1181 2088 ad
1204 2051 1458 2101 Xenophontis

806 2108 827 2145 l.
843 2108 864 2145 l.
892 2122 927 2158 p.
945 2109 1034 2148 133.
1063 2107 1116 2144 Ac
1142 2107 1299 2156 denique
1319 2108 1366 2144 de
1383 2106 1459 2144 bel-

804 2164 859 2211 lo,
900 2165 1000 2200 cuius
1030 2163 1098 2200 hoc
1132 2162 1211 2199 loco
1237 2163 1278 2199 fit
1310 2163 1459 2210 mentio,

806 2221 956 2269 eiusque
972 2219 1106 2256 vicibus
1129 2224 1238 2267 atque
1255 2223 1384 2256 eventu
1400 2231 1459 2255 re-

805 2276 963 2313 tulerunt
995 2274 1135 2312 Aelian.
1162 2275 1206 2311 V.
1223 2275 1272 2311 H.
1291 2274 1361 2322 ΠΙ,
1393 2276 1458 2316 26.

805 2333 977 2381 Polyaen.
997 2332 1155 2379 Strateg.
1173 2330 1217 2377 V,
1235 2331 1300 2371 50.

861 2396 1012 2438 ἄλλοισι
1035 2395 1152 2443 ἄλλοις
1175 2396 1302 2443 αἰτίας
1325 2393 1460 2445 ε’πιφὲ-

807 2459 910 2508 ρων]
956 2455 979 2491 i.
1015 2468 1046 2492 e.
1092 2454 1175 2490 aliis
1212 2453 1290 2490 alia
1321 2454 1462 2489 crimini

805 2513 894 2549 dans
932 2525 961 2547 s.
991 2511 1210 2560 exprobrans.
1261 2509 1370 2545 Conf.
1403 2509 1460 2545 in-

804 2571 861 2606 fra
886 2568 924 2613 Ι,
954 2569 1017 2607 68.
1047 2566 1153 2603 Plura
1176 2565 1225 2602 H.
1249 2565 1459 2615 Stephanus

806 2626 843 2662 iu
862 2624 973 2660 Thes
1001 2622 1053 2659 IV
1068 2636 1105 2673 p.
1129 2623 1228 2667 105,
1258 2634 1365 2669 quem
1382 2620 1460 2657 lau-

806 2682 869 2718 dat
895 2680 957 2717 Cr.
991 2699 1047 2706 -—-
1080 2677 1121 2717 ἐν
1155 2676 1262 2728 μέρει
1279 2689 1342 2725 per
1365 2679 1459 2713 vices

802 2736 964 2789 pluribus
982 2734 1152 2784 exemplis
1170 2734 1323 2769 illustrat
1340 2733 1382 2768 C.
1395 2733 1458 2769 Fr.

802 2794 1002 2830 Hermann.
1020 2791 1068 2827 ad
1092 2789 1242 2829 Lucian.
1264 2788 1458 2833 Quomodo

801 2849 915 2887 histor
934 2860 1071 2886 conscr.
1099 2860 1136 2898 p.
1151 2848 1183 2940 ἕ
1206 2858 1262 2895 sq.
