1877 3223
641 200 852 239 CLIO.
910 201 937 238 Ι.

127 315 224 368 Ξτῆς
259 311 418 367 ἔχθρης
442 312 516 366 τῆς
543 308 586 361 ἐς
618 309 956 366 τοῦςἝλληνας.

126 388 234 435 δοῦκ
267 388 553 446 ὁμολογέουσι
591 387 784 446 Πέρσῃσι
819 388 935 433 οὕτω
977 389 1188 438 Φοίνικες.

1382 202 1436 242 15

1014 308 1123 364 Περὶ
1152 308 1198 352 δὲ
1223 313 1300 366 τῆς
1326 309 1436 362 Ἰοῦς

1256 386 1310 432 οὐ
1351 389 1433 444 γὰρ

149 468 324 527 ἁρπαγῇ
354 469 488 525 σφέας
529 468 826 525 χρησαμένους
865 467 1038 524 λέγουσι
1087 465 1264 522 ἀγαγεῖν
1296 465 1433 524 αὐτὴν

149 549 192 601 ἐς
221 551 466 604 Αἴγυπτον,
496 545 583 591 ἀλλ’
604 547 660 599 ὠς
691 547 737 591 ἐν
762 552 822 604 τῷ
837 546 983 603 ’Ἄργεϊ
1007 547 1199 602 ἐμίσγετο
1232 550 1292 603 τῷ
1327 557 1478 591 ναν-75

148 626 295 685 κλήρῳ
332 631 407 684 τῆς
440 625 567 683 νηός·
597 626 687 670 ἐπεὶ
717 627 762 670 δὲ
789 626 950 682 ἔμαθεν
987 627 1141 682 ἔγκυος
1170 625 1326 677 ἐοῦσα,
1373 627 1436 668 αι’,-

150 708 332 762 δεομὲνη
356 705 458 757 τούς
478 705 641 758 τοκέας,
672 706 788 757 οὕτω
819 706 872 762 δή
898 704 1133 761 ἐθελοντήν
1156 703 1293 761 αὐτὴν
1319 708 1435 748 τοῖσι

125 787 321 839 4Φοίνιξι
352 790 673 837 συνεκπλῶσαι,
707 785 765 838 ὠς
801 785 855 829 ἂν
878 786 934 843 μὴ
966 785 1209 841 κατάδηλος
1245 783 1433 840 γένηται.

125 869 284 915 5ταῦτα
307 866 386 922 μέν
408 882 493 908 νυν
524 864 690 919 Πέρσαι
720 882 765 910 τε
785 866 858 909 καὶ
883 868 1083 916 Φοίνικες
1110 865 1295 919 λέγουσι.
1326 863 1435 918 Ἐγώ

149 945 195 989 δὲ
234 945 330 1000 περὶ
370 945 447 1001 μὲν
485 944 651 989 τούτων
695 944 775 990 οὐκ
810 946 987 1002 ἔρχομαι
1026 944 1156 999 ἐρέων
1199 941 1257 994 ὥς
1296 942 1482 993 οὕτωςεο

149 1023 177 1081 ἢ
204 1024 343 1076 ἄλλως
370 1041 455 1075 κως
484 1029 621 1069 ταῦτα
654 1025 841 1081 ἐγένετο·
872 1023 950 1067 τὸν
975 1023 1021 1068 δὲ
1043 1021 1143 1067 οἶδα
1170 1020 1299 1073 αὐτὸς
1319 1025 1437 1077 πρῶ-

150 1119 228 1146 τον
276 1102 530 1159 ὑπάρξαντα
586 1102 749 1149 ἀδίκων
801 1104 941 1160 ἔργων
987 1102 1031 1155 ἐς
1070 1102 1174 1154 τούς
1208 1102 1438 1158 “Ἐλ,ληνας,

106 1301 154 1337 de
180 1299 243 1335 Ilio
270 1311 395 1336 revera
428 1311 450 1335 a
482 1299 632 1337 Graecis
658 1304 764 1349 capto

105 1356 349 1393 testimonium
370 1356 584 1392 confirmant
597 1356 654 1392 alii
673 1368 765 1403 quo-

107 1426 179 1462 que
207 1412 336 1450 Nostri
364 1411 448 1448 loci:
486 1411 541 1457 ΙΙ,
575 1414 653 1452 116
683 1424 764 1460 sqq.

109 1471 188 1517 Vll,
213 1470 279 1516 43,
304 1471 393 1509 161.
416 1467 489 1514 ΙΧ,
517 1471 583 1509 27.
614 1468 703 1504 Mox
729 1468 765 1504 in

108 1527 227 1566 verbis
264 1520 312 1564 ου’
344 1521 418 1576 γάρ
451 1522 610 1579 ἄρπαγῇ
642 1522 766 1573 σφέας

109 1580 382 1637 χρησαμένους
414 1579 569 1632 λέγουσι
604 1596 638 1619 κ.
670 1595 701 1619 τ.
732 1583 765 1619 λ.

110 1639 311 1678 Accusativi
351 1650 429 1674 eum
465 1638 639 1674 infinitivo
672 1642 767 1674 stru-

110 1702 246 1735 cturam
279 1694 446 1745 praetulit
482 1693 639 1741 Noster,
687 1694 767 1730 loco

113 1752 321 1791 nominativi
353 1764 433 1788 cum
453 1751 650 1798 infinifim,
678 1755 720 1787 ut
737 1751 766 1797 Ι,

113 1811 179 1852 34.
213 1813 311 1856 171,
341 1808 434 1844 alibi.

173 1872 252 1916 αλλ’
267 1892 319 1923 ως
331 1875 372 1915 ἐν
395 1878 449 1926 τῷ
462 1872 581 1928 ’Ἀργε
586 1881 603 1913 ἰ’
619 1873 767 1941 ἐμίσγε-

116 1950 159 1974 το
193 1935 249 1988 τῷ
288 1928 497 1984 ναυκλήρῳ
531 1934 602 1981 τῆς
642 1929 763 1994 νηός]

105 1989 245 2044 ’Ἀργεὶ
271 1991 365 2039 (pro
376 1986 530 2039 ’Ἁργει)
557 1988 764 2036 scripsimus

117 2062 196 2085 cum
216 2048 332 2084 Schw.
353 2049 388 2082 et
409 2046 441 2081 G
447 2046 525 2081 aisf.
546 2065 601 2069 -—-
619 2044 768 2095 DIt'o‘ye-

119 2109 217 2144 σθαι
255 2103 312 2139 hic
359 2103 405 2138 de
448 2100 580 2138 femina
618 2113 770 2149 usurpa-

116 2166 175 2198 tur
197 2160 298 2197 aliter
321 2162 429 2206 atque
450 2157 684 2193 Grammatici
705 2157 771 2192 do-

118 2221 223 2264 cent,
259 2215 320 2264 qui
347 2214 393 2251 de
425 2214 500 2250 viro
523 2213 593 2249 dici
622 2217 771 2249 conten-

116 2275 218 2311 dunt.
275 2271 421 2309 Laudat
483 2270 570 2306 Cr.:
624 2269 774 2306 Homer.

118 2330 252 2378 Hymn.
287 2328 324 2364 in
355 2326 509 2364 Mercur.
539 2325 564 2366 4
586 2325 672 2374 ibiq.
704 2325 774 2361 Er-

118 2391 211 2424 nest.
256 2389 292 2422 et
327 2383 457 2419 Matth.
496 2382 687 2419 Animadv.
727 2383 775 2418 ad

118 2442 227 2491 Hpn.
257 2442 365 2478 Hom.
396 2454 431 2489 p.
461 2442 554 2481 209.

177 2507 261 2547 ἐπεὶ
283 2506 324 2547 δὲ
350 2506 499 2557 ἔμαθεν
524 2505 661 2557 ἔγκυος
688 2504 773 2544 ἑοῦ-

122 2568 195 2611 σα]
225 2566 247 2601 i.
269 2579 298 2602 e.
329 2577 406 2601 cum
437 2577 470 2599 se
495 2563 683 2612 gravidam
703 2576 774 2599 esse

121 2623 291 2658 sensisset.
326 2620 409 2657 Vid.
445 2620 575 2656 Matth.
604 2620 668 2656 Gr.
706 2620 771 2656 Gr.

123 2677 160 2729 ς.
185 2678 265 2718 548
298 2691 334 2727 p.
366 2677 484 2717 1074.

178 2740 394 2795 ἐθελοντὴν
412 2740 539 2795 αὐτὴν
558 2745 659 2783 τοῖσι
681 2743 774 2783 Φοί-

121 2801 202 2849 νιξι
227 2803 514 2846 συνεκπλῶσαι]
544 2800 691 2839 Laudat
709 2800 774 2838 Cr.

122 2857 240 2897 locum
278 2857 443 2896 Eustath.
484 2857 532 2896 ad
569 2858 704 2906 odyss.
746 2857 776 2905 I,

824 1299 904 1340 431
941 1312 1026 1349 pag.
1052 1300 1104 1339 71
1133 1311 1244 1348 supra
1271 1298 1327 1335 ed.
1350 1296 1480 1343 Basil„

822 1356 883 1391 ubi
921 1360 977 1391 est
1010 1356 1322 1400 συνεκπλεῦσαι,
1362 1355 1478 1390 form&

822 1411 962 1448 Nostro
1016 1410 1140 1458 utique
1174 1423 1248 1446 non
1286 1409 1479 1454 inusitata;

824 1468 890 1504 sed
907 1466 1056 1504 alteram
1080 1468 1232 1503 formam
1261 1466 1378 1514 magis
1406 1468 1480 1502 fre-

824 1528 1033 1572 quentatam
1100 1524 1177 1560 iure
1234 1522 1481 1572 praetulerunt

824 1581 963 1627 Schw.,
993 1580 1061 1617 alii.
1120 1580 1178 1617 De
1199 1579 1375 1616 sermonis
1390 1592 1482 1628 qua-

824 1638 908 1674 dam
944 1637 1165 1673 abundantia
1209 1636 1268 1683 (si
1293 1637 1401 1673 modo
1437 1648 1481 1672 ea

824 1694 909 1742 est)
940 1694 977 1730 in
1009 1693 1128 1730 verbis
1157 1689 1375 1742 ἐθελοντὴν
1410 1687 1479 1730 αυ’-

823 1747 918 1799 τήν,
957 1750 1052 1787 idem
1081 1750 1111 1786 C
1120 1763 1147 1786 r.
1181 1750 1305 1786 laudat
1335 1749 1479 1786 Schaef.

824 1808 871 1844 ad
909 1806 1079 1857 Sophocl.
1123 1806 1256 1843 Traeh.
1290 1819 1322 1842 v.
1359 1808 1481 1852 1127,

821 1878 857 1915 p.
877 1864 960 1905 342
989 1863 1092 1914 Lips.

880 1949 956 2002 ἔγω
995 1949 1037 1990 δὲ
1083 1966 1171 2001 περι
1214 1948 1286 2001 μὲν
1327 1945 1480 1989 τούτων

827 2003 903 2046 οὐκ
935 2006 1094 2058 ἔρχομαι
1134 2005 1277 2058 ἐρέων]
1320 2005 1480 2057 ἔρχομαι

827 2062 946 2113 ἐρέων
988 2064 1136 2112 antiquo
1171 2064 1314 2100 dicendi
1345 2076 1481 2111 genere

829 2121 936 2167 dixit,
987 2134 1059 2169 quo
1097 2120 1338 2168 significatur,
1378 2133 1482 2164 nunc,

829 2178 889 2213 hoc
920 2179 994 2225 ipso
1026 2179 1183 2225 temporis
1215 2179 1380 2212 momento
1409 2176 1481 2213 alc·-

831 2232 914 2283 quid
941 2233 1156 2280 indicatum,
1197 2236 1387 2282 expositu-112
1422 2235 1482 2269 iri.

829 2291 992 2327 Imitatus
1004 2294 1059 2327 est
1075 2289 1230 2325 Pausan.
1250 2290 1297 2336 X,
1318 2292 1367 2330 19
1388 2287 1423 2339 ἓ.
1443 2293 1481 2336 2,

832 2347 892 2383 ubi
908 2347 977 2382 vid.
995 2346 1162 2392 Siebelis,
1176 2346 1333 2395 itemque
1350 2345 1482 2382 Lucia-

831 2417 912 2449 nus,
924 2403 980 2438 alii
984 2416 1092 2451 ‚quos
1118 2402 1241 2439 laudat
1265 2403 1483 2439 C.Fr.Her-

831 2472 951 2496 mann
993 2460 1040 2495 ad
1084 2458 1233 2495 Lueian.
1286 2459 1484 2502 Quomodo

830 2516 926 2552 Hist.
952 2515 1123 2553 conscrib.
1150 2528 1228 2565 cap.
1256 2517 1306 2556 18
1336 2529 1372 2565 p
1391 2514 1482 2555 125-

891 2569 994 2611 τόν
1040 2569 1082 2610 δὲ
1132 2567 1221 2610 οἶδα
1264 2594 1320 2599 ———
1367 2573 1484 2610 τοῦ-

827 2644 897 2670 τον
934 2623 1137 2679 σημήνας]
1180 2624 1249 2667 τόν
1294 2629 1315 2664 i.
1349 2641 1380 2665 e.
1421 2642 1485 2675 ον,

830 2688 885 2725 cui
905 2686 1103 2735 respondet
1125 2687 1278 2723 τοῦτον.
1324 2685 1484 2722 Plurima

831 2742 994 2793 exempla
1033 2754 1076 2778 ex
1110 2741 1301 2779 Herodoto
1342 2741 1485 2788 collegit

831 2802 961 2837 Struve
974 2798 1128 2849 Specim.
1148 2799 1315 2842 Quaestt.
1340 2799 1386 2835 de
1405 2798 1483 2834 dia-

832 2857 911 2896 lect.
930 2855 1107 2894 Herodot.
1136 2868 1221 2906 pag.
1249 2855 1303 2897 28
1319 2866 1397 2903 seq.
