1909 3228
588 176 1114 215 EUTERPE.ll.
1402 178 1487 217 829

104 288 203 334 149

1544 295 1640 322 liaeus
1658 294 1818 331 Moeridis,

1540 329 1605 363 ipso
1647 329 1818 363 labyrintho

1540 363 1766 390 admirabilior:

1540 397 1606 423 cius
1630 395 1816 429 magnitudo:

1540 429 1712 464 pyramides
1732 429 1761 456 in
1780 438 1818 456 ea

1541 463 1619 490 duae
1639 483 1648 496 ,
1688 467 1818 497 utraque

1541 497 1687 523 colossum
1764 505 1816 530 goa

227 525 276 565 τὸ
305 525 561 579 περίμετρον
600 528 674 580 τῆς
704 523 912 577 περιόδου
943 523 1024 566 εἰσὶ
1063 522 1230 566 στάδιοι
1270 520 1818 590 ἑξακόσιοι5Οξιι1ῗὲἓκξᾶἷι1ιξῐιιῶιῐιιτιαο

1542 599 1671 631 quantus
1698 604 1732 623 cx
1751 597 1817 624 lacu

1541 630 1666 664 piscium
1687 638 1816 665 proven-

1538 668 1599 692 tus.

354 289 442 329 Τοῦ
482 287 527 330 δὲ
567 287 843 342 λαβυρίνθου
881 284 1041 329 τούτου
1078 282 1225 335 ἐόντος
1264 283 1485 336 τοιούτου,

225 369 387 420 θῶυμα
425 366 553 420 μέζον
590 365 816 420 παρέχεται
856 364 881 420 ἡ
914 366 1104 418 Μοίριος
1146 363 1381 420 καλεομένη
1419 366 1483 406 λί-

227 462 336 500 μνη,
368 443 466 499 παρ’
498 444 549 501 ἢν
580 443 602 487 ὁ
627 444 894 499 λαβύρινθος
925 438 1054 494 οὗτος
1085 441 1378 498 οἰκοδόμηται.
1409 446 1484 498 τῆς

346 770 452 821 cap.
486 769 652 807 CXLIX.

226 851 433 905 παρέχεται
452 852 480 904 ἦ
491 853 667 905 ΖΙῙοίριος
689 855 822 891 καλεο-

170 908 267 961 μένη
300 909 443 960 λίμνη]
479 909 564 946 Aliis
588 910 821 958 scriptoribus

169 973 226 1003 est
247 966 448 1017 Μοίριδος
477 967 615 1017 λίμνη,
647 966 822 1003 ssloeride‘s

168 1024 301 1073 (prisci
336 1024 428 1060 illius
453 1024 573 1071 regis,
614 1024 676 1072 qui
707 1024 821 1059 lacum

169 1080 356 1128 effecerit)
388 1080 496 1116 lacus.
562 1080 660 1116 inter
680 1085 821 1117 veteres

168 1138 363 1185 praecipue
382 1136 592 1172 consulendi
612 1141 694 1172 sunt
717 1137 821 1172 Stra-

170 1193 216 1229 bo
244 1193 349 1229 XVII
377 1206 412 1242 p.
443 1195 522 1234 809
550 1206 577 1228 S.
613 1194 718 1232 1163
743 1206 818 1241 seq.

170 1249 352 1285 Diodorus
384 1249 419 1295 I,
452 1251 503 1289 52
530 1248 609 1285 coll.
643 1249 819 1299 l'ompon.

170 1304 256 1341 Mel.
273 1305 301 1352 Ι,
324 1308 359 1345 9.
393 1305 481 1341 Plin.
501 1305 534 1341 h.
558 1318 591 1341 n.
612 1305 657 1351 Υ,
678 1308 721 1349 9;
753 1319 819 1341 no-

170 1365 244 1397 stra
262 1366 382 1398 aetate
414 1364 570 1397 omnium
595 1362 819 1397 accuratissi-

169 1430 227 1453 me
259 1418 306 1453 de
332 1417 409 1453 lacu
440 1418 639 1466 disputarit
662 1417 816 1453 Iomard.

167 1473 223 1509 in:
254 1474 393 1519 „mem
415 1486 475 1509 sur
492 1473 525 1510 le
545 1473 600 1509 lac
621 1473 666 1509 (le
681 1472 817 1509 Moeris

167 1530 336 1578 compare'
379 1542 424 1565 au
455 1529 509 1565 lac
547 1530 593 1565 de
627 1529 821 1578 Fayoum“

167 1587 340 1636 descript.
364 1586 410 1622 de
428 1585 521 1634 l'Eg.
541 1586 677 1634 antiqq.
706 1585 780 1622 livr.
803 1585 819 1622 I

165 1655 201 1692 p.
226 1645 281 1682 79
300 1655 400 1690 seqq.
421 1642 499 1678 coll.
530 1642 606 1678 livr.
631 1642 677 1678 ΙΙΙ
701 1643 745 1687 (t.
767 1642 818 1689 ll)

167 1699 268 1748 chap.
289 1698 390 1735 XVII
420 1703 505 1735 sect.
525 1698 573 1734 ΙΙΙ
609 1711 643 1747 p.
672 1698 704 1734 ΙΙ
736 1697 771 1748 §.
797 1701 815 1737 1

168 1767 253 1806 pag.
284 1758 336 1795 27
370 1767 446 1802 seq.
512 1754 607 1790 Add.
637 1754 818 1791 Mannert.

169 1811 306 1858 Geogr.
340 1811 404 1846 der
436 1810 501 1845 Gr.
533 1823 567 1845 u.
593 1810 699 1846 Rom.
728 1810 774 1856 X,
798 1812 818 1850 1

169 1880 205 1916 p.
219 1867 301 1907 422
323 1879 398 1914 seq.
421 1871 456 1903 et
474 1867 668 1915 praecipue
689 1867 819 1903 Ritter.

170 1923 361 1959 Erdkund.
386 1922 398 1957 1
419 1935 502 1971 pag.
524 1924 605 1962 803
626 1935 727 1970 seqq.
767 1922 820 1958 Ac

170 1979 312 2016 videtur
328 1980 454 2014 natura
473 1979 618 2027 quidem
637 1979 749 2015 fuisse
769 1978 821 2014 la-

170 2048 244 2081 cus,
274 2035 335 2083 qui
357 2040 432 2071 arte
450 2034 606 2070 humana
626 2036 823 2071 accedente

168 2096 251 2142 post
300 2104 381 2127 eum
419 2092 455 2127 in
493 2091 665 2127 ambitum
701 2091 823 2137 crevit,

169 2160 277 2196 quem
293 2147 503 2184 Herodotus
526 2147 658 2195 aliique
678 2148 823 2197 praedi-

168 2208 261 2241 cant.
320 2203 401 2240 Vid.
424 2203 641 2252 wesseling.
667 2204 713 2239 ad
732 2203 824 2240 Dio-

169 2261 247 2297 dor.
265 2259 302 2304 Ι,
320 2259 384 2300 51.
443 2260 613 2296 Cernitur
631 2260 747 2296 adhuc
769 2260 822 2295 la-

170 2329 230 2353 cus
242 2344 252 2362 ‚
275 2317 420 2353 nomine
439 2315 630 2353 Bz'rket-el
641 2339 656 2343 -
668 2315 820 2362 Korona,

169 2373 452 2421 septentrionem
487 2386 608 2410 versus
648 2373 693 2408 ab
732 2373 821 2409 urbe

170 2428 335 2466 Medinat
353 2428 386 2465 el
406 2427 571 2476 Fayoum
591 2429 821 2478 proficiscen-

169 2485 267 2521 tibus
307 2484 343 2520 in
378 2485 457 2533 ipso
486 2485 625 2533 Libyae
664 2485 822 2531 deserto,

170 2541 290 2590 specie
316 2540 420 2577 valde
448 2541 586 2576 mutata
612 2540 822 2589 ambituque

169 2597 400 2633 vehementer
415 2597 610 2633 deminuto.
641 2597 713 2640 Qui
728 2597 822 2633 enim

170 2652 256 2689 olim
283 2652 453 2688 ambitum
479 2653 722 2701 quadraginta
744 2652 822 2688 mil-

169 2709 348 2745 liariorum
391 2707 611 2745 Gallicorum
650 2708 820 2755 (lieues)

170 2765 338 2801 habuisse
363 2764 523 2811 videtur,
564 2766 613 2801 ita
640 2769 678 2801 ut
706 2764 820 2801 lacum

170 2819 372 2858 Lemanum
396 2821 471 2857 sere
498 2825 691 2870 aequaret,
721 2821 750 2856 is
769 2821 820 2856 vi-

891 742 985 790 ginti
1012 742 1171 791 quinque
1209 741 1372 778 milliaria
1398 741 1543 778 Gallica

891 800 949 834 vix
981 799 1117 835 ambitu
1150 811 1245 835 nunc
1266 811 1424 847 aequare
1453 798 1542 835 dici-

889 859 967 900 tur,
1006 868 1225 903 quamquam
1255 855 1291 890 in
1320 855 1406 904 ipsis
1437 855 1541 891 terris

890 911 1160 956 adiacentibus,
1191 924 1286 960 quae
1314 924 1408 947 nunc
1427 910 1543 947 incul-

891 971 949 1004 tae
970 972 1067 1014 sunt,
1085 972 1121 1004 et
1139 967 1324 1003 meridiem
1343 972 1379 1004 et
1396 970 1544 1017 septen-

889 1025 1044 1060 trionem
1082 1037 1205 1061 versus
1245 1036 1266 1059 a
1305 1023 1384 1060 lacu
1424 1023 1544 1059 adhue

890 1084 1099 1129 comparent
1129 1080 1302 1129 vestigia,
1333 1092 1427 1128 quae
1450 1079 1544 1115 hanc

888 1140 1019 1173 terram
1067 1137 1170 1185 aquis
1221 1136 1307 1173 olim
1363 1136 1543 1172 obtectam

889 1193 1001 1229 fuisse
1022 1194 1230 1229 ostendunt.
1263 1192 1540 1229 Confilomard.

890 1249 911 1285 l.
939 1249 958 1284 l.
994 1261 1080 1300 pag.
1100 1249 1153 1290 84
1181 1262 1257 1298 seq.
1318 1249 1411 1285 Cum
1442 1248 1539 1286 enim

888 1306 970 1341 olim
1000 1307 1114 1341 maior
1141 1318 1316 1354 aquarum
1335 1305 1387 1342 vis
1411 1318 1431 1342 e
1453 1304 1541 1342 Nilo

886 1375 952 1411 per
972 1362 1133 1398 canalem
1160 1363 1196 1397 in
1227 1362 1342 1398 lacum
1360 1365 1456 1398 esset
1475 1361 1540 1398 de-

886 1418 996 1453 ducta
1016 1418 1106 1466 (quo
1125 1418 1205 1467 ipso
1230 1421 1439 1466 spectarunt
1466 1416 1541 1455 Ae-

890 1474 1028 1522 gyptii,
1059 1478 1099 1510 ut
1127 1478 1162 1509 et
1191 1473 1278 1510 alias
1298 1473 1466 1521 regiones
1489 1473 1546 1509 ni-

889 1530 960 1565 mia
985 1542 1159 1578 aquarum
1199 1530 1303 1580 copia
1336 1529 1544 1567 laborantes

888 1585 1104 1632 liberarent,
1131 1590 1166 1623 et
1185 1586 1271 1622 alias
1294 1598 1468 1634 aquarum
1488 1586 1545 1621 in·-

892 1642 976 1691 opia
1004 1642 1208 1679 laborantes
1237 1642 1426 1678 fertiliores
1457 1643 1544 1679 red-

889 1699 1037 1743 derent·‚
1068 1700 1112 1735 cf.
1135 1699 1263 1735 Ritter.
1287 1698 1309 1734 l.
1334 1698 1355 1735 l.
1376 1711 1410 1747 p.
1425 1699 1542 1747 807),

888 1758 929 1789 ut
953 1767 1099 1803 campos
1122 1755 1326 1791 adiacentes
1348 1754 1542 1792 inundaret

889 1822 1062 1857 aquarum
1083 1810 1187 1860 copia
1200 1840 1209 1856 ‚
1227 1823 1321 1847 nnnc
1338 1810 1452 1847 multo
1472 1811 1541 1848 mi-

888 1878 955 1901 nor
991 1879 1164 1914 aquarum
1195 1867 1250 1902 vis
1290 1880 1356 1916 per
1379 1866 1540 1916 Iosephi‚

888 1922 948 1970 qni
978 1923 1108 1959 dicitur
1127 1951 1137 1968 ,
1186 1923 1347 1959 canalem
1376 1934 1419 1960 ex
1450 1923 1539 1960 Nilo

889 1978 1025 2016 intrare
1043 1980 1192 2025 dicitur,
1222 1979 1319 2016 unde
1344 1980 1542 2017 accedente

891 2047 1036 2083 quoque
1081 2036 1252 2072 continua
1296 2035 1540 2082 exhalatione,

891 2090 1006 2126 lacum
1032 2092 1146 2139 magis
1176 2093 1367 2141 magisque
1394 2092 1543 2129 diminui

890 2147 1059 2183 credibile
1088 2149 1162 2185 fiat..
1226 2148 1456 2185 Documento
1486 2152 1542 2185 est

889 2203 969 2252 ipsa
988 2203 1083 2240 lacus
1103 2216 1197 2252 aqua
1217 2204 1332 2251 salsa,
1363 2217 1457 2253 quae
1476 2217 1543 2241 an-

889 2260 1036 2308 tiquitus
1061 2260 1158 2297 nulla
1177 2262 1212 2296 in
1243 2274 1285 2298 eo
1305 2261 1415 2298 fuisse
1439 2262 1541 2298 vide-

889 2319 968 2362 tur,
998 2329 1075 2352 cum
1103 2317 1234 2353 multos
1263 2317 1461 2354 crocodilos
1481 2316 1540 2354 ille

890 2372 1003 2408 aleret
1024 2401 1035 2419 ‚
1093 2386 1184 2421 quos
1225 2374 1262 2409 in
1299 2385 1394 2422 aqna
1447 2373 1543 2410 salsa.

890 2428 1037 2464 omnino
1060 2441 1134 2465 non
1170 2430 1345 2467 invenias.
1404 2428 1542 2466 Confer

891 2484 1123 2521 Mannertum
1147 2485 1168 2522 l.
1200 2485 1222 2521 l.
1252 2498 1337 2535 pag.
1358 2484 1440 2526 428
1463 2498 1540 2535 seq.

890 2541 966 2576 Sed
1001 2541 1158 2590 piscibus
1199 2542 1385 2578 abundare
1425 2541 1540 2578 lacum

888 2596 1053 2645 probavit
1081 2610 1197 2646 nuper
1224 2597 1268 2634 L.
1292 2599 1338 2635 de
1368 2597 1540 2635 Laborde

889 2653 925 2688 in
954 2665 1062 2689 revue
1085 2654 1263 2701 francaise
1295 2655 1403 2695 1829
1435 2655 1536 2704 Janv.

888 2720 972 2758 pag.
992 2711 1056 2748 67.

945 2766 1015 2813 τῆς
1042 2760 1085 2802 ω’
1114 2764 1346 2816 περίμετρον
1371 2766 1443 2816 τῆς
1470 2779 1537 2804 πε-

889 2816 1022 2871 ριόδου
1044 2819 1119 2860 εἰσὶ
1141 2836 1175 2859 κ.
1196 2835 1229 2860 τ.
1251 2823 1298 2868 λ.]
1334 2821 1390 2860 De
1409 2821 1537 2873 plurali
