1877 3223
666 184 881 225 CLIO.
937 187 966 226 Ι.

189 296 340 350 βονται
378 290 584 348 μεγάλως.
636 291 708 336 οἷα
752 294 797 337 δὲ
838 295 885 339 ἔν
924 311 968 338 τε
995 293 1114 351 χώρῃ
1154 293 1321 354 ἀγαθῇ,
1365 301 1438 344 καὶ

1358 193 1439 232 167

188 371 345 428 πλήθεϊ
372 370 454 416 οὐκ
483 371 640 428 ὀλίγων
671 371 865 427 ἀνδρῶν,
895 373 980 417 dvo}
999 390 1042 418 τε
1059 374 1250 430 ἔδραμον
1270 374 1438 430 αὐτίκα,

160 452 259 495 enat
295 448 621 508 εὐθηνήθησαν.

679 452 751 495 καὶ
781 451 834 509 δή
864 464 942 509 σφι
974 451 1117 497 οὐκέτι
1147 452 1309 510 ἀπέχρα
1336 455 1437 512 ἡσυ-

188 530 286 585 χίην
316 528 458 586 ἄγειν,
491 529 597 574 ἀλλὰ
624 532 1034 589 καταφρονήσαντες
1072 530 1292 588 Ἀρκάδων
1320 533 1440 590 κρέσ-

132 762 210 786 rum
246 751 444 787 sententias
480 761 776 786 commemorans

133 805 204 847 Qui
223 805 316 842 idem
335 806 380 842 de
398 804 595 841 honoribus
606 804 664 853 L)
666 818 777 854 curgo

130 860 270 897 tributis
310 860 419 898 haec:
459 856 565 912 ἱερόν
600 876 638 898 τι.
672 860 776 900 ἔστιν

130 911 253 955 αὐτοῦ
263 915 331 955 καὶ
345 913 495 955 θύουσι
495 894 603 955 καθ’
613 916 774 956 εκαστον

128 970 311 1012 ε’νιαυτον
338 971 390 1020 ὦς
420 975 524 1026 θεοῖ,
554 974 652 1022 quod
677 974 776 1010 affir-

127 1033 227 1065 mant
243 1029 399 1066 Pausan.
422 1029 485 1075 Ill,
512 1032 562 1069 16
593 1028 628 1080 ἓ
653 1029 691 1077 5,
717 1029 775 1066 alii

127 1085 322 1134 scriptores
354 1098 376 1123 a
402 1084 593 1135 Leopoldo
620 1086 667 1121 ad
695 1086 729 1122 h.
751 1086 774 1122 l.

129 1140 277 1178 laudati.
333 1141 393 1179 De
419 1143 536 1178 forma
574 1137 774 1190 εἱσάμενοι

127 1196 228 1244 (ab‘
216 1196 287 1244 ε’,ω
311 1193 396 1236 εἷσα
418 1198 503 1245 etc.)
533 1199 627 1235 conf,
640 1197 770 1235 Matth.

126 1252 163 1303 §-
183 1255 264 1293 235
282 1267 317 1302 p.
340 1253 432 1295 462

182 1304 247 1346 οἶα
277 1307 320 1347 δὲ
346 1323 387 1347 εν
418 1323 458 1348 τε
488 1305 596 1363 χώρῃ
620 1303 772 1375 α’γαθῇ,

123 1362 191 1402 καὶ
202 1360 355 1414 πλήθεϊ
363 1380 436 1403 ουκ
448 1361 588 1432 ὀλίγων
604 1360 773 1414 ἀνδρῶν,

123 1415 203 1459 οἷνά
214 1435 253 1459 τε
272 1420 442 1472 ε’δραμον
455 1416 616 1468 αὐτίκα,
630 1420 697 1459 καὶ
711 1416 773 1459 εὕ-

121 1473 390 1528 θηνηθησαν]
423 1507 446 1525 „
459 1491 563 1528 quum
581 1490 660 1514 vero
678 1482 772 1515 terra

121 1537 206 1570 esset
227 1534 313 1571 bona
330 1547 390 1570 nec
414 1547 606 1584 paucorum
634 1534 769 1570 incola-

121 1603 199 1626 rum
212 1590 415 1641 frequentia
435 1591 627 1637 laboraret,
648 1592 771 1627 statim

124 1648 232 1683 evecti
248 1652 328 1684 sunt
348 1647 529 1698 opibusque
547 1647 769 1685 auctc'f‘He-

125 1703 244 1739 rodoti
271 1705 384 1740 oratio
414 1705 446 1740 si
475 1705 530 1741 cui
552 1704 705 1753 abrupta
734 1708 770 1741 et

126 1759 300 1808 impedita
317 1760 500 1808 videatur,
528 1761 559 1796 is
578 1759 768 1810 suppleat.

127 1816 192 1853 οἱα
219 1812 298 1853 δὲ’
289 1812 421 1861 όντες
451 1818 507 1863 (s,
541 1814 768 1864 οἰκοῦντες)

127 1870 169 1909 έν
186 1885 225 1909 τε
244 1868 349 1924 χώρῃ
371 1870 438 1909 καὶ
458 1871 509 1910 ἐν
528 1867 680 1921 πλήθεϊ
695 1866 770 1910 ov'n

126 1923 271 1979 ὀλίγων
292 1943 327 1966 κ.
349 1942 381 1965 τ.
400 1930 432 1965 λ.
461 1927 558 1965 Nam
581 1928 770 1977 praeposi-

124 1984 174 2020 tio
195 1982 237 2022 ἐν
257 1997 328 2032 quo
347 1983 465 2020 minus
483 1985 590 2021 etiam
608 1984 655 2019 ad
673 1979 768 2032 πλη-

123 2044 196 2078 θεῖ
205 2041 380 2077 referatur
392 2070 402 2087 ‚
420 2040 507 2076 nihil
526 2041 658 2077 obstat.
676 2039 707 2076 V
710 2039 770 2076 ide

123 2108 217 2146 quae
235 2096 388 2132 diximus
398 2096 445 2132 ad
456 2095 633 2133 Plutarch.
643 2095 768 2143 Pyrrh.

123 2166 159 2203 p.
180 2154 260 2193 178
280 2165 357 2201 seq.
388 2156 424 2189 et
454 2165 549 2201 quae
564 2151 768 2201 nuperrime

125 2208 264 2245 monuit
282 2209 325 2245 C.
346 2208 464 2245 Beier.
486 2209 522 2245 in
542 2219 696 2244 censura
713 2208 768 2243 in-

125 2269 221 2302 serta
238 2264 428 2301 annalibus
445 2263 669 2315 philologieis
686 2263 768 2299 lah-

124 2321 174 2357 nii
196 2322 316 2368 1827,
335 2320 393 2368 ΙΙ,
413 2324 434 2361 1
465 2334 501 2370 p.
519 2323 585 2362 22.
629 2319 688 2357 De
705 2315 769 2358 οἷα

128 2373 171 2415 δὲ
191 2377 491 2425 subsequentibus
507 2376 672 2425 genitivis
684 2389 770 2413 con-

130 2433 338 2480 sequentiae
356 2433 556 2469 notavimus
576 2434 625 2469 ad
641 2432 767 2481 Pyrrh.

129 2500 166 2536 p.
189 2490 278 2528 176.
336 2489 521 2525 Orationis
547 2489 768 2526 abundantii

130 2544 168 2579 in
194 2543 311 2580 verbis
338 2540 489 2595 πληθεϊ
519 2560 592 2584 ουκ
626 2540 768 2596 ὀλίγων

132 2594 290 2649 ανδρων
307 2613 411 2638 nemo
432 2601 530 2652 apud
542 2601 768 2638 Herodotum

130 2655 354 2703 offendetur,
391 2670 457 2693 nec
491 2671 582 2707 opus
613 2660 668 2695 est
693 2662 767 2694 sta-

129 2719 229 2748 tuere
252 2713 589 2762 transpositionem,
629 2713 768 2762 qualem

130 2780 152 2803 a
180 2768 334 2815 Stegero
368 2769 590 2819 propositam
639 2770 767 2808 video:

129 2821 198 2862 καὶ
215 2819 290 2863 οὐκ
307 2819 437 2877 ὀλίγον
447 2821 768 2880 πλῆθοςοῖνδρῶν

847 749 1010 801 ἔχοντες.
1069 751 1180 789 Immo
1203 753 1360 802 πλῆθος
1379 752 1492 803 expli-

845 812 944 844 catur
963 807 1127 855 geuitivis
1144 809 1302 845 adiectis.
1334 808 1492 847 —Ver·

845 864 930 901 bum
948 860 1189 927 α’ναῦραμεῖν
1207 865 1253 901 de
1263 864 1398 914 plantis
1408 864 1491 902 her-

844 920 973 968 bisque
994 933 1058 969 pn
1062 934 1083 970 p
1089 921 1138 958 rie
1161 921 1277 957 locum
1293 920 1423 967 habet,
1453 925 1492 957 ut.

842 975 935 1012 infra
962 976 1068 1023 illl,
1099 977 1151 1018 55
1182 973 1295 1041 ὥρων
1325 973 1490 1027 βλαστὸν

843 1030 884 1069 ἐκ
914 1047 983 1071 του
1016 1033 1208 1082 στελέχεος
1239 1028 1335 1072 ’ὅσον
1353 1046 1393 1071 τε
1415 1046 1489 1082 πη-

842 1091 981 1136 χυαῖον
1012 1083 1486 1139 αναόεδραμηκοτα.

841 1143 936 1180 Hine
957 1146 1170 1182 transfertur
1181 1145 1228 1181 ad
1239 1150 1380 1193 gentes,
1395 1157 1490 1193 quae

840 1199 1042 1248 plantarum
1085 1201 1132 1238 ad
1178 1201 1312 1248 instar,
1358 1201 1489 1251 opibus

840 1262 1005 1292 creseunt
1046 1262 1082 1295 et
1127 1261 1316 1304 augentur.
1390 1256 1489 1293 Infra

839 1311 929 1359 Vll,
961 1315 1039 1353 156
1080 1313 1126 1349 de
1152 1313 1408 1361 Syracusanis:
1447 1311 1492 1350 αἱ

842 1364 885 1404 δὲ
912 1368 1136 1418 παραυτίκα
1165 1363 1260 1406 α’νά
1287 1363 1316 1405 τ’
1347 1367 1488 1417 ἔδρα-

840 1438 866 1472 μ
879 1437 931 1460 ον
950 1422 1016 1460 καὶ
1043 1422 1158 1472 ἔβλα
1171 1435 1222 1462 στ
1234 1437 1253 1461 ο
1266 1437 1300 1460 ν.
1329 1423 1484 1460 Diodor.

838 1478 946 1516 Sicul.
966 1479 1017 1525 V,
1042 1482 1093 1520 12
1117 1480 1201 1529 ibiq.
1231 1478 1387 1516 lVessel.
1419 1479 1484 1516 Cr.

839 1535 942 1571 addit
970 1535 1136 1572 Eustath.
1171 1536 1218 1573 ad
1251 1535 1386 1583 odyss.
1420 1535 1485 1582 VI,

840 1593 919 1631 167
950 1605 986 1641 p.
1008 1592 1112 1638 256,
1150 1592 1204 1632 35
1248 1591 1360 1628 Basil.
1424 1589 1483 1628 Ad

838 1648 984 1684 verbum
1005 1642 1215 1696 εὐθηνεῖν,
1245 1647 1281 1684 in
1308 1660 1381 1697 quo
1406 1660 1483 1684 ma-

838 1704 931 1741 xime
950 1704 1104 1741 florendi
1141 1717 1183 1741 ae
1215 1704 1362 1752 vigendi
1388 1704 1482 1741 inest

836 1760 911 1808 vis,
951 1761 1044 1797 conf.
1073 1760 1129 1807 II,
1162 1763 1239 1807 91,
1268 1760 1330 1796 ubi
1358 1760 1483 1797 itidem

838 1816 884 1852 de
904 1820 1020 1853 terrae
1036 1815 1281 1865 Aegyptiacae
1298 1815 1483 1852 foecundi-

837 1875 911 1908 tate
924 1875 960 1908 et
969 1871 1150 1908 fertilitate
1169 1871 1306 1907 dicitur.
1339 1871 1402 1908 Cr.
1415 1871 1481 1907 ad-

838 1927 981 1975 scripsit
1007 1927 1122 1963 locum
1150 1926 1261 1964 Dion
1290 1927 1479 1974 Chrysost.

840 1982 942 2019 Orat.
966 1982 1087 2018 XLIV
1107 1996 1143 2032 p.
1162 1985 1250 2024 197

893 2036 960 2077 καὶ
993 2034 1043 2087 δη
1082 2050 1177 2088 σφιν
1213 2032 1342 2077 ου’κὲτι
1370 2031 1480 2076 α’πέ-

835 2093 947 2145 χρα]
1006 2095 1109 2142 Huc,
1158 2095 1286 2141 credo,
1333 2093 1479 2140 faciunt,

836 2164 929 2200 quae
977 2151 1013 2187 in
1060 2150 1218 2188 Bekkeri
1265 2149 1425 2187 Anecdd.
1460 2149 1478 2186 I

834 2221 870 2257 p
885 2206 1253 2255 439,201eguntur:
1284 2200 1475 2273 οἷποχρᾷν·

836 2262 1032 2314 ἐξαρκεῖν·
1056 2258 1282 2314 Ἡρόδοτος,·
1308 2266 1359 2299 et:
1380 2257 1475 2301 α’πό-

837 2331 927 2383 792]
959 2318 996 2366 ἐς
988 2323 1122 2371 αρκεῖ.
1166 2319 1245 2356 coll.
1269 2332 1304 2369 p.
1317 2320 1391 2365 81,
1402 2320 1474 2359 31:

837 2371 1038 2429 ἀποχρᾶν·
1108 2370 1181 2415 οὐκ
1229 2370 1472 2426 ἀποχρῆναι·

831 2428 1038 2483 Ἡροδοτος
1071 2428 1222 2484 πρώτῳ.
1277 2430 1339 2468 'lu
1379 2432 1474 2468 conf.

835 2491 943 2527 etiam
971 2488 1145 2525 Nostrum
1177 2488 1245 2534 VI,
1276 2489 1367 2527 137
1405 2486 1472 2534 IX,

835 2549 889 2588 79
919 2549 955 2582 et
970 2545 1124 2582 Pausan.
1144 2544 1206 2592 IV,
1227 2543 1281 2585 25
1311 2541 1347 2594 ἓ.
1370 2545 1406 2584 1.

891 2595 988 2639 ἄλλα
1008 2596 1374 2653 καταφρονήσαντες
1390 2594 1475 2650 Ἀρ-

834 2655 967 2698 κᾶὂων
982 2656 1186 2707 κρέσσονες
1211 2653 1335 2706 εἶναι]
1366 2657 1474 2692 Cous.

835 2719 925 2752 nott.
945 2716 992 2751 ad
1011 2714 1049 2761 Ι,
1070 2713 1140 2761 59,
1162 2714 1224 2750 ubi
1241 2713 1312 2749 iam
1328 2713 1396 2749 hoc
1413 2725 1475 2749 ex-

836 2771 954 2821 emplo
991 2771 1090 2808 verbi
1126 2772 1389 2820 καταφρονεῖν
1419 2768 1474 2804 usi

835 2840 979 2876 sumuS,
1024 2831 1063 2865 ut
1087 2828 1124 2865 in
1151 2839 1224 2877 quo
1253 2823 1478 2864 existimandi

1494 305 1551 345 32
