1909 3228
660 234 957 275 CL10.1.
1352 239 1437 280 385

58 348 156 396 175
171 341 312 391 Ἦσαν
341 344 388 389 δὲ
427 341 644 401 Πηδασέες
681 345 903 397 οἰκοῦντες
935 344 1046 402 ὑπὲρ
1089 343 1761 404 Ἁλικαρνησσοῦ95Ρεᾶεεεηςῐυωνῑτ-

177 424 432 483 μεσόγαιαν·
490 429 602 468 τοῖσι
632 423 743 476 ὅκως
771 442 810 468 τι
848 425 996 482 μέλλοι
1035 422 1317 483 α’νεπιτήδεον
1346 427 1430 471 ἔσε-

178 510 305 555 σθαι,
365 501 534 547 αὐτοῖσί
575 519 620 547 τε
655 503 728 547 καὶ
765 509 876 547 τοῖσι
900 507 1180 560 περιοίκοισι,
1237 505 1265 563 ἡ
1295 507 1426 564 ἱερείη

1486 399 1552 423 tus:

1485 429 1626 458 sacerdos
1654 431 1683 458 in
1706 433 1758 459 ad-

1486 464 1584 491 versis
1623 473 1726 494 eorum

1480 498 1617 529 barbata·

148 588 256 640 Ξτῆς
281 580 510 639 Ἀθηναίης
538 581 728 639 πώγωνα
753 582 887 638 μέγαν
915 584 1034 639 ἴσχει.
1073 585 1165 639 τρίς
1193 596 1272 641 σφι
1299 589 1431 631 τοῦτο

133 664 137 671 “
176 662 356 719 ἐγένετο.
407 656 528 705 οὗτοι
557 665 645 704 τῶν
673 662 768 717 περὶ
797 663 969 718 Καρίην
998 662 1173 718 οἷνδρῶν
1199 666 1359 719 μοῦνοί
1385 681 1431 710 τε

176 739 384 797 ἀντέσχον
412 740 573 796 χρόνον
596 740 816 798 Ἁρπάγῳ,
855 741 927 784 καὶ
958 740 1188 798 πρήγματα
1215 742 1432 800 παρέσχον

175 825 372 870 πλεῖστα,
421 817 524 873 ὅρος
562 820 838 875 τειχίσαντες,
889 824 949 879 τῷ
982 820 1152 877 οὔνομά
1190 821 1278 865 ἐστι
1305 824 1430 879 Λίδη.

1605 397 1762 425 Miller-vau

53 901 151 947 176
164 898 409 954 3Πηδασέες
437 897 516 954 μέν
544 915 628 941 νυν
656 896 798 957 χρόνῳ
828 898 1122 956 ἐξαιρέθησαν.
1171 899 1328 945 Λύκιοι
1358 903 1449 955 ὁὲ,1
1481 919 1618 948 Xanthus
1649 919 1763 956 Lydae

174 974 232 1028 ὥς
269 977 312 1028 ἐς
351 975 400 1020 τὸ
439 977 631 1024 Ξάνθιον
668 978 820 1021 πεδίον
855 976 987 1035 ἤλασε
1025 976 1048 1022 ὁ
1096 977 1313 1037 ’Ἅρπαγος
1351 980 1428 1026 τὸν
1483 956 1763 1054 ἓὲιιὲἔὲορῖιὲῗὲᾗῐῑῖ

275 1196 307 1234 c
320 1209 341 1233 a
352 1210 389 1248 p.
422 1196 608 1235 CLXXV.

170 1274 277 1332 ἦσαν
307 1278 350 1319 δὲ
381 1279 586 1330 Πηδασέες
611 1279 769 1320 οἰκοῦν-

112 1351 174 1383 τες
195 1334 296 1388 ’ὑπὲρ
320 1335 630 1387 Ἁλικαρνησσοῦ
655 1333 769 1387 μεσό-

111 1396 254 1445 γαιαν]
295 1393 395 1429 Male
440 1394 549 1441 vulgo
598 1391 767 1445 Ἁλικαρ-

112 1450 295 1488 νασσοῦ.
353 1448 435 1486 Nos
482 1449 593 1486 secuti
646 1463 767 1486 sumus

112 1505 374 1542 Gaisfordium.
431 1503 490 1541 Ad
516 1510 767 1553 argumentum

110 1563 204 1599 conf.
217 1561 314 1609 VIII,
332 1559 433 1608 104,
452 1562 512 1598 ubi
531 1562 640 1608 idem,
666 1563 768 1611 quod

111 1617 181 1655 hoc
209 1617 313 1664 loco,
343 1618 405 1662 d·
416 1619 605 1655 sacerdote
629 1617 768 1656 Miner-

110 1686 178 1711 vae
210 1677 398 1720 narratur3
449 1674 515 1711 sed
546 1675 598 1710 bis
626 1679 766 1713 tantum

111 1729 209 1766 istud
235 1730 407 1768 accidisse
442 1730 490 1766 ibi
524 1730 699 1778 legimus3
727 1732 767 1768 id

113 1786 215 1834 quod
245 1798 289 1823 ex
317 1785 486 1822 hocloco
511 1788 766 1835 corrigendum

113 1841 254 1878 censuit
286 1841 492 1878 Casaubon.
524 1843 571 1879 ad
593 1843 764 1879 strabon.

113 1897 203 1934 XIII
227 1910 263 1946 p.
284 1898 366 1938 909
386 1910 471 1946 pag.
494 1899 571 1938 611
598 1899 655 1935 ed.
690 1899 765 1934 Ca—

114 1953 239 1999 saub.‚
280 1953 340 2001 qui
371 1953 467 1989 idem
500 1955 653 2004 scriptor
677 1954 767 1991 haee

114 2009 201 2047 citat
223 2009 403 2046 Herodoti
424 2010 545 2046 verba.

169 2082 272 2118 τοῖσι
292 2074 393 2125 ’ὅκως
418 2095 455 2117 τι
477 2078 608 2130 μέλλοι
633 2073 767 2118 α’νεπι-

112 2130 256 2185 τήδεον
281 2133 462 2185 ἔσεσθαι]
505 2131 766 2187 α’νεπιτήὸεον

110 2192 255 2229 videtur
303 2192 488 2242 scripsisse
541 2206 609 2243 pro
662 2204 763 2229 more

113 2248 336 2285 Graecorum
359 2262 435 2285 rem
455 2262 603 2297 gravem
634 2248 763 2286 leniori

112 2305 309 2353 designans
329 2305 476 2342 nomine
493 2310 602 2355 atque
618 2304 762 2342 mitiori.

113 2360 174 2397 Sic
192 2357 457 2411 ἄπεπιτήδεον
482 2361 504 2399 i.
535 2376 565 2399 e.
594 2364 764 2412 importu-

113 2428 213 2463 num,
241 2418 488 2454 incommodum
506 2418 596 2455 dixit
618 2419 666 2456 de
685 2431 763 2455 ma—

115 2471 148 2507 lo
166 2474 273 2519 gravi
299 2474 438 2522 publice
466 2476 668 2512 imminenti.
705 2474 766 2511 In-

117 2529 173 2564 fra
192 2527 299 2574 VIII,
323 2529 402 2570 104
428 2531 570 2580 scripsit
589 2527 766 2580 χαλεπόν.

115 2603 171 2609 -
192 2578 345 2622 αὐτοῖσί
374 2598 414 2623 τε
437 2584 504 2623 καὶ
531 2590 632 2625 τοῖσι
659 2601 768 2638 περι-

118 2638 282 2677 οίκοισι.·
307 2642 338 2676 et
357 2642 443 2689 ipsis
463 2641 766 2689 (Pedasensibus)

116 2698 149 2730 et
176 2697 327 2744 ipsorum
362 2696 511 2741 accolz's5
554 2698 636 2736 hine
672 2699 769 2736 nulla

117 2752 336 2789 emendandi
364 2766 481 2790 causa.

172 2816 345 2873 mo'suovoc
370 2821 496 2874 μέγαν
508 2822 640 2874 ἴσχει]
673 2822 770 2874 ἴσχει,

117 2875 233 2928 (ἔχει)
255 2878 310 2915 hic
332 2879 428 2916 idem
441 2881 517 2918 sere
529 2886 639 2931 atque
653 2879 769 2927 nasi}-

161 2935 373 2973 Hssnonor.
404 2935 433 2975 I.

837 1211 915 1248 χει.·
943 1198 1103 1248 praebet,
1132 1201 1274 1249 accipit.
1305 1221 1359 1227 —
1388 1200 1487 1247 „De

838 1254 950 1290 barba
971 1255 1073 1291 huius
1092 1257 1305 1303 sacerdotis,
1337 1257 1409 1305 qua
1428 1269 1486 1294 res

835 1311 976 1347 futurae
1009 1312 1292 1361 portendantur,
1330 1312 1489 1362 loquitur

837 1367 946 1402 etiam
974 1365 1185 1405 Aristoteles
1214 1368 1311 1406 Hist.
1333 1367 1488 1406 Animal.

835 1419 908 1468 III,
933 1423 1024 1461 11.“
1056 1421 1120 1459 Cr.

893 1472 1083 1528 ἀντέσχον
1120 1473 1289 1529 χρόνον]
1346 1475 1490 1530 χρόνον

837 1537 891 1570 est
911 1533 974 1570 diu
999 1534 1048 1581 (i.
1076 1547 1107 1571 e.
1133 1548 1201 1585 per
1222 1535 1372 1584 aliquod
1393 1540 1488 1574 tem-

834 1591 923 1640 pus)
944 1590 1145 1640 explicante
1162 1590 1342 1630 Matthiae
1362 1591 1399 1629 in
1419 1592 1486 1630 Gr.

836 1647 901 1683 Gr.
925 1645 961 1697 ἓ.
980 1648 1083 1693 425,
1106 1649 1153 1695 2,
1176 1648 1211 1685 b.
1241 1648 1319 1686 Sed
1339 1643 1485 1703 χρόνῳ,

834 1703 936 1752 quod
967 1703 1005 1740 in
1034 1703 1106 1741 fine
1132 1717 1210 1754 cap.
1242 1707 1381 1752 exstat,
1409 1709 1485 1743 est:

834 1759 983 1795 tandem.
1043 1760 1150 1796 Conf.
1169 1773 1279 1810 supra
1303 1761 1350 1797 ad
1373 1761 1402 1807 Ι,
1421 1763 1487 1802 68.

835 1814 900 1855 84.
930 1835 986 1842 —-
1013 1814 1072 1852 De
1099 1820 1222 1853 monte
1245 1815 1358 1863 Lide,
1387 1817 1487 1854 cuius

833 1870 997 1920 proxime
1020 1872 1155 1908 menti0
1173 1872 1234 1918 fit,
1256 1875 1378 1909 tacent
1396 1873 1487 1909 scri-

832 1930 956 1976 ptores
976 1930 1137 1974 veteres,
1168 1928 1229 1975 qui
1252 1929 1299 1964 ad
1321 1940 1388 1964 nos
1402 1941 1486 1977 per-

832 1985 1019 2019 venerunt.
1076 1980 1187 2032 Apud
1218 1996 1325 2020 unum
1361 1983 1486 2022 Ptole-

832 2050 976 2075 maeum
1005 2037 1052 2084 V,
1084 2039 1111 2078 3
1149 2039 1324 2088 oppidum
1354 2039 1486 2079 Cariae

832 2093 982 2131 inveniri
1007 2089 1144 2132 Λύὸαι
1175 2100 1299 2132 monet
1337 2094 1485 2133 Wesse-

832 2149 988 2198 lingius,
1019 2150 1085 2187 sed
1114 2150 1209 2187 idem
1237 2151 1358 2198 addit,
1387 2152 1486 2190 varie

834 2206 939 2243 scribi
986 2206 1083 2243 istud
1118 2219 1270 2255 nomen,
1309 2211 1344 2245 et
1375 2206 1485 2258 Clyde

830 2267 868 2301 et
898 2257 1041 2302 Χύδαι.

990 2348 1021 2384 C
1032 2360 1052 2384 a
1064 2360 1101 2397 p.
1132 2346 1334 2386 CLXXVI.

889 2431 929 2479 ἐς
946 2428 990 2472 τό
1006 2428 1185 2473 Ξάνθιον
1205 2432 1360 2479 πεδίον]
1375 2433 1481 2470 Χαη-

835 2489 914 2525 thus
932 2489 1067 2537 Lyciae
1091 2493 1145 2525 est
1163 2489 1270 2536 urbs,
1300 2489 1481 2527 Strabone

834 2550 981 2582 auctore
1015 2545 1247 2594 septuaginta
1282 2545 1398 2582 stadia
1426 2545 1481 2582 di-

835 2606 934 2638 stans
964 2614 986 2638 a
1011 2601 1119 2646 mari3
1158 2600 1196 2637 in
1222 2614 1295 2649 quo
1333 2602 1481 2650 quidem

834 2659 1038 2706 refragatur
1061 2656 1197 2693 Plinius
1217 2657 1313 2694 Hist.
1334 2656 1421 2694 Nat.
1432 2657 1478 2704 V,

837 2717 902 2755 27.
933 2713 1123 2750 Strabonis
1139 2712 1237 2750 locus
1258 2716 1374 2750 exstat
1390 2713 1478 2750 XIV

836 2783 872 2820 p.
895 2772 998 2816 981,
1020 2769 1064 2806 B.
1095 2768 1139 2805 C.
1195 2769 1298 2806 quta
1316 2769 1482 2806 Xanthus

838 2827 965 2862 fluvius
976 2854 986 2872 ,
1010 2825 1049 2862 in
1070 2825 1166 2863 cuius
1181 2825 1260 2875 ripa
1273 2826 1416 2862 sinistra
1433 2825 1482 2862 si-

836 2886 875 2919 ta
902 2882 967 2919 fuit
993 2881 1102 2931 urbs,
1136 2885 1176 2919 ut
1204 2881 1415 2931 intelligitur
1440 2893 1484 2918 ex

1180 2938 1236 2979 25
