1909 3228
595 199 1018 239 EUTERPE.
1075 200 1121 238 11.
1397 201 1480 240 859

95 314 191 359 164

317 308 439 353 ’Ἐστι
469 311 514 354 δὲ
544 311 798 365 Αἰγυπτίων
829 309 933 353 ἑπτὰ
963 309 1108 364 γένεα·
1139 307 1211 350 καὶ
1237 306 1406 350 τούτων
1437 309 1481 350 οἵ
1541 309 1620 350 185
1657 360 1664 367 ·

1533 361 1814 427 355323¹¹2⁰¹0⁰3¹¹1a2ssl

1534 428 1594 453 ries
1622 432 1652 454 et
1686 427 1815 454 Hei-mn-

1536 461 1655 494 1311163,
1691 461 1813 495 generis

1537 494 1690 522 militaris.

212 389 313 445 μὲν,
356 389 485 444 ἱρέες,
518 392 561 433 οἱ
591 389 656 441 δὲ,
690 390 868 445 μάχιμοι
897 389 1141 432 κεκλέαται·
1197 388 1240 430 οἱ
1268 387 1334 438 δὲ,
1366 390 1473 442 βου-

213 467 357 511 κόλοι·
392 470 435 511 οἱ
462 472 526 523 δὲ,
562 471 774 525 συβῶται·
808 470 851 512 οἱ
881 469 946 520 δὲ,
978 466 1186 523 κάπηλοι·
1228 468 1271 510 οἱ
1302 466 1373 518 δὲ,
1405 465 1476 520 ἑρ-

157 652 255 691 Add.
284 653 338 700 11,
375 656 473 695 169;
505 651 545 700 ἒς
575 650 810 703 ῙΙἸωμὲμφιν

157 706 284 749 πόλιν.
342 710 407 746 Est
431 723 517 746 vero
536 708 579 748 ἐν
595 709 811 746 Latinorum

157 766 227 813 acl,
258 770 297 802 ut
325 779 434 815 supra
466 766 519 812 ll,
544 767 623 807 159
652 765 694 804 ἐν
717 769 812 804 Ma-

157 817 310 875 γδόλῳ,
343 826 379 858 et
401 822 477 859 aliis
507 822 594 858 locis
620 834 641 858 a
663 822 812 860 116556-

157 879 268 927 lingio
292 878 448 915 laudatis
470 878 608 924 111,45.
637 879 734 925 wll,
747 881 812 920 86.

156 935 265 972 Plura
285 934 446 972 Fischer.
468 936 517 972 ad
539 934 684 972 u'eller.
708 936 772 981 Ill,
791 936 814 972 b

156 1005 193 1042 p.
216 993 294 1032 139
315 1004 391 1039 seq.
421 1013 478 1019 —
507 992 564 1029 Ad
586 992 682 1029 urbis
701 993 813 1042 ipsius

159 1048 268 1085 situm
292 1048 539 1085 definiendum
561 1049 647 1085 facit
671 1049 815 1086 Diodo-

157 1118 241 1151 rus,
275 1104 337 1153 qui
359 1104 380 1140 l.
402 1105 423 1141 1.
447 1106 495 1142 ad
514 1104 676 1142 Blariam
695 1107 812 1142 vicum

155 1161 332 1212 proelium
344 1163 572 1199 commissum
592 1175 672 1199 esse
693 1164 814 1200 refert.

159 1218 229 1255 Cui
250 1219 279 1253 si
301 1218 511 1266 iungamus,
545 1232 639 1269 quae
668 1220 715 1255 ad
734 1219 768 1255 h.
789 1218 812 1256 l.

157 1274 244 1311 citat
278 1273 562 1324 Wesselingius,
606 1281 717 1323 atque
758 1276 814 1312 in-

158 1332 279 1380 primis
301 1331 329 1366 si
358 1332 586 1368 consulamus
617 1332 812 1368 Strabonis

155 1387 273 1423 locum
298 1387 401 1423 XVII
418 1401 502 1437 pag.
523 1388 651 1433 1155,
672 1389 726 1434 B,
755 1388 813 1424 vix

157 1443 304 1479 dubium
329 1444 491 1490 videtur,
531 1445 616 1492 quin
639 1443 811 1480 „Momem-

150 1499 233 1549 phis
253 1500 322 1536 sita
342 1501 450 1536 suerit
473 1500 521 1536 ad
537 1500 718 1546 canalem,
751 1500 812 1549 qui

158 1569 178 1593 e
207 1556 394 1606 Canopico
426 1557 535 1592 fluvio
564 1557 611 1593 ad
636 1556 814 1594 Mareoti-

158 1613 240 1649 dem
263 1612 377 1649 lacum
411 1613 539 1649 ductus
565 1617 664 1659 erat,
694 1627 737 1650 eo
759 1613 813 1649 lo-

157 1682 219 1716 c0,
250 1670 305 1705 cui
331 1670 529 1706 etiamnum
560 1682 692 1706 nomen
722 1668 813 1706 Ma-

157 1725 256 1774 nouf.
305 1725 419 1762 Vetus
436 1738 568 1761 nomen
589 1725 813 1776 Aegyptium

160 1781 333 1831 Panoztf-
353 1782 448 1817 Klze't
480 1783 592 1818 fuisse
627 1783 815 1819 contendit

160 1837 362 1886 Champoll.
383 1839 542 1886 l‘Egypt.
562 1851 644 1874 sous
668 1839 689 1874 l.
712 1839 814 1888 phar.

162 1895 191 1931 11
213 1908 248 1943 p.
262 1894 344 1935 252
365 1908 442 1944 seq.
464 1894 546 1931 coll.
565 1894 720 1932 Renuel.
747 1894 768 1931 1.
791 1894 813 1930 1.

159 1963 243 2001 pag.
265 1953 358 1991 617.

337 2036 368 2072 c
379 2049 400 2073 a
411 2050 448 2086 p.
482 2035 647 2073 CLXIV.

219 2118 299 2157 ἔστι
319 2117 361 2157 δὲ
381 2120 615 2171 Αἰγυπτίων
637 2116 733 2158 ἕπττῖ
755 2117 817 2170 γέ-

160 2174 253 2225 νεα]
285 2175 416 2226 γένεα,
449 2190 543 2226 quae
573 2177 660 2213 alias
691 2177 817 2213 dicun-

160 2238 219 2269 tur
236 2233 348 2269 tribus
371 2248 398 2270 5.
420 2238 538 2283 gentes
562 2234 652 2280 (vid.
672 2232 709 2279 I,
735 2235 815 2274 102

160 2289 247 2337 ibiq.
278 2294 351 2326 not.
378 2290 412 2337 I,
434 2292 555 2336 125),
594 2290 651 2326 hic
678 2289 816 2337 siguifi-

162 2350 247 2382 cant
271 2345 401 2383 classes
420 2347 697 2397 Aegyptiorum,
725 2358 814 2394 quas

161 2414 229 2438 nos
246 2402 352 2450 vulgo
376 2403 523 2440 dicimus
554 2402 698 2438 Kasten.
757 2401 816 2438 De

162 2458 291 2507 quibus
313 2460 503 2508 primarius
526 2465 581 2496 est
595 2458 745 2495 Diodori
764 2457 817 2493 lo-

163 2527 223 2551 cus
255 2515 289 2559 I,
310 2517 363 2555 73
392 2515 470 2551 coll.
500 2515 538 2562 Ι,
563 2517 637 2561 28,
669 2515 729 2551 ubi
758 2519 817 2550 to-

163 2575 236 2606 tam
254 2571 414 2620 Aegypti
443 2572 631 2619 regionem
656 2571 817 2619 triparti-

163 2631 239 2662 tam
277 2640 359 2663 esse
388 2627 492 2673 dicit,
535 2629 633 2663 cuius
664 2627 817 2676 primam

163 2683 368 2732 portionem
391 2684 619 2719 sacerdotum
639 2684 729 2719 ordo
749 2682 816 2718 sibi

164 2739 322 2775 vindicet
336 2768 347 2783 ,
388 2738 538 2775 alteram
574 2752 679 2787 reges
694 2767 704 2785 ,
743 2743 818 2774 ter-

163 2795 250 2831 tiam
267 2795 408 2831 milites.
431 2794 518 2830 Mox
529 2800 666 2842 tamen,
679 2808 734 2844 cp.
748 2794 814 2840 74,

163 2864 239 2889 rem
250 2851 430 2902 publicam
443 2851 649 2889 distinctam
669 2864 815 2900 quoque

880 666 961 690 esse
991 652 1115 689 scribit
1146 652 1183 688 in
1212 656 1286 689 tres
1312 652 1398 689 alias
1420 651 1538 689 homi-

879 722 965 746 num
987 709 1120 745 classes
1134 738 1144 755 ,
1164 709 1232 745 illis
1252 710 1452 755 inferiores,
1471 722 1537 759 pa-

881 771 1020 802 storum
1059 765 1228 802 videlicet
1247 794 1257 812 ,
1297 765 1538 814 agricolarum

882 827 918 859 et
939 822 1117 871 opificum.
1175 821 1234 858 De
1257 822 1386 870 quibus
1412 823 1537 871 singu-

881 878 923 915 lis
941 879 1026 915 dein
1046 878 1203 927 exponit.
1251 878 1368 914 Addit
1389 878 1539 916 W‘esse-

881 936 1013 983 lingius
1055 934 1247 971 Strabonis
1290 935 1537 972 testimonium

882 992 987 1029 XVII
1017 1005 1053 1041 p.
1079 992 1186 1031 1136
1200 1020 1210 1038 ,
1228 991 1259 1027 Β
1281 995 1393 1040 atque
1412 991 1537 1028 Plato-

881 1049 938 1085 nis
960 1048 997 1084 in
1018 1047 1114 1084 Tim.
1138 1061 1174 1097 p.
1192 1046 1268 1094 24,
1299 1048 1360 1096 qui
1380 1061 1443 1085 sex
1462 1060 1539 1085 me-

880 1109 999 1142 morat
1019 1104 1173 1141 classes:
1205 1105 1445 1151 sacerdotum,
1469 1117 1538 1155 pu-

881 1167 1098 1210 gnatorum,
1123 1160 1312 1207 artificum,
1335 1166 1538 1210 pastorum,

881 1224 1093 1255 venatorum
1114 1222 1148 1254 et
1166 1217 1413 1265 agricolarum.
1445 1218 1540 1261 Qui-

883 1275 1030 1311 buscum
1067 1274 1221 1311 conferri
1260 1275 1394 1323 poterit
1430 1274 1538 1311 lesai-

882 1331 994 1377 XIX,
1013 1334 1035 1370 7
1058 1351 1112 1357 —-
1133 1333 1197 1370 21.
1257 1329 1394 1367 Nostra
1415 1335 1537 1367 aetate

881 1388 918 1424 in
962 1387 1050 1424 haec
1087 1386 1313 1435 potissimum
1354 1387 1540 1435 inquisivit

880 1443 1041 1480 Heeren.
1062 1443 1175 1479 Ideen
1204 1447 1271 1479 etc.
1297 1442 1351 1487 Il,
1369 1445 1394 1482 2
1429 1456 1464 1491 p.
1484 1445 1537 1483 96

884 1512 963 1547 sqq.
998 1499 1077 1539 124
1095 1511 1176 1546 sqq.
1200 1497 1276 1534 coll.
1296 1499 1410 1536 Beck.
1424 1499 1542 1536 welt-

882 1555 1005 1605 gesch.
1028 1554 1043 1590 1
1072 1567 1159 1604 pag.
1182 1556 1274 1595 739.

940 1611 981 1650 οἵ
1015 1608 1104 1660 μὲν,
1148 1608 1313 1662 ἷρὲες]
1346 1610 1388 1647 111
1420 1611 1539 1661 primo

880 1668 1096 1705 sacerdotum
1114 1667 1241 1704 ordine
1262 1681 1389 1705 omnes
1408 1681 1541 1715 conve-

880 1727 985 1762 niunt
1003 1728 1143 1761 veteres
1165 1724 1370 1772 scriptores.
1396 1723 1454 1761 De
1466 1737 1540 1772 quo

882 1781 987 1830 plura
1015 1780 1173 1816 afferunt
1206 1780 1271 1815 viri
1299 1780 1395 1816 docti
1428 1781 1540 1817 modo

882 1837 1031 1873 laudati.
1093 1835 1153 1872 Tu
1178 1836 1272 1872 conf.
1306 1837 1415 1873 etiam
1448 1841 1539 1873 nott.

883 1894 931 1930 ad
959 1892 1192 1929 Herodotum
1218 1892 1272 1939 II,
1301 1893 1367 1933 36.
1397 1894 1462 1933 37.
1485 1893 1541 1935 42

883 1950 1048 1998 aliosque
1068 1949 1179 1985 locos.

942 2005 983 2044 οἱ
1011 2003 1052 2043 δὲ
1071 2034 1082 2053 ,
1123 2001 1286 2054 μάχιμοι
1313 2002 1540 2055 κεκλέαται]

883 2062 926 2099 111
955 2062 1023 2098 hoc
1054 2074 1202 2110 quoque
1232 2063 1392 2098 secundo
1413 2063 1543 2098 ordine

884 2118 1036 2155 militum
1056 2123 1196 2155 veteres
1220 2118 1460 2155 consentiunt.
1498 2118 1544 2154 li-

886 2176 969 2212 dem
988 2180 1234 2212 memorantur
1251 2187 1360 2223 supra
1377 2174 1422 2221 II,
1447 2173 1542 2221 141,

885 2232 947 2268 ubi
971 2232 1041 2268 vid.
1065 2236 1143 2267 not.
1179 2236 1217 2268 et
1244 2231 1337 2268 infra
1370 2231 1423 2277 ΙΙ,
1448 2230 1541 2271 165.

887 2291 966 2329 166
987 2316 996 2334 ,
1034 2288 1094 2323 ubi
1129 2286 1245 2337 plura.
1316 2287 1542 2330 Quibuscum

884 2346 978 2381 conf.
1010 2343 1231 2392 W‘esseling.
1266 2343 1314 2379 ad
1341 2343 1495 2380 Diodor.
1512 2342 1541 2390 I,

885 2402 938 2441 73
962 2405 998 2438 et
1010 2401 1167 2438 Heeren.
1189 2400 1301 2437 Ideen
1322 2401 1344 2437 l.
1364 2400 1387 2436 l.
1408 2413 1443 2450 p.
1460 2400 1539 2440 151

885 2470 988 2505 seqq.

944 2512 984 2551 οἰ
1002 2510 1065 2560 δὲ,
1098 2508 1304 2563 βουκόλοι·
1338 2509 1379 2549 οἵ
1397 2508 1451 2556 δὲ,
1475 2522 1540 2548 συ-

886 2568 1033 2620 βῶται]
1067 2569 1171 2612 Quae
1201 2570 1295 2605 duae
1318 2572 1401 2603 sunt
1418 2567 1540 2603 Hero-

885 2627 973 2661 doto
985 2626 1130 2671 classes,
1149 2638 1169 2660 a
1182 2625 1347 2661 Diodoro
1368 2624 1415 2659 ad
1430 2635 1539 2659 unam

880 2685 1059 2730 pastorum
1084 2681 1235 2717 classem
1256 2681 1471 2724 reseruntur,
1502 2680 1541 2715 in

885 2739 975 2774 duas
1015 2739 1172 2774 sortasse
1204 2736 1338 2773 classes
1381 2735 1541 2772 subdivi-

884 2807 983 2840 sam,
1024 2799 1064 2830 ut
1092 2793 1276 2830 Heerenio
1307 2792 1450 2828 videtur
1471 2791 1493 2828 l.
1515 2791 1537 2828 l.

882 2863 968 2901 pag.
990 2850 1090 2897 146,
1121 2862 1193 2899 quo
1211 2854 1362 2899 uterque
1383 2848 1538 2898 scriptor
