1909 3228
657 264 867 305 cLlo.
927 266 953 306 Ι.
1346 270 1431 310 435

297 373 354 418 Τό
386 373 431 417 δὲ
461 372 661 418 ἁπάντων
688 379 849 430 θῶυμα
875 375 1077 432 μέγιστόν
1115 378 1190 432 μοι’
1216 377 1305 421 ἐστι
1339 382 1608 431 τῶνΞὟανῑιιω
1650 401 1753 422 onera-

1481 430 1754 489 fffffflsseti'f‘ssiffissi

1485 495 1636 523 structura
1660 499 1691 524 et
1705 504 1753 523 or-

1483 530 1580 557 natus.

175 452 336 511 ταύτῃ,
366 454 469 509 μετά
498 470 544 510 γε
575 452 711 510 αὐτὴν
740 453 820 511 τὴν
841 454 991 505 πόλιν,
1025 456 1201 512 ἔρχομαι
1230 455 1424 513 φράσων.

150 534 234 577 9τά
271 537 402 577 πλοῖα
443 532 612 578 αὐτοῖσί
650 532 739 577 ἐστι
776 534 829 577 τοὶ
868 534 977 578 κατὰ
1015 533 1092 579 τὸν
1130 535 1325 593 ποταμὸν
1351 551 1426 581 πο-

120 720 175 771 τῷ
204 720 344 771 καρπῷ
377 717 418 757 οἷ
444 716 619 768 ἔρσενες]
659 717 770 769 Apud

121 774 370 812 Gaissordium
391 775 555 811 invenio:
588 774 638 812 αἱ
667 774 772 826 ἔρσε-

120 845 209 879 νες,·
238 831 338 880 quod
367 832 465 868 unde
483 831 678 878 adscitum,
707 845 773 869 ne-

119 888 203 924 scio.
264 887 410 924 Retinui
443 887 555 936 igitur
588 887 773 936 vulgatum

120 943 168 983 οἱ
200 941 362 995 ἔρσενες.
428 946 557 994 ψῆνες
591 957 771 993 quaenam

118 1000 250 1037 suerint
280 999 471 1048 animalia,
511 1013 586 1038 non
625 1013 772 1038 accura-

117 1057 188 1093 tius
214 1055 351 1093 Noster
379 1057 593 1106 designavit.
649 1057 770 1095 Fuere

118 1125 163 1150 ex
190 1113 366 1161 antiquis,
405 1114 466 1162 qui
491 1126 565 1150 non
596 1126 663 1164 pro
693 1114 771 1150 ani-

117 1168 201 1206 mali
232 1169 297 1205 sed
320 1182 386 1219 pro
417 1170 496 1219 ipso
531 1169 769 1207 mascularum

116 1225 313 1275 palmarum
342 1227 461 1262 fructu
490 1225 687 1274 haberent,
716 1226 769 1264 uti

116 1280 263 1328 Pollux,
304 1281 505 1330 Hesychius
542 1286 651 1331 atque
688 1283 768 1332 ipse

117 1337 413 1386 Theophylactus
442 1338 588 1388 (Epist.
617 1339 764 1385 XVIII)

117 1394 162 1429 ab
200 1393 279 1429 aliis
318 1394 447 1429 erroris
502 1394 676 1440 incusati,
717 1394 763 1430 ab

115 1448 362 1496 lVesselingio
401 1448 573 1486 haetenus
610 1449 763 1497 defensi,

113 1506 213 1554 quod
240 1518 279 1542 se
298 1505 413 1541 vereri
440 1505 578 1552 scribit,
608 1510 648 1543 ut
668 1506 763 1543 iusta

113 1561 160 1598 sit
176 1561 317 1598 illorum
336 1561 493 1598 virorum
512 1562 548 1598 in
569 1562 762 1599 Gramma-

112 1618 200 1655 ticos
222 1622 362 1655 veteres
395 1618 500 1655 aetio.
556 1616 610 1655 Ac
643 1618 762 1669 potuit

112 1688 151 1711 re
183 1686 270 1712 vera
304 1678 464 1724 tempus,
504 1675 558 1711 uti
585 1675 645 1722 fit,
682 1688 762 1711 mu-

112 1735 210 1768 tasse
223 1731 319 1767 vocis
343 1731 654 1778 significationem.
676 1732 762 1768 Ste-

112 1785 195 1823 riles
221 1787 315 1823 enim
334 1787 498 1836 palmae,
523 1792 673 1824 notante
692 1787 762 1824 Ni-

112 1841 196 1880 clas.
224 1843 272 1879 ad
291 1843 493 1891 Geoponic.
512 1843 561 1889 X,
574 1843 598 1883 5
617 1856 652 1893 p.
666 1843 762 1889 651,

113 1912 187 1935 non
201 1898 309 1934 alium
338 1899 493 1934 fructum
518 1900 664 1945 serunt,
693 1899 762 1935 nisi

112 1956 244 2000 flores3
283 1956 392 1991 flores
421 1958 542 1991 autem
573 1967 696 1991 semen
727 1957 763 1991 et

113 2011 242 2048 culices
260 2011 456 2047 continent.
492 2010 638 2047 Laudat
655 2022 763 2060 prae-

111 2072 212 2104 terea
247 2067 302 2103 vir
338 2066 466 2103 doctus
500 2065 684 2103 Aristotel.
714 2067 762 2103 de

111 2122 230 2160 Plant.
258 2122 296 2169 I,
322 2124 359 2162 6.
409 2122 589 2158 Graecum
615 2120 760 2168 animal,

112 2180 212 2228 quod
231 2179 268 2215 in
286 2179 360 2215 ficis
377 2178 461 2215 feris
480 2178 657 2215 invenitur
668 2206 680 2224 ,
696 2178 762 2215 de-

112 2236 273 2272 scribunt
301 2233 514 2271 Aristoteles
549 2234 644 2270 Hist.
671 2232 761 2270 Ani-

111 2291 195 2329 mal.
212 2291 259 2338 V,
273 2292 328 2333 32
350 2295 386 2329 et
401 2290 644 2340 Theophrast.
664 2289 761 2327 Hist.

111 2347 230 2384 Plant.
249 2347 301 2394 II,
321 2350 360 2394 8,
386 2349 420 2387 1.
441 2349 468 2387 2
497 2346 554 2383 ed.
575 2346 759 2393 Schneid.‚

114 2416 157 2441 ex
181 2416 253 2452 quo
278 2404 358 2452 ipso
390 2415 456 2440 sua
487 2402 662 2439 desumsit
688 2402 762 2438 Pli-

113 2459 192 2494 nius
210 2459 248 2495 in
271 2459 367 2496 Hist.
384 2458 471 2496 Nat.
488 2457 595 2495 XVII
618 2471 674 2508 cp.
695 2460 761 2499 27.

116 2514 257 2557 Quibus
301 2515 503 2551 Larcherus
545 2526 590 2551 ea
626 2513 759 2561 adiicit,

113 2582 208 2618 quae
235 2569 302 2606 hac
324 2571 371 2608 de
406 2583 445 2607 re
476 2570 597 2607 scribit
625 2569 761 2606 Ponte-

114 2627 203 2663 dera
224 2625 246 2662 l.
265 2625 288 2662 l.
313 2625 364 2672 ΙΙ,
394 2628 448 2666 34
469 2638 554 2677 pag.
580 2626 659 2666 174
681 2637 758 2674 seq.

113 2682 202 2729 Sed,
224 2685 395 2718 monente
415 2683 544 2719 eodem
561 2680 759 2729 Larchero,

113 2737 238 2786 quaeri
259 2750 457 2786 sanequam
475 2737 620 2787 poterit,
638 2740 757 2774 utrum

113 2794 212 2843 quod
232 2806 298 2844 per
325 2793 513 2830 Graeciam
540 2793 577 2830 in
603 2792 678 2829 ficis
703 2792 759 2828 in-

113 2849 277 2887 veniatur
305 2848 435 2886 animal
458 2849 628 2898 quodque
648 2847 757 2898 vulgo

114 2905 314 2957 appellatur
339 2901 449 2957 ψήν,
488 2905 583 2945 idem
611 2916 757 2957 quoque

838 718 884 756 sit
906 719 1203 767 existimandum,
1234 721 1333 770 quod
1357 722 1485 761 eodem

838 776 982 813 nomine
1012 776 1048 813 in
1076 775 1201 826 palmis
1223 790 1290 828 per
1311 778 1486 816 orientem

839 836 1013 869 occurrat.
1053 832 1122 868 Cui
1146 833 1197 869 rei
1215 832 1407 872 solvendae
1425 848 1486 872 me

839 888 985 938 quidem
1005 888 1101 926 haud
1121 901 1244 938 parem
1262 902 1342 927 esse
1360 889 1486 928 lubens

839 945 1023 982 confiteor.
1066 944 1106 980 In
1121 945 1331 983 Schneideri
1349 945 1485 984 Lexico

838 997 927 1052 ’ψήν
945 1001 1107 1039 redditur
1126 1000 1256 1051 Cynz'ps
1276 1001 1339 1049 L.,
1356 1015 1488 1040 verna-

837 1057 935 1095 cule:
966 1057 1169 1107 Gallwespe.
1225 1058 1383 1095 Heeren.
1409 1058 1431 1095 l.
1459 1058 1485 1096 1.

835 1127 920 1164 pag.
949 1114 1027 1155 146
1056 1118 1132 1150 not.
1162 1114 1200 1150 id
1226 1114 1336 1151 modo
1361 1115 1484 1152 addit:

835 1169 912 1218 „Es
929 1171 1059 1219 gehijrt
1079 1183 1124 1206 zu
1141 1170 1224 1206 dem
1245 1169 1373 1220 Cym'ps
1394 1169 1484 1208 Pse-

834 1228 934 1263 neS.“
990 1225 1086 1264 Nam
1114 1225 1252 1263 Plinius
1278 1227 1395 1264 minus
1422 1239 1485 1264 ac-

834 1286 956 1319 curate
975 1283 1061 1320 dicit
1082 1282 1248 1331 culicem,
1276 1282 1373 1321 Hist.
1393 1281 1482 1321 Nat.

834 1338 917 1386 xv,
942 1341 1005 1380 19.

999 1420 1030 1458 c
1048 1433 1117 1472 ap.
1147 1420 1315 1460 CXCIV.

886 1502 1046 1556 ἔρχομαι
1074 1499 1268 1556 φράσων]
1297 1505 1356 1544 De
1382 1503 1483 1544 locu-

829 1560 931 1598 tione
960 1560 1093 1598 consul.
1122 1560 1298 1600 Matthiae
1326 1563 1391 1600 Gr.
1412 1563 1480 1600 Gr.

827 1631 914 1669 pag.
939 1619 1058 1659 1106.
1084 1639 1132 1644 -
1164 1617 1278 1655 Paulo
1306 1622 1389 1656 ante
1416 1631 1479 1655 or-

829 1674 951 1711 dinem
990 1674 1180 1711 verborum
1213 1687 1293 1712 cum
1328 1678 1478 1713 recentt.

829 1731 931 1768 editt.
989 1731 1224 1779 mutavimus,
1281 1731 1478 1769 scribentes

829 1781 925 1838 μετά
940 1800 983 1837 γε
1002 1781 1129 1838 αὐτήν
1148 1783 1223 1838 τὴν
1241 1782 1369 1835 πόλιν,
1379 1787 1479 1836 quod

826 1843 907 1879 libri
933 1843 1108 1880 ferebant.
1135 1865 1191 1870 —-
1218 1842 1260 1879 In
1282 1856 1384 1892 seqq.
1408 1855 1478 1879 no-

827 1898 940 1934 tanda
960 1899 1133 1935 orationis
1165 1900 1342 1947 quaedam
1361 1899 1477 1936 abun-

828 1954 978 1999 dantia,
1017 1954 1063 1991 de
1089 1955 1160 2002 qua
1198 1954 1236 1991 in
1268 1955 1476 1992 universum

827 2009 966 2045 monuit
981 2009 1111 2046 Matth.
1138 2009 1161 2046 l.
1183 2008 1205 2046 l.
1234 2022 1320 2059 pag.
1344 2009 1475 2051 1104:

827 2061 876 2103 τὰ
925 2067 1045 2104 πλοῖα
1091 2060 1245 2104 αὐτοῖσί
1279 2064 1386 2105 ἐστι
1419 2086 1468 2094 —

828 2115 979 2160 ε’όντοι
1016 2119 1257 2172 κυκλοτερέα.

883 2172 931 2214 to?
951 2178 1069 2215 πλοῖα
1100 2172 1255 2215 αὐτοῖσί
1280 2175 1360 2216 ἔστι
1380 2192 1416 2217 κ.
1437 2192 1472 2217 τ.

826 2230 875 2282 λ.]
903 2232 1009 2276 Quae
1032 2233 1241 2270 Herodotus
1266 2233 1334 2271 hoc
1355 2234 1473 2285 capite

828 2289 875 2326 de
899 2289 1049 2338 navigiis
1076 2289 1172 2326 hisce
1199 2289 1319 2326 scribit
1349 2302 1391 2327 ac
1423 2289 1472 2327 de

826 2345 1022 2393 navigandi
1045 2345 1204 2392 ratione,
1234 2358 1277 2382 ea
1292 2345 1473 2394 hodieque

827 2402 865 2437 in
891 2414 958 2437 usu
987 2414 1067 2439 esse
1099 2401 1219 2438 omnia
1257 2401 1472 2439 recentiores

830 2458 1123 2508 peregrinatores
1141 2460 1329 2495 testantur.
1366 2456 1475 2495 Nunc

826 2513 1027 2550 istiusmodi
1045 2525 1175 2560 naves,
1204 2513 1332 2562 quibus
1350 2514 1387 2550 in
1406 2512 1441 2550 T
1443 2512 1474 2549 i-

827 2570 884 2618 gri
914 2569 1120 2618 navigando
1156 2572 1321 2616 utuntur,
1357 2568 1474 2605 nomi-

826 2630 958 2662 nantur
996 2625 1104 2662 Kilet.
1172 2624 1257 2661 Vid.
1300 2623 1474 2663 Heerenii

826 2681 940 2720 Ideen
957 2682 994 2728 I,
1018 2685 1046 2722 2
1070 2692 1155 2731 pag.
1176 2678 1281 2728 225,
1305 2681 1367 2729 qui
1382 2680 1474 2717 Por-

825 2741 944 2775 terum
962 2738 1046 2775 citat
1062 2737 1098 2773 in
1110 2737 1290 2773 itinerario
1300 2736 1333 2773 II
1342 2750 1377 2787 p.
1387 2734 1470 2777 259

824 2798 990 2831 accurate
1030 2805 1091 2830 eas
1127 2804 1236 2829 naves
1265 2793 1473 2829 describen-

825 2852 909 2887 tem.
952 2849 1082 2886 Ovium
1099 2847 1211 2898 pelles
1233 2848 1374 2885 inflatas
1389 2860 1474 2885 nar-

824 2908 880 2943 rat
908 2905 1102 2944 substratas
1119 2917 1199 2943 esse
1210 2932 1221 2951 ‚
1241 2916 1391 2954 quarum
1408 2916 1473 2943 au-

1164 2961 1221 3001 28
1240 2961 1259 2983 ⁸
