1909 3228
260 198 344 237 920
547 195 822 236 EXCURSUS
850 195 885 234 X
915 194 984 234 AD
1014 196 1285 236 HERODOT.
1314 196 1369 245 11,
1401 197 1493 239 148.

260 320 347 359 pag·
371 309 453 349 810
477 321 555 360 seq.
587 313 626 347 et
644 307 690 346 L.
717 308 766 346 de
786 306 959 346 Laborde
987 309 1025 346 in
1053 322 1163 348 revue
1187 311 1365 360 franqaise
1385 311 1494 352 1829
1520 311 1617 359 janv·
1648 324 1685 362 p.
1703 313 1770 352 70.

260 375 523 426 Labyrinthum
547 390 591 415 eo
614 378 736 428 potius
762 376 841 414 loco
871 377 983 415 fuisse
1012 378 1237 425 existimant,
1276 378 1337 414 ubi
1368 378 1501 415 canalis
1530 378 1568 414 in
1596 376 1770 415 Moeridis

261 442 375 482 laeum
400 458 439 483 se
480 445 649 482 infundat
688 448 726 483 et
763 444 922 495 pyramis
972 445 1092 483 adhuc
1126 445 1369 496 conspiciatur
1414 450 1571 495 quatuor
1604 444 1769 482 laterum.

261 510 420 560 Magnos
461 513 631 550 ruderum
665 511 900 562 lapidumque
928 512 1087 550 cumulos
1115 513 1185 550 illic
1217 517 1445 551 coacervatos
1481 525 1585 560 esse,
1625 513 1771 562 conspi-

262 591 348 616 cuos
375 579 473 616 haud
492 580 601 628 longe
620 592 641 616 a
659 580 738 617 vico
760 579 988 628 Haouarak,
1026 585 1068 618 ut
1096 581 1132 618 in
1162 581 1293 631 quibus
1318 581 1374 619 vel
1401 580 1566 629 singulae
1591 580 1769 629 quaedam

262 650 386 698 partes
406 647 527 697 operis
547 647 657 697 plane
681 648 857 686 destructi
884 647 1039 685 discerni
1066 653 1212 698 queant.
1269 647 1410 686 Arabes
1433 652 1580 694 autem,
1609 647 1670 696 qui
1690 646 1771 684 the-

263 726 389 751 sauros
420 715 678 753 subterraneos
712 716 749 753 in
779 715 849 752 hoc
879 715 1047 752 aedificio
1070 715 1184 754 latere
1215 716 1452 767 putaverint,
1490 715 1579 751 illud
1604 718 1771 752 vastasse

263 781 370 818 iidem
395 782 460 818 viri
488 783 587 821 docti
611 783 847 834 suspicantur.
906 782 989 821 Vid.
1012 783 1184 835 descript.
1205 785 1252 822 de
1271 784 1364 833 l‘Eg.
1385 783 1408 821 l.
1433 782 1454 820 l.
1485 795 1571 833 pag.
1592 784 1647 823 32
1665 795 1769 832 seqq.

262 848 390 887 Ritter.
413 848 474 887 1.1.
503 849 521 887 I
549 864 586 901 p.
610 853 691 892 798
711 864 788 902 seq.
834 849 1019 888 Mannert,
1048 850 1070 888 l.
1090 850 1113 888 1.
1140 864 1225 902 pag.
1253 851 1335 893 443
1363 865 1440 901 seq.
1498 852 1710 889 Belzonium
1740 851 1770 888 si

262 916 411 964 audias,
442 916 481 955 in
509 918 721 956 occidentali
747 918 844 956 lacus
864 923 969 968 parte
993 917 1091 956 haud
1117 918 1227 968 longe
1250 932 1271 956 a
1296 919 1375 956 loco
1397 918 1432 956 T
1435 919 1527 967 irsa,
1556 919 1616 956 ubi
1636 917 1771 955 multae

263 987 346 1020 sunt
368 983 610 1023 columnarum
629 986 826 1036 reliquiae,
856 985 1083 1034 labyrinthus
1107 992 1308 1024 exstructus
1339 999 1420 1024 esse
1449 987 1603 1024 videtur.
1661 985 1769 1023 Conf.

264 1052 291 1089 l.
312 1052 359 1090 de
383 1052 570 1092 Hammer.
599 1054 636 1092 in
662 1054 795 1093 annali.
825 1054 1041 1092 Viennenss.
1066 1053 1138 1092 vol.
1156 1053 1260 1092 XLV
1279 1055 1429 1104 (1829)
1453 1067 1538 1106 pag·
1562 1055 1629 1095 31.
