1877 3223
631 203 930 242 CL10.1.

1325 207 1405 248 145

126 322 230 371 5⁷:⁷2²)
259 313 421 357 στάσιν.
482 312 685 365 συλλέξας
713 313 760 356 δὲ
803 311 1061 363 στασιώτας,
1100 313 1173 356 καὶ
1202 317 1262 371 τῷ
1291 314 1403 372 λόγῳ

151 397 239 436 τῶν
266 391 541 447 ὑπερακρίων
567 392 780 446 προστάς,
821 395 1061 448 μηχανᾶται
1090 390 1245 435 τοιάδε.
1295 409 1402 446 τρω-

149 473 330 528 ματίσας
359 472 523 515 ἑωυτόν
552 488 595 515 τε
625 472 697 514 καὶ
726 471 958 526 ἡμιόιόνς,
988 471 1117 526 ἤλασε
1140 472 1181 521 ἐς
1201 471 1280 527 τήν
1300 471 1400 527 οἰγο-

153 551 236 608 ρὴν
277 553 325 595 τὸ
367 555 533 607 ζεῦγος,
576 551 633 602 ὠς
669 549 943 606 ἐκπεφευγώς
975 550 1079 600 τούς
1109 550 1318 606 ἐχθρούς,
1365 552 1411 595 οἳ

152 646 227 685 μιν
256 629 498 674 ἐλαύνοντα
528 630 571 681 εἷς
602 630 739 685 ἀγρόν
768 627 987 685 ἠθέλησαν
1016 627 1221 672 ἀπολέσαι
1250 631 1405 686 δῆθεν·

152 708 292 753 ἐδέετό
341 726 385 753 τε
422 713 503 753 τοῦ
543 708 685 765 δήμου
733 713 932 765 φυλακῆς
969 725 1088 760 τινος
1124 708 1235 764 πρὸς
1265 707 1431 753 animm

93 918 200 954 etiam
264 916 466 968 tyrannidis
523 916 742 967 occupandae

93 974 292 1022 studiosus3
333 987 406 1023 quo
437 986 545 1010 sensu
577 978 741 1022 φρονεῖν

91 1031 309 1080 τυραννίδα
330 1030 608 1080 inAristophan.
627 1031 739 1079 Vesp.

93 1085 188 1127 505.
243 1086 377 1135 Neque
450 1099 535 1123 vero
605 1087 741 1136 recepit

93 1142 318 1191 Schweigh.‚
366 1142 421 1178 cui
474 1145 741 1193 καταφρονεῖν

94 1197 130 1234 h.
146 1198 167 1234 1.
191 1212 257 1248 pro
274 1199 384 1235 verbo
403 1198 553 1248 simplici
575 1202 741 1249 φρονεῖν

92 1255 252 1304 positum
291 1255 452 1300 videtur,
489 1260 530 1290 ut
567 1255 741 1304 καραδο-

91 1313 177 1348 κεῖν
213 1322 280 1360 pro
316 1309 468 1357 δοκεῖν,
504 1310 572 1346 alia
609 1311 646 1346 id
675 1323 741 1358 ge-

92 1378 174 1403 nus.
231 1365 312 1402 Nec
338 1365 440 1403 aliter
467 1366 564 1415 apud
595 1365 740 1415 Hippo-

92 1426 226 1459 cratem
244 1425 511 1473 καταφρονεῖν
523 1450 535 1468 ,
563 1422 625 1457 ubi
644 1421 741 1458 valet

92 1491 181 1515 sana
217 1481 326 1514 mente
357 1490 449 1524 esse,
500 1479 615 1514 animo
655 1477 740 1527 quid

90 1537 239 1583 agitare.
279 1534 384 1577 Quae
409 1533 496 1571 mihi
511 1534 561 1570 ita
581 1535 740 1583 proban-

90 1595 169 1638 tur,
197 1594 238 1627 ut
267 1589 422 1639 aliquam
453 1594 549 1627 certe
579 1594 741 1627 contem-

92 1651 150 1683 tus
186 1646 368 1684 notionem
408 1646 466 1682 hic
502 1658 648 1694 quoque
675 1647 742 1683 ad-

92 1703 221 1739 iectam
239 1702 435 1739 existimem
448 1731 458 1749 ,
485 1715 592 1751 quam
612 1702 662 1738 ita
679 1715 742 1740 ex-

92 1758 226 1809 pressit
242 1758 419 1795 Matthiae
437 1758 523 1805 (Gr.
537 1758 601 1794 Gr.
615 1756 650 1808 §.
661 1759 744 1799 378

92 1818 167 1851 not.
210 1817 236 1854 2
273 1826 359 1863 pag.
393 1816 497 1860 696,
538 1814 597 1849 ubi
629 1815 742 1859 vid.):

94 1871 196 1917 „mit
233 1869 456 1917 Veraclztzmg
496 1871 605 1905 sez'ner
648 1870 744 1917 Geg-

93 1938 152 1962 ner
203 1925 276 1974 auf
322 1925 378 1962 die
427 1921 743 1975 Allez‘nherrschaft

93 1982 246 2019 sinnend.
257 1983 281 2001 ‘⁴

149 2075 217 2116 καὶ
251 2077 308 2129 τῷ
348 2071 453 2128 λόγῳ
486 2078 567 2115 τῶν
596 2071 741 2127 ’ὑπερα-

91 2133 215 2184 κρίων
239 2130 437 2183 προστάς]
468 2132 490 2168 i.
512 2146 543 2170 e.
568 2143 643 2167 cum
662 2144 741 2167 ora-

94 2193 185 2227 tione
207 2191 436 2239 persuasisset
460 2190 643 2233 montanis,
665 2199 742 2223 cum

94 2260 149 2284 eos
180 2245 292 2282 verbis
328 2245 555 2291 afflhwisset,
594 2247 635 2280 ut
658 2245 739 2292 pri-

95 2315 169 2339 mas
199 2304 270 2351 ipsi
300 2301 483 2351 deferrent.
543 2300 663 2336 Suave
685 2300 741 2335 di-

95 2359 199 2396 cendi
217 2371 332 2406 genus
359 2370 551 2406 moresque
563 2356 739 2392 humanos

94 2415 132 2450 in
142 2414 332 2451 Pisistrato
353 2413 533 2450 collaudat
555 2411 737 2448 Plutarch.

94 2470 132 2505 in
160 2470 232 2506 Vit.
256 2469 380 2506 Solon.
413 2483 468 2520 cp.
490 2471 557 2517 29,
578 2468 640 2505 ubi
669 2467 739 2504 vid.

94 2525 212 2575 plura.

155 2618 197 2658 οἷ’
223 2634 291 2670 μιν
317 2615 532 2658 ἐλαύνοντα
561 2617 601 2665 ἐς
621 2612 744 2669 οἷγρόν

95 2669 303 2726 ἠθέλησαν
351 2671 540 2714 ἀπολέσαι
589 2673 740 2725 δῆθεν]

98 2729 281 2769 ἐλαύνειν
337 2731 394 2767 hic
441 2731 626 2776 absolute,
685 2732 740 2767 cui

96 2786 204 2836 paulo
227 2791 311 2823 ante
327 2787 517 2824 addiderat
536 2784 576 2825 τὸ
595 2788 737 2838 ζεῦγος.

98 2843 206 2879 Conf.
244 2842 426 2879 Schaeser.
471 2843 517 2879 ad
553 2840 737 2880 Lambert.

152 2897 362 2935 Hnnono'r.
393 2898 422 2934 Ι.

808 918 896 954 Bos.
926 916 1073 966 Ellipss.
1093 916 1138 955 L.
1159 918 1223 958 Gr.
1252 929 1340 968 pag.
1371 920 1454 961 868

809 973 886 1010 coll.
905 986 992 1023 pag.
1011 972 1190 1021 41.--ἕς
1203 969 1319 1026 ἀγρὸν
1335 976 1453 1012 refero

809 1031 857 1066 ad
887 1028 966 1066 loca
998 1028 1138 1068 Atticae
1173 1036 1292 1068 terrae
1329 1030 1452 1081 plana,

809 1086 869 1122 ubi
917 1084 1146 1122 Pede'aeorum
1185 1086 1312 1133 factio,
1363 1087 1454 1124 duce

807 1140 976 1190 Lycurgo
994 1170 1005 1189 ,
1072 1142 1264 1192 plurimum
1333 1143 1454 1179 valuit.

811 1198 903 1234 Cum
919 1198 1017 1235 hisce
1044 1202 1163 1235 autem
1183 1198 1346 1248 proxime
1366 1212 1453 1236 con-

809 1254 972 1291 tendisse
996 1254 1223 1292 Pisistratum
1252 1259 1375 1291 auctor
1396 1259 1453 1292 est

808 1309 1021 1347 Aristoteles
1044 1311 1081 1346 in
1106 1310 1211 1347 Polit.
1236 1310 1283 1357 V,
1308 1310 1346 1351 5.
1376 1311 1453 1349 Sed

810 1365 962 1401 Paralos
982 1365 1094 1403 fuisse
1122 1379 1166 1403 ex
1198 1365 1386 1414 Polyaeno
1406 1366 1456 1414 (I,

809 1423 862 1462 21
901 1419 937 1470 ἓ.
970 1421 1024 1468 3)
1065 1422 1146 1470 quis
1183 1421 1352 1470 colligat,
1390 1422 1454 1458 ubi

807 1476 1015 1525 Megaeles,
1040 1476 1146 1513 huius
1176 1477 1341 1514 factionis
1371 1478 1456 1524 dux,

808 1533 1035 1570 adversarius
1052 1534 1256 1570 nominatur
1264 1534 1456 1580 Pisistrati,

809 1589 871 1638 qui
902 1589 981 1637 ipse
1013 1601 1215 1639 pauperum
1244 1603 1303 1627 res
1340 1591 1453 1626 tuitus

808 1646 866 1682 sit.
897 1644 958 1682 Tu
987 1645 1058 1681 vid.
1090 1659 1200 1696 supra
1221 1647 1369 1696 disputt.
1397 1666 1454 1673 -—-

811 1701 855 1738 In
889 1714 978 1738 voce
1016 1701 1147 1752 δῆθεν
1178 1701 1325 1751 elegans
1358 1702 1454 1739 inest

812 1759 949 1794 ironiae
993 1759 1174 1806 quaedam
1222 1757 1453 1806 significati0‚

810 1813 880 1850 hoc
909 1815 985 1850 fere
1015 1826 1145 1851 sensu:
1194 1816 1292 1863 „qui
1318 1814 1452 1850 scici-

813 1873 900 1915 cet,
930 1869 978 1916 (s.
1000 1873 1038 1904 ut
1058 1869 1265 1917 simulabat)
1284 1872 1396 1918 ipsum
1413 1871 1452 1905 ιἰι

810 1937 947 1973 campos
969 1926 1239 1973 proficiscentem
1264 1925 1454 1972 interficere

810 1979 1037 2016 voluz'ssentf‘
1066 1981 1127 2015 Sic
1161 1980 1198 2026 l,
1225 1981 1292 2020 73.
1311 1980 1380 2027 VI,
1413 1983 1449 2020 1.

810 2035 891 2073 Alia
911 2036 1038 2073 Zeune
1056 2036 1103 2071 ad
1119 2034 1241 2084 Viget.
1262 2048 1347 2085 pag.
1365 2035 1449 2076 499

810 2095 886 2130 not.
909 2095 946 2129 et
971 2090 1098 2128 Matth.
1121 2091 1185 2128 Gr.
1215 2092 1280 2128 Gr.
1309 2091 1345 2142 ἓ.
1366 2095 1448 2133 603

809 2160 897 2198 pag.
937 2149 1056 2187 1210.
1094 2147 1154 2184 De
1189 2145 1253 2193 ὥς
1285 2148 1448 2198 δῆθεν

807 2203 948 2241 monuit
976 2202 1178 2240 Blomfield.
1205 2203 1253 2240 ad
1281 2202 1447 2252 Aeschyl.

807 2259 987 2296 Prometh.
1015 2261 1108 2299 210.
1165 2258 1224 2295 Ad
1254 2272 1448 2308 argumen-

807 2320 882 2352 tum
908 2315 973 2352 Cr.
1003 2316 1141 2352 confert
1169 2315 1291 2352 similis
1310 2317 1446 2352 fraudis

808 2373 853 2409 ab
872 2372 989 2419 Ulyxe
1014 2371 1226 2408 commissae
1245 2372 1445 2422 exemplum

807 2429 906 2478 apud
932 2428 1081 2464 Homer.
1103 2427 1238 2475 Odyss.
1261 2427 1324 2474 IV,
1352 2427 1445 2469 244.

806 2484 929 2533 Atque
952 2483 1056 2520 huius
1082 2483 1194 2531 ipsius
1219 2482 1448 2520 Pisistratum

811 2540 895 2577 olim
939 2539 1124 2576 admonuit
1166 2538 1294 2586 Solon,
1351 2540 1450 2590 apud

812 2596 990 2634 Plutarch.
1031 2596 1103 2631 Yit.
1149 2594 1271 2632 Solon.
1306 2608 1361 2645 cp.
1391 2597 1447 2636 30

807 2666 844 2702 p.
868 2653 936 2698 95,
965 2652 1013 2688 D.
1043 2650 1123 2688 Nec
1145 2650 1268 2700 dispar
1288 2655 1345 2687 est
1371 2651 1447 2687 Zo-

807 2709 887 2758 pyri
922 2703 1019 2744 fraus
1055 2707 1152 2756 apud
1181 2706 1359 2744 Herodot.
1383 2707 1448 2753 Ill,

810 2766 889 2806 154
925 2776 1026 2812 seqq.
1063 2775 1104 2800 ac
1137 2762 1306 2811 Dionysii
1349 2763 1446 2813 apud

805 2820 955 2857 Diodor.
979 2818 1086 2856 Sicul.
1110 2817 1212 2864 XXI,
1241 2818 1305 2860 95.

1168 2898 1222 2936 10

1460 483 1513 522 28
