1909 3228
460 170 544 209 758

853 140 1322 207 ΗΕΒόοοΤι

461 276 621 334 ὁμοίως
648 276 984 331 προσδέκεσθαι,
1013 276 1086 320 καὶ
1115 276 1220 332 πρὶν
1250 279 1558 334 συγγενέσθαι,
1587 277 1720 335 ἀναγ-

462 356 604 409 κάζειν
640 355 779 409 λέγειν
819 353 930 412 αὐτῇ
967 353 993 398 ὅ
1028 371 1069 398 τι
1106 354 1158 412 δὴ
1203 355 1249 400 ἐν
1288 361 1349 416 τῷ
1389 358 1470 414 βίῳ
1519 357 1720 412 ἔργασται

464 433 582 492 αὐτῷ
612 432 872 489 σοφώτατον
900 434 973 477 καὶ
1004 431 1319 479 ἀνοσιώτατον·
1374 436 1421 487 ὃς
1451 433 1494 479 δ’
1528 435 1582 478 ἂν
1613 435 1777 492 ἀνίη-95

460 512 644 570 γήσηται
676 512 727 555 τά
759 513 857 567 περὶ
878 512 956 557 τόν
975 517 1105 568 φῶρα
1125 514 1407 570 γεγενημένα,
1439 519 1597 558 τοῦτον
1619 520 1720 558 συλ-

405 599 449 632 29
465 590 724 648 λαμβάνειν,
764 592 838 635 καὶ
877 592 935 648 μὴ
964 591 1141 636 ἀπιέναι
1170 593 1259 646 ἔξω.

1321 592 1378 645 ὠς
1408 594 1453 637 δὲ
1481 592 1562 649 τήν
1589 595 1724 636 παῖδα

459 671 625 715 ποιέειν
651 670 703 715 τοὶ
734 670 781 714 ἐκ
809 675 893 714 τοῦ
920 671 1081 726 πατρὸς
1110 673 1457 728 προσταχθέντα,
1488 671 1566 716 τόν
1596 675 1723 728 φῶρα

460 750 718 807 πυθόμενον
750 753 839 793 τῶν
889 751 1030 794 εἵνεκα
1066 755 1203 794 ταῦτα
1251 751 1506 807 ἐπρήσσετο,

1564 755 1725 808 βουλη-

461 829 597 873 θέντα
627 830 899 886 πολυτροπίῃ
921 833 1002 872 τοῦ
1025 830 1225 885 βασιλέος
1246 833 1574 886 περιγενέσθαι,
1605 829 1724 873 ποιέ-
1736 838 1781 871 30

405 916 527 952 3Οειν
566 907 680 951 τάδε.
738 912 899 963 νεκροῦ
938 909 1199 964 προσφάτου
1253 908 1533 966 ἀποταμόντα
1579 910 1626 953 ἐν
1664 912 1727 965 τῷ

462 987 566 1047 ὤμῳ
595 987 675 1044 τήν
704 992 848 1043 χεῖρα,
890 987 1000 1031 ἰέναι
1030 987 1168 1032 αὐτόν
1198 989 1349 1045 ἔχοντα
1380 987 1519 1045 αὐτὴν
1546 989 1634 1032 ὑπὸ
1665 992 1726 1046 τῷ

461 1068 638 1124 ἱματίῳ·
685 1065 919 1109 ἐσελθόντα
948 1068 994 1111 δὲ
1026 1066 1085 1120 ώς
1114 1072 1193 1112 τοῦ
1232 1067 1431 1124 βασιλέος
1465 1068 1544 1124 τὴν
1587 1073 1727 1123 θυγα-

460 1146 586 1199 τέρα,
633 1145 707 1189 καὶ
748 1145 1044 1201 εἰρωτώμενον
1081 1146 1216 1203 τάπερ
1246 1149 1320 1191 καὶ
1351 1149 1395 1191 οἱ
1423 1146 1572 1200 ἄλλοι,
1615 1144 1727 1202 ἀπη-

459 1224 679 1281 γήσασθαι
710 1224 768 1275 ὦς
801 1223 1100 1270 ἀνοσιώτατον
1136 1227 1215 1284 μὲν
1245 1230 1310 1284 εἰἠ
1345 1224 1626 1284 ἐργασμένος,
1656 1226 1727 1269 ὅτε

460 1307 540 1347 τοῦ
579 1303 795 1359 ἀδελφεοῦ
841 1305 888 1348 ἐν
926 1309 986 1364 τῷ
1025 1311 1238 1366 θησαυρῷ
1285 1311 1367 1350 τοῦ
1405 1307 1605 1363 βασιλέος
1639 1304 1782 1348 &nod-5

461 1382 599 1439 πάγης
628 1381 812 1435 ἁλόντος
843 1382 1062 1440 ἀποτάμοι
1090 1385 1171 1441 τήν
1199 1386 1418 1442 κεφαλήν·
1459 1384 1720 1441 σοφώτατον

462 1463 530 1513 δὲ,
586 1461 653 1505 ὅτι
690 1462 796 1514 τούς
838 1462 1066 1519 φυλάκους
1101 1463 1427 1520 καταμεθύσας,
1473 1462 1725 1509 καταλύσειε

406 1694 444 1728 in
461 1691 646 1741 lupanari)
676 1694 855 1730 invenitur
884 1694 940 1741 ΙΙ,
968 1696 1062 1740 126,

406 1753 443 1783 et
464 1749 636 1796 frequens
667 1749 752 1786 alibi
772 1751 983 1798 καθῆσθαι
1004 1744 1062 1787 ἐπ’

409 1799 626 1852 οἰκήματος
649 1805 696 1842 de
717 1805 804 1855 ipsis
825 1805 954 1855 puellis
975 1818 1062 1855 pro-

407 1860 586 1897 stantibus
613 1865 649 1897 et
680 1862 718 1898 in
744 1862 906 1911 lupanari
927 1862 1062 1899 seden-

405 1917 512 1952 tibus.
579 1916 676 1954 Nam
709 1917 856 1968 οἴκημα
884 1918 941 1954 hic
965 1918 1061 1955 valet

406 1972 568 2021 lupanar.
627 1973 734 2010 Plura
764 1975 983 2024 interpretes
1014 1975 1062 2011 ad

405 2029 499 2065 hunc
517 2028 538 2065 l.
563 2033 599 2066 et
619 2029 791 2067 Valcken.
821 2031 984 2068 observv.
1014 2030 1063 2067 ad

406 2084 573 2122 Ammon.
598 2098 685 2136 pag.
713 2089 804 2127 177.

462 2164 511 2206 τά
543 2167 585 2207 ἐκ
612 2171 687 2207 τοῦ
713 2167 859 2219 πατρὸς
885 2181 1062 2220 προστα-

407 2223 568 2275 χθέντα]
602 2226 709 2262 Conf.
727 2226 861 2263 Matth.
883 2241 918 2276 p.
943 2227 1061 2268 1135.

406 2282 652 2332 πολυτροπίη
689 2283 746 2320 hic
794 2287 850 2320 est
894 2285 1063 2330 versutia,

406 2340 552 2374 astutia.
594 2338 654 2375 Tu
679 2340 774 2375 conf.
796 2352 889 2388 quae
910 2341 956 2377 de
976 2353 1064 2377 voce

405 2393 658 2445 πολύτροπος
689 2407 711 2431 a
737 2395 821 2431 viris
852 2397 967 2434 doctis
990 2396 1064 2433 dis-

406 2455 536 2501 putata
558 2455 641 2488 sunt
661 2452 708 2487 ad
728 2452 864 2501 Odyss.
882 2453 959 2489 init.

464 2529 716 2583 ἀποταμόντα
738 2556 794 2562 -
823 2532 897 2585 τήν
926 2538 1060 2586 χεῖρα]

408 2593 516 2641 χεῖρα
536 2590 594 2627 hic
612 2591 679 2627 diei
700 2591 879 2628 brachium
893 2620 903 2638 ‚
935 2592 980 2628 ab
998 2592 1065 2628 hu-

408 2660 507 2683 mero
532 2647 569 2683 in
601 2648 753 2684 extimos
777 2648 912 2696 digitos
937 2661 1063 2699 porre-

409 2706 504 2738 ctum
522 2731 532 2749 ,
553 2708 678 2739 monet
700 2703 920 2752 W'esseling.
953 2705 1061 2741 Conf.

410 2758 518 2793 ctiam
540 2758 602 2805 lV,
621 2762 686 2800 62.
728 2760 807 2796 Alia
828 2761 950 2797 adiicit
971 2760 1064 2798 Lar-

411 2814 538 2850 cherus
553 2840 563 2860 ,
594 2816 628 2850 in
651 2816 780 2864 quibus
796 2816 946 2855 Homer.
965 2817 1062 2854 Iliad.

1130 1693 1206 1739 XI,
1228 1692 1321 1734 252.
1353 1693 1460 1739 ΧΙΙῘ,
1481 1693 1574 1734 539.
1593 1713 1648 1721 -·
1667 1688 1784 1744 πρόσ-

1131 1763 1259 1798 φατον
1288 1746 1425 1799 νεκρὸν
1452 1762 1559 1798 nuper
1580 1749 1785 1798 defunctum

1129 1805 1320 1853 intelligit3
1368 1809 1408 1841 ut
1444 1805 1572 1842 iniuria
1612 1807 1659 1843 de
1697 1819 1786 1843 voce

1129 1857 1358 1913 πρόσφατος
1387 1862 1527 1898 dubitet
1561 1861 1786 1911 Phrynichus

1128 1931 1212 1969 pag.
1235 1918 1318 1958 374
1342 1931 1431 1966 seq.,
1454 1918 1513 1954 ubi
1533 1920 1605 1955 vid.
1623 1918 1786 1955 Lobeck.

1187 1971 1402 2013 ἐσελθόντα
1429 1971 1471 2011 δὲ
1500 1972 1553 2019 ώς
1579 1977 1651 2013 τοῦ
1675 1975 1785 2025 βασι-

1129 2029 1216 2077 λέος
1247 2027 1320 2080 τήν
1349 2029 1576 2080 θυγατέρα]
1608 2029 1786 2081 βασιλέος

1131 2088 1311 2125 edidimus
1331 2100 1397 2136 pro
1410 2088 1600 2137 βασιλῆος
1616 2092 1655 2123 ut
1677 2100 1786 2136 supra

1131 2142 1169 2194 ἓ.
1196 2146 1231 2184 1.
1290 2143 1348 2181 De
1372 2144 1481 2180 verbo
1503 2142 1680 2181 ἐσελθεῖν
1699 2156 1785 2180 con-

1130 2202 1185 2237 fer
1202 2205 1291 2236 nott.
1311 2200 1357 2235 ad
1391 2199 1443 2245 II,
1470 2199 1558 2239 115.
1618 2200 1657 2235 ln
1681 2213 1783 2248 seqq.

1130 2257 1260 2294 retinui
1292 2253 1356 2302 ώς
1383 2268 1404 2291 a
1432 2255 1633 2304 Schweigh.
1667 2261 1786 2292 muta-

1130 2317 1206 2349 tum
1227 2313 1262 2348 in
1282 2310 1341 2358 ἐς,
1369 2312 1415 2348 ad
1436 2312 1535 2360 quod
1555 2313 1784 2362 probandum

1131 2369 1239 2405 affert
1271 2368 1307 2414 l,
1340 2370 1429 2408 116-
1484 2368 1536 2414 ll,
1570 2369 1660 2409 135.
1694 2369 1784 2408 147·

1130 2425 1201 2472 Ill,
1222 2424 1312 2465 140.
1370 2424 1449 2460 Nec
1469 2428 1590 2461 tamen
1616 2425 1785 2473 equidem

1129 2481 1186 2518 his
1206 2484 1391 2530 permotus
1415 2492 1512 2527 sum,
1536 2485 1573 2516 ut
1591 2493 1611 2516 a
1631 2481 1785 2518 lectione

1130 2543 1278 2586 recepta
1299 2537 1516 2573 recederem.
1555 2537 1661 2573 Conf.
1688 2537 1786 2574 Mat-

1131 2593 1228 2630 thiae
1269 2593 1333 2629 Gr.
1372 2593 1437 2628 Gr.
1471 2605 1555 2642 pag.
1581 2593 1698 2634 1147.
1734 2614 1781 2620 -

1131 2649 1205 2686 Pro
1234 2647 1504 2699 κρεμαμένου,
1544 2650 1642 2697 quod
1669 2650 1784 2686 minus

1132 2710 1257 2755 aptum
1290 2710 1368 2752 est,
1407 2718 1486 2741 cum
1517 2705 1718 2754 Schweigh.
1749 2710 1785 2742 et

1134 2762 1252 2798 Gaiss.
1275 2762 1373 2798 edidi
1394 2757 1662 2811 κρεμάμενον,
1686 2761 1785 2810 quod

1133 2818 1276 2855 codices
1300 2817 1463 2854 nonnulli
1485 2817 1699 2855 offerebant.

1770 1151 1850 1190 162
