1877 3223
650 212 947 253 CLIO.1.
1381 214 1433 253 21

160 321 322 378 χώρης,
351 318 462 378 ἦσαν
491 320 702 378 ἀπόγονοι
730 323 882 365 Λυδοῦ
911 324 993 365 τοῦ
1011 319 1184 372 Ἄτυος·
1225 320 1301 364 ἀπ’
1333 319 1433 364 ὅτευ

162 399 186 444 ὁ
226 403 363 456 δῆμος
406 401 570 452 Λύδιος
614 400 776 459 ἐκλήθη
820 398 843 445 ὁ
892 403 977 451 πᾶς
1026 394 1175 452 οὗτος,
1225 398 1435 454 πρότερον

115 607 220 654 thus,
278 609 375 644 cuius
433 607 550 646 locum
609 607 764 645 servavit

116 663 225 701 Dion.
252 663 366 701 Halic.
394 664 544 713 Antiqq.
574 664 612 712 Ι,
642 666 695 705 28
726 676 761 712 p.

116 721 171 760 73
190 720 316 757 Reisk.
337 721 374 756 in
395 721 530 757 Xanthi
560 722 762 768 fragmenta

114 780 298 825 receptum
345 781 453 825 atque
491 776 703 813 illustratum
740 787 762 811 a

115 832 245 869 Creuz.
278 831 488 881 (Fragmm.
515 833 702 869 Historicc.
725 844 761 881 p.

117 887 196 928 147
226 901 281 936 sq.
313 888 392 929 149
424 902 504 938 sqq.
551 889 631 930 152
659 889 761 937 sqq.)

115 944 176 992 qui
223 944 311 980 idem
355 958 450 981 nunc
498 945 599 981 addit
641 944 761 980 Schol.

113 999 254 1037 Platon.
291 1014 328 1050 p.
358 1004 437 1041 207
476 1001 622 1037 Ruhnk.
666 1001 762 1050 Τυῤ-

116 1056 236 1107 ρηνία
259 1053 302 1094 δὲ
333 1052 410 1095 οἷπὸ
438 1057 594 1107 Τυόὄηι
599 1060 660 1103 οῦ,
689 1058 763 1095 τοῦ

103 1109 382 1164 ’Ἀγρωνος,
444 1114 516 1150 τοῦ
567 1109 762 1159 ’Ἀτυος,

115 1170 186 1207 τοῦ
215 1169 417 1215 Λυδοῦς
449 1170 557 1205 modo
586 1182 675 1206 sana
691 1170 763 1205 sint

115 1225 213 1262 haec.
270 1224 323 1260 Ac
362 1225 455 1260 binis
499 1225 644 1273 quidem
675 1225 761 1261 locis

112 1280 227 1328 Atyos
264 1280 483 1316 mentionem
520 1281 604 1316 facit
640 1281 761 1317 Hero-

114 1336 222 1372 dotus
262 1335 300 1382 I,
340 1335 405 1376 94.
453 1335 526 1382 IV,
571 1336 645 1382 45,
686 1349 759 1372 non

112 1405 261 1442 prorsus
307 1395 429 1428 tamen
468 1391 537 1428 sibi
576 1396 759 1438 constans,

113 1461 193 1485 cum
221 1447 341 1484 Manis
369 1447 479 1483 filium
496 1449 605 1484 modo
633 1447 761 1498 appel-

113 1503 162 1541 let
200 1504 321 1554 Atyn,
379 1504 488 1540 modo
538 1504 660 1554 Cotyn.
717 1503 759 1540 In

114 1560 223 1610 Atyos
251 1560 348 1608 regis
386 1560 532 1597 nomine
565 1561 759 1597 Etruscum

113 1616 224 1655 latere
262 1622 409 1664 etymon
454 1616 550 1663 mlt,
589 1621 760 1654 monente

116 1673 199 1720 Cr„
229 1671 345 1709 Lanzi
382 1672 405 1712 l.
449 1673 472 1710 l.
520 1673 555 1710 ΙΙ
602 1687 639 1723 p.
676 1675 756 1714 281

115 1727 175 1778 [p.
211 1730 291 1770 223
327 1730 386 1766 ed.
416 1728 524 1779 sec.].
578 1729 757 1778 Reliquos

112 1785 216 1821 istius
240 1785 428 1832 dynastiae
454 1799 561 1834 reges
587 1785 758 1836 persequi

113 1841 170 1878 xix
197 1840 334 1888 licebit,
364 1843 499 1891 quippe
521 1855 612 1890 quos
633 1842 681 1878 ad
701 1842 756 1877 fa-

111 1897 232 1934 bulam
260 1897 395 1945 magis,
434 1910 541 1946 quani
570 1899 617 1934 ad
641 1898 756 1934 histo-

111 1954 201 1990 riam
218 1953 397 2002 pertinere
415 1954 568 1990 credam.
598 1954 680 1989 vid.
700 1957 756 1989 ta-

113 2022 196 2047 men
206 2009 404 2046 Creuz.l.l.
429 2022 466 2059 p.
483 2009 572 2050 149.
602 2009 643 2044 In
664 2013 756 2046 tem-

108 2078 200 2116 pore
230 2066 435 2102 definiendo
458 2065 677 2102 Larcherum
699 2078 756 2101 se-

110 2134 263 2171 quamur
288 2121 355 2169 (T.
385 2121 469 2157 VIII
497 2135 532 2171 p.
564 2120 646 2161 204
674 2133 755 2168 sqq.

109 2179 192 2220 213
222 2190 279 2226 sq.
309 2177 389 2219 575
421 2177 501 2214 coll.
532 2177 549 2213 Ι
587 2190 624 2226 p.
656 2178 754 2224 189)

109 2238 305 2284 ponentem
335 2246 420 2271 ann.
453 2236 558 2274 1220
596 2245 627 2269 a.
668 2232 754 2269 Chr.

110 2303 182 2338 quo
201 2289 359 2338 Agronis
376 2289 523 2339 incipiat
548 2301 700 2337 regumn
722 2293 758 2326 et

113 2348 221 2387 1368
241 2359 274 2383 a.
305 2347 390 2383 Chr.
422 2359 493 2394 quo
514 2345 605 2393 Atys
633 2345 681 2382 ad
701 2358 759 2382 re-

113 2415 233 2470 gnu’m
254 2406 397 2440 evectus
417 2402 473 2438 sit.

168 2475 222 2497 απ
261 2455 349 2497 ότευ
378 2457 399 2499 ὁ
421 2452 759 2512 δῆμος-Μηων

114 2512 370 2564 καλεόμενος]
413 2509 488 2552 ἄπ’
519 2511 607 2553 ὅτευ
636 2515 712 2551 iure
737 2527 760 2551 a

114 2571 292 2619 prioribus
330 2572 524 2608 editoribus
563 2571 759 2620 repositum

117 2627 194 2664 loco
225 2627 392 2676 vulgatae
418 2628 634 2664 mendosae:
683 2622 760 2666 α’πό

115 2697 193 2721 τευ.
223 2684 299 2720 Sed
327 2684 467 2721 dubitat
493 2683 624 2721 Matth.
650 2684 696 2720 ad
726 2684 761 2720 h.

118 2739 163 2787 l.‚
191 2752 238 2776 an
267 2735 372 2786 ὅστις
399 2741 446 2776 de
487 2744 584 2777 certo
620 2740 763 2777 homine

120 2800 334 2847 usurpetur,
386 2796 481 2833 unde
529 2796 608 2846 ipse
659 2797 764 2834 scribi

122 2851 217 2890 vult:
249 2848 328 2894 α’πό
360 2853 484 2892 τοῦί.
518 2866 550 2891 e.
577 2847 668 2904 ἀφ’
696 2847 764 2894 οὗ

831 605 888 642 Cf.
909 618 1055 656 quoque
1076 607 1236 644 Gramm.
1251 605 1315 643 Gr.
1338 603 1476 655 §.483

828 675 865 712 P·
915 665 1008 704 906.
1085 664 1239 701 Censori
1285 663 1392 699 docto
1441 660 1478 697 in

829 717 1017 767 Ephemm.
1060 719 1222 758 lenenss.
1273 720 1380 758 1817
1423 729 1477 752 111·-

832 774 911 815 164
957 789 994 826 p.
1034 777 1115 816 370
1157 776 1341 826 placuerat
1380 768 1476 812 ἀπὸ

829 833 924 869 τεῦ.
978 832 1085 875 Quae
1126 845 1205 869 cum
1241 830 1478 880 scripsissem,

830 886 976 924 allatum
1005 892 1061 925 est
1088 888 1220 925 Struvii
1249 887 1399 930 Quaest.
1431 885 1478 922 (le

831 943 972 982 dlalect.
1012 944 1191 981 Herodot.
1220 943 1386 992 specim,
1415 942 1476 990 qui

830 1001 964 1048 optime
1013 999 1333 1045 commonstravit,
1387 997 1477 1033 mul-

828 1056 874 1091 tis
895 1056 981 1092 locis
1002 1056 1130 1104 allatis,
1149 1068 1351 1105 pronomen
1371 1049 1476 1100 ὅστις

828 1125 894 1161 pro
932 1112 1093 1162 simplice
1137 1109 1180 1159 ὅς
1227 1111 1314 1162 poni
1352 1123 1472 1160 posse.

827 1167 957 1205 Aliena
984 1174 1103 1206 autem
1132 1170 1177 1206 ab
1196 1167 1377 1206 Herodoti
1399 1166 1478 1202 dia-

828 1223 920 1261 lecto
941 1238 1023 1262 esse
1045 1220 1124 1263 οἷπό
1157 1228 1205 1271 (s.
1231 1222 1318 1271 ἐπὶ,
1348 1219 1491 1273 nanti)

827 1282 899 1318 τοῦ
920 1281 1014 1318 idem
1042 1281 1228 1318 contendit
1257 1280 1309 1316 vir
1336 1280 1476 1316 doctus.

826 1336 908 1372 Vid.
955 1350 991 1385 p.
1026 1340 1180 1377 1—6.
1219 1336 1479 1383 (Regiomont.

830 1392 968 1439 1828)
999 1391 1087 1428 Mox
1112 1392 1242 1429 rectius
1262 1404 1358 1427 nunc
1380 1384 1477 1443 Μῄ-

829 1461 904 1494 ων,
961 1448 1085 1484 addito
1137 1449 1211 1484 iota
1259 1446 1476 1496 subscript0‚

827 1505 926 1553 quod
964 1504 1074 1552 mlgo
1110 1508 1146 1542 et
1183 1504 1241 1541 hic
1277 1503 1402 1541 aberat
1439 1507 1475 1539 et

826 1560 905 1597 aliis
933 1573 1081 1609 quoque
1109 1560 1195 1597 locis
1226 1560 1358 1597 abesse
1385 1558 1472 1595 ‹lici-

825 1621 893 1653 tur.
922 1616 997 1653 Sed
1019 1618 1066 1653 ad
1076 1630 1199 1654 verum
1216 1617 1347 1654 ducere
1366 1618 1472 1664 pote-

824 1676 905 1709 rant
929 1673 1048 1720 numi,
1078 1673 1140 1722 qui
1161 1673 1331 1710 exhibent
1353 1671 1470 1710 Mai*

826 1744 935 1775 ονες,
964 1728 1057 1776 alia,
1098 1742 1192 1778 quae
1223 1728 1289 1765 Cr.
1332 1728 1469 1765 indica-

821 1787 871 1822 vit
892 1785 940 1822 ad
960 1786 1127 1833 fragmm.
1146 1786 1243 1822 histt.
1262 1799 1299 1835 p.
1312 1784 1391 1825 146
1412 1797 1468 1833 sq.

821 1840 942 1890 Atque
961 1842 1173 1879 Herodotus
1195 1842 1276 1892 ipse
1294 1841 1373 1888 VH,
1403 1840 1469 1881 74.

821 1901 875 1938 77
912 1898 998 1934 dicit
1031 1899 1283 1947 Μηΐονας.
1350 1897 1394 1932 In
1429 1909 1468 1932 re

820 1954 973 1989 w'dimus
1002 1954 1149 1989 Xantho
1178 1952 1369 1989 convenire
1388 1963 1467 1988 cum

818 2008 1009 2044 Herodoto
1021 2038 1032 2055 ,
1061 2008 1176 2056 Atyos
1194 2008 1306 2044 filium
1326 2008 1470 2045 vocanti

820 2063 987 2111 Lydum,
1016 2065 1112 2101 unde
1137 2064 1237 2112 genti
1266 2076 1398 2101 nomen
1420 2063 1468 2099 sit

820 2120 983 2157 inditum.
1011 2119 1229 2158 DeMaeone
1245 2121 1362 2157 minus
1383 2132 1468 2156 con—

822 2180 915 2222 stat,
947 2189 1054 2225 quem
1072 2177 1119 2213 ad
1136 2176 1273 2213 fabulas
1293 2189 1372 2214 cum
1390 2188 1467 2213 ma-

823 2233 917 2269 xime
944 2238 1107 2282 spectare
1136 2233 1368 2281 crediderim,
1406 2232 1467 2269 ubi

825 2288 965 2336 Cybele
994 2290 1063 2327 dea
1089 2288 1252 2326 Illaeonis
1281 2289 1355 2326 filia
1383 2301 1467 2339 per-

822 2345 986 2382 hibeatur
1002 2346 1175 2394 Attinque
1195 2347 1390 2395 quendam,
1407 2344 1469 2394 qui

824 2402 871 2437 ab
893 2401 970 2438 aliis
991 2401 1081 2449 Atys
1100 2407 1259 2449 vocatur,
1277 2403 1469 2439 adamasse

825 2458 973 2494 dicatur.
1014 2458 1098 2500 Qua
1135 2459 1181 2495 de
1218 2471 1259 2496 re
1296 2459 1341 2494 cf.
1374 2470 1470 2507 quae

827 2514 893 2551 Cr.
934 2514 1092 2551 laudavit
1121 2514 1143 2550 l.
1162 2514 1184 2551 l.
1204 2528 1242 2564 p.
1274 2514 1364 2555 147.
1393 2512 1471 2550 Ad-

826 2572 887 2617 do,
909 2572 1007 2618 quod
1024 2574 1168 2609 auctore
1186 2570 1327 2608 Hoeck.
1351 2570 1472 2617 (Cret.

826 2627 842 2663 I
867 2641 906 2677 p.
936 2629 1033 2673 130)
1061 2626 1119 2665 ille
1147 2628 1256 2664 modo
1285 2626 1472 2675 Lydorum

829 2684 937 2721 modo
953 2684 1135 2732 Phrygum
1161 2684 1270 2722 modo
1287 2684 1475 2732 utriusque

830 2741 949 2789 gentis
976 2753 1037 2777 rex
1069 2740 1206 2778 dicitur.
1255 2741 1477 2777 Graecorum

832 2797 1006 2845 Μαίων,
1056 2797 1119 2845 qui
1145 2797 1183 2833 in
1218 2795 1478 2834 Thebanorum

832 2855 940 2893 rebus
974 2854 1143 2903 occurrit,
1173 2853 1304 2902 Tydeo
1340 2852 1477 2892 Thebis
