1909 3228
584 197 1009 240 EUTERPE.
1060 201 1106 240 II.

198 318 310 351 συνα
340 307 387 351 δὲ
417 307 581 352 ἐλίπετο
612 309 696 364 πρὸ
727 312 808 353 τοῦ
842 310 1146 365 “Ηφαιστείου,
1200 309 1463 366 ἀνδριάντας
1519 323 1795 384 ffirpfficgffiloffls

1518 390 1594 423 tuit,

1518 423 1616 449 uxoris
1625 427 1655 450 et
1665 424 1794 450 liliorum

1516 456 1680 490 imagines:
1711 458 1794 484 Darii

1516 494 1644 516 statuam
1664 492 1730 525 poni
1743 499 1793 516 an-

1515 526 1546 550 te
1564 523 1631 561 illas
1658 524 1724 559 quis
1743 532 1791 551 ve-

1515 561 1619 584 tuerit.

195 388 413 439 λιθίνους·
471 386 554 431 δύο
585 388 683 445 μὲν,
732 388 965 446 τριήκοντα
991 391 1183 446 πηχέων,
1223 390 1389 434 ἑωυτόν
1415 407 1459 434 τε

194 467 269 509 καὶ
297 465 377 523 τὴν
405 472 610 522 γυναῖκα·
668 468 769 520 τούς
800 469 844 512 δὲ
878 471 1035 521 παῖδας
1065 469 1214 521 ἐόντας
1243 471 1457 525 τέσσερας,

166 547 335 590 Ξεῖκοσι
356 545 524 603 πηχέων
559 547 752 592 ἕκαστον.
794 552 881 592 τῶν
912 548 964 605 δή
994 549 1016 593 ὁ
1048 549 1165 603 ῐρεύς
1194 553 1273 593 τοῦ
1299 549 1458 605 ‘quac-

1381 204 1465 244 727

195 637 300 668 στου
328 625 474 685 χρόνῳ
501 627 723 681 μετέπειτα
760 631 907 685 πολλῷ
938 633 1135 683 Δαρεῖον
1177 628 1255 672 τὸν
1284 629 1459 685 Πέρσην

137 835 208 870 que
225 820 408 858 Diodorus
427 821 465 867 Ι,
489 821 541 863 55
563 822 714 872 primam
736 835 794 860 re-

136 879 193 926 gis
221 878 486 928 expeditionem
511 879 622 916 fuisse
655 879 692 915 in
720 878 792 917 Ae-

134 934 297 983 thiopes,
328 947 422 983 quos
441 934 639 972 debellatos
658 936 706 971 ad
728 949 791 973 ve-

134 989 242 1038 ctigal
263 991 498 1040 pendendum
520 992 668 1040 cogerit.
717 991 791 1029 Ubi

134 1046 204 1083 iam
235 1046 502 1096 ll'esselingius
544 1049 707 1086 eiusdem
734 1061 791 1085 ar-

133 1105 295 1150 gumenti
322 1104 418 1141 locos
457 1104 649 1142 Strabonis
679 1108 790 1154 atque

133 1159 238 1195 Plinii
268 1160 450 1197 indicavit.
509 1160 630 1210 Atque
661 1162 789 1198 etiam-

133 1228 219 1252 num
251 1216 286 1251 in
317 1216 534 1267 anaglyphis
572 1217 788 1268 templorum

133 1271 436 1321 amplissimorum
470 1273 615 1311 Nubiae
649 1278 685 1310 et
722 1286 790 1309 no-

132 1341 216 1365 men
228 1330 325 1377 regis
338 1329 487 1366 inveniri
499 1330 623 1366 volunt
640 1334 675 1366 et
688 1330 787 1379 ipsas

132 1386 209 1422 eius
232 1398 288 1422 res
306 1390 603 1435 repraesentatas
615 1386 787 1436 conspici,

129 1453 274 1491 pugnas
322 1442 394 1478 scil.
433 1454 513 1478 cum
544 1440 786 1491 Aethiopibus

129 1497 338 1534 commissas
359 1503 395 1536 et
418 1498 583 1534 victorias
612 1499 659 1535 de
687 1498 787 1535 hisce

128 1559 332 1604 reportatas
352 1583 363 1601 ,
398 1554 600 1604 triumphos
628 1555 786 1602 victoris,

129 1611 185 1648 cui
210 1611 345 1647 tributa
364 1623 385 1647 a
405 1611 506 1647 victis
528 1611 784 1660 praebeantur.

128 1667 282 1714 Singula
309 1667 458 1717 protulit
482 1667 643 1704 Heeren.
672 1667 784 1705 Ideen

127 1723 181 1769 ΙΙ,
208 1727 234 1764 2
263 1736 349 1772 pag.
372 1725 465 1764 318.
494 1724 599 1770 320,
630 1724 691 1772 qui
715 1724 785 1760 hoc

130 1780 236 1816 etiam
257 1780 379 1827 addit,
409 1792 483 1815 non
503 1784 645 1829 partem
669 1792 785 1828 quan-

130 1835 214 1871 dam
251 1835 489 1885 Aethiopiae,
540 1836 604 1872 sed
641 1849 785 1872 omnem

130 1896 263 1928 terram
279 1891 387 1928 armis
409 1897 650 1941 expugnatam
661 1892 783 1928 fuisse.

129 1947 210 1984 Nec
235 1948 345 1984 mirae
371 1948 484 1985 videri
504 1948 639 1984 debent
658 1947 784 1996 Aegy-

128 2005 286 2054 ptiorum
320 2017 448 2052 regum
487 2005 708 2041 incursiones
747 2005 784 2040 in

127 2060 381 2110 Aethiopiam,
405 2073 484 2097 cum
505 2059 562 2097 vel
579 2065 704 2097 nostra
724 2072 788 2098 ae-

128 2120 205 2154 tate
237 2117 331 2154 idem
351 2117 486 2153 factum
509 2117 553 2153 sit
573 2118 618 2153 ab
642 2117 787 2154 hodier-

126 2185 175 2209 no
206 2172 367 2222 Aegypti
396 2186 482 2221 rege
501 2201 511 2219 ,
551 2173 639 2221 qui,
672 2173 784 2223 ipsius

127 2227 289 2279 Aegypti
309 2230 461 2279 imperio
491 2230 576 2266 satis
595 2230 786 2266 confirma-

126 2288 187 2332 to,
218 2286 338 2322 statim
369 2285 480 2322 filium
503 2299 605 2323 suum
627 2299 706 2322 cum
725 2300 786 2322 co-

126 2342 196 2391 piis
240 2340 469 2391 Aethiopiam
504 2355 629 2379 versus
673 2343 783 2389 misit,

130 2410 204 2445 quo
226 2409 307 2434 eam
326 2403 460 2434 terram
481 2399 607 2435 ditioni
622 2412 707 2436 snae
719 2400 785 2435 ad-

128 2453 261 2490 iiceret.
322 2454 430 2491 Conf.
457 2455 615 2492 Heeren.
647 2454 669 2491 l.
689 2455 711 2491 l.
739 2455 784 2502 Il,

131 2512 152 2549 1
180 2523 217 2559 p.
240 2510 321 2549 430
343 2523 419 2559 seq.

187 2561 422 2615 μνημόσυνα
453 2563 493 2604 δὲ
525 2566 676 2606 ἐλίπετο
705 2564 781 2618 πρό

127 2623 200 2659 τοῦ
220 2636 254 2659 κ.
272 2637 302 2658 τ.
326 2621 377 2672 λ.]
427 2622 510 2660 Hoc
545 2625 679 2660 factum
715 2629 782 2670 est,

127 2682 167 2713 ut
191 2678 361 2726 equidem
380 2680 561 2728 suspicor,
588 2681 624 2716 in
645 2693 783 2716 meino-

125 2734 214 2771 riam
244 2735 426 2784 periculi,
467 2736 565 2784 quod
593 2749 653 2773 rex
692 2737 783 2773 effu-

126 2795 254 2838 gerat,
284 2790 340 2838 ΙΙ,
365 2794 455 2832 107.
500 2791 581 2829 Nec
603 2792 705 2828 aliter
724 2805 782 2830 re-

126 2848 196 2884 fert
214 2846 367 2885 Diodor.
391 2848 429 2895 I,
454 2848 519 2890 57.
569 2848 655 2886 Huc
676 2850 781 2887 etiam

862 823 1016 860 fortasse
1038 823 1372 874 pertinentlapides
1387 824 1516 872 ingen-

859 882 915 917 tes
946 881 994 916 ad
1014 879 1167 916 Vulcani
1199 880 1374 929 templum
1403 893 1423 916 a
1457 892 1519 916 ca-

859 936 967 987 ptivis
1004 937 1110 972 tracti
1143 936 1229 983 (ΙΙ,
1252 938 1388 983 108),
1436 948 1516 973 cum

860 992 1106 1043 μονολίθους
1146 993 1257 1029 fuisse
1294 997 1433 1028 statuas
1474 1005 1517 1029 ex

858 1048 1013 1086 Diodori
1042 1049 1249 1086 testimonio
1290 1053 1428 1098 pateat.
1458 1070 1515 1074 ——

859 1105 1000 1152 „Duos
1033 1106 1233 1143 consimiles
1271 1104 1434 1141 colossos
1471 1116 1515 1141 ex

858 1166 963 1213 parte
988 1166 1195 1209 truncatos,
1227 1174 1270 1199 ex
1300 1161 1421 1211 lapide
1441 1159 1514 1198 Ae-

858 1219 987 1268 gyptio
1016 1219 1125 1255 rubro
1149 1218 1318 1265 (Granit)
1340 1221 1425 1254 ante
1447 1229 1514 1267 pa-

856 1274 982 1311 latium
1014 1288 1129 1325 prope
1168 1274 1320 1311 Karnak
1359 1273 1513 1323 positos,

856 1330 1083 1378 longitudine
1126 1331 1256 1379 viginti
1285 1343 1347 1366 sex
1376 1330 1511 1379 pedum

857 1387 1092 1423 offenderunt
1114 1387 1255 1423 Franco
1271 1409 1287 1413 —
1302 1386 1418 1432 Galli,
1450 1385 1512 1434 qui

855 1443 967 1480 iidem
986 1455 1029 1479 ex
1042 1447 1166 1479 nostro
1177 1442 1256 1478 loco
1270 1442 1512 1479 coniecturam

855 1499 1060 1545 duxerunt,
1098 1499 1149 1535 ibi
1188 1511 1335 1547 quoque
1361 1498 1511 1535 heroum

854 1559 917 1592 aut
938 1568 1065 1603 regum
1103 1555 1139 1591 in
1177 1555 1328 1591 deorum
1356 1555 1511 1590 formam

852 1612 1054 1649 effictorum
1075 1611 1253 1659 imagines
1275 1610 1425 1659 cogitari
1447 1611 1513 1647 de-

853 1668 952 1705 bere.
1011 1667 1093 1704 Vid.
1129 1668 1300 1717 descript.
1341 1667 1387 1704 de
1414 1667 1508 1716 l'Eg.

849 1724 919 1761 vol.
940 1724 973 1761 II
1003 1737 1090 1774 pag.
1110 1726 1192 1764 217
1216 1725 1320 1772 seq.“
1353 1723 1421 1760 Cr.

908 1782 989 1819 τῶν
1013 1778 1062 1830 δή
1087 1778 1108 1819 ὁ
1139 1776 1247 1830 ἵρεῦς
1274 1782 1347 1818 τοῦ
1365 1778 1508 1828 Ἡφαί-

855 1848 948 1874 στου
993 1851 1028 1874 κ.
1076 1851 1107 1874 τ.
1147 1834 1195 1885 λ.]
1254 1836 1392 1885 Scripsi
1429 1849 1508 1872 cum

853 1893 1055 1940 Schweigh.
1097 1896 1133 1929 et
1169 1893 1284 1928 Gaisf.
1332 1893 1410 1929 τῶν
1443 1888 1508 1941 δή,

852 1949 914 1986 ubi
945 1951 1024 1986 τῶν
1056 1947 1182 1984 Ionum
1211 1961 1312 1984 more
1350 1948 1509 1997 positum

857 2009 914 2042 cst
941 2018 1008 2055 pro
1042 1998 1107 2042 ὧν.
1165 2004 1221 2040 Ex
1256 2003 1333 2040 aliis
1361 2005 1510 2052 quibus-

856 2062 941 2097 dam
970 2061 1069 2097 libris
1099 2060 1362 2108 ll'esselingius
1384 2061 1509 2098 edide-

854 2122 913 2154 rat
941 2118 1085 2155 τῶνδε
1116 2114 1166 2166 δή
1188 2115 1210 2155 ὁ
1233 2113 1340 2166 ῖρεῦς
1362 2131 1397 2154 κ.
1421 2132 1451 2154 τ.
1472 2119 1504 2154 λ.

854 2173 996 2211 Pendet
1024 2186 1110 2210 vero
1152 2173 1331 2222 genitivus
1370 2173 1414 2209 ab
1443 2171 1505 2223 ἔμ-

853 2234 1055 2281 προσθεν,
1086 2234 1122 2266 et
1148 2233 1290 2279 spectat
1317 2229 1364 2266 ad
1389 2229 1507 2265 colos-

855 2300 915 2324 sos
929 2316 939 2334 ,
965 2299 986 2323 a
1005 2286 1163 2323 Sesostri
1181 2290 1331 2323 erectos.
1344 2285 1509 2322 —Pau-

852 2344 888 2380 lo
908 2347 992 2380 ante
1015 2356 1095 2379 cum
1123 2343 1250 2379 iisdem
1274 2342 1358 2378 viris
1381 2343 1510 2379 rescri-

853 2401 911 2450 psi
929 2397 1086 2450 πηχέων
1106 2411 1172 2449 pro
1184 2394 1355 2447 πήχεων,
1379 2399 1508 2436 eodem

853 2457 990 2502 modo,
1019 2468 1092 2504 quo
1114 2454 1150 2501 I,
1177 2455 1255 2494 183
1287 2459 1323 2492 et
1344 2454 1399 2500 Π,
1425 2458 1506 2495 111

855 2513 916 2548 fin.
949 2509 1057 2562 ἷρεῦς
1080 2511 1148 2547 hoc
1171 2511 1251 2547 loeo
1278 2511 1412 2557 eritis,
1444 2510 1505 2559 qui

855 2568 1007 2616 collegio
1038 2567 1266 2604 sacerdotum
1297 2568 1363 2603 suit
1399 2579 1506 2616 prae-

850 2626 1012 2675 positus,
1042 2618 1265 2674 ἀρχιερεύς,
1284 2628 1323 2660 ut
1341 2636 1423 2660 eum
1442 2636 1506 2660 vo-

851 2681 944 2718 cavit
966 2680 1153 2717 Diodorus
1180 2679 1219 2725 I,
1250 2680 1321 2726 58,
1364 2679 1425 2715 ubi
1456 2680 1503 2717 de

851 2737 920 2773 hoc
939 2749 1006 2772 usu
1027 2740 1113 2785 apte
1133 2737 1272 2773 monuit
1282 2735 1502 2784 lVesseling.

852 2793 1009 2830 Gravius
1041 2791 1130 2828 illud
1157 2793 1371 2841 quibusdam
1401 2793 1504 2830 vide-

851 2850 971 2897 bitur,
1009 2849 1109 2898 quod
1137 2848 1240 2887 Darii
1269 2849 1306 2886 in
1331 2848 1501 2900 Aegypto

1648 399 1731 417 suani
1764 395 1795 418 et
