1877 3223
617 211 919 255 cL10.1.

1330 215 1411 256 113

234 322 340 368 Οδμή
358 320 393 370 μ’
416 323 453 365 ἐς
469 323 606 370 φρένας
624 318 716 370 ἦλθε
733 324 981 369 κραταιρίνοιο
998 321 1151 369 χελώνης

227 380 408 427 ἑψομένης
434 380 475 418 ἐν
497 383 616 430 χαλκῶ
636 378 695 425 ἅμ’
720 379 897 426 αρνείοισι
916 380 1066 426 κρέεσσι,

227 433 250 483 ᾗ
265 438 395 484 χαλκὸς
412 437 454 484 μὲ
458 453 478 473 ν
498 439 565 475 ints
561 439 735 485 ’,στρωται
759 438 894 484 χαλκὸν
911 435 950 473 δ’
977 436 1148 473 ἐπιέσται.

30 513 95 559 48
145 509 293 550 Ταῦτα
333 509 376 550 οἱ
414 508 556 550 Λυδοὶ
597 506 861 562 θεσπισάσης
898 509 972 561 τῆς
1012 506 1188 560 Πυθίης
1224 504 1430 560 &impone-3

115 584 348 640 Ξψάμενοι,
381 586 551 642 οἴχοντο
583 584 782 637 ἀπιόντες
811 585 854 637 ἐς
879 584 957 636 τοὶς
979 584 1157 640 Σάρδις.
1187 581 1244 635 ὦς
1273 584 1414 628 δὲκαὶ

132 659 280 708 ‘nilion
318 666 362 708 οἱ
401 665 770 722 περιπεμφθέντες
815 667 1016 721 παρῆσαν
1059 662 1266 720 φέροντες
1309 662 1414 714 τοὺς

137 743 376 799 χρησμοὺς,
424 743 617 787 ἐνθαῦτα
651 741 674 787 ὁ
705 746 899 799 Κροῖσος
936 743 1093 787 ἕκαστα
1123 739 1413 786 ἀναπτύσσων

113 819 284 876 3ἒπώρα
304 825 392 865 τῶν
421 821 784 880 συγγραμμάτων.
814 827 899 867 τῶν
917 822 996 880 μὲν
1026 820 1079 878 δὴ
1109 820 1238 866 οὐδὲν
1264 822 1414 879 προσί-

147 1001 253 1057 ὅδμή
276 1004 313 1058 μ’
326 1006 365 1054 ἐς
383 1005 531 1060 φρένας
540 1001 640 1058 ἦλθε
651 1023 742 1061 κρα-

92 1064 287 1114 ταιρίνοιο
307 1061 505 1114 χελώνης]
535 1064 620 1102 Uno
645 1066 682 1101 in
701 1065 743 1101 li-

96 1118 161 1155 bro
179 1124 295 1156 exstat
318 1117 421 1171 όὸμή
444 1116 527 1166 δ’ἐς
540 1122 744 1172 φρ.,·(]ιιοι1

95 1175 332 1213 Yalckenario
366 1178 566 1227 profectum
597 1178 746 1215 videba-

93 1235 153 1267 tur
182 1232 227 1268 ab
265 1232 443 1269 eiusmodi
483 1233 647 1279 librario⁷
691 1233 746 1269 cui

91 1291 195 1323 vetus
225 1291 335 1336 atque
372 1288 568 1325 Homerica
603 1289 748 1325 dicendi

95 1343 185 1378 ratio
234 1344 344 1380 suerit
388 1344 523 1391 ignota.
582 1343 748 1391 Aeschyl.

95 1398 225 1449 Suppl.
246 1399 345 1440 384:
364 1396 488 1450 φόβος
509 1394 546 1450 μ’
569 1398 643 1450 ἔχει
656 1398 747 1451 φρέ-

94 1469 180 1501 νας.
236 1455 340 1492 Pers.
363 1459 462 1498 161:
493 1455 559 1494 καί
585 1470 746 1506 μεκαρ-

97 1511 188 1550 δίαν
232 1506 400 1562 οἷμύσσει
437 1512 614 1563 φροντίς.
671 1512 744 1548 Pro

95 1568 384 1619 κραταιρίνοιο,
415 1569 516 1617 quod
546 1582 567 1606 e
589 1568 745 1606 meliori·

95 1625 164 1661 bus
195 1623 294 1660 libris
333 1625 518 1672 dedimus,
567 1625 626 1662 alii
652 1639 747 1675 κρα-

98 1676 324 1730 ταιρήνοιο,
361 1681 420 1718 alii
452 1677 635 1733 κρατειρή
667 1677 744 1728 οἷα,

99 1749 192 1772 unus
210 1736 503 1787 κραταιρῤίνοιο
517 1768 528 1786 ,
553 1738 653 1786 quod
670 1737 747 1774 val-

101 1792 148 1829 de
174 1793 278 1828 nobis
311 1793 463 1840 arridet,
512 1795 682 1842 quoniam
709 1794 747 1829 in

100 1847 178 1884 aliis
196 1848 402 1884 huiusmodi
423 1850 605 1885 vocabulis
622 1849 745 1886 literu-

99 1904 171 1941 lam
210 1908 242 1954 ρ’
285 1904 503 1954 duplicatam
537 1906 749 1955 plerumque

100 1961 313 1997 invenimus.
345 1960 427 1997 Vid.
451 1964 580 1997 notatt.
594 1961 641 1997 ad
662 1961 751 1997 Cte-

102 2017 178 2054 siae
210 2016 363 2053 Persice.
396 2015 433 2066 ᾗ.
461 2016 513 2057 53
540 2029 626 2066 pag.
657 2018 749 2057 198.

103 2075 196 2113 199.
235 2072 416 2108 Herodoti
439 2072 653 2122 interpretes
674 2072 751 2108 lau-

101 2129 191 2165 dant
207 2125 440 2178 λιθόῤῥινος
454 2155 463 2172 ,
503 2129 604 2175 quod
625 2128 672 2164 de
696 2132 752 2164 te-

101 2184 247 2221 studine
266 2184 355 2220 dixit
383 2183 624 2233 Empedocles
654 2184 753 2233 apud

102 2240 281 2277 Plutarch.
332 2239 522 2290 Symposs.
555 2240 593 2286 Ι,
631 2242 669 2279 2.
714 2241 751 2280 5.

103 2309 189 2347 pag.
219 2297 312 2343 618,
335 2297 381 2333 de
411 2297 487 2332 orb.
521 2297 557 2332 in
584 2297 652 2332 fac.
680 2294 754 2332 lun.

106 2355 160 2394 14
189 2364 276 2401 pag.
315 2354 416 2399 927,
442 2352 473 2388 F
514 2351 754 2401 (Empedocl.

107 2410 271 2457 fragmm.
303 2409 363 2446 ed.
392 2409 510 2444 Sturz.
530 2420 617 2458 pag.
640 2408 754 2455 608).

110 2464 178 2501 Cr.
209 2464 311 2501 addit
338 2464 488 2501 Homer.
521 2465 570 2500 H.
601 2465 639 2500 in
657 2463 756 2501 Mer-

110 2532 183 2556 cur.
205 2521 260 2559 48
290 2521 376 2569 ibiq.
404 2520 520 2568 Ilgen.
553 2532 640 2570 pag.
663 2521 757 2560 370.

111 2576 153 2612 In
191 2575 451 2623 significatione
491 2580 645 2624 utraque
687 2588 758 2612 vox

110 2632 228 2668 minus
249 2631 394 2676 differt3
431 2632 479 2667 ad
501 2632 624 2668 (Iuram
644 2635 758 2668 testu-

113 2687 205 2723 dinis
232 2686 352 2735 pellem
377 2700 405 2723 s.
440 2690 568 2724 corium
595 2689 757 2724 refertur.

113 2742 236 2779 ——De
250 2744 365 2779 forma
385 2742 537 2793 κρέεσσι
566 2744 606 2789 (a
625 2741 758 2794 κρέας)

113 2799 184 2835 vid.
215 2798 344 2835 Matth.
380 2799 446 2839 Gr.
476 2800 541 2838 Gr.
572 2798 608 2851 ἓ.
633 2801 706 2850 84,
732 2801 759 2841 3

116 2867 201 2905 pag.
225 2856 316 2894 187.

174 2909 378 2950 HEnonoT.
411 2911 442 2951 Ι.

865 1004 1007 1060 χαλκὸν
1039 1003 1080 1047 δ’
1104 1005 1299 1053 ἐπιέσται]
1337 1006 1457 1056 Vulgo

810 1064 1003 1113 ἕπίεσται,
1032 1068 1184 1102 retracto
1210 1067 1381 1110 accentu3
1417 1067 1458 1100 ut

809 1122 845 1158 in
862 1122 1006 1170 Stegeri
1026 1134 1068 1157 ac
1095 1119 1226 1157 Matth.
1255 1121 1355 1157 editt.
1391 1120 1460 1156 ad·-

809 1178 878 1215 huc
901 1181 1086 1227 comparet
1103 1180 1139 1213 et
1159 1177 1196 1212 in
1214 1176 1374 1213 Gramm.
1392 1177 1459 1212 Gr.

815 1234 944 1271 Matth.
960 1246 1045 1283 pag.
1063 1234 1145 1273 456
1170 1230 1206 1281 ἓ.
1230 1233 1322 1273 233.
1362 1231 1460 1269 Nam

816 1289 954 1340 ἕννυμι
964 1290 1001 1325 in
1012 1290 1171 1338 perfecto
1189 1290 1321 1325 format
1334 1286 1461 1338 ἕσμαι,

814 1345 934 1384 ἔσται.
1006 1345 1065 1381 De
1102 1348 1283 1380 structura
1323 1343 1460 1380 relativi

812 1400 1039 1451 pronominis
1087 1399 1225 1435 monuit
1258 1398 1460 1437 Hermann.

813 1458 861 1493 ad
882 1456 1006 1504 Viger.
1030 1467 1116 1504 pag.
1137 1455 1229 1494 708.
1242 1454 1462 1503 wesseling.

811 1512 928 1549 locum
947 1512 998 1548 sic
1017 1511 1214 1560 expressit:
1237 1539 1260 1557 >⁷
1273 1513 1332 1547 cni
1352 1514 1462 1548 testu-

812 1569 890 1606 (lini
906 1569 1123 1605 substratum
1144 1566 1278 1616 quidem.
1294 1581 1352 1604 aes
1365 1597 1376 1614 ,
1403 1580 1462 1605 ve·

812 1638 889 1664 rum
915 1638 973 1662 aes
993 1636 1125 1675 qnoque
1142 1623 1268 1661 induta
1289 1626 1379 1662 est.“

980 1713 1012 1751 c
1025 1727 1092 1765 ap.
1123 1713 1292 1752 XLviu.

872 1792 928 1839 ὥς
967 1790 1011 1831 δὲ
1049 1790 1117 1831 καὶ
1153 1787 1309 1839 Umor]
1355 1789 1466 1832 ἄλλοι

812 1850 851 1886 in
884 1849 935 1886 W
937 1849 1120 1897 esselingii
1146 1849 1304 1886 editione
1329 1853 1468 1893 exstat3

814 1905 937 1954 scripti
972 1905 1053 1941 libri
1091 1904 1247 1940 offerunt
1284 1900 1400 1942 ὧλλοι
1429 1908 1467 1940 et

812 1955 964 2006 Γὧλλοι,
994 1959 1094 2007 quod
1112 1972 1191 1995 cum
1215 1959 1415 2007 Schweigh.
1428 1963 1465 1996 et

817 2016 936 2052 Gaisf.
989 2014 1121 2064 recepi.
1207 2014 1385 2052 Matthiae
1430 2019 1468 2052 et

815 2071 1000 2108 Schaefer.
1021 2064 1147 2108 ὧλλοι.
1206 2071 1314 2108 Conf.
1337 2071 1392 2119 ΙΙ,
1415 2071 1467 2111 14

818 2127 898 2165 coll.
932 2126 988 2173 Il,
1026 2126 1091 2167 51.
1113 2128 1178 2167 36.
1235 2125 1294 2163 Ad
1324 2127 1379 2173 H,
1413 2130 1466 2167 14

818 2182 991 2220 nonnulla
1012 2183 1150 2219 monuit
1163 2182 1378 2231 VVesseling.
1390 2183 1468 2220 lau-

820 2240 912 2276 dans
934 2238 1052 2275 Schol.
1075 2238 1242 2288 Apollon.
1267 2239 1387 2276 Rhod.
1417 2240 1465 2275 ad

819 2297 856 2342 I,
881 2297 985 2337 1081
1001 2324 1012 2341 ,
1043 2295 1102 2343 qui
1123 2295 1312 2332 recentiori
1338 2295 1467 2332 Ionum

824 2351 977 2388 dialecto
1004 2351 1097 2387 hanc
1122 2353 1274 2388 sormam
1295 2352 1468 2389 adscribit

823 2409 986 2445 Homero
1015 2407 1188 2456 ignotam.

882 2462 1023 2502 ἕκαστα
1053 2458 1333 2502 ἅναπτύσ
1355 2473 1470 2502 σων

823 2517 980 2570 ἐπώρα]
1013 2519 1155 2566 „Confi
1176 2520 1325 2557 Homer.
1347 2519 1386 2555 ΙΙ.
1406 2519 1471 2566 VI,

827 2579 929 2617 169:
960 2597 1014 2602 -—
1046 2572 1203 2627 γράψας
1249 2575 1290 2614 ἐν
1333 2575 1473 2613 πίνακι

824 2634 962 2685 πυκτςιῖ
990 2632 1112 2680 ibique
1139 2633 1273 2680 Heynii
1294 2632 1470 2669 Observv.

825 2701 910 2739 pag.
931 2691 1010 2729 219
1033 2701 1109 2738 seq.
1131 2692 1167 2725 et
1189 2688 1369 2725 Herodot.
1388 2687 1469 2734 VII,

826 2745 944 2786 239“
989 2743 1052 2781 Cr.

881 2802 960 2838 τῶν
993 2798 1063 2850 μὲν
1090 2797 1138 2851 δή
1165 2795 1284 2839 οὐδὲν
1302 2814 1393 2851 προ
1408 2798 1474 2837 σι’-

828 2870 845 2896 ε
859 2871 878 2895 τ
893 2858 936 2904 ο]
967 2857 987 2893 i.
1008 2870 1038 2895 e.
1069 2869 1209 2908 quorum
1231 2857 1366 2907 quidem
1390 2855 1471 2894 md-

1176 2915 1204 2953 8

1431 507 1456 541 0
1487 505 1644 534 Probatmn
1672 513 1689 533 ιι

1456 539 1579 569 Croeso.
