1909 3228
451 224 535 265 526

455 333 537 376 λέει
575 332 708 375 ἐοῦσα
719 343 728 352 ·

841 220 1304 260 HERODOTI

786 328 853 370 ἐπὶ
892 328 937 372 δὲ
975 328 1088 384 χιόνι
1125 327 1336 384 πεσούσῃ,
1375 334 1492 373 πᾶσα
1532 328 1752 386 ἀνάγκη55

453 411 541 455 ἐστὶ
569 405 671 452 ὗσαι
699 407 744 450 ἐν
773 406 896 449 πέντε
927 405 1133 463 ἡμέρῃσι·
1167 406 1273 451 ὥστε
1303 409 1338 450 εἰ
1367 407 1566 463 ἐχιόνιζε,
1596 409 1696 452 ὕετο

425 489 512 532 ὃᾶν
541 491 675 530 ταῦτα
714 485 766 528 τα
806 488 953 541 χωρία.

1009 488 1131 539 τρίτα
1170 487 1233 538 δὲ,
1282 488 1325 529 οἵ
1353 484 1580 541 ἄνθρωποι
1607 486 1695 531 ὑπὸ

425 571 533 610 otoo
563 565 782 620 καύματος
811 566 988 620 μέλανες
1019 564 1170 616 ἐόντες.
1202 567 1357 608 ἰκτῖνοι
1397 566 1441 608 δὲ
1483 566 1556 608 καὶ
1589 571 1697 621 χελι-

453 645 576 694 δόνες
607 642 658 686 δι’
691 643 804 694 ἔτεος
834 643 973 695 ἐόντες
1004 643 1085 687 οὐκ
1115 643 1413 688 ἀπολείπουσι·
1451 643 1628 700 γέρανοι
1657 644 1702 688 δὲ

453 723 696 780 φεύγουσαι
731 721 808 766 τὸν
843 727 1030 778 χειμῶνα
1068 723 1145 766 τόν
1174 722 1221 766 ἐν
1250 726 1302 779 τῇ
1341 726 1540 780 Σκυθικῇ
1582 722 1699 780 χώρῃ

451 802 706 859 γινόμενον,
751 802 953 856 φοιτέωσι
991 801 1032 852 ἐς
1069 803 1289 858 χειμασίην
1329 801 1369 852 ές
1410 800 1513 852 τοὺς
1540 801 1758 853 τόπουςδο

425 880 665 932 7τούτους·
697 881 733 922 εἰ
762 881 910 923 τοίνυν
939 880 1115 936 ἐχιόνιζε
1145 881 1215 924 καὶ
1246 872 1603 936 ὁσονῶνταύτην
1625 879 1704 936 τὴν

451 960 619 1017 χώρην,
671 956 722 1002 δι’
752 954 802 1016 ἧς
830 977 873 1003 τε
904 961 987 1015 ῥέει
1024 961 1096 1003 καὶ
1135 960 1181 1003 ἐκ
1218 963 1292 1016 τῆς
1330 958 1501 1014 ἄρχεται
1540 958 1648 1014 ῥέων
1678 957 1702 1002 ὁ

452 1043 629 1090 Νεῖλος,
676 1033 733 1095 ἦν
761 1038 816 1081 ἂν
844 1038 1013 1083 τούτων
1043 1037 1191 1089 οὐδὲν,
1245 1036 1302 1089 ὠς
1330 1037 1356 1093 ἡ
1392 1037 1557 1094 ἀνάγκη
1588 1038 1701 1094 ἐλέγ-

396 1237 524 1284 sragm.
553 1247 638 1285 pag.
669 1233 752 1276 214
782 1247 884 1283 seqq.
924 1233 1046 1282 Aegy-

397 1297 498 1342 ptum
527 1292 585 1329 ille
606 1292 762 1337 dixerat,
793 1295 919 1341 utpote
946 1291 1045 1327 fluvii

397 1349 481 1386 limo
499 1354 633 1394 ortam,
662 1348 819 1384 humoris
846 1348 984 1397 copiam
1007 1348 1044 1384 in

399 1418 438 1442 se
459 1405 617 1453 recipere
639 1408 675 1440 et
697 1416 763 1454 per
781 1404 932 1440 hiemem
950 1404 986 1439 in
1005 1417 1044 1440 se

397 1461 662 1507 constringere,
680 1463 819 1496 aestate
834 1463 953 1495 autem
965 1464 1044 1495 tan-

398 1529 507 1565 quam
539 1516 689 1552 sudores
717 1528 760 1552 ex
792 1528 831 1551 se
860 1516 1044 1560 einittcre3

397 1573 495 1608 unde
515 1572 605 1618 fieri,
634 1576 674 1608 ut
687 1571 793 1608 Nilus
814 1576 994 1620 augeatur
1011 1575 1048 1608 et

397 1628 560 1665 inundet.

455 1736 520 1778 ἐπὶ
539 1735 580 1777 δὲ
611 1732 715 1793 χιόνι
731 1732 920 1789 πεσούσῃ,
937 1736 1046 1773 πᾶσα

399 1791 553 1845 ἀνάγκη
568 1792 646 1832 ἐστὶ
662 1794 755 1831 ὑσαι
767 1792 808 1831 ἐν
820 1790 934 1831 πέντε
953 1788 1046 1840 ημέ-

399 1854 508 1915 ρῃσι]
540 1850 596 1887 De
627 1850 745 1885 verbis
767 1847 831 1886 ἐπὶ
859 1843 960 1897 χιόνι
980 1859 1046 1884 πε-

399 1919 525 1960 σουσῃ
551 1906 731 1951 (contentio
747 1909 826 1954 post
848 1915 1044 1940 mvemcoe-

399 1963 484 2000 litus
511 1962 713 2012 delapsam)
750 1960 885 1998 consul.
914 1958 1044 1996 Matth.

400 2020 465 2057 Gr.
494 2019 558 2055 Gr.
588 2032 673 2068 pag.
708 2020 826 2059 1113.
870 2039 916 2044 —
958 2014 1047 2051 Mox

398 2073 545 2112 verba'
529 2089 570 2113 εν
598 2073 712 2112 πέντε
734 2073 903 2126 ἡμέρῃσι
923 2071 1046 2121 displi-

398 2135 548 2169 cuerunt
563 2131 682 2168 Fabro
699 2135 735 2167 et
755 2130 954 2174 Gronovio,
986 2126 1048 2176 qui

399 2188 469 2224 alia
509 2201 633 2224 eorum
669 2187 749 2223 loco
787 2188 1046 2236 proponerent.

399 2244 474 2281 Sed
493 2243 599 2280 Gellii
617 2243 869 2280 auctoritatem
885 2244 961 2279 iure
980 2253 1047 2290 op-

400 2299 503 2350 ponit
523 2299 796 2347 Wesselingius‚
827 2298 952 2336 Noctt.
969 2296 1045 2333 Att.

400 2356 496 2402 Vlll,
507 2355 543 2396 4.
573 2355 653 2392 Nec
669 2356 785 2392 minus
799 2355 967 2392 credibile
980 2357 1046 2398 est,

400 2411 644 2458 Herodotum,
674 2424 767 2460 quae
786 2411 932 2447 Thuriis
952 2409 1048 2446 aliis-

400 2480 444 2504 ve
465 2467 550 2504 locis
569 2468 647 2516 ipse
664 2467 825 2505 accidere
837 2469 974 2504 viderat
985 2469 1048 2501 aut

401 2525 447 2560 ab
467 2523 544 2559 aliis
564 2524 675 2560 fando
702 2524 882 2570 audierat,
913 2524 959 2559 ad
976 2520 1047 2558 Ae-

401 2579 557 2629 thiopiae
602 2579 770 2627 regiones
808 2579 1046 2615 transtulisse.

401 2656 457 2661 ·—-
486 2630 609 2671 Mox
592 2631 682 2673 ύετο
703 2636 879 2672 edidimus
892 2648 958 2684 pro
970 2628 1047 2672 ὕπ’

402 2694 445 2725 ut
462 2690 497 2725 in
519 2691 633 2727 Reizii
653 2692 813 2728 editione
831 2695 959 2728 exstat.
990 2690 1047 2727 De

403 2745 482 2794 ipso
502 2747 610 2782 verbo
631 2747 780 2796 eiusque
801 2761 869 2784 usu
888 2748 980 2783 conf.
1004 2746 1047 2793 ΙΙ,

406 2802 469 2840 16.
500 2802 603 2843 Quae
631 2808 821 2851 praeterea
845 2804 948 2840 addit
966 2802 1048 2839 No-

405 2859 480 2893 ster
507 2856 554 2893 de
574 2858 705 2894 adusto
725 2859 907 2895 homininn
929 2858 1048 2896 colore

1112 1238 1150 1272 et
1171 1235 1217 1271 de
1248 1233 1418 1282 gruibus,
1449 1246 1511 1281 ea,
1541 1237 1636 1270 teste
1652 1233 1760 1270 Νεε-

1112 1291 1276 1339 selingio‚
1307 1290 1403 1325 haud
1422 1291 1608 1338 praeteriit
1622 1290 1763 1326 Seneca

1113 1348 1264 1391 Quaest.
1288 1345 1391 1383 Natt.
1412 1346 1485 1392 lv,
1507 1349 1535 1387 2
1556 1346 1635 1383 coll.
1655 1346 1763 1383 Euri-

1110 1404 1184 1453 pid.
1201 1402 1331 1439 Helen.
1352 1401 1468 1442 1497.

1168 1509 1216 1552 δι’
1234 1511 1336 1557 ἔτεος
1353 1508 1482 1559 ἐόντες
1511 1508 1583 1552 ov'n
1605 1507 1760 1552 οἷπολεί-

1113 1568 1254 1619 πουσι]
1278 1564 1324 1607 δι’
1345 1568 1448 1615 ἔτεος
1471 1575 1544 1606 est:
1569 1582 1631 1619 per
1651 1573 1762 1606 totum

1113 1638 1263 1669 annum,-
1293 1626 1363 1662 vid.
1380 1626 1537 1662 Fischer.
1549 1627 1597 1662 ad
1615 1626 1760 1663 W‘cller.

1114 1681 1186 1727 Ill,
1213 1682 1234 1718 b
1267 1694 1352 1730 pag.
1380 1684 1458 1722 169
1488 1677 1715 1720 ἀπολείπειν
1742 1694 1764 1718 a

1113 1737 1280 1773 werfero
1307 1738 1367 1783 (in
1385 1738 1463 1773 Act.
1482 1737 1579 1787 phill.
1599 1737 1765 1774 Monacc.

1113 1792 1142 1838 l,
1159 1796 1185 1833 2
1202 1806 1237 1842 p.
1256 1793 1364 1839 272)
1387 1793 1600 1842 exponitur:
1631 1793 1761 1843 ausilii—

1112 1861 1189 1895 ren,
1219 1848 1400 1896 ausgeleen.
1448 1848 1489 1884 ln
1518 1862 1620 1898 seqq.
1648 1851 1765 1887 adsci-

1114 1904 1229 1941 vimus
1258 1919 1279 1955 y
1291 1920 1303 1942 ι
1316 1920 1338 1942 ν
1350 1901 1495 1954 όμενον
1519 1906 1604 1954 (pro
1627 1921 1648 1957 γ
1663 1920 1711 1945 εν
1722 1902 1763 1945 ό·

1113 1961 1252 2011 μενον)
1279 1965 1316 1997 et
1347 1959 1502 2009 φοιτέω
1515 1973 1553 1999 σι
1582 1975 1649 2011 pro
1677 1977 1764 2013 φοι-

1112 2019 1173 2056 τῶ
1184 2029 1221 2055 σι
1242 2030 1322 2054 cum
1344 2021 1494 2054 recentt.
1515 2018 1621 2055 editt.

1171 2127 1206 2167 εἰ
1229 2127 1364 2167 τοίνυν
1393 2123 1556 2178 ἐχιόνιζε
1578 2126 1646 2166 καὶ
1677 2125 1762 2167 ὁσο-

1113 2186 1195 2223 νῶν
1217 2179 1363 2233 ταύτην
1381 2181 1455 2234 τήν
1473 2199 1606 2235 χωρην
1624 2199 1659 2222 κ.
1672 2199 1701 2222 τ.
1714 2186 1762 2230 λ.]

1114 2240 1277 2288 „Quodsi
1295 2243 1408 2288 i'gztur
1428 2240 1482 2276 vel
1509 2240 1764 2290 quantulacun—

1115 2309 1177 2346 que
1198 2299 1258 2332 ηιζι·
1279 2297 1415 2332 caderet
1437 2298 1541 2333 istam
1567 2299 1603 2334 in
1624 2300 1763 2343 terram,

1115 2357 1229 2389 tamen
1257 2353 1345 2389 m‘lu‘l
1375 2366 1487 2390 eorum
1527 2353 1649 2402 (quae
1677 2353 1764 2390 inde

1118 2409 1189 2446 scil.
1213 2409 1407 2458 eolligunt,
1436 2409 1560 2447 Nilum
1590 2410 1671 2446 nive
1696 2421 1763 2459 po-

1115 2465 1313 2512 tissimum,
1329 2478 1424 2513 quae
1442 2466 1478 2502 in
1490 2465 1683 2515 Aethiopia
1703 2477 1764 2502 ca-

1116 2523 1193 2567 dat,
1224 2523 1375 2569 augeri)
1399 2522 1510 2558 locum
1529 2522 1650 2558 habere
1665 2534 1765 2571 posse

1116 2580 1243 2623 (censet
1268 2577 1427 2626 Noster),
1457 2581 1534 2627 ipsa
1554 2581 1688 2615 ratione
1707 2590 1764 2614 co-

1114 2635 1251 2681 gente.“
1282 2634 1365 2671 Hoc
1389 2635 1498 2670 modo
1524 2635 1553 2670 si
1571 2634 1688 2671 locum
1707 2634 1763 2670 in-

1115 2691 1339 2739 terpreteris,
1359 2689 1454 2726 nulla
1469 2692 1593 2739 utique
1612 2703 1669 2726 me
1681 2701 1763 2727 sen-

1115 2747 1230 2782 tiente
1252 2747 1319 2783 erit
1339 2759 1459 2792 causa,
1476 2759 1569 2794 quae
1582 2747 1627 2783 ad
1640 2757 1763 2783 emen-

1116 2802 1276 2839 dandum
1288 2815 1353 2839 nos
1377 2806 1496 2851 cogat.
1526 2802 1585 2839 Ad
1604 2800 1761 2841 ὁσονῶν

1115 2859 1210 2895 conf.
1236 2859 1265 2906 l,
1287 2861 1376 2900 199.
