1909 3228
453 206 538 247 59⁰
865 206 1327 247 HERODOTI

326 313 393 359 46

124 376 400 407 Mendesiinouim-
630 391 639 406 2
720 393 728 404 υ
909 394 918 408 ‚
1041 395 1050 409 l
1174 396 1186 409 .-
1239 397 1249 411 ‚
1347 397 1355 409 ι
1512 398 1520 411 ,
1634 403 1650 410 ..

121 410 399 446 ιιιοιαυιοῃρημρι
455 409 558 436 νεκα
588 411 640 436 ου
669 398 829 435 θυουσι
863 399 1114 447 Αιγυπτιων
1143 411 1184 437 οι
1215 411 1441 451 ειρημενοι.
1473 415 1550 441 τον
1580 403 1707 442 Πανα

143 443 151 450 ”
230 454 236 460 ι
264 445 274 459 )

121 442 398 515 2¹¹1‘fffiss1·‹¹132'21¹1'.35¹
453 476 541 515 τῶν
590 470 701 515 ὀκτώ
746 475 865 514 θεῶν
901 474 1143 528 λογίζονται
1189 471 1301 517 εἶναι
1351 475 1395 518 οἱ
1440 476 1704 533 Μενδήσιοι·

567 313 651 366 Τὰς
681 314 726 357 δὲ
759 313 812 368 δή
844 313 968 368 αἶγας
1005 315 1078 357 καὶ
1116 314 1219 366 τούς
1255 316 1444 372 τράγους
1481 321 1617 364 τῶνδε
1647 321 1708 364 εἴη

393 656 478 692 ibid.
496 655 839 704 Schweighaeusero
870 656 927 704 (in
953 655 1042 694 Lex.

391 712 531 748 Herod.
551 726 579 749 s.
602 715 656 761 v.)
679 726 775 750 nunc
791 712 911 763 placet
931 709 1043 763 εὔμε-

393 767 474 814 νεά,
505 770 616 817 quod,
647 775 684 805 ut
712 775 878 807 neutrum
905 770 1042 820 plurale

390 825 488 861 idem
509 825 625 862 valeat
653 829 763 874 atque
785 823 812 876 ἦ
846 822 1041 876 εὐμένεια,

391 881 553 918 hocloco
573 894 700 919 vereor
723 886 763 918 ut
791 883 936 932 probari
956 897 1043 933 pos-

392 939 447 974 sit.
479 937 569 975 lnde
587 938 717 975 retinui
737 933 929 989 εὐμένεια,
941 941 1042 988 quod

391 995 427 1030 in
459 995 561 1031 simili
591 994 745 1031 formula
779 995 816 1031 in
850 996 1041 1033 Heliodor.

389 1050 586 1101 Aethiopp.
612 1051 662 1087 IX
691 1064 726 1101 p.
747 1050 829 1092 424
850 1053 1041 1098 invenitur,

391 1108 451 1143 ubi
475 1108 626 1144 denotat
656 1110 813 1154 veniam,
852 1108 1040 1157 indulgen-

387 1166 483 1200 tiam.
513 1164 604 1200 Eam
621 1176 706 1200 vero
728 1176 749 1200 a
762 1165 831 1200 diis
850 1178 967 1214 aeque
986 1170 1043 1201 at-

387 1232 457 1268 que
478 1220 648 1257 heroibus
671 1221 739 1257 sibi
757 1222 848 1270 petit
870 1221 1042 1258 Herodo-

386 1279 458 1322 tus,
488 1281 527 1313 ut
545 1277 607 1325 qui
627 1277 674 1314 de
690 1277 799 1314 rebus
819 1277 1041 1325 disseruerit,

386 1344 478 1380 quas
500 1338 650 1381 tangere
666 1334 769 1370 nefas
790 1334 853 1382 sit,
883 1347 963 1371 eum
992 1335 1041 1371 ad

384 1400 534 1425 arcanas
565 1389 757 1437 religiones
787 1403 829 1427 ac
852 1391 1041 1439 mysterio-

385 1457 462 1480 rum
474 1445 674 1481 doctrinam
692 1445 907 1494 pertineant.
928 1447 1035 1483 Conf.

386 1514 496 1549 supra
526 1501 580 1548 ll,
600 1501 637 1541 4.
690 1502 830 1538 Similes
862 1501 1037 1539 formulae

384 1557 482 1605 apud
498 1556 672 1593 Nostrum
692 1557 881 1606 aliquoties
900 1558 1037 1609 reperi-

383 1616 492 1648 untur
511 1612 557 1660 11,
573 1613 638 1654 46.
664 1613 729 1653 47.
750 1614 804 1654 48
825 1614 886 1651 fin.

567 1725 628 1761 Ca
641 1738 676 1775 p.
706 1724 837 1762 XLVI.
889 1770 902 1785 ι

441 1803 491 1846 ου’
509 1803 658 1847 θύουσι
672 1807 904 1859 Αἰγυπτίων
924 1807 965 1847 οἵ
986 1806 1036 1847 εί-

383 1862 572 1915 ρημένοι]
609 1864 821 1902 Mendesios
853 1865 1033 1914 intelligit,

381 1921 475 1957 conf.
497 1921 542 1968 ll,
558 1920 625 1963 42.

437 2002 503 2043 τὸν
526 2007 648 2043 Πᾶνα
677 2006 757 2043 τῶν
790 2000 892 2043 ὀκτώ
923 2006 1034 2043 θεῶν

380 2062 599 2112 λογίζονται
620 2057 718 2100 εἶναι
740 2060 780 2100 οἱ
792 2058 1032 2111 Μενδήσιοι]

381 2119 476 2155 Octo
504 2119 608 2168 primi
634 2119 770 2154 ordinis
800 2118 889 2154 deos
908 2118 1031 2167 Aegy-

379 2175 539 2224 ptiorum
579 2176 761 2223 attigimus
797 2175 846 2210 ad
883 2174 936 2220 ΙΙ,
964 2175 1029 2215 43.

379 2231 482 2274 Quos
504 2232 652 2268 eosdem
664 2231 769 2280 vulgo
790 2244 946 2267 summos
960 2230 1029 2267 Ca-

377 2287 467 2323 birus
487 2292 629 2325 vocant.
672 2286 774 2333 Pan,
799 2288 861 2335 qui
890 2288 938 2323 ad
966 2300 1028 2324 eos

379 2345 533 2381 refertur
552 2345 597 2381 ab
617 2344 833 2390 Herodoto,
864 2344 933 2380 hoc
961 2344 1029 2380 erit

379 2413 534 2447 numen,
581 2402 654 2450 quo
682 2401 719 2436 in
748 2413 867 2436 rerum
898 2400 1029 2436 natura

378 2457 429 2492 vis
452 2458 663 2506 designatur
676 2455 837 2506 prolifica
858 2461 896 2494 et
916 2469 1027 2505 gene-

377 2513 447 2549 trix
465 2518 550 2550 tunc
577 2513 850 2559 efficacissima,
880 2513 1026 2561 quando

378 2569 429 2605 sol
460 2569 495 2606 in
535 2570 630 2606 tauri
667 2570 771 2617 signo
810 2568 1026 2606 domicilium

378 2626 522 2674 capiens
544 2639 624 2662 cum
645 2638 775 2676 caprae
795 2625 911 2673 signo,
934 2638 1027 2673 quae

377 2682 546 2718 continuo
577 2687 721 2719 taurum
749 2683 902 2731 excipit,
940 2694 1027 2717 con-

377 2736 516 2773 iunctus
537 2738 725 2787 reperitur.
762 2739 860 2774 Hinc
889 2750 1027 2774 summa

378 2792 454 2828 eius
484 2794 666 2830 veneratio
699 2794 906 2843 cultusque,
944 2793 1026 2831 hinc

377 2851 481 2897 pater
497 2848 552 2885 ille
563 2850 692 2886 dicitur
713 2850 881 2900 optimus,
910 2851 1026 2889 omni-

1110 670 1244 706 umque
1264 668 1417 706 parens,
1446 670 1540 707 qnae
1559 662 1656 697 terra
1675 671 1762 709 pro-

1110 715 1199 759 sert,
1229 714 1311 750 hinc
1330 713 1378 750 illi
1398 726 1501 751 sacra
1521 715 1633 752 fertur
1653 728 1762 766 capra

1110 775 1146 807 et
1164 771 1292 807 hircus.
1325 772 1430 813 Quae
1451 771 1611 820 pluribus
1635 785 1761 822 perse-

1108 831 1210 863 cutus
1238 831 1294 863 est
1322 826 1526 864 Creuzerus
1556 828 1717 876 Sjmbol.
1747 828 1760 865 l

1107 896 1143 933 p.
1168 883 1261 923 476.
1292 882 1340 919 ΙΙΙ
1360 896 1396 932 p.
1417 883 1665 931 234-240,
1682 883 1760 922 coll.

1107 939 1139 975 ll
1161 952 1195 989 p.
1217 942 1308 980 391.
1355 939 1410 975 Eo
1432 940 1539 977 etiam
1567 940 1668 977 ducit
1690 940 1761 977 Ae-

1108 996 1271 1045 gyptium
1290 996 1348 1032 dei
1365 1009 1510 1042 nomen,
1540 997 1641 1045 quod
1657 995 1762 1034 Men-

1108 1052 1167 1088 des
1193 1052 1304 1089 fnisse
1325 1053 1684 1101 scri1)tores,w·eteres
1707 1058 1761 1090 te-

1109 1112 1249 1144 stantur
1277 1108 1476 1158 hircumque
1508 1113 1636 1145 nostro
1669 1110 1760 1146 idio-

1109 1169 1208 1202 mate
1219 1165 1422 1213 significare
1440 1166 1676 1202 contendunt.
1702 1165 1760 1202 Cs.

1109 1221 1277 1257 Bochart.
1289 1221 1492 1258 Hierozoic.
1509 1221 1552 1267 ll,
1563 1222 1628 1262 53.
1649 1222 1760 1265 Quod

1111 1290 1213 1314 secus
1252 1290 1333 1314 esse
1368 1282 1493 1314 monet
1514 1277 1757 1324 lablonskius,

1108 1347 1188 1370 cum
1219 1332 1364 1371 Mendes
1391 1333 1653 1386 Aegyptiorum
1683 1347 1758 1371 ser-

1107 1403 1215 1427 mone
1236 1391 1411 1440 exprimat
1435 1390 1651 1437 seminalem,
1672 1403 1757 1440 pro-

1104 1445 1260 1495 lificum,
1284 1445 1522 1495 foecundum,
1553 1446 1602 1482 ita
1629 1451 1667 1482 ut
1685 1446 1758 1483 Ae·

1104 1502 1219 1551 gyptii
1248 1502 1531 1538 foecunditatem
1556 1501 1755 1551 prolificaui

1103 1563 1254 1594 naturae
1267 1558 1465 1607 exprimere
1487 1556 1674 1595 voluerint.
1696 1560 1752 1595 Cf.

1103 1614 1211 1650 Voce.
1243 1614 1415 1663 Aegyptt.
1456 1627 1492 1664 p.
1516 1615 1595 1655 138
1633 1615 1756 1664 ibique

1103 1669 1227 1706 laudd.
1270 1670 1381 1707 L'ude
1409 1671 1663 1718 manifestum,
1693 1684 1756 1707 cur

1104 1725 1242 1762 hircum
1270 1726 1351 1762 huie
1378 1726 1448 1762 deo
1481 1730 1662 1763 sacratum
1692 1740 1756 1762 vo-

1102 1781 1251 1826 luerint,
1293 1782 1484 1830 ipsumque
1522 1782 1630 1819 deum
1667 1782 1755 1820 hirci

1102 1838 1266 1887 partibus
1278 1838 1483 1887 praeditum
1492 1837 1601 1887 vulgo
1610 1851 1755 1889 reprae-

1104 1895 1343 1940 sentaverint,
1383 1907 1625 1943 quamquam,
1655 1897 1756 1944 qnod

1102 1950 1179 1986 iure
1206 1950 1367 1997 mireris,
1395 1952 1432 1987 in
1459 1955 1513 1987 tot
1539 1950 1752 2002 anaglyphis

1101 2006 1334 2056 Aegyptiacis
1353 2006 1448 2043 nulla
1463 2007 1567 2044 huius
1584 2008 1640 2045 dei
1663 2009 1752 2045 ima-

1101 2075 1170 2111 go,
1220 2062 1363 2111 qualem
1403 2063 1613 2100 Herodotus
1652 2069 1751 2102 certe

1100 2120 1258 2165 indicat,
1297 2120 1483 2168 reperitur.
1541 2120 1622 2155 Vid.
1651 2120 1748 2157 Hirt.

1098 2175 1186 2211 iiber
1205 2175 1263 2210 die
1283 2175 1463 2223 Gegenst.
1486 2175 1521 2211 d.
1542 2176 1664 2212 Knnst
1680 2182 1747 2213 etc.

1096 2244 1181 2280 pag.
1208 2230 1294 2271 124.
1332 2232 1408 2267 Sed
1436 2235 1561 2268 monet
1581 2231 1749 2268 Minutoli

1097 2287 1227 2333 (Rcise
1243 2292 1309 2323 etc.
1331 2300 1366 2336 p.
1381 2289 1496 2334 283),
1520 2289 1556 2323 in
1572 2289 1707 2338 cryptis
1726 2300 1749 2325 a

1094 2343 1268 2380 Belzonio
1294 2344 1427 2392 apertis
1457 2346 1640 2381 inventum
1659 2345 1748 2381 suis-

1097 2412 1135 2436 se
1166 2400 1267 2436 Pana
1295 2401 1421 2437 effidem
1457 2402 1573 2437 forma
1603 2413 1746 2450 reprae-

1094 2460 1296 2501 sentatum,
1333 2468 1463 2505 quam,
1503 2462 1598 2494 teste
1625 2457 1746 2494 Hero-

1095 2512 1202 2558 doto,
1234 2513 1301 2561 ipsi
1333 2513 1524 2551 tribuerint
1561 2513 1742 2562 Aegyptii.

1095 2568 1206 2605 Urbis
1225 2569 1324 2605 numi
1347 2570 1593 2607 Romanorum
1622 2574 1744 2607 aetate

1095 2625 1163 2661 susi
1214 2630 1417 2663 monstrant
1454 2627 1601 2663 hircum.
1658 2625 1741 2663 vid.

1096 2680 1211 2729 Zoeg.
1241 2694 1374 2718 numm.
1396 2682 1569 2732 Aegyptt.
1598 2683 1741 2731 impert.

1094 2750 1129 2786 p-
1155 2740 1242 2777 117.
1265 2739 1357 2779 215.
1389 2739 1463 2776 Sed
1484 2751 1615 2775 nomen
1636 2736 1742 2774 Men-

1094 2793 1151 2829 des
1167 2806 1233 2831 nec
1255 2795 1335 2831 urbi
1348 2807 1415 2832 nec
1432 2808 1540 2832 nomo
1559 2795 1643 2832 inde
1672 2806 1739 2830 co-

1093 2851 1303 2899 gnominato
1339 2863 1463 2889 revera
1497 2850 1581 2888 olim
1626 2849 1738 2886 fuisse
