1877 3223
451 265 532 305 196
866 263 1333 303 HERODOTI

446 373 494 416 ἐν
527 375 581 428 τῇ
622 374 784 430 Πτερίῃ
823 372 940 430 χώρῃ
986 372 1222 428 ἐπειρώατο
1273 372 1382 416 κατά
1427 372 1476 416 τὸ
1520 371 1702 428 ἰσχυρόν

417 450 657 508 5ἆλλήλων.
725 449 860 508 μάχης
900 451 946 496 δὲ
985 455 1196 507 καρτερῆς
1234 449 1488 507 γενομένης.
1528 451 1601 494 καὶ
1631 465 1700 494 πε-

446 529 613 574 σόντων
643 526 902 585 α’μφοτέρων
930 535 1130 583 πολλῶν,
1171 529 1290 581 τέλος
1320 528 1542 583 οὐδέτεροι
1580 527 1701 584 νική-

448 619 598 657 σαντες
627 605 879 663 διέστησαν,
906 609 1065 660 νυκτός
1094 608 1374 664 ἐπελθούσης.
1434 607 1508 651 καὶ
1538 606 1591 650 τὰ
1621 607 1700 661 μὲν
1713 614 1758 648 80

445 683 713 740 στρατόπεδα
743 684 966 742 ἀμφότερα
997 687 1136 740 οὕτως
1168 687 1426 745 ἠγωνίσατο.

315 762 382 807 77
550 766 743 818 Κροῖσος
772 764 831 817 δὲ,
862 767 1076 823 μεμφθεὶς
1105 766 1214 810 κατὰ
1239 766 1287 810 τὸ
1318 770 1486 821 πλῆθος
1516 763 1564 807 τὸ
1596 763 1701 807 ἑωυ-

113 825 342 886 ἐίῖῗῑιωὲἒιιιὶἓ
345 834 393 853 ¹⁶
449 845 530 886 τοῦ
569 841 830 898 στράτευμα·
886 840 942 902 ἦν
980 845 1065 901 γάρ
1112 848 1155 889 οἱ
1196 845 1218 889 ὁ
1249 844 1483 902 συμβαλών
1521 842 1701 898 στρατός

113 893 148 952 8*
144 893 345 954 Ἣέωωὲι
348 893 392 953 11018
447 919 614 965 πολλὸν
644 920 838 965 ἐλάσσων
873 921 901 979 ἢ
929 921 953 966 ὁ
996 922 1166 978 Κύρου·
1208 928 1337 968 τοῦτο
1367 925 1600 980 μεμφθεὶς,
1640 920 1700 972 ὦς

114 966 231 987 nnesus
444 1003 498 1057 τῇ
535 998 742 1058 ὑστεραίῃ
784 999 865 1044 οὐκ
905 1000 1103 1057 ἐπειρᾶτο
1144 1001 1278 1045 ἐπιων
1317 1001 1340 1045 ὁ
1382 1005 1544 1056 Κῦρος,
1595 998 1697 1056 ἀπή
1711 1007 1754 1041 85

441 1083 573 1122 λαυνε
603 1079 644 1130 ἐς
673 1078 749 1131 τὰς
787 1079 974 1135 Σάρδις,
1015 1081 1062 1124 ἐν
1097 1078 1188 1138 νόῳ
1233 1080 1362 1137 ἔχων,
1399 1077 1700 1134 παρακαλέσας

411 1158 522 1213 Ξμὲν
557 1159 824 1214 Αἰγυπτίους
859 1158 968 1203 κατὰ
1007 1160 1057 1203 τὸ
1097 1158 1272 1215 ὅρκιον,
1320 1156 1576 1215 (ἐποιήσατο
1612 1156 1698 1213 γὰρ

440 1237 515 1280 καὶ
544 1237 654 1290 πρός
673 1237 856 1292 ’Ἄμασιν
883 1236 1172 1294 βασιλεύοντα
1201 1236 1426 1294 Αἰγύπτου
1457 1237 1700 1293 συμμαχίην

441 1313 656 1371 πρότερον
684 1315 796 1372 ἤπερ
834 1316 943 1373 πρὸς
983 1318 1391 1372 Δακεδαιμονίους,)
1430 1313 1700 1372 μεταπεμψά-

441 1409 573 1449 μενος
602 1394 648 1437 δὲ
676 1396 750 1438 καὶ
779 1397 1113 1451 Βαβυλωνίους,
1143 1395 1234 1444 (καὶ
1261 1394 1345 1450 γάρ
1375 1394 1484 1450 πρὸς
1511 1394 1698 1445 τούτους

440 1470 561 1527 αὐτῷ
585 1472 812 1531 ἐπεποίητο
844 1475 1083 1530 συμμαχίη·
1125 1472 1383 1528 ἐτυράννευε
1421 1473 1468 1516 δὲ
1496 1476 1584 1516 τῶν
1614 1476 1753 1516 Boc-90

441 1551 671 1605 βυλωνίων
699 1551 778 1596 τὸν
806 1551 969 1609 χρόνον
996 1556 1155 1597 τοῦτον
1178 1551 1476 1609 Λαβύνητος·)
1507 1552 1696 1609 ἐπαγγεί-

435 1718 650 1787 ἐπειρωατο
671 1721 770 1762 κατὰ
799 1721 840 1764 τὸ
871 1722 1032 1777 ι’σχυρόν

380 1773 586 1829 αλλήλων]
617 1780 640 1816 i.
662 1793 692 1816 e.
719 1793 785 1829 pro
812 1782 946 1818 virzbus
961 1794 1030 1831 pu-

378 1847 487 1882 gnam
501 1836 815 1884 periclzmtabantur
846 1850 873 1873 s.
892 1844 931 1873 ut
951 1836 1030 1873 vul-

377 1903 427 1939 go
442 1895 601 1928 vertunt:
629 1891 783 1938 „valido
810 1894 939 1942 impetu
970 1895 1028 1930 υί-

375 1958 430 1983 res
457 1948 603 1984 invicem
642 1950 859 1985 tmtarzmtf‘
915 1947 1029 1987 ἐπει-

376 1997 503 2052 ρώατο
524 2016 603 2040 cum
622 2007 770 2040 recentt.
800 2004 900 2041 editt.
923 2005 1026 2042 dedi-

377 2071 457 2095 mus
473 2059 638 2109 potiores
647 2059 759 2096 libros
771 2060 893 2097 secuti.
908 2061 1026 2109 Vulgo

376 2112 601 2165 ἐπειρῶντο.
664 2116 771 2152 Conf.
793 2129 904 2166 supra
919 2116 947 2164 Ι,
961 2118 1026 2158 68.

378 2191 434 2196 -
460 2170 499 2207 ln
522 2184 624 2220 seqq.
648 2184 774 2209 vocem
792 2167 1027 2224 ἀμφοτέρων

377 2225 470 2263 male
488 2227 524 2262 in
543 2228 759 2276 quibusdam
772 2229 888 2265 omitti
903 2232 1028 2266 monet

379 2281 534 2320 Wessel.
553 2283 706 2321 laudans
727 2296 874 2334 quoque
899 2285 938 2333 Ι,
960 2287 1026 2326 82.

377 2336 449 2385 ΙΙΙ,
474 2341 536 2379 11.

543 2421 575 2459 C
583 2435 646 2474 ap.
675 2422 861 2461 LXXVII.

434 2500 609 2555 Κροῖσος
628 2503 683 2553 δὲ,
701 2505 899 2558 μεμφθεὶς
920 2521 1020 2546 κατα

377 2555 585 2610 τὰπλῆθος
604 2576 645 2600 το
666 2561 816 2602 ἑωυτοῦ
835 2575 1019 2613 στρατευ-

377 2613 452 2664 μα]
480 2616 501 2651 i.
524 2629 555 2653 e.
587 2617 728 2655 Croesus
747 2624 929 2656 caussatus
956 2631 1017 2656 ex-

375 2672 505 2707 ercitus
521 2685 573 2708 ενι
572 2674 798 2722 paucztatem
809 2689 837 2712 s.
849 2675 1018 2713 damnans

376 2730 563 2764 exercitum
578 2742 680 2766 suum
696 2735 836 2781 propter
848 2734 1016 2781 paucita-

376 2785 464 2826 tem3
499 2784 535 2819 id
563 2790 619 2822 est
647 2786 715 2832 (ut
744 2788 909 2836 Schwgh.
938 2792 1017 2824 utar

376 2838 533 2885 verbis),
562 2846 778 2890 conquestus
803 2849 859 2880 est
886 2844 931 2880 de
949 2856 1014 2879 suo

374 2894 549 2941 exercitu,
578 2909 650 2934 non
671 2899 770 2946 quod
786 2900 901 2936 minus
914 2900 1014 2937 sorti-

1099 1730 1155 1764 ter
1171 1728 1392 1774 pugnasset,
1423 1725 1490 1763 sed
1509 1725 1607 1774 quod
1624 1736 1750 1762 nume-

1098 1794 1138 1818 ro
1165 1781 1274 1829 longe
1304 1781 1453 1817 inferior
1478 1782 1606 1819 suisset
1635 1781 1751 1818 hosti-

1098 1838 1177 1874 bus.
1235 1836 1400 1874 Federus
1429 1837 1464 1873 in
1490 1842 1680 1874 comment.
1711 1837 1749 1874 in

1097 1891 1263 1940 Aeschyl.
1290 1892 1503 1941 Agamemn.
1545 1893 1747 1941 (Heidelb.

1099 1951 1227 1997 1819)
1257 1961 1341 1998 pag.
1357 1952 1407 1989 17
1425 1953 1500 1986 not.
1520 1950 1748 2000 participium

1096 2004 1296 2055 μεμφθεὶς
1313 2005 1458 2054 passive
1478 2012 1541 2043 aut
1549 2005 1676 2043 saltem
1689 2019 1746 2044 re-

1095 2061 1223 2098 ssexive
1260 2061 1507 2111 accipiendum
1554 2063 1743 2099 existimat.

1095 2137 1151 2145 —-
1171 2117 1213 2154 In
1233 2130 1335 2166 seqq.
1355 2122 1458 2154 notat
1477 2117 1742 2165 WVesselingius

1094 2173 1241 2210 verbum
1277 2172 1456 2223 ἐπειρᾶτο
1496 2186 1575 2210 cum
1598 2173 1744 2223 partici-

1093 2229 1154 2279 pio
1184 2225 1346 2276 (ἐπιών,
1377 2225 1545 2275 κατιών,
1569 2229 1606 2266 id
1623 2241 1741 2278 genus

1094 2284 1192 2333 aliis)
1229 2285 1406 2331 iunctum,
1447 2285 1619 2321 orationis
1650 2297 1740 2335 qua-

1093 2341 1177 2377 dam
1203 2341 1444 2388 abundantia,
1475 2354 1517 2378 ex
1554 2354 1627 2390 qua
1652 2341 1738 2378 nihil

1091 2398 1167 2434 sere
1185 2397 1338 2446 amplius
1367 2397 1414 2433 sit
1432 2409 1540 2445 qnam
1563 2398 1683 2447 ipsum
1703 2396 1738 2437 ἕ-

1091 2451 1235 2491 πιέναι.
1265 2453 1372 2489 Conf.
1393 2453 1479 2500 Vll,
1496 2454 1532 2494 5.
1555 2456 1619 2494 50.
1644 2456 1734 2496 172.

1089 2508 1164 2555 IX,
1186 2510 1249 2550 52.
1280 2508 1318 2555 I,
1339 2509 1404 2550 84.
1440 2509 1549 2546 Plura
1572 2509 1737 2560 exempla

1088 2564 1192 2601 huius
1230 2577 1316 2601 usus
1349 2565 1597 2615 suppeditabit
1637 2565 1736 2603 Mat-

1087 2620 1183 2658 thiae
1203 2619 1238 2671 §.
1260 2621 1339 2662 555
1361 2627 1434 2658 not.
1455 2625 1482 2663 2
1505 2634 1590 2672 pag.
1613 2623 1733 2663 1091.

1143 2672 1449 2728 ἐτυράννευε
1478 2675 1521 2717 δὲ
1549 2679 1630 2716 τῶν
1656 2680 1733 2716 Βα-

1085 2732 1292 2781 βυλωνίων
1323 2730 1394 2773 τόν
1422 2730 1563 2785 χρόνον
1589 2735 1732 2773 τοῦτον

1083 2786 1345 2839 Λαβύνητος]
1388 2789 1446 2827 De
1475 2785 1731 2840 τυραννεύειν

1082 2847 1174 2884 cons.
1205 2847 1253 2882 ad
1283 2846 1314 2892 Ι,
1343 2848 1380 2886 6.
1425 2867 1481 2873 -—-
1517 2845 1726 2894 Labynetus

1081 2900 1168 2937 alius
1187 2901 1390 2951 atqueille‚
1420 2903 1466 2940 dc
1485 2914 1557 2951 quo
1591 2901 1625 2947 Ι,
1661 2899 1725 2940 74.
