1909 3228
549 217 972 256 EUTERPE.
1025 218 1068 256 ΙΙ.

1343 221 1426 260 567

169 325 276 376 stov,
318 323 480 382 ἡμέρης
517 325 715 383 ἑκάστης·
773 328 940 371 δίδοται
986 329 1031 372 δέ
1072 339 1150 384 σφι
1189 328 1261 371 καὶ
1306 325 1426 379 οἶνος

140 403 418 460 9ᾰμπὲλινος.
472 405 634 460 ἰχθύων
684 405 728 449 δὲ
773 405 825 448 οὔ
877 418 954 460 σφι
1007 408 1139 459 ἔξεστι
1187 405 1423 449 πάσασθαι.

168 483 364 538 κυάμους
406 484 450 527 δὲ
496 483 594 527 οὔτε
634 502 671 527 τι
713 484 825 539 μάλα
867 489 1092 541 σπείρουσι
1119 485 1351 541 Αἰγύπτιοι
1381 485 1481 528 ἐν35

166 565 219 617 τῇ
249 560 392 620 χώρῃ,
423 563 525 614 τούς
555 580 597 606 τε
626 564 887 619 γενομένους
918 565 1017 609 οὕτε
1048 566 1289 620 τρώγουσι,
1324 563 1424 607 οὔτε

114 649 156 682 10
169 641 344 693 ἕψοντες
375 644 617 688 πατέονται.

169 837 322 876 δίδοται
335 834 377 874 δέ
397 847 468 882 σφι
480 834 544 874 καὶ
563 832 673 883 οἶνος
694 832 764 886 α’μ-

111 891 293 939 πέλινος]
326 893 397 936 Qui
417 892 617 942 Aegyptios
640 907 765 940 narra—

111 950 161 986 vit
182 949 247 996 (ΙΙ,
267 950 341 996 77)
369 949 450 984 xino
484 950 535 985 uti
558 963 600 986 ex
625 950 763 986 hordeo

110 1009 251 1056 parat0,
280 1018 360 1041 cum
383 1005 500 1042 nullae
520 1006 591 1041 siut
610 1019 675 1055 per
693 1006 765 1043 Ae-

112 1066 263 1111 gyptum
283 1062 394 1107 vites,
427 1062 522 1098 idem
548 1067 669 1098 tamen
694 1062 763 1098 viui

111 1131 216 1154 usum
237 1117 426 1166 Aegyptiis
450 1119 544 1154 haud
569 1118 675 1167 plane
697 1119 762 1155 ‹le-

111 1186 247 1221 negare
268 1175 378 1210 voluit
398 1174 443 1220 ll,
457 1177 521 1214 60.
552 1174 599 1210 Et
611 1180 764 1223 utroque

111 1230 189 1266 loco
210 1230 351 1266 addidit
369 1225 597 1278 ἄμπέλινον,
621 1244 667 1269 ne
689 1230 763 1267 scil.

113 1287 234 1323 vinum
263 1287 481 1334 intelligatur
516 1286 558 1326 ἐκ
589 1285 763 1337 κριθέων

110 1348 276 1393 paratum
296 1357 324 1379 s.
347 1344 527 1380 cerevisia.
566 1343 669 1380 Facit
695 1344 765 1379 huc

111 1411 220 1446 quam
239 1399 390 1435 maxime
413 1399 591 1435 Plutarchi
608 1399 703 1435 locus
717 1400 764 1436 de

109 1454 194 1491 lsid.
216 1459 251 1491 et
267 1455 401 1491 Osirid.
424 1457 539 1504 cap.6
559 1468 641 1504 pag.
665 1456 763 1502 353,

109 1509 154 1556 A,
183 1511 280 1547 unde
299 1511 467 1547 discimus
481 1539 491 1556 ,
520 1511 663 1548 modice
681 1515 763 1547 tan-

109 1571 184 1603 tum
206 1579 274 1604 nec
294 1568 421 1616 quovis
447 1572 613 1617 tempore
640 1567 763 1603 vinum

109 1624 282 1661 sumsisse
321 1623 522 1673 Aegyptios
556 1624 762 1661 sacerdotes

109 1678 266 1728 itemque
291 1693 398 1728 reges
425 1684 557 1717 certam
579 1681 763 1729 quandam

110 1736 183 1771 viui
203 1749 407 1772 mensuram
427 1737 685 1785 praescriptam
704 1749 763 1772 ac-

110 1792 251 1841 cepisse
271 1792 355 1828 inde
377 1805 420 1828 ex
441 1792 684 1828 Psammitichi
703 1803 766 1827 ae·

110 1852 197 1893 tate,
220 1859 297 1883 cum
318 1855 424 1883 antea
442 1847 508 1883 illis
530 1849 649 1883 viuum
662 1859 766 1896 pror—

111 1917 173 1940 sus
212 1907 309 1940 esset
340 1908 523 1951 negatum.
581 1903 690 1939 Plura
718 1902 766 1938 ad

111 1959 206 1996 hunc
224 1959 403 1995 Plutarchi
425 1959 539 1996 locum
556 1988 566 2005 ‚
595 1962 765 1995 monente

114 2015 146 2053 C
153 2029 200 2061 r.‚
231 2016 421 2065 adscripsit
450 2015 703 2064 W'yttenbach.
728 2014 766 2050 in

110 2071 339 2108 Animadvss.
360 2072 411 2118 ll,
434 2073 454 2113 1
478 2073 542 2117 (3)
563 2084 647 2121 pag.
676 2071 766 2111 173.

111 2127 172 2165 Tu
185 2128 278 2164 conf.
295 2128 402 2164 etiam
416 2128 655 2164 Chaeremon.
670 2126 767 2176 apud

111 2184 287 2234 Porphyr.
307 2184 354 2221 de
379 2184 509 2220 abstin.
529 2182 683 2220 animall.
704 2182 766 2229 IV,

113 2242 151 2281 6.
180 2240 239 2277 De
258 2240 381 2277 vitium
399 2239 549 2285 cultura,
567 2252 660 2289 quae
684 2242 770 2288 post

112 2296 404 2333 Psammitichum
423 2301 458 2334 et
478 2295 767 2333 Ptolemaeorum

113 2356 233 2389 aetate
259 2352 421 2402 inprimis
458 2366 523 2402 per
560 2352 768 2401 Aegyptum

113 2407 308 2446 invaluisse
326 2409 487 2455 videtur,
510 2409 581 2445 vid.
603 2413 696 2445 nott.
720 2407 768 2444 ad

114 2463 161 2509 Π,
182 2466 248 2503 77.

173 2513 325 2568 ἰχθύων
344 2516 386 2558 δὲ
406 2515 456 2559 01³5
468 2532 539 2568 σφι
553 2518 672 2567 ἔξεστι
691 2513 768 2558 ποῖ-

117 2573 289 2625 σασθαι]
320 2575 420 2612 Idem
451 2580 603 2613 testatur
626 2575 768 2612 Plutar-

116 2632 202 2668 chus
225 2632 272 2667 de
294 2630 377 2666 Isid.
409 2636 445 2668 et
463 2632 597 2668 Osirid.
619 2645 654 2681 p.
672 2633 766 2677 353,

115 2687 150 2725 D
176 2686 283 2734 (ubi,
322 2692 492 2724 monente
515 2687 592 2734 Cr„
611 2686 768 2736 reliquo-

116 2756 196 2779 rum
217 2743 429 2792 scriptorum
448 2743 544 2779 locos
566 2743 634 2780 hac
660 2743 707 2780 de
727 2756 767 2781 re

116 2799 267 2837 contulit
289 2799 475 2847 Wyttenb.
496 2803 521 2835 t.
539 2798 600 2836 III.
618 2812 653 2849 p.
667 2799 766 2847 174)

117 2854 195 2893 coll.
221 2855 409 2907 Symposs.
432 2855 581 2900 Quaest.
610 2854 714 2902 VIII,
741 2857 767 2897 8

681 643 798 686 οἶδὲ
841 643 893 700 61}
936 643 1042 698 ἱρέες
1082 643 1185 688 οὐδὲ
1228 642 1427 698 ὁρέοντες

833 852 867 888 p.
889 840 982 884 729,
1004 837 1046 874 A.
1060 837 1102 873 B.
1133 837 1242 881 Quod
1261 850 1345 874 vero
1363 837 1483 886 piscis,

833 900 871 931 ut
892 896 1001 931 refert
1027 894 1197 931 Clemens
1221 893 1482 930 Alexandrinus

833 952 966 986 Strom.
992 951 1023 987 V
1053 949 1088 1000 ἓ.
1110 953 1133 989 7
1158 963 1242 1000 pag.
1277 953 1357 988 770
1389 949 1482 985 Pott.

832 1006 1024 1056 Aegyptiis
1053 1007 1137 1042 olim
1164 1006 1269 1043 fuerit
1291 1005 1364 1041 odii
1387 1018 1484 1053 sym-

832 1063 974 1108 bolum,
1013 1062 1051 1098 id
1084 1076 1127 1099 eo
1165 1062 1294 1112 opinor
1332 1065 1485 1111 spectat,

832 1121 930 1167 quod
952 1119 1106 1156 Osiridis
1134 1130 1157 1156 a
1180 1118 1362 1167 Typhone
1390 1117 1485 1154 caesi

832 1180 868 1212 et
890 1176 926 1211 iu
949 1174 1071 1211 Nilum
1099 1174 1249 1211 coniecti
1272 1187 1399 1224 corpus
1427 1173 1485 1223 pi-

832 1245 910 1268 sces
930 1231 1144 1268 dilacerasse
1163 1231 1382 1268 ferebantur.
1402 1228 1484 1266 Vid.

831 1288 1001 1324 Creuzer.
1025 1287 1185 1335 Symbol.
1206 1287 1221 1323 I
1243 1300 1278 1335 p.
1300 1289 1381 1327 262
1407 1286 1484 1322 coll.

830 1343 862 1380 II
884 1357 970 1393 pag.
991 1346 1044 1382 70
1074 1348 1149 1379 not.
1204 1343 1301 1378 Satis
1329 1346 1485 1388 constat,

830 1400 927 1448 apud
957 1399 1085 1447 Syrios
1111 1410 1257 1446 quoque
1284 1398 1400 1447 pisces
1428 1411 1486 1435 sa-

829 1467 909 1491 cros
938 1454 1049 1490 fuisse
1077 1454 1242 1499 habitos,
1272 1467 1338 1490 nec
1369 1466 1486 1491 sacer-

831 1510 977 1546 dotibus
998 1509 1130 1546 licitum
1147 1509 1259 1546 fuisse
1277 1509 1357 1545 illos
1377 1510 1486 1547 edere

830 1570 893 1604 aut
916 1567 1110 1615 attingere.
1140 1564 1196 1602 Ab
1219 1564 1409 1615 Aegyptiis
1422 1578 1487 1602 au-

830 1627 904 1660 tem
932 1621 1154 1672 Pythagorei
1182 1621 1332 1672 piscium
1363 1622 1485 1658 odium

832 1679 1003 1715 didicisse
1022 1680 1196 1716 feruntur.
1227 1678 1284 1715 Cf.
1304 1678 1484 1715 Plutarch.

831 1736 1019 1784 Symposs.
1040 1735 1189 1778 Quaest.
1206 1734 1229 1770 l.
1243 1733 1266 1770 l.

888 1788 981 1829 οὔτε
1003 1786 1210 1841 τρώγουσι,
1245 1786 1336 1828 οὔτε
1361 1787 1483 1837 ἕψον·

832 1860 892 1891 τες
920 1842 1153 1895 πατέονται]
1197 1844 1256 1882 Ne
1289 1848 1487 1894 reponatur

834 1897 1035 1953 φρύγουσι
1067 1914 1134 1950 pro
1163 1896 1378 1952 τρώγουσι,
1407 1913 1486 1936 mo·

832 1963 895 1995 net
914 1956 1189 2004 Wesselingius,
1219 1969 1296 1993 cum
1319 1951 1486 2008 τρώγειν

834 2015 881 2050 sit
909 2013 1074 2050 crudas
1103 2012 1197 2049 eslere
1217 2013 1333 2058 fabas,
1360 2025 1487 2061 quem-

834 2070 1029 2107 admodum
1050 2064 1199 2118 τρωκτὰ
1219 2072 1254 2105 et
1275 2064 1445 2119 τρώξιμα
1462 2068 1485 2104 i.

835 2139 869 2175 q.
891 2121 975 2176 ὠμοὶ
992 2120 1210 2175 ἐσθιόμενα
1226 2123 1256 2170 Ι,
1276 2127 1340 2165 71.
1359 2124 1405 2170 ΙΙ,
1418 2126 1484 2165 92.

835 2182 908 2228 lV,
930 2184 1020 2222 177.
1061 2181 1133 2218 Pro
1164 2178 1374 2219 πατέονται
1406 2180 1485 2228 qui-

835 2240 919 2275 dam
940 2237 1018 2273 libri
1039 2235 1255 2275 δατέονται.
1301 2236 1379 2273 Sed
1400 2236 1486 2272 reti-

834 2295 895 2332 nui
921 2293 1034 2330 rarius
1064 2294 1235 2339 verbum,
1274 2292 1486 2342 praesertim

834 2363 913 2388 cum
934 2362 1016 2386 mox
1037 2349 1240 2387 inveniatur
1265 2344 1484 2386 πάσασθαι.

835 2408 941 2444 Conf.
960 2406 1168 2443 Buttmann.
1188 2405 1252 2441 Gr.
1275 2405 1339 2440 Gr.
1359 2404 1438 2441 mai.
1454 2403 1487 2440 II

833 2477 869 2513 p.
899 2464 1003 2508 206,
1039 2462 1218 2498 Herodot.
1247 2460 1294 2508 ΙΙ,
1323 2460 1388 2501 47.
1419 2463 1484 2501 66.

833 2519 898 2565 IV,
928 2521 1019 2558 186.
1049 2540 1104 2545 —-
1131 2514 1295 2567 ’ὄσπριον
1323 2517 1358 2553 h.
1378 2516 1400 2552 l.
1432 2520 1487 2554 est

836 2575 990 2623 legumen
1003 2573 1309 2621 (Hiilsenfrucht).
1339 2572 1398 2609 Ad
1419 2572 1486 2608 loci

833 2631 938 2668 huius
960 2634 1208 2679 argumentum
1224 2628 1371 2665 laudant
1387 2629 1485 2666 Sext.

834 2686 1002 2736 Empiric.
1019 2686 1176 2735 Hypoth.
1190 2685 1252 2731 Ill,
1269 2685 1322 2726 24
1344 2697 1379 2734 p.
1395 2685 1482 2725 184.

834 2742 887 2780 Ac
908 2741 992 2779 satis
1011 2747 1135 2779 notum
1152 2744 1217 2787 est,
1239 2741 1284 2777 ab
1294 2740 1483 2790 Aegyptiis

834 2799 942 2847 vulgo
960 2798 1140 2848 perhiben'
1159 2797 1402 2845 Pythagoram
1427 2809 1483 2833 as-

837 2855 1008 2893 sumsisse
1035 2855 1156 2891 odium
1184 2853 1279 2890 istud
1301 2853 1337 2889 in
1368 2853 1483 2897 fabas,
