1909 3228
577 209 1097 252 EUTERPE.11.
1370 208 1455 251 537

196 321 255 374 ὥς
283 321 355 378 ἐμὲ
383 320 654 373 κατανοέειν,
683 322 806 373 δίνας
832 320 955 372 τινας
983 318 1119 376 ταύτῃ
1152 316 1310 368 ἐούσας
1330 317 1451 373 ἰσχυ-

195 400 275 455 ροὶς
302 400 376 444 καὶ
405 401 688 457 παλιρροίην
736 398 807 444 οἶα
838 399 883 444 δὲ
913 398 1202 455 ἐμβάλλοντος
1231 400 1312 440 τοῦ
1340 397 1450 440 ὕδα-

197 496 271 531 τος
299 485 411 523 τοῖσι
441 480 612 535 οὔρεσι,
642 478 699 536 μὴ
729 478 950 523 δύνασθαι
976 478 1229 534 κατιεμένην
1246 493 1450 521 καταπει-

1507 556 1593 585 {ntra
1610 556 1782 591 Elephanti-

1506 599 1575 618 nam
1597 592 1693 625 qualis
1721 590 1782 618 Nili

195 639 270 683 δὲυ
309 637 529 693 ἐδυνάμην
571 636 805 680 πυθέσθαι.
863 633 971 678 ἀλλὰ
1007 633 1185 679 τοσόνδε
1225 635 1303 691 μὲν
1344 633 1448 679 ἄλλο
1504 625 1784 693 ἳῗζέζξῶμζῗὲἓζῗ

74 558 139 604 29

198 561 404 616 ρητηρίην
444 559 485 610 ἐς
515 557 681 615 βυσσὸν
710 557 833 601 ἰέναι.
881 556 1041 600 ’Ἀλλου
1083 556 1128 600 δὲ
1163 554 1343 608 οὐδενὸς
1372 554 1450 599 οὕ-

194 717 265 762 ἐπὶ
294 716 566 773 μακρότατον
595 714 845 771 ἐπυθόμην,
884 713 1005 770 μέχρι
1035 713 1113 769 μὲν
1149 691 1784 785 Ἐλεφαντίνηςωὲἳὲέῗιῖεέἰῧῇἓὲἓέ

194 795 346 847 πόλιος
376 793 592 850 αὐτόπτης
620 792 786 844 ἐλθών,
834 791 884 836 τό
917 790 959 836 δ’
993 789 1078 836 α’πὸ
1107 791 1294 844 τούτου,
1333 791 1446 850 ἀκοῇ
1501 791 1783 861 ῗξνξῗξζῑξξξξὲξς

166 873 280 932 Ξῆδη
309 873 529 926 ἱστορέων.
583 870 686 916 'Ami
719 869 1023 929 Ἐλεφαντίνης
1058 871 1208 922 πόλιος
1238 870 1327 914 ἅνω
1358 871 1451 915 ἰόν-

192 969 254 1005 τι,
283 950 466 1004 ἄναντές
496 952 583 996 ἐστι
614 952 798 1008 χωρίον·
848 949 984 1009 ταύτῃ
1014 945 1078 995 ὧν
1116 952 1183 995 δεῖ
1217 949 1265 995 τὸ
1297 954 1456 994 πλοῖον

137 1170 186 1208 do
213 1171 441 1209 reddendum
470 1171 694 1209 censuimus:
724 1174 791 1218 „ut

137 1227 292 1277 equidem
303 1230 424 1274 sentio,
454 1232 534 1265 sunt
548 1228 690 1278 quidam
701 1240 789 1276 gur-

137 1286 248 1332 gites,
288 1283 346 1321 vel
365 1284 504 1334 potius:
532 1285 706 1322 intellexit
731 1283 790 1321 ille

137 1342 298 1388 gurgites
316 1340 500 1390 quosdam,
524 1343 587 1391 qui
605 1341 681 1378 illic
708 1343 790 1377 sunt

136 1396 271 1442 validi,
303 1409 346 1433 ac
364 1398 539 1446 refluxum
564 1411 592 1434 s.
614 1410 789 1446 repercus-

136 1454 282 1496 sionem‚·
313 1464 416 1501 quum
436 1464 515 1489 vero
543 1466 642 1502 aqua
661 1453 790 1489 monti-

135 1509 197 1545 bus
221 1507 363 1556 illidat,
399 1508 494 1545 haud
516 1511 636 1559 potuit
669 1510 791 1558 utique

132 1564 311 1616 plumbum
327 1564 596 1615 exploratorium
607 1565 791 1603 demissum

134 1623 172 1658 in
181 1620 338 1671 fundum
351 1624 608 1672 pervenire.—-
624 1622 665 1659 In
688 1634 789 1670 seqq.

135 1677 233 1715 haud
260 1678 395 1714 mutavi
419 1673 484 1717 οἷα
511 1676 573 1726 δὲ,
604 1679 704 1728 quod
726 1691 792 1714 vo-

136 1732 200 1770 luit
216 1733 387 1770 Valcken.
419 1735 527 1771 Conf.
546 1739 635 1771 nott.
649 1735 697 1771 ad
707 1734 793 1770 Plu-

136 1789 249 1826 tarch.
270 1788 396 1836 th.
420 1803 507 1840 pag.
533 1793 692 1831 176.—
720 1790 793 1826 Pro

138 1841 376 1895 ἐμβαλόντος
393 1859 473 1884 cum
492 1850 646 1884 recentt.
668 1845 793 1896 scripsi

138 1896 410 1952 ἐμβάλλοντος.

325 1985 357 2022 C
370 1997 391 2022 a
402 1998 439 2036 p.
469 1983 606 2022 XXIX.

194 2066 259 2108 ἐπὶ
280 2063 542 2120 μακρότατον]
572 2067 629 2106 De
641 2068 707 2105 hac
716 2068 792 2104 for-

137 2124 235 2163 mula
255 2127 349 2163 conf.
379 2125 416 2172 l,
439 2127 530 2165 171.
560 2124 613 2171 ll,
632 2125 696 2165 34.
728 2123 791 2170 lv,

142 2184 204 2222 17.
237 2184 337 2229 192,
373 2185 524 2218 notante
560 2180 716 2217 lVerser.
754 2181 791 2216 in

137 2236 235 2274 Actt.
255 2237 352 2288 phill.
366 2237 532 2274 Monacc.
553 2236 582 2283 I,
601 2239 627 2276 2
651 2250 687 2286 p.
710 2235 792 2277 244

140 2307 241 2343 seqq.
254 2323 264 2340 ‚
295 2294 352 2331 cui
364 2294 448 2331 add.
461 2293 618 2341 Kriiger.
636 2293 682 2329 ad
702 2292 794 2329 Dio-

139 2362 216 2397 nys.
236 2349 419 2387 Halicarn.
440 2349 552 2386 Iudic.
579 2350 626 2386 de
646 2348 681 2385 T
684 2349 793 2396 bucy-

141 2406 214 2442 did.
236 2418 320 2454 pag.
344 2408 436 2446 119.
476 2405 626 2455 Spectat
654 2404 712 2441 illa
745 2405 792 2441 ad

140 2459 297 2497 locorum
318 2462 526 2499 distantiam
556 2473 623 2498 nec
649 2459 742 2498 male
771 2473 793 2497 a

140 2514 323 2553 Larehero
346 2517 442 2554 hunc
469 2517 506 2553 in
533 2517 681 2553 modum
709 2517 792 2553 red-

141 2572 254 2608 ditur:
286 2585 354 2618 „en
375 2576 542 2623 poussant
562 2584 630 2608 mes
659 2572 791 2608 recher-

144 2627 220 2664 claees
258 2630 358 2664 aussi
396 2629 486 2674 loin,
531 2628 669 2677 qu'elles
704 2641 792 2677 pou-

142 2687 256 2720 voient
282 2684 410 2720 aller.“
461 2684 582 2720 Minus
605 2689 705 2722 recte
728 2685 790 2722 Vi-

142 2752 218 2789 ger.
241 2740 288 2776 de
305 2741 475 2777 idiotism.
499 2752 584 2790 pag.
609 2741 699 2781 153.

200 2790 397 2846 αὐτόπτης
416 2792 569 2845 ἐλθών]
601 2797 683 2839 Quo
711 2795 790 2833 loeo

141 2852 361 2889 memorabili
369 2866 477 2904 supra
489 2865 611 2890 sumus
623 2853 676 2889 usi
687 2853 734 2889 ad
746 2853 791 2901 Π,

861 1171 926 1218 15,
945 1171 1007 1208 ubi
1027 1171 1100 1208 vid.
1129 1170 1179 1208 Et
1194 1171 1269 1209 iure
1285 1170 1354 1209 hoc
1373 1170 1410 1207 in
1432 1170 1513 1208 loco

859 1228 1076 1275 subsistunt,
1107 1228 1170 1277 qui
1190 1227 1238 1265 de
1251 1227 1432 1265 Herodoti
1451 1228 1512 1263 iti-

857 1284 1003 1321 neribus
1024 1288 1272 1333 exposuerunt
1284 1284 1397 1332 (conf.
1407 1283 1511 1331 Hey-

859 1353 898 1377 se
916 1341 1068 1383 Quaest.
1091 1340 1233 1377 Herod.
1251 1339 1268 1376 I
1290 1352 1374 1389 pag.
1397 1340 1508 1387 112).

857 1395 954 1432 Nam
981 1397 1182 1432 universam
1206 1394 1414 1445 Aegyptum
1434 1395 1513 1432 No-

859 1455 972 1488 strum
982 1451 1116 1488 vidisse
1126 1450 1207 1488 hinc
1216 1451 1447 1488 manifestum
1460 1451 1512 1488 fit.

900 1502 978 1546 ἀπό
990 1502 1270 1557 Ἐλεφαντίνης
1280 1502 1414 1553 πόλιος
1426 1503 1511 1545 ι’ίνω

860 1557 964 1602 ἰόντι
990 1578 1025 1602 κ.
1052 1578 1083 1602 τ.
1110 1565 1168 1609 λ.]
1205 1563 1435 1601 Herodotum
1464 1563 1512 1600 ob

858 1621 1074 1657 narrationis
1131 1619 1346 1668 elegantiam
1402 1623 1513 1668 atque

859 1677 1153 1727 perspicuitatem
1192 1676 1316 1713 laudat
1354 1675 1512 1724 Longin.

859 1736 906 1770 de
938 1733 1075 1770 sublim.
1104 1730 1139 1782 ἓ.
1158 1735 1234 1779 26,
1263 1733 1326 1769 ubi
1345 1731 1515 1781 Toupius

858 1787 1007 1825 Lucian.
1039 1789 1086 1825 de
1104 1801 1178 1825 ver.
1202 1789 1287 1824 hist.
1307 1787 1360 1832 Π,
1382 1790 1435 1828 27
1459 1788 1514 1824 af-

859 1844 940 1881 fert.
971 1843 1030 1880 Ad
1040 1848 1291 1892 argumentum
1310 1844 1427 1893 ipsum
1439 1843 1512 1879 w'd.

861 1912 954 1948 quae
973 1912 1017 1937 ex
1035 1900 1274 1937 recentiorum
1301 1900 1513 1949 peregrina-

860 1959 979 1992 torum
992 1956 1090 1992 libris
1102 1955 1222 1992 attulit
1231 1955 1389 1992 Heeren.
1400 1955 1513 1992 Ideen

861 2015 927 2049 etc.
945 2012 990 2058 ΙΙ,
1008 2015 1026 2051 1
1048 2025 1083 2061 p.
1105 2010 1186 2052 356
1207 2023 1309 2060 seqq.
1326 2011 1398 2054 Qui
1417 2012 1511 2048 enim

859 2071 984 2104 nostra
1005 2072 1124 2105 aetate
1143 2067 1208 2104 has
1234 2068 1402 2115 regiones
1428 2071 1513 2104 ante

858 2124 1060 2171 incognitas
1080 2123 1355 2174 perlustrarunt,
1373 2127 1515 2160 testan-

858 2185 917 2217 tur
942 2179 1067 2217 Nilum
1095 2192 1204 2230 supra
1230 2179 1377 2229 Syenen
1406 2178 1512 2217 valde

859 2238 1057 2274 flexuosum
1095 2248 1138 2272 ac
1177 2240 1378 2272 tortuosum
1417 2248 1511 2282 esse,

860 2293 963 2341 aquis
992 2296 1068 2328 tam
1089 2292 1215 2341 rapide
1245 2291 1513 2338 delabentibus,

860 2354 900 2385 ut
923 2348 1041 2384 adhuc
1059 2361 1148 2397 opus
1175 2349 1220 2384 sit
1236 2348 1399 2394 funibus,
1431 2348 1512 2396 qui-

861 2405 928 2442 bus
949 2416 1058 2441 naves
1085 2405 1238 2440 adverso
1270 2405 1418 2440 flumine
1439 2409 1511 2440 tra-

860 2460 1008 2506 hantur3
1041 2459 1182 2496 alveum
1204 2459 1279 2496 Nili
1296 2460 1375 2496 fieri
1396 2472 1512 2508 angu-

861 2518 1006 2554 stiorem
1051 2517 1206 2565 indeque
1246 2516 1512 2565 impeditiorem

860 2574 976 2623 ipsam
987 2573 1266 2620 navigationem.
1281 2572 1385 2615 Quae
1397 2585 1512 2620 quan-

859 2634 936 2666 tum
956 2630 1004 2665 ad
1023 2629 1203 2665 Herodoti
1221 2627 1330 2664 fidem
1351 2629 1510 2677 proban-

859 2685 941 2722 dam
963 2685 1116 2730 faciant,
1145 2697 1252 2721 nemo
1280 2697 1352 2720 non
1381 2684 1512 2721 intelli-

858 2741 921 2789 git.
952 2740 1032 2777 Alia
1052 2741 1124 2777 suis
1143 2752 1308 2788 quaeque
1328 2739 1416 2776 locis
1443 2741 1508 2776 ad-

857 2797 1071 2833 notabimus.
1101 2796 1161 2833 Ad
1177 2796 1273 2832 hunc
1287 2809 1373 2832 vero
1390 2795 1508 2834 locum

858 2854 951 2890 conf.
972 2852 1080 2891 etiam
1096 2852 1252 2891 Iomard.
1269 2851 1419 2891 Recueil
1440 2857 1506 2891 ete.
