1909 3228
84 301 182 347 107

678 183 895 223 CLIO.
952 183 980 223 1.
1371 185 1453 225 269

203 375 282 432 τήν
308 378 546 431 βασιληίην.
579 374 651 416 καί
681 375 725 416 οἱ
755 371 920 428 ἐγένετο
949 371 1165 428 θυγάτηρ,
1197 375 1250 428 τῇ
1279 370 1447 428 οὕνομα

316 294 552 339 Ἐκδέκεται
591 294 637 338 δὲ
671 291 930 349 Ἀστυάγης,
987 291 1010 335 ὁ
1051 290 1286 347 Κυαξάρεω
1335 298 1653 346 noeZg‚65Astyage³
1678 310 1707 330 ο·
1730 302 1782 331 585

1506 336 1603 362 fantus
1638 343 1688 362 rcx
1707 356 1715 368 ,
1750 340 1781 363 et

1503 368 1581 395 idem
1594 372 1680 403 pater
1695 369 1780 397 Mau-

1505 402 1598 428 daues
1610 403 1659 436 [ex
1673 402 1780 437 Aryeni

1505 444 1597 462 uxore
1615 443 1691 462 anno
1713 439 1783 463 ante

173 458 327 498 ‘efflato
348 452 606 508 Μανδάνην.
637 452 716 508 τὴν
737 453 879 496 ἐδόκεε
906 450 1135 507 Ἁστυάγης
1165 450 1210 494 ἐν
1231 454 1292 510 τῷ
1321 450 1446 508 ὕπνῳ
1506 469 1780 504 duma,1‚u]‚0b

1505 503 1649 529 somnium
1669 503 1704 529 (le
1721 502 1783 530 filia

205 531 394 590 οὐρῆσαι
427 536 658 579 τοσοῦτον,
719 531 826 573 ὥστε
865 535 1023 586 πλῆσαι
1058 531 1136 585 μὲν
1172 528 1251 586 τήν
1283 529 1450 573 ἑωυτοῦ
1505 536 1783 566 fifbissblsstunntvn‘

1509 569 1621 595 ditione
1646 571 1784 603 quaesita.

1505 602 1782 630 extram=a.datea1n

203 613 351 665 πόλιν,
410 609 746 655 ἐπικατακλύσαι
786 611 831 652 δὲ
878 610 951 653 καὶ
998 608 1076 665 τὴν
1111 607 1252 664 Ἀσίην
1291 613 1448 652 πᾶσαν.
1506 636 1782 671 uxorvmcambysi

175 691 500 747 3ὑπερθέμενος
541 689 586 733 δὲ
615 694 703 732 τῶν
730 688 880 744 μα’γων
911 693 1023 732 τοῖσι
1050 687 1372 742 ὀνειροπόλοισι
1400 687 1450 731 τὸ

1504 670 1618 698 Persae
1636 678 1662 698 a.
1680 670 1738 698 512.

205 770 434 823 ἐνύπνιον,
479 767 706 824 ἐφοβήθη,
743 765 839 821 παρ’
873 765 1018 810 αὐτῶν
1050 765 1158 810 αὐτοὶ
1190 767 1347 810 ἕκαστα
1376 773 1511 821 μοι-70

174 848 317 893 4θω’ν.
346 848 451 904 μετὰ
481 847 550 900 δὲ,
579 846 658 902 τὴν
686 845 929 902 Μανδάνην
959 844 1143 903 ταύτην,
1181 846 1342 890 ἐοῦσαν
1369 844 1455 902 ἤδη

203 927 361 984 ἀνδρὸς
391 925 576 982 ὡραίην,
607 924 776 982 Μήδων
805 924 882 980 μὲν
910 929 998 968 τῶν
1029 924 1193 969 ἑωυτοῦ
1225 923 1357 977 ἀξίων
1386 922 1455 968 οὐ-

204 1008 296 1051 δενὶ
324 1009 442 1050 διδοῖ
466 1010 676 1061 γυναῖκα,
703 1004 908 1056 δεδοικώς
933 1004 1012 1061 τὴν
1042 1003 1163 1056 ὄψιν·
1196 1004 1220 1046 ὁ
1243 1004 1287 1047 δὲ
1310 1003 1455 1058 Πέρσῃ

204 1088 341 1139 διδοῖ,
371 1089 430 1143 τῷ
462 1083 632 1140 οὔνομα
661 1078 715 1140 ἦν
744 1083 1002 1141 Καμβύσης·
1032 1082 1109 1126 τὸν
1132 1081 1299 1136 εὕρισκε
1318 1082 1455 1137 οἰκίης

203 1165 281 1222 μὲν
311 1163 438 1208 ἐόντα
466 1162 656 1221 ἀγαθῆς,
687 1160 854 1218 τρόπον
877 1164 921 1207 δὲ
943 1160 1144 1219 ἡσυχίου·
1171 1164 1318 1220 πολλῷ
1338 1160 1508 1216 {vap-75

145 1405 232 1442 cidit
253 1417 349 1442 anno
379 1403 461 1446 594
484 1417 515 1441 a.
536 1403 622 1441 Chr.
642 1417 699 1451 n.;
736 1418 795 1442 se·-

145 1463 303 1499 cundum
324 1461 515 1498 Volneium
531 1461 613 1502 595
635 1475 667 1498 a.
681 1461 767 1498 Chr.

339 1573 450 1624 Cap,
485 1573 597 1610 evil.

200 1682 473 1735 ὑπερθέμενος
494 1682 537 1724 δὲ
558 1687 638 1724 τῶν
659 1681 796 1736 μα’γων

146 1743 247 1779 τοῖσι
268 1737 554 1791 ὀνειροπόλοισι
576 1738 618 1780 τὸ
639 1737 796 1779 ἐνύπνι-

147 1795 217 1846 ον]
258 1798 396 1833 Omnes
424 1796 505 1832 libri
531 1795 794 1846 ὑποθέμενος,

146 1853 246 1902 quod
270 1865 292 1888 a
312 1852 500 1902 Stephano
530 1852 600 1889 iam
623 1857 797 1889 mutatum

144 1909 211 1945 suit
226 1908 262 1944 in
282 1906 565 1959 ὑπερθέμενος,
590 1909 688 1957 quod
704 1921 794 1945 rece.

145 1965 228 2001 edd.
248 1964 285 2000 in
304 1968 443 2001 textum
462 1969 687 2014 receperunt.
745 1964 796 1999 Et

144 2033 222 2070 cap.
249 2020 417 2069 sequenti
437 2020 515 2057 sine
543 2020 614 2056 ulla
634 2020 794 2057 lectionis

143 2076 317 2113 varietate
354 2074 623 2126 ὑπερθέμενος
657 2076 794 2113 inveni-

142 2136 218 2177 tur·‚
256 2132 410 2182 ipsaque
449 2132 541 2168 ratio
573 2133 724 2178 suadet,
755 2135 794 2167 ut

143 2188 241 2225 idem
258 2187 345 2224 illud
372 2187 440 2224 hoc
458 2200 603 2237 quoque
625 2187 703 2224 loeo
735 2200 794 2224 re-

145 2244 305 2292 cipiatur.
351 2243 469 2290 Nam,
499 2248 538 2280 ut
559 2244 652 2281 bene
670 2246 795 2280 monet

145 2298 444 2348 VVyttenbachius
464 2300 501 2336 in
525 2299 660 2337 selectt.
680 2299 795 2335 histo-

146 2355 225 2392 rice.
244 2368 329 2404 pag.
342 2355 421 2395 351
435 2383 446 2401 ,
473 2353 708 2395 ὖποθέσθαί
717 2354 795 2393 τινί

146 2424 183 2448 τι
212 2415 286 2447 est:
329 2410 440 2447 alicui
472 2412 652 2449 consilium
691 2410 794 2455 dare;

147 2469 185 2502 at
219 2464 471 2516 ’ὖπερθὲσθαί
508 2468 588 2506 τινί
621 2480 679 2505 τι.·
718 2480 795 2503 cum

146 2521 265 2570 aliquo
311 2522 489 2559 consilium
536 2524 794 2560 communicare.

147 2577 255 2614 conf.
284 2576 324 2623 I,
343 2578 380 2617 8.
418 2577 508 2625 VII,
540 2579 605 2620 24.
644 2577 733 2625 VII,
757 2579 794 2619 8.

146 2652 203 2660 -
222 2631 282 2668 Ad
302 2638 552 2680 argumentum
584 2635 684 2683 quod
712 2633 797 2671 atti-

147 2692 230 2735 net,
248 2689 444 2725 tenendum
462 2693 541 2737 est,
560 2690 704 2727 omnino
717 2703 796 2726 mo·-

146 2745 197 2781 ris
226 2744 338 2782 fuisse
363 2744 401 2781 in
435 2744 533 2784 hisce
570 2745 794 2784 orientalium

862 1404 1008 1453 regniS,
1037 1407 1077 1441 ut
1104 1415 1163 1441 res
1188 1401 1354 1453 publicae
1375 1400 1512 1449 gravis-

862 1462 974 1497 simae
1001 1473 1069 1511 per
1093 1460 1316 1496 somniorum
1335 1458 1512 1506 interpre-

861 1519 1017 1554 tationes
1036 1516 1321 1553 discernerentm·
1334 1543 1344 1561 ‚
1356 1514 1415 1549 ubi
1428 1512 1511 1549 Ma-

863 1586 991 1621 gorum
1016 1576 1056 1608 ut
1093 1572 1329 1621 interpretum
1359 1570 1511 1606 istorum

862 1631 1083 1665 somniorum
1103 1641 1243 1665 summa
1271 1627 1338 1663 suit
1359 1625 1514 1662 auctori-

863 1691 931 1722 tas.
974 1686 1016 1721 Id
1033 1686 1132 1733 qnod
1148 1685 1285 1734 pariter
1302 1695 1426 1719 sacrae
1445 1682 1512 1717 do-

863 1746 944 1777 cent
963 1742 1086 1777 literae
1107 1753 1214 1788 quam
1226 1740 1411 1788 profanae.
1430 1736 1511 1774 Nec

862 1797 956 1844 sugit
973 1796 1187 1832 Rennelium
1212 1796 1250 1831 in
1269 1795 1406 1842 Geogr.
1432 1792 1511 1829 He-

862 1852 941 1888 rod.
963 1864 1047 1902 pag.
1070 1852 1162 1892 500.

917 1957 1007 2012 παρ’
1042 1957 1204 1999 αὐτῶν
1239 1954 1340 1998 αὐτὰ
1370 1957 1512 1998 ἔκαστοι

863 2014 1032 2068 μαθών]
1064 2012 1196 2055 αὐτῶν
1222 2016 1388 2066 plerique
1417 2015 1509 2054 libri.

861 2074 980 2122 Vulgo
1003 2069 1175 2119 αὐτέων,
1198 2073 1297 2121 quod
1316 2071 1511 2108 abiecimus

861 2143 939 2167 cum
960 2129 1145 2167 Gaisford.
1165 2149 1220 2155 —
1248 2127 1307 2165 De
1332 2127 1512 2164 locutione

862 2182 1007 2236 ἀνδρός
1031 2183 1181 2235 ὡραίην
1202 2183 1297 2231 (viro
1314 2183 1521 2231 maturam)

861 2244 954 2279 conf.
980 2241 1110 2278 Matth.
1142 2239 1179 2291 ἓ.
1200 2240 1283 2281 339
1310 2252 1395 2289 pag·
1417 2238 1512 2286 647,

862 2299 924 2348 qui
943 2299 1038 2335 idem
1058 2296 1299 2334 consulendus
1321 2293 1357 2345 ἓ.
1376 2295 1472 2341 316,
1490 2307 1513 2332 e

862 2367 947 2404 pag.
976 2357 1059 2395 622
1106 2353 1152 2389 de
1181 2351 1346 2400 genitivis
1384 2350 1514 2400 οἰκίης

863 2408 935 2461 μὲν
954 2431 1009 2437 ——
1027 2405 1207 2461 ἅγαθῆς,
1236 2402 1383 2457 τρόπον
1402 2403 1444 2444 δὲ
1468 2404 1514 2456 ἦ-

864 2466 1012 2517 συχίου.
1080 2464 1138 2501 Ad
1183 2462 1288 2513 οἰκίη
1319 2461 1515 2512 (familia)

862 2527 899 2560 et
918 2523 966 2560 ad
995 2523 1112 2571 ipsam
1131 2519 1348 2557 locutionem
1367 2530 1515 2568 compa-

861 2583 919 2615 rat
956 2578 1127 2615 Valcken.
1158 2575 1197 2622 1,
1227 2577 1293 2617 90.
1330 2574 1386 2620 Π,
1421 2576 1514 2615 172.

860 2634 925 2681 IV,
944 2637 1009 2675 76.
1046 2633 1118 2679 VI,
1140 2631 1204 2672 35.
1245 2630 1512 2680 WVesselingius

860 2689 986 2728 laudat
1002 2689 1175 2727 lustinum
1192 2687 1208 2725 I
1223 2715 1234 2736 ,
1257 2686 1296 2728 4.
