1909 3228
652 246 953 286 CL10.1.

1346 246 1430 286 345

180 359 397 415 Φρικωνὶς
432 357 688 413 καλεομένη,
730 356 966 413 Λήρισσαι,
1003 355 1121 400 Νέον
1148 357 1305 411 τεῖχος,
1351 358 1487 411 Τῆ-85

179 455 311 495 μνος,
340 438 498 489 Κίλλα,
527 436 716 491 Νότιον,
747 435 1028 493 Αἰγιρόεσσα,
1059 434 1253 491 Πιτάνη,
1283 434 1433 490 Αἰγαῖ-

124 659 228 684 suum
259 646 410 693 aberat,
449 648 488 683 ut
517 644 640 682 Livius
666 645 777 682 tradit

124 702 325 751 XXXVII,
348 704 413 744 26.
471 701 568 739 Nam
591 701 778 752 Colopho-

126 760 177 797 nii
199 760 310 805 cives,
341 771 492 808 quorum
522 759 609 794 urbs
635 758 680 794 ab
704 757 777 793 Ita-

126 829 232 853 mane
253 820 359 865 capta
391 818 488 861 erat,
527 814 595 850 illic
621 814 776 863 primum

127 872 370 908 consederunt
410 870 562 918 urbique
601 870 776 918 originem

128 927 330 973 dederunt,
370 930 516 963 auctore
560 925 778 975 Thucydide

126 981 201 1028 lll,
222 982 299 1029 34,
327 981 388 1019 ubi
409 983 502 1019 conf.
524 982 778 1032 interpret.—

128 1038 188 1075 De
208 1039 414 1087 Aegz'roessa
430 1038 513 1075 vide
533 1039 685 1089 posthac
700 1051 779 1074 mo-

129 1095 216 1131 nita.
276 1094 424 1141 Pitane,
464 1094 510 1132 de
541 1108 613 1144 qua
644 1095 777 1131 Strabo

130 1151 153 1187 l.
171 1150 217 1196 l.‚
245 1151 388 1187 duobus
409 1151 585 1200 portubus
611 1152 659 1188 ad
676 1151 777 1187 Elai-

130 1207 239 1242 ticum
261 1207 378 1243 sinum
394 1207 588 1253 instrueta3
617 1212 780 1257 praeter-

131 1263 210 1300 ssuit
230 1262 325 1299 illam
344 1263 490 1300 Evenus
511 1264 652 1301 fluvius.
709 1263 779 1300 Ae-

132 1331 242 1367 gaeae
266 1319 314 1365 (5.
338 1324 377 1355 ut
403 1319 461 1356 alii
491 1320 628 1367 Aegae,
659 1318 781 1371 Αἰγαὶ

132 1389 162 1411 s.
175 1371 313 1426 Αἶγαι)
343 1375 380 1411 in
398 1376 487 1424 ipsis
500 1375 667 1424 Myriuae
682 1376 780 1424 agris

133 1432 203 1467 sita
225 1444 307 1468 esse
327 1431 476 1478 dicitur,
498 1432 593 1468 intra
603 1431 783 1480 Myrinam

134 1487 261 1523 urbem
293 1491 329 1524 et
348 1487 500 1535 Cymen.
557 1488 674 1526 Prave
704 1500 784 1525 eam

132 1543 333 1581 Danvillius
352 1543 447 1581 intra
468 1545 609 1592 Cymen
619 1544 782 1581 Phocae-

134 1612 194 1637 am
213 1603 251 1637 et
279 1599 461 1637 Temnum
494 1601 668 1638 collocare
695 1600 785 1637 dici-

134 1660 192 1692 tur
212 1668 235 1692 a
251 1655 581 1695 Raoul-Rochette
601 1657 654 1694 l.l.
668 1671 703 1708 p.
716 1656 784 1704 42,

137 1712 199 1760 qui
220 1711 386 1760 Myrinae
409 1713 588 1750 coloniam
613 1715 726 1751 fuisse
742 1713 786 1750 il-

140 1768 211 1804 lam
234 1774 367 1805 censet.
397 1768 550 1819 Il1yrina
564 1770 658 1819 ipsa,
678 1782 787 1819 quam

138 1823 239 1861 Mela
270 1837 293 1861 a
318 1829 498 1862 vetustate
517 1826 669 1875 primam
699 1825 789 1862 dixit

139 1879 323 1917 Aeolicam
334 1881 509 1919 civitatem
522 1910 532 1928 ,
549 1881 791 1930 quadraginta

141 1936 268 1973 stadiis
304 1937 418 1973 abfuit
449 1950 470 1974 a
497 1938 634 1985 Cyme,
671 1942 706 1974 et
743 1935 803 1979 ab

141 1991 314 2030 Aeolibus
332 1992 478 2031 Lesbiis
507 1994 652 2030 condita
680 1992 791 2029 fuisse

142 2048 370 2099 perhibetur3
404 2050 475 2087 vid.
506 2048 634 2086 Vellei.
665 2048 793 2085 Pater-

143 2104 210 2142 cul.
234 2105 272 2152 I,
291 2104 329 2145 4.
387 2106 471 2149 Quo
492 2105 698 2143 testimonio
719 2105 793 2141 fre-

144 2167 202 2198 tus
218 2160 336 2198 Raoul
346 2183 363 2189 -
373 2161 551 2199 Rochette
568 2162 590 2199 l.
602 2162 624 2199 l.
643 2174 723 2199 eam
735 2159 792 2197 vel

144 2221 230 2255 ante
276 2217 419 2266 Cymen
462 2219 643 2255 conditam
679 2217 793 2254 fuisse

145 2273 380 2325 probabiliter
426 2275 542 2325 ponit.
628 2275 793 2324 Grynea,

149 2325 340 2381 Γρύνεια,
366 2331 465 2381 apud
489 2331 707 2368 Strabonem
736 2329 793 2365 di-

149 2387 238 2423 citur
259 2382 451 2439 Γρύνιον,
474 2388 682 2438 παλίχνιον
701 2388 793 2424 Mv·

151 2445 319 2492 ριναῖον,
331 2442 397 2482 καὶ
410 2440 518 2495 ἱερὸν
536 2440 795 2489 Ἀπόλλωνος,

150 2499 403 2548 oraculumque
428 2505 532 2539 vetus
555 2513 598 2537 ac
625 2498 798 2549 templum

152 2553 380 2604 splendidum
419 2557 501 2594 albo
538 2569 582 2594 ex
620 2567 800 2593 marmore

153 2611 365 2648 confectum.
422 2612 455 2649 A
471 2613 617 2660 Myrina
641 2611 800 2648 distabat

155 2667 395 2716 quadraginta
430 2669 560 2705 stadia.
626 2666 679 2704 Ac
710 2667 799 2704 satis

154 2728 262 2760 notus
282 2723 415 2774 Apollo
444 2725 634 2772 Gryneus,
666 2723 801 2774 quippe

156 2780 192 2816 in
210 2780 308 2816 cuius
330 2781 465 2831 templo
491 2780 655 2818 Aeolicas
677 2780 802 2817 civita-

155 2841 210 2872 tes
242 2837 447 2874 foederatas
481 2837 687 2874 solemniter
717 2849 802 2873 con-

157 2894 300 2934 venisse
315 2895 438 2931 statuit
458 2894 511 2932 St.
525 2894 648 2942 Croix,
658 2893 724 2931 des
738 2906 803 2931 an-

843 644 941 682 cicus
963 657 1136 694 gouvern.
1159 643 1310 682 federat.
1337 655 1374 693 p.
1397 641 1489 684 156.

845 701 1000 751 Smyrna
1013 732 1023 750 ,
1036 714 1129 751 quae
1150 706 1308 738 extremo
1326 698 1405 735 loco
1423 711 1491 735 no-

843 758 1018 805 minatur,
1051 758 1096 794 ab
1117 757 1289 794 Aeolibus
1309 755 1399 802 illis,
1430 753 1494 803 qui

844 814 985 863 Cymen
1010 818 1226 860 tenuerunt,
1257 812 1402 849 condita
1423 814 1492 857 est,

844 871 875 907 si
910 883 996 908 vera
1019 870 1131 907 tradit
1162 869 1378 906 Homericae
1399 867 1494 904 vitae

843 931 990 973 auctor,
1019 927 1113 973 nisi,
1143 939 1215 975 quo
1235 925 1391 962 Velleius
1420 923 1493 960 Pa-

843 983 998 1021 terculus
1021 984 1152 1020 ducere
1174 983 1336 1028 videtur,
1359 981 1405 1016 ab
1422 979 1495 1017 Ae-

845 1040 961 1077 olibus
982 1039 1128 1077 Lesbiis
1148 1042 1233 1075 ante
1254 1039 1324 1074 iam
1344 1036 1411 1073 fuit
1433 1047 1496 1073 ex-

844 1100 990 1133 structa.
1048 1095 1101 1132 Ac
1148 1094 1281 1131 multos
1318 1092 1496 1139 Pelasgo-

845 1166 924 1190 rum
939 1184 948 1201 ,
973 1152 1035 1201 qui
1054 1151 1140 1188 olim
1162 1151 1256 1188 circa
1280 1150 1421 1197 Cymen
1431 1148 1497 1184 ha-

845 1210 1070 1255 bitaverant,
1100 1208 1184 1245 inde
1205 1206 1332 1257 pulsos
1354 1205 1423 1242 huc
1439 1217 1498 1241 se·-

848 1267 914 1303 des
932 1264 1160 1302 transtulisse
1180 1263 1253 1300 vult
1264 1261 1383 1300 Raoul
1393 1283 1410 1288 -
1420 1260 1499 1297 Ro-

848 1322 967 1359 chette
986 1321 1008 1357 l.
1031 1321 1053 1357 l.
1074 1333 1161 1370 pag.
1180 1318 1246 1360 43.
1291 1318 1367 1356 Sed
1395 1317 1500 1353 Stra-

852 1379 898 1415 bo
922 1379 1053 1422 refert,
1085 1377 1238 1425 primam
1265 1375 1362 1410 urbis
1386 1372 1500 1421 origi-

850 1446 934 1471 nem
964 1433 1111 1469 Ionibus
1146 1431 1316 1480 Ephesiis
1351 1429 1501 1474 deberi3

850 1502 943 1539 quos
982 1492 1104 1525 tamen
1134 1490 1220 1536 post
1250 1486 1295 1522 ab
1326 1484 1500 1522 Aeolibus

851 1546 986 1584 eiectos
1008 1543 1261 1593 Colophonem
1282 1555 1323 1579 se
1343 1540 1503 1591 recepis-

851 1615 903 1639 se.
961 1601 1074 1638 Unde
1094 1600 1166 1636 iam
1182 1598 1426 1647 intelligimus,
1441 1609 1504 1633 cur

853 1657 1163 1708 Colophoniorum
1208 1654 1349 1693 exsules
1404 1653 1503 1690 urbis

853 1716 1031 1763 Smyrnae
1054 1712 1327 1762 aggrediendae
1361 1709 1505 1748 consili-

853 1785 915 1808 um
933 1770 1079 1819 capiant
1108 1773 1144 1806 et
1170 1782 1209 1806 re
1237 1767 1384 1819 peracta
1410 1766 1504 1802 illam

854 1830 1025 1873 teneant,
1077 1824 1252 1862 Aeolibus
1295 1822 1505 1871 Smyrnaeis

856 1882 936 1919 loco
958 1881 1182 1918 cedentibus.
1240 1880 1349 1916 Conf.
1367 1877 1506 1914 Raoul-

857 1938 1037 1976 Rochette
1054 1936 1077 1973 l.
1099 1936 1121 1972 l.
1146 1948 1232 1986 pag.
1252 1938 1318 1976 99.
1340 1935 1432 1974 100.

914 1989 1139 2043 Λήρισσαι]
1183 1991 1259 2028 Iam
1288 1989 1506 2037 monuimus,

859 2049 962 2096 aliis,
992 2052 1031 2084 ut
1056 2048 1250 2094 Straboni,
1284 2046 1410 2083 urbem
1437 2046 1507 2082 dici

859 2102 1067 2156 Λάρισσαν
1078 2120 1090 2152 ,·
1109 2116 1131 2140 a
1151 2116 1223 2152 quo
1242 2103 1445 2140 Herodotei
1464 2101 1507 2138 li-

859 2163 914 2198 bri
933 2162 1075 2198 absunt.
1110 2159 1344 2197 Inveniuntur
1360 2158 1398 2195 in
1417 2171 1509 2195 non-

860 2217 965 2255 nullis
995 2213 1191 2268 Λήρισαι,
1229 2227 1323 2264 quae
1352 2215 1509 2252 varietas

859 2273 1008 2312 recurrit
1023 2273 1098 2320 lx,
1131 2275 1153 2314 1
1167 2303 1178 2321 ,
1211 2271 1273 2308 ubi
1295 2283 1387 2307 unus
1420 2270 1510 2308 liber

860 2332 1092 2382 Ληρισαῖος.
1122 2329 1229 2365 Conf.
1248 2331 1370 2364 tamen
1390 2326 1511 2363 Schol.

862 2386 1032 2438 Apollon.
1060 2385 1182 2423 Rhod.
1212 2384 1252 2431 I,
1275 2383 1341 2424 40.
1399 2382 1512 2420 Numi

863 2445 1071 2493 frequenter
1094 2440 1426 2480 ΛΑΡΙΣΑΙΩΝ.
1455 2458 1512 2467 -—·

863 2500 952 2537 Mox
978 2501 1134 2550 Τῆμνος
1154 2510 1247 2534 nunc
1260 2500 1357 2534 recte
1377 2496 1513 2533 editum

864 2569 932 2607 pro
948 2557 1077 2607 Τῆνος
1088 2584 1097 2600 ,
1120 2553 1425 2603 quemadmodum
1437 2553 1512 2601 Cy-

866 2612 1009 2650 cladum
1029 2624 1100 2648 una
1122 2609 1335 2660 appellatur.

920 2662 1181 2720 Αἰγιρόεσσα]
1216 2666 1334 2702 Huius
1359 2665 1513 2702 nominis

867 2725 1045 2763 civitatem
1055 2723 1236 2762 Aeolicam
1260 2723 1426 2772 nuspiam
1436 2735 1514 2759 me-

868 2786 1043 2818 moratam
1064 2780 1276 2818 invenimus.
1320 2779 1389 2815 Est
1404 2791 1514 2816 unum

868 2837 1076 2887 Megaricae
1102 2841 1222 2874 terrae
1248 2836 1423 2886 oppidum
1450 2835 1515 2872 ob-

868 2907 1031 2941 scurum,
1071 2894 1172 2945 quod
1217 2893 1419 2931 nominatur
1443 2891 1516 2931 Ai-
