1909 3228
344 324 411 369 43

468 218 552 260 582

141 388 287 416 Hercules
336 388 415 416 Deo-

141 429 206 450 rum
238 430 281 450 ιιι
321 429 416 449 unus:
445 403 545 448 23n
580 406 643 458 εἴη
682 406 770 445 τῶν
809 401 1007 445 δυώδεκα
1045 406 1171 445 θεῶν.

140 455 302 516 ξιξῖιῗιῖῗιοῗὼ
318 455 415 522 diiii?
467 482 724 536 Ἡρακλέος,
759 480 1054 535 τὸνἛΙᾹληνες
1084 482 1252 532 οἴδασι,
1293 478 1466 536 οὐδαμῇ
1499 481 1724 536 Αἰγύπτου

139 521 211 558 ptiis
224 522 386 558 accepisse.

882 214 1349 254 HERODOTI

577 323 809 380 Ἡρακλέος
858 323 903 366 δὲ
950 321 1049 376 πέρι
1088 322 1213 366 τόνδε
1252 322 1329 365 τὸν
1368 321 1498 379 λόγον
1528 323 1721 381 ἤκουσα,

1231 405 1311 443 τοῦ
1355 401 1501 455 ἑτέρου
1540 404 1584 446 δὲ
1627 404 1724 457 πέρι

440 560 721 618 δὲδυυάσθην
750 559 947 604 ἀκοῦσαι.
977 560 1049 604 καὶ
1082 559 1169 616 μὴν
1199 559 1265 603 ὅτι
1293 575 1340 616 γε
1361 557 1415 602 οὕ
1440 557 1548 614 παρ’
1573 558 1720 618 Ἑλλή-

410 783 520 817 nente
537 779 708 818 Creuzer.
733 779 771 815 in
791 777 931 815 Comm.
953 778 1060 815 Herr.

409 848 446 887 p·
468 838 534 876 67.
581 837 756 886 Spectant
782 847 868 871 vero
897 835 986 871 haec
1014 834 1062 870 ad

410 891 616 929 animalium
641 899 726 943 post
756 895 908 930 mortem
934 904 1061 928 conse-

411 948 622 996 crationem,
651 950 698 987 de
721 962 793 999 qua
811 947 883 984 vid.
903 951 995 984 nott.
1015 947 1062 983 ad

408 1003 457 1053 Il,
477 1004 543 1046 65.

594 1088 625 1125 C
637 1099 658 1123 a
667 1100 704 1138 p.
736 1086 867 1124 XLIII.

465 1168 527 1212 ὅτι
545 1170 604 1222 εἴη
621 1172 702 1209 τῶν
731 1166 910 1210 δυώδεκα
927 1169 1061 1221 θεῶν]

410 1228 507 1267 Olim
531 1226 603 1276 ὥς,
633 1228 730 1265 cuius
761 1228 840 1265 loco
864 1241 884 1265 e
907 1227 1062 1264 meliori-

409 1286 477 1323 bus
507 1284 606 1322 libris
642 1297 737 1323 nunc
775 1287 960 1334 receptum
992 1279 1063 1323 ὅτι.

410 1342 590 1379 Classicus
610 1340 791 1378 Herodoti
811 1341 908 1377 locus
931 1341 977 1377 de
999 1340 1063 1377 tri-

409 1398 478 1435 bus
498 1398 648 1435 deorum
675 1396 937 1446 Aegyptiorum
965 1397 1063 1432 ordi-

409 1455 514 1491 nibus
536 1456 651 1490 exstat
669 1453 714 1500 Il,
739 1454 816 1493 145
839 1452 916 1489 coll.
938 1452 981 1498 lI,
995 1452 1059 1491 46.

410 1509 460 1546 Et
472 1509 530 1546 alii
541 1522 687 1558 quoque
707 1509 898 1558 scriptores
911 1508 1061 1544 deorum

410 1566 556 1603 ordines
571 1568 863 1611 commemorant,
883 1562 1061 1611 singulos-

410 1634 482 1670 que
502 1622 613 1667 deos,
643 1621 706 1670 qui
731 1621 778 1657 ad
801 1633 982 1669 quemque
1003 1632 1062 1655 or-

407 1678 529 1715 dinem
576 1678 801 1727 pertineant,
859 1679 1059 1712 recensent.

407 1732 505 1772 Nam
524 1734 658 1783 primus
676 1733 766 1768 ordo
789 1736 871 1768 octo
891 1735 949 1768 est
970 1732 1060 1768 deo-

407 1802 508 1836 rum,
539 1789 629 1826 alter
648 1787 837 1825 duodecim
857 1787 966 1823 fuisse
979 1799 1062 1835 per-

408 1844 569 1892 hibetur,
598 1857 617 1881 e
643 1844 755 1894 priori
785 1842 918 1880 scilicet
943 1847 1058 1888 ortus,

408 1914 488 1939 cum
520 1901 645 1937 tertius
680 1914 700 1938 e
732 1899 891 1937 secundo
924 1898 1061 1949 pariter

408 1958 584 2006 originem
597 1958 714 1993 ducat.
746 1955 857 1999 Quod
874 1955 921 1991 ad
934 1967 1061 1991 secun-

410 2014 517 2061 dum,
547 2014 601 2050 cui
625 2012 801 2050 Hercules
833 2012 1061 2058 adscribitur,

409 2070 573 2107 ordinem
592 2069 770 2119 pertinet,
800 2068 886 2114 hoc,
916 2067 1061 2104 lablon-

408 2127 488 2163 skio
507 2126 719 2176 interprete,
740 2125 791 2162 sic
811 2124 1060 2174 accipiendum

407 2183 488 2228 erit,
515 2186 556 2219 ut
573 2183 621 2219 ad
638 2182 794 2232 priorem
814 2184 898 2217 octo
909 2180 1060 2216 deorum

406 2239 570 2276 ordinem
587 2243 742 2287 quatuor
759 2237 888 2274 adiecti
915 2236 1060 2281 fuerint,

407 2296 505 2332 unde
525 2295 612 2332 haec
632 2306 769 2331 sumnia
791 2292 975 2331 exstiterit.
997 2291 1060 2328 Sol

408 2351 503 2388 enim
527 2350 785 2400 quadrifariam
816 2350 1004 2399 respicitur
1023 2349 1060 2384 in

406 2411 560 2456 utroque
577 2411 613 2444 et
632 2406 860 2456 aequinoctio
880 2410 916 2443 et
943 2404 1061 2442 solsti-

408 2464 481 2510 tio,
512 2464 608 2500 unde
633 2468 788 2511 quatuor
807 2462 986 2499 exsistunt
1009 2460 1060 2497 dii

409 2519 563 2556 Ammun
574 2519 630 2566 (et
640 2519 909 2567 quodammodo
920 2518 1060 2554 Hercu-

407 2574 598 2622 les-Sem),
616 2575 760 2622 Horus,
779 2574 947 2624 Serapis,
962 2573 1060 2609 Har-

408 2636 586 2680 pocrates.
607 2630 702 2668 Nam
714 2632 782 2668 hoc
793 2643 899 2668 nemo
912 2631 986 2666 sere
996 2641 1060 2666 ne-

411 2687 486 2733 scit,
496 2687 720 2724 orientalium
739 2687 951 2736 religionum
970 2697 1060 2735 pau-

409 2741 515 2777 lulum
533 2755 680 2790 gnarus,
708 2744 827 2780 varias
847 2743 950 2779 unius
966 2742 1062 2779 eius-

416 2797 570 2844 demque
590 2800 743 2836 numinis
761 2799 854 2837 vires
878 2799 915 2835 in
939 2799 1061 2847 singu-

414 2852 466 2888 las
489 2853 621 2889 formas
643 2856 869 2904 totidemque
887 2866 1062 2904 personas

1129 777 1260 824 dividi,
1289 777 1340 814 ita
1360 781 1399 814 ut
1417 789 1460 814 ex
1483 776 1707 827 quadruplici
1723 789 1783 814 so-

1132 835 1173 871 lis
1201 834 1407 871 conditione
1434 846 1475 870 ac
1501 838 1596 870 statu
1627 839 1783 882 quatuor

1130 904 1278 940 quoque
1299 890 1383 926 solis
1409 890 1457 925 dii
1478 891 1580 938 quasi
1600 894 1781 937 emanent,

1131 948 1168 984 in
1187 960 1295 983 unum
1319 947 1546 994 eundemque
1575 946 1698 983 Solem
1718 947 1783 984 de-

1130 1017 1203 1040 nuo
1220 1002 1437 1040 revolvendi.
1484 1002 1598 1040 Aliter
1617 1003 1782 1049 Giirres„

1132 1061 1179 1096 de
1196 1072 1267 1108 quo
1288 1064 1327 1095 tu
1345 1059 1415 1095 vid.
1430 1059 1599 1096 Creuzer.
1619 1058 1781 1108 Symbol.

1130 1115 1147 1152 I
1165 1129 1200 1165 p.
1220 1118 1303 1156 292
1323 1127 1425 1164 seqq.
1464 1114 1546 1151 Hoc
1567 1120 1686 1151 autem
1704 1113 1783 1152 loco

1129 1177 1337 1219 teneamus,
1367 1170 1540 1219 distingui
1566 1170 1660 1208 inter
1688 1170 1785 1208 Her-

1131 1228 1243 1266 culem
1273 1228 1404 1274 deum,
1435 1226 1579 1276 qualem
1613 1226 1785 1276 Aegyptii

1131 1284 1323 1322 habuerint
1371 1288 1408 1321 et
1454 1284 1548 1320 inter
1589 1282 1784 1320 Herculem

1132 1341 1369 1387 Graecorum,
1380 1339 1528 1377 hero'em
1543 1340 1662 1390 potius
1675 1352 1784 1387 quam

1131 1397 1260 1443 deum,
1290 1401 1331 1432 ut
1352 1396 1414 1444 qui
1441 1401 1589 1446 propter
1611 1395 1723 1432 multa
1747 1395 1784 1435 in

1130 1454 1236 1489 terris
1252 1453 1400 1500 egregie
1414 1454 1622 1500 perpetrata
1643 1451 1678 1487 in
1701 1463 1784 1488 coe-

1129 1508 1202 1545 lum
1223 1512 1309 1558 post
1330 1507 1439 1544 fuerit
1466 1512 1642 1556 receptus.
1673 1507 1782 1544 Hunc

1127 1564 1327 1613 Aegyptios
1347 1564 1515 1612 ignorare
1536 1563 1663 1600 asserit
1677 1567 1783 1613 pater

1126 1621 1321 1666 historiae,
1366 1624 1406 1655 ut
1432 1620 1493 1668 qui
1517 1619 1662 1656 omnino
1691 1632 1782 1669 apo-

1126 1677 1269 1713 theosin
1299 1688 1406 1724 quam
1437 1679 1567 1712 vocant
1592 1676 1782 1724 ignorasse

1127 1733 1326 1769 videantur.
1359 1731 1483 1773 Quare
1504 1732 1540 1766 in
1560 1743 1640 1767 eam
1661 1732 1782 1780 potius

1127 1788 1274 1824 inclinat
1300 1787 1534 1833 sententiam,
1561 1791 1601 1822 ut
1619 1787 1782 1824 Graecos

1127 1844 1174 1880 ab
1195 1843 1384 1892 Aegyptiis
1404 1842 1600 1880 Herculem
1624 1843 1784 1893 accepis-

1129 1913 1167 1937 se
1185 1899 1306 1946 malit,
1327 1899 1460 1936 additis
1483 1899 1633 1946 caussis,
1652 1912 1714 1936 cur
1732 1899 1783 1936 ita

1129 1956 1197 1993 sibi
1216 1955 1368 2006 placeat.
1403 1956 1564 1999 Quorum
1587 1968 1725 1993 summa
1737 1968 1782 1993 eo

1128 2013 1240 2059 redit,
1273 2017 1313 2047 ut
1334 2011 1468 2048 Graeci
1488 2017 1589 2049 vetus
1612 2013 1783 2049 Orienta-

1126 2069 1214 2105 lium
1249 2080 1382 2105 numen
1410 2070 1535 2117 utique
1560 2069 1781 2118 acceperint,

1129 2125 1196 2162 sed
1235 2124 1391 2160 humana
1431 2125 1548 2161 forma
1588 2129 1623 2161 et
1659 2123 1782 2161 indole

1128 2181 1227 2218 istud
1256 2181 1323 2216 sibi
1350 2185 1472 2218 mente
1509 2181 1782 2217 informaverint

1127 2238 1165 2274 in
1185 2249 1301 2285 eoque
1324 2248 1431 2273 omne
1447 2236 1583 2272 virtutis
1604 2236 1782 2273 humanae

1128 2292 1310 2342 exemplar
1351 2293 1614 2342 repraesentari
1657 2292 1782 2330 volue-

1126 2350 1218 2396 rint,
1249 2349 1307 2385 dei
1327 2352 1493 2385 naturam
1520 2349 1624 2397 quasi
1643 2349 1691 2385 ad
1715 2349 1781 2385 hu-

1127 2417 1271 2443 manam
1306 2417 1459 2453 eamque
1489 2404 1664 2454 optimam
1694 2418 1782 2442 con-

1126 2463 1336 2499 formantes
1385 2461 1492 2498 Plura
1523 2466 1562 2497 tu
1587 2461 1658 2498 vid.
1683 2462 1781 2511 apud

1128 2520 1299 2555 Creuzer.
1316 2517 1477 2567 Symbol.
1500 2518 1532 2554 II
1554 2531 1591 2568 p.
1607 2517 1700 2564 204,
1721 2530 1783 2554 co-

1127 2574 1261 2626 piosius
1282 2574 1328 2610 de
1344 2574 1398 2610 his
1416 2579 1668 2624 exponentem.

1185 2624 1345 2683 οὐδαμῇ
1363 2626 1585 2682 Αἰγύπτου]
1608 2629 1671 2667 Cr.
1693 2642 1782 2667 con-

1128 2688 1201 2724 fert
1226 2686 1399 2724 Valcken.
1431 2691 1506 2723 not.
1537 2688 1584 2723 ad
1614 2686 1778 2736 Euripid.

1127 2742 1316 2793 Hippolyt.
1339 2745 1448 2784 1012
1477 2755 1563 2793 pag.
1585 2746 1687 2789 272,
1718 2743 1778 2778 ubi

1127 2799 1230 2850 plura
1249 2799 1304 2835 his
1326 2799 1451 2837 similia
1471 2798 1618 2848 collegit
1638 2799 1691 2835 vir
1712 2798 1779 2835 do-

1126 2856 1315 2892 ctissimus.
