1909 3228
492 206 576 245 880
882 202 1353 242 HERODOTI

466 312 576 356 Ἱέᾶν
609 310 669 354 ἔτι
699 310 960 364 προσωτέρω
990 308 1176 354 ἑλκύσαι.
1223 308 1306 366 ἤδη
1337 307 1382 353 δέ
1417 326 1527 362 τινες
1556 311 1745 368 λέγουσι,

493 389 550 442 ὦς
581 390 814 442 ἄνθρωπος
854 387 1073 444 διεφθάρη
1114 386 1189 432 ὑπ’
1231 387 1364 443 αὐτῆς
1401 393 1490 431 τῶν
1518 406 1581 440 τις
1611 391 1748 447 αὐτὴν

493 466 815 526 μοχλευόντων,
862 467 934 509 καὶ
972 465 1058 510 ἀπὸ
1093 466 1255 511 τούτου
1302 465 1382 510 οὐκ
1421 467 1745 524 ἐσελκυσθῆναι.

338 556 438 602 176
491 547 694 601 Ἀνὲθηκε
734 544 780 588 δὲ
809 545 881 588 καὶ
918 544 964 588 ἐν
999 551 1108 589 τοῖσι
1151 545 1317 590 ἄλλοισι
1358 548 1490 601 ἱροῖσι
1521 545 1745 602 ὁ”Αμοισις
1759 555 1801 588 10

163 622 258 649 Ornat
307 624 338 649 et
379 621 440 648 alia

161 657 273 691 templa
299 655 439 682 maxime-

162 697 221 722 que
296 689 437 722 templum

163 722 289 749 Vulcani
305 742 312 755 ‚
338 727 368 749 et
386 729 436 747 no-

164 764 233 782 vum
255 755 327 783 Isidi
356 754 437 782 aedi·

164 789 244 818 sicat.

496 629 602 669 πᾶσι
630 628 742 667 τοῖσι
771 624 1030 678 ἐλλογίμοισι
1058 625 1161 680 ἔργα
1193 625 1241 668 τό
1276 625 1466 680 μέγαθος
1496 624 1746 681 ἀξιοθέητα·

494 705 541 748 ἐν
571 703 639 755 δὲ,
678 703 750 745 καὶ
778 702 825 745 ἐν
854 702 1030 758 Μέμφι,
1073 704 1150 746 τὸν
1178 703 1335 747 ὕπτιον
1364 707 1562 759 κείμενον
1591 709 1748 748 κολοσ-

498 782 597 834 σόν,
636 785 712 825 τοῦ
750 780 1030 837 (Ηφαιστείου
1071 782 1309 838 ἔμπροσθε·
1358 787 1438 826 τοῦ
1469 783 1598 834 πόδες
1625 783 1748 825 πέντε

463 862 567 906 Ξκαὶ
597 859 895 917 ἑβδομήκοντά
925 864 1005 905 εἰσι
1044 861 1093 904 τό
1133 865 1286 916 μῆκος.
1339 861 1408 904 ἐπὶ
1446 864 1490 905 δὲ
1529 866 1589 918 τῷ
1630 860 1746 918 αὐτῷ

492 940 646 997 βάθρῳ
677 941 844 993 ἑστᾶσι,
889 943 1155 984 Αἰθιοπικοῦ
1185 939 1332 992 ἐόντος
1360 943 1513 992 λίθου,
1557 940 1637 984 δύο
1668 957 1743 983 κο-

494 1019 665 1071 λοσσοὶ,
707 1019 862 1064 ἐείκοσι
898 1022 1048 1064 ποδῶν
1084 1019 1133 1062 τὸ
1173 1019 1362 1075 μέγαθος
1403 1019 1486 1063 ἐών
1527 1019 1803 1073 ἓκάτερος·15

466 1096 521 1143 36
551 1099 630 1156 μὲν
661 1099 810 1150 ἔνθεν,
841 1098 864 1144 ὁ
898 1098 942 1144 δ’
974 1100 1103 1144 ἔνθεν
1131 1102 1211 1142 τοῦ
1241 1097 1448 1155 μεγάρου.
1489 1099 1578 1142 ἔστι
1608 1099 1654 1142 δὲ
1681 1099 1746 1141 λί-

437 1330 635 1379 habentem,
673 1335 713 1370 ut
746 1332 855 1369 vertit
883 1330 1085 1380 Schweigh.

436 1389 473 1425 in
491 1389 707 1426 lex.Herod.
737 1389 820 1433 Quo
833 1389 961 1425 eodem
980 1400 1087 1425 sensu

438 1445 533 1481 infra
555 1445 663 1492 VIII,
685 1444 738 1485 54
762 1458 840 1481 cum
863 1445 1085 1481 inveniatur:

436 1499 529 1539 ἔνθ
544 1496 569 1538 ύ
585 1515 701 1550 μιον
720 1499 970 1552 -ἐγένετο,
1007 1500 1084 1535 aliis

436 1569 582 1605 quoque
615 1557 848 1605 scriptoribus
877 1557 1085 1603 frequenta-

436 1617 511 1648 tum
542 1613 632 1657 (vid.
666 1611 805 1649 Duker.
842 1612 889 1648 ad
919 1611 1085 1658 Thucyd.

436 1668 523 1715 Vll,
548 1670 631 1714 18),
652 1668 719 1704 hoc
738 1681 884 1716 quoque
901 1668 979 1703 Ioco
996 1666 1085 1702 val-

436 1725 625 1761 ckenarius
654 1720 850 1773 ἐνθύμιον
875 1723 1086 1772 praeferret,

438 1780 467 1816 si
506 1780 645 1816 codices
681 1779 718 1815 in
747 1792 790 1816 eo
827 1778 1086 1827 conspirarent.

438 1836 511 1879 Qui
535 1839 709 1884 quantum
738 1835 810 1871 scio
841 1847 966 1871 omnes
995 1833 1087 1870 offe-

435 1896 519 1928 runt
557 1888 800 1941 ἐνθυμιστόν
824 1919 833 1937 ,
874 1891 974 1939 quod
1002 1901 1087 1926 cave

436 1948 515 1985 loco
536 1961 694 1984 moveas.
733 1947 781 1983 Et
802 1947 896 1983 bene
915 1946 1088 1982 admonet

436 2004 640 2052 Schweigh.
666 2003 768 2040 verbi
788 2002 1088 2053 ἐνθυμίζεσθαι,

439 2061 538 2108 quod
568 2060 628 2096 illo
667 2072 777 2097 sensu
809 2060 846 2096 in
880 2072 946 2096 usu
981 2059 1089 2096 fuerit

439 2117 632 2155 veteribus.

604 2228 636 2266 c
648 2241 668 2265 a
679 2242 714 2279 p.
746 2227 949 2265 CLXXVI.

496 2312 538 2352 ἐν
559 2310 621 2358 δὲ,
654 2311 746 2362 καὶ]
777 2313 883 2349 Conf.
912 2310 1089 2348 Matthiae

441 2370 505 2407 Gr.
527 2370 590 2406 Gr.
616 2383 651 2419 p.
677 2371 782 2409 1189
811 2373 846 2405 et
867 2381 960 2417 quae
985 2367 1089 2417 plura

436 2427 543 2464 affert
576 2425 671 2462 Gail.
701 2426 738 2461 in
768 2425 872 2461 me'm.
895 2425 940 2461 de
962 2423 1088 2460 l'acad.

438 2483 485 2519 de
511 2482 639 2518 l'inser.
664 2481 749 2518 VIII
780 2481 926 2529 (Paris.
951 2481 1088 2528 1827)

435 2550 521 2588 pag.
545 2540 625 2578 190
652 2550 729 2586 seq.

492 2620 741 2659 Αἰθιοπικοῦ
777 2616 905 2666 ἐόντος
952 2618 1086 2669 λίθου]

441 2676 689 2715 Αἰθιοπικοῦ
723 2690 743 2714 e
780 2675 959 2713 nonnullis
991 2676 1088 2712 libris

442 2734 576 2782 recepit
595 2733 807 2781 Wesseling.
837 2746 902 2782 pro
930 2734 1000 2770 τοῦ
1021 2726 1087 2769 αῦ-

442 2790 513 2826 τοῦ
526 2816 536 2835 ,
566 2790 664 2836 quod
681 2794 716 2826 et
745 2790 861 2839 ipsum
880 2788 1023 2839 probati
1044 2787 1086 2823 li-

443 2844 500 2881 bri
517 2844 685 2890 ofl‘erunt‚
707 2846 878 2894 quodque
893 2845 989 2882 haud
1002 2856 1088 2882 eon-

1153 1332 1255 1368 tinuo
1282 1330 1513 1369 reiiciendum
1535 1330 1673 1367 videtur
1689 1329 1806 1367 Creu-

1153 1401 1241 1425 zero
1260 1389 1295 1423 in
1322 1388 1451 1424 annall.
1474 1387 1669 1424 Heidelbb.
1697 1387 1803 1426 1823

1153 1457 1229 1480 nro,
1250 1447 1299 1483 10
1322 1456 1406 1492 pag.
1423 1444 1520 1489 153,
1541 1444 1603 1479 ubi
1620 1443 1696 1491 ipse
1718 1454 1804 1477 con-

1152 1500 1248 1545 iicit,
1285 1499 1367 1534 oliin
1400 1499 1449 1535 sic
1488 1500 1656 1548 scriptum
1694 1497 1803 1533 fuisse

1151 1555 1477 1593 Αἰθιοπικοῦ
1513 1557 1600 1592 τοῦ
1641 1548 1804 1591 αὐτοῦ

1155 1606 1240 1649 ἐόν
1253 1626 1271 1648 τ
1284 1625 1299 1648 ε
1313 1626 1331 1656 ς
1371 1611 1501 1648 λίθου.
1584 1609 1669 1646 Non
1709 1609 1802 1645 enim

1154 1667 1312 1703 alienum
1333 1667 1444 1703 videri
1466 1670 1590 1702 censet
1618 1667 1663 1702 ab
1683 1665 1801 1701 Hero-

1154 1723 1262 1758 dotea
1285 1723 1467 1767 oratione,
1500 1727 1539 1756 ut
1562 1726 1644 1770 post
1663 1723 1715 1771 τῷ
1735 1715 1805 1758 αῦ-

1153 1780 1206 1830 τῷ
1236 1778 1405 1813 continuo
1433 1782 1604 1824 sequatur
1632 1777 1704 1814 τοῦ
1733 1771 1805 1814 αῦ-

1153 1835 1244 1880 τοῦ,
1284 1834 1384 1881 quod
1410 1833 1527 1882 ipsum
1559 1833 1679 1869 sensui
1709 1831 1804 1868 haud

1154 1893 1334 1939 repugnet
1352 1918 1362 1935 ,
1400 1902 1479 1926 cum
1521 1893 1594 1926 tres
1631 1888 1805 1935 coIOSSOS,

1155 1947 1274 1983 eidem
1295 1946 1372 1981 basi
1390 1945 1700 1995 superimpositos,
1713 1947 1804 1982 eius-

1156 2003 1238 2039 dem
1261 2014 1406 2050 quoque
1434 2002 1564 2050 lapidis
1593 2001 1702 2038 fuisse
1721 2014 1805 2050 pro-

1156 2058 1273 2095 babile
1293 2058 1413 2094 sit.-
1439 2058 1498 2094 De
1517 2057 1636 2106 lapide
1655 2056 1803 2095 Aethio-

1155 2115 1236 2166 pico
1258 2115 1329 2150 vid.
1350 2113 1404 2159 ll,
1427 2116 1505 2154 127
1524 2118 1559 2150 et
1582 2113 1671 2154 134.

1214 2168 1237 2208 ὁ
1266 2168 1336 2220 μὲν
1364 2168 1482 2207 ἔνθεν
1503 2197 1514 2215 ,
1554 2166 1573 2208 ὅ
1607 2164 1648 2206 δ’
1686 2167 1805 2208 ἔνθεν

1156 2228 1230 2265 τοῦ
1249 2221 1444 2278 μεγάρου]
1475 2225 1530 2261 Ex
1550 2225 1675 2262 Vallae
1696 2226 1805 2262 inter-

1155 2283 1357 2333 pretatione
1370 2282 1549 2329 („magno
1568 2281 1617 2317 illi
1629 2282 1805 2319 adsisten-

1155 2340 1266 2385 tes“)
1308 2338 1490 2374 Schaeser.
1524 2350 1590 2387 pro
1620 2333 1804 2388 μεγάρου,

1156 2396 1254 2444 quod
1286 2395 1322 2430 in
1350 2394 1513 2430 omnibus
1541 2393 1637 2430 libris
1657 2407 1803 2443 compa-

1155 2455 1234 2498 ret,
1268 2451 1382 2488 edidit
1402 2444 1594 2500 μεγάλου,
1622 2450 1802 2499 probante

1155 2519 1290 2557 nuper,
1320 2519 1399 2543 cum
1418 2505 1543 2553 reliqui
1567 2506 1725 2542 editores
1746 2519 1803 2543 re-

1156 2563 1343 2609 iecissent,
1370 2561 1553 2599 Letronne
1581 2562 1617 2597 in
1646 2563 1749 2598 mem.
1771 2575 1800 2598 s.

1154 2619 1187 2656 le
1215 2619 1383 2655 tombeau
1403 2618 1638 2666 d’Osymand.
1667 2617 1801 2665 (Paris.

1159 2676 1286 2722 1822)
1304 2686 1388 2723 pag.
1409 2676 1434 2714 7
1447 2701 1458 2719 ‚
1488 2674 1547 2710 ubi
1564 2674 1598 2710 h.
1612 2673 1633 2709 l.
1653 2674 1705 2711 ita
1723 2687 1804 2711 ver-

1155 2732 1217 2767 tit:
1261 2743 1354 2777 „sur
1385 2729 1419 2766 la
1445 2730 1561 2766 meme
1595 2730 1683 2767 base
1719 2733 1803 2766 sont

1154 2788 1248 2823 deux
1263 2786 1419 2822 colosses
1442 2786 1598 2823 debout.
1610 2814 1618 2821 .
1631 2813 1639 2821 .
1651 2813 1659 2821 .
1682 2785 1800 2835 places

1155 2844 1201 2881 de
1228 2843 1359 2893 chaque
1388 2842 1465 2878 εόίέ
1497 2841 1545 2879 du
1578 2840 1694 2890 grand
1720 2842 1801 2889 (co-
