1909 3228
436 204 521 244 718
838 203 875 240 H
905 203 937 240 E
972 203 1007 241 R
1038 204 1073 241 O
1105 203 1139 241 D
1170 204 1204 242 Ο
1236 204 1272 242 T
1305 205 1318 241 l

437 327 578 356 νεται·
645 312 864 354 Φοινίκων
901 309 1052 354 ὁκόσοι
1088 314 1141 368 τῇ
1180 310 1349 355 Ἑλλάδι
1388 313 1696 370 ἐπιμίσγονται,

439 390 585 434 οὐκέτι
621 392 882 446 Αἰγυπτίους
911 391 1136 446 μιμέονται
1165 390 1273 434 κατὰ
1302 390 1354 434 τοὶ
1386 395 1551 445 αἰδοῖα,
1591 392 1700 437 ἀλλὰ

277 478 376 522 105
435 475 522 513 τῶν
551 471 863 526 ἐπιγινομένων
894 467 947 514 οὐ
977 468 1289 524 περιτάμνουσι
1318 470 1370 513 τὰ
1401 473 1556 515 αἰδοῖα.
1590 472 1698 527 Φέρε
1711 478 1755 514 45

106 541 207 569 much?
234 544 264 569 et
283 543 378 576 Aeg)-

105 577 158 610 ptii
186 576 243 602 lino
279 576 379 602 elabo-

104 609 217 642 r,‚1ud0
229 609 342 641 emita,
353 613 382 636 ct

104 644 204 677 lingua
225 643 347 670 similes.

438 566 518 592 νυν
547 551 619 593 καὶ
649 548 754 593 ἄλλο
786 552 888 593 εἴπω
917 550 1015 603 περὶ
1043 553 1131 592 τῶν
1158 548 1364 605 Κόλχων,
1402 549 1461 600 ὠς
1491 552 1699 606 Αἰγυπτί-

411 636 532 671 Ξοισι
573 630 838 685 προσφερέες
875 631 966 673 εἰσί.
1029 630 1154 672 λίνον
1187 633 1346 684 μοῦνοι
1385 624 1508 672 οὗτοί
1546 646 1590 672 τε
1629 630 1702 673 καὶ

436 707 670 763 Αἰγύπτιοι
700 708 956 764 ἐργάζονται
984 707 1094 752 κατὰ
1124 708 1176 751 τὰ
1206 707 1336 752 αὐτά·
1367 709 1440 752 καὶ
1471 707 1496 764 ἡ
1522 706 1596 764 ζόη
1615 712 1699 750 πᾶ-

407 793 494 829 Βσα
524 787 595 830 καὶ
623 785 649 843 ἡ
679 792 852 843 γλῶσσα
881 787 1068 845 ἐμφερής
1099 788 1187 831 ἐστι
1217 785 1451 843 ἀλλήλοισι.
1499 789 1622 830 λίνον
1654 787 1700 830 δὲ

435 866 485 908 τὸ
514 867 592 921 μὲν
615 867 848 922 Κολχικὸν,
880 867 967 911 ὑπὸ
995 866 1210 923 Ἑλλήνων
1235 865 1518 922 Σαρδονικὸν
1548 866 1699 922 κέκλη-
1711 874 1756 907 50

435 961 528 988 ται·
557 944 606 988 τό
637 945 786 1001 μέντοι
816 945 895 990 ἄπ’
924 945 1152 1002 Αἰγύπτου
1181 945 1521 1002 ἀπικνεύμενον,
1552 947 1698 989 καλέε-

380 1165 543 1212 gentium
567 1166 749 1214 pertinet3
787 1166 858 1203 vid.
886 1166 922 1214 l,
956 1166 1034 1207 185

379 1221 441 1257 fin.
464 1221 550 1270 ibiq.
572 1226 647 1259 not.

439 1305 641 1344 Φοινίκων
656 1302 794 1345 ὁκόσοι
813 1322 859 1360 τη
878 1301 1037 1345 Ελλαδι

379 1359 680 1413 ἕπιμίσγοιται]
712 1363 801 1399 Post
835 1364 1036 1401 Φοιιίκων

381 1423 656 1467 exspectaveras
678 1420 960 1470 particula111;‹
952 1435 986 1471 ρ
1007 1434 1035 1456 s.

381 1471 446 1521 δὲ,
467 1475 522 1511 hic
534 1480 680 1524 praeter
694 1488 830 1512 morem
852 1477 1035 1512 omissam.

380 1529 534 1567 Notavit
578 1530 755 1569 Matthiae
797 1532 863 1569 Gr.
904 1533 1034 1569 Graec.

380 1599 466 1637 pag.
489 1586 609 1628 1294.

600 1699 631 1736 C
647 1712 715 1749 ap.
747 1700 825 1737 CV.

439 1782 551 1822 λίνον
565 1784 710 1833 μοῦνοι
725 1777 837 1822 οὗτοί
848 1798 885 1822 τε
896 1798 930 1821 κ.
943 1798 974 1821 τ.
987 1781 1036 1833 λ.]

381 1839 489 1876 Conf.
515 1853 623 1889 supra
644 1840 697 1885 ll,
718 1839 784 1880 35.
816 1839 938 1888 Atque
958 1840 993 1876 h.
1014 1840 1036 1876 l.

379 1896 493 1934 λίνον
519 1909 600 1933 esse
619 1895 762 1931 linteum
781 1896 1034 1943 (Leinwand),

380 1965 502 2001 neque
526 1954 725 2001 gossypc'mn
747 1953 1035 1998 (Baumwollen-

381 2010 515 2057 Ζευς),
545 2013 643 2046 reete
672 2009 869 2046 admonere
892 2009 1034 2045 ridetur

379 2065 539 2102 Heeren.
563 2065 674 2101 ldeen
694 2069 762 2102 etc.
788 2065 873 2112 11‚2
889 2067 1030 2115 p.383.

378 2121 438 2158 De
462 2121 533 2157 lino
557 2120 716 2158 Colchico
736 2121 834 2158 locus
855 2126 910 2158 est
931 2122 1034 2158 Stra-

382 2178 486 2214 bonis
510 2178 582 2224 Xl,
609 2181 634 2219 2
664 2191 700 2226 p.
726 2177 807 2219 498
828 2192 855 2214 s,
879 2180 983 2225 762,
1001 2177 1033 2214 A

383 2234 438 2283 (p.
462 2234 543 2275 409
564 2233 772 2282 Tauchn.)‚
803 2235 863 2271 ubi
890 2238 1037 2284 praeter

382 2290 451 2327 alia
468 2290 526 2339 leb
514 2294 640 2326 untur
651 2291 757 2327 haec
774 2306 798 2340 η
818 2289 859 2329 ὸὲ
878 2293 1034 2359 λινουρ-

381 2347 449 2398 γία
467 2346 534 2385 καὶ
557 2341 838 2412 τεθρύλληται·
871 2362 938 2385 και
958 2344 1033 2399 γτὶρ

383 2403 439 2449 εἰς
459 2418 551 2448 τους
572 2401 643 2450 εξω
673 2398 824 2448 τόπους
851 2401 1033 2454 επεκόμι-

382 2461 468 2506 ζον·
485 2459 553 2498 καί
575 2474 678 2505 τινες
697 2456 935 2509 βουλόμενοι
947 2472 1035 2510 συγ-

381 2512 540 2568 γένειαν
552 2530 640 2554 τινα
659 2519 741 2561 τοῖς
754 2512 923 2566 Κολχοις
933 2531 1033 2568 προς

381 2587 475 2618 τους
510 2571 756 2636 Αἰγυπτίους
791 2571 1032 2622 ἐμφανίζειν,

384 2624 460 2666 α’πό
488 2624 640 2667 τούτων
665 2630 911 2667 πιστοῦνται.
969 2628 1034 2666 At-

383 2696 453 2732 que
485 2685 677 2721 etiamnum
707 2684 769 2721 lini
796 2689 832 2722 et
861 2699 962 2722 canu
967 2686 1032 2722 tbls

383 2740 638 2777 feracissimam
662 2754 742 2779 esse
765 2741 949 2790 regionem
979 2742 1033 2778 in-

383 2795 508 2844 telligo
543 2810 586 2834 ex
616 2797 749 2834 Ritteri
780 2797 972 2835 Erdkund.
1001 2798 1036 2835 II

385 2864 471 2902 pag.
490 2853 584 2894 916.
643 2853 716 2897 Qui
749 2854 846 2891 idem
874 2854 1036 2892 Ritterus

1104 1165 1295 1213 (Vorhalle
1307 1169 1373 1203 etc.
1392 1179 1429 1216 p.
1449 1164 1502 1206 45
1515 1163 1652 1213 —48)
1663 1164 1758 1202 hunc

1103 1222 1286 1259 Herodoti
1313 1222 1429 1258 locum
1460 1222 1645 1270 attingens
1665 1252 1675 1269 ,
1714 1235 1757 1259 ex

1104 1278 1204 1315 lintei
1238 1278 1475 1315 fabricatione
1508 1278 1557 1314 nil
1595 1278 1758 1314 concludi

1104 1349 1214 1386 posse.
1235 1339 1357 1372 censet
1377 1335 1424 1371 ad
1445 1335 1672 1384 probandam
1685 1334 1758 1372 Ae-

1105 1393 1269 1441 gyptiam
1322 1391 1540 1427 Colchorum
1593 1391 1758 1440 stirpem,

1105 1449 1278 1497 quoniam
1301 1460 1366 1497 per
1400 1448 1604 1484 universam
1634 1447 1756 1483 Asiam

1105 1505 1192 1541 iude
1213 1505 1257 1540 ab
1281 1503 1529 1552 antiquissimo
1553 1516 1641 1540 aevo
1669 1503 1757 1540 haec

1106 1573 1163 1597 ars
1186 1560 1356 1596 floruerit.
1415 1560 1543 1608 ltaque
1568 1572 1647 1597 eam
1672 1560 1757 1595 facit

1106 1617 1371 1653 coniecturam:
1425 1616 1566 1652 Indiam
1603 1617 1756 1652 sortasse

1106 1686 1173 1722 pro
1200 1673 1390 1708 linteorum
1422 1672 1540 1722 putri&
1578 1685 1658 1709 esse
1693 1672 1757 1708 ha-

1106 1729 1282 1773 bendam3
1312 1729 1361 1764 ita
1392 1732 1432 1764 ut
1458 1728 1638 1764 Herodoti
1666 1727 1758 1763 Sar-

1106 1784 1229 1820 (Ιωιίωι
1246 1784 1333 1827 (sie)
1356 1788 1392 1819 et
1412 1796 1650 1831 synonymum
1672 1782 1759 1820 Sin-

1105 1840 1172 1876 don
1194 1839 1382 1888 (Hesych.
1402 1840 1434 1876 ll
1453 1852 1539 1890 pag.
1563 1841 1689 1887 1189)
1709 1840 1758 1876 ad

1105 1901 1239 1933 terram
1258 1895 1430 1943 Serleae'nd,
1461 1895 1554 1932 Sc'nd
1582 1897 1758 1933 referatur

1103 1952 1286 2002 linteaque
1311 1953 1434 1990 Indica
1459 1952 1681 2001 (Indietme)
1711 1952 1757 1989 si-

1102 2010 1331 2058 gnificentur.

1156 2063 1238 2104 ὑπό
1274 2061 1473 2115 Ἑλλήνων
1510 2061 1757 2116 Σαρδονικὸν

1100 2121 1305 2173 κέκληται]
1369 2121 1457 2160 Νοη
1492 2122 1632 2158 variant
1662 2121 1755 2168 libri,

1102 2179 1170 2216 nisi
1218 2180 1318 2228 quod
1366 2178 1526 2215 nonnulli
1584 2177 1754 2214 exhibent

1103 2233 1387 2286 Σαρδωνικὸν.
1429 2234 1523 2270 Cum
1542 2246 1628 2270 vero
1651 2236 1754 2284 Σαρ-

1105 2288 1263 2331 δονικόν
1286 2292 1333 2328 ad
1360 2290 1513 2327 insulam
1537 2289 1755 2336 Sardiniam,

1103 2361 1210 2398 quam
1238 2360 1407 2385 vocamus
1428 2375 1438 2393 ,
1468 2347 1678 2396 pertineat,
1708 2346 1754 2383 ab

1102 2405 1171 2442 hoc
1190 2404 1268 2441 loco
1288 2404 1440 2441 maxime
1462 2403 1628 2448 alienam,
1646 2415 1756 2452 prae-

1103 2465 1219 2498 staret
1236 2462 1361 2509 utique
1383 2473 1463 2497 cum
1472 2458 1657 2497 Larehero
1668 2458 1754 2495 scri-

1102 2518 1188 2554 bere
1216 2512 1447 2567 Σαρὸιηνόν
1464 2546 1474 2564 ,
1515 2515 1616 2562 nisi,
1655 2515 1753 2563 quod

1100 2578 1223 2611 monet
1253 2572 1478 2620 Schweigh.‚
1518 2571 1587 2622 ipsi
1621 2571 1753 2608 Graeci

1102 2631 1175 2666 (luo
1193 2630 1340 2666 nomina
1359 2627 1536 2677 gentilitia
1553 2627 1749 2677 Σαρδονι-

1101 2683 1189 2732 κὸς,
1229 2686 1329 2734 quod
1352 2686 1399 2722 ad
1423 2683 1628 2722 Sardiniam
1655 2683 1753 2720 insu-

1104 2742 1176 2779 lam
1198 2743 1380 2792 pertinet,
1411 2747 1446 2779 et
1471 2736 1696 2791 Σαρδιανός
1723 2754 1750 2776 s.

1104 2795 1387 2849 Σαρδιανικὸς,
1417 2798 1518 2847 quod
1537 2797 1584 2833 ad
1606 2795 1750 2842 Sardes,

1105 2854 1213 2892 Asiae
1232 2855 1380 2892 minoris
1407 2854 1531 2892 urbem
1546 2882 1557 2900 ,
1597 2855 1748 2902 spectat,
