1909 3228
447 167 534 207 814
849 165 1328 205 HERODOTI

445 273 684 326 τοσούτους
713 274 846 324 ὅσους
875 289 953 328 περ
986 271 1134 317 εἶπον·
1189 271 1391 329 ἆρχιρεύς
1419 275 1499 330 γὰρ
1529 276 1708 327 ἕκαστος

447 351 606 397 αὐτόθι
635 355 804 396 ἵσταται
833 352 902 396 ἐπὶ
930 355 1005 408 τῆς
1035 352 1202 395 έωυτοῦ
1232 352 1328 409 ζόης
1360 352 1506 397 εἰκόνα
1527 355 1705 399 ἑωυτοῦ.

417 431 736 486 3ἅριθμέοντες
757 426 842 480 οἶν,
873 432 947 476 καὶ
977 430 1221 482 δεικνύντες
1251 434 1294 475 οἱ
1323 433 1432 486 ἱρέες
1453 433 1568 488 ἐμοὶ,
1598 435 1704 477 ἀπε-

447 513 679 554 δείκνυσαν
708 513 842 554 παῖδα
870 510 1033 566 πατρὸς
1062 509 1238 553 ἑωυτῶν
1266 510 1448 554 ἕκαστον
1477 511 1627 565 ἐόντα,
1655 513 1702 556 ἐκ
1748 514 1828 556 174

445 594 525 632 τοῦ
582 588 759 645 ἄγχιστα
810 588 1118 640 ἀποθανόντος
1156 594 1233 646 τῆς
1274 590 1443 642 εἰκόνος
1483 591 1763 643 διεξιόντες40

417 668 524 712 4διοὶ
545 669 742 721 πασέων,
775 668 855 720 ἕως
886 664 942 712 οὗ
971 667 1183 720 ἀπέδεξαν
1212 669 1383 721 ἁπάσας
1409 669 1555 721 αὐτάς.
1583 669 1707 714 Ἑκα-

445 749 552 804 ταίῳ
584 748 630 791 δὲ
660 747 1017 804 γενεηλογήσαντι
1047 747 1235 801 ἑωυτόν,
1265 750 1337 792 καὶ
1365 747 1630 806 ἀναδήσαντι
1661 749 1706 801 ές

443 825 752 870 ἑκκαιδέκατον
780 825 912 879 θεὸν,
963 825 1378 884 ἀντεγενεηλόγησαν
1415 828 1483 871 ἐπὶ
1521 832 1574 885 τῇ
1603 828 1700 883 ἄρι-

445 903 625 961 θμήσει,
673 903 727 948 οὐ
758 904 984 962 δεκόμενοι
1026 905 1124 960 παρ’
1159 906 1296 951 αὐτοῦ
1334 906 1418 951 ἀπό
1452 911 1561 951 θεοῦ
1589 907 1707 963 γενέ-

415 989 555 1028 5σθαι
578 982 834 1038 ἄνθρωπον.
865 983 1284 1042 ἀντεγενεηλόγησαν
1308 986 1353 1029 δὲ
1377 981 1483 1039 ὦδε,
1515 985 1704 1042 φάμενοι

444 1062 629 1106 ἕκαστον
668 1067 758 1107 τῶν
796 1068 1024 1108 κολοσσῶν
1054 1066 1259 1121 Πίρωμιν
1296 1066 1343 1109 ἐκ
1384 1064 1608 1120 Πιρώμιος
1636 1067 1763 1120 γε-45

444 1139 624 1197 γονέναι
635 1157 645 1167 ·

706 1142 749 1193 ἐς
789 1141 815 1186 ὃ
853 1142 958 1195 τούς
997 1143 1121 1187 πέντε
1164 1144 1237 1187 καὶ
1282 1143 1596 1198 τεσσεράκοντα
1634 1144 1707 1187 καὶ

443 1221 724 1277 τριηκοσίους
756 1220 964 1275 ἀπέδεξαν
992 1222 1234 1273 κολοσσοὺς
1256 1224 1457 1278 Πίρωμιν
1487 1223 1533 1266 ἐκ
1558 1221 1706 1278 Πιρώ-

443 1316 544 1356 μιος
571 1299 810 1357 γενόμενον
829 1334 841 1355 ,
883 1302 957 1346 καὶ
987 1301 1089 1347 οὔτε
1119 1301 1162 1354 ἐς
1189 1300 1294 1346 θεὸν
1314 1335 1328 1356 ,
1378 1301 1480 1346 οὔτε
1509 1303 1552 1355 ἐς
1581 1301 1704 1359 ἥρωα

387 1521 584 1560 collocasse
630 1521 667 1558 in
712 1520 804 1558 atrio
860 1518 1041 1558 sublustri.

387 1578 605 1626 obloquitur
624 1576 750 1614 Gallus
778 1577 956 1627 interpres
984 1590 1042 1615 re-

387 1634 549 1680 centior,
579 1634 615 1670 in
636 1634 714 1683 ipsa
733 1632 936 1670 colossorum
953 1647 1042 1671 voce

386 1690 562 1737 haerens,
598 1702 678 1726 cum
705 1689 887 1726 Herodoti
917 1690 1040 1736 verba,

387 1746 508 1795 qualia
527 1758 621 1782 nunc
641 1744 823 1793 leguntur,
851 1745 909 1781 vix
931 1745 1042 1782 talem

385 1801 721 1852 interpretationem
739 1801 947 1837 admittant.

443 1856 607 1904 ἕκαστος
631 1850 781 1896 αὐτόθι
807 1856 987 1895 ἵστατα
1000 1855 1040 1907 ι]

385 1913 540 1954 ἵσταται
562 1913 726 1964 plerique
744 1913 826 1951 libri
845 1917 883 1950 et
898 1914 1040 1963 optimi.

385 1969 456 2008 Alii
498 1969 588 2024 ἱστᾷ
619 1970 731 2007 verbo
761 1970 878 2007 activo
891 1998 902 2016 ‚
942 1969 1043 2019 quod

385 2027 586 2065 invenimus
605 2026 654 2073 ΙΙ,
673 2028 738 2068 86.
761 2025 824 2073 IV,
848 2027 927 2067 103
947 2026 1045 2063 aliis-

386 2097 459 2134 que
481 2084 519 2120 in
538 2083 646 2130 locis,
676 2095 768 2132 quos
783 2082 921 2119 indicat
935 2083 1044 2120 Wes-

388 2140 574 2189 selingius.
633 2139 816 2183 Quoniam
844 2151 930 2175 vero
956 2139 990 2175 h.
1018 2138 1042 2176 l.

386 2196 507 2245 agitur
526 2196 575 2233 de
594 2198 724 2243 statua,
735 2207 843 2245 quam
860 2195 1037 2245 sibiqais-

387 2265 452 2303 que
469 2253 570 2302 ponit
585 2251 821 2302 ponendamve
839 2256 954 2299 curat,
981 2265 1040 2289 sa-

386 2310 432 2346 tis
473 2308 616 2346 videtur
655 2312 754 2346 tutus
790 2308 899 2346 medii
938 2308 1039 2346 verbi

386 2378 486 2402 usus.

444 2416 653 2468 διεξιόντες
672 2417 739 2460 δια
761 2417 932 2470 πασέων]
953 2419 1036 2457 Imi-

386 2480 485 2514 tatus
504 2482 559 2515 est
588 2477 681 2514 hanc
703 2477 920 2514 locutionem
941 2476 1038 2514 Pau-

387 2534 508 2570 sanias
540 2534 614 2580 IX,
647 2537 698 2575 27
730 2531 766 2584 §.
793 2533 842 2580 5,
871 2533 933 2570 ubi
963 2534 1037 2570 vid.

386 2589 522 2627 Siebel.
580 2590 639 2627 De
665 2590 746 2640 ipso
771 2590 882 2627 verbo
901 2588 1040 2637 διεξιέ-

387 2659 456 2683 ναι
474 2647 568 2683 conf.
594 2645 630 2693 I,
657 2648 735 2687 196
755 2647 840 2695 ibiq.
861 2650 937 2683 not.
979 2645 1038 2683 Ad

388 2699 547 2740 πασέων
584 2701 700 2752 suppl.
739 2705 818 2741 τῶν
854 2697 1037 2741 εἰκόνων.

388 2756 446 2794 Ad
467 2770 568 2806 seqq.
583 2757 654 2804 ἕως
674 2752 723 2797 οὗ
737 2754 931 2806 ἀπέδεξαν
941 2761 1036 2797 conf.

388 2811 567 2851 Matthiae
598 2814 662 2850 Gr.
697 2815 762 2852 Gr.
796 2827 882 2866 pag.
916 2818 1035 2857 1009.

1111 1522 1229 1558 Struv.
1269 1534 1365 1572 spec.
1407 1526 1548 1571 quaest.
1588 1521 1634 1559 de
1674 1519 1758 1558 dial.

1109 1578 1248 1615 Herod.
1274 1590 1358 1627 pag.
1383 1577 1446 1618 43.
1480 1578 1534 1618 44
1565 1579 1594 1614 si
1622 1578 1761 1624 audias,

1109 1635 1334 1671 scribendum
1353 1635 1419 1672 erit
1439 1633 1478 1681 ἐς
1500 1631 1522 1673 ὃ
1534 1665 1544 1681 ,
1576 1635 1675 1683 quod
1695 1646 1761 1683 per

1107 1689 1270 1726 librarios
1289 1690 1432 1739 saepius
1464 1691 1761 1726 transformatum

1110 1745 1147 1780 in
1167 1744 1207 1791 ἐς
1229 1740 1277 1783 οὗ
1307 1746 1456 1782 tandem
1488 1746 1597 1783 etiam
1629 1746 1666 1782 in
1689 1744 1762 1792 ἕως

1111 1795 1161 1840 οὗ
1184 1801 1323 1838 abierit.

1165 1855 1233 1895 καὶ
1250 1852 1497 1909 οἷναδήσαντι
1521 1857 1560 1905 ἒς
1577 1879 1632 1887 -
1649 1855 1760 1910 θεὸν]

1109 1911 1239 1952 Monet
1251 1913 1423 1952 Valcken.
1436 1910 1635 1966 οἷναδῆσαι
1646 1914 1760 1963 (ἒωυ-

1110 1966 1201 2019 τὸν)
1228 1969 1268 2017 ἐς
1286 1968 1387 2010 θεόν
1414 1972 1511 2009 idem
1542 1985 1622 2010 esse
1648 1977 1761 2022 atque

1110 2023 1155 2066 τό
1191 2025 1304 2078 γένος
1336 2027 1392 2074 εἰς
1421 2025 1522 2066 θεόν
1543 2023 1759 2078 οἷναφέρειν

1110 2084 1153 2132 (i.
1176 2097 1208 2121 e.
1227 2085 1411 2133 originem,
1440 2086 1580 2134 stirpem
1602 2084 1759 2121 addeum

1109 2140 1236 2190 referre
1261 2154 1288 2177 s.
1322 2154 1346 2178 a
1375 2140 1436 2177 deo
1466 2142 1654 2190 repetere),
1683 2141 1759 2178 sive

1106 2197 1238 2244 etiam,
1271 2198 1404 2234 omissa
1421 2210 1509 2235 voce
1529 2195 1654 2250 γένος,
1667 2192 1759 2236 οἴνα-

1108 2251 1246 2303 φέρειν
1265 2252 1320 2300 εἰς
1342 2248 1456 2291 θεόν.
1494 2254 1565 2291 Cui
1593 2254 1758 2304 proxime

1106 2309 1278 2347 accedere
1305 2310 1355 2347 ait
1384 2304 1544 2359 ἀνάψαι
1574 2307 1617 2349 τὸ
1643 2307 1758 2362 γένος

1108 2365 1164 2412 εἰς
1174 2365 1252 2404 Δία
1270 2366 1308 2403 in
1326 2365 1535 2404 Philostrat.
1557 2367 1620 2406 vit.
1638 2366 1756 2418 Apoll.

1101 2421 1141 2470 I,
1168 2421 1209 2462 4.

1162 2478 1347 2529 Πίρωμιν
1360 2476 1402 2517 ἐκ
1418 2473 1625 2529 Πιρώμιος
1645 2474 1753 2530 γενό-

1105 2549 1226 2585 μενον
1243 2549 1277 2573 κ.
1295 2549 1326 2572 τ.
1345 2533 1393 2585 λ.]
1417 2535 1475 2572 De
1495 2535 1562 2572 hoc
1579 2535 1656 2572 loco
1678 2548 1756 2572 mo-

1106 2592 1186 2628 nuit
1216 2591 1386 2628 Creuzer.
1424 2604 1550 2628 comm.
1591 2591 1753 2629 Herodd.

1106 2660 1191 2697 pag.
1213 2649 1313 2688 203:
1352 2647 1500 2693 „Quod
1528 2647 1754 2684 lablonskius

1104 2702 1290 2754 (prolegg.
1312 2705 1358 2740 ad
1379 2703 1508 2740 Panth.
1526 2717 1562 2754 p.
1580 2704 1635 2744 38
1653 2704 1754 2740 item-

1104 2773 1175 2809 que
1200 2759 1237 2796 in
1260 2773 1357 2797 voce.
1379 2759 1495 2808 Aegg.
1517 2773 1552 2810 p.
1566 2760 1666 2806 204)
1686 2757 1754 2795 Ρί-

1103 2817 1208 2853 remei·
1223 2816 1245 2852 i.
1259 2829 1289 2854 e.
1302 2815 1496 2866 facientem
1517 2814 1607 2866 quod
1623 2817 1752 2852 iustum

1896 0 1906 143 Ι

1899 145 1906 364 l

1902 476 1909 709 ’ᾗ
