1909 3228
550 227 973 268 EUTERPE.
1024 230 1071 268 11.

1345 233 1426 274 641

168 353 246 388 τας
275 336 322 381 δὲ
352 335 567 394 μεγάλους
595 337 668 381 καὶ
697 336 1028 393 χαυλιόδοντας,
1059 337 1170 381 κατὰ
1196 335 1329 393 λόγον
1347 342 1429 382 τοῦ

138 415 384 471 ὅσώματος.
441 420 644 473 γλῶσσαν
679 417 725 460 δὲ
763 420 934 473 μοῦνον
961 419 1132 474 θηρίων
1157 415 1240 461 οὐκ
1268 417 1426 472 ἔφυσε·

171 492 276 539 οὐδὲ
305 495 384 552 τὴν
408 495 525 540 κάτω
556 496 686 540 κινέει
715 494 907 553 γνάθον,
938 495 1044 540 ἀλλὰ
1067 496 1140 540 καὶ
1163 499 1294 540 τοῦτο
1315 499 1426 553 μοῦ-

110 679 219 718 liores
241 680 318 718 illos
336 695 416 719 esse
438 680 520 718 olim
541 681 665 718 statuit
688 681 762 718 Ca-

111 750 189 774 mus
211 738 379 787 idemque
398 751 493 775 nunc
506 738 629 774 statuit
640 738 762 775 Minu-

110 794 173 830 toli
193 793 214 830 l.
239 794 260 830 l.
283 807 367 843 pag.
389 797 466 835 160
488 794 565 831 coll.
583 794 762 844 Ge'offroy

108 862 194 900 pag.
216 852 309 890 379.
358 850 419 886 Tu
441 851 510 887 vid.
534 851 760 900 potissmium

108 906 319 943 Schneider.
335 906 356 943 l.
376 906 397 943 l.
426 919 511 957 pag.
533 908 586 947 23
617 912 653 944 et
674 907 764 945 'sie-

109 962 277 999 demann.
304 962 327 999 l.
351 962 373 999 l.
404 976 490 1012 pag.
509 965 574 1004 28.

165 1014 330 1065 ὀδόντας
380 1016 423 1057 δὲ
461 1015 655 1071 μεγάλους
693 1018 762 1058 καὶ

105 1070 421 1125 χαυλιόδοντας]
484 1073 761 1126 χαυλιόδοντες

105 1136 189 1168 sunt
230 1132 346 1168 (lentes
374 1135 521 1179 ‹ea-serti,
569 1132 626 1169 cles
660 1133 759 1170 ‹leuts

105 1188 290 1235 saillants,
331 1193 370 1225 ut
407 1189 516 1225 xertit
542 1188 760 1237 Larcherus,

104 1243 259 1281 Diodori
286 1246 487 1282 admonens
515 1245 550 1292 I,
573 1247 626 1286 35
654 1252 689 1283 et
709 1247 759 1283 lo.

103 1299 256 1338 Diacon.
288 1301 397 1338 schol.
426 1302 462 1338 in
492 1307 580 1338 scut.
606 1302 759 1340 Hesiod.

104 1369 156 1394 vs.
181 1359 286 1403 303,
317 1358 379 1406 qui
410 1359 558 1408 exponit
588 1353 759 1404 ὀδόντας

103 1409 358 1463 ἐξεστηκότος
376 1416 449 1452 τοῦ
477 1409 678 1463 στόματος.
703 1436 752 1442 —-

102 1470 143 1507 In
159 1471 237 1520 ipsa
254 1482 294 1506 re
310 1482 416 1506 nemo
430 1498 439 1516 ,
469 1470 530 1518 qui
551 1470 660 1507 oculis
682 1472 754 1509 suis

102 1527 182 1577 ipse
198 1527 393 1576 inspexerit
413 1526 643 1574 crocodilum,
674 1527 753 1564 He-

101 1583 272 1619 rodotum
299 1583 429 1620 erroris
454 1587 595 1631 arguet.
654 1583 752 1621 Nam

102 1639 230 1676 dentes
251 1638 431 1676 crocodilo
462 1644 545 1676 sunt
569 1640 691 1689 magni
715 1644 752 1677 et

101 1695 139 1732 in
175 1694 319 1733 maxilla
361 1695 549 1745 superiore
587 1696 752 1746 plerique

100 1752 152 1789 ita
183 1751 336 1797 exserti,
365 1757 405 1788 ut
434 1752 542 1789 etiam
568 1765 631 1789 ore
652 1753 751 1790 clau-

102 1821 166 1854 so,
196 1821 276 1844 cum
299 1806 394 1843 labia
425 1820 498 1844 non
526 1808 667 1855 adsint,
696 1810 753 1845 so-

102 1865 150 1900 ris
168 1867 374 1913 spectentur
398 1876 417 1899 e
428 1865 612 1913 superiore
624 1864 752 1901 maxil-

100 1919 136 1957 la
155 1920 323 1957 deorsum
343 1921 600 1969 prominentes.
650 1921 754 1957 Haec

101 1980 138 2014 et
157 1975 260 2025 plura
287 1975 527 2012 Schneiderus
547 1976 569 2012 l.
589 1976 612 2013 l.
644 1990 679 2026 p.
697 1976 752 2017 34

101 2031 180 2070 coll.
207 2031 449 2070 'siedemann
478 2045 562 2082 pag.
583 2034 636 2074 39
660 2046 752 2081 seq.,

100 2101 173 2138 quo
212 2093 370 2137 utroque
400 2088 480 2125 loco
508 2088 611 2139 plura
642 2090 751 2126 etiam

98 2145 258 2182 invenies
275 2145 322 2181 de
340 2145 503 2182 dentium
524 2158 673 2183 numero
697 2150 751 2182 at-

98 2214 169 2251 que
185 2202 289 2239 serie.

155 2259 336 2310 γλῶσσαν
370 2252 412 2296 δὲ
446 2259 599 2308 μοῦνον
626 2257 751 2308 θηρί-

100 2329 156 2353 ων
177 2309 250 2353 οὔκ
271 2311 415 2364 ἔφυσε]
445 2327 493 2351 sc.
513 2310 750 2365 όκροκόδει-

98 2373 184 2418 λος,·
213 2384 280 2406 ηοη
297 2372 441 2418 genuit,
457 2384 563 2407 unum
584 2383 627 2406 ex
638 2373 748 2407 omni-

98 2427 160 2462 bus
188 2426 401 2463 animalibus
418 2455 428 2473 ,
468 2427 538 2463 siba·
567 2427 748 2475 linguan&

99 2482 119 2517 i.
149 2494 180 2518 e.
211 2481 306 2518 haud
339 2486 479 2519 nactum
509 2486 559 2519 est
588 2483 748 2531 linguam

100 2549 205 2573 unum
247 2537 306 2573 hoc
345 2540 434 2574 inter
462 2542 576 2575 omnia
602 2539 746 2575 animal.

98 2613 154 2621 —-
178 2593 254 2630 Res
281 2594 359 2643 ipsa
395 2594 500 2631 valde
530 2596 746 2644 disceptata,

97 2650 310 2701 praesertim
337 2663 415 2686 cum
439 2650 651 2688 Aristoteles
671 2651 748 2687 alii-

98 2719 170 2754 que
203 2706 392 2755 scriptores
425 2706 513 2743 haec
549 2720 593 2744 ex
626 2707 748 2743 Hero-

98 2763 185 2798 doto
207 2761 436 2811 repetierint,
466 2775 532 2799 nec
557 2763 746 2799 recentiori

97 2822 217 2855 aetate
236 2818 440 2864 defuerint,
470 2819 532 2867 qui
553 2818 744 2855 Herodoto

94 2874 408 2925 patrocinarentur
434 2874 480 2911 ab
513 2873 591 2912 aliis
623 2874 746 2912 obtre-

146 2928 357 2968 Hnnono‘r.
388 2930 416 2968 Ι.

830 686 938 718 ctato.
984 680 1093 718 Nunc
1112 694 1196 719 vero
1217 695 1275 720 res
1299 681 1479 732 expedIta.

828 738 951 775 Habet
962 739 1086 787 utique
1098 739 1296 775 crocodilus
1306 738 1480 787 linguam,

816 797 868 830 'ut
910 795 1047 843 reliqua
1085 795 1272 841 animalia,
1318 795 1383 832 sed
1411 795 1479 832 sub

831 851 994 888 maxillae
1017 852 1193 888 inferioris
1220 864 1351 900 aspera
1372 850 1479 900 pelle,

831 908 933 956 quasi
958 907 1038 943 laxo
1067 907 1210 943 vinculo
1240 907 1479 958 comprehen-

830 976 927 1010 sam,
956 964 1005 1000 sic
1034 964 1323 1010 delitescentem,
1353 967 1393 1000 ut
1419 963 1479 1000 vix

827 1020 943 1070 primo
957 1020 1129 1069 adspectu
1150 1023 1370 1070 compareat,
1385 1019 1480 1056 mul-

827 1076 947 1125 tisque
984 1077 1068 1112 viris
1094 1089 1241 1125 prorsus
1272 1077 1401 1113 abesse
1422 1075 1478 1112 vi-

828 1133 984 1169 deretur.
1027 1132 1124 1169 Nam
1146 1131 1309 1170 maxillae
1329 1132 1479 1169 inferio-

827 1189 876 1225 ris
905 1189 1131 1225 interstitium
1170 1193 1285 1225 totum
1321 1191 1478 1238 occupat

829 1246 978 1294 eiusque
997 1245 1148 1293 margini
1161 1244 1323 1282 interiori
1334 1249 1370 1282 et
1383 1244 1478 1294 apici

827 1306 905 1338 tota
933 1306 990 1339 est
1020 1302 1148 1348 affixa,
1179 1301 1230 1338 uti
1258 1314 1321 1338 ore
1348 1304 1477 1350 aperto
1538 1314 1542 1318 ’

825 1362 1000 1407 apparet,
1029 1357 1178 1406 linguae
1206 1357 1341 1394 scilicet
1370 1357 1478 1393 mini-

824 1414 933 1450 sterio
954 1413 1154 1450 crocodilus
1172 1426 1263 1462 opus
1282 1412 1477 1449 nonhabet

823 1482 891 1505 nec
911 1470 958 1505 ad
978 1482 1106 1506 vocem
1138 1482 1204 1506 nec
1233 1470 1280 1505 ad
1300 1468 1476 1518 praedam

820 1526 1111 1562 convertendam.
1158 1525 1241 1561 Vid.
1260 1525 1473 1562 Schneider.

820 1581 843 1618 l.
864 1581 886 1618 l.
917 1594 1003 1632 pag.
1023 1581 1076 1622 43
1097 1594 1174 1630 seq.
1233 1581 1474 1618 Tiedemann.

820 1638 842 1676 l.
860 1638 882 1675 l.
919 1650 1005 1688 pag.
1024 1639 1078 1678 32
1106 1651 1185 1686 seq.
1241 1637 1474 1675 Herodotum

819 1708 905 1732 vero
929 1707 1099 1732 excusare
1128 1694 1279 1741 licebit,
1319 1694 1381 1743 qui
1410 1706 1475 1731 ex·

819 1755 959 1788 ternam
981 1751 1140 1801 speciem
1169 1750 1286 1800 magis
1315 1754 1473 1797 secutus,

819 1807 906 1843 talia
924 1820 997 1843 non
1015 1807 1127 1854 vidit,
1150 1819 1244 1855 quae
1265 1806 1321 1843 vel
1336 1806 1474 1843 doctis-

822 1863 930 1899 simos
960 1867 1107 1899 nostrae
1131 1864 1259 1900 aetatis
1285 1863 1379 1899 viros
1409 1861 1472 1898 diu

818 1919 1008 1965 latuerint,
1048 1932 1116 1956 nec
1148 1919 1217 1955 nisi
1255 1918 1470 1955 cadaverum

819 1975 1036 2012 sectionibus
1075 1975 1247 2011 institutis
1287 1975 1335 2010 ad
1364 1973 1471 2024 liqui-

819 2033 903 2068 dum
923 2031 1071 2080 perduci
1090 2031 1285 2080 potuerint.

877 2083 969 2126 ου’ὁὲ
985 2083 1058 2137 τήν
1085 2082 1192 2125 κάτω
1225 2083 1346 2124 κινέει
1373 2081 1469 2136 γνά-

819 2142 924 2194 θον]
954 2144 975 2180 ἱ.
1006 2157 1037 2180 e.
1067 2142 1264 2192 inferiorem
1286 2142 1470 2179 maxillam

818 2213 884 2236 non
913 2203 1033 2236 movet.
1091 2199 1195 2236 Haec
1226 2211 1373 2247 quoque
1396 2211 1468 2245 res,

819 2258 865 2293 ab
898 2254 1093 2293 Aristotele
1120 2255 1271 2304 aliisque
1298 2255 1467 2304 repetita,

819 2314 943 2349 nostra
970 2316 1088 2350 aetate
1106 2312 1212 2348 valde
1236 2311 1390 2348 exercuit
1416 2311 1468 2346 vi-

817 2383 876 2406 ros
895 2370 1041 2415 doctos,
1060 2369 1109 2404 ita
1131 2372 1170 2404 ut
1190 2368 1248 2404 vix
1268 2367 1467 2416 composita

816 2425 857 2462 lis
896 2439 975 2462 esse
1016 2424 1192 2461 videatur.
1258 2422 1319 2459 Tu
1344 2427 1467 2460 tamen

816 2482 909 2518 hanc
927 2486 1050 2518 teneas
1071 2479 1356 2529 disputationum
1368 2491 1467 2515 sum-

816 2551 933 2574 mam:
966 2536 1170 2573 inferiorem
1191 2534 1361 2572 crocodili
1387 2548 1465 2571 ma-

815 2594 955 2639 xillam,
993 2592 1061 2628 nisi
1098 2604 1247 2641 prorsus
1276 2590 1465 2628 immobilis

817 2651 883 2696 sit,
922 2655 994 2686 tam
1022 2649 1173 2685 obscure
1202 2647 1358 2693 moveri,
1399 2659 1466 2685 nec

814 2706 922 2756 plane
956 2705 1004 2741 ad
1043 2704 1178 2751 latera,
1219 2708 1258 2740 ut
1295 2703 1352 2739 vix
1377 2701 1465 2740 illud

814 2761 973 2811 conspici
1013 2760 1138 2810 possit.
1203 2759 1285 2796 Vid.
1313 2758 1466 2796 Schnei-

814 2819 889 2854 der.
913 2817 933 2853 l.
954 2817 974 2853 l.
996 2829 1081 2866 pag.
1102 2815 1155 2856 48
1177 2828 1279 2864 seqq.
1302 2819 1338 2852 et
1356 2827 1465 2864 prae-

812 2875 915 2924 cipue
937 2872 1177 2911 Tiedemann.
1207 2871 1228 2908 l.
1248 2871 1271 2909 l.
1299 2883 1385 2922 pag.
1406 2871 1463 2912 36
