1909 3228
498 237 583 276 246

908 230 1370 269 HERODOTI

472 350 585 387 3ναι.
639 341 870 398 Ἀσσυρίων
901 337 1125 395 ἀρχόντων
1147 343 1221 394 τῆς
1262 336 1350 381 ἅνω
1387 335 1527 394 Ἀσίης
1558 336 1620 381 ἐπ’
1651 337 1744 381 ἔτεα

501 423 634 466 εἴκοσι
658 422 732 464 καὶ
759 418 1041 470 πεντακόσια,
1098 420 1263 473 πρῶτοι
1301 414 1373 460 ἀπ’
1417 415 1560 460 αὐτῶν
1597 417 1746 471 Μῆδοι

446 642 524 666 cum
540 625 701 675 Astyage
717 625 941 663 coniunctum
960 624 1092 674 stirpe-

447 697 489 721 ve
517 682 617 730 regia
646 686 761 718 ortum
780 685 994 728 statuerem,
1023 680 1090 717 sed

445 752 511 791 pro
533 742 679 788 satrapa
695 741 756 774 aut
774 737 898 786 regulo
914 737 1010 773 illum
1029 736 1093 773 ha-

448 796 591 839 berem,
632 793 713 841 qui,
750 792 941 830 Persarum
972 793 1092 842 (quae

446 862 536 899 gens
556 848 676 886 Medis
703 853 780 885 tum
808 854 886 886 erat
914 848 1093 896 subiecta)

447 907 539 952 dux,
569 905 746 942 seditione
775 908 874 941 mota
901 905 937 942 in
966 904 1094 940 summi

448 962 544 1010 regis
583 960 775 997 Medorum
801 960 918 997 locum
951 964 1094 997 evectus

449 1018 572 1065 suerit,
610 1016 783 1065 Medique
815 1017 911 1065 regis
953 1028 1097 1053 omnem

449 1077 687 1124 potestatem,
717 1072 895 1121 insignia,
926 1071 1017 1120 alia,
1039 1084 1098 1109 as-

449 1129 639 1177 sumserit,
669 1132 723 1177 et,
763 1142 835 1177 quo
866 1128 992 1166 melius
1019 1129 1098 1178 ipse

449 1187 524 1222 iure
543 1185 701 1234 quodam
723 1184 883 1234 legitimo
907 1189 968 1221 aut
994 1184 1099 1222 here-

450 1241 580 1278 ditario
603 1241 741 1289 regiam
761 1244 979 1292 potestatem
998 1253 1100 1278 exer-

450 1309 533 1335 cere
555 1296 760 1344 videretur,
791 1295 984 1334 Medorum
1002 1297 1100 1345 regis

452 1353 562 1390 filiam
589 1353 627 1390 in
655 1353 918 1390 matrimonium
949 1353 1102 1390 duxerit.

451 1408 531 1446 Nec
560 1420 749 1458 repugno,
786 1409 818 1445 si
855 1409 935 1457 quis
964 1408 1101 1457 Cyrum

453 1463 582 1501 dixerit
598 1463 808 1501 satellitibus
828 1464 938 1513 regiis
958 1465 1102 1515 praefe-

455 1524 572 1566 ctum,
599 1519 662 1568 qui
680 1531 768 1568 rege
793 1519 937 1557 sublato
959 1519 1048 1571 ipse:
1065 1520 1102 1557 in

455 1576 533 1613 eius
564 1574 680 1612 locum
719 1577 950 1621 suceesserit3
997 1576 1103 1625 quale

454 1630 575 1668 multis
591 1634 677 1680 post
695 1631 800 1667 anuis
820 1631 856 1667 in
866 1631 1026 1668 Arabum
1047 1645 1105 1669 re-

455 1699 530 1735 gno
550 1699 572 1723 a
588 1686 624 1725 T
628 1687 720 1723 urcis
746 1687 879 1724 sactum
900 1701 982 1725 esse
1003 1700 1107 1726 acce·

456 1744 585 1793 pimuS.
623 1742 759 1780 Persae
776 1743 884 1791 igitur
906 1743 1018 1780 multo
1040 1757 1105 1781 an-

457 1803 515 1836 tea
538 1798 635 1835 idem
661 1798 790 1835 fecisse
818 1800 969 1848 putandi
989 1803 1107 1847 erunt,

457 1853 557 1903 quod
576 1857 661 1904 post
683 1854 845 1891 fecerunt
861 1853 896 1891 T
899 1867 1015 1892 ureae.
1040 1855 1107 1893 At-

459 1922 529 1959 que
548 1909 621 1946 iam
643 1913 728 1947 ante
744 1910 958 1948 seditionem
979 1912 1107 1949 adver-

458 1978 520 2001 sus
558 1964 759 2013 Astyagem
794 1970 930 2003 motam
971 1968 1108 2016 Cyrum

459 2020 580 2058 Persis
610 2020 701 2069 (qui
728 2019 921 2059 Medorum
958 2024 1109 2074 imperio

460 2077 674 2127 paruerint)
732 2078 933 2127 imperasse
985 2079 1110 2116 statuit

463 2132 579 2169 Graff.
598 2133 636 2169 in
647 2132 922 2182 Programmate
941 2135 1110 2172 scholast.

463 2188 562 2237 quod
587 2187 723 2239 prodiit
762 2188 936 2227 W'etzlar.
989 2192 1109 2233 1828.

465 2244 570 2287 Quae
589 2244 710 2281 omnia
724 2257 768 2282 eo
790 2245 867 2283 sere
888 2247 1052 2293 redeunt,
1072 2251 1112 2284 ut

465 2313 617 2349 regnum
633 2298 823 2337 Medorum
843 2305 953 2351 atque
979 2302 1111 2340 Persa-

466 2368 543 2392 rum
561 2368 691 2398 revera
706 2369 815 2394 unum
837 2357 1005 2408 idemque
1027 2371 1110 2396 esse

467 2415 766 2459 commonstrent,
806 2413 841 2449 iu
872 2414 943 2462 quai
974 2415 1112 2451 mutata

468 2468 635 2516 dynastia
679 2468 786 2505 aliam
820 2470 929 2506 modo
966 2474 1113 2518 gentem

468 2524 704 2574 principatum
720 2524 919 2564 obtinuisse
937 2527 1112 2564 videmus.

471 2580 582 2622 Quod
625 2592 705 2616 cum
745 2581 893 2630 egregie
931 2582 1116 2619 docuisset

471 2634 701 2672 Schlosserus
729 2636 766 2673 in
802 2637 1115 2688 Universalgesch.

474 2688 508 2734 l,
530 2692 549 2727 1
582 2702 666 2738 pag.
690 2691 770 2733 243
794 2706 869 2742 seq.
897 2695 1041 2732 minime
1067 2693 1117 2730 illi

475 2745 719 2782 contradicere
750 2748 908 2787 debebat
950 2750 1001 2787 vir
1037 2749 1118 2797 qui-

476 2799 559 2835 dam
579 2799 704 2836 doctus
734 2802 770 2837 iu
795 2802 950 2841 Hermes
981 2803 1119 2848 XXXI,

482 2859 502 2896 1
535 2867 619 2906 pag.
647 2857 700 2896 99
728 2870 803 2906 seq.
863 2858 995 2909 Neque
1025 2860 1119 2899 euim

1158 623 1356 673 quidquam
1373 622 1416 658 iis
1435 621 1585 659 efficitur
1595 621 1694 668 locis,
1712 634 1805 670 quos

1160 681 1197 716 in
1230 693 1332 716 suam
1359 678 1574 716 sententiam
1595 677 1723 714 attulit.

1214 731 1430 784 Ἀσσυρίων
1480 729 1682 784 α’ρχόντων
1734 735 1804 784 τῆς

1162 788 1246 831 ἅνω
1269 786 1398 840 Ἀσίης
1421 786 1478 829 ἐπ’
1497 791 1581 829 ἔτεα
1599 790 1725 829 εἴκοσι
1743 790 1809 828 καὶ

1161 843 1421 896 πεντακόσια]
1464 848 1544 884 Dici
1579 848 1635 883 vix
1674 851 1809 896 potest,

1162 909 1316 954 quantas
1332 904 1456 940 turbas
1484 904 1539 940 hie
1564 903 1662 940 loeus
1683 903 1726 938 iis
1749 915 1809 939 ex-

1163 960 1344 1005 citaverit,
1386 960 1446 1007 qui
1477 972 1669 1008 regnorum
1700 959 1809 995 Asiae

1164 1015 1494 1064 antiquissimorum
1520 1022 1685 1064 tempora
1708 1027 1811 1051 accu-

1165 1072 1279 1109 ratius
1294 1071 1444 1109 definire
1462 1071 1579 1108 conati
1597 1074 1692 1108 sunt.
1712 1069 1811 1107 Mul-

1164 1133 1241 1166 tum
1271 1128 1364 1165 enim
1384 1128 1429 1164 ab
1453 1141 1496 1165 eo
1516 1139 1688 1174 numer0,
1705 1139 1812 1175 quem

1165 1183 1398 1232 Assyriorum
1426 1196 1540 1232 regno
1574 1183 1711 1221 Noster
1748 1182 1814 1219 ad-

1166 1240 1309 1287 scribit,
1356 1238 1416 1276 ille
1460 1240 1601 1287 differt,
1653 1252 1763 1288 quem
1793 1251 1814 1275 a

1167 1296 1292 1334 Ctesi&
1313 1296 1494 1346 proditum
1512 1296 1631 1347 plures
1645 1295 1814 1344 deinceps

1167 1352 1410 1402 repetierunt,
1467 1352 1636 1400 Assyrios
1683 1350 1816 1387 scilicet

1169 1408 1279 1446 Asiae
1307 1408 1505 1457 imperasse
1530 1421 1596 1458 per
1627 1407 1720 1444 mille
1749 1411 1815 1443 tre-

1171 1467 1282 1502 centos
1314 1466 1501 1511 sexaginta
1532 1477 1648 1500 annos.
1707 1464 1815 1500 Conf.

1170 1520 1323 1559 Diodor.
1345 1519 1452 1557 Sicul.
1480 1520 1535 1567 11,
1555 1523 1609 1562 28
1633 1520 1694 1557 fin.
1742 1520 1816 1556 Va-

1171 1577 1224 1614 rio
1248 1576 1356 1612 modo
1377 1576 1467 1613 haec
1489 1590 1568 1614 cum
1594 1576 1816 1614 Herodoteis

1172 1632 1292 1681 aliquo
1321 1633 1429 1669 modo
1458 1632 1646 1670 conciliare
1677 1637 1817 1682 tempo-

1172 1702 1324 1737 rumque
1354 1688 1517 1726 ordinem
1554 1689 1715 1726 stabilire
1743 1692 1819 1724 stu-

1172 1745 1330 1782 duerunt
1352 1744 1417 1780 viri
1433 1745 1552 1791 docti,
1575 1757 1727 1793 quorum
1737 1757 1821 1781 sen-

1173 1800 1327 1847 tentiam,
1355 1800 1523 1837 hocloco
1550 1814 1624 1837 non
1652 1805 1821 1851 repeten-

1174 1856 1265 1903 das,
1294 1857 1456 1893 recensui
1480 1857 1517 1893 in
1549 1861 1639 1894 nott.
1661 1858 1710 1894 ad
1734 1856 1821 1893 Cte-

1175 1913 1252 1950 siae
1271 1913 1435 1961 sragmm.
1454 1925 1539 1963 pag.
1563 1912 1710 1954 419—-
1724 1910 1818 1952 424.

1176 1968 1340 2012 Quorum
1360 1969 1543 2019 plerique,
1573 1970 1602 2005 si
1633 1980 1697 2006 eos
1719 1980 1822 2005 exce-

1175 2024 1294 2075 periS‚
1342 2026 1404 2074 qui
1438 2038 1460 2063 a
1488 2025 1612 2061 Ctesia
1647 2035 1822 2060 annorum

1176 2093 1363 2117 numerum
1386 2080 1549 2117 consulto
1568 2084 1711 2117 auctum
1735 2091 1818 2116 esse

1176 2136 1306 2182 velint,
1335 2135 1563 2173 Herodotum
1592 2135 1639 2172 de
1669 2147 1712 2172 eo
1730 2139 1821 2172 tem-

1177 2204 1267 2242 pore
1297 2195 1458 2237 tantum,
1488 2204 1555 2241 per
1582 2191 1680 2240 quod
1709 2190 1822 2238 Assy-

1177 2248 1268 2284 rium
1298 2259 1449 2295 regnum
1471 2248 1666 2297 praecipue
1691 2248 1823 2284 florue-

1179 2303 1243 2349 rit,
1273 2301 1371 2351 loqui
1393 2302 1599 2340 existimant
1627 2302 1683 2340 vel
1702 2303 1822 2353 potius

1179 2359 1226 2397 de
1246 2371 1290 2396 eo
1310 2363 1494 2408 tempore,
1518 2372 1584 2409 per
1600 2360 1698 2407 quod
1720 2371 1822 2408 supe-

1176 2417 1247 2451 rior
1256 2414 1343 2451 Asia
1361 2413 1409 2465 (ἦ
1421 2411 1523 2463 ἅνω)
1545 2416 1581 2452 iu
1593 2415 1825 2463 Assyriorum

1178 2471 1315 2508 ditione
1327 2472 1433 2509 suerit
1461 2472 1588 2520 (quam
1610 2471 1825 2509 sententiam

1180 2527 1287 2564 etiam
1310 2531 1428 2565 tuetur
1446 2528 1563 2565 Grais.
1583 2528 1606 2564 l.
1623 2527 1645 2564 l.
1667 2540 1752 2578 pag.
1765 2526 1824 2574 6),

1181 2583 1238 2620 vel
1257 2583 1303 2620 de
1322 2596 1366 2620 eo
1383 2588 1568 2634 tempore,
1589 2585 1689 2633 quod
1708 2583 1757 2621 ad
1768 2594 1824 2619 re-

1183 2651 1267 2677 cens
1286 2640 1397 2676 modo
1427 2638 1656 2688 Assyriorum
1674 2651 1825 2687 reguum

1182 2695 1381 2745 pertineat,
1410 2708 1488 2733 cum
1509 2695 1656 2732 Ctesiae
1673 2695 1759 2732 anui
1778 2694 1826 2731 ad

1184 2755 1288 2788 vetus
1315 2750 1542 2800 Assyriorum
1574 2763 1728 2799 regumn
1754 2750 1826 2787 sint

1186 2807 1373 2843 referendi.
1442 2807 1519 2844 Sed
1552 2806 1642 2844 haee
1678 2811 1716 2844 et
1757 2804 1827 2842 alia

1187 2861 1380 2911 eiusmodi,
1397 2875 1489 2912 quae
1509 2862 1652 2901 silentio
1666 2866 1826 2913 praeter-
