1877 3223
70 935 187 964 Primus
212 942 230 962 e
261 935 330 962 bar-

188 969 331 1001 Croesum

71 1002 186 1038 Lydiae
213 1011 262 1030 iex
292 1003 328 1029 ab

71 1045 100 1064 a.
119 1037 178 1071 5150,
197 1037 330 1063 Gmecos

73 1056 218 1096 Asiati'cos
237 1070 330 1097 tribu-

70 1103 166 1130 tarios
187 1104 267 1131 lecit.

70 969 152 996 baria

392 220 447 260 16

797 217 1261 256 HERODOTI

391 328 549 370 τοῦτον
567 324 779 382 σημήνας,
809 325 1085 383 προβήσομαι
1125 326 1168 378 ἐς
1187 325 1235 369 τό
1263 326 1411 380 πρόσω
1434 328 1515 370 τοῦ
1525 325 1698 384 λόγου,4

369 402 554 460 6ὁμοίως
600 405 732 460 μικρὰ
780 405 853 449 καὶ
903 404 1067 461 μεγάλα
1114 404 1243 449 ἄστεα
1295 403 1544 459 ἀνθρώπων
1587 403 1676 448 ἐπε-

392 482 509 535 ξιιόν.

568 482 620 525 τὰ
659 482 743 538 γὰρ
781 483 829 527 τό
863 483 997 528 πάλαι
1031 485 1191 540 μεγάλα
1228 479 1309 540 ἦν,
1348 484 1401 526 τὰ
1437 482 1576 527 πολλοὶ
1601 481 1721 528 avj-85

390 565 480 605 τῶν
499 562 659 616 σμικρὰ
691 561 865 618 γέγονε·
903 563 956 607 τα
984 564 1029 607 δὲ
1050 561 1121 607 ἐπ’
1149 562 1258 619 ἐμοῦ
1283 558 1340 619 ἦν
1361 560 1544 618 μεγάλα,
1573 561 1680 616 πρό·

369 639 519 696 7τερον
553 635 608 696 ἦν
635 639 810 695 σμικρά.

868 642 948 698 τὴν
979 641 1266 698 α’νθρωπηΐην
1306 636 1369 685 ὦν
1400 639 1680 696 ἐπιστάμενος

392 719 676 775 εὐδαιμονίην
694 718 865 777 οὐδαμὰ
886 720 933 764 ἐν
951 718 1102 780 τώυτῷ
1119 721 1360 778 μένουσαν,
1391 717 1681 775 ἐπιμνήσομαι

392 796 652 854 ἀμφοτέρων
684 795 858 854 ὁμοίως.

313 871 347 916 6

411 1075 555 1114 τοῦτον
583 1070 778 1125 σημήνας,
806 1067 1006 1125 προβήσο-

352 1145 423 1181 μαι
458 1130 498 1177 ἐς
526 1126 568 1169 τὸ
595 1128 734 1182 πρόσω
762 1132 835 1168 τοῦ
866 1126 1004 1182 λόγου]

350 1183 603 1237 προβήσομαι
642 1187 869 1232 reduximus,
925 1199 1005 1223 cum

346 1239 645 1293 παραβήσομαι,
675 1244 773 1291 quod
791 1242 920 1279 Reizio
940 1243 1005 1279 de-

347 1299 497 1345 bemus,
527 1299 689 1335 codicum
713 1298 925 1335 auctoritate
944 1311 1003 1334 ca-

347 1360 437 1392 reat.
468 1355 600 1391 Similis
621 1355 803 1401 confusio,
833 1354 1005 1391 laudante

349 1410 381 1448 C
385 1424 433 1458 r.‚
462 1411 498 1446 in
519 1410 670 1448 Nicolao
688 1409 919 1447 Methonensi
938 1422 1005 1446 nu-

346 1480 415 1517 per
437 1466 583 1515 vulwato
611 1480 646 1517 p.
676 1468 754 1507 168
782 1467 840 1503 ed.
864 1465 1002 1503 Vi'nnel.

347 1522 437 1559 Mox
462 1536 588 1561 omnes
621 1522 700 1559 libri
735 1523 911 1571 praebent
944 1537 1003 1572 μι-

347 1575 447 1631 κροῖ,
484 1592 563 1616 cum
598 1577 745 1627 reliquis
776 1578 863 1615 locis
889 1582 1005 1615 exstet

351 1647 510 1687 σμικρα.
571 1634 665 1672 Illud
695 1634 840 1671 retinuit
867 1635 1004 1681 Gaisfi,

349 1706 458 1742 quein
494 1692 607 1728 secuti
638 1704 781 1738 sumus,
827 1690 1005 1728 Matthiae

349 1761 430 1785 cum
470 1747 615 1796 reliquis
659 1748 775 1785 editt:
833 1741 1002 1797 σμικρά,

348 1804 436 1841 illud
460 1804 659 1849 adnotans,
689 1803 803 1840 videri
829 1804 897 1839 sibi
925 1803 1004 1840 He-

348 1861 517 1896 rodotum
555 1873 700 1909 semper
729 1859 917 1909 scripsisse
945 1874 1005 1909 μι-

347 1913 441 1964 κρός
472 1920 557 1965 post
582 1916 693 1952 verba
720 1916 756 1951 in
783 1927 806 1954 σ
830 1916 1005 1953 exeuntia.

348 1972 437 2010 Mox
461 1972 628 2008 dedimus
652 1970 697 2011 το“
720 1966 854 2009 πάλαι.
883 1971 1004 2020 Vulgo

349 2028 443 2066 male
478 2023 661 2066 τοπάλαι.
725 2026 784 2063 Ad
813 2040 1007 2076 argumen-

350 2090 425 2121 tum
453 2084 572 2133 ipsum
603 2085 633 2119 si
660 2087 884 2133 spectamus,
924 2096 1008 2120 can-

351 2141 474 2176 didum
499 2139 583 2175 iude
609 2144 762 2189 apparet
783 2152 825 2176 ac
857 2139 1008 2190 simplex

349 2195 479 2234 Nostri
508 2196 666 2231 studium
695 2195 788 2242 veri,
837 2208 910 2244 quo
941 2197 1008 2232 (lu-

351 2256 428 2289 ctus
442 2250 574 2287 nullam
593 2265 688 2298 rem,
718 2250 774 2288 vel
791 2264 883 2297 eam,
914 2264 1008 2299 quae

351 2307 400 2344 lex
411 2308 531 2343 issima
553 2307 750 2354 videretur,
780 2307 1009 2357 praetennit-

350 2368 446 2401 teret
482 2363 820 2411 accuratissimeque
846 2364 1008 2410 referret,

352 2431 587 2468 quaecunque
619 2420 666 2455 ad
698 2419 926 2469 propositum
953 2419 1008 2455 sa-

353 2489 434 2513 cere
460 2475 676 2512 viderentur.
739 2475 849 2517 Quod
879 2475 1008 2511 merito

352 2532 476 2568 laudat
503 2531 719 2568 Dahlmann.
740 2531 776 2565 in
806 2531 945 2567 Herod.
971 2543 1007 2580 p.

355 2590 446 2628 177.
503 2586 600 2623 Nam
633 2587 721 2623 haee
742 2587 853 2622 verba
880 2588 1007 2622 adum-

351 2643 555 2680 brationem
589 2643 693 2691 quasi
734 2642 842 2677 totius
886 2642 1007 2691 operis

352 2700 554 2745 continent,
584 2699 779 2748 paucisque
803 2698 1008 2734 uuiversum

351 2754 478 2792 Nostri
532 2754 717 2791 consilium
772 2754 807 2789 iu
862 2754 1010 2790 historia

351 2823 446 2848 nunc
467 2812 681 2861 exponenda
708 2810 903 2847 declarant.
935 2810 1009 2847 Ubi

353 2867 417 2904 Cr.
441 2867 594 2905 conferri
604 2867 699 2905 iubet
720 2867 809 2904 Plat.
827 2867 874 2904 de
888 2866 1007 2916 Legg.

504 880 696 933 Κροῖσος
721 871 778 934 ἦν
801 877 948 931 Λυδός
972 877 1052 935 μὲν
1076 877 1218 935 γένος,
1248 883 1350 931 παῖς
1368 878 1415 924 δὲ
1433 877 1681 932 Ἀλυάττεω,

1063 1072 1116 1110 ΙΠ
1141 1086 1177 1122 p.
1195 1074 1287 1114 676.
1323 1073 1371 1119 (s.
1407 1086 1443 1122 p.
1467 1074 1549 1114 278
1583 1071 1722 1116 Bekk.)

1066 1129 1162 1166 Add.
1197 1128 1312 1177 lager.
1355 1128 1513 1179 Disputt.
1555 1128 1721 1165 Herodd.

1064 1186 1255 1233 (Gotting.
1283 1187 1411 1232 1828)
1440 1197 1524 1234 pag.
1554 1184 1619 1225 49.

1118 1238 1166 1280 τὰ
1195 1239 1238 1280 δὲ
1266 1236 1331 1280 ἐπ’
1359 1240 1456 1291 ἐμοῦ
1478 1235 1532 1291 ἦν
1558 1235 1721 1292 μεγάλα]

1062 1298 1084 1334 i.
1116 1312 1148 1335 e.
1203 1310 1292 1346 quae
1324 1309 1399 1334 mea
1438 1300 1555 1333 aetate
1586 1309 1723 1345 magna

1062 1356 1225 1399 fuerant,
1268 1357 1376 1390 antea
1414 1366 1529 1403 parva
1566 1353 1721 1389 suerunt.

1061 1409 1265 1446 Dietionem
1283 1404 1342 1447 ἐπ’
1363 1407 1461 1459 ἐμοῦ
1491 1422 1566 1445 mea
1592 1412 1721 1455 aetate,

1062 1478 1137 1502 mea
1164 1468 1324 1502 memoria
1360 1466 1449 1501 satis
1480 1466 1633 1502 illustrat
1655 1465 1719 1502 Fi-

1063 1523 1175 1559 scher.
1199 1522 1247 1558 ad
1272 1521 1376 1558 well.
1400 1521 1471 1568 ΙΙΙ,
1502 1525 1527 1562 6
1557 1535 1594 1571 p.
1628 1523 1722 1563 228.

1063 1577 1124 1614 'lu
1156 1579 1198 1615 cf.
1226 1578 1579 1624 He1‹›d.w111‚44.

1119 1649 1191 1685 την
1225 1629 1496 1683 ἀνθρωπηίην
1539 1629 1597 1672 ὦν
1640 1631 1721 1672 ἐπι-

1063 1702 1255 1741 σταμενος
1272 1686 1531 1740 εὐδαιμονίην
1556 1705 1593 1728 ν..
1616 1705 1646 1728 τ.
1669 1692 1721 1735 λ.]

1062 1748 1085 1784 i
1113 1761 1143 1785 e.
1174 1759 1412 1796 „persuasum
1438 1749 1554 1795 vgztur
1583 1746 1724 1791 habens,

1062 1804 1248 1840 humanam
1279 1803 1494 1853 smelacztater12
1523 1805 1724 1852 neutiquam

1061 1860 1173 1897 eodem
1217 1859 1291 1895 loco
1334 1873 1491 1906 manere,
1541 1863 1724 1896 utrarum-

1063 1930 1128 1965 que
1143 1916 1286 1966 perinde
1309 1916 1454 1966 faciam
1482 1915 1723 1954 mentionemf‘

1299 2000 1403 2051 Cap.
1434 1999 1496 2037 VI.

1122 2084 1295 2134 Κροῖσος
1323 2077 1379 2134 ἦν
1406 2080 1546 2130 Λυδός
1570 2080 1642 2134 μὲν
1662 2080 1722 2135 γέ-

1065 2153 1135 2185 νος
1168 2153 1204 2177 κ.
1235 2154 1266 2177 τ.
1303 2141 1366 2184 λ,]
1430 2138 1530 2177 Male
1574 2140 1723 2188 quidam

1065 2191 1108 2233 τὸ
1143 2193 1281 2245 γένος;
1336 2207 1404 2231 nos
1450 2195 1563 2232 secuti
1599 2208 1724 2231 sumus

1065 2250 1266 2298 Schweigh.
1310 2256 1347 2287 et
1384 2251 1499 2287 Gaiss.
1535 2250 1576 2287 ln
1617 2264 1722 2300 seqq.

1066 2305 1186 2354 (quae
1219 2306 1345 2343 laudat
1382 2306 1595 2343 Ammonius
1636 2320 1725 2345 voce

1065 2357 1203 2412 τύραν.
1240 2376 1323 2412 pag.
1352 2364 1460 2409 138)
1500 2376 1623 2400 vocem
1656 2358 1724 2401 τύ-

1067 2432 1212 2469 ραννος
1249 2419 1370 2468 accipe
1408 2432 1451 2455 ρο
1487 2432 1617 2466 sensu,
1650 2432 1723 2468 quo

1067 2474 1214 2510 omnino
1230 2487 1344 2522 regem
1364 2475 1509 2522 indicat,
1539 2488 1606 2512 nec
1625 2475 1724 2525 apud

1067 2534 1195 2580 poetas
1254 2532 1356 2568 unice
1414 2531 1467 2567 sic
1518 2536 1723 2581 usurpatur.

1067 2586 1175 2622 Cous.
1208 2600 1302 2635 quae
1322 2587 1452 2624 Creuz.
1474 2587 1670 2637 disputavit
1686 2587 1724 2624 in

1066 2643 1194 2690 sruffln.
1231 2643 1311 2679 hist.
1340 2656 1375 2692 p.
1416 2644 1506 2684 151.
1539 2643 1636 2690 234,
1660 2643 1722 2693 qui

1065 2711 1160 2735 nunc
1186 2700 1286 2736 addit
1318 2699 1483 2736 Eustath.
1512 2700 1559 2736 ad
1585 2700 1722 2748 OdySS.

1066 2754 1184 2791 XUH
1214 2769 1247 2804 p.
1277 2756 1358 2797 658
1386 2755 1445 2792 lin.
1470 2758 1524 2797 30
1551 2757 1608 2792 ed.
1636 2755 1720 2792 Bas.

1066 2816 1102 2847 et
1136 2812 1269 2849 Sestini
1305 2812 1342 2848 in
1370 2811 1478 2859 libro,
1509 2812 1569 2860 qui
1597 2811 1721 2847 inscri—

1066 2867 1160 2904 bitur
1192 2867 1412 2906 Dcscrizion.
1462 2867 1558 2917 degli
1588 2867 1722 2905 Statori
