1909 3228
438 248 522 289 614
849 243 1317 284 HERODOTI
1898 0 1909 277 i

438 370 541 411 γεον
575 355 620 398 δέ
657 364 736 409 σφι
773 351 845 396 καὶ
886 353 930 395 οἱ
967 352 1090 396 ἄλλοι
1126 353 1388 396 Δωδωναῖοι
1425 355 1468 396 οἴ
1503 353 1601 408 περὶ
1639 353 1689 398 τὸ
1731 360 1807 400 131

313 432 380 479 56
438 431 544 487 ἱρόν.
597 430 704 487 Ἐγώ
736 430 779 474 δ’
811 431 889 487 ἔχω
920 432 1017 486 περὶ
1055 429 1222 475 αὐτέων
1259 429 1437 486 γνώμην
1465 430 1602 488 τήνδε.
1656 435 1744 476 εἰ61

110 497 256 526 Herodoti
281 506 318 526 ea
349 498 386 526 do
457 510 467 526 2
567 511 575 524 ι
697 511 710 525 ‹-
818 512 827 526 l
979 511 989 525 -ι
1034 509 1043 523 ι
1264 509 1274 523 x
1348 511 1361 525 a·
1403 511 1411 522 x
1584 516 1602 524 .-

111 540 146 559 re
163 532 386 568 0p511502crae-
442 516 636 567 αληθεως
667 526 708 553 οι
743 513 943 562 Φοινικες
975 512 1182 566 εξηγαγον
1227 527 1304 561 τας
1344 526 1442 564 ιρας
1470 527 1692 566 γυναικας,

111 566 158 592 oia
165 586 174 601 ,
200 566 269 593 olim
285 565 386 594 Pelas-

110 599 174 634 gia.

443 590 516 634 καὶ
544 588 623 644 τὴν
651 588 729 643 μὲν
760 587 925 633 αὐτέων
955 590 996 640 ἐς
1026 589 1216 646 Λιβύην,
1247 589 1326 646 τὴν
1356 589 1401 633 δὲ
1426 590 1467 639 ἐς
1496 589 1575 644 τήν
1598 588 1692 633 Ἑλ-

437 667 549 712 λάδα
580 664 813 720 ἀπέδοντο,
860 669 999 713 δοκέει
1029 669 1123 725 ἐμοὶ
1161 667 1188 724 ἡ
1224 669 1336 725 γυνὴ
1368 667 1475 723 αὕτη
1505 672 1580 723 τῆς
1609 672 1693 711 νῦν

431 744 660 798 Ἑλλάδος,
703 746 917 803 πρότερον
954 749 999 792 δὲ
1039 749 1282 803 Πελασγίης
1320 747 1583 804 καλευμένης
1620 751 1695 804 τῆς

437 824 570 881 αὐτῆς
608 824 790 882 ταύτης,
839 831 1063 883 πρηθῆναι
1101 827 1143 878 ἐς
1183 826 1491 881 Θεσπρωτούς·
1550 827 1750 870 ἔπειτα65
1904 818 1909 858 Ῐ

438 902 712 948 δουλεύουσα
742 904 923 958 αὐτόθι,
971 905 1235 961 ἱδρύσασθαι
1273 904 1359 950 ὑπό
1392 909 1520 963 φηγῷ
1549 921 1690 962 πεφυ-

435 986 537 1041 κυΐῃ
571 983 678 1036 Διὸς
708 983 825 1041 ἱρόν·
866 984 1009 1041 ὥσπερ
1038 980 1093 1042 ἦν
1123 985 1264 1039 οἰκὸς,
1302 984 1694 1042 ἀμφιπολεύουσαν

438 1200 480 1241 οἷ
497 1198 606 1242 ἄλλοι
624 1203 860 1243 Δωδωναῖοι
881 1202 921 1243 οἷ
939 1202 1030 1254 περὶ

380 1252 426 1296 τὸ
450 1253 560 1309 ἱρόν]
592 1259 703 1296 Haud
725 1260 799 1297 scio
824 1273 870 1297 an
891 1274 952 1298 eos
974 1261 1029 1296 in-

380 1313 556 1352 tellexerit
585 1316 716 1352 oraculi
749 1316 909 1365 accolas,
939 1330 1031 1366 quos

383 1369 497 1407 Sellas
515 1385 542 1408 s.
563 1370 685 1408 Hellos
714 1373 899 1422 appellant
923 1378 1032 1422 atque

385 1424 575 1473 Tomaros,
607 1441 787 1464 sacrorum
808 1429 1032 1466 Dodonaeo-

381 1495 461 1519 rum
482 1483 662 1520 ministros
676 1489 783 1532 atque
800 1488 1029 1534 interpretes.

381 1537 441 1576 De
461 1540 589 1587 quibus
609 1539 712 1589 plura
732 1541 902 1579 Creuzer.
925 1542 1033 1589 Sym-

381 1594 453 1631 bol.
472 1594 488 1630 l
505 1608 592 1645 pag.
617 1598 694 1637 193
714 1600 788 1633 not.
809 1598 903 1638 359.

588 1706 619 1743 C
633 1720 699 1757 ap.
729 1706 826 1745 LVI.

438 1787 581 1840 ἒς’τη’ν
614 1785 782 1829 Ἑλλάδα
821 1786 1031 1842 οἷπέδοντο]

379 1845 440 1884 De
471 1841 741 1885 ἀποδίδοσθαι
777 1847 956 1896 (vendere)
987 1850 1033 1885 cf.

380 1902 419 1950 I,
448 1905 514 1944 70.
581 1902 639 1939 Ad
675 1908 930 1951 argumentum
966 1902 1034 1941 loci

379 1960 474 1996 conf.
499 1963 575 1996 not.
598 1959 646 1995 ad
666 1959 717 2007 11,
739 1960 792 2000 52
813 1960 873 1996 fin.

435 2044 650 2094 πρηθῆναι
680 2042 718 2088 ἐς
746 2039 1030 2094 Θεσπρωτούς]

380 2100 503 2146 Satis,
526 2100 678 2149 opinor,
702 2101 934 2137 manifestum
961 2105 1033 2147 est,

380 2156 609 2193 Herodotum
638 2169 746 2192 unam
780 2161 918 2193 tantum
966 2170 1034 2193 no-

382 2213 477 2249 visse
516 2211 712 2248 Dodonam
754 2212 1032 2262 Thesproticam

380 2281 564 2317 unumque
591 2268 771 2305 oraculum
793 2269 1034 2306 Dodonaeum

382 2325 420 2361 in
441 2324 665 2374 Thesprotia
687 2325 880 2362 conditum.
939 2326 1035 2362 Sunt

383 2382 501 2426 enim,
539 2381 600 2429 qui
629 2386 818 2430 praeterea
847 2381 882 2418 T
885 2382 1035 2419 hessali-

383 2450 460 2474 cam
473 2436 669 2474 Dodonam
688 2439 797 2475 fuisse
815 2438 1032 2476 existiment.

383 2491 647 2542 Thesproticae
688 2493 888 2541 Dodonae,
925 2507 1034 2544 quam

383 2547 595 2585 Herodotus
633 2550 829 2598 intellexit,
878 2551 925 2588 de
965 2551 1034 2587 situ

383 2610 471 2653 post
507 2605 598 2641 alios
640 2611 806 2644 accurate
835 2606 1036 2655 disquisivit

384 2659 619 2709 Pouqueville
631 2662 792 2711 (Voyag.
805 2667 831 2698 t.
844 2663 859 2699 l
872 2663 974 2713 chap.
983 2663 1035 2700 Xl

384 2728 420 2763 p.
442 2716 494 2755 94
511 2730 613 2766 seqq.
637 2718 721 2754 add.
745 2719 1036 2770 Creuzer.Sym-

384 2769 453 2805 bol.
476 2771 505 2807 ll
538 2786 573 2821 p.
598 2775 678 2813 473
702 2787 778 2823 seq.
819 2775 869 2812 lv
895 2789 930 2825 p.
956 2778 1031 2817 151

386 2827 503 2873 not.)3
544 2829 604 2876 qui
635 2829 815 2867 Sellorum
844 2833 951 2869 sedes
981 2834 1037 2869 sa-

388 2892 547 2929 numque
587 2896 659 2920 uon
693 2885 842 2923 multum
876 2889 1038 2927 abfuisse

1098 1205 1144 1241 ab
1175 1216 1219 1242 ea
1238 1203 1329 1240 urbe
1362 1202 1511 1250 statuit,
1539 1214 1633 1251 quae
1656 1214 1753 1240 nunc

1098 1261 1232 1298 Janina
1263 1260 1410 1304 dicitur,
1450 1259 1598 1308 reperiri
1629 1259 1750 1296 ruinas

1098 1331 1215 1369 prope
1228 1315 1399 1358 Gardz'kz‘;
1418 1314 1611 1352 Dodonam
1632 1316 1751 1365 ipsam

1099 1388 1142 1412 eo
1166 1375 1243 1410 loco
1265 1376 1507 1410 constructam
1529 1372 1641 1408 videri
1665 1372 1753 1409 suis-

1101 1443 1163 1476 se,
1190 1430 1248 1465 ubi
1267 1442 1361 1465 nunc
1377 1428 1562 1464 Castfizza
1583 1440 1645 1463 arx
1665 1440 1753 1465 con·

1099 1487 1268 1535 spicitur,
1302 1488 1533 1531 montemque
1559 1497 1660 1530 eum,
1691 1484 1752 1533 qui

1100 1555 1121 1577 a
1152 1541 1399 1589 septentrione
1441 1540 1543 1575 huius
1581 1540 1750 1576 convallis

1101 1598 1236 1645 surgit,
1270 1596 1458 1633 Tomurum
1480 1595 1591 1632 videri
1613 1596 1659 1632 ab
1685 1609 1752 1632 an-

1099 1654 1212 1702 tiquis
1238 1653 1355 1703 poetis
1374 1656 1562 1701 tantopere
1588 1652 1749 1689 celebra-

1099 1715 1187 1746 tum.
1234 1710 1338 1745 Haec
1361 1708 1408 1744 ad
1430 1708 1661 1744 Herodotum
1683 1710 1750 1746 rite

1100 1765 1371 1813 intelligendum
1413 1776 1509 1799 nunc
1551 1764 1750 1810 sufficiant3

1100 1834 1184 1858 nain
1210 1822 1256 1857 de
1286 1820 1366 1869 ipso
1393 1819 1575 1856 Dodonae
1604 1821 1751 1858 nomine

1101 1877 1250 1926 aliisque
1278 1877 1386 1913 rebus
1415 1875 1483 1911 huc
1504 1877 1750 1926 spectantibus

1100 1935 1276 1970 disserere
1298 1932 1447 1980 longum
1469 1938 1524 1969 est
1540 1937 1576 1970 et
1593 1937 1750 1970 anostro

1098 1990 1286 2041 proposito
1313 1987 1477 2025 alienum.

1159 2045 1289 2084 ἔπειτα
1314 2040 1559 2084 δουλεύουσα
1577 2065 1634 2073 -
1654 2041 1752 2091 Διός

1103 2098 1211 2153 ἱρόν]
1254 2101 1479 2149 Subintellig.
1523 2114 1567 2138 ex
1605 2106 1752 2139 antece-

1102 2159 1288 2196 dentibus:
1320 2155 1445 2195 δοκέει
1472 2156 1558 2206 ἐμοὶ
1588 2155 1616 2207 ἦ
1647 2153 1748 2208 γυνὴ

1103 2211 1215 2264 αὕτη.
1273 2212 1389 2250 Multa
1420 2214 1489 2249 hoc
1524 2213 1603 2250 loco
1645 2218 1682 2251 et
1712 2213 1750 2249 in

1104 2284 1206 2319 seqq.
1228 2274 1366 2306 mutare
1378 2269 1565 2306 voluerunt
1575 2269 1748 2306 Valcken-

1103 2331 1141 2365 et
1177 2326 1371 2371 Reiskiu53
1419 2339 1512 2374 quae
1550 2330 1671 2363 tamen
1707 2337 1750 2363 ea

1102 2388 1205 2429 sunt,
1235 2387 1296 2428 ut,
1326 2395 1388 2418 cur
1406 2383 1455 2418 ita
1485 2383 1616 2419 mutari
1638 2382 1750 2420 debe-

1101 2443 1188 2485 ant,
1212 2437 1308 2474 nulla
1326 2439 1503 2488 adpareat
1516 2439 1611 2475 iusta
1630 2451 1750 2475 causa.

1100 2494 1346 2550 Neque-ante
1376 2495 1579 2548 πεφυκυίῃ
1610 2494 1750 2532 adden-

1102 2552 1188 2588 dum
1211 2551 1252 2589 εὐ
1281 2551 1354 2588 sive
1381 2550 1464 2590 ἐκεῖ
1473 2580 1482 2597 ,
1507 2555 1545 2587 ut
1570 2550 1618 2587 illi
1646 2551 1751 2587 addi-

1101 2613 1177 2644 tum
1227 2606 1392 2654 voluere,
1438 2607 1569 2644 offensi
1614 2606 1751 2644 scilicet

1103 2663 1310 2713 simpliciter
1334 2665 1454 2713 posito
1484 2664 1594 2701 verbo
1615 2677 1750 2711 πεφυ-

1101 2721 1195 2773 κυίῃ
1209 2749 1218 2766 ,
1233 2720 1331 2768 quod
1353 2720 1446 2757 hanc
1463 2721 1509 2757 ob
1530 2731 1674 2756 causam
1684 2719 1752 2756 ad-

1102 2777 1231 2813 iecisse
1251 2777 1395 2813 xidetur
1413 2776 1568 2822 Noster,
1598 2788 1672 2824 quo
1691 2787 1751 2812 ar-

1102 2833 1228 2870 borem
1244 2845 1364 2870 veram
1389 2833 1562 2870 indicaret
1590 2837 1626 2869 et
1643 2835 1752 2868 natu-

1102 2888 1236 2936 ralem,
1274 2901 1354 2925 cum
1384 2889 1455 2927 alia
1484 2889 1589 2927 aliter
1616 2887 1684 2924 hac
1711 2886 1748 2922 in
