1877 3223
461 269 517 308 82

877 261 1338 301 HERODO'I'I

463 391 629 426 „uovtoc
665 374 759 418 ἔτεα
797 374 932 429 οὖρον
979 376 1055 427 τῆς
1091 370 1189 428 ζόης
1228 368 1447 427 ἀνθρώπῳ
1485 369 1732 424 προτίθημι.

463 488 486 506 ,,
497 449 619 499 οὗτοι
665 452 804 504 ἐόντες

446 602 557 648 οὗτοι
572 603 697 654 ἐόντες
708 606 879 647 ἐνιαυτοὶ
900 603 1069 659 ἑβδομή-

417 680 549 712 κοντα,
570 661 829 715 παρέρχονται
840 679 915 703 κ.τ.
928 667 974 710 λ.]
994 664 1071 702 Lo-

419 736 498 759 cum
522 721 802 768 vexatissimum,
828 722 887 770 qni
905 725 959 757 tot
975 721 1071 756 viros

418 779 544 814 doctos
555 777 724 823 exercuit,
742 777 914 814 intactum
932 776 1071 825 reliqui,

418 833 630 883 praesertim
667 845 746 869 cnm
791 832 877 868 nihil
907 833 1073 878 habeam,

419 890 518 938 quod
537 889 618 938 ipse
626 889 809 938 proferam
818 889 914 934 novi,
924 902 994 937 quo
1005 889 1075 924 dif-

419 945 595 982 ficultates
613 946 719 982 huius
738 944 805 979 loci
824 943 1008 989 tollantur,
1018 944 1075 979 vix

419 1015 501 1038 meo
524 1006 619 1038 certe
634 1001 767 1037 iudicio
785 1000 979 1045 tollendae,
1005 998 1074 1033 nisi

420 1058 564 1094 aliunde
600 1070 695 1094 nova
722 1056 907 1107 praesidia
930 1066 1076 1104 compa-

420 1117 554 1151 rentur.
593 1114 685 1150 Cum
715 1114 811 1150 enim
838 1124 881 1149 ex
898 1110 1078 1148 Herodoti

420 1170 690 1219 computatione
721 1169 953 1219 septuaginta
994 1165 1078 1203 anni

420 1227 612 1263 conficiant
684 1226 825 1263 dierum
900 1235 1079 1260 summam

420 1282 580 1329 25200‚
613 1282 757 1319 omissis
784 1281 920 1331 quippe
946 1278 1081 1316 mensi-
1106 1319 1108 1321 ,

422 1339 489 1375 bus
519 1338 807 1381 intercalarib1153
855 1337 985 1386 quibus
1015 1335 1081 1371 ad-

423 1395 509 1431 ditis
548 1395 660 1430 altero
700 1405 845 1441 quoque
871 1405 985 1437 ann0,
1019 1402 1081 1427 ex-

423 1451 554 1486 sistant
584 1449 740 1493 262503
779 1448 839 1483 illo
877 1448 987 1484 modo
1016 1458 1080 1482 an-

423 1519 490 1542 nus
517 1505 696 1541 constabit
718 1504 844 1540 dicbus
862 1505 945 1544 360
967 1503 1080 1551 (quae

423 1561 602 1598 Herodoti
632 1573 776 1609 quoquc
815 1564 871 1596 est
899 1559 1081 1596 sententia

423 1618 496 1665 Ill,
526 1621 622 1665 90),
653 1617 719 1652 hoc
753 1617 862 1652 modo
896 1616 977 1656 375
1005 1615 1081 1650 die-

426 1674 506 1720 bus,
537 1674 635 1722 quod
654 1673 776 1721 ntique
794 1673 900 1708 nimis
918 1672 1080 1720 longum,

425 1742 492 1766 nec
517 1730 610 1775 tale,
641 1742 712 1777 quo
742 1732 998 1778 tempestatum
1023 1740 1081 1763 ra-

425 1787 542 1823 tiones
557 1815 566 1832 ,
595 1785 645 1820 uti
663 1786 696 1821 h.
716 1784 737 1820 l.
757 1785 829 1821 vult
849 1784 975 1831 Solon,
1004 1796 1083 1820 me·-

425 1841 491 1877 lius
527 1845 792 1878 conserventur.
858 1841 982 1884 Quare
1023 1840 1082 1875 vix

426 1909 511 1934 vera
557 1898 602 1934 de
651 1898 800 1945 antiqua
848 1895 1081 1932 intercalandi

425 1953 508 2000 lege
543 1953 771 1989 Herodotum
801 1953 998 1989 tradidisse
1030 1952 1083 1987 vi-

427 2009 526 2056 deri,
556 2008 737 2045 sententia
767 2013 823 2045 est
841 2008 995 2044 qurmii
1015 2007 1082 2053 (de

427 2066 565 2115 pondd.
594 2065 721 2100 ration.
755 2078 791 2114 p.
825 2066 936 2111 170).
986 2063 1084 2100 Nam

428 2122 521 2157 infra
540 2121 586 2165 ll,
608 2120 633 2160 4
653 2121 731 2169 ipse
744 2120 955 2157 Herodotus
967 2120 1084 2156 Grae-

429 2190 490 2213 cos
509 2178 559 2213 ait
574 2177 680 2213 tertio
705 2189 850 2225 quoque
871 2189 965 2212 anno
983 2188 1084 2212 men-

430 2246 506 2270 sem
546 2233 789 2269 intercalarem
823 2233 997 2279 adiicere,
1046 2232 1083 2266 id

430 2289 529 2338 quod
549 2288 669 2326 huicce
694 2289 772 2325 loco
800 2302 948 2339 prorsus
971 2288 1083 2324 refra-

431 2349 558 2393 gatur,
593 2345 653 2380 ubi
675 2345 786 2381 altero
814 2358 960 2394 quoque
987 2356 1082 2380 anno

431 2413 593 2437 mensem
620 2401 704 2436 addi
727 2401 800 2437 vult
829 2401 951 2437 Solon.
989 2400 1084 2435 Hinc

431 2457 531 2492 vario
561 2457 669 2492 modo
697 2462 733 2493 et
769 2457 847 2494 loco
874 2462 910 2494 et
937 2461 1082 2493 senten-

432 2513 504 2549 tiae
532 2512 668 2549 mederi
698 2514 911 2550 studnernnt
932 2512 995 2548 viri
1017 2513 1083 2548 do-

433 2568 499 2614 cti,
539 2581 629 2616 quos
660 2568 825 2605 laudatos
853 2569 1012 2606 invenies
1046 2568 1082 2603 in

432 2624 667 2661 annotatione
702 2625 933 2674 W'esselingii
974 2628 1083 2672 atque

435 2679 634 2727 Schweigli.
668 2682 715 2717 ad
747 2681 780 2718 h.
799 2681 822 2719 l.
879 2682 991 2727 Sunt,
1021 2681 1081 2728 qni

433 2735 563 2772 erroris
593 2735 754 2773 incusent
779 2738 1012 2788 scriptorem,
1046 2737 1081 2772 in

434 2791 562 2839 quibus
591 2804 697 2828 unum
742 2794 798 2829 hic
831 2794 977 2830 nomino
1012 2791 1080 2829 [os.

433 2845 671 2894 Scaligermn,
710 2850 770 2897 qni
809 2849 914 2887 talem
954 2861 1081 2885 αηηιιηι

434 2905 697 2939 commentitium
752 2904 924 2941 Herodoti
979 2909 1080 2941 vocat

862 451 1052 496 ἐνιαυτοὶ
1104 448 1421 506 ἑβδομήκοντα,
1475 449 1734 503 παρέχονται

1128 607 1206 654 (De
1223 606 1364 643 emend.
1383 609 1520 654 tempp.
1539 603 1622 641 Lib.
1643 604 1661 640 Ι
1673 607 1780 641 exstr.

1127 677 1163 713 p.
1189 663 1242 704 59
1273 663 1369 711 sq.);
1399 674 1484 708 nec,
1507 661 1722 711 praesertim
1743 660 1780 695 in

1128 720 1287 755 secunda
1314 718 1475 764 ratione,
1505 717 1634 753 erroris
1663 715 1782 765 suspi-

1129 776 1231 812 cione
1256 776 1468 824 scriptorem
1487 773 1631 810 liberari
1659 784 1783 822 posse,

1128 837 1254 868 nostra
1288 835 1406 867 aetate
1448 830 1633 867 contendit
1666 829 1783 864 Sturz.

1129 889 1167 924 in
1185 888 1397 925 defensione
1411 886 1455 922 H.
1466 886 1641 935 Stephani
1652 885 1784 933 (Com—

1130 949 1255 980 mentt.
1285 944 1408 979 societ.
1446 942 1568 992 philol.
1605 942 1708 990 Lips.
1739 939 1785 985 Il,

1133 1003 1159 1039 2
1186 1013 1222 1049 p.
1252 1001 1376 1045 239),
1415 1010 1495 1034 cum
1525 998 1651 1034 Atticis
1679 996 1786 1032 Solo-

1133 1055 1190 1091 nis
1214 1059 1333 1090 aetate
1353 1066 1426 1090 non
1447 1054 1514 1089 nisi
1541 1055 1622 1095 360
1647 1050 1801 1090 dimum.

1119 1123 1250 1153 aannus
1283 1111 1320 1146 in
1353 1122 1423 1145 usu
1449 1110 1568 1147 fuerit.
1609 1107 1787 1144 Libraffiis

1136 1180 1295 1205 errorem
1321 1165 1429 1202 tribui
1456 1178 1571 1217 posse
1601 1164 1697 1201 idem
1725 1175 1790 1199 ne-

1136 1228 1209 1272 gat.
1255 1222 1344 1259 Aliis
1378 1221 1599 1272 probabilior
1623 1220 1702 1256 visa
1732 1222 1790 1256 est

1136 1281 1226 1317 haec
1262 1280 1373 1325 ratio,
1423 1279 1495 1327 qua
1530 1277 1703 1313 Solonem
1733 1274 1790 1311 hic

1137 1337 1254 1373 minus
1272 1337 1513 1381 Graecorum,
1539 1345 1647 1381 quam
1665 1331 1790 1380 Lydo-

1136 1405 1214 1428 rum
1249 1404 1269 1428 e
1297 1390 1439 1427 calculis
1474 1402 1609 1427 annum
1640 1387 1791 1425 definire

1136 1452 1355 1494 statuerent,
1396 1446 1456 1495 qui
1489 1459 1567 1483 cum
1594 1442 1791 1495 probabili-

1136 1508 1191 1541 ter
1215 1503 1296 1544 350
1324 1504 1431 1539 suerit
1457 1503 1615 1548 dierum,
1645 1499 1791 1537 alternis

1137 1559 1465 1596 intercalationibus
1495 1558 1545 1600 15
1578 1558 1657 1595 dies
1693 1556 1792 1592 adie-

1137 1620 1214 1653 ctos
1245 1629 1349 1663 esse,
1385 1615 1514 1664 quibus
1548 1614 1635 1650 solis
1673 1611 1791 1649 cursui

1137 1672 1479 1708 accommodaretur.
1520 1670 1631 1707 Unde
1657 1669 1691 1704 in
1713 1667 1791 1704 He-

1137 1729 1267 1765 rodoto
1288 1728 1501 1776 legendiun:
1530 1724 1681 1777 ἡμέρας
1702 1737 1792 1762 πεν-

1136 1784 1324 1835 τηκοσίας
1375 1782 1444 1822 καὶ
1492 1780 1793 1832 τετρακισχιλίας

1137 1839 1204 1879 καὶ
1225 1841 1432 1905 δισμυρίας
1444 1839 1621 1887 (24500)
1637 1843 1673 1875 et
1690 1837 1793 1874 dein-

1138 1911 1245 1947 ceps:
1291 1910 1536 1946 πεντηκοντα
1562 1893 1629 1934 καὶ
1654 1907 1792 1932 πεντα-

1138 1953 1285 1992 κοσίων
1298 1951 1365 1991 καὶ
1386 1950 1707 2002 πεντακισχιλίων
1725 1947 1794 1988 καὶ

1140 2009 1358 2060 δισμυρίων
1391 2009 1599 2057 (25550).
1637 2007 1679 2043 In
1724 2005 1793 2042 alia

1140 2066 1262 2102 omnia
1283 2066 1358 2102 abit
1375 2065 1672 2113 wyttenbachius
1685 2091 1695 2110 ‚
1724 2063 1791 2099 Se-

1138 2122 1233 2159 lectt.
1262 2122 1400 2158 Histor.
1433 2135 1469 2170 p.
1493 2121 1574 2161 348
1599 2134 1654 2168 sq.
1690 2118 1793 2154 Prio-

1138 2191 1214 2215 rem
1252 2179 1347 2214 enim
1390 2177 1569 2213 Herodoti
1606 2186 1793 2212 numerum

1138 2233 1362 2284 probabilem
1390 2236 1535 2279 censet,
1564 2245 1643 2269 cum
1671 2231 1792 2267 Hero-

1139 2290 1246 2325 dotus
1271 2290 1350 2338 ipse
1379 2290 1460 2329 360
1485 2289 1622 2325 dierum
1656 2299 1790 2323 annum

1138 2345 1423 2391 consumentu,
1454 2343 1490 2384 4.
1519 2344 1592 2392 ΙΙΙ,
1619 2347 1685 2385 90.
1713 2343 1790 2379 Sed

1139 2401 1252 2437 altero
1280 2401 1388 2438 modo
1421 2402 1456 2436 in
1493 2413 1677 2438 nnmerum
1706 2398 1790 2435 anni

1139 2458 1276 2494 dierum
1318 2457 1398 2498 375
1435 2457 1556 2493 vitium
1599 2455 1791 2505 irrepsisse

1138 2514 1330 2549 arbitratur
1356 2513 1590 2561 voculamque
1615 2527 1635 2549 τ
1647 2526 1666 2550 ο
1677 2508 1703 2549 ὕ
1714 2525 1735 2549 τ
1747 2524 1764 2549 ε
1775 2535 1791 2542 -

1139 2584 1160 2617 ρ
1173 2584 1192 2607 o
1205 2585 1226 2607 ν
1245 2574 1415 2606 mutatam
1434 2569 1505 2606 vult
1523 2569 1560 2604 in
1579 2584 1599 2606 τ
1612 2565 1792 2607 οὕκτον

1140 2622 1201 2672 (vd
1219 2625 1370 2673 ἕκτον),
1398 2629 1554 2671 sextum,
1584 2638 1655 2673 qno
1675 2635 1791 2660 annus

1140 2683 1223 2719 inde
1243 2683 1391 2719 exsistat
1412 2682 1550 2718 ‹lieriun
1567 2682 1662 2728 365,
1682 2691 1791 2728 quum

1139 2752 1186 2774 sc.
1210 2743 1330 2775 sextus
1355 2739 1506 2787 quisque
1541 2750 1656 2773 annus
1690 2747 1790 2773 men-

1137 2807 1213 2831 sem
1234 2794 1366 2831 habeat
1381 2793 1629 2832 intercalarem
1651 2793 1789 2830 dierum

1136 2852 1191 2890 30
1218 2855 1254 2887 et
1287 2851 1533 2899 unusquisque
1562 2861 1676 2886 annus
1710 2848 1789 2884 dies

1135 2905 1362 2944 intercalares
1387 2907 1556 2955 quinque.
1614 2904 1723 2942 Unde
1751 2903 1788 2939 in
