1877 3223
620 247 926 288 CL10.1.

152 356 295 408 σιλεύς
325 358 551 412 Σαρδίων,

149 437 228 481 τόν
256 438 298 481 οἵ
325 435 351 492 ἡ
390 435 585 493 παλλακὴ
613 436 749 488 ἔτεκε,

1324 253 1404 292 211

592 356 735 414 μούνῃ
767 357 822 401 οὐ
859 357 1101 414 περιήνεικε
1131 358 1209 402 τὸν
1239 358 1404 412 λέοντα,

807 436 1089 494 Τελμησσέων
1119 438 1404 490 δικασάντων,
1419 445 1464 479 30

152 516 211 568 ὥς
241 517 606 571 περιενειχθέντος
641 519 721 560 τοῦ
748 516 922 567 λέοντος
960 516 1007 561 τὸ
1033 522 1190 572 τεῖχος,
1238 517 1410 560 ἔσονται

123 596 341 650 4Σάρδιες
370 593 598 638 ἀνάλωτοι.

152 691 226 730 χος
265 675 547 728 περιενείκας,

653 593 676 638 ὁ
723 595 768 639 δὲ
799 594 952 652 Μήλης
979 596 1088 638 κατα
1118 596 1165 640 τὸ
1198 595 1301 640 ἄλλο
1331 601 1410 640 τεῖ-

606 677 657 730 τῇ
697 668 753 730 ἦν
792 674 1001 730 ἐπίμαχον
1041 674 1088 717 τό
1131 677 1292 730 χωρίον
1335 681 1411 732 τῆς

154 751 417 807 ἀκροπόλιος
427 785 439 804 ,
470 751 733 809 κατηλόγησε
762 752 947 805 τούτου,
978 750 1038 803 ὥς
1064 752 1136 795 ἐὰν
1167 752 1335 810 ἄμαχόν
1364 770 1410 798 τε

152 831 226 874 καὶ
256 829 480 888 ἀπότομον
490 848 499 856 ·

93 1032 286 1089 πρότερος
317 1039 354 1075 in
393 1036 633 1086 quibusdam,
674 1051 746 1087 quo

94 1095 176 1144 ipso
203 1107 334 1131 sensus
365 1094 415 1130 ita
457 1099 673 1140 mutaretur,
709 1100 748 1131 ut

94 1150 350 1199 intelligendus
382 1154 480 1187 esset
518 1163 579 1187 rex
607 1152 748 1188 Croeso

93 1207 194 1257 prior
214 1220 242 1243 s.
266 1208 442 1244 Croesum
462 1207 625 1255 proxime
646 1211 749 1244 ante-

94 1264 240 1300 cedens,
298 1263 461 1300 Pertinet
482 1275 567 1299 vero
586 1264 654 1300 iste
667 1263 748 1299 Me-

93 1318 146 1356 les
175 1320 223 1355 ad
244 1318 354 1355 multo
377 1318 584 1366 antiquiora
604 1324 748 1368 tempo-

91 1387 153 1419 ra3
181 1374 399 1424 penultimus
420 1375 514 1411 enim
525 1374 666 1422 Lydiae
685 1388 747 1412 rex

91 1430 365 1467 Heraclidarum
407 1443 451 1467 ex
477 1431 592 1480 stirpe
622 1431 745 1478 (conf.

91 1486 130 1533 I,
148 1487 195 1535 7)
222 1487 312 1534 fuit,
340 1488 370 1523 si
399 1487 493 1523 fides
519 1486 680 1524 Eusebio
710 1488 747 1524 in

93 1543 262 1579 Chronic.
293 1556 378 1593 pag.
409 1544 481 1584 50.
550 1542 666 1580 Multo
694 1548 749 1580 ta-

91 1612 176 1636 men
197 1599 378 1648 antiquior
407 1603 465 1637 est
485 1598 638 1636 Nicolao
672 1599 751 1637 Da-

92 1667 250 1692 mascen.
284 1656 321 1692 in
360 1657 530 1705 fragmm.
566 1669 651 1706 pag.
684 1659 750 1697 36.

98 1713 178 1752 186
217 1712 274 1749 ed.
312 1712 425 1750 Orell.
464 1712 588 1761 ibique
615 1713 751 1750 Valesii

98 1771 173 1804 not.

151 1819 217 1861 τὸν
237 1820 394 1871 λέοντα,
425 1819 497 1862 τόν
528 1823 569 1864 οἷ
597 1823 626 1876 ἡ
648 1828 750 1863 παλ-

96 1875 197 1929 λακή
238 1877 363 1929 ἔτεκε]
410 1879 574 1918 Leonem
610 1894 752 1918 sacrum

97 1949 180 1973 esse
208 1934 325 1983 Lydis
356 1949 554 1985 eorumque
577 1937 752 1986 religione

96 1991 289 2037 celebrari,
329 1992 465 2042 quippe
494 1992 581 2028 solis
607 1993 752 2041 signum

99 2052 137 2085 et
156 2047 358 2097 palladium
379 2049 484 2097 quasi
500 2048 688 2096 Lydorum
699 2063 757 2087 re-

98 2116 207 2152 gum,
246 2117 358 2154 supra
404 2105 475 2141 iam
522 2105 756 2142 iudicavimus

98 2160 146 2196 ad
168 2159 207 2206 I,
225 2161 290 2200 50.
350 2160 460 2197 Plura
481 2161 686 2199 Creuzerus
718 2163 756 2199 in

99 2215 261 2264 Symbol.
285 2215 321 2252 II
339 2230 374 2266 p.
400 2218 480 2258 231
507 2230 585 2266 seq.
644 2218 756 2256 Unde

99 2271 313 2310 Herodotea
325 2273 484 2309 narratio
502 2274 622 2310 minus
642 2274 755 2312 habe-

103 2327 154 2364 bit
177 2329 277 2376 quod
296 2329 470 2366 offendat.
530 2330 638 2368 Venit
663 2343 755 2380 quo-

99 2385 227 2432 quein
249 2390 407 2422 mentem
437 2386 601 2424 Graecae
628 2400 756 2424 narra-

99 2440 206 2475 tionis
232 2440 279 2477 de
310 2440 457 2478 Periclis
485 2447 620 2489 matre,
662 2457 756 2492 quae

105 2495 277 2543 gravida,
315 2501 509 2546 antequam
551 2499 647 2535 illum
678 2501 756 2537 edi-

102 2550 240 2597 disset,
279 2552 404 2605 leonem)
454 2567 583 2604 parere
620 2556 687 2592 sibi
719 2557 755 2592 in

102 2606 238 2642 somnis
276 2608 474 2646 videbatur.
533 2610 617 2647 vid.
659 2611 754 2649 Plut.

101 2661 227 2698 Pericl.
249 2665 274 2703 3
306 2668 341 2700 et
375 2677 468 2713 quae
496 2666 544 2701 ad
576 2666 754 2705 Plutarch.

101 2717 277 2754 Alcibiad.
297 2732 333 2768 p.
360 2721 435 2761 151
462 2722 676 2760 notavimus.

142 2773 398 2823 Τελμησσέων
417 2776 440 2814 δ
453 2791 530 2815 ικα
541 2790 564 2816 σ
575 2774 598 2816 α’
609 2793 662 2817 ντ
675 2794 703 2817 ω
716 2778 753 2829 ν]

102 2828 196 2866 Cum
218 2829 253 2866 'I
256 2829 497 2870 elmessenses
520 2846 593 2870 non
623 2836 757 2873 fuerint

103 2885 281 2925 δικασταὶ
304 2888 496 2937 (iudices),
517 2903 574 2927 vei
582 2904 641 2928 um
669 2904 756 2929 con—

558 831 646 875 ἕστι
687 833 732 876 δὲ
765 831 878 886 πρὸς
907 836 988 876 τοῦ
1023 830 1207 887 Τμώλου
1235 849 1411 888 τετραμ-

816 1040 967 1075 iectores
997 1042 1034 1075 et
1071 1039 1287 1088 interpretes
1320 1041 1469 1088 porten-

816 1099 955 1141 torum,
986 1094 1245 1132 Valckenarius
1265 1094 1469 1144 suspicatur

817 1152 988 1201 scriptum
1002 1151 1114 1188 fuisse
1127 1145 1372 1189 εἰκασοῖντων
1389 1150 1469 1187 loco

816 1202 1087 1254 δικασάντων,
1124 1206 1300 1244 Reiskius
1326 1212 1470 1256 praeter

816 1263 905 1300 alia:
966 1258 1223 1309 διδαξόντων.
1301 1263 1470 1306 Quorum

815 1323 981 1356 neutrum
1011 1320 1097 1355 mihi
1121 1320 1170 1355 ita
1203 1320 1402 1368 probatur,
1433 1324 1472 1356 ut

815 1375 965 1411 verbum
992 1372 1267 1420 δικασάντων,
1301 1376 1402 1423 quod
1434 1376 1472 1412 in

816 1431 983 1467 omnibus
1002 1431 1101 1467 libris
1127 1435 1266 1477 exstat,
1295 1430 1374 1467 loco
1395 1444 1472 1467 mo-

818 1499 933 1523 veam.
990 1486 1175 1524 Admonet
1194 1486 1360 1535 Schwgh.
1372 1489 1473 1524 verbi

821 1541 869 1595 ἔγ
883 1557 946 1581 νω
960 1554 982 1581 σ
995 1557 1053 1581 αν
1083 1556 1156 1592 quo
1175 1543 1212 1579 in
1232 1556 1271 1580 re
1294 1543 1474 1580 simillima

818 1612 905 1636 usus
928 1603 985 1636 est
1000 1599 1139 1637 Noster
1161 1599 1201 1646 Ι,
1226 1601 1281 1640 78
1295 1628 1305 1646 ,
1334 1613 1402 1637 nec
1421 1601 1475 1636 vi-

819 1656 889 1693 deo
917 1656 1088 1704 equidem
1118 1669 1180 1692 cur
1207 1656 1326 1692 minus
1357 1655 1475 1693 valeat

819 1712 1017 1749 sententia:
1080 1725 1192 1759 „cum
1231 1711 1475 1750 Telmessenses

819 1770 1024 1805 statuissent
1046 1768 1087 1804 de
1112 1781 1148 1805 re
1177 1769 1246 1805 sibi
1270 1768 1318 1806 ad
1339 1782 1475 1818 respon-

819 1823 969 1861 (lendum
998 1824 1151 1874 adeoque
1185 1824 1414 1861 dirimendum
1442 1829 1474 1861 et

819 1879 1063 1929 explecandum
1091 1882 1311 1930 proposzta“
1367 1881 1475 1917 Euri-

819 1937 894 1986 pid.
918 1937 1039 1973 Orest.
1071 1936 1171 1976 164·
1210 1932 1263 1976 ὅτ’
1295 1935 1360 1975 ἐπὶ
1396 1936 1474 1988 τρί-

823 1992 918 2030 ποδι
944 1990 1112 2041 Θέμιδος
1133 1985 1193 2044 ἆρ’
1222 2007 1240 2031 ε
1230 1991 1304 2030 ’δ’
1290 2008 1303 2030 ι
1318 2007 1341 2031 κ
1354 2008 1377 2031 α
1389 2004 1439 2031 σε
1452 2007 1476 2031 v

825 2043 954 2097 φόνον
977 2045 1160 2094 οΛοξιας
1182 2047 1278 2098 ε’μᾶς
1297 2047 1475 2100 ματέρος.

822 2104 961 2142 Locum
982 2104 1090 2141 affert
1108 2104 1310 2154 Schweigh.
1329 2106 1364 2142 in
1385 2105 1473 2143 Lex.

822 2160 1048 2198 Herodoteo.

878 2212 1123 2281 κατηλόγησε
1144 2213 1306 2265 τούτου,
1338 2232 1391 2263 ως
1409 2214 1477 2256 ἐὸν

824 2288 976 2324 αμαχον
988 2287 1028 2312 τε
1045 2289 1110 2311 και
1126 2247 1351 2324 απότομόν]
1368 2274 1477 2311 Reis-

824 2330 906 2366 kius
938 2329 975 2365 in
1006 2330 1165 2377 genitivo
1197 2342 1338 2369 τουτου
1360 2331 1479 2368 offen-

825 2387 937 2432 dens,
967 2385 1091 2422 maluit
1112 2386 1220 2423 scribi
1245 2379 1374 2433 τοῦτο,
1396 2387 1475 2424 coll.

825 2442 896 2489 ῙῙῙ,
924 2445 1012 2483 121·
1042 2442 1080 2488 Ι,
1106 2442 1195 2483 144.
1255 2443 1335 2480 Nec
1355 2448 1478 2479 tamen

823 2499 860 2535 in
883 2499 1043 2546 genitivo
1065 2500 1135 2534 isto
1166 2497 1323 2536 offendit
1345 2499 1475 2536 Matth.

824 2553 861 2606 ἓ.
893 2555 994 2601 568,
1033 2557 1057 2595 3
1099 2567 1185 2604 pag.
1223 2557 1354 2602 1123,
1397 2555 1479 2592 licet

825 2615 1024 2660 sequantur
1049 2610 1253 2647 accusativi.
1296 2611 1393 2648 Nam
1419 2610 1479 2648 alii

824 2680 972 2716 quoque
993 2667 1221 2704 inveniuntur
1235 2666 1324 2714 loci,
1344 2668 1381 2703 in
1397 2667 1478 2716 qui-

825 2723 955 2760 busita
967 2723 1165 2772 genitivum
1185 2727 1221 2760 et
1239 2724 1478 2761 accusativum

825 2780 1025 2817 variantem
1047 2779 1222 2815 videmus.

880 2833 959 2873 ε’στι
990 2832 1032 2873 δὲ
1075 2849 1177 2887 προς
1206 2835 1279 2873 τοῦ
1312 2828 1479 2885 Τμωλου

825 2889 1090 2942 τετραμμένον
1105 2893 1175 2941 τῆς
1195 2885 1359 2941 πόλιος]
1389 2891 1480 2927 Ver-

1121 2949 1175 2987 14
1188 2947 1206 2968 *
