1877 3223
423 201 504 242 144
811 200 1279 240 HERODOTI

419 310 490 354 καὶ
518 313 605 354 τῶν
633 310 712 365 μὲν
748 313 1042 364 προεστεῶτος
1080 311 1333 367 Μεγακλέος
1360 314 1442 355 τοῦ
1475 309 1670 368 Ἀλκμαί-

422 406 553 443 ωνος,
605 394 693 433 τῶν
727 390 773 433 δὲ
812 390 858 433 ἐκ
895 393 976 433 τοῦ
1013 391 1166 434 πεδίου
1196 389 1457 446 Λυκούργου
1482 389 1725 446 Ἀριστο-95

419 470 601 521 tamem,
640 467 979 525 καταφρονήσας
1007 469 1088 526 τήν
1119 470 1380 524 τυραννίδα,
1415 467 1555 525 ἤγειρε
1582 472 1668 526 τρί-

364 654 426 690 tio.
484 653 595 690 Unde
617 652 811 689 admodum
840 653 1009 692 credibile

363 711 425 755 sit,
457 722 519 746 cos
550 710 650 759 ipsos
678 709 790 745 fuisse
813 709 1009 760 locupletes

364 766 522 813 indeque
549 764 689 800 nobiles
728 764 821 802 inter
870 767 1011 803 Atticae

363 821 519 867 incolas,
567 821 834 870 optimatesque
871 821 1012 859 Atticae

362 877 439 914 iure
466 877 534 913 dici
553 890 673 926 posse.
732 876 874 919 Quibus
894 891 1012 927 oppo-

362 933 420 969 siti
445 934 609 969 dicuntur
627 932 769 969 Dt'acn'i
796 946 849 979 5.,
871 937 911 969 ut
935 934 1014 970 He·-

362 989 511 1025 rodotus
526 989 674 1026 eosdem
685 988 854 1038 appellat,
866 987 1013 1039 ’ὑπερα-

362 1045 520 1096 κρίους,
551 1058 643 1094 quos
672 1045 845 1082 montium
874 1045 1011 1082 incolas

361 1102 475 1138 fuisse
496 1102 612 1151 ipsum
642 1114 776 1138 nomen
807 1101 895 1137 satis
915 1101 1012 1138 indi-

361 1162 428 1194 cat.
485 1158 636 1194 Accedit
663 1157 861 1206 Dionysius
891 1157 1009 1195 Halic.

360 1209 1009 1280 Antiqq.R0mm.I,13:‚‚aQ-

360 1266 496 1320 χαὶκόν
525 1266 568 1309 τὸ
587 1272 824 1322 φιλοχωρεῖν
848 1266 1004 1339 όρεσιν·

362 1340 418 1372 ως
449 1323 818 1390 υπερακρίους
859 1341 1009 1373 τινας

359 1376 592 1436 Ἀθήνῃσιὲ(
623 1382 746 1425 Quare
765 1382 934 1419 Palmerii
951 1395 1011 1419 ra·-

359 1438 479 1474 tiones
507 1438 664 1488 probare
680 1450 835 1486 nequeo,
864 1452 1010 1490 υπερα-

359 1493 497 1545 κρίους
534 1506 669 1531 nomen
708 1495 893 1544 accepisse
933 1499 1009 1531 sta-

361 1550 516 1597 tuentis,
562 1562 636 1585 non
677 1561 699 1586 a
730 1550 932 1598 montibus,
970 1551 1007 1588 in

360 1606 490 1655 quibus
515 1605 774 1652 habitaverint,
813 1619 922 1655 quam
960 1607 1005 1643 ab

359 1675 426 1708 eo,
456 1662 555 1710 quod
575 1658 674 1712 νπὲρ
695 1658 824 1713 ἔὶκραν
852 1663 874 1698 i.
891 1675 922 1700 e.
943 1676 1006 1700 su-

359 1729 428 1767 pra
451 1718 600 1754 Sunium
621 1719 918 1767 promontorium,
949 1731 1007 1755 se-

359 1773 426 1810 des
445 1773 646 1810 habuerint.
674 1774 757 1810 Vid.
776 1773 943 1812 Exercitt.
969 1775 1005 1810 in

358 1832 444 1865 vett.
467 1833 574 1865 auctt.
602 1841 688 1878 pag.
707 1832 731 1869 3
754 1843 856 1878 seqq.
886 1830 1004 1867 Sedes

358 1896 444 1922 vero
492 1884 716 1922 Diacriorum
755 1898 778 1921 a
814 1886 1003 1923 Braurone

357 1952 473 1989 usque
509 1940 558 1976 ad
606 1940 805 1978 Parnesum
842 1945 1004 1978 montem

357 1996 574 2047 pertinuisse
591 2001 716 2033 monet
739 1997 943 2045 Hesychius
972 2010 1003 2034 s.

357 2065 415 2098 v.;
444 2064 537 2101 quae
566 2052 647 2102 ipsa
676 2056 733 2090 est
765 2057 884 2090 terrae
908 2052 1003 2090 Atti-

358 2120 422 2145 cae
447 2120 533 2158 pars
562 2109 687 2158 utique
711 2109 894 2146 montibus
923 2122 1002 2146 ma-

357 2164 414 2212 gis
445 2164 584 2212 obsita,
623 2177 729 2213 quam
755 2165 887 2201 Strabo
917 2165 1004 2201 dicit

358 2214 528 2271 ὅρεινήν.
586 2220 677 2257 Utut
705 2224 782 2267 est,
812 2219 848 2257 hi
866 2221 1001 2258 Diacrii

358 2279 462 2313 erant
519 2288 717 2326 pauperes,
760 2277 877 2326 iisque
924 2278 1001 2314 fere

356 2331 596 2379 conveniunt,
626 2334 687 2381 qui
719 2335 843 2384 θῆτες
868 2345 1002 2370 vocan-

356 2391 436 2433 tur,
473 2387 651 2424 inferioris
680 2388 730 2425 illi
767 2389 911 2438 quidem
940 2402 1000 2425 or-

356 2443 474 2491 dinis,
502 2444 741 2494 divitibusque
767 2457 851 2483 aere
881 2445 998 2482 alieno

356 2499 503 2536 obnoxii
550 2498 761 2550 plerumque
815 2513 858 2538 ac
905 2500 997 2537 servi

356 2555 632 2605 propemodum.
689 2557 800 2594 Unde
827 2569 901 2593 non
928 2556 996 2592 mi-

356 2622 436 2647 rum
463 2611 702 2650 democratiae
737 2613 817 2649 illos
845 2612 997 2659 favisse;

357 2678 449 2715 quos
475 2667 560 2704 inde
597 2681 697 2716 eum,
739 2669 801 2718 qui
834 2668 997 2717 tyranni-

358 2722 442 2759 dem
496 2723 703 2771 affectaret,
770 2725 997 2775 potissimum

357 2777 484 2814 sectari
494 2791 560 2828 par
576 2784 662 2816 erat.
691 2779 787 2818 Nam
802 2794 822 2818 e
834 2780 998 2818 huiusce-

356 2834 455 2871 modi
481 2834 579 2873 liberi
602 2836 726 2888 populi
752 2840 848 2875 statu
873 2840 996 2886 tyran-

1076 655 1197 692 nidem
1217 654 1371 692 existere
1389 653 1519 700 solere,
1547 659 1634 690 nota
1654 666 1724 691 reS.

1076 711 1172 748 tide
1190 715 1333 757 tamen,
1363 711 1462 759 quod
1483 711 1531 746 ad
1558 710 1727 746 Pisistra-

1077 770 1152 803 tum
1180 768 1329 812 attinet,
1381 767 1582 802 Tittmann.
1629 765 1726 802 Dar-

1079 823 1172 860 stell.
1224 824 1258 859 d.
1308 823 1451 860 Griech.
1513 823 1727 858 Staatsverf.

1081 892 1167 929 pag.
1211 881 1294 920 530
1335 892 1411 927 seq.
1442 879 1520 915 coll.
1565 891 1600 928 p.
1632 878 1725 918 349.

1082 935 1157 971 lain
1184 936 1290 971 tertio
1318 934 1396 971 loco
1425 939 1563 971 restant
1585 933 1727 980 Par-ali,

1080 991 1227 1026 mixtam
1269 991 1319 1027 rei
1362 990 1526 1040 publicae
1573 992 1725 1027 sormam

1078 1047 1347 1096 praeferentes,
1391 1047 1526 1082 neutris
1569 1047 1727 1091 addicti·,

1078 1103 1116 1138 id
1137 1103 1237 1150 quod
1267 1114 1309 1138 ex
1341 1101 1435 1138 vitae
1460 1115 1595 1151 genere
1624 1101 1728 1149 (nam

1076 1159 1296 1206 navigationi
1325 1162 1361 1194 et
1400 1159 1610 1195 commercio
1648 1157 1728 1194 illos

1076 1215 1220 1251 deditos
1257 1215 1369 1251 fuisse
1395 1213 1451 1251 vel
1489 1214 1575 1251 inde
1611 1217 1727 1265 patet,

1076 1271 1176 1320 quod
1214 1283 1314 1307 oram
1348 1270 1563 1307 maritimam
1605 1270 1726 1318 regio-

1078 1340 1216 1375 nesque
1260 1326 1348 1363 mari
1392 1327 1572 1376 proximas
1620 1330 1724 1363 tene-

1076 1383 1192 1428 bant)
1228 1384 1362 1432 optime
1401 1382 1568 1432 explicari
1610 1394 1723 1432 posse

1075 1451 1181 1475 nemo
1203 1450 1276 1474 non
1303 1439 1410 1475 videt.
1449 1438 1546 1474 Hinc
1577 1450 1723 1487 quoque

1075 1494 1183 1531 iidem
1204 1494 1380 1531 coniuncti
1407 1495 1443 1530 in
1462 1494 1641 1530 Pisistrati
1664 1507 1721 1531 rc-

1075 1550 1141 1586 bus
1161 1551 1385 1600 reperiuntur
1410 1550 1570 1587 eiusdem
1594 1551 1722 1587 adver-

1074 1607 1159 1642 sarii
1176 1619 1256 1643 cum
1273 1606 1464 1652 Pediaei53
1493 1607 1630 1656 quippe
1663 1619 1721 1643 re-

1073 1662 1142 1698 bus
1177 1663 1251 1698 suis
1291 1663 1491 1712 opibusque
1536 1663 1630 1699 adeo
1665 1666 1720 1698 at-

1074 1731 1144 1766 que
1166 1719 1296 1755 divitiis
1328 1719 1495 1756 timentes
1520 1731 1542 1754 a
1565 1717 1719 1754 Diacriis

1074 1787 1103 1809 s.
1136 1774 1241 1823 plebe
1266 1787 1426 1824 paupere
1457 1778 1568 1822 atque
1596 1775 1718 1824 inope.

1074 1829 1194 1871 Quam
1224 1830 1261 1865 in
1291 1842 1367 1867 reru
1389 1830 1457 1867 Cr.
1487 1830 1623 1866 consuli
1643 1829 1720 1866 vult

1072 1885 1290 1922 Schomann.
1341 1885 1388 1924 de
1436 1885 1566 1924 Comit.
1601 1885 1717 1924 Athe-

1070 1941 1204 1978 nienss.
1224 1955 1260 1991 p.
1281 1941 1362 1982 343
1384 1955 1461 1991 seq.
1481 1946 1518 1980 et
1537 1941 1717 1979 Flamen:

1068 1996 1253 2046 Βθ)ῐτέιςε
1292 2011 1323 2034 z.
1364 1998 1567 2035 Kenntniss
1597 1999 1633 2035 d.
1661 2002 1718 2035 at-

1068 2053 1171 2090 tisch.
1199 2054 1347 2091 Rechts.
1368 2067 1403 2104 Ρ.
1428 2056 1454 2095 3
1480 2067 1536 2103 sq.
1557 2054 1611 2095 53
1631 2066 1713 2103 sqq.

1124 2105 1610 2161 καταφρόνησας
1638 2107 1714 2159 τὴν

1067 2164 1299 2216 τυραννίδα]
1319 2169 1597 2216 καταφρονεῖν,
1611 2166 1711 2214 quod

1067 2221 1174 2269 vulgo
1200 2225 1255 2258 est
1282 2224 1508 2267 contemnere,
1539 2221 1712 2270 quodque

1068 2276 1160 2312 binis
1189 2277 1266 2312 aliis
1295 2277 1421 2313 Nostri
1450 2277 1634 2327 scriptoris
1657 2277 1711 2313 lo-

1067 2333 1117 2368 cis
1148 2331 1208 2378 (I,
1237 2335 1302 2374 66.
1321 2333 1418 2380 vlu,
1450 2334 1520 2381 10)
1544 2333 1711 2383 putandi,

1065 2389 1293 2426 existimandi
1342 2390 1525 2426 notionem
1587 2388 1709 2437 habet,

1065 2445 1227 2493 quamvis
1256 2457 1330 2481 non
1357 2446 1436 2483 sine
1467 2445 1592 2482 addita
1617 2458 1707 2494 qua-

1063 2501 1148 2537 dam
1168 2502 1398 2550 arrogantiae
1426 2501 1484 2538 vel
1505 2505 1705 2538 contemtus

1061 2556 1346 2605 significatione,
1400 2557 1469 2594 hoc
1499 2557 1579 2594 loco
1613 2556 1705 2606 affe-

1062 2612 1186 2649 ctandi
1215 2626 1256 2651 ac
1276 2613 1469 2650 meditandi
1487 2614 1636 2651 notione
1647 2626 1707 2651 ae-

1062 2668 1132 2718 cipi
1165 2682 1276 2719 posse
1313 2670 1544 2707 contendunt.
1595 2669 1704 2713 Quod

1061 2737 1142 2761 cum
1194 2725 1286 2763 male
1325 2726 1474 2764 haberet
1499 2724 1702 2763 Valckena-

1062 2780 1171 2828 rium,
1201 2782 1351 2820 coniecit
1385 2786 1471 2833 (pro
1496 2795 1699 2847 καταφρο-

1061 2831 1233 2888 νήσας).·
1280 2836 1346 2878 καὶ
1379 2835 1586 2891 φρονήσας
1615 2838 1636 2874 i
1665 2849 1695 2874 e

1867 0 1877 60 i

1847 180 1877 393 N

1871 458 1877 622 1
