1909 3228
254 218 338 256 916
728 214 1316 252 EXCURSUSIX

671 656 1229 705 EXCURSUS
1293 658 1362 704 IX

476 771 600 809 AD
683 771 1552 820 HERODOT.11,141.

315 975 394 1017 Acl
422 974 587 1017 verba.-
624 969 939 1027 Σαναχάριβον
977 974 1155 1028 βασιλέα
1191 971 1402 1029 Ἀραβίων
1442 990 1486 1017 τε
1514 973 1587 1016 καὶ
1621 970 1772 1014 Ἀσσυ-

628 1041 736 1094 ρίων
761 1056 799 1082 κ.
835 1057 867 1082 τ.
899 1044 936 1083 λ.

373 1133 623 1184 Expeditionis
658 1147 680 1170 a
720 1134 968 1171 Sanacharibo
1005 1133 1234 1183 Assyriorum
1277 1148 1365 1184 rege
1405 1139 1596 1186 susceptae
1629 1136 1774 1185 praeter

260 1204 457 1254 Iosephum
483 1201 710 1250 archaeolog.
746 1202 802 1248 Χ,
825 1205 845 1243 1
879 1200 916 1252 §.
938 1202 964 1242 4
994 1203 1156 1240 meminit
1189 1216 1336 1253 quoque
1367 1203 1524 1250 [esaias‚
1575 1203 1636 1252 qui
1665 1201 1774 1250 vuigo

263 1273 393 1309 dicitur
423 1284 501 1321 cap.
522 1269 681 1306 XXXVI
702 1274 738 1307 et
761 1283 859 1319 seq,
890 1271 951 1307 ubi
973 1275 1093 1308 tamen
1116 1270 1306 1321 Aegyptus
1336 1271 1433 1308 haud
1462 1274 1776 1315 commemoratur,

263 1340 329 1377 sed
354 1339 490 1375 Iudaea
517 1342 682 1385 tantum,
723 1351 815 1386 quae
840 1351 1039 1388 sanequam
1071 1340 1252 1376 Iudaicum
1281 1339 1466 1376 hominum
1497 1339 1614 1388 magis
1643 1338 1774 1375 adver-

262 1412 340 1446 tere
359 1410 516 1457 poterat.
574 1405 671 1443 Nam
694 1406 982 1453 Sanacharibus,
1013 1408 1075 1456 qui
1098 1406 1306 1457 Aegyptum
1334 1408 1480 1456 quidem
1506 1407 1654 1457 petiisse
1675 1405 1777 1442 vide-

263 1480 338 1522 tur,
366 1475 434 1511 hac
460 1475 496 1510 in
518 1473 747 1523 expeditione
773 1487 816 1511 eo
847 1475 964 1511 minus
991 1476 1191 1525 praeterire
1217 1477 1335 1525 potuit
1365 1476 1559 1522 Iudaeam,
1590 1487 1662 1523 quo
1691 1484 1776 1521 gra-

264 1544 342 1580 vius
378 1555 420 1579 ac
452 1542 630 1578 difficilius
661 1545 738 1578 erat
774 1540 981 1592 Aegyptum
1017 1543 1188 1593 petenti,
1238 1543 1419 1579 Iudaicam
1452 1548 1583 1580 terram
1616 1541 1774 1589 Assyriis

265 1611 444 1648 infensam
470 1609 671 1658 relinquere
707 1610 804 1646 haud
831 1611 1015 1647 domitam.
1066 1611 1140 1647 Sed
1169 1610 1400 1657 Herodotus,
1433 1611 1494 1659 qui
1523 1611 1570 1647 ad
1600 1622 1775 1647 summam

267 1679 364 1726 regis
388 1677 656 1727 expeditionem
684 1679 841 1726 respexit
874 1679 1046 1727 solosque
1079 1677 1281 1727 Aegyptios
1307 1680 1517 1716 sacerdotes
1546 1680 1592 1716 de
1613 1691 1655 1715 ea
1681 1679 1776 1715 rese-

267 1751 392 1784 rentes
428 1745 570 1791 audiit,
621 1745 667 1781 de
699 1744 833 1781 Iudaea
865 1749 986 1791 tacet,
1035 1744 1133 1780 cuius
1169 1749 1288 1782 terrae
1317 1746 1538 1783 accuratiore
1570 1746 1777 1794 cognitione

269 1815 415 1851 omnino
451 1813 648 1848 destitutus
685 1812 794 1849 fuisse
827 1812 979 1849 videtur.
1047 1811 1139 1847 Illud
1176 1821 1295 1849 autem
1333 1813 1478 1851 minime
1515 1813 1682 1849 dubium:
1729 1812 1777 1849 de

269 1894 340 1918 una
370 1881 572 1928 eademque
610 1881 841 1929 expeditione
877 1884 914 1917 et
944 1880 1175 1917 Herodotum
1204 1884 1240 1917 et
1270 1881 1453 1917 Iudaicum
1482 1881 1691 1930 scriptorem
1720 1892 1778 1917 re-

269 1952 385 1995 ferre3
432 1949 493 1997 qui
518 1960 738 1995 quamquam
773 1948 809 1984 in
843 1948 991 1996 singulis
1029 1948 1245 1996 quibusdam
1283 1949 1522 1995 dissentiunt,
1571 1948 1609 1984 in
1641 1959 1779 1984 summa

271 2020 346 2056 sere
364 2016 600 2062 conveniunt,
629 2028 708 2052 cum
732 2014 964 2065 Assyriorum
990 2028 1115 2063 regem
1144 2016 1292 2052 tradant
1322 2017 1369 2052 ad
1396 2015 1556 2066 Aegypti
1581 2015 1669 2053 fines
1691 2028 1777 2064 per-

271 2085 436 2129 venisse3
477 2096 568 2131 quos
602 2096 682 2120 cum
708 2083 840 2120 intrare
864 2083 992 2130 vellet,
1041 2083 1201 2132 pernicie
1233 2084 1351 2120 subito
1390 2084 1571 2121 incidente
1609 2084 1777 2131 adeoque

273 2153 441 2190 divinitus
461 2150 619 2187 immissa
638 2163 762 2199 regem
789 2151 896 2187 ictum
922 2151 1092 2187 continuo
1124 2152 1323 2200 refugisse,
1361 2164 1495 2200 magna
1526 2155 1649 2200 strage
1675 2163 1779 2189 acce-

273 2226 349 2272 pta.
410 2220 520 2263 Quod
552 2220 757 2255 sacerdotes
790 2223 825 2255 et
859 2219 1013 2256 Iudaeos
1042 2223 1080 2255 et
1104 2218 1306 2269 Aegyptios
1334 2220 1464 2268 cupide
1497 2219 1690 2269 arripuisse
1717 2230 1776 2254 ar-

275 2289 426 2325 bitratur
455 2285 635 2323 Gesenius
662 2287 710 2323 ad
739 2286 875 2323 Iesaiae
902 2286 1018 2323 locum
1048 2286 1160 2336 (pag.
1178 2289 1270 2327 937.
1293 2288 1373 2327 973
1401 2287 1523 2335 seqq)
1554 2286 1777 2335 celeremque

274 2354 413 2404 Assyrii
437 2355 534 2402 regis
558 2355 682 2402 fugam
711 2354 778 2390 diis
807 2354 1043 2403 adscripsisse
1063 2358 1347 2404 portentumque
1370 2355 1610 2404 praedicasse.
1649 2353 1779 2402 ltaque

276 2436 297 2459 a
320 2436 404 2459 vero
434 2423 588 2459 maxime
613 2422 807 2459 abhorrere
831 2422 1015 2468 videntur,
1048 2422 1109 2470 qui
1131 2422 1327 2458 Sethonem
1355 2422 1534 2458 Herodoti
1561 2435 1626 2471 pro
1648 2422 1778 2459 Hiskia

277 2493 313 2526 et
333 2489 532 2526 Vulcanum
555 2488 798 2539 Aegyptium,
838 2488 936 2525 cuius
973 2490 1143 2526 sacerdos
1171 2491 1237 2525 suit
1265 2489 1400 2536 Setho,
1439 2502 1505 2539 pro
1528 2488 1661 2526 Iehova
1685 2489 1779 2526 acci-

276 2556 390 2607 piant.
449 2556 530 2593 vid.
563 2557 761 2594 Gesenium
788 2556 810 2593 l.
838 2556 882 2602 l.‚
922 2557 983 2605 qui
1012 2557 1090 2607 ipse
1118 2557 1206 2594 haec
1235 2558 1376 2593 statuit:
1426 2555 1539 2603 „Auf
1557 2558 1669 2605 jeden
1697 2557 1779 2595 Fall

276 2623 395 2660 haben
430 2624 494 2660 wir
527 2623 602 2662 hier
637 2625 725 2662 zwei
754 2624 987 2661 verschieden
1019 2624 1268 2673 ausgebildete
1306 2623 1779 2673 mythisch-traditionelle

277 2690 541 2737 Nachrichten,
571 2693 631 2729 die
656 2705 727 2729 von
753 2693 868 2730 einem
895 2691 1192 2740 geschichtlichen
1211 2692 1354 2729 Punkte
1375 2691 1580 2740 ausgehen,
1609 2691 1677 2728 wie
1704 2690 1779 2728 sich

278 2758 370 2795 noch
399 2758 549 2795 manche
581 2760 716 2797 andere
746 2759 1010 2807 Berniihungen
1043 2758 1163 2795 dieser
1189 2758 1254 2796 Art
1282 2759 1318 2795 in
1356 2759 1422 2795 der
1447 2758 1779 2808 Sagengeschichte

280 2826 346 2863 der
364 2825 468 2863 Bibel
484 2827 558 2863 und
583 2827 647 2864 der
666 2827 858 2864 Klassiker
881 2827 1042 2864 ssnden.“
1099 2825 1178 2863 Nec
1203 2826 1357 2864 certiora
1387 2827 1434 2863 de
1463 2825 1516 2862 his
1544 2826 1778 2876 pronuntiare
