1909 3228
432 209 515 250 491

815 202 1287 243 HERODOTI

431 314 598 371 τρόπον
625 313 703 357 τὸν
730 313 804 356 καὶ
833 316 912 355 τοῦ
947 310 1150 368 Ἀραβίου
1187 312 1238 354 τοὶ
1275 311 1383 366 πρὸς
1417 314 1685 369 μεσαμβρίην

403 396 640 450 4φέροντα.
676 390 735 434 Τὸ
766 387 828 434 ὦν
857 390 910 446 δὴ
940 388 1025 433 ἀπὸ
1049 388 1374 442 ’[Ιλιουπόλιος,
1405 391 1550 435 οὐκέτι
1577 397 1684 435 πολ-

431 472 511 516 λόν
538 471 724 527 χωρίον,
755 468 814 521 ὥς
843 467 955 513 εἶναι
984 468 1211 524 Αἰγύπτου
1231 486 1239 495 ·
1273 468 1370 513 ἀλλ’
1389 469 1497 513 ὅσον
1517 487 1560 514 τε
1581 469 1683 526 ἦμε-

432 551 543 606 ρὲων
571 549 785 604 τεσσέρων
814 546 1039 592 ἀναπλόου
1067 547 1210 604 στεινή
1240 548 1329 592 ἐστι
1347 550 1566 605 Αἴγυπτος
1587 551 1684 594 ἐοῦ-

398 638 498 673 5σα.
533 632 622 671 τῶν
652 627 698 672 δὲ
729 626 899 683 οὐρέων
935 631 1024 671 τῶν
1061 627 1295 684 εἰρημένων
1324 628 1372 672 τὸ
1401 629 1581 684 μεταξὺ,
1611 644 1686 673 πε·
1698 636 1743 669 3ο

431 707 529 759 διας
556 708 636 764 μὲν
665 711 737 764 γῆ·
769 704 939 751 στάδιοι
974 707 1020 751 δὲ
1048 706 1233 764 μάλιστα
1263 706 1439 751 ἐδόκεόν
1469 726 1544 765 μοι
1562 706 1686 760 εἶναι,

431 791 487 845 τῇ
515 785 788 831 στεινότατόν
818 786 929 838 ἐστι,
959 788 1192 844 διηκοσίων
1223 784 1276 830 οὐ
1301 789 1500 841 πλείους,
1534 788 1582 832 ἐκ
1607 791 1689 832 τοῦ

375 995 461 1034 nulli
480 995 586 1033 codd.
605 999 641 1034 et
664 995 748 1034 edd.
766 1009 789 1034 κ
802 1010 826 1033 α
838 1010 858 1033 τ
872 1009 887 1034 ε
899 997 976 1046 ιλη
990 1010 1033 1045 μ-

376 1051 464 1104 μέν
476 1067 496 1091 ο
508 1067 542 1091 ν.
575 1053 685 1096 Quod
699 1065 765 1088 nos
777 1052 942 1089 dedimus
953 1065 1033 1089 cum

374 1109 577 1158 Schweigh.
593 1113 629 1146 et
641 1109 756 1145 G-aisf.
767 1137 777 1155 ‚
807 1109 924 1145 verbis
937 1121 1035 1145 com-

374 1166 568 1204 mendatur
595 1164 797 1202 Homericis
826 1164 961 1213 Odyss.
989 1159 1033 1213 ξ’,

377 1223 477 1264 136;
510 1215 695 1274 ψαμαθω
730 1218 914 1271 εἰλυμένα
942 1223 1034 1259 πολ-

374 1280 448 1333 λῆ,
479 1290 501 1315 a
531 1277 773 1326 Wesselingio
807 1278 877 1314 iam
904 1277 1033 1325 allatis,

374 1335 430 1372 cui
447 1339 568 1372 tamen
584 1331 864 1385 κατειλημένον
884 1346 906 1370 a
923 1335 1033 1371 verbo

376 1389 486 1429 εἰλὲω
509 1404 582 1427 non
604 1391 720 1427 minus
747 1391 899 1439 probum
928 1391 1032 1428 vide-

374 1451 445 1494 tur,
475 1447 653 1484 firmatum
670 1445 834 1483 versiculi
849 1446 1034 1483 cuiusdam

374 1503 584 1540 auctoritate
598 1503 634 1538 in
647 1502 854 1539 Philostrati
866 1502 1033 1539 Heroicc.

375 1571 460 1609 pag.
476 1560 556 1600 693
578 1560 651 1606 (98
667 1558 865 1606 Boisson.).
896 1558 971 1595 Sed
990 1570 1034 1595 eo

374 1616 455 1666 ipso
481 1615 518 1651 in
545 1614 624 1651 loco
653 1627 748 1651 nunc
771 1614 1033 1650 Boissonadius

374 1684 441 1722 pro
462 1668 651 1721 εἰλημὲνε,
681 1670 780 1720 quod
793 1670 957 1708 Olearius
970 1670 1036 1708 de-

374 1728 491 1774 derat,
515 1740 535 1764 e
551 1727 713 1764 codicum
732 1739 911 1764 consensu
929 1739 1037 1775 repo-

374 1782 445 1820 suit
466 1781 641 1832 εἰλυμένε
658 1782 818 1830 illudque
837 1781 913 1818 aliis
927 1782 1036 1819 etiam

373 1839 589 1876 testimoniis
610 1838 773 1875 firmavit.
815 1838 923 1874 Conf.
943 1841 1033 1874 nott.

374 1907 461 1944 pag·
479 1894 574 1936 469.
603 1893 700 1932 Nam
720 1894 908 1931 descendit
922 1906 1035 1931 aver-

374 1951 422 1987 bo
442 1946 585 2001 εἰλύω,
606 1944 795 1989 κατειλύω
816 1950 954 1998 omega,
976 1950 1034 1985 ob-

373 2007 485 2044 volvo.
509 2027 567 2035 -
609 2007 650 2044 ln
680 2019 782 2055 seqq.
808 2006 916 2055 vulgo
942 2005 1035 2043 male

373 2060 614 2114 τεταμμένον
628 2076 695 2115 pro
713 2056 939 2113 τετάμενον,
955 2075 1035 2099 cum

373 2119 442 2157 loci
462 2133 588 2157 sensus
610 2120 676 2157 sit:
707 2132 800 2155 niens
810 2121 955 2169 —pan'
966 2132 1037 2155 mo-

375 2175 417 2212 do
424 2180 605 2226 porrectus
613 2176 668 2224 (in
678 2175 939 2224 longitudinem
952 2174 1035 2223 sc.),

376 2245 442 2282 quo
458 2232 604 2269 Arabici
623 2234 747 2269 montis
768 2244 809 2268 ea
828 2244 927 2283 pars,
950 2242 1038 2282 quae

374 2289 547 2326 meridiem
561 2301 680 2326 versus
698 2288 820 2325 tendit.

429 2342 474 2385 τό
494 2339 552 2384 ὧν
576 2341 625 2395 δή
650 2339 728 2384 ἀπὸ
743 2337 1034 2392 Ἡλιουπόλιος]

375 2400 397 2438 ἰ.
418 2414 449 2439 e.
469 2401 561 2452 quod
580 2403 707 2439 attinet
725 2401 771 2437 ad
789 2413 864 2438 eam
884 2400 1039 2449 Aegypti

374 2460 566 2506 regionem,
597 2471 686 2508 quae
710 2457 753 2494 ab
774 2455 951 2506 Heliopoli
969 2468 1037 2492 me-

375 2513 497 2551 ridi-em
515 2526 632 2552 versus
652 2517 703 2551 est
720 2515 792 2550 sita
811 2511 898 2550 Nilo
913 2511 1038 2548 adver-

375 2584 413 2606 σο
426 2571 670 2620 proficiscenti.
681 2569 843 2620 Respicit
855 2568 949 2606 enim
961 2568 1039 2605 He-

376 2627 526 2664 rodotus
556 2639 620 2674 ea,
658 2639 752 2676 quae
782 2625 909 2675 capitis
937 2624 1037 2661 initio

378 2687 569 2731 posuerat,
595 2683 716 2720 multis
746 2682 864 2719 verbis
894 2681 1039 2717 interie-

380 2738 460 2800 ct'is:
492 2733 567 2778 ἀπὸ
591 2736 632 2777 δὲ
656 2732 931 2783 Ἡλιουπόλιος
953 2733 1037 2775 ἅνω

381 2807 493 2833 ιοντι.

436 2843 567 2887 ου’κέτι
583 2847 725 2889 πολλὸν
737 2850 893 2902 χωρίον,
917 2847 969 2897 ὥς
988 2844 1038 2889 εἷ-

1089 1010 1157 1034 ναι
1185 991 1414 1046 Αἰγύπτου]
1447 995 1469 1032 i.
1496 1009 1527 1033 e.
1555 998 1650 1044 regio
1679 1008 1746 1032 uon

1089 1051 1240 1101 amplius
1258 1054 1411 1101 spatiosa
1429 1056 1490 1099 est,
1519 1056 1559 1088 ut
1572 1055 1617 1088 sit
1628 1053 1746 1102 Aegy-

1086 1111 1144 1158 pta·
1160 1108 1208 1155 (s.
1229 1120 1322 1156 quae
1342 1108 1501 1158 Aegypti
1520 1122 1600 1146 esse
1621 1122 1746 1146 censc-

1090 1165 1166 1211 tur)
1187 1178 1214 1201 s.
1227 1177 1291 1200 non
1311 1164 1462 1214 amplius
1478 1166 1514 1201 in
1525 1165 1746 1201 latitudinem

1091 1221 1236 1257 multum
1258 1224 1356 1270 patet
1387 1223 1478 1258 utin
1501 1220 1548 1269 (s.
1568 1222 1655 1271 pro)
1677 1221 1745 1257 Ae-

1089 1281 1209 1327 gypto.
1248 1277 1310 1314 Sic
1329 1282 1423 1315 recte
1442 1277 1572 1315 Matth.
1594 1278 1659 1314 Gr.
1681 1277 1746 1313 Gr.

1090 1347 1175 1384 pag,
1200 1335 1317 1374 1071.
1348 1333 1465 1371 Invita
1482 1333 1648 1372 Minerva
1666 1334 1749 1371 Ste-

1091 1404 1167 1439 ger.
1181 1390 1339 1427 Praesat.
1356 1403 1442 1441 pag.
1455 1391 1506 1428 XI
1519 1390 1666 1439 corrigit
1677 1388 1747 1427 Αἴ-

1091 1461 1173 1512 γυπ
1179 1460 1198 1483 τ
1211 1461 1229 1483 o
1242 1460 1274 1483 ν.

1148 1496 1235 1539 ἄλλ’
1267 1497 1363 1540 ὅσον
1392 1515 1432 1539 τε
1466 1522 1514 1529 -
1548 1499 1749 1552 Αἴγυπτος

1089 1555 1232 1603 ἐοῦσα]
1267 1558 1288 1594 i.
1317 1570 1347 1595 e.
1382 1556 1454 1595 Sed
1474 1570 1536 1607 per
1569 1557 1752 1607 quatridui

1088 1615 1365 1662 navi'gatzonem‚
1394 1627 1483 1663 quae
1508 1613 1653 1650 adverso
1669 1615 1748 1664 flu-

1089 1673 1177 1707 mine
1197 1672 1419 1717 instituitur,
1447 1673 1604 1719 angusta
1621 1674 1670 1706 est
1682 1670 1750 1706 Ae-

1089 1731 1219 1776 gyptus
1241 1740 1270 1763 s.
1289 1739 1333 1763 ea
1349 1725 1508 1776 Aegypti
1529 1738 1627 1776 pars,
1655 1738 1750 1774 quae

1091 1784 1126 1818 in
1146 1787 1338 1830 angustam
1354 1781 1483 1819 vallem
1502 1781 1751 1828 contracta‚il-

1092 1838 1134 1874 lis
1155 1838 1338 1874 montibus
1367 1836 1548 1884 (Arabicis
1576 1842 1613 1875 et
1636 1836 1751 1886 Liby-

1091 1895 1160 1943 cis)
1183 1894 1228 1930 ab
1253 1899 1405 1942 utraque
1428 1899 1533 1944 parte
1548 1893 1749 1931 includitur.

1091 1973 1146 1978 ——
1169 1951 1274 1994 Quae
1294 1948 1443 1987 Aristidi
1470 1950 1514 1997 (t.
1534 1949 1567 1987 11
1592 1963 1627 2000 p.
1647 1951 1750 1998 343)

1092 2008 1202 2044 fidem
1232 2006 1406 2043 excedere
1435 2006 1600 2044 videntur
1623 2006 1752 2044 Nostri

1091 2063 1221 2110 verba,
1252 2075 1296 2100 ea
1314 2062 1522 2100 recentioris
1542 2063 1670 2100 aetatis
1686 2075 1753 2112 pe·

1092 2119 1375 2168 regrinatoribus
1405 2117 1510 2156 valde
1539 2119 1751 2169 probantur,

1091 2178 1262 2213 monente
1281 2173 1474 2212 Larchero.
1513 2175 1592 2220 Sic,
1612 2174 1662 2210 uti
1683 2174 1751 2211 hoc

1094 2236 1194 2278 utar,
1222 2231 1344 2267 scribit
1369 2230 1507 2280 Savary
1524 2229 1668 2277 (Lettre
1690 2244 1750 2267 sur

1091 2287 1253 2336 l'Egypt.
1266 2286 1280 2322 I
1294 2300 1329 2336 p.
1344 2285 1403 2334 5),
1434 2286 1494 2323 ubi
1516 2286 1689 2323 latissima
1705 2288 1751 2323 sit

1092 2343 1181 2380 haec
1197 2342 1364 2393 planities
1377 2370 1388 2389 ,
1424 2342 1482 2379 vix
1504 2355 1633 2380 novem
1653 2343 1750 2380 illam

1094 2412 1174 2437 esse
1212 2398 1453 2435 milliariorum
1486 2398 1671 2447 (lieues)·‚
1713 2399 1750 2435 id

1093 2455 1193 2504 quod
1205 2467 1226 2492 a
1244 2454 1408 2492 ducentis
1419 2455 1597 2493 Herodoti
1613 2455 1752 2501 stadiis,

1093 2524 1188 2561 quae
1198 2516 1336 2561 septem
1354 2512 1429 2549 sere
1445 2511 1607 2548 milliaria
1629 2511 1752 2549 alteri-

1092 2581 1208 2616 usque
1239 2567 1429 2605 dimidium
1456 2571 1636 2618 aequant,
1675 2580 1749 2605 non

1093 2624 1198 2662 valde
1218 2624 1380 2661 discedit.

1151 2676 1417 2729 στεινότατον]
1439 2679 1525 2727 „De
1546 2678 1614 2716 hac
1636 2679 1751 2716 forma

1094 2736 1218 2773 Ionica
1235 2737 1327 2773 conf.
1348 2735 1539 2773 Heindorf.
1549 2736 1596 2772 ad
1607 2734 1749 2772 Platon.

1094 2793 1280 2830 Phaedon.
1300 2790 1438 2843 §.139
1456 2804 1540 2842 pag.
1554 2793 1634 2832 237
1647 2791 1750 2838 seq-“

1097 2848 1162 2886 Cr.
1203 2848 1286 2886 vid.
1317 2861 1411 2898 quae
1440 2848 1513 2886 dixi
1534 2848 1582 2886 ad
1603 2846 1749 2884 Ctesiae
