1909 3228
429 216 513 256 632

826 211 1294 252 HERODOT1

434 325 585 369 τὲουσι
610 323 731 378 παρά
762 321 867 373 τούς
896 320 1096 377 ἔρσενας·
1128 323 1172 366 οἱ
1204 321 1274 373 δὲ,
1304 320 1523 378 διζήμενοι
1540 324 1713 378 μίσγε-1

433 410 538 447 σθαι
574 402 754 458 αὐτῇσι,
794 398 875 444 οὐκ
914 400 1071 456 ἔχουσι.

1135 399 1242 454 πρὸς
1279 394 1341 442 ὦν
1383 405 1519 443 ταῦτα
1558 404 1686 457 σοφί-

431 487 576 536 ζονται
603 479 724 524 τάδε·
756 478 1020 533 ἁρπάζοντες
1050 478 1132 523 ἀπὸ
1162 482 1250 521 τῶν
1269 478 1440 534 θηλέων
1461 481 1532 523 καὶ
1554 481 1685 524 ὑπαι-

403 560 637 616 3ρεόμενοι
673 558 726 602 τοὶ
762 558 910 607 τέκνα,
961 559 1190 602 κτείνουσι.

432 639 489 683 ου’
517 638 757 682 πατέονται.

375 834 466 872 libus
487 833 570 871 haec
590 833 794 871 acciderent.
855 833 928 871 Ubi
948 832 1025 871 He-

374 891 564 929 rodoteum
585 891 684 928 verbi
709 885 1026 941 καταλαμβάνειν

374 960 479 984 usum
526 947 637 985 semel
677 952 824 985 notasse
860 946 1025 983 sufficiat.

373 1002 442 1041 Est
472 1003 565 1041 enim
596 1003 766 1050 incidere,
806 1003 961 1040 accidere
989 1006 1027 1039 et

375 1061 601 1108 gravioribus
633 1061 670 1096 in
698 1061 805 1097 rebus
840 1060 1026 1096 casibusve

374 1117 567 1166 praecipue
594 1116 711 1153 locum
738 1116 857 1153 habet.
917 1115 1026 1152 Conf.

374 1172 431 1220 ll,
455 1174 545 1214 152.
574 1173 645 1220 lll,
673 1175 740 1213 42.
770 1173 841 1220 lv,
864 1173 929 1212 33.
960 1170 1026 1217 IX,

375 1231 430 1270 60
459 1233 526 1266 etc.
583 1229 632 1266 W
635 1229 839 1278 yttenbaeh.
874 1228 911 1264 in
941 1227 1027 1264 bibl.

374 1285 485 1322 critic.
515 1285 556 1322 P.
576 1285 610 1323 X
636 1299 672 1335 p.
693 1285 759 1326 46.
810 1284 870 1322 Ad
888 1285 1027 1321 Pausa-

375 1341 473 1378 niam
488 1370 499 1388 ,
523 1342 585 1390 qui
608 1342 857 1379 Herodoteam
876 1340 1027 1378 locutio-

373 1410 458 1435 nem
485 1397 644 1434 imitatus
673 1401 754 1443 est,
783 1397 921 1435 notavit
948 1397 1029 1433 Sie-

376 1453 491 1500 belis,
520 1466 627 1502 quem
653 1454 726 1490 vid.
746 1454 793 1490 ad
814 1454 855 1500 I,
875 1457 900 1494 7
931 1450 967 1502 ἓ.
987 1453 1025 1492 3.

374 1509 556 1558 Nuspiam
575 1523 659 1547 vero
678 1510 777 1558 apud
797 1514 936 1546 veteres
948 1520 1025 1544 eum

375 1569 619 1602 memorentur
654 1566 741 1602 seles
792 1565 1024 1609 domesticae,

375 1634 466 1669 quas
495 1622 615 1658 medio
651 1622 795 1658 demum
835 1633 923 1657 aevo
960 1631 1025 1668 per

375 1676 560 1727 Europam
579 1677 759 1726 Asiaeque
777 1681 916 1726 partem
938 1689 1025 1725 pro-

376 1738 531 1783 pagatas
575 1746 656 1770 esse
691 1734 816 1769 volunt
842 1760 853 1778 ,
913 1744 1027 1780 quae-

374 1790 528 1826 rendum
550 1789 737 1826 videbatur
756 1788 889 1825 Linkio
921 1788 1026 1834 (Ur-

373 1845 457 1882 welt
473 1850 539 1882 etc.
557 1858 642 1894 pag.
664 1846 785 1892 200),
815 1849 933 1880 utrum
954 1843 1026 1880 Ae-

376 1902 581 1951 gyptiorum
594 1900 681 1938 seles
695 1901 741 1937 ad
752 1900 872 1937 felium
885 1905 1027 1936 nostra-

375 1970 452 1993 rum
466 1970 579 2006 genus
590 1957 842 2007 pertinuerint,
860 1970 905 1993 an
926 1955 1026 1992 aliud

375 2014 423 2050 ad
444 2026 570 2062 genus,
589 2013 689 2062 quod
710 2014 746 2049 in
764 2013 861 2050 hisce
880 2012 1027 2050 calidio-

374 2069 471 2106 ribus
501 2069 709 2117 regionibus
731 2069 846 2106 solum
865 2069 1027 2106 invenia-

376 2129 435 2162 tur
453 2154 464 2173 ,
503 2126 629 2162 referri
676 2126 847 2163 debeant.
905 2124 1027 2173 Atque

374 2181 443 2218 hoc
472 2181 590 2232 ipsum
626 2182 848 2232 probabilius
886 2181 1027 2219 videtur

374 2238 451 2274 viro
495 2238 714 2275 doctissimo.
785 2239 959 2276 Cuvierus
990 2241 1027 2275 et

376 2293 553 2342 Geoffroy
588 2294 677 2331 nihil
719 2295 867 2343 quidem
898 2294 1027 2331 distin-

375 2354 490 2398 guunt
530 2350 627 2387 inter
659 2363 739 2388 eam
768 2350 897 2397 felem,
933 2363 1026 2399 quae

374 2405 485 2443 hodie
511 2406 548 2442 in
578 2405 748 2456 Aegypto
780 2407 953 2452 occurrit,
984 2410 1021 2443 et

376 2474 455 2498 eam
467 2490 478 2508 ,
508 2475 602 2511 quae
619 2463 817 2500 domestica
838 2467 894 2500 est
913 2463 1026 2500 adeo-

376 2530 447 2566 que
468 2519 503 2554 in
526 2518 633 2566 sylvis
658 2519 828 2569 Europae
850 2519 1025 2556 montosis

377 2573 499 2621 ‹legit3
528 2587 595 2611 nce
614 2576 765 2612 mumias
792 2575 912 2612 felium
930 2587 1026 2611 nunc

377 2634 538 2678 repertas
558 2631 604 2667 ab
623 2631 690 2667 illis
711 2631 1026 2668 differremonent.

378 2685 453 2721 Sed
471 2685 603 2722 Linkio
626 2691 711 2738 post
729 2687 917 2736 suffragati
943 2691 1028 2724 sunt

379 2739 566 2777 Schubcrt.
597 2748 633 2779 et
662 2743 850 2781 Olivierus.
913 2743 1028 2781 Rein-

380 2794 508 2842 bault„
539 2797 598 2845 qui
624 2800 925 2836 accuratissimam
954 2799 1028 2836 dis-

381 2851 601 2898 putationem
620 2854 771 2891 instituit
788 2856 824 2892 in
839 2856 922 2892 diss.
933 2855 1026 2892 laud.

1251 559 1491 608 κτείναντες
1527 558 1685 612 μέντοι,

817 639 862 681 αἱ
893 637 960 691 δὲ,
1013 635 1336 694 στερισκόμεναι
1373 640 1460 680 τῶν
1498 637 1715 691 τέκνων,5

1092 834 1372 883 pag.39—63
1391 832 1470 870 coll.
1495 836 1636 881 17.18,
1658 834 1743 872 nihil

1092 890 1179 926 certi
1207 891 1254 927 de
1291 890 1345 927 his
1375 890 1520 939 quidem
1551 892 1630 941 ipse
1658 905 1744 941 pro-

1092 947 1250 992 nuntiat3
1281 959 1324 983 ex
1347 946 1388 982 iis
1410 960 1493 983 vero
1508 976 1518 994 ,
1550 960 1642 996 quae
1662 949 1742 984 dili-

1092 1002 1299 1050 gentissime
1319 1002 1519 1051 inquisivit,
1536 1004 1602 1040 hoc
1619 1009 1740 1053 patet:

1091 1059 1284 1095 medicatas
1297 1057 1559 1109 Aegyptiorum
1579 1060 1665 1098 seles
1677 1074 1743 1098 nee

1093 1114 1141 1151 ad
1159 1116 1310 1151 sormam
1327 1128 1393 1152 nec
1420 1117 1467 1151 ad
1488 1117 1646 1153 cranium
1668 1116 1743 1152 val—

1093 1171 1139 1207 de
1158 1171 1304 1208 differre
1331 1183 1352 1207 a
1371 1171 1431 1208 feli
1455 1173 1671 1219 domestica,
1695 1173 1744 1209 ad

1092 1227 1269 1277 picturam
1308 1228 1417 1264 modo
1457 1233 1491 1265 et
1531 1229 1744 1266 varietatem

1094 1283 1224 1321 coloris
1246 1283 1304 1321 seli
1328 1288 1408 1320 cato
1430 1285 1506 1321 sero
1528 1284 1658 1322 similes
1691 1284 1744 1320 vi·-

1093 1340 1182 1377 deri.
1241 1340 1359 1383 Quem
1390 1346 1518 1390 postea
1544 1341 1611 1378 hac
1637 1342 1683 1378 ‹le
1704 1353 1744 1378 re

1095 1396 1256 1433 consului
1273 1396 1515 1434 Leuekartum
1529 1426 1539 1444 ,
1575 1397 1687 1433 virum
1708 1401 1745 1434 et

1095 1453 1340 1489 doctissimum
1382 1457 1419 1489 et
1450 1454 1533 1489 mihi
1570 1453 1745 1489 amicissi-

1093 1521 1204 1554 mum,
1227 1509 1255 1543 is
1278 1508 1362 1543 mihi
1382 1508 1524 1557 scripsit
1541 1507 1742 1558 Aegyptio-

1093 1577 1170 1600 rum
1193 1564 1297 1601 selem
1311 1564 1544 1601 domesticam
1566 1566 1743 1613 originem

1094 1621 1223 1657 (lucere
1240 1633 1261 1656 a
1278 1620 1605 1669 fclz'nmm‘culata;
1633 1635 1742 1670 quam

1091 1676 1198 1714 selem
1217 1676 1332 1713 adhuc
1355 1676 1587 1725 incognitam,
1609 1679 1744 1727 aflup-

1092 1733 1199 1782 pcllio
1218 1760 1229 1778 ,
1267 1732 1498 1770 celeberrimo
1529 1734 1740 1783 peregrina-

1091 1793 1192 1834 tore‚
1231 1788 1267 1823 in
1297 1787 1420 1824 Nubia
1453 1794 1633 1838 repertam
1661 1803 1743 1827 esse

1093 1845 1141 1881 ad
1171 1843 1428 1881 occidentalem
1458 1845 1530 1882 Nili
1562 1846 1677 1896 ripam
1706 1846 1743 1883 in

1092 1900 1178 1937 locis
1221 1900 1378 1947 saxosis;
1435 1902 1609 1939 minorem
1647 1902 1742 1940 illam

1094 1957 1239 2005 quidem
1257 1970 1336 1993 esse
1356 1962 1436 1994 cato
1455 1959 1553 2006 sero,
1573 1959 1637 1996 sed
1658 1971 1743 1995 cau-

1094 2014 1141 2050 da
1166 2013 1321 2062 longiori
1344 2014 1556 2063 praeditam.
1615 2014 1672 2052 Ab
1699 2026 1743 2052 ea

1093 2073 1212 2106 autem
1234 2069 1295 2107 seli
1313 2070 1369 2107 vel
1396 2075 1541 2108 nostrae
1569 2071 1742 2108 domesti-

1094 2138 1158 2163 cae
1176 2126 1254 2163 felis
1274 2127 1450 2174 quasdam
1472 2127 1663 2164 varietates
1677 2127 1742 2163 de-

1093 2182 1201 2218 rivari
1230 2181 1418 2219 verisimile
1454 2183 1593 2219 videtur
1621 2182 1742 2219 eidem

1093 2237 1296 2275 Leuckarto
1312 2267 1322 2284 ‚
1353 2239 1412 2287 qui
1437 2239 1483 2275 de
1504 2239 1562 2276 seli
1583 2239 1742 2275 manicu-

1092 2293 1165 2330 lata
1190 2295 1389 2343 comparari
1423 2294 1541 2331 iubet:
1572 2295 1673 2331 Atlas
1697 2308 1742 2332 zu

1093 2350 1128 2386 d.
1148 2350 1257 2387 Reise
1276 2351 1322 2386 im
1343 2351 1515 2387 nordlich.
1530 2351 1650 2387 Africa
1670 2364 1741 2387 von

1092 2405 1162 2442 Ed.
1182 2405 1350 2456 Ruppell.
1381 2406 1473 2444 Hest
1493 2407 1509 2443 I
1541 2406 1742 2444 Frankfurt

1096 2463 1202 2503 1826
1225 2462 1286 2499 sol.

1148 2519 1368 2564 κτείναντες
1395 2516 1546 2569 μέντοι,
1584 2514 1632 2558 οὗ
1662 2533 1741 2557 πα-

1093 2588 1113 2612 τ
1129 2571 1147 2612 ἐ
1166 2589 1186 2613 ο
1209 2589 1233 2613 ν
1251 2590 1272 2613 τ
1291 2591 1315 2613 α
1336 2573 1375 2624 ι]
1418 2575 1489 2612 Pro
1519 2573 1740 2622 πατέονται,

1094 2631 1194 2679 quod
1221 2632 1337 2669 rarius
1368 2635 1423 2667 est
1451 2632 1598 2668 verbum
1623 2631 1744 2669 edendi

1093 2687 1267 2734 notione,
1314 2686 1475 2724 nonnulli
1516 2686 1743 2736 δατέονται,

1094 2744 1204 2780 verbo
1234 2745 1357 2793 utique
1378 2743 1493 2792 magis
1521 2744 1671 2782 solemni
1699 2757 1741 2782 ac

1093 2800 1283 2849 frequenti.
1313 2800 1387 2837 Sed
1409 2800 1479 2838 vid,
1505 2799 1538 2837 ΙΙ
1546 2827 1559 2848 ,
1579 2802 1633 2842 37
1653 2800 1739 2848 ibiq.

1093 2861 1167 2892 not.
1188 2860 1225 2894 et
1243 2856 1301 2902 ΙΙ,
1318 2855 1383 2897 47.
