<?xml version="1.0" encoding="UTF-8"?>
<!DOCTYPE html PUBLIC "-//W3C//DTD XHTML 1.0 Transitional//EN"
    "http://www.w3.org/TR/xhtml1/DTD/xhtml1-transitional.dtd">
<html xmlns="http://www.w3.org/1999/xhtml" xml:lang="en" lang="en">
 <head>
  <title>
</title>
<meta http-equiv="Content-Type" content="text/html;charset=utf-8" />
  <meta name='ocr-system' content='tesseract 3.04.00' />
  <meta name='ocr-capabilities' content='ocr_page ocr_carea ocr_par ocr_line ocrx_word'/>
</head>
<body>
  <div class='ocr_page' id='page_1' title='image "./musaeherodoto01hero/musaeherodoto01hero_0341.png"; bbox 0 0 1909 3228; ppageno 0'>
   <div class='ocr_carea' id='block_1_1' title="bbox 98 735 192 780">
    <p class='ocr_par' dir='ltr' id='par_1_1' title="bbox 98 735 192 780">
     <span class='ocr_line' id='line_1_1' title="bbox 98 735 192 780; baseline -0.011 0"><span class='ocrx_word' id='word_1_1' title='bbox 98 735 192 780; x_wconf 67' lang='lat'><strong>141</strong></span> 
     </span>
    </p>
   </div>
   <div class='ocr_carea' id='block_1_2' title="bbox 694 225 1477 271">
    <p class='ocr_par' dir='ltr' id='par_1_2' title="bbox 694 225 1477 271">
     <span class='ocr_line' id='line_1_2' title="bbox 694 225 1477 271; baseline 0.01 -8"><span class='ocrx_word' id='word_1_2' title='bbox 694 225 908 265; x_wconf 88' lang='lat' dir='ltr'><strong>CLIO.</strong></span> <span class='ocrx_word' id='word_1_3' title='bbox 968 226 996 265; x_wconf 88' lang='grc' dir='ltr'><strong>Ι.</strong></span> <span class='ocrx_word' id='word_1_4' title='bbox 1394 230 1477 271; x_wconf 73' lang='lat'><strong>327</strong></span> 
     </span>
    </p>
   </div>
   <div class='ocr_carea' id='block_1_3' title="bbox 221 331 1475 391">
    <p class='ocr_par' dir='ltr' id='par_1_3' title="bbox 221 331 1475 391">
     <span class='ocr_line' id='line_1_3' title="bbox 221 331 1475 391; baseline 0.003 -15"><span class='ocrx_word' id='word_1_5' title='bbox 221 331 435 388; x_wconf 76' lang='grc' dir='ltr'><strong>θρώπου,</strong></span> <span class='ocrx_word' id='word_1_6' title='bbox 467 336 701 378; x_wconf 79' lang='grc' dir='ltr'><em>κτείνουσι·</em></span> <span class='ocrx_word' id='word_1_7' title='bbox 733 336 805 378; x_wconf 80' lang='grc' dir='ltr'><strong>καὶ</strong></span> <span class='ocrx_word' id='word_1_8' title='bbox 836 334 1058 391; x_wconf 74' lang='grc' dir='ltr'><em>ἀγώνισμα</em></span> <span class='ocrx_word' id='word_1_9' title='bbox 1088 335 1196 391; x_wconf 81' lang='grc' dir='ltr'><em>μέγα</em></span> <span class='ocrx_word' id='word_1_10' title='bbox 1225 339 1353 380; x_wconf 81' lang='grc' dir='ltr'><em>τοῦτο</em></span> <span class='ocrx_word' id='word_1_11' title='bbox 1382 352 1475 381; x_wconf 85' lang='grc' dir='ltr'><em>ποι-</em></span> 
     </span>
    </p>
   </div>
   <div class='ocr_carea' id='block_1_4' title="bbox 218 412 1473 471">
    <p class='ocr_par' dir='ltr' id='par_1_4' title="bbox 218 412 1473 471">
     <span class='ocr_line' id='line_1_4' title="bbox 218 412 1473 471; baseline 0.002 -16"><span class='ocrx_word' id='word_1_12' title='bbox 218 416 388 464; x_wconf 79' lang='grc' dir='ltr'><em>εὖνται,</em></span> <span class='ocrx_word' id='word_1_13' title='bbox 432 414 669 464; x_wconf 78' lang='grc' dir='ltr'><em>κτείνοντες</em></span> <span class='ocrx_word' id='word_1_14' title='bbox 704 412 864 470; x_wconf 81' lang='grc' dir='ltr'><em>ὁμοίως</em></span> <span class='ocrx_word' id='word_1_15' title='bbox 902 413 1127 471; x_wconf 75' lang='grc' dir='ltr'><em>μύρμηκάς</em></span> <span class='ocrx_word' id='word_1_16' title='bbox 1162 431 1206 458; x_wconf 83' lang='grc' dir='ltr'><strong>τε</strong></span> <span class='ocrx_word' id='word_1_17' title='bbox 1234 415 1308 458; x_wconf 80' lang='grc' dir='ltr'><strong>καὶ</strong></span> <span class='ocrx_word' id='word_1_18' title='bbox 1337 414 1473 470; x_wconf 84' lang='grc' dir='ltr'>ὄφεις,</span> 
     </span>
    </p>
   </div>
   <div class='ocr_carea' id='block_1_5' title="bbox 191 490 1528 553">
    <p class='ocr_par' dir='ltr' id='par_1_5' title="bbox 191 490 1528 553">
     <span class='ocr_line' id='line_1_5' title="bbox 191 490 1528 553; baseline 0.001 -21"><span class='ocrx_word' id='word_1_19' title='bbox 191 493 294 536; x_wconf 73' lang='grc' dir='ltr'><strong>ὁκαὶ</strong></span> <span class='ocrx_word' id='word_1_20' title='bbox 322 490 454 535; x_wconf 74' lang='grc' dir='ltr'><em>τᾶλλα</em></span> <span class='ocrx_word' id='word_1_21' title='bbox 492 492 645 547; x_wconf 78' lang='grc' dir='ltr'><em>ἑρπετὰ</em></span> <span class='ocrx_word' id='word_1_22' title='bbox 684 494 754 536; x_wconf 77' lang='grc' dir='ltr'><strong>καὶ</strong></span> <span class='ocrx_word' id='word_1_23' title='bbox 794 493 976 536; x_wconf 79' lang='grc' dir='ltr'><strong>πετεινά.</strong></span> <span class='ocrx_word' id='word_1_24' title='bbox 1035 494 1108 537; x_wconf 80' lang='grc' dir='ltr'><strong>καὶ</strong></span> <span class='ocrx_word' id='word_1_25' title='bbox 1147 491 1257 549; x_wconf 74' lang='grc' dir='ltr'><em>ἀμφὶ</em></span> <span class='ocrx_word' id='word_1_26' title='bbox 1295 493 1374 551; x_wconf 77' lang='grc' dir='ltr'><strong>μὲν</strong></span> <span class='ocrx_word' id='word_1_27' title='bbox 1411 497 1474 553; x_wconf 74' lang='grc' dir='ltr'><strong>τῷ</strong></span> <span class='ocrx_word' id='word_1_28' title='bbox 1485 501 1528 535; x_wconf 82' lang='grc'><strong>55</strong></span> 
     </span>
    </p>
   </div>
   <div class='ocr_carea' id='block_1_6' title="bbox 216 569 1473 631">
    <p class='ocr_par' dir='ltr' id='par_1_6' title="bbox 216 569 1473 631">
     <span class='ocr_line' id='line_1_6' title="bbox 216 569 1473 631; baseline 0.001 -16"><span class='ocrx_word' id='word_1_29' title='bbox 216 569 337 630; x_wconf 83' lang='grc' dir='ltr'><em>νόμῳ</em></span> <span class='ocrx_word' id='word_1_30' title='bbox 366 570 505 631; x_wconf 81' lang='grc' dir='ltr'><em>τούτῳ</em></span> <span class='ocrx_word' id='word_1_31' title='bbox 537 571 659 627; x_wconf 77' lang='grc' dir='ltr'><em>ἐχέτω</em></span> <span class='ocrx_word' id='word_1_32' title='bbox 691 570 748 623; x_wconf 71' lang='grc' dir='ltr'><strong>(ὃς</strong></span> <span class='ocrx_word' id='word_1_33' title='bbox 777 573 849 616; x_wconf 83' lang='grc' dir='ltr'><strong>καὶ</strong></span> <span class='ocrx_word' id='word_1_34' title='bbox 880 572 1014 629; x_wconf 75' lang='grc' dir='ltr'><em>ἀρχὴν</em></span> <span class='ocrx_word' id='word_1_35' title='bbox 1051 572 1271 630; x_wconf 78' lang='grc' dir='ltr'><strong><em>ἐνομίσθη.</em></strong></span> <span class='ocrx_word' id='word_1_36' title='bbox 1331 570 1473 629; x_wconf 72' lang='grc' dir='ltr'><em>ἄνειμι</em></span> 
     </span>
    </p>
   </div>
   <div class='ocr_carea' id='block_1_7' title="bbox 219 650 883 706">
    <p class='ocr_par' dir='ltr' id='par_1_7' title="bbox 219 650 883 706">
     <span class='ocr_line' id='line_1_7' title="bbox 219 650 883 706; baseline -0.005 -11"><span class='ocrx_word' id='word_1_37' title='bbox 219 651 266 695; x_wconf 80' lang='grc' dir='ltr'><strong>δὲ</strong></span> <span class='ocrx_word' id='word_1_38' title='bbox 294 650 363 694; x_wconf 76' lang='grc' dir='ltr'><strong>ἐπὶ</strong></span> <span class='ocrx_word' id='word_1_39' title='bbox 392 650 468 693; x_wconf 81' lang='grc' dir='ltr'><strong>τὸν</strong></span> <span class='ocrx_word' id='word_1_40' title='bbox 496 650 709 706; x_wconf 85' lang='grc' dir='ltr'><em>πρότερον</em></span> <span class='ocrx_word' id='word_1_41' title='bbox 737 650 883 706; x_wconf 82' lang='grc' dir='ltr'><em>λόγον.</em></span> 
     </span>
    </p>
   </div>
   <div class='ocr_carea' id='block_1_8' title="bbox 318 729 1801 786">
    <p class='ocr_par' dir='ltr' id='par_1_8' title="bbox 318 729 1801 786">
     <span class='ocr_line' id='line_1_8' title="bbox 318 729 1801 786; baseline 0.001 -14"><span class='ocrx_word' id='word_1_42' title='bbox 318 729 464 780; x_wconf 85' lang='grc' dir='ltr'><em>Ἴωνες</em></span> <span class='ocrx_word' id='word_1_43' title='bbox 496 730 541 773; x_wconf 80' lang='grc' dir='ltr'><strong>δὲ</strong></span> <span class='ocrx_word' id='word_1_44' title='bbox 580 730 651 772; x_wconf 82' lang='grc' dir='ltr'><strong>καὶ</strong></span> <span class='ocrx_word' id='word_1_45' title='bbox 690 730 888 783; x_wconf 78' lang='grc' dir='ltr'><strong><em>Αἰολέες,</em></strong></span> <span class='ocrx_word' id='word_1_46' title='bbox 936 729 995 781; x_wconf 76' lang='grc' dir='ltr'><strong>ὡς</strong></span> <span class='ocrx_word' id='word_1_47' title='bbox 1035 733 1078 774; x_wconf 86' lang='grc' dir='ltr'><strong>οἱ</strong></span> <span class='ocrx_word' id='word_1_48' title='bbox 1116 731 1255 775; x_wconf 83' lang='grc' dir='ltr'><em>Λυδοὶ</em></span> <span class='ocrx_word' id='word_1_49' title='bbox 1292 729 1467 786; x_wconf 73' lang='grc' dir='ltr'><em>τάχιστα</em></span> <span class='ocrx_word' id='word_1_50' title='bbox 1523 733 1801 774; x_wconf 60' lang='lat' dir='ltr'><strong>¹⁰¹¹⁸³2¹¹¹02¹3b0i¹¹</strong></span> 
     </span>
    </p>
   </div>
   <div class='ocr_carea' id='block_1_9' title="bbox 1524 767 1802 802">
    <p class='ocr_par' dir='ltr' id='par_1_9' title="bbox 1524 767 1802 802">
     <span class='ocr_line' id='line_1_9' title="bbox 1524 767 1802 802; baseline 0 -8"><span class='ocrx_word' id='word_1_51' title='bbox 1524 775 1542 794; x_wconf 81' lang='lat' dir='ltr'><strong>a</strong></span> <span class='ocrx_word' id='word_1_52' title='bbox 1554 767 1632 802; x_wconf 72' lang='lat' dir='ltr'><strong>Cyro</strong></span> <span class='ocrx_word' id='word_1_53' title='bbox 1644 787 1652 801; x_wconf 84' lang='lat'>,</span> <span class='ocrx_word' id='word_1_54' title='bbox 1667 775 1715 802; x_wconf 77' lang='lat' dir='ltr'><strong>qui</strong></span> <span class='ocrx_word' id='word_1_55' title='bbox 1729 767 1802 794; x_wconf 75' lang='lat' dir='ltr'><strong>sons</strong></span> 
     </span>
    </p>
   </div>
   <div class='ocr_carea' id='block_1_10' title="bbox 217 807 1582 866">
    <p class='ocr_par' dir='ltr' id='par_1_10' title="bbox 217 807 1582 866">
     <span class='ocr_line' id='line_1_10' title="bbox 217 807 1582 866; baseline 0.001 -12"><span class='ocrx_word' id='word_1_56' title='bbox 217 807 544 864; x_wconf 76' lang='grc' dir='ltr'><em>κατεστράφατο</em></span> <span class='ocrx_word' id='word_1_57' title='bbox 574 807 659 851; x_wconf 78' lang='grc' dir='ltr'><strong>ὑπὸ</strong></span> <span class='ocrx_word' id='word_1_58' title='bbox 704 811 925 864; x_wconf 80' lang='grc' dir='ltr'><strong>Περσέων,</strong></span> <span class='ocrx_word' id='word_1_59' title='bbox 972 810 1161 866; x_wconf 75' lang='grc' dir='ltr'><em>ἔπεμπον</em></span> <span class='ocrx_word' id='word_1_60' title='bbox 1191 808 1400 866; x_wconf 75' lang='grc' dir='ltr'><em>ἀγγέλους</em></span> <span class='ocrx_word' id='word_1_61' title='bbox 1429 809 1472 859; x_wconf 76' lang='grc' dir='ltr'><strong>ἐς</strong></span> <span class='ocrx_word' id='word_1_62' title='bbox 1527 818 1582 856; x_wconf 89' lang='grc'><strong>70</strong></span> 
     </span>
    </p>
   </div>
   <div class='ocr_carea' id='block_1_11' title="bbox 1525 878 1803 906">
    <p class='ocr_par' dir='ltr' id='par_1_11' title="bbox 1525 878 1803 906">
     <span class='ocr_line' id='line_1_11' title="bbox 1525 878 1803 906; baseline -0.007 0"><span class='ocrx_word' id='word_1_63' title='bbox 1525 878 1654 906; x_wconf 76' lang='lat' dir='ltr'><strong>Miiesiin</strong></span> <span class='ocrx_word' id='word_1_64' title='bbox 1676 878 1803 905; x_wconf 74' lang='lat' dir='ltr'><strong>amiciti-</strong></span> 
     </span>
    </p>
   </div>
   <div class='ocr_carea' id='block_1_12' title="bbox 215 886 1800 943">
    <p class='ocr_par' dir='ltr' id='par_1_12' title="bbox 215 886 1800 943">
     <span class='ocr_line' id='line_1_12' title="bbox 215 886 1800 943; baseline -0.001 -11"><span class='ocrx_word' id='word_1_65' title='bbox 215 887 383 943; x_wconf 76' lang='grc' dir='ltr'><em>Σάρδις</em></span> <span class='ocrx_word' id='word_1_66' title='bbox 412 886 530 941; x_wconf 76' lang='grc' dir='ltr'><em>παρὰ</em></span> <span class='ocrx_word' id='word_1_67' title='bbox 568 890 742 942; x_wconf 76' lang='grc' dir='ltr'><em>Κῦρον,</em></span> <span class='ocrx_word' id='word_1_68' title='bbox 801 888 1019 940; x_wconf 71' lang='grc' dir='ltr'><em>ἐθέλοντες</em></span> <span class='ocrx_word' id='word_1_69' title='bbox 1057 889 1125 932; x_wconf 79' lang='grc' dir='ltr'><strong>ἐπὶ</strong></span> <span class='ocrx_word' id='word_1_70' title='bbox 1160 894 1270 933; x_wconf 87' lang='grc' dir='ltr'><em>τοῖσι</em></span> <span class='ocrx_word' id='word_1_71' title='bbox 1300 888 1468 932; x_wconf 78' lang='grc' dir='ltr'><em>αὐτοῖσι</em></span> <span class='ocrx_word' id='word_1_72' title='bbox 1524 920 1572 938; x_wconf 71' lang='lat' dir='ltr'><strong>„m</strong></span> <span class='ocrx_word' id='word_1_73' title='bbox 1591 912 1688 938; x_wconf 62' lang='lat' dir='ltr'>dedffi</span> <span class='ocrx_word' id='word_1_74' title='bbox 1676 917 1721 938; x_wconf 59' lang='lat' dir='ltr'><strong>..t</strong></span> <span class='ocrx_word' id='word_1_75' title='bbox 1750 919 1800 938; x_wconf 63' lang='lat' dir='ltr'><strong>„f</strong></span> 
     </span>
    </p>
   </div>
   <div class='ocr_carea' id='block_1_13' title="bbox 1523 945 1799 980">
    <p class='ocr_par' dir='ltr' id='par_1_13' title="bbox 1523 945 1799 980">
     <span class='ocr_line' id='line_1_13' title="bbox 1523 945 1799 980; baseline 0 -9"><span class='ocrx_word' id='word_1_76' title='bbox 1523 946 1574 971; x_wconf 78' lang='lat' dir='ltr'><strong>bes</strong></span> <span class='ocrx_word' id='word_1_77' title='bbox 1593 945 1744 980; x_wconf 82' lang='lat' dir='ltr'><strong>inuniunt,</strong></span> <span class='ocrx_word' id='word_1_78' title='bbox 1769 948 1799 971; x_wconf 78' lang='lat' dir='ltr'><strong>ct</strong></span> 
     </span>
    </p>
   </div>
   <div class='ocr_carea' id='block_1_14' title="bbox 185 963 1800 1026">
    <p class='ocr_par' dir='ltr' id='par_1_14' title="bbox 185 963 1800 1026">
     <span class='ocr_line' id='line_1_14' title="bbox 185 963 1800 1026; baseline 0.002 -16"><span class='ocrx_word' id='word_1_79' title='bbox 185 964 329 1011; x_wconf 70' lang='grc' dir='ltr'><em>Ξεῖναι</em></span> <span class='ocrx_word' id='word_1_80' title='bbox 357 971 470 1010; x_wconf 88' lang='grc' dir='ltr'><em>τοῖσι</em></span> <span class='ocrx_word' id='word_1_81' title='bbox 499 966 571 1010; x_wconf 85' lang='grc' dir='ltr'><strong>καὶ</strong></span> <span class='ocrx_word' id='word_1_82' title='bbox 588 968 765 1026; x_wconf 81' lang='grc' dir='ltr'><em>Κροίσῳ</em></span> <span class='ocrx_word' id='word_1_83' title='bbox 793 963 905 1023; x_wconf 79' lang='grc' dir='ltr'><em>ἦσαν</em></span> <span class='ocrx_word' id='word_1_84' title='bbox 933 968 1152 1026; x_wconf 83' lang='grc' dir='ltr'><em>κατήκοοι.</em></span> <span class='ocrx_word' id='word_1_85' title='bbox 1182 967 1205 1013; x_wconf 90' lang='grc' dir='ltr'>ὁ</span> <span class='ocrx_word' id='word_1_86' title='bbox 1230 969 1299 1021; x_wconf 82' lang='grc' dir='ltr'>δὲ,</span> <span class='ocrx_word' id='word_1_87' title='bbox 1330 966 1463 1011; x_wconf 71' lang='grc' dir='ltr'><em>οἰκού-</em></span> <span class='ocrx_word' id='word_1_88' title='bbox 1479 975 1662 1018; x_wconf 71' lang='lat' dir='ltr'><strong>GOSnartam</strong></span> <span class='ocrx_word' id='word_1_89' title='bbox 1685 966 1800 1013; x_wconf 50' lang='lat' dir='ltr'><strong>leg-hos</strong></span> 
     </span>
    </p>
   </div>
   <div class='ocr_carea' id='block_1_15' title="bbox 152 1184 810 2921">
    <p class='ocr_par' dir='ltr' id='par_1_15' title="bbox 152 1184 810 2516">
     <span class='ocr_line' id='line_1_15' title="bbox 157 1184 806 1234; baseline 0.002 -14"><span class='ocrx_word' id='word_1_90' title='bbox 157 1188 239 1221; x_wconf 87' lang='lat' dir='ltr'><strong>sunt</strong></span> <span class='ocrx_word' id='word_1_91' title='bbox 268 1184 328 1222; x_wconf 89' lang='lat' dir='ltr'><strong>dei</strong></span> <span class='ocrx_word' id='word_1_92' title='bbox 356 1184 570 1234; x_wconf 80' lang='lat' dir='ltr'><strong>interpretes</strong></span> <span class='ocrx_word' id='word_1_93' title='bbox 598 1188 707 1233; x_wconf 86' lang='lat' dir='ltr'><strong>atque</strong></span> <span class='ocrx_word' id='word_1_94' title='bbox 734 1186 806 1222; x_wconf 89' lang='lat' dir='ltr'><strong>eul-</strong></span> 
     </span>
     <span class='ocr_line' id='line_1_16' title="bbox 155 1242 806 1291; baseline 0.002 -15"><span class='ocrx_word' id='word_1_95' title='bbox 155 1246 251 1277; x_wconf 84' lang='lat' dir='ltr'><strong>tores</strong></span> <span class='ocrx_word' id='word_1_96' title='bbox 266 1270 276 1288; x_wconf 92' lang='lat'>‚</span> <span class='ocrx_word' id='word_1_97' title='bbox 316 1253 393 1278; x_wconf 66' lang='lat' dir='ltr'><strong>nae</strong></span> <span class='ocrx_word' id='word_1_98' title='bbox 411 1242 537 1278; x_wconf 87' lang='lat' dir='ltr'><strong>ceteris</strong></span> <span class='ocrx_word' id='word_1_99' title='bbox 558 1253 627 1291; x_wconf 84' lang='lat' dir='ltr'><strong>par</strong></span> <span class='ocrx_word' id='word_1_100' title='bbox 643 1245 718 1287; x_wconf 85' lang='lat' dir='ltr'><strong>est,</strong></span> <span class='ocrx_word' id='word_1_101' title='bbox 744 1254 806 1278; x_wconf 79' lang='lat' dir='ltr'><strong>ex-</strong></span> 
     </span>
     <span class='ocr_line' id='line_1_17' title="bbox 156 1296 803 1346; baseline 0 -13"><span class='ocrx_word' id='word_1_102' title='bbox 156 1297 312 1346; x_wconf 83' lang='lat' dir='ltr'><strong>stirpatis</strong></span> <span class='ocrx_word' id='word_1_103' title='bbox 333 1297 498 1333; x_wconf 88' lang='lat' dir='ltr'><strong>omnibus</strong></span> <span class='ocrx_word' id='word_1_104' title='bbox 527 1296 647 1346; x_wconf 79' lang='lat' dir='ltr'><strong>pravis</strong></span> <span class='ocrx_word' id='word_1_105' title='bbox 665 1297 803 1333; x_wconf 75' lang='lat' dir='ltr'><strong>anima-</strong></span> 
     </span>
     <span class='ocr_line' id='line_1_18' title="bbox 156 1352 804 1402; baseline -0.002 -13"><span class='ocrx_word' id='word_1_106' title='bbox 156 1353 247 1389; x_wconf 86' lang='lat' dir='ltr'><strong>libus</strong></span> <span class='ocrx_word' id='word_1_107' title='bbox 260 1381 272 1400; x_wconf 87' lang='lat'>,</span> <span class='ocrx_word' id='word_1_108' title='bbox 299 1364 392 1401; x_wconf 84' lang='lat' dir='ltr'><strong>quae</strong></span> <span class='ocrx_word' id='word_1_109' title='bbox 414 1353 462 1389; x_wconf 79' lang='lat' dir='ltr'><strong>ud</strong></span> <span class='ocrx_word' id='word_1_110' title='bbox 474 1352 671 1388; x_wconf 86' lang='lat' dir='ltr'><strong>Ahrimanii</strong></span> <span class='ocrx_word' id='word_1_111' title='bbox 691 1354 804 1402; x_wconf 89' lang='lat' dir='ltr'><strong>perti-</strong></span> 
     </span>
     <span class='ocr_line' id='line_1_19' title="bbox 153 1408 802 1458; baseline -0.003 -12"><span class='ocrx_word' id='word_1_112' title='bbox 153 1413 268 1446; x_wconf 86' lang='lat' dir='ltr'><strong>neant</strong></span> <span class='ocrx_word' id='word_1_113' title='bbox 285 1420 460 1456; x_wconf 82' lang='lat' dir='ltr'><strong>regnum,</strong></span> <span class='ocrx_word' id='word_1_114' title='bbox 489 1408 585 1445; x_wconf 86' lang='lat' dir='ltr'><strong>istud</strong></span> <span class='ocrx_word' id='word_1_115' title='bbox 600 1409 717 1458; x_wconf 84' lang='lat' dir='ltr'><strong>ipsum</strong></span> <span class='ocrx_word' id='word_1_116' title='bbox 736 1421 802 1456; x_wconf 83' lang='lat' dir='ltr'><strong>pro</strong></span> 
     </span>
     <span class='ocr_line' id='line_1_20' title="bbox 153 1464 802 1502; baseline 0 -1"><span class='ocrx_word' id='word_1_117' title='bbox 153 1465 286 1502; x_wconf 87' lang='lat' dir='ltr'><strong>viribus</strong></span> <span class='ocrx_word' id='word_1_118' title='bbox 324 1464 485 1501; x_wconf 86' lang='lat' dir='ltr'><strong>minuere</strong></span> <span class='ocrx_word' id='word_1_119' title='bbox 511 1468 572 1501; x_wconf 82' lang='lat' dir='ltr'><strong>aut</strong></span> <span class='ocrx_word' id='word_1_120' title='bbox 600 1465 648 1501; x_wconf 82' lang='lat' dir='ltr'><strong>ad</strong></span> <span class='ocrx_word' id='word_1_121' title='bbox 676 1464 802 1501; x_wconf 87' lang='lat' dir='ltr'><strong>melius</strong></span> 
     </span>
     <span class='ocr_line' id='line_1_21' title="bbox 153 1520 802 1570; baseline -0.002 -12"><span class='ocrx_word' id='word_1_122' title='bbox 153 1525 402 1570; x_wconf 82' lang='lat' dir='ltr'>transponere.</span> <span class='ocrx_word' id='word_1_123' title='bbox 461 1520 599 1558; x_wconf 86' lang='lat' dir='ltr'>Confer</span> <span class='ocrx_word' id='word_1_124' title='bbox 629 1520 802 1557; x_wconf 89' lang='lat' dir='ltr'><strong>Creuzeri</strong></span> 
     </span>
     <span class='ocr_line' id='line_1_22' title="bbox 153 1576 802 1627; baseline -0.002 -13"><span class='ocrx_word' id='word_1_125' title='bbox 153 1577 337 1626; x_wconf 83' lang='lat' dir='ltr'><strong>symbolic.</strong></span> <span class='ocrx_word' id='word_1_126' title='bbox 369 1576 386 1614; x_wconf 92' lang='lat' dir='ltr'>l</span> <span class='ocrx_word' id='word_1_127' title='bbox 416 1590 452 1627; x_wconf 89' lang='lat' dir='ltr'><strong>p.</strong></span> <span class='ocrx_word' id='word_1_128' title='bbox 474 1576 557 1618; x_wconf 84' lang='lat'><strong>714</strong></span> <span class='ocrx_word' id='word_1_129' title='bbox 586 1589 688 1625; x_wconf 83' lang='lat' dir='ltr'><strong>seqq.</strong></span> <span class='ocrx_word' id='word_1_130' title='bbox 720 1580 802 1618; x_wconf 80' lang='lat'><strong>720</strong></span> 
     </span>
     <span class='ocr_line' id='line_1_23' title="bbox 154 1632 803 1683; baseline 0 -13"><span class='ocrx_word' id='word_1_131' title='bbox 154 1647 231 1682; x_wconf 86' lang='lat' dir='ltr'><strong>seq.</strong></span> <span class='ocrx_word' id='word_1_132' title='bbox 252 1633 338 1682; x_wconf 83' lang='lat' dir='ltr'><strong>ibiq.</strong></span> <span class='ocrx_word' id='word_1_133' title='bbox 357 1632 492 1669; x_wconf 87' lang='lat' dir='ltr'><strong>laudat.</strong></span> <span class='ocrx_word' id='word_1_134' title='bbox 523 1637 558 1671; x_wconf 88' lang='lat' dir='ltr'><strong>et</strong></span> <span class='ocrx_word' id='word_1_135' title='bbox 577 1633 803 1683; x_wconf 81' lang='lat' dir='ltr'><strong>potissimum</strong></span> 
     </span>
     <span class='ocr_line' id='line_1_24' title="bbox 152 1688 803 1738; baseline -0.003 -11"><span class='ocrx_word' id='word_1_136' title='bbox 152 1689 333 1727; x_wconf 84' lang='lat' dir='ltr'><strong>Plutarch.</strong></span> <span class='ocrx_word' id='word_1_137' title='bbox 352 1688 482 1726; x_wconf 81' lang='lat' dir='ltr'><strong>Moral.</strong></span> <span class='ocrx_word' id='word_1_138' title='bbox 501 1689 573 1738; x_wconf 82' lang='grc' dir='ltr'><strong>(Π)</strong></span> <span class='ocrx_word' id='word_1_139' title='bbox 603 1702 688 1738; x_wconf 78' lang='lat' dir='ltr'><strong>pag.</strong></span> <span class='ocrx_word' id='word_1_140' title='bbox 708 1691 803 1736; x_wconf 82' lang='grc'>369,</span> 
     </span>
     <span class='ocr_line' id='line_1_25' title="bbox 153 1745 804 1792; baseline -0.002 -10"><span class='ocrx_word' id='word_1_141' title='bbox 153 1745 197 1783; x_wconf 86' lang='lat' dir='ltr'><strong>F.</strong></span> <span class='ocrx_word' id='word_1_142' title='bbox 229 1745 308 1786; x_wconf 88' lang='lat'><strong>537</strong></span> <span class='ocrx_word' id='word_1_143' title='bbox 322 1774 332 1792; x_wconf 86' lang='lat'>,</span> <span class='ocrx_word' id='word_1_144' title='bbox 351 1745 395 1782; x_wconf 90' lang='lat' dir='ltr'><strong>A.</strong></span> <span class='ocrx_word' id='word_1_145' title='bbox 452 1745 529 1792; x_wconf 86' lang='lat' dir='ltr'><strong>Sic,</strong></span> <span class='ocrx_word' id='word_1_146' title='bbox 559 1746 610 1781; x_wconf 88' lang='lat' dir='ltr'><strong>uti</strong></span> <span class='ocrx_word' id='word_1_147' title='bbox 628 1746 695 1781; x_wconf 84' lang='lat' dir='ltr'><strong>hoc</strong></span> <span class='ocrx_word' id='word_1_148' title='bbox 711 1749 804 1792; x_wconf 90' lang='lat' dir='ltr'><strong>utar,</strong></span> 
     </span>
     <span class='ocr_line' id='line_1_26' title="bbox 155 1800 804 1851; baseline 0 -14"><span class='ocrx_word' id='word_1_149' title='bbox 155 1805 364 1851; x_wconf 80' lang='lat' dir='ltr'><strong>serpentes,</strong></span> <span class='ocrx_word' id='word_1_150' title='bbox 401 1802 631 1850; x_wconf 85' lang='lat' dir='ltr'><strong>scorpiones,</strong></span> <span class='ocrx_word' id='word_1_151' title='bbox 667 1800 736 1837; x_wconf 83' lang='lat' dir='ltr'><strong>alia</strong></span> <span class='ocrx_word' id='word_1_152' title='bbox 766 1801 804 1837; x_wconf 90' lang='lat' dir='ltr'><strong>id</strong></span> 
     </span>
     <span class='ocr_line' id='line_1_27' title="bbox 156 1855 802 1906; baseline -0.006 -11"><span class='ocrx_word' id='word_1_153' title='bbox 156 1870 271 1906; x_wconf 84' lang='lat' dir='ltr'><strong>genus</strong></span> <span class='ocrx_word' id='word_1_154' title='bbox 303 1857 438 1893; x_wconf 82' lang='lat' dir='ltr'><strong>insecta</strong></span> <span class='ocrx_word' id='word_1_155' title='bbox 464 1857 592 1893; x_wconf 84' lang='lat' dir='ltr'><strong>nociva</strong></span> <span class='ocrx_word' id='word_1_156' title='bbox 620 1856 668 1892; x_wconf 79' lang='lat' dir='ltr'><strong>ad</strong></span> <span class='ocrx_word' id='word_1_157' title='bbox 694 1855 802 1892; x_wconf 88' lang='lat' dir='ltr'><strong>Ahri-</strong></span> 
     </span>
     <span class='ocr_line' id='line_1_28' title="bbox 156 1912 804 1962; baseline -0.005 -11"><span class='ocrx_word' id='word_1_158' title='bbox 156 1913 264 1951; x_wconf 87' lang='lat' dir='ltr'><strong>manii</strong></span> <span class='ocrx_word' id='word_1_159' title='bbox 291 1925 442 1961; x_wconf 84' lang='lat' dir='ltr'><strong>regnum</strong></span> <span class='ocrx_word' id='word_1_160' title='bbox 477 1912 681 1962; x_wconf 83' lang='lat' dir='ltr'><strong>pertinent,</strong></span> <span class='ocrx_word' id='word_1_161' title='bbox 709 1924 804 1960; x_wconf 83' lang='lat' dir='ltr'><strong>quae</strong></span> 
     </span>
     <span class='ocr_line' id='line_1_29' title="bbox 157 1967 802 2019; baseline -0.009 -11"><span class='ocrx_word' id='word_1_162' title='bbox 157 1971 241 2008; x_wconf 87' lang='lat' dir='ltr'><strong>ideo</strong></span> <span class='ocrx_word' id='word_1_163' title='bbox 254 1969 449 2019; x_wconf 84' lang='lat' dir='ltr'><strong>expressim</strong></span> <span class='ocrx_word' id='word_1_164' title='bbox 468 1969 526 2005; x_wconf 90' lang='lat' dir='ltr'><strong>hic</strong></span> <span class='ocrx_word' id='word_1_165' title='bbox 545 1967 721 2004; x_wconf 85' lang='lat' dir='ltr'><strong>nominari</strong></span> <span class='ocrx_word' id='word_1_166' title='bbox 735 1967 802 2003; x_wconf 74' lang='lat' dir='ltr'><strong>mi-</strong></span> 
     </span>
     <span class='ocr_line' id='line_1_30' title="bbox 156 2022 803 2064; baseline -0.005 -1"><span class='ocrx_word' id='word_1_167' title='bbox 156 2028 252 2064; x_wconf 90' lang='lat' dir='ltr'><strong>nime</strong></span> <span class='ocrx_word' id='word_1_168' title='bbox 273 2026 411 2063; x_wconf 87' lang='lat' dir='ltr'><strong>mirum.</strong></span> <span class='ocrx_word' id='word_1_169' title='bbox 469 2025 552 2061; x_wconf 85' lang='lat' dir='ltr'><strong>Vid.</strong></span> <span class='ocrx_word' id='word_1_170' title='bbox 585 2024 754 2060; x_wconf 82' lang='lat' dir='ltr'><strong>Crenzer.</strong></span> <span class='ocrx_word' id='word_1_171' title='bbox 780 2022 803 2060; x_wconf 91' lang='lat' dir='ltr'><strong>l.</strong></span> 
     </span>
     <span class='ocr_line' id='line_1_31' title="bbox 155 2079 803 2132; baseline -0.009 -12"><span class='ocrx_word' id='word_1_172' title='bbox 155 2083 179 2120; x_wconf 94' lang='lat' dir='ltr'><strong>l.</strong></span> <span class='ocrx_word' id='word_1_173' title='bbox 199 2094 285 2132; x_wconf 76' lang='lat' dir='ltr'><strong>pag.</strong></span> <span class='ocrx_word' id='word_1_174' title='bbox 317 2084 400 2123; x_wconf 74' lang='lat'><strong>722</strong></span> <span class='ocrx_word' id='word_1_175' title='bbox 436 2085 511 2118; x_wconf 91' lang='lat' dir='ltr'><strong>not.</strong></span> <span class='ocrx_word' id='word_1_176' title='bbox 539 2083 606 2121; x_wconf 86' lang='grc'><strong>72.</strong></span> <span class='ocrx_word' id='word_1_177' title='bbox 665 2079 803 2116; x_wconf 78' lang='lat' dir='ltr'><strong>Contra</strong></span> 
     </span>
     <span class='ocr_line' id='line_1_32' title="bbox 154 2136 802 2185; baseline -0.009 -9"><span class='ocrx_word' id='word_1_178' title='bbox 154 2138 253 2177; x_wconf 80' lang='lat' dir='ltr'><strong>canis</strong></span> <span class='ocrx_word' id='word_1_179' title='bbox 267 2138 315 2174; x_wconf 84' lang='lat' dir='ltr'><strong>ad</strong></span> <span class='ocrx_word' id='word_1_180' title='bbox 331 2138 427 2174; x_wconf 85' lang='lat' dir='ltr'><strong>bona</strong></span> <span class='ocrx_word' id='word_1_181' title='bbox 449 2136 617 2173; x_wconf 82' lang='lat' dir='ltr'><strong>animalia</strong></span> <span class='ocrx_word' id='word_1_182' title='bbox 633 2136 802 2185; x_wconf 77' lang='lat' dir='ltr'><strong>pertinet,</strong></span> 
     </span>
     <span class='ocr_line' id='line_1_33' title="bbox 154 2194 803 2243; baseline -0.008 -10"><span class='ocrx_word' id='word_1_183' title='bbox 154 2196 381 2243; x_wconf 88' lang='lat' dir='ltr'><strong>referturque</strong></span> <span class='ocrx_word' id='word_1_184' title='bbox 415 2194 464 2230; x_wconf 88' lang='lat' dir='ltr'><strong>ad</strong></span> <span class='ocrx_word' id='word_1_185' title='bbox 498 2196 651 2231; x_wconf 83' lang='lat' dir='ltr'><strong>mortem</strong></span> <span class='ocrx_word' id='word_1_186' title='bbox 693 2196 803 2239; x_wconf 83' lang='lat' dir='ltr'><strong>atque</strong></span> 
     </span>
     <span class='ocr_line' id='line_1_34' title="bbox 156 2248 804 2297; baseline -0.009 -9"><span class='ocrx_word' id='word_1_187' title='bbox 156 2250 459 2288; x_wconf 84' lang='lat' dir='ltr'><strong>immortalitatem</strong></span> <span class='ocrx_word' id='word_1_188' title='bbox 473 2279 483 2297; x_wconf 91' lang='lat'>‚</span> <span class='ocrx_word' id='word_1_189' title='bbox 513 2262 561 2286; x_wconf 93' lang='lat' dir='ltr'><strong>ne</strong></span> <span class='ocrx_word' id='word_1_190' title='bbox 578 2248 650 2285; x_wconf 83' lang='lat' dir='ltr'><strong>alia</strong></span> <span class='ocrx_word' id='word_1_191' title='bbox 673 2248 804 2293; x_wconf 86' lang='lat' dir='ltr'><strong>dicam,</strong></span> 
     </span>
     <span class='ocr_line' id='line_1_35' title="bbox 156 2304 806 2357; baseline -0.006 -13"><span class='ocrx_word' id='word_1_192' title='bbox 156 2307 285 2357; x_wconf 89' lang='lat' dir='ltr'><strong>quibus</strong></span> <span class='ocrx_word' id='word_1_193' title='bbox 304 2306 412 2345; x_wconf 91' lang='lat' dir='ltr'><strong>hocce</strong></span> <span class='ocrx_word' id='word_1_194' title='bbox 431 2304 563 2344; x_wconf 82' lang='lat' dir='ltr'><strong>animal</strong></span> <span class='ocrx_word' id='word_1_195' title='bbox 584 2304 727 2352; x_wconf 79' lang='lat' dir='ltr'><strong>insigne</strong></span> <span class='ocrx_word' id='word_1_196' title='bbox 749 2317 806 2340; x_wconf 89' lang='lat' dir='ltr'><strong>es-</strong></span> 
     </span>
     <span class='ocr_line' id='line_1_36' title="bbox 159 2358 810 2401; baseline -0.006 -1"><span class='ocrx_word' id='word_1_197' title='bbox 159 2377 199 2401; x_wconf 89' lang='lat' dir='ltr'><strong>se</strong></span> <span class='ocrx_word' id='word_1_198' title='bbox 216 2362 405 2400; x_wconf 79' lang='lat' dir='ltr'><strong>voluerunt</strong></span> <span class='ocrx_word' id='word_1_199' title='bbox 421 2367 562 2400; x_wconf 87' lang='lat' dir='ltr'><strong>veteres</strong></span> <span class='ocrx_word' id='word_1_200' title='bbox 583 2360 717 2399; x_wconf 83' lang='lat' dir='ltr'><strong>Persae</strong></span> <span class='ocrx_word' id='word_1_201' title='bbox 727 2358 810 2396; x_wconf 83' lang='lat' dir='ltr'><strong>Ma-</strong></span> 
     </span>
     <span class='ocr_line' id='line_1_37' title="bbox 159 2417 810 2468; baseline 0 -13"><span class='ocrx_word' id='word_1_202' title='bbox 159 2420 261 2468; x_wconf 80' lang='lat' dir='ltr'><strong>give3</strong></span> <span class='ocrx_word' id='word_1_203' title='bbox 290 2419 361 2456; x_wconf 88' lang='lat' dir='ltr'><strong>vid.</strong></span> <span class='ocrx_word' id='word_1_204' title='bbox 391 2420 562 2457; x_wconf 86' lang='lat' dir='ltr'><strong>Creuzer.</strong></span> <span class='ocrx_word' id='word_1_205' title='bbox 586 2417 609 2454; x_wconf 89' lang='lat' dir='ltr'><strong>l.</strong></span> <span class='ocrx_word' id='word_1_206' title='bbox 632 2417 654 2455; x_wconf 93' lang='lat' dir='ltr'><strong>l.</strong></span> <span class='ocrx_word' id='word_1_207' title='bbox 679 2418 810 2467; x_wconf 79' lang='lat' dir='ltr'><strong>p.752</strong></span> 
     </span>
     <span class='ocr_line' id='line_1_38' title="bbox 160 2476 345 2516; baseline -0.005 -4"><span class='ocrx_word' id='word_1_208' title='bbox 160 2479 234 2512; x_wconf 87' lang='lat' dir='ltr'><strong>not.</strong></span> <span class='ocrx_word' id='word_1_209' title='bbox 253 2476 345 2516; x_wconf 81' lang='lat'><strong>102.</strong></span> 
     </span>
    </p>

    <p class='ocr_par' dir='ltr' id='par_1_16' title="bbox 159 2525 805 2921">
     <span class='ocr_line' id='line_1_39' title="bbox 213 2525 805 2582; baseline -0.005 -14"><span class='ocrx_word' id='word_1_210' title='bbox 213 2528 282 2568; x_wconf 75' lang='grc' dir='ltr'><strong>καὶ</strong></span> <span class='ocrx_word' id='word_1_211' title='bbox 322 2525 527 2582; x_wconf 71' lang='grc' dir='ltr'><em>ἄγώνισμα</em></span> <span class='ocrx_word' id='word_1_212' title='bbox 561 2527 658 2581; x_wconf 80' lang='grc' dir='ltr'><em>μέγα</em></span> <span class='ocrx_word' id='word_1_213' title='bbox 690 2529 805 2566; x_wconf 80' lang='grc' dir='ltr'><em>τοῦτο</em></span> 
     </span>
     <span class='ocr_line' id='line_1_40' title="bbox 160 2584 803 2636; baseline -0.008 -11"><span class='ocrx_word' id='word_1_214' title='bbox 160 2585 388 2636; x_wconf 80' lang='grc' dir='ltr'><em>ποιεῦνται]</em></span> <span class='ocrx_word' id='word_1_215' title='bbox 409 2587 470 2623; x_wconf 85' lang='lat' dir='ltr'><strong>Sic</strong></span> <span class='ocrx_word' id='word_1_216' title='bbox 489 2588 616 2623; x_wconf 76' lang='lat' dir='ltr'><strong>iterum</strong></span> <span class='ocrx_word' id='word_1_217' title='bbox 639 2599 659 2622; x_wconf 77' lang='lat' dir='ltr'><strong>e</strong></span> <span class='ocrx_word' id='word_1_218' title='bbox 682 2584 803 2621; x_wconf 80' lang='lat' dir='ltr'><strong>Schel-</strong></span> 
     </span>
     <span class='ocr_line' id='line_1_41' title="bbox 159 2641 804 2680; baseline -0.005 -1"><span class='ocrx_word' id='word_1_219' title='bbox 159 2643 394 2680; x_wconf 83' lang='lat' dir='ltr'><strong>lershemiano</strong></span> <span class='ocrx_word' id='word_1_220' title='bbox 409 2643 573 2680; x_wconf 82' lang='lat' dir='ltr'><strong>dedimus</strong></span> <span class='ocrx_word' id='word_1_221' title='bbox 590 2655 670 2678; x_wconf 79' lang='lat' dir='ltr'><strong>cuni</strong></span> <span class='ocrx_word' id='word_1_222' title='bbox 690 2641 804 2677; x_wconf 82' lang='lat' dir='ltr'><strong>Gaisf.</strong></span> 
     </span>
     <span class='ocr_line' id='line_1_42' title="bbox 160 2697 802 2749; baseline -0.005 -13"><span class='ocrx_word' id='word_1_223' title='bbox 160 2699 280 2747; x_wconf 78' lang='lat' dir='ltr'><strong>Vulgo</strong></span> <span class='ocrx_word' id='word_1_224' title='bbox 318 2713 338 2736; x_wconf 89' lang='grc' dir='ltr'><em>τ</em></span> <span class='ocrx_word' id='word_1_225' title='bbox 350 2714 370 2737; x_wconf 93' lang='lat'><em>0</em></span> <span class='ocrx_word' id='word_1_226' title='bbox 381 2701 439 2737; x_wconf 79' lang='grc' dir='ltr'><strong>ὗτ</strong></span> <span class='ocrx_word' id='word_1_227' title='bbox 452 2713 472 2738; x_wconf 93' lang='grc' dir='ltr'><em>ο</em></span> <span class='ocrx_word' id='word_1_228' title='bbox 510 2714 535 2748; x_wconf 91' lang='grc' dir='ltr'><em>μ</em></span> <span class='ocrx_word' id='word_1_229' title='bbox 547 2697 563 2736; x_wconf 83' lang='grc' dir='ltr'>έ</span> <span class='ocrx_word' id='word_1_230' title='bbox 575 2712 596 2749; x_wconf 79' lang='grc' dir='ltr'><em>γ</em></span> <span class='ocrx_word' id='word_1_231' title='bbox 609 2712 645 2735; x_wconf 86' lang='grc' dir='ltr'><strong>α.</strong></span> <span class='ocrx_word' id='word_1_232' title='bbox 701 2697 802 2734; x_wconf 81' lang='lat' dir='ltr'><strong>Idem</strong></span> 
     </span>
     <span class='ocr_line' id='line_1_43' title="bbox 159 2752 803 2806; baseline -0.002 -13"><span class='ocrx_word' id='word_1_233' title='bbox 159 2756 305 2793; x_wconf 84' lang='lat' dir='ltr'><strong>fecimus</strong></span> <span class='ocrx_word' id='word_1_234' title='bbox 328 2768 456 2806; x_wconf 82' lang='lat' dir='ltr'><strong>supra,</strong></span> <span class='ocrx_word' id='word_1_235' title='bbox 486 2755 681 2792; x_wconf 88' lang='lat' dir='ltr'><strong>scribentes</strong></span> <span class='ocrx_word' id='word_1_236' title='bbox 698 2752 803 2805; x_wconf 68' lang='grc' dir='ltr'><em>ποιέ-</em></span> 
     </span>
     <span class='ocr_line' id='line_1_44' title="bbox 163 2808 803 2861; baseline -0.003 -11"><span class='ocrx_word' id='word_1_237' title='bbox 163 2826 280 2858; x_wconf 81' lang='grc' dir='ltr'><em>οντας</em></span> <span class='ocrx_word' id='word_1_238' title='bbox 300 2814 423 2850; x_wconf 81' lang='grc' dir='ltr'><em>ταῦτα</em></span> <span class='ocrx_word' id='word_1_239' title='bbox 441 2824 507 2861; x_wconf 92' lang='lat' dir='ltr'><strong>pro</strong></span> <span class='ocrx_word' id='word_1_240' title='bbox 518 2812 639 2849; x_wconf 81' lang='grc' dir='ltr'><em>ταῦτα</em></span> <span class='ocrx_word' id='word_1_241' title='bbox 652 2808 803 2849; x_wconf 77' lang='grc' dir='ltr'><em>ποιέον-</em></span> 
     </span>
     <span class='ocr_line' id='line_1_45' title="bbox 162 2863 801 2921; baseline -0.003 -15"><span class='ocrx_word' id='word_1_242' title='bbox 162 2883 239 2915; x_wconf 84' lang='grc' dir='ltr'><strong>τας.</strong></span> <span class='ocrx_word' id='word_1_243' title='bbox 298 2868 338 2904; x_wconf 90' lang='lat' dir='ltr'><strong>In</strong></span> <span class='ocrx_word' id='word_1_244' title='bbox 359 2881 462 2917; x_wconf 87' lang='lat' dir='ltr'><strong>seqq.</strong></span> <span class='ocrx_word' id='word_1_245' title='bbox 494 2863 599 2919; x_wconf 66' lang='grc' dir='ltr'><strong>ἀμφὶ</strong></span> <span class='ocrx_word' id='word_1_246' title='bbox 617 2868 672 2921; x_wconf 73' lang='grc' dir='ltr'><strong>τῷ</strong></span> <span class='ocrx_word' id='word_1_247' title='bbox 693 2863 801 2921; x_wconf 77' lang='grc' dir='ltr'><em>νόμῳ</em></span> 
     </span>
    </p>
   </div>
   <div class='ocr_carea' id='block_1_16' title="bbox 1525 1013 1657 1040">
    <p class='ocr_par' dir='ltr' id='par_1_17' title="bbox 1525 1013 1657 1040">
     <span class='ocr_line' id='line_1_46' title="bbox 1525 1013 1657 1040; baseline -0.008 -1"><span class='ocrx_word' id='word_1_248' title='bbox 1525 1013 1657 1040; x_wconf 79' lang='lat' dir='ltr'><strong>mittunt.</strong></span> 
     </span>
    </p>
   </div>
   <div class='ocr_carea' id='block_1_17' title="bbox 870 1181 1525 2072">
    <p class='ocr_par' dir='ltr' id='par_1_18' title="bbox 871 1181 1525 1460">
     <span class='ocr_line' id='line_1_47' title="bbox 874 1181 1525 1240; baseline -0.005 -17"><span class='ocrx_word' id='word_1_249' title='bbox 874 1181 1002 1240; x_wconf 80' lang='grc' dir='ltr'><em>τούτῳ</em></span> <span class='ocrx_word' id='word_1_250' title='bbox 1022 1189 1093 1224; x_wconf 89' lang='lat' dir='ltr'><strong>est:</strong></span> <span class='ocrx_word' id='word_1_251' title='bbox 1121 1185 1211 1235; x_wconf 80' lang='lat' dir='ltr'><strong>qnod</strong></span> <span class='ocrx_word' id='word_1_252' title='bbox 1229 1188 1356 1222; x_wconf 63' lang='lat' dir='ltr'><strong>attinet</strong></span> <span class='ocrx_word' id='word_1_253' title='bbox 1372 1185 1419 1222; x_wconf 79' lang='lat' dir='ltr'><strong>ad</strong></span> <span class='ocrx_word' id='word_1_254' title='bbox 1435 1184 1525 1222; x_wconf 75' lang='lat' dir='ltr'><strong>hanc</strong></span> 
     </span>
     <span class='ocr_line' id='line_1_48' title="bbox 875 1241 1525 1291; baseline -0.002 -13"><span class='ocrx_word' id='word_1_255' title='bbox 875 1242 1004 1290; x_wconf 81' lang='lat' dir='ltr'><strong>legem,</strong></span> <span class='ocrx_word' id='word_1_256' title='bbox 1028 1242 1069 1279; x_wconf 84' lang='lat' dir='ltr'><strong>de</strong></span> <span class='ocrx_word' id='word_1_257' title='bbox 1086 1241 1152 1278; x_wconf 79' lang='lat' dir='ltr'><strong>hac</strong></span> <span class='ocrx_word' id='word_1_258' title='bbox 1174 1242 1256 1290; x_wconf 79' lang='lat' dir='ltr'><strong>lege.</strong></span> <span class='ocrx_word' id='word_1_259' title='bbox 1291 1242 1399 1278; x_wconf 82' lang='lat' dir='ltr'><strong>Plura</strong></span> <span class='ocrx_word' id='word_1_260' title='bbox 1419 1254 1525 1291; x_wconf 82' lang='lat' dir='ltr'><strong>prae-</strong></span> 
     </span>
     <span class='ocr_line' id='line_1_49' title="bbox 872 1298 1525 1347; baseline 0 -14"><span class='ocrx_word' id='word_1_261' title='bbox 872 1298 1061 1347; x_wconf 83' lang='lat' dir='ltr'><strong>positionis</strong></span> <span class='ocrx_word' id='word_1_262' title='bbox 1085 1298 1206 1335; x_wconf 86' lang='lat' dir='ltr'><strong>dativo</strong></span> <span class='ocrx_word' id='word_1_263' title='bbox 1238 1299 1378 1334; x_wconf 86' lang='lat' dir='ltr'><strong>iunctae</strong></span> <span class='ocrx_word' id='word_1_264' title='bbox 1405 1310 1525 1335; x_wconf 86' lang='lat' dir='ltr'><strong>exem-</strong></span> 
     </span>
     <span class='ocr_line' id='line_1_50' title="bbox 871 1352 1522 1404; baseline 0.006 -15"><span class='ocrx_word' id='word_1_265' title='bbox 871 1353 931 1402; x_wconf 79' lang='lat' dir='ltr'><strong>pla</strong></span> <span class='ocrx_word' id='word_1_266' title='bbox 942 1353 1110 1402; x_wconf 81' lang='lat' dir='ltr'><strong>leguntur</strong></span> <span class='ocrx_word' id='word_1_267' title='bbox 1121 1355 1218 1403; x_wconf 84' lang='lat' dir='ltr'><strong>apud</strong></span> <span class='ocrx_word' id='word_1_268' title='bbox 1233 1354 1363 1391; x_wconf 82' lang='lat' dir='ltr'><strong>Matth.</strong></span> <span class='ocrx_word' id='word_1_269' title='bbox 1378 1352 1414 1404; x_wconf 63' lang='grc' dir='ltr'><strong>ἓ.</strong></span> <span class='ocrx_word' id='word_1_270' title='bbox 1428 1355 1522 1399; x_wconf 85' lang='grc'>583,</span> 
     </span>
     <span class='ocr_line' id='line_1_51' title="bbox 872 1409 1155 1460; baseline 0.011 -14"><span class='ocrx_word' id='word_1_271' title='bbox 872 1410 898 1460; x_wconf 82' lang='grc' dir='ltr'>β</span> <span class='ocrx_word' id='word_1_272' title='bbox 925 1422 1011 1460; x_wconf 85' lang='lat' dir='ltr'><strong>pag</strong></span> <span class='ocrx_word' id='word_1_273' title='bbox 1036 1409 1155 1450; x_wconf 82' lang='lat'>1158</span> 
     </span>
    </p>

    <p class='ocr_par' dir='ltr' id='par_1_19' title="bbox 870 1462 1523 2072">
     <span class='ocr_line' id='line_1_52' title="bbox 929 1462 1520 1515; baseline -0.009 -12"><span class='ocrx_word' id='word_1_274' title='bbox 929 1463 982 1512; x_wconf 71' lang='grc' dir='ltr'><strong>ὥς</strong></span> <span class='ocrx_word' id='word_1_275' title='bbox 999 1463 1067 1503; x_wconf 78' lang='grc' dir='ltr'><strong>καὶ</strong></span> <span class='ocrx_word' id='word_1_276' title='bbox 1092 1479 1216 1515; x_wconf 79' lang='grc' dir='ltr'><em>αρχην</em></span> <span class='ocrx_word' id='word_1_277' title='bbox 1246 1462 1466 1514; x_wconf 81' lang='grc' dir='ltr'><em>ἐνομίσθη]</em></span> <span class='ocrx_word' id='word_1_278' title='bbox 1498 1464 1520 1499; x_wconf 88' lang='lat' dir='ltr'><strong>i</strong></span> 
     </span>
     <span class='ocr_line' id='line_1_53' title="bbox 872 1520 1523 1570; baseline -0.005 -12"><span class='ocrx_word' id='word_1_279' title='bbox 872 1534 904 1558; x_wconf 87' lang='lat' dir='ltr'><strong>e.</strong></span> <span class='ocrx_word' id='word_1_280' title='bbox 927 1525 967 1558; x_wconf 79' lang='lat' dir='ltr'><strong>ut</strong></span> <span class='ocrx_word' id='word_1_281' title='bbox 988 1520 1083 1570; x_wconf 79' lang='lat' dir='ltr'><strong>apud</strong></span> <span class='ocrx_word' id='word_1_282' title='bbox 1108 1522 1193 1557; x_wconf 67' lang='lat' dir='ltr'><strong>astos</strong></span> <span class='ocrx_word' id='word_1_283' title='bbox 1213 1533 1347 1558; x_wconf 80' lang='lat' dir='ltr'><strong>omnmo</strong></span> <span class='ocrx_word' id='word_1_284' title='bbox 1377 1521 1482 1568; x_wconf 73' lang='lat' dir='ltr'><strong>(inde</strong></span> <span class='ocrx_word' id='word_1_285' title='bbox 1501 1532 1523 1555; x_wconf 80' lang='lat' dir='ltr'><strong>a</strong></span> 
     </span>
     <span class='ocr_line' id='line_1_54' title="bbox 872 1575 1520 1627; baseline -0.005 -13"><span class='ocrx_word' id='word_1_286' title='bbox 872 1578 1070 1627; x_wconf 77' lang='lat' dir='ltr'><strong>principio)</strong></span> <span class='ocrx_word' id='word_1_287' title='bbox 1107 1589 1197 1614; x_wconf 79' lang='lat' dir='ltr'><strong>more</strong></span> <span class='ocrx_word' id='word_1_288' title='bbox 1227 1580 1397 1627; x_wconf 79' lang='lat' dir='ltr'><strong>receptum</strong></span> <span class='ocrx_word' id='word_1_289' title='bbox 1426 1575 1520 1626; x_wconf 78' lang='lat' dir='ltr'><strong>fuit.</strong></span> 
     </span>
     <span class='ocr_line' id='line_1_55' title="bbox 871 1632 1520 1671; baseline -0.005 0"><span class='ocrx_word' id='word_1_290' title='bbox 871 1633 1025 1671; x_wconf 83' lang='lat' dir='ltr'><strong>Videtur</strong></span> <span class='ocrx_word' id='word_1_291' title='bbox 1058 1633 1267 1670; x_wconf 86' lang='lat' dir='ltr'><strong>Herodotus</strong></span> <span class='ocrx_word' id='word_1_292' title='bbox 1311 1633 1366 1671; x_wconf 89' lang='lat' dir='ltr'><strong>his</strong></span> <span class='ocrx_word' id='word_1_293' title='bbox 1404 1632 1520 1669; x_wconf 84' lang='lat' dir='ltr'><strong>verbis</strong></span> 
     </span>
     <span class='ocr_line' id='line_1_56' title="bbox 872 1688 1523 1737; baseline -0.003 -12"><span class='ocrx_word' id='word_1_294' title='bbox 872 1690 1031 1727; x_wconf 85' lang='lat' dir='ltr'><strong>indicare</strong></span> <span class='ocrx_word' id='word_1_295' title='bbox 1048 1689 1161 1737; x_wconf 78' lang='lat' dir='ltr'><strong>velle,</strong></span> <span class='ocrx_word' id='word_1_296' title='bbox 1193 1704 1231 1727; x_wconf 88' lang='lat' dir='ltr'><strong>se</strong></span> <span class='ocrx_word' id='word_1_297' title='bbox 1260 1689 1437 1726; x_wconf 83' lang='lat' dir='ltr'><strong>rationem</strong></span> <span class='ocrx_word' id='word_1_298' title='bbox 1456 1688 1523 1724; x_wconf 71' lang='lat' dir='ltr'><strong>hu-</strong></span> 
     </span>
     <span class='ocr_line' id='line_1_57' title="bbox 872 1744 1519 1794; baseline -0.002 -13"><span class='ocrx_word' id='word_1_299' title='bbox 872 1746 925 1782; x_wconf 87' lang='lat' dir='ltr'><strong>ius</strong></span> <span class='ocrx_word' id='word_1_300' title='bbox 956 1746 1088 1793; x_wconf 73' lang='lat' dir='ltr'><strong>moris,</strong></span> <span class='ocrx_word' id='word_1_301' title='bbox 1136 1747 1209 1794; x_wconf 65' lang='lat' dir='ltr'><strong>quo</strong></span> <span class='ocrx_word' id='word_1_302' title='bbox 1246 1746 1435 1794; x_wconf 84' lang='lat' dir='ltr'><strong>insigniter</strong></span> <span class='ocrx_word' id='word_1_303' title='bbox 1473 1744 1519 1780; x_wconf 80' lang='lat' dir='ltr'><strong>ab</strong></span> 
     </span>
     <span class='ocr_line' id='line_1_58' title="bbox 871 1800 1519 1851; baseline -0.003 -14"><span class='ocrx_word' id='word_1_304' title='bbox 871 1800 1059 1851; x_wconf 75' lang='lat' dir='ltr'><strong>Aegyptiis</strong></span> <span class='ocrx_word' id='word_1_305' title='bbox 1083 1802 1330 1838; x_wconf 82' lang='lat' dir='ltr'><strong>sacerdotibus</strong></span> <span class='ocrx_word' id='word_1_306' title='bbox 1350 1801 1519 1837; x_wconf 80' lang='lat' dir='ltr'><strong>differant</strong></span> 
     </span>
     <span class='ocr_line' id='line_1_59' title="bbox 870 1854 1520 1905; baseline -0.003 -13"><span class='ocrx_word' id='word_1_307' title='bbox 870 1856 994 1905; x_wconf 78' lang='lat' dir='ltr'><strong>Magi,</strong></span> <span class='ocrx_word' id='word_1_308' title='bbox 1024 1858 1146 1905; x_wconf 82' lang='lat' dir='ltr'><strong>utique</strong></span> <span class='ocrx_word' id='word_1_309' title='bbox 1174 1858 1333 1899; x_wconf 76' lang='lat' dir='ltr'><strong>nescire,</strong></span> <span class='ocrx_word' id='word_1_310' title='bbox 1370 1868 1438 1893; x_wconf 91' lang='lat' dir='ltr'><strong>nec</strong></span> <span class='ocrx_word' id='word_1_311' title='bbox 1466 1854 1520 1890; x_wconf 94' lang='lat' dir='ltr'><strong>ul-</strong></span> 
     </span>
     <span class='ocr_line' id='line_1_60' title="bbox 870 1909 1519 1962; baseline -0.005 -14"><span class='ocrx_word' id='word_1_312' title='bbox 870 1911 941 1948; x_wconf 84' lang='lat' dir='ltr'><strong>lam</strong></span> <span class='ocrx_word' id='word_1_313' title='bbox 963 1913 1041 1962; x_wconf 87' lang='lat' dir='ltr'><strong>ipse</strong></span> <span class='ocrx_word' id='word_1_314' title='bbox 1070 1914 1234 1961; x_wconf 77' lang='lat' dir='ltr'><strong>proferre</strong></span> <span class='ocrx_word' id='word_1_315' title='bbox 1261 1925 1370 1961; x_wconf 86' lang='lat' dir='ltr'><strong>posse</strong></span> <span class='ocrx_word' id='word_1_316' title='bbox 1398 1909 1519 1957; x_wconf 88' lang='lat' dir='ltr'><strong>talem,</strong></span> 
     </span>
     <span class='ocr_line' id='line_1_61' title="bbox 871 1966 1520 2017; baseline -0.002 -15"><span class='ocrx_word' id='word_1_317' title='bbox 871 1980 963 2016; x_wconf 85' lang='lat' dir='ltr'><strong>quae</strong></span> <span class='ocrx_word' id='word_1_318' title='bbox 989 1969 1114 2004; x_wconf 85' lang='lat' dir='ltr'><strong>merito</strong></span> <span class='ocrx_word' id='word_1_319' title='bbox 1148 1972 1184 2005; x_wconf 87' lang='lat' dir='ltr'><strong>et</strong></span> <span class='ocrx_word' id='word_1_320' title='bbox 1206 1968 1275 2017; x_wconf 81' lang='lat' dir='ltr'><strong>ipsi</strong></span> <span class='ocrx_word' id='word_1_321' title='bbox 1304 1971 1340 2004; x_wconf 86' lang='lat' dir='ltr'><strong>et</strong></span> <span class='ocrx_word' id='word_1_322' title='bbox 1364 1966 1520 2015; x_wconf 88' lang='lat' dir='ltr'><strong>reliquis,</strong></span> 
     </span>
     <span class='ocr_line' id='line_1_62' title="bbox 871 2022 1436 2072; baseline -0.002 -13"><span class='ocrx_word' id='word_1_323' title='bbox 871 2024 919 2059; x_wconf 87' lang='lat' dir='ltr'><strong>ad</strong></span> <span class='ocrx_word' id='word_1_324' title='bbox 941 2036 1031 2072; x_wconf 82' lang='lat' dir='ltr'><strong>quos</strong></span> <span class='ocrx_word' id='word_1_325' title='bbox 1060 2023 1200 2070; x_wconf 81' lang='lat' dir='ltr'><strong>scribit,</strong></span> <span class='ocrx_word' id='word_1_326' title='bbox 1230 2022 1436 2060; x_wconf 83' lang='lat' dir='ltr'><strong>satisfaciat.</strong></span> 
     </span>
    </p>
   </div>
   <div class='ocr_carea' id='block_1_18' title="bbox 1060 2106 1337 2156">
    <p class='ocr_par' dir='ltr' id='par_1_20' title="bbox 1060 2106 1337 2156">
     <span class='ocr_line' id='line_1_63' title="bbox 1060 2106 1337 2156; baseline 0 -14"><span class='ocrx_word' id='word_1_327' title='bbox 1060 2107 1092 2142; x_wconf 89' lang='lat' dir='ltr'>C</span> <span class='ocrx_word' id='word_1_328' title='bbox 1106 2119 1127 2142; x_wconf 89' lang='lat' dir='ltr'><strong>a</strong></span> <span class='ocrx_word' id='word_1_329' title='bbox 1139 2120 1174 2156; x_wconf 91' lang='lat' dir='ltr'><strong>p.</strong></span> <span class='ocrx_word' id='word_1_330' title='bbox 1205 2106 1337 2144; x_wconf 87' lang='lat' dir='ltr'><strong>CXLI.</strong></span> 
     </span>
    </p>
   </div>
   <div class='ocr_carea' id='block_1_19' title="bbox 869 2185 1517 2915">
    <p class='ocr_par' dir='ltr' id='par_1_21' title="bbox 872 2185 1517 2680">
     <span class='ocr_line' id='line_1_64' title="bbox 927 2185 1517 2240; baseline -0.003 -12"><span class='ocrx_word' id='word_1_331' title='bbox 927 2189 979 2236; x_wconf 71' lang='grc' dir='ltr'><strong>ὥς</strong></span> <span class='ocrx_word' id='word_1_332' title='bbox 1001 2190 1042 2228; x_wconf 80' lang='grc' dir='ltr'><strong>οἵ</strong></span> <span class='ocrx_word' id='word_1_333' title='bbox 1057 2189 1188 2228; x_wconf 79' lang='grc' dir='ltr'><em>Λυδοὶ</em></span> <span class='ocrx_word' id='word_1_334' title='bbox 1206 2185 1365 2240; x_wconf 71' lang='grc' dir='ltr'><em>τάχιστα</em></span> <span class='ocrx_word' id='word_1_335' title='bbox 1385 2204 1472 2228; x_wconf 79' lang='grc' dir='ltr'><strong>κατ</strong></span> <span class='ocrx_word' id='word_1_336' title='bbox 1485 2203 1517 2226; x_wconf 81' lang='grc' dir='ltr'><strong>ε-</strong></span> 
     </span>
     <span class='ocr_line' id='line_1_65' title="bbox 878 2242 1517 2297; baseline -0.002 -12"><span class='ocrx_word' id='word_1_337' title='bbox 878 2242 1175 2297; x_wconf 75' lang='grc' dir='ltr'><em>στράφατο]</em></span> <span class='ocrx_word' id='word_1_338' title='bbox 1244 2246 1366 2294; x_wconf 82' lang='lat' dir='ltr'><strong>Vulgo</strong></span> <span class='ocrx_word' id='word_1_339' title='bbox 1411 2259 1517 2284; x_wconf 68' lang='lat' dir='ltr'><strong>nocte-</strong></span> 
     </span>
     <span class='ocr_line' id='line_1_66' title="bbox 877 2301 1517 2355; baseline -0.008 -13"><span class='ocrx_word' id='word_1_340' title='bbox 877 2301 1068 2355; x_wconf 75' lang='grc' dir='ltr'><em>στρέφοιτο</em></span> <span class='ocrx_word' id='word_1_341' title='bbox 1082 2332 1091 2350; x_wconf 87' lang='grc'>,</span> <span class='ocrx_word' id='word_1_342' title='bbox 1121 2303 1237 2340; x_wconf 85' lang='lat' dir='ltr'><strong>minus</strong></span> <span class='ocrx_word' id='word_1_343' title='bbox 1257 2303 1305 2339; x_wconf 87' lang='lat' dir='ltr'><strong>ad</strong></span> <span class='ocrx_word' id='word_1_344' title='bbox 1322 2302 1449 2339; x_wconf 85' lang='lat' dir='ltr'><strong>Ionum</strong></span> <span class='ocrx_word' id='word_1_345' title='bbox 1464 2301 1517 2337; x_wconf 91' lang='lat' dir='ltr'><strong>lo-</strong></span> 
     </span>
     <span class='ocr_line' id='line_1_67' title="bbox 877 2358 1517 2408; baseline -0.003 -13"><span class='ocrx_word' id='word_1_346' title='bbox 877 2360 1012 2408; x_wconf 84' lang='lat' dir='ltr'><strong>quendi</strong></span> <span class='ocrx_word' id='word_1_347' title='bbox 1042 2373 1189 2396; x_wconf 82' lang='lat' dir='ltr'><strong>morem.</strong></span> <span class='ocrx_word' id='word_1_348' title='bbox 1248 2359 1355 2395; x_wconf 84' lang='lat' dir='ltr'><strong>Conf.</strong></span> <span class='ocrx_word' id='word_1_349' title='bbox 1385 2358 1424 2405; x_wconf 95' lang='grc' dir='ltr'>Ι,</span> <span class='ocrx_word' id='word_1_350' title='bbox 1451 2360 1517 2398; x_wconf 81' lang='grc'><strong>27.</strong></span> 
     </span>
     <span class='ocr_line' id='line_1_68' title="bbox 879 2408 1517 2464; baseline -0.002 -12"><span class='ocrx_word' id='word_1_351' title='bbox 879 2419 969 2456; x_wconf 86' lang='grc'><strong>166.</strong></span> <span class='ocrx_word' id='word_1_352' title='bbox 983 2437 1037 2443; x_wconf 89' lang='grc'>-</span> <span class='ocrx_word' id='word_1_353' title='bbox 1056 2416 1096 2451; x_wconf 80' lang='lat' dir='ltr'><strong>ln</strong></span> <span class='ocrx_word' id='word_1_354' title='bbox 1118 2428 1220 2464; x_wconf 88' lang='lat' dir='ltr'><strong>seqq.</strong></span> <span class='ocrx_word' id='word_1_355' title='bbox 1246 2413 1308 2453; x_wconf 81' lang='grc' dir='ltr'><strong>ἐπὶ</strong></span> <span class='ocrx_word' id='word_1_356' title='bbox 1329 2417 1432 2452; x_wconf 85' lang='grc' dir='ltr'><em>τοῖσι</em></span> <span class='ocrx_word' id='word_1_357' title='bbox 1451 2408 1517 2451; x_wconf 78' lang='lat' dir='ltr'><em>av’-</em></span> 
     </span>
     <span class='ocr_line' id='line_1_69' title="bbox 876 2470 1515 2510; baseline -0.009 1"><span class='ocrx_word' id='word_1_358' title='bbox 876 2476 975 2510; x_wconf 86' lang='grc' dir='ltr'><em>τοῐσι</em></span> <span class='ocrx_word' id='word_1_359' title='bbox 992 2477 1065 2510; x_wconf 84' lang='lat' dir='ltr'><strong>est:</strong></span> <span class='ocrx_word' id='word_1_360' title='bbox 1093 2471 1154 2508; x_wconf 74' lang='lat' dir='ltr'><strong>sub</strong></span> <span class='ocrx_word' id='word_1_361' title='bbox 1173 2470 1292 2508; x_wconf 76' lang='lat' dir='ltr'><strong>iisdem</strong></span> <span class='ocrx_word' id='word_1_362' title='bbox 1310 2470 1515 2507; x_wconf 65' lang='lat' dir='ltr'><strong>conditioni-</strong></span> 
     </span>
     <span class='ocr_line' id='line_1_70' title="bbox 873 2526 1514 2577; baseline -0.002 -13"><span class='ocrx_word' id='word_1_363' title='bbox 873 2529 946 2565; x_wconf 74' lang='lat' dir='ltr'><strong>bus.</strong></span> <span class='ocrx_word' id='word_1_364' title='bbox 1003 2529 1064 2564; x_wconf 86' lang='lat' dir='ltr'><strong>Sic</strong></span> <span class='ocrx_word' id='word_1_365' title='bbox 1091 2526 1152 2566; x_wconf 67' lang='grc' dir='ltr'><strong>ἐπὶ</strong></span> <span class='ocrx_word' id='word_1_366' title='bbox 1182 2539 1290 2577; x_wconf 85' lang='lat' dir='ltr'><strong>supra</strong></span> <span class='ocrx_word' id='word_1_367' title='bbox 1309 2526 1349 2573; x_wconf 87' lang='grc' dir='ltr'>Ι,</span> <span class='ocrx_word' id='word_1_368' title='bbox 1367 2529 1431 2568; x_wconf 87' lang='grc'><strong>22.</strong></span> <span class='ocrx_word' id='word_1_369' title='bbox 1461 2528 1514 2566; x_wconf 89' lang='lat'><strong>60</strong></span> 
     </span>
     <span class='ocr_line' id='line_1_71' title="bbox 873 2581 1515 2639; baseline -0.008 -17"><span class='ocrx_word' id='word_1_370' title='bbox 873 2589 910 2622; x_wconf 87' lang='lat' dir='ltr'><strong>et</strong></span> <span class='ocrx_word' id='word_1_371' title='bbox 945 2584 980 2620; x_wconf 86' lang='lat' dir='ltr'><strong>in</strong></span> <span class='ocrx_word' id='word_1_372' title='bbox 1005 2585 1076 2621; x_wconf 77' lang='lat' dir='ltr'><strong>sine</strong></span> <span class='ocrx_word' id='word_1_373' title='bbox 1105 2584 1207 2620; x_wconf 86' lang='lat' dir='ltr'><strong>huius</strong></span> <span class='ocrx_word' id='word_1_374' title='bbox 1233 2583 1343 2634; x_wconf 87' lang='lat' dir='ltr'><strong>ipsius</strong></span> <span class='ocrx_word' id='word_1_375' title='bbox 1370 2581 1515 2639; x_wconf 82' lang='lat' dir='ltr'><strong>capitis:</strong></span> 
     </span>
     <span class='ocr_line' id='line_1_72' title="bbox 872 2636 1084 2680; baseline -0.015 0"><span class='ocrx_word' id='word_1_376' title='bbox 872 2640 889 2680; x_wconf 72' lang='grc' dir='ltr'><strong>ἐ</strong></span> <span class='ocrx_word' id='word_1_377' title='bbox 900 2636 939 2678; x_wconf 61' lang='grc' dir='ltr'><strong>ΤΒ,</strong></span> <span class='ocrx_word' id='word_1_378' title='bbox 970 2655 988 2678; x_wconf 93' lang='grc' dir='ltr'>Ο</span> <span class='ocrx_word' id='word_1_379' title='bbox 1003 2636 1019 2678; x_wconf 68' lang='grc' dir='ltr'>ἶ</span> <span class='ocrx_word' id='word_1_380' title='bbox 1027 2653 1047 2678; x_wconf 71' lang='lat' dir='ltr'><strong><em>G</em></strong></span> <span class='ocrx_word' id='word_1_381' title='bbox 1061 2656 1084 2677; x_wconf 77' lang='grc' dir='ltr'><em>ι</em></span> 
     </span>
    </p>

    <p class='ocr_par' dir='ltr' id='par_1_22' title="bbox 869 2689 1511 2915">
     <span class='ocr_line' id='line_1_73' title="bbox 925 2689 1511 2761; baseline -0.005 -27"><span class='ocrx_word' id='word_1_382' title='bbox 925 2696 1099 2735; x_wconf 73' lang='grc' dir='ltr'><em>τοῖσικαὶ</em></span> <span class='ocrx_word' id='word_1_383' title='bbox 1116 2695 1271 2761; x_wconf 78' lang='grc' dir='ltr'><em>Κροίσῳ</em></span> <span class='ocrx_word' id='word_1_384' title='bbox 1282 2696 1386 2745; x_wconf 74' lang='grc' dir='ltr'><em>ἦσαν</em></span> <span class='ocrx_word' id='word_1_385' title='bbox 1396 2689 1511 2744; x_wconf 80' lang='grc' dir='ltr'><em>κατή-</em></span> 
     </span>
     <span class='ocr_line' id='line_1_74' title="bbox 869 2747 1511 2802; baseline -0.011 -9.989"><span class='ocrx_word' id='word_1_386' title='bbox 869 2751 981 2802; x_wconf 78' lang='grc' dir='ltr'><em>κοοι]</em></span> <span class='ocrx_word' id='word_1_387' title='bbox 1003 2753 1149 2789; x_wconf 79' lang='lat' dir='ltr'><strong>Nomini</strong></span> <span class='ocrx_word' id='word_1_388' title='bbox 1170 2747 1360 2801; x_wconf 78' lang='grc' dir='ltr'><em>κατήκοος</em></span> <span class='ocrx_word' id='word_1_389' title='bbox 1378 2751 1435 2787; x_wconf 89' lang='lat' dir='ltr'><strong>hic</strong></span> <span class='ocrx_word' id='word_1_390' title='bbox 1447 2750 1511 2786; x_wconf 86' lang='lat' dir='ltr'><strong>da—</strong></span> 
     </span>
     <span class='ocr_line' id='line_1_75' title="bbox 869 2806 1510 2855; baseline -0.003 -10"><span class='ocrx_word' id='word_1_391' title='bbox 869 2810 975 2846; x_wconf 77' lang='lat' dir='ltr'><strong>tivum</strong></span> <span class='ocrx_word' id='word_1_392' title='bbox 1003 2810 1066 2845; x_wconf 77' lang='lat' dir='ltr'><strong>ads</strong></span> <span class='ocrx_word' id='word_1_393' title='bbox 1070 2808 1197 2855; x_wconf 67' lang='lat' dir='ltr'><strong>nuxit,</strong></span> <span class='ocrx_word' id='word_1_394' title='bbox 1225 2820 1308 2844; x_wconf 84' lang='lat' dir='ltr'><strong>mox</strong></span> <span class='ocrx_word' id='word_1_395' title='bbox 1329 2807 1394 2854; x_wconf 88' lang='grc' dir='ltr'>(Ι,</span> <span class='ocrx_word' id='word_1_396' title='bbox 1411 2806 1510 2847; x_wconf 78' lang='grc'>143)</span> 
     </span>
     <span class='ocr_line' id='line_1_76' title="bbox 872 2863 1511 2915; baseline -0.008 -12"><span class='ocrx_word' id='word_1_397' title='bbox 872 2866 1076 2915; x_wconf 76' lang='lat' dir='ltr'><strong>genitivum.</strong></span> <span class='ocrx_word' id='word_1_398' title='bbox 1115 2865 1173 2902; x_wconf 84' lang='lat' dir='ltr'><strong>Dc</strong></span> <span class='ocrx_word' id='word_1_399' title='bbox 1201 2877 1273 2913; x_wconf 88' lang='lat' dir='ltr'><strong>quo</strong></span> <span class='ocrx_word' id='word_1_400' title='bbox 1299 2877 1366 2902; x_wconf 88' lang='lat' dir='ltr'><strong>usu</strong></span> <span class='ocrx_word' id='word_1_401' title='bbox 1388 2863 1511 2900; x_wconf 81' lang='lat' dir='ltr'><strong>confer</strong></span> 
     </span>
    </p>
   </div>
  </div>
 </body>
</html>
