1877 3223
330 747 396 792 38

434 238 492 278 98

841 229 1310 273 HERODOTI

436 345 545 398 ,,καὶ
572 344 615 398 ἐξ
643 343 804 400 ἀγορῆς
834 340 1065 398 φοιτέοντα
1103 341 1360 395 φαίνεσθαις
1400 343 1522 389 κοῖος
1553 337 1632 393 μέν
1659 352 1722 388 τις

437 429 583 476 „voltu
620 423 846 479 πολιήτῃσι
887 419 998 472 δόξω
1040 416 1175 469 εἶναι;
1217 422 1339 468 κοῖος
1377 417 1423 460 δέ
1461 434 1524 468 τις
1552 421 1605 475 τῇ
1633 433 1723 460 νεο-

437 538 461 557 ,,
472 503 594 563 γάμῳ
615 503 791 558 γυναικί
799 520 813 556 ,·
837 501 944 556 κοίῳ
965 498 1010 542 δὲ
1027 498 1167 553 ἐκείνη
1188 496 1301 548 δόξει
1322 494 1450 550 ἀνδρὶ
1462 496 1702 540 συνοικέειν
1711 512 1723 545 ,·

439 583 544 639 „ius
584 577 647 625 ὦν
684 579 739 623 σύ
776 579 806 635 ἢ
834 579 963 634 μέθες
1002 577 1112 620 ἰέναι
1141 576 1210 619 ἐπὶ
1234 575 1313 631 τήν
1340 574 1508 631 θήρην,
1545 574 1574 630 ἢ
1610 574 1772 631 λόγῳῙΟ

441 659 711 714 ,,ἀνοὲπεισον
739 657 852 709 ὅκως
880 673 955 713 μοι
985 654 1145 712 ἀμείνω
1177 654 1265 698 ἐστὶ
1293 658 1429 698 ταῦτα
1459 654 1573 698 οὕτω
1589 652 1731 698 ποιεό-

441 740 636 796 ,,μενα.“
690 735 927 793 Ἀμείβεται
956 739 1147 791 Κροῖσος
1169 736 1333 778 τοῖσδε·
1377 729 1461 785 „³52
1490 738 1587 785 παῖ,
1629 731 1731 776 οὔτε

440 852 465 872 „
478 818 666 874 δειλίην,
697 815 799 859 οὔτε
829 814 932 858 ἄλλο
957 813 1087 859 οὐδὲν
1117 813 1244 870 ἄχαρι
1271 813 1470 867 παριδών
1489 829 1568 865 τοι,
1599 810 1733 855 ποιέω

446 900 635 950 ,,ταῦτα·
676 891 785 938 ἄλλά
825 909 900 948 μοι
940 892 1040 944 ὄψις
1078 891 1256 946 ὀνείρου
1294 893 1342 936 ἐν
1380 896 1442 949 τῷ
1485 891 1609 950 ’ὕπνῳ
1648 891 1734 934 ἐπι-

446 1010 471 1029 ,,
484 979 619 1020 στᾶσα
648 973 731 1030 ἔφη
752 983 799 1016 σε
826 970 1130 1027 ὀλιγοχρόνιον
1151 972 1340 1024 ἔσεσθαι,
1371 970 1455 1014 ὑπὸ
1481 970 1564 1026 γαρ
1583 971 1781 1025 αἰχμῆς15

425 1067 474 1109 2„
484 1054 681 1110 σιδηρέης
711 1049 985 1096 ἀπολέεσθαι.

1045 1048 1158 1106 πρός
1196 1045 1259 1093 ὧν
1296 1049 1376 1106 τήν
1414 1047 1519 1101 ὄψιν
1557 1047 1735 1103 ταύτην,

448 1134 560 1188 »τόν
590 1149 634 1177 τε
662 1131 805 1189 γάμον
832 1147 901 1175 τοι
929 1132 1090 1174 τοῦτον
1118 1129 1327 1182 ἔσπευσα,
1366 1128 1441 1172 καὶ
1477 1126 1546 1171 ἐπὶ
1582 1125 1635 1170 τὰ
1663 1141 1740 1169 πα-

451 1210 853 1268 ,,ραλαμβανόμενα
889 1208 973 1254 οὐκ
1012 1205 1272 1264 ἀποπέμπω,
1315 1206 1517 1264 φυλακὴν
1557 1205 1665 1261 ἔχων
1704 1205 1745 1248 εἴ

429 1305 478 1345 3,,
491 1308 578 1343 κως
607 1292 824 1348 δυναίμην
853 1289 921 1334 ἐπὶ
949 1292 1025 1345 τῆς
1054 1288 1157 1345 ἐμῆς
1185 1299 1232 1332 σε
1273 1287 1372 1345 ζόης
1401 1285 1642 1339 διακλέψαι.
1682 1281 1743 1335 εἷς

413 1471 550 1509 sthenis
570 1469 687 1506 locum
716 1479 760 1506 ex
790 1470 880 1504 orat.
907 1480 975 1518 pro
1005 1479 1068 1505 co-

414 1541 494 1565 ron.
515 1540 552 1577 p.
581 1526 674 1566 174.
730 1523 774 1561 In
800 1537 905 1573 seqq.
938 1523 1068 1562 retinui

416 1581 560 1635 μέθες,
588 1582 627 1617 in
647 1593 720 1630 quo
739 1593 865 1617 omnes
887 1580 966 1617 libri
983 1594 1070 1618 con-

419 1639 591 1678 sentiunt.
659 1636 876 1674 Schaeferus
908 1638 1071 1674 ediderat

421 1694 543 1747 μέτες.
600 1692 711 1731 Male.
768 1693 865 1729 Nam
891 1693 960 1730 alia
981 1705 1073 1742 quo-

421 1764 494 1801 qne
515 1751 613 1800 apud
629 1750 856 1786 Herodotum
874 1752 1074 1795 occurrunt,

421 1808 482 1844 ubi
500 1807 645 1843 minime
663 1805 835 1855 aspiratio
857 1806 1075 1854 negligitur3

423 1864 519 1901 cons.
544 1861 674 1898 Matth.
685 1874 771 1911 pag.
784 1860 865 1901 514
877 1889 888 1907 ,
905 1861 1076 1898 Addend.

425 1920 475 1956 ad
511 1932 547 1968 p.
574 1917 640 1957 94.
707 1917 764 1954 De
799 1917 1079 1967 praepositionis

426 1987 495 2011 usu
526 1974 564 2009 in
590 1973 709 2009 verbis
740 1972 804 2011 ἐπὶ
835 1969 909 2023 τήν
941 1969 1080 2024 θήρην

427 2031 525 2068 cons.
547 2030 640 2067 infra
660 2028 764 2076 adl,
786 2027 851 2069 84.

483 2110 586 2159 όκως
609 2127 675 2163 μοι
695 2108 844 2163 αμείνω
868 2110 948 2151 εστι
958 2127 1081 2150 ταυτα

429 2166 535 2210 ου’τω
565 2164 749 2219 ποιεόμ
765 2167 876 2219 ενα]
908 2168 965 2206 De
996 2181 1083 2219 par-

428 2227 539 2277 ticipii
577 2239 643 2262 usu
668 2226 747 2262 loco
791 2225 954 2262 infinitivi
998 2227 1083 2274 post

432 2281 596 2334 ἄμεινον
616 2295 658 2319 ac
677 2281 805 2318 similia
821 2285 944 2318 monet
953 2279 1083 2318 Matth.

432 2338 471 2391 ἓ.
494 2339 575 2380 555
596 2342 670 2375 not.
686 2351 774 2389 pag.
802 2339 924 2380 1090.

583 2455 614 2491 c
627 2467 648 2491 a
659 2468 695 2505 p.
725 2454 932 2492 XXXVIII.

490 2535 585 2590 πρὸς
606 2532 664 2577 οἷν
695 2534 769 2589 τὴν
790 2534 889 2588 ὄψιν
913 2531 1085 2586 ταύτην]

433 2596 456 2632 i.
477 2608 508 2633 e.
540 2594 723 2644 „Propter
748 2595 810 2631 hoc
831 2597 966 2640 visum,
996 2592 1087 2643 quod

432 2654 558 2688 attinet
598 2652 646 2688 ad
685 2652 786 2688 hocce
821 2650 971 2688 visum.“
1027 2648 1088 2685 Sic

430 2707 611 2746 Plutarch.
635 2707 761 2745 Periel.
775 2709 830 2749 36
847 2708 909 2744 fin.
929 2700 1087 2757 ἡττήθη

429 2765 504 2801 τοῦ
534 2759 695 2809 πάθοις
729 2762 828 2815 πρὸς
869 2777 945 2814 την
973 2758 1085 2809 οψιν.

433 2819 541 2856 Plura
562 2819 690 2857 M·1tth.
705 2818 742 2870 §.
755 2821 850 2866 591,
864 2820 890 2869 β
910 2832 946 2869 p.
964 2819 1085 2859 1181

484 2889 550 2912 και
583 2874 648 2914 ἐπὶ
692 2873 739 2916 τά
779 2868 1080 2927 παραλαιιβανό-

1134 1482 1233 1522 μενα
1262 1461 1338 1507 οὐκ
1367 1460 1616 1519 αποπὲμπω]
1647 1478 1696 1504 τα
1717 1477 1790 1504 πα-

1136 1520 1471 1579 ραλαμβανόμενα
1496 1528 1582 1561 sunt
1614 1535 1674 1570 ea,
1706 1534 1794 1572 quae

1135 1583 1387 1631 suscipiuntur.
1445 1581 1489 1618 In
1521 1593 1595 1642 quo
1632 1591 1707 1616 non
1739 1578 1794 1614 vi-

1139 1640 1234 1686 deo,
1273 1638 1361 1686 quid
1391 1637 1519 1674 doctos
1547 1636 1642 1672 viros
1670 1646 1794 1671 move-

1139 1696 1213 1741 rit,
1242 1697 1283 1730 ut
1303 1692 1452 1731 mallent
1474 1689 1522 1730 τοὶ
1544 1685 1795 1742 παραβαλλό-

1143 1764 1241 1802 μενα
1257 1763 1319 1796 ea,
1343 1762 1429 1798 quae
1444 1751 1698 1798 proponuntur,
1710 1759 1794 1811 pro-

1141 1809 1335 1852 iiciuntur,
1375 1818 1412 1841 m
1443 1805 1567 1855 qulbus
1596 1803 1682 1841 adeo
1697 1803 1794 1852 peri-

1146 1863 1263 1900 culum
1303 1864 1403 1898 inest.
1475 1861 1588 1898 Cuius
1633 1859 1797 1897 lectionis

1146 1920 1335 1970 speciosae
1363 1921 1538 1967 patronus
1567 1916 1703 1954 exstitit
1723 1915 1800 1952 Co-

1146 1989 1228 2013 raes
1257 1975 1385 2024 (apud
1417 1973 1666 2018 Larcherum)
1701 1984 1800 2009 eam-

1149 2045 1221 2081 que
1254 2032 1398 2068 firmare
1435 2030 1575 2066 studuit
1599 2029 1687 2066 locis
1718 2029 1798 2066 He-

1149 2087 1311 2125 rodoteis
1346 2086 1383 2132 l,
1408 2088 1499 2127 108.
1541 2085 1630 2131 ΥΠ,
1652 2086 1705 2125 10
1737 2084 1799 2122 fin.

1150 2157 1246 2181 vers.
1286 2142 1452 2191 Thucyd.
1490 2141 1528 2188 Ι,
1566 2142 1656 2181 133.
1722 2140 1801 2178 Sed

1150 2194 1476 2250 παραλαμβάνειν
1495 2199 1665 2246 suscipere
1691 2196 1801 2246 lippis

1152 2268 1194 2292 ae
1231 2254 1439 2292 tonsoribus
1470 2258 1607 2290 notum.
1671 2252 1803 2290 Adfert

1154 2311 1185 2348 C
1193 2325 1218 2347 r.
1246 2311 1362 2346 locum
1401 2310 1541 2346 Platon.
1583 2309 1622 2345 in
1659 2309 1800 2345 Criton.

1152 2381 1189 2418 p
1219 2369 1312 2407 109.
1350 2380 1385 2417 p.
1418 2368 1493 2407 151
1522 2365 1641 2403 Bekk.
1680 2361 1728 2403 τοὶ
1757 2361 1802 2402 δὲ

1153 2423 1245 2474 ἔργα
1266 2419 1331 2461 δια
1356 2418 1426 2469 τοὶς
1442 2424 1522 2460 τῶν
1541 2420 1803 2471 παραλαμβα-

1153 2477 1302 2519 νόντων
1325 2475 1552 2530 φθοραςῇ
1572 2473 1802 2528 η’φανίσθη.

1153 2558 1210 2563 -—
1231 2536 1272 2572 In
1291 2549 1396 2584 seqq.
1424 2535 1590 2572 dedimus
1621 2531 1709 2584 ζόης
1733 2545 1802 2583 pro

1153 2592 1251 2641 vulg.
1275 2593 1376 2641 ζωῆς
1403 2603 1483 2628 cum
1514 2590 1661 2640 optimis
1689 2589 1802 2636 libris,

1154 2662 1246 2697 quos
1279 2653 1315 2686 et
1341 2647 1508 2696 Schwgh.
1538 2650 1576 2684 et
1599 2646 1716 2683 Gaisf.
1742 2658 1803 2682 se-

1152 2705 1223 2742 cuti
1259 2710 1353 2742 sunt.
1411 2703 1465 2740 Illi
1494 2707 1654 2740 ceterum
1685 2700 1803 2750 magis

1152 2761 1327 2811 placeret:
1378 2757 1444 2799 ἐπὶ
1486 2760 1558 2810 τῆς
1598 2757 1721 2810 ἐμῆς
1751 2769 1802 2809 γε

1154 2812 1290 2866 ζόης·

1210 2875 1266 2919 εἱς
1300 2869 1377 2925 γάρ
1420 2886 1488 2923 μοι
1526 2883 1677 2923 μουνος
1704 2882 1799 2919 τυγ-
