1909 3228
569 219 997 260 EUTERPE.
1044 219 1088 258 ΙΙ.

1367 219 1452 260 645

182 330 295 377 εἶναι
328 330 581 388 χειροήθεα·
609 327 832 387 ἀρτήματά
862 345 907 373 τε
936 331 1088 373 λίθινα
1111 327 1218 385 χυτοὶ
1248 327 1321 372 καὶ
1341 326 1507 383 χρύ-55

179 423 256 456 σεα
286 411 329 462 ἐς
360 411 412 454 τοὶ
453 405 542 454 ὦτα
573 411 788 460 ἐνθέντες.

842 409 915 451 καὶ
956 407 1170 464 ἀμφιδέας
1208 407 1307 462 περὶ
1344 405 1451 457 τούς

178 492 426 545 προσθίους
455 489 616 541 πόδας,
654 489 726 531 καὶ
757 490 872 531 σιτία
901 485 1122 531 ἀποτακτὰ
1153 486 1347 537 διδόντες
1377 484 1450 528 καὶ

183 569 328 625 ἷρήϊα,
359 570 432 612 καὶ
461 570 736 624 περιέποντες
770 566 828 617 ὥς
851 566 1056 610 κάλλιστα
1091 564 1305 619 ζώοντας,
1339 562 1448 608 ἀπο-

177 647 399 699 θανόντας
439 649 484 692 δὲ
525 647 821 703 ταριχεύοντες
859 645 1081 689 θάπτουσι
1127 646 1173 688 ἐν
1215 647 1335 701 ἱρῇσι
1364 642 1447 700 θή-

148 735 295 785 3κῃσι-
326 729 368 771 οἱ
397 729 443 772 δὲ
473 729 570 783 περὶ
591 725 901 782 Ἐλεφαντίνην
930 723 1062 769 πόλιν
1093 725 1333 776 οἰκέοντες,
1374 722 1445 766 καὶ
1458 728 1504 763 60

145 807 380 851 4ἐσθίουσι
411 804 599 857 αὐτούς,
635 804 720 849 οὐκ
751 804 982 861 ἡγεόμενοι
1015 803 1137 860 ἷρούς
1167 801 1291 847 εἶναι.
1350 804 1445 845 Κα-

173 885 345 929 λέονται
375 885 421 929 δὲ
453 884 506 928 οὐ
546 884 852 940 κροκόδειλοι,
898 882 1006 927 ἀλλὰ
1041 882 1220 940 χάμψαι.

173 1066 378 1121 ἀρτήματά
401 1084 440 1109 τε
461 1070 600 1109 λίθινα
620 1068 715 1120 zum*
742 1086 777 1110 κ.

115 1142 148 1167 τ.
170 1127 227 1178 λ.]
257 1123 472 1177 ἄρτήμιατα,
506 1140 600 1176 quae
633 1123 776 1177 κόσμιιὲ

115 1199 204 1223 τινα
237 1184 324 1221 dicit
355 1183 560 1231 Hesychius
584 1184 597 1220 Ι
618 1198 652 1233 p.
678 1185 774 1232 556,

115 1241 150 1278 h.
172 1241 195 1278 l.
215 1240 463 1290 intelliguntur
489 1242 638 1286 inaures,
664 1254 774 1277 orna-

114 1302 237 1335 menta
249 1298 297 1334 ab
307 1298 452 1334 auribus
466 1297 676 1346 pendentia,
694 1302 772 1334 tum

115 1366 246 1400 aurea,
275 1358 350 1390 tum
372 1366 395 1390 e
414 1354 501 1389 fusis
533 1366 574 1389 ac
599 1354 770 1389 factititiis

113 1410 241 1460 lapillis
271 1410 446 1447 confecta.
493 1409 619 1451 Quare
650 1408 771 1445 Minu-

112 1467 176 1503 toli
196 1465 217 1502 l.
234 1465 256 1502 1.
271 1478 356 1515 pag.
382 1467 472 1505 163.
491 1467 573 1505 280
587 1478 662 1514 seq.
686 1467 769 1506 286

114 1535 219 1572 seqq.
257 1522 342 1559 dicit
372 1520 617 1568 Glasmosailc‚
672 1534 769 1569 quae

112 1584 190 1616 arte
215 1578 362 1627 quidem
400 1577 586 1614 elaborata
620 1578 767 1624 fuerint,

111 1649 192 1674 cum
220 1635 366 1671 omnino
396 1633 528 1671 haecce
558 1646 616 1670 ars
641 1634 770 1670 admo-

112 1693 198 1730 dum
220 1691 384 1728 fioruerit
406 1691 504 1740 apud
534 1694 675 1727 veteres
696 1690 768 1728 Ae-

112 1748 273 1798 gyptios.
285 1769 341 1774 ——
368 1747 463 1783 Sunt
473 1759 558 1783 vero
571 1747 670 1796 apud
687 1759 773 1783 cro-⁷

112 1804 249 1842 codilos
281 1804 420 1839 aurium
455 1804 633 1839 foramina
661 1815 770 1852 supra

111 1860 233 1897 oculos
255 1861 325 1895 sita
337 1863 488 1907 cuteque
503 1859 660 1905 obtecta,
674 1871 769 1907 quae

111 1916 309 1966 palpebrae
336 1915 494 1963 aliquam
525 1914 620 1963 gerit
649 1914 771 1951 simili-

113 1973 296 2017 tudinem3
325 1970 482 2020 operculi
501 1983 584 2020 pars
606 1972 770 2020 superior

112 2029 253 2066 mobilis
282 2028 405 2065 multis
428 2027 528 2063 fibris
559 2026 769 2063 musculari-

111 2085 178 2122 bus
192 2085 371 2121 clauditur
390 2088 428 2120 et
450 2083 667 2126 recluditur3
685 2083 769 2120 reli-

111 2154 184 2190 qua
205 2141 342 2178 aurium
373 2140 511 2176 fabrica
534 2138 639 2176 valde
671 2140 769 2176 simi-

110 2198 153 2234 lis
177 2198 296 2234 avium
314 2197 470 2234 auribus.
501 2196 605 2233 Haec
616 2195 768 2232 Schnei-

111 2254 219 2292 derus
240 2254 261 2290 l.
281 2253 303 2290 l.
323 2265 409 2303 pag.
431 2255 484 2293 27
497 2265 599 2300 seqq.
634 2251 686 2288 Ac
701 2264 768 2288 no-

111 2311 202 2347 tavit
224 2310 400 2357 Geoffroy
411 2309 432 2345 l.
446 2308 467 2345 l.
482 2308 533 2345 IX
546 2322 581 2358 p.
593 2310 673 2348 386
688 2322 765 2357 seq.

112 2380 152 2403 se
171 2367 207 2403 in
226 2366 487 2403 crocodilorum
509 2365 652 2401 mumiis
669 2365 768 2401 fora·

111 2424 210 2459 mina
228 2422 366 2458 aurium
384 2422 579 2467 invenisse,
594 2434 615 2456 a
634 2422 766 2469 quibus

111 2478 246 2515 haecce
286 2481 499 2514 ornamenta
536 2477 671 2514 fuerint
707 2491 768 2513 su-

111 2546 256 2584 spensa.

169 2588 237 2627 καὶ
285 2583 481 2639 ἀμφιδέας
534 2587 625 2639 περὶ
675 2586 769 2635 τοῦς

110 2645 333 2695 προσθίους
363 2641 513 2694 πόδας]
544 2645 769 2694 προσθίους

111 2716 191 2740 cum
212 2701 415 2749 Schweigh.
441 2705 476 2737 et
507 2702 625 2737 Gaisf.
651 2702 768 2750 recepi

110 2772 177 2809 pro
201 2758 297 2806 vulg.
332 2756 612 2807 ἐμπροσθίους.
671 2756 768 2794 Bam

111 2815 350 2863 designantur
369 2813 469 2864 pedes
491 2815 690 2850 anteriores.
713 2835 768 2840 -—

110 2867 327 2923 Ἁμφιδέας
378 2869 548 2919 intelligit
596 2869 769 2915 armillas,

1284 897 1446 935 apono—

847 1083 975 1108 aureas
1007 1071 1136 1120 opinor
1154 1098 1165 1116 ‚
1203 1071 1349 1105 ornatus
1391 1079 1500 1104 causa

845 1128 1001 1177 pedibus
1021 1127 1201 1162 admotas.
1263 1123 1498 1160 Grammatici

845 1183 978 1220 Graeci
1000 1186 1187 1232 exponunt
1211 1176 1372 1226 ἁλύσεις
1389 1184 1500 1228 atque

843 1240 950 1277 etiam
969 1237 1133 1288 ψέλλιαι
1163 1238 1298 1274 Zonar.
1320 1236 1334 1273 1
1353 1250 1388 1286 p.
1404 1238 1497 1276 151.

840 1295 998 1345 Hesych.
1021 1295 1035 1331 Ι
1054 1309 1089 1345 p.
1109 1297 1202 1336 297.
1235 1294 1394 1342 Gregor.
1424 1292 1500 1328 Co-

839 1352 946 1388 rinth.
988 1352 1035 1388 de
1067 1350 1210 1389 dialect.
1238 1350 1315 1387 Ion.
1354 1347 1393 1400 ἓ.
1417 1350 1497 1388 123

838 1421 922 1457 pag.
945 1407 1039 1448 523.

897 1461 951 1510 ὥς
970 1459 1158 1501 κάλλιστα
1188 1456 1258 1508 ζώ
1276 1475 1296 1500 ο
1317 1474 1341 1499 ν
1364 1474 1386 1498 τ
1407 1475 1432 1498 α
1453 1457 1497 1510 ς]

839 1515 1012 1566 ζώοντας
1052 1532 1133 1555 cum
1180 1521 1329 1554 recentt.
1375 1517 1497 1566 recepi

836 1589 904 1627 pro
931 1577 1086 1622 ζῶντας.
1151 1574 1209 1611 Ad
1239 1577 1496 1622 argumentum

836 1633 909 1670 vid.
930 1632 980 1678 ΙΙ,
999 1634 1053 1673 67
1079 1631 1203 1680 ibique
1222 1634 1314 1667 nott.

894 1685 993 1728 οἶδὲ
1014 1686 1105 1739 περὶ
1121 1683 1410 1736 Ἐλεφαντίνην
1428 1680 1497 1724 πό-

836 1748 899 1785 λιν
919 1743 1117 1790 οίκέοντες
1137 1758 1173 1782 κ.
1192 1758 1224 1781 τ.
1239 1741 1286 1793 λ.]
1318 1744 1427 1780 Conf.
1452 1742 1495 1789 ΙΙ,

841 1805 891 1843 17
910 1801 995 1850 ibiq.
1019 1804 1110 1837 nott.
1151 1800 1215 1837 Cr.
1238 1801 1285 1836 de
1311 1799 1496 1847 religioni-

838 1859 906 1894 bus
937 1857 972 1893 in
995 1856 1243 1905 Elephantine
1262 1855 1378 1892 insula
1409 1867 1496 1891 con-

838 1913 905 1951 suli
922 1913 996 1950 vult
1016 1912 1173 1949 lomard.
1195 1912 1232 1948 in
1250 1911 1422 1960 descript.
1447 1911 1495 1947 de

836 1970 930 2018 l’Eg.
957 1969 1097 2018 antiqq.
1119 1972 1145 2005 t.
1165 1968 1179 2004 Ι
1208 1981 1264 2017 cp.
1287 1969 1314 2007 3
1340 1979 1425 2016 pag.
1444 1967 1494 2006 15

837 2025 987 2073 (recueil
1009 2030 1077 2062 etc.
1098 2038 1133 2074 p.
1160 2026 1212 2064 83
1235 2023 1346 2072 seq.).
1385 2022 1495 2059 Mon-

838 2082 963 2119 stravit
984 2086 1104 2117 autem
1128 2080 1337 2126 lomardus,
1361 2078 1493 2115 cultum

836 2138 930 2175 Iovis
951 2137 1136 2174 Ammonis
1156 2136 1194 2172 in
1212 2136 1278 2172 hac
1291 2135 1410 2172 insula
1426 2147 1494 2184 po-

836 2195 1013 2231 tissimum
1036 2193 1246 2230 obtinuisse.
1272 2214 1322 2219 ——
1356 2191 1492 2228 Croco-

835 2251 987 2288 dilorum
1011 2249 1163 2286 mumias
1185 2248 1298 2285 rarius
1320 2260 1416 2284 nunc
1435 2260 1495 2284 re-

834 2307 944 2358 periri
983 2311 1107 2343 mouet
1145 2304 1362 2343 Reinhardt.
1405 2303 1428 2340 l.
1467 2303 1491 2340 l.

834 2376 920 2414 pag.
943 2365 998 2403 28
1030 2376 1112 2411 seq.>

894 2418 1101 2457 καλέονται
1142 2415 1185 2456 δὲ
1220 2436 1265 2444 --
1306 2410 1490 2466 χάμψαι]

836 2476 989 2513 Monent
1039 2475 1104 2511 viri
1142 2474 1238 2511 docti
1279 2472 1490 2519 (lablonsk.

837 2545 980 2583 opuscc.
997 2545 1032 2581 p.
1047 2532 1141 2571 387.
1173 2527 1373 2578 Champoll.
1396 2527 1488 2576 l’Eg.

838 2603 866 2626 s.
886 2588 908 2624 l.
925 2588 1029 2637 phar.
1050 2587 1066 2623 I
1088 2599 1124 2636 p.
1141 2584 1401 2633 152seq.324
1413 2586 1490 2633 sq.)

839 2645 1031 2682 etiamnum
1050 2643 1149 2692 apud
1170 2642 1307 2691 Coptas
1327 2641 1491 2677 crocodi-

837 2701 908 2737 lum
928 2699 1049 2736 vocari
1071 2697 1220 2743 Amsak‚
1240 2697 1340 2746 quod
1359 2697 1406 2733 ab
1416 2695 1489 2733 Ae-

837 2757 965 2806 gyptio
986 2755 1131 2792 nomine
1149 2754 1246 2791 haud
1274 2752 1431 2799 recedit,
1458 2754 1487 2788 si

838 2813 984 2861 quidem
1001 2811 1116 2861 prima
1139 2810 1243 2848 litera
1268 2808 1315 2846 ch
1343 2808 1400 2846 vel
1420 2810 1488 2845 ad-

838 2867 1024 2919 spirationi
1062 2867 1211 2904 inseruit
1256 2864 1315 2903 vel
1348 2864 1487 2902 articuli
