1909 3228
411 169 494 211 438

411 277 478 322 κέῖ
504 275 630 331 λινέῳ
640 288 649 298 ·

824 160 1288 202 HERODOTl

711 272 786 316 καὶ
820 271 887 315 ἐπὶ
915 275 1074 314 τοῦτον
1113 271 1247 313 ἄλλον
1274 270 1458 322 εἰρίνεον
1492 272 1663 312 κιθῶνα

412 352 658 404 ἐπενδύνει,
708 351 782 393 καὶ
825 351 1049 405 χλανίδιον
1087 348 1245 392 λευκὸν
1283 347 1664 404 περιβαλλόμενος,

413 431 671 488 ὑποδήματα
695 428 802 484 ἔχων
833 428 1060 486 ἐπιχώρια,
1102 426 1379 482 παραπλήσια
1407 430 1506 484 τῇσι
1536 430 1666 469 Βοιω-
1681 433 1725 466 65

387 514 530 569 Ξτίῃσι
567 508 731 565 ἐμβάσι.
791 513 1004 564 κομῶντες
1047 507 1115 559 δὲ,
1163 506 1241 557 τοὶς
1277 503 1470 561 κεφαλάς
1500 507 1672 561 μίτρῃσι

388 589 701 640 Βοῖναδέονται,
739 586 1047 645 μεμυρισμένοι
1076 589 1164 630 πᾶν
1203 585 1253 628 τὸ
1291 589 1424 639 σῶμα.
1456 585 1674 639 σφρηγῖδα

416 669 462 713 δὲ
491 667 669 719 ἕκαστος
697 666 802 723 ἔχει,
858 666 934 710 καὶ
972 669 1196 723 σκῆπτρον
1234 664 1554 721 χειροποίητον·
1603 660 1671 706 ἐπ’

365 844 404 881 lit
421 842 554 879 Strabo
575 839 662 878 XVI
679 852 716 891 p.
741 838 822 881 745
845 852 874 876 S·
889 841 1010 888 1082,

365 899 396 937 A
417 900 455 936 in
475 911 519 936 eo
539 910 612 934 uno
645 897 691 933 ab
716 896 908 933 Herodoto
935 897 1012 932 dis-

365 955 544 1002 sentiens,
571 953 672 1003 quod
691 952 738 989 de
759 953 893 1000 comis,
921 964 1010 1002 quas

365 1011 554 1061 Babylonii
572 1009 692 1057 alant,
722 1012 898 1045 narratur.

421 1069 572 1107 κιθῶνι
596 1062 811 1115 ποδηνεκέι·
837 1061 953 1118 λινέῳ
980 1077 1017 1102 κ.

366 1140 400 1163 τ.
422 1121 470 1174 λ.]
500 1122 589 1161 Non
613 1134 657 1160 ex
675 1121 748 1158 lino
770 1125 911 1159 tantum
933 1133 1020 1158 con-

367 1182 480 1218 fectas
508 1179 660 1216 indicari
689 1181 809 1215 vestes
853 1178 1023 1215 observat

369 1236 573 1274 Heercnius
597 1234 709 1272 Ideen
724 1234 760 1282 I,
781 1238 807 1275 2
824 1247 911 1285 pag.
925 1232 1020 1279 205,

368 1305 493 1331 verum
510 1304 554 1330 ex
562 1293 724 1341 gossypio
737 1303 893 1340 quoque.
911 1289 1023 1332 Quod

369 1349 548 1387 vestiendi
568 1360 681 1396 genus
695 1376 707 1394 ‚
736 1359 808 1396 quo
829 1344 1023 1394 Babylonii

370 1405 417 1442 ab
434 1404 624 1442 Herodoto
648 1403 814 1440 dicuntur
844 1401 901 1438 usi
927 1414 1021 1447 esse,

372 1472 452 1498 cuin
474 1460 533 1496 vix
554 1459 745 1496 convenire
770 1458 935 1495 videatur
965 1469 1024 1494 re·-

374 1515 492 1565 gioni‚
520 1515 668 1564 aerique
687 1518 762 1551 tam
786 1513 925 1560 calido,
954 1512 1025 1548 uti-

375 1584 447 1621 que
465 1571 535 1608 hae
560 1574 678 1608 vestes
707 1569 803 1606 luxui
831 1570 947 1617 magis
981 1579 1024 1604 ac

376 1627 486 1666 fastui
516 1638 625 1675 quam
670 1625 874 1663 necessitati
907 1625 1025 1661 inser-

376 1684 471 1720 visse
496 1682 674 1720 videntur.
731 1681 825 1718 Sunt
847 1693 933 1718 vero
959 1693 1026 1717 no·

378 1738 570 1777 bilissimae
599 1750 642 1775 ac
679 1749 746 1788 per
779 1750 921 1774 omnem
950 1738 1028 1774 sere

378 1795 629 1844 antiquitatem
647 1793 850 1831 celebratae
868 1791 1029 1841 Babylo-

379 1851 520 1888 niorum
544 1853 730 1896 texturae,
759 1852 901 1900 tapetes
916 1876 927 1896 ,
958 1848 1031 1885 alia

380 1907 418 1944 id
439 1919 577 1956 genus,
607 1906 655 1943 de
687 1905 815 1954 quibus
841 1906 955 1952 confi,
984 1917 1031 1942 ne

380 1962 508 2014 plura,
536 1961 756 1999 Heerenium
789 1961 812 1999 l.
842 1961 865 1998 l.
890 1974 927 2011 p.
949 1963 1032 2002 206

383 2031 488 2068 seqq.
512 2017 589 2055 coll.
608 2016 690 2059 245
712 2031 789 2067 seq.
846 2017 907 2056 De
931 2017 1034 2054 luxu-

383 2074 436 2112 rie
465 2073 747 2123 Babyloniorum
774 2073 911 2123 aliquot
935 2073 1033 2110 locos

384 2130 479 2167 infra
496 2130 689 2167 afferemus
710 2130 758 2167 ad
776 2129 812 2176 Ι,
837 2133 927 2171 199.
950 2129 1035 2166 Hoc

384 2185 463 2223 loco
483 2185 570 2222 illud
595 2186 750 2233 addam,
779 2185 897 2223 adhuc
925 2185 962 2222 in
983 2185 1036 2222 la-

386 2241 552 2293 pidibus,
580 2241 704 2291 quales
737 2254 804 2292 per
839 2241 1036 2291 Babylonis

386 2297 486 2335 urbis
514 2298 635 2335 ruinas
665 2297 913 2345 inveniuntur,
951 2309 1039 2335 con-

391 2353 482 2404 spici
508 2353 728 2402 Babylonios
758 2353 941 2402 homines,
973 2353 1037 2391 tri-

389 2409 473 2460 plici
491 2409 560 2447 hoc
580 2411 795 2447 vestimento
816 2409 985 2461 pileoque
1001 2409 1038 2446 in

392 2465 504 2502 altum
549 2465 658 2503 ducto
694 2466 851 2504 indutos.
917 2465 1039 2515 Atque

391 2520 479 2571 ipsis
509 2520 648 2559 Thebis
678 2520 909 2573 Aegyptiacis
936 2522 1039 2560 dete-

393 2580 521 2614 xerunt
541 2590 656 2627 nuper
684 2578 722 2615 in
746 2578 924 2629 hypogeis
948 2590 1039 2627 qua-

395 2636 477 2669 tuor
523 2632 804 2681 Babyloniorum
853 2635 1042 2684 imagines,

396 2688 457 2734 qui
471 2687 568 2724 haud
585 2688 688 2727 aliter
707 2690 828 2728 vestiti
853 2694 962 2740 atque
983 2703 1043 2728 οι·-

399 2742 473 2777 nati
500 2748 582 2780 sunt
609 2749 719 2795 atque
739 2746 950 2784 Herodotus
979 2747 1044 2784 de-

400 2797 529 2834 scribit.
587 2800 694 2838 Conf.
725 2801 883 2841 Miinter.
922 2802 1043 2852 Relig.

1079 839 1115 875 d.
1137 838 1313 888 Babylon.
1333 850 1419 889 pag.
1440 838 1509 884 97,
1540 836 1601 886 qui
1623 835 1731 874 etiam

1077 893 1222 933 Daniel.
1254 895 1323 943 lll,
1361 898 1413 935 21
1453 898 1563 943 atque
1599 892 1732 930 Ezech.

1079 951 1224 998 xxm,
1245 951 1295 992 15
1318 951 1410 987 lianc
1426 951 1461 987 in
1483 963 1558 987 rem
1578 950 1674 986 citat.

1134 1004 1254 1045 ἄλλον
1272 1006 1439 1057 εἰρίνεον
1450 1008 1611 1045 κιθῶνα
1625 1005 1736 1045 ἐπεν-

1087 1059 1224 1114 δύνει]
1255 1063 1352 1101 Male
1377 1063 1458 1100 olim
1484 1063 1655 1112 scriptum
1678 1060 1735 1100 εἰ·-

1088 1119 1232 1172 ρινὲον.
1268 1119 1435 1156 Correxit
1458 1119 1662 1168 Scliweigh.
1681 1139 1737 1145 —-

1089 1177 1301 1215 Transitum
1339 1176 1517 1212 Herodoti
1559 1188 1581 1212 a
1611 1173 1739 1225 plurali

1090 1231 1318 1285 (χρέωνται)
1344 1232 1393 1268 ad
1422 1230 1640 1281 singularem
1672 1243 1740 1268 nu-

1090 1302 1228 1327 merum
1267 1285 1533 1336 (ἒπενδύνει)
1571 1290 1743 1324 notarunt

1091 1345 1354 1393 lVesselingius
1376 1346 1423 1381 ad
1442 1345 1476 1382 h.
1498 1344 1520 1380 l.
1550 1348 1585 1381 et
1608 1342 1739 1380 Matth.

1093 1402 1158 1439 Gr.
1178 1402 1244 1438 Gr.
1262 1414 1298 1451 p.
1324 1401 1417 1441 587.
1453 1401 1559 1437 Conf.
1590 1400 1624 1447 I,
1649 1402 1741 1440 197.

1148 1452 1406 1507 παραπλήσια
1425 1458 1516 1509 τῇσι
1531 1456 1743 1508 Βοιωτίῃσι

1091 1509 1257 1563 ἐμβάσι]
1287 1512 1384 1548 Hinc
1404 1513 1536 1549 Strabo
1561 1511 1582 1548 l.
1612 1512 1633 1549 l.
1656 1513 1744 1549 dicit

1091 1563 1594 1619 minodmwcs'pssddtiipotov.
1623 1568 1744 1618 Atque

1093 1620 1261 1676 ἕμβάὸες
1281 1625 1427 1674 proprie
1458 1626 1669 1662 seminarum
1689 1626 1745 1662 di-

1094 1682 1125 1718 ci
1146 1681 1263 1718 soleas
1284 1680 1462 1717 neminem
1490 1681 1592 1729 fugit.
1633 1681 1742 1718 Conf.

1094 1737 1231 1775 Polluc.
1260 1737 1450 1773 Onomast.
1472 1737 1561 1785 Vll,
1583 1737 1647 1778 85.
1678 1740 1744 1779 87.

1097 1794 1290 1831 Caeterum
1313 1794 1450 1843 optime
1477 1793 1546 1831 huc
1574 1794 1659 1831 facit
1679 1794 1748 1831 Di-

1098 1849 1259 1887 caearchi
1296 1848 1393 1886 locus
1446 1849 1545 1896 (vid.
1574 1849 1747 1888 Creuzeri

1097 1905 1237 1943 Melett.
1252 1904 1301 1941 ΠΙ
1323 1919 1359 1954 p.
1377 1907 1489 1954 190),
1511 1906 1571 1943 ubi
1587 1907 1633 1944 de
1646 1906 1748 1944 'she-

1099 1962 1203 1999 banis
1229 1961 1433 1999 mulieribus
1465 1975 1661 2012 earumque
1688 1975 1751 2000 ve-

1100 2018 1185 2055 stitu
1205 2017 1384 2065 scribens,
1414 2018 1483 2055 hoc
1512 2032 1659 2068 quoque
1683 2019 1751 2055 ad—

1102 2074 1173 2110 dit:
1213 2069 1400 2123 ιῖπόδημα
1431 2070 1559 2121 λιτὸν,
1601 2070 1650 2114 ου’
1678 2075 1750 2125 βα-

1100 2125 1181 2177 θύ,
1217 2131 1431 2178 φοινικοῦν
1468 2127 1512 2168 δὲ
1549 2133 1599 2185 τῇ
1637 2130 1752 2184 χροίςι

1100 2183 1170 2225 καὶ
1204 2181 1406 2225 ταπεινόν·
1445 2183 1647 2226 ύσκλωτὸν
1686 2184 1750 2234 δὲ,

1103 2238 1202 2281 ὥστε
1234 2238 1410 2295 γυμνούς
1446 2239 1579 2293 σχεδὸν
1615 2241 1753 2292 ἐκφαί.

1102 2301 1245 2337 νεσθαι
1278 2294 1371 2344 τούς
1401 2294 1534 2346 πόδας.
1566 2299 1676 2337 Unde
1695 2311 1754 2335 sa-

1102 2355 1149 2391 tis
1175 2357 1298 2405 patet,
1334 2367 1396 2391 cur
1420 2355 1642 2404 Babylonios
1673 2367 1754 2393 soc-

1104 2423 1165 2448 cos
1192 2423 1272 2447 cum
1297 2410 1479 2448 Boeoticis
1502 2410 1640 2449 Noster
1667 2424 1755 2449 con-

1103 2466 1236 2504 tulerit.

1161 2521 1362 2575 σφρηγῖδα
1399 2518 1442 2561 δὲ
1478 2521 1638 2570 ἕκαστος
1668 2520 1757 2574 ἔχει,

1107 2577 1176 2618 καὶ
1214 2581 1416 2630 σκῆπτρον
1454 2579 1754 2631 χειροποίητον]

1109 2635 1272 2673 Gemmis
1292 2636 1340 2672 ad
1362 2635 1514 2672 annulos
1541 2635 1757 2685 signatorios

1109 2691 1330 2740 Babylonios
1348 2703 1433 2728 usos
1462 2704 1542 2729 esse
1570 2704 1758 2741 magnum-

1111 2760 1182 2796 que
1211 2747 1460 2785 commercium
1492 2760 1614 2786 earum
1656 2746 1758 2784 insti-

1111 2803 1223 2841 tuisse
1255 2816 1322 2854 per
1348 2816 1490 2842 omnem
1526 2804 1602 2841 fere
1634 2801 1755 2839 Asiam
