1877 3223
631 201 849 242 CLIO.
910 204 934 241 Ι.

1332 205 1418 245 215

160 309 518 368 ἐπιφραζόμενος,
563 313 635 355 καὶ
665 310 718 367 δή
746 312 818 355 καὶ
849 312 891 363 ἐς
919 310 1125 366 Δελφούς
1151 312 1247 366 περὶ
1278 311 1415 358 αὐτοῦ
1472 315 1526 359 43

158 389 397 447 ἐπεπόμφεε
425 391 734 447 χρησομένους.
781 389 808 447 ἦ
838 391 884 434 δὲ
917 391 1066 446 Πυθίη
1097 391 1141 433 οἱ
1169 388 1260 435 εἶπε
1288 390 1410 436 τάδε·

118 473 141 508 3
280 469 377 506 Λυδὲ
394 470 518 516 γένος,
542 471 684 506 πολλῶν
704 471 871 517 βασιλεῦ,
892 469 983 516 μέγα
1000 469 1108 516 νήπιε
1130 473 1284 513 Κροῖσε,

280 526 331 574 μή
350 527 481 575 βούλευ
499 528 721 565 πολύευκτον
745 527 808 573 ἰήν
827 527 899 563 α’νά
923 525 1060 572 δώματ’
1079 525 1229 564 οἷκουέιν

282 585 414 627 παιδὸς
438 585 704 632 φθεγγομένου.
730 584 814 621 τόδε
834 597 892 621 σοι
910 585 1003 621 πολῦ
1024 585 1136 621 λώϊον
1154 584 1272 630 ἀμφὶς
1421 588 1466 622 50

281 643 442 689 ἔμμεναι.
467 641 622 690 αὐδήσει
637 645 708 690 γάρ
726 644 764 680 ἐν
781 642 892 690 ἤματι
914 645 1059 688 πρῶτον
1079 640 1234 691 ἀνόλβῳ.

127 713 457 768 4ΓΑλισκομὲνου
487 713 532 756 δὲ
561 717 642 757 τοῦ
669 714 848 769 τείχεος,
885 712 952 770 ἤϊε
980 711 1062 768 γὰρ
1093 715 1181 755 τῶν
1208 728 1274 762 τις
1303 714 1408 766 Περ-

96 917 239 955 Platoni
268 931 445 968 perquam
467 919 617 956 usitatis,
672 919 746 957 Va-

96 973 144 1011 let
161 979 300 1012 autem:
341 978 457 1012 omnia
471 975 594 1026 facere
613 975 745 1024 (quae-

93 1043 235 1079 cunque
253 1032 372 1069 facere
390 1032 483 1079 licet,
500 1045 568 1082 pro
589 1032 743 1081 viribus)

93 1099 221 1123 omnem
246 1086 396 1136 lapidem
434 1100 584 1134 movere,
636 1092 674 1125 ut
704 1089 742 1126 in

91 1143 284 1192 proverbio
312 1145 450 1181 dicitur.
509 1144 592 1181 Vid.
615 1144 739 1192 Viger.

91 1198 264 1236 ldiotism.
293 1214 330 1250 p.
353 1202 445 1242 287.
476 1200 668 1238 Heindorf.
692 1202 739 1238 ad

90 1254 276 1292 Phaedon.
305 1269 341 1305 p.
373 1256 454 1297 249
486 1270 563 1306 seq.
610 1256 738 1294 Monk.

89 1311 138 1347 ad
163 1310 328 1361 Euripid.
366 1312 518 1362 Hippol.
557 1311 650 1353 284.
681 1333 737 1339 —

88 1365 135 1412 ἒς
165 1382 252 1405 αυτ
267 1364 286 1406 ὁ
304 1383 324 1406 v
343 1368 505 1417 plerique
526 1368 618 1415 libri,
641 1381 734 1416 quos

88 1423 189 1473 ipsos
208 1424 294 1460 citat
306 1424 556 1472 Gaisfmdius,
587 1425 622 1460 in
635 1429 735 1461 textu

87 1480 250 1527 quamvis
280 1480 440 1517 scribens
469 1479 487 1519 ἐ
504 1496 524 1527 ς
554 1496 578 1518 α
593 1496 618 1519 v
633 1496 652 1518 τ
664 1496 684 1519 o
697 1495 732 1529 v,

85 1535 176 1583 nisi,
205 1536 305 1586 quod
324 1537 508 1586 suspicor,
539 1550 732 1587 operarum

85 1592 169 1628 vitio
192 1592 261 1629 hoc
280 1592 519 1631 tribuendum.
548 1594 631 1630 Bini
652 1593 732 1630 libri

84 1661 276 1698 perperam
298 1647 337 1696 ἐς
355 1645 493 1689 ἔαυτόν
506 1679 515 1697 ,
546 1649 729 1687 undevul-

84 1717 133 1752 go
160 1703 199 1750 ἐς
228 1701 389 1745 ἑωυτόν.
453 1707 646 1744 Caeterum
680 1705 731 1753 ἐς

85 1754 247 1799 αὕτόν
286 1765 361 1799 est:
410 1762 500 1812 quod
526 1764 652 1799 attinet
682 1762 730 1799 ad

83 1816 183 1852 illum
211 1830 240 1853 s.
269 1817 369 1854 illius
389 1831 509 1855 causa.
551 1818 730 1868 Exempla.

84 1872 185 1909 dabit
204 1871 335 1911 Matth.
358 1873 394 1925 ἓ.
409 1874 503 1921 578,
522 1888 541 1911 c
557 1887 592 1924 p.
608 1873 728 1915 1144.

83 1949 138 1955 —-
163 1927 252 1965 Mox
290 1928 581 1982 ἐπιφράζεσθαι
624 1929 730 1966 simili

82 1986 159 2022 fere
175 1997 285 2022 sensu
307 1987 576 2037 accipiendum,
606 1999 677 2034 quo
700 1985 728 2032 l,

82 2042 136 2080 84
186 2041 248 2078 fin.
295 2043 447 2093 simplex
492 2038 728 2092 φράζεσθαι.

81 2097 206 2139 Quare
224 2110 298 2134 non
320 2099 414 2136 male
437 2099 612 2136 reddunt:
641 2100 731 2134 inire

77 2154 252 2200 rationes,
281 2158 397 2192 animo
411 2158 551 2204 agitare
572 2154 730 2202 consilia,

79 2209 275 2247 deliberare.

135 2286 189 2340 μή
212 2285 356 2340 βούλευ
376 2284 621 2329 πολύευκτον
642 2286 726 2339 ἰήν]

77 2345 245 2410 Plerique
279 2347 357 2383 libri
389 2343 561 2397 βούλου,
606 2347 724 2383 forma

78 2402 202 2438 rariori
228 2403 265 2439 in
284 2416 508 2440 communem
537 2416 627 2439 conv
630 2414 723 2441 ersa.

79 2456 158 2493 Vid.
181 2457 310 2495 Matth.
340 2458 377 2510 ἓ
400 2459 480 2500 205
515 2472 600 2509 pag.
627 2461 721 2499 379.

78 2533 133 2539 —--
155 2509 223 2563 ἰην
241 2527 319 2551 cum
347 2520 494 2553 recentt.
514 2514 722 2564 scripsimus

78 2581 144 2618 pro
168 2568 244 2619 ἰήν.
300 2570 436 2608 Vocem
464 2571 636 2608 rariorem
665 2570 721 2606 in-

74 2625 188 2661 veniri
215 2630 317 2662 notat
346 2626 546 2664 Larcherus
583 2628 620 2663 in
647 2625 720 2664 Ae-

76 2680 187 2728 schyl.
216 2681 317 2718 Pers.
337 2683 429 2724 940.
462 2684 587 2732 Eurip.
606 2682 721 2719 Rhes.

75 2735 159 2776 940
187 2737 260 2783 (al.
288 2739 402 2786 922).
460 2739 566 2776 Valet
601 2743 721 2776 autem

75 2805 165 2839 vos,
193 2806 306 2830 sonus.
364 2795 480 2842 Hinc,
517 2795 617 2844 quod
644 2795 723 2832 obi-

78 2852 133 2885 ter
154 2861 304 2897 moneo,
332 2851 457 2888 vocula
481 2863 554 2888 non
576 2850 723 2889 videba-

814 922 871 956 tur
890 918 1081 956 inserenda
1103 918 1210 955 indici
1230 930 1357 955 vocum
1386 917 1465 955 inu-

814 975 1024 1023 sitatarum,
1053 975 1183 1024 quibus
1207 974 1370 1011 Rhesum
1387 973 1464 1010 Eu-

813 1031 990 1081 ripideum
1027 1031 1240 1081 posterioris
1275 1030 1353 1068 aevi
1383 1031 1463 1068 foe-

811 1091 884 1124 tum
909 1100 990 1124 esse
1015 1090 1101 1137 post
1125 1087 1213 1123 alios
1243 1099 1362 1136 nuper
1397 1086 1463 1123 ad-

809 1144 958 1180 modum
1004 1144 1191 1181 contendit
1235 1141 1462 1179 Morstadius

807 1212 908 1236 meus
929 1200 964 1235 in
986 1201 1119 1250 scripto
1156 1198 1329 1250 peculiari
1350 1211 1461 1249 super

809 1255 936 1300 Rhes.‚
965 1257 1065 1304 quod
1091 1256 1227 1306 prodiit
1245 1255 1459 1293 Heidelber-

807 1324 876 1359 gae
902 1313 1015 1352 1827.
1055 1312 1162 1349 Conf.
1188 1324 1274 1361 pag.
1306 1313 1370 1351 61.
1416 1310 1458 1347 In

803 1367 959 1404 Diodori
979 1367 1164 1417 Excerptt.
1185 1366 1222 1417 ἓ.
1245 1368 1300 1407 30
1330 1366 1398 1414 (Τ.
1424 1366 1457 1403 Il

801 1436 838 1473 p.
850 1425 903 1464 26
916 1436 998 1459 nov.
1024 1424 1160 1472 scriptt.
1172 1421 1249 1459 coll.
1263 1422 1320 1459 ed.
1333 1422 1456 1470 Mai),

802 1479 861 1515 ubi
884 1483 1041 1528 quatuor
1067 1479 1103 1515 hi
1129 1492 1255 1516 versus
1284 1478 1456 1515 exhiben-

800 1539 877 1582 tur,
908 1535 1079 1585 scriptum
1098 1536 1203 1573 video
1227 1534 1313 1573 ἴαν
1333 1530 1454 1583 (ἰὰν),

798 1592 895 1628 haud
924 1592 998 1628 seio
1024 1604 1070 1628 an
1098 1592 1241 1629 rectius.
1312 1591 1453 1628 Ibidem

796 1661 943 1697 quoque
999 1643 1162 1700 βούλου
1228 1651 1265 1686 et
1323 1643 1452 1687 κατὰ

798 1706 821 1744 ὅ
834 1707 866 1743 ὦ
878 1700 927 1755 μ’.

853 1780 1115 1833 ἁλισκομένου
1138 1779 1180 1821 δὲ
1197 1784 1271 1822 τοῦ
1291 1781 1448 1833 τείχεος,

796 1835 863 1889 ἤϊε
881 1836 954 1890 γάρ
973 1841 1051 1876 τῶν
1071 1853 1128 1885 τις
1157 1837 1348 1890 Περσέων
1367 1854 1404 1877 κ.
1417 1854 1449 1877 τ.

796 1898 855 1941 λ.]
900 1895 941 1932 111
976 1895 1267 1944 interpunctione
1302 1899 1448 1932 secutus

796 1964 876 1987 sum
906 1955 1053 1988 recentt.
1086 1951 1211 1997 editt„
1245 1963 1324 1987 cum
1362 1950 1447 1987 olim

796 2007 889 2044 male
936 2010 1023 2056 post
1057 2000 1306 2044 ἀποκτενέων
1334 2007 1447 2043 maior

796 2067 993 2113 poneretur
1024 2062 1225 2107 distinctio,
1271 2075 1379 2111 quam
1408 2063 1446 2099 in

796 2119 969 2156 minorem
1007 2131 1103 2154 nunc
1126 2122 1300 2155 mutatam
1330 2119 1444 2156 vides.

796 2175 894 2213 Nam
916 2175 1131 2224 interposita
1154 2174 1329 2223 particula
1356 2171 1444 2227 γοέρ,

795 2233 846 2268 uti
866 2232 991 2268 crebro
1011 2231 1069 2277 fit,
1096 2230 1268 2266 orationis
1289 2234 1442 2268 structu-

797 2301 837 2324 ra
858 2289 908 2324 ita
927 2291 1107 2333 mutatur,
1136 2290 1175 2322 ut
1202 2285 1304 2323 aliter
1331 2291 1442 2336 atque

793 2349 869 2382 erat
890 2345 1034 2393 incepta
1057 2342 1334 2392 progrediatur,
1363 2357 1442 2380 cum

791 2414 814 2437 a
832 2401 951 2438 verbis
982 2412 1048 2449 per
1073 2399 1307 2448 parenthesin
1334 2399 1438 2448 quasi

790 2458 863 2493 una
881 2470 961 2493 eum
981 2455 1157 2505 particula
1180 2451 1255 2506 γοέρ
1285 2455 1438 2493 interca-

790 2513 872 2550 latis
899 2513 1059 2563 pendeat
1091 2511 1293 2560 iisdemque
1323 2524 1436 2549 anne—

788 2574 917 2607 ctatur.
974 2568 1082 2604 conf.
1119 2580 1230 2617 supra
1261 2571 1351 2604 nott.
1386 2569 1434 2606 ad

786 2626 825 2673 I,
845 2628 898 2667 28
920 2624 998 2662 coll.
1020 2624 1057 2670 l,
1087 2625 1124 2664 8.
1164 2623 1274 2661 Unde
1288 2625 1435 2671 factum,

789 2683 887 2732 quod
917 2680 1064 2730 genitivi
1088 2681 1369 2728 consequentiae
1389 2677 1434 2718 οἳ·

789 2736 1023 2787 λισκομὲνου
1044 2734 1087 2774 δὲ
1103 2738 1176 2775 τοῦ
1200 2736 1349 2787 τείχους
1366 2737 1434 2773 mi-

791 2808 860 2832 nus
889 2795 983 2830 bene
1017 2793 1233 2829 cohaereant
1261 2805 1340 2829 cum
1377 2792 1434 2839 iis,

792 2851 1005 2900 quibuscum
1021 2849 1213 2887 cohaerere
1230 2849 1431 2887 debebant:
