1909 3228
130 320 218 351 «pram
245 312 334 346 longe
352 321 402 347 po-

129 350 188 372 turt
217 354 404 380 progressus,

128 379 211 405 rubri
237 379 328 405 maris
354 387 402 406 ac-

129 412 228 441 colusz
251 416 280 438 et
299 421 400 438 rever-

129 454 180 471 sus
193 445 405 472 mediterrane-

129 487 161 504 os
179 478 302 513 populos
314 479 349 505 ad
362 488 407 506 se-

458 197 540 235 71⁶2

432 311 542 347 Ξτου
573 303 744 360 μνήμην
772 302 1023 358 ποιήσομαι.

128 513 328 547 ptentrinnem
353 512 404 538 do-

129 546 219 571 muit:
256 546 333 579 cippi
363 547 406 573 vi-

127 579 242 606 ctoriae
258 579 380 607 iudices.

463 544 804 596 κατοικημένους
844 540 1218 594 καταστρέφεσθαι
1229 554 1237 563 ·

854 194 1320 234 HERODOTI

1084 304 1160 346 τὸν
1197 303 1343 359 ἔλεγον
1382 307 1425 349 οῖ
1463 308 1569 361 ἷρὲες
1597 310 1715 362 πρῶ-

457 401 533 427 τον
560 384 638 438 μὲν
667 384 858 425 πλοίοισι
887 386 1092 436 μακροῖσι
1129 379 1377 437 ὁρμηθέντα
1413 384 1458 427 ἐκ
1487 389 1568 428 τοῦ
1594 385 1715 439 Ἀρα-

462 465 564 518 βίου
599 461 788 511 κόλπου,
838 461 941 512 cong
970 461 1087 515 παρὰ
1123 459 1200 516 τὴν
1236 460 1453 518 Ἐρυθρῂν
1488 463 1772 507 θάλασσαυ95

1299 541 1340 591 ἐς
1370 540 1394 583 ὃ
1433 541 1617 584 πλέοντά
1644 559 1717 596 μιν

458 619 631 675 πρόσω,
661 619 893 662 ἀπικέσθαι
922 618 964 669 ἐς
993 618 1221 662 θάλασσαν
1257 617 1400 662 οὐκέτι
1427 619 1599 676 πλωτήν
1627 620 1716 664 ὑπὸ

430 706 450 738 3
463 699 670 754 βραχέων.

402 940 460 965 me
481 929 770 978 comprobantur.
830 930 937 966 Conf.
952 928 1053 967 Hee-

400 997 476 1021 ren.
494 984 607 1023 Ideen
638 985 692 1033 ΙΙ,
719 990 745 1026 2
774 999 809 1035 p.
835 987 928 1026 317.
958 987 1052 1026 318.

402 1041 536 1078 Ritter.
554 1041 745 1078 Erdkund.
779 1041 793 1077 I
814 1055 850 1092 p.
873 1042 956 1083 742
975 1055 1052 1090 seq.

405 1101 443 1134 et
464 1110 558 1146 quae
586 1098 828 1135 monebuntur
857 1099 904 1135 ad
933 1098 1054 1135 Hero-

404 1154 551 1200 ‹1‹›t.ll‚
573 1157 663 1196 102.
689 1157 781 1195 110.
840 1154 895 1191 Ex
923 1155 965 1190 iis
993 1167 1055 1191 au-

402 1216 476 1246 tem
503 1212 589 1247 satis
613 1212 842 1260 perspicuum
865 1211 948 1257 fiet,
969 1212 1055 1259 quid

404 1267 451 1303 de
474 1266 627 1315 Zo'egae
659 1268 837 1304 sententia
866 1267 941 1314 (de
967 1268 1057 1305 obe-

405 1323 499 1359 liscc.
528 1336 614 1372 pag.
637 1324 742 1368 578,
772 1324 830 1360 ubi
849 1351 860 1369 ‚
890 1336 984 1372 quae
1010 1325 1056 1361 de

403 1380 561 1416 Sesostri
580 1380 785 1416 verisimilia
805 1379 927 1427 habet,
946 1393 1057 1430 expo-

403 1435 475 1483 nit)
496 1436 726 1472 statuendum
756 1436 802 1472 sit
822 1464 832 1481 ‚
864 1436 911 1472 ad
932 1435 1056 1485 Aegy-

403 1491 520 1540 ptium
537 1493 724 1542 imperium
745 1492 849 1528 unice
871 1492 964 1528 illius
995 1506 1054 1530 re-

403 1548 458 1595 gis
515 1549 767 1597 expeditiones
823 1548 1052 1598 pertinuisse,

403 1617 483 1640 cum
508 1604 653 1641 minime
688 1617 732 1641 ea
762 1605 868 1641 fucrit
893 1604 1054 1654 Aegypti

401 1665 476 1696 tum
494 1661 650 1697 conditio
663 1690 674 1707 ‚
703 1665 745 1696 ut
761 1673 912 1709 magnas
932 1661 1052 1697 istius-

401 1717 499 1752 modi
519 1718 770 1766 expeditiones
793 1717 828 1753 in
859 1716 968 1764 longe
996 1730 1053 1754 re-

402 1777 518 1809 motas
555 1778 670 1809 terras
712 1776 896 1822 susceptas
940 1773 1053 1810 fuisse

402 1833 685 1865 consentaneum
712 1829 828 1865 fuerit.
899 1829 1051 1865 Cautius

403 1886 532 1921 statuit
563 1885 610 1921 de
634 1885 688 1922 his
715 1885 874 1922 Heeren.
907 1884 929 1920 l.
953 1885 1049 1921 laud.

400 1955 436 1990 p.
459 1942 564 1987 322‚
603 1941 663 1977 ubi
699 1941 786 1978 illud
817 1954 861 1978 ex
889 1944 1052 1979 veterum

400 1997 668 2033 narrationibus
699 1999 746 2034 de
766 1997 927 2034 Sesostri
955 2003 1051 2035 certo

400 2053 517 2101 colligi
536 2067 647 2103 posse
673 2053 770 2098 vult,
802 2054 1051 2104 expeditiones

400 2109 505 2146 huius
523 2110 618 2158 regis
639 2114 829 2148 terrestres
850 2111 898 2147 ad
909 2110 1051 2158 Syriam

400 2179 619 2215 omnemque
685 2166 810 2204 Asiam
876 2168 1053 2203 minorem

401 2226 416 2267 (
428 2222 699 2271 Vorderasien)
735 2224 902 2273 adeoque
934 2223 968 2260 T
971 2224 1053 2260 hra-

401 2278 492 2314 ciam
520 2280 748 2328 pertinuisse.

456 2335 629 2374 πλοίοισι
649 2339 834 2387 μακροῖσι
855 2334 1052 2387 ὁρμηθέν-

399 2406 446 2428 τα
467 2406 501 2428 κ.
524 2405 554 2428 τ.
575 2390 623 2441 λ.]
660 2390 792 2443 μακροὶ
817 2396 936 2431 πλοῖα
966 2398 1052 2429 sunt

398 2460 503 2483 naves
521 2447 686 2492 bellicam
725 2450 818 2485 conf.
848 2448 886 2496 l,
909 2453 946 2490 2.
974 2451 1051 2489 163

399 2503 485 2551 ibiq.
515 2509 607 2541 nott.
628 2527 683 2531 -
713 2505 805 2541 Cum
827 2505 1050 2542 Herodoteis

401 2560 538 2607 optime
557 2562 775 2598 conveniunt
794 2561 948 2598 Diodori
966 2575 1047 2598 ver-

401 2615 447 2650 ba
480 2616 511 2660 l,
540 2616 592 2657 55
626 2618 701 2654 init.
769 2617 866 2654 Nam
895 2617 1048 2655 classem

398 2672 746 2720 quadringentarum
765 2673 909 2710 navium
924 2674 960 2710 in
972 2687 1049 2711 ma-

398 2738 436 2761 re
466 2727 613 2764 rubrum
646 2742 666 2765 a
691 2742 779 2778 rege
810 2731 958 2767 missam
990 2743 1049 2767 re-

399 2782 492 2827 fert,
527 2784 587 2830 qui
616 2787 775 2822 omnium
794 2786 928 2835 primus
955 2787 1048 2838 indi-

400 2849 573 2883 genarum
600 2839 710 2890 longa
740 2843 883 2891 naxigia
912 2847 1050 2880 exstru-

731 698 935 742 ἐνθεῦτεν
965 699 1009 742 δὲ
1041 697 1099 749 ὠς
1128 697 1267 742 ὀπίσω
1299 698 1474 743 α’πίκετο
1511 699 1552 750 ἐς
1581 701 1716 755 Αἴγυ-

1121 930 1222 967 xerit.
1282 930 1364 973 Qun
1383 930 1497 967 classe
1516 933 1552 966 et
1577 928 1709 966 insulas
1733 929 1775 966 il-

1120 985 1165 1022 lic
1186 987 1270 1024 sitas
1296 990 1331 1023 et
1360 999 1458 1023 oram
1487 986 1701 1023 maritimam
1727 986 1774 1022 ad

1122 1042 1263 1080 Indicas
1287 1056 1403 1092 usque
1422 1048 1537 1079 terras
1550 1042 1774 1079 ditionisuae

1121 1099 1308 1137 adiecisse.
1366 1099 1506 1135 Harum
1523 1111 1644 1135 verum
1665 1111 1776 1148 expe-

1124 1156 1298 1193 ditionum
1350 1155 1458 1191 ssdem
1510 1167 1603 1190 nunc
1643 1155 1777 1191 faciunt

1123 1213 1206 1262 ipsa
1225 1213 1284 1249 illa
1305 1211 1511 1260 anaglypha
1532 1211 1568 1246 in
1586 1210 1775 1260 Aegyptiis

1124 1269 1366 1306 monumentis
1394 1267 1610 1316 conspicua,
1639 1272 1677 1303 et
1696 1267 1776 1316 qui-

1126 1326 1210 1363 dem
1231 1325 1458 1375 potissimum
1480 1324 1517 1359 in
1530 1328 1678 1360 externo
1690 1337 1776 1359 mu-

1125 1395 1166 1418 ro
1185 1381 1330 1432 palatii,
1361 1380 1461 1429 quod
1481 1384 1537 1416 est
1560 1391 1676 1429 prope
1695 1379 1775 1416 Me-

1124 1438 1346 1474 dinat-abu.
1404 1435 1590 1471 Exhibitas
1630 1436 1775 1485 conspi-

1122 1495 1235 1531 cimus
1255 1505 1399 1543 pugnas
1414 1490 1558 1528 navales
1573 1490 1774 1541 Aegyptios

1121 1551 1216 1587 inter
1244 1555 1352 1597 atque
1379 1549 1487 1584 lndos
1520 1547 1774 1597 Aethiopesve‚

1120 1619 1213 1655 quos
1245 1606 1352 1642 armis
1374 1634 1384 1652 ,
1435 1604 1568 1641 vestitu
1606 1605 1775 1653 omnique

1120 1662 1246 1699 habitu
1279 1661 1380 1698 facile
1415 1661 1608 1709 dignoscas
1636 1662 1681 1698 ab
1702 1661 1775 1698 Ae-

1121 1718 1280 1767 gyptiis·‚
1319 1718 1405 1765 quin
1432 1717 1512 1765 ipsa
1538 1715 1648 1764 longa
1675 1718 1776 1753 navi-

1122 1775 1203 1822 gia,
1235 1786 1328 1822 quae
1349 1777 1632 1809 commemorant
1654 1773 1776 1810 Hero-

1122 1832 1231 1867 dotus
1262 1834 1373 1878 atque
1391 1828 1597 1875 Diodorus,
1628 1842 1775 1880 compa-

1123 1890 1215 1923 rent.
1274 1885 1385 1921 Plura
1408 1885 1567 1922 Heeren.
1590 1884 1701 1923 Ideen
1731 1885 1776 1933 ll,

1121 1947 1149 1984 2
1169 1954 1255 1992 pag.
1269 1944 1416 1983 287—
1430 1944 1523 1983 291.
1544 1942 1638 1982 319.
1669 1941 1778 1979 Eius-

1121 2000 1206 2036 dem
1247 1998 1299 2035 rei
1330 1997 1396 2035 Cr.
1433 2010 1580 2047 quoque
1609 1999 1658 2034 ad
1689 1998 1723 2035 h.
1751 1998 1774 2035 l.

1122 2056 1315 2101 admonet,
1355 2053 1507 2090 laudans
1536 2055 1704 2104 descript.
1729 2055 1776 2091 de

1120 2111 1214 2159 l‘Eg.
1245 2115 1320 2147 ant.
1353 2111 1422 2146 vol.
1443 2110 1475 2147 ll
1514 2109 1632 2146 Theb.
1669 2123 1723 2160 cp.
1749 2113 1774 2151 9

1123 2173 1209 2205 sect.
1236 2169 1257 2207 1
1284 2179 1369 2216 pag.
1390 2169 1454 2207 60.
1494 2166 1552 2202 De
1574 2165 1776 2216 Aegyptio-

1121 2236 1200 2261 rum
1237 2223 1466 2271 navigatione
1497 2235 1562 2271 per
1590 2235 1689 2260 mare
1717 2236 1776 2259 ru-

1122 2281 1225 2316 brum
1254 2279 1414 2329 disputat
1449 2291 1597 2327 quoque
1619 2279 1775 2317 Roziere

1123 2336 1209 2373 ibid.
1233 2340 1305 2373 ant.
1332 2334 1400 2371 vol.
1423 2335 1491 2385 lp.
1515 2336 1606 2375 133.

1177 2415 1270 2465 τούς
1308 2415 1414 2470 παροέ
1454 2415 1528 2468 τήν
1573 2414 1775 2470 Έρυθρήν

1121 2471 1333 2514 θάλασσαν
1350 2473 1685 2524 κατοικημένους]
1717 2475 1775 2513 De.

1121 2535 1213 2569 mari
1234 2533 1335 2568 rubro
1356 2532 1508 2568 diximus
1528 2533 1574 2568 ad
1600 2532 1626 2577 l,
1650 2534 1684 2572 1.
1716 2531 1774 2568 Ad

1117 2587 1429 2639 κατοικημένους
1448 2588 1542 2625 cons.
1567 2588 1595 2634 l,
1611 2589 1665 2629 28
1687 2588 1772 2636 ibiq.

1116 2650 1208 2683 nott.

1175 2726 1256 2768 v‘no*
1303 2726 1502 2781 βραχέων]
1542 2726 1689 2778 βραχέα
1717 2728 1774 2764 hic

1117 2787 1203 2823 dicit
1226 2785 1346 2833 vada,
1378 2785 1454 2822 loca
1473 2784 1626 2832 vadosa,
1658 2789 1695 2821 ut
1710 2783 1772 2831 IV,

1118 2844 1208 2883 178.
