1877 3223
448 245 532 286 18⁰

844 242 1311 283 HERODOTI

445 368 532 411 τῳ,
587 350 638 396 τό
683 355 768 397 νῦν
803 356 880 409 τῆς
919 356 1174 410 Λακωνικῆς
1216 350 1263 396 ἐν
1301 350 1496 407 Θόρνακι
1534 353 1706 408 ἵδρυται

448 429 738 483 Ἀπόλλωνος·
797 435 989 486 Κροῖσος
1040 433 1086 476 δέ
1131 443 1211 488 σφι
1256 428 1534 487 ὠνεομένοισι
1574 431 1705 475 ἔδωκε

321 498 395 545 70
453 511 651 565 δωτίνην.
715 510 896 555 Τούτων
924 528 968 556 τε
1002 507 1065 556 ὧν
1101 513 1262 555 εἵνεκεν
1292 511 1336 554 οἱ
1364 510 1705 567 Λακεδαιμόνιοι

123 563 232 592 Crater
251 571 272 592 ει
285 563 381 592 Lace-

123 597 288 625 daemoniis
306 598 398 626 Croe-

122 640 156 658 so
174 632 290 667 missus,
306 632 397 661 inter·

124 669 238 701 ceptus.

396 708 484 747 pro:
534 688 683 746 τούτῳ,
731 690 774 734 τό
808 694 974 745 Schwgh.
1024 709 1045 734 e

396 751 495 789 libris
516 750 695 787 nonnullis
713 751 827 788 edidit
846 755 961 791 τοῦτο
988 748 1046 800 τό,

395 807 638 845 distinctionis
662 806 768 854 signo
805 812 888 845 ante
926 811 1044 848 τοῦτο

395 863 529 914 posito·
569 861 651 900 Nos
686 862 804 901 Gaisf.
837 866 949 902 secuti
985 879 1046 902 su-

396 932 489 958 mus,

453 971 497 1014 τὸ
526 976 604 1014 νῦν
636 976 707 1026 τῆς
737 977 979 1027 Λακωνικῆς
1003 975 1046 1016 ἐν

398 1027 571 1083 Θόρνακι
604 1030 759 1081 ἵδρυται
788 1027 1045 1079 Ἀπόλλωνος]

395 1086 607 1125 Herodotus
636 1087 721 1124 nihil
743 1088 847 1135 dicit,
877 1102 962 1125 num
983 1102 1047 1125 au-

395 1155 476 1180 rum
501 1156 524 1180 a
549 1144 690 1181 Croeso
710 1149 895 1194 acceptum
916 1158 1047 1195 reapse

396 1200 446 1236 ad
489 1199 623 1237 hancce
669 1200 846 1250 Apollinis
890 1206 1045 1239 statuam

395 1255 561 1292 collatum
583 1256 707 1302 fuerit3
737 1258 803 1294 sed
813 1256 968 1294 Pausan.
982 1257 1046 1305 Ill,

399 1314 452 1352 10
473 1309 509 1362 ἓ.
537 1314 588 1352 10
612 1313 806 1350 adhibitum
828 1327 909 1351 esse
930 1314 1007 1351 mlt
1024 1326 1046 1350 a

395 1364 696 1405 Lacedaemoniis
730 1368 770 1414 ἐς
798 1366 944 1420 κόσμον
973 1371 1047 1409 τοῦ

397 1420 441 1461 ἐν
457 1417 669 1472 Ἀμύκλαις
694 1419 918 1476 α’γάλματος
947 1439 976 1462 S.
998 1426 1047 1462 ad

395 1479 597 1516 ornandam
642 1479 819 1529 Apollinis
863 1481 1046 1530 Amyclaei

395 1537 562 1571 statuam.
620 1534 732 1574 Unde
750 1537 835 1573 nihil
856 1542 1049 1586 utrumque

396 1589 606 1639 scriptorem
644 1591 837 1630 dissentire
863 1594 1049 1631 contendit

395 1645 561 1684 Siebelis.
591 1647 625 1682 in
646 1648 807 1685 adnotat.
839 1650 886 1685 ad
910 1649 1047 1685 Pausa-

395 1701 478 1738 niae
494 1701 608 1739 locum
623 1716 658 1752 p.
682 1706 746 1744 28.
776 1704 939 1748 Quocum
960 1718 1047 1742 con-

396 1756 499 1805 iungi
543 1759 677 1808 poterit
721 1760 897 1797 Athenaei
949 1761 1047 1798 locus

395 1811 487 1859 (VI,
516 1812 543 1853 4
569 1827 606 1863 p.
624 1816 719 1861 232,
742 1815 793 1861 A)
824 1818 919 1853 unde
945 1821 1047 1866 patet

394 1879 483 1904 auro
512 1881 599 1905 usos
630 1884 712 1908 esse
723 1870 1044 1910 Lacedaemonios

394 1923 444 1960 ad
479 1924 613 1961 vultum
654 1925 831 1976 Apollinis
868 1941 911 1965 eo
941 1929 1047 1965 indu-

394 1980 548 2016 cendum
571 1980 789 2033 (χρυσῶσαι
809 1979 1046 2033 βουλόμενοι

394 2031 440 2074 to*
481 2032 722 2087 πρόσωπον).
778 2039 889 2083 Quod
926 2041 1044 2091 ipsum

390 2091 510 2127 minus
551 2094 739 2143 probabile
781 2096 923 2134 videtur
964 2099 1041 2133 viro

393 2146 500 2183 Gallo
545 2150 674 2198 docto,
715 2151 951 2195 Quatremere
996 2154 1043 2191 de

395 2202 559 2252 Quincy,
590 2207 651 2255 qui
670 2207 717 2244 ad
736 2207 844 2246 talem
863 2221 965 2245 usum
985 2209 1043 2246 xix

392 2261 494 2296 tanto
523 2273 610 2298 auro
646 2276 738 2313 opus
765 2265 878 2303 fuisse
906 2269 1042 2312 censet,

392 2318 432 2350 ut
486 2317 702 2356 extrinsecus
751 2320 788 2356 id
843 2322 1042 2371 petendum

392 2370 509 2408 suerit.
554 2372 643 2412 Inde
665 2376 712 2412 ad
732 2376 948 2413 Pausaniam
963 2390 1041 2414 ma-

393 2426 450 2473 gis
487 2440 569 2465 sese
605 2431 782 2481 applicat,
843 2445 1042 2482 aurumque

391 2484 600 2531 contendit,
646 2499 721 2524 non
757 2489 805 2525 ad
846 2489 1040 2537 imaginem

392 2535 531 2586 ipsam,
568 2553 689 2580 verum
717 2545 765 2581 ad
784 2544 949 2581 thronum
978 2545 1040 2594 qui

393 2597 593 2632 ornamenti
627 2611 733 2637 causa
759 2600 871 2638 multo
908 2605 993 2650 post
1017 2613 1040 2638 a

391 2645 566 2698 Bathycle
585 2656 725 2693 statuae
736 2668 932 2706 sanequam
950 2656 1042 2693 mul-

391 2706 430 2739 to
448 2706 639 2756 antiquiori
660 2712 767 2749 suerit
788 2713 934 2749 additus
953 2713 994 2761 (i.
1007 2726 1040 2751 e.

389 2756 431 2804 ἐς
469 2757 619 2813 κόσμον
668 2769 742 2806 τοῦ
783 2763 1039 2820 ἀγάλματος),

388 2814 587 2855 adhibitum
615 2821 738 2860 fuisse.
798 2824 908 2862 Unde
935 2823 1039 2862 simul

387 2873 531 2922 teinpus
549 2875 691 2914 definiri
708 2891 820 2928 posse
836 2884 954 2930 putat,
964 2892 1040 2930 quo

1111 695 1304 746 Bathycles
1330 696 1492 734 floruerit
1523 695 1763 744 thronumque

1113 753 1209 791 illum
1231 753 1482 799 elaboraverit,
1513 752 1679 789 nimirum
1706 751 1764 787 in-

1114 811 1162 847 de
1205 811 1250 847 ab
1291 810 1436 860 Olymp.
1479 808 1511 845 L
1555 821 1671 857 usque
1715 807 1764 844 ad

1114 866 1263 916 Olymp.
1301 865 1393 913 LX,
1450 866 1500 901 ita
1537 869 1577 900 ut
1614 864 1764 900 thronus

1112 922 1291 972 Apollinis
1335 921 1517 970 Amyclaei
1563 933 1636 956 non
1680 924 1764 956 ante

1112 978 1245 1016 bellum
1277 978 1405 1014 Croesi
1434 990 1512 1014 eum
1539 977 1637 1024 Cyro
1667 976 1764 1013 ince-

1112 1039 1197 1084 ptus
1234 1033 1352 1070 suerit.
1409 1033 1523 1070 Vide:
1554 1031 1611 1068 Le
1629 1031 1765 1082 Iupiter

1114 1090 1309 1140 Olympien
1352 1102 1388 1139 p.
1432 1090 1522 1129 137.
1559 1090 1640 1129 200
1687 1100 1765 1136 seq·

1111 1146 1226 1184 Aliter
1262 1151 1383 1182 tamen
1425 1144 1585 1182 sensisse
1624 1143 1767 1180 ridetur

1113 1203 1157 1240 C.
1179 1203 1225 1240 Ο.
1244 1202 1383 1239 Miiller.
1400 1200 1567 1247 (Dorerl
1589 1213 1626 1250 p.
1649 1199 1766 1247 358),

1112 1260 1174 1308 qui
1220 1259 1437 1296 Pausaniam
1483 1261 1648 1303 secutus,
1705 1255 1767 1292 ubi

1111 1315 1291 1366 Apollinis
1313 1315 1508 1364 imaginem
1525 1313 1563 1349 in
1572 1312 1767 1351 Thornace

1114 1372 1242 1410 eodem
1280 1372 1413 1418 modo,
1465 1383 1536 1419 quo
1585 1367 1764 1419 Apollinis

1112 1426 1293 1477 Amyclaei
1332 1427 1552 1464 elaboratam
1591 1438 1672 1462 esse
1708 1435 1766 1461 re-

1114 1485 1208 1530 fert,
1250 1483 1427 1533 Apollinis
1453 1482 1555 1518 huius
1583 1481 1710 1518 faciem
1743 1491 1766 1516 a

1113 1538 1415 1578 Lacedaemoniis
1447 1539 1645 1574 inauratam
1678 1536 1766 1573 suis-

1114 1609 1154 1633 se
1173 1596 1307 1632 scribit.
1365 1596 1457 1632 Utut
1484 1599 1561 1639 est,
1590 1592 1765 1644 Apollinis

1113 1656 1233 1688 statua
1250 1653 1286 1688 in
1313 1651 1348 1688 T
1351 1651 1505 1688 hornace
1529 1650 1687 1696 condita,
1717 1648 1767 1684 si-

1114 1708 1261 1745 millima
1289 1707 1482 1755 Amyclaeo
1509 1705 1689 1755 Apollini,
1718 1704 1767 1741 ad

1114 1765 1400 1812 antiquissimam
1445 1766 1600 1800 aetatem
1649 1773 1766 1810 aeque

1112 1821 1294 1870 pertinere
1338 1820 1499 1865 videtur,
1562 1817 1767 1866 cultumque.

1112 1876 1246 1913 referre
1273 1875 1559 1924 antiquissimum
1588 1873 1766 1925 Apollinis

1113 1932 1212 1982 apud
1241 1932 1461 1981 Spartanos,
1502 1931 1622 1982 stirpis
1653 1930 1765 1968 Dori-

1113 2000 1177 2025 cae
1204 1992 1361 2036 gentem.
1393 1987 1499 2024 conf.
1526 1987 1569 2024 C.
1598 1987 1646 2024 Ο.
1668 1985 1765 2023 Miu-

1113 2043 1176 2081 ler.
1207 2044 1222 2080 1
1251 2058 1287 2094 p.
1319 2045 1422 2090 249,
1451 2048 1560 2093 atque
1578 2043 1763 2091 Heynein
1800 2048 1802 2050 ’

1111 2100 1268 2150 Opuscc.
1284 2099 1421 2136 Acadd.
1446 2099 1479 2135 V
1505 2113 1540 2148 p.
1568 2099 1651 2139 350
1669 2110 1762 2146 seq„

1110 2156 1171 2204 qui
1197 2157 1302 2193 etiam
1331 2155 1542 2192 Herodoteo
1567 2154 1645 2190 loco
1674 2166 1762 2190 usus

1110 2216 1167 2248 est
1202 2212 1249 2247 ad
1287 2210 1420 2248 metalli
1461 2210 1683 2259 pretiosioris
1723 2209 1761 2246 in

1111 2267 1266 2304 Graecia
1315 2267 1501 2316 penuriam
1539 2266 1606 2302 illis
1665 2270 1762 2304 certe

1108 2322 1331 2374 temporibus
1361 2322 1724 2359 commonstrandam.

1301 2406 1333 2443 C
1347 2419 1413 2457 ap.
1442 2406 1560 2445 Lxx.

1162 2485 1314 2530 τούτων
1332 2505 1372 2530 τε
1403 2485 1459 2530 niv
1479 2489 1641 2542 εἵνεκεν]
1671 2485 1760 2531 τού·

1106 2561 1186 2584 των
1213 2560 1291 2584 cum
1320 2548 1505 2585 Gaisford.
1537 2561 1581 2586 ex
1613 2548 1758 2598 optimis

1107 2601 1206 2639 libris
1226 2603 1402 2641 dedimus.
1432 2604 1552 2654 Vulgo
1575 2602 1757 2643 τουτέων.

1109 2658 1186 2696 Sed
1211 2661 1305 2697 conf.
1330 2659 1370 2708 I,
1393 2662 1457 2702 66.
1482 2662 1547 2702 68.
1579 2660 1674 2698 Cum
1694 2672 1760 2698 eo-

1108 2714 1192 2752 dem
1224 2715 1340 2753 Gaisf.
1377 2717 1619 2755 revocavimus
1651 2710 1758 2767 ἦσαν

1108 2775 1145 2825 et
1175 2771 1384 2809 retinuimus
1423 2767 1523 2824 ἦγον
1552 2785 1620 2822 pro
1658 2771 1756 2820 vulg.

1107 2827 1217 2877 ἀγον.
1259 2827 1352 2864 Cum
1376 2829 1471 2865 enim
1498 2829 1536 2865 in
1560 2830 1755 2875 augmento

1105 2883 1309 2921 adiiciendo
1346 2883 1404 2922 vel
1447 2883 1646 2921 abiiciendo
1678 2894 1754 2919 non
