1877 3223
648 199 864 238 CLIO.
921 201 950 239 1.
1386 205 1438 244 31

159 307 412 365 δηλώσασα,
440 306 624 366 ἡσυχίην
653 307 760 365 εἶχε·
805 307 864 360 ὥς
901 308 947 353 δὲ
986 307 1123 366 ἡμέρη
1151 309 1327 366 τάχιστα
1356 314 1440 369 ἐγε-

157 387 310 444 γόνεε,
340 392 427 432 τῶν
457 388 657 433 οἰκετέων
685 386 788 439 τούς
816 388 1002 444 μάλιστα
1032 388 1124 444 ὥρα
1141 390 1322 441 πιστοὺς
1351 391 1440 434 ἐόν-

158 482 234 517 τας
262 466 426 525 ἑωυτῇ,
454 468 653 525 ἑτοίμους
681 467 972 523 ποιησαμένη,
1004 466 1150 511 ἐκάλεε
1179 468 1257 512 τὸν
1280 473 1322 512 Γ
1317 469 1432 525 ύγεα-
1443 489 1485 523 65

135 544 204 587 2Ὁ
243 544 309 597 δὲ,
353 545 483 590 οὐδὲν
521 546 686 590 δοκέων
726 545 864 602 αὐτὴν
899 549 988 588 τῶν
1027 547 1311 602 πρηχθέντων
1355 548 1442 591 ἐπί-

160 630 371 678 στασθαι,
414 622 518 682 ἦλθε
548 626 828 681 καλεόμενος·
865 623 997 668 ἐώθεε
1033 624 1117 681 γὰρ
1158 627 1232 670 καὶ
1259 625 1441 683 πρόσθε,

138 703 276 756 3ὅκως
312 703 339 760 ἡ
382 706 578 761 βασίλεια
612 704 782 757 καλέοι,
831 707 1001 759 φοιτᾶν.
1040 702 1100 756 ὥς
1139 706 1185 749 δὲ
1232 703 1255 749 ὁ
1296 705 1441 762 Γύγης

113 876 208 913 infra
241 876 312 923 ΙΠ,
355 877 447 918 133.
488 877 553 915 Cr.
591 876 764 914 amandat

114 932 320 981 Thucydid.
376 934 433 980 Π,
480 936 534 975 37
569 934 653 981 fin.‚
702 934 763 970 ubi

115 989 349 1027 Gottleberus
382 990 557 1027 Platonici
589 990 657 1027 loci
697 990 761 1025 ad-

114 1046 253 1083 monuit
273 1046 310 1082 in
329 1044 521 1083 Menexen.
545 1049 608 1087 19.
640 1045 761 1094 Atque

113 1103 156 1138 iis
177 1101 264 1139 locis
277 1131 287 1149 ,
315 1103 377 1139 ubi
397 1103 501 1140 abest
523 1103 759 1153 praepositio,

115 1156 251 1209 φέρειν
302 1163 357 1195 est
399 1159 561 1209 adferre,
603 1161 757 1207 gignere.

114 1215 195 1252 Nec
226 1214 328 1251 aliter
356 1216 433 1252 sere
471 1216 539 1252 hoc
568 1215 646 1251 loco
676 1216 760 1251 red-

114 1271 202 1308 dere
220 1270 319 1306 licet:
357 1269 488 1317 „Nam
517 1271 612 1320 apud
639 1271 761 1320 Lydos

111 1339 154 1363 ac
168 1326 247 1376 fere
269 1329 374 1363 etiam
394 1327 490 1377 apud
509 1331 658 1363 caeteros
677 1328 758 1363 bar-

110 1382 211 1420 baros
238 1383 292 1419 vel
319 1386 396 1420 viro
423 1395 589 1431 magnum
612 1386 649 1420 in
677 1396 759 1432 pro-

110 1439 207 1476 brum
229 1441 398 1488 vertitur,
440 1453 471 1476 s.
502 1453 666 1488 magnum
695 1438 757 1489 af-

105 1494 182 1546 fert
211 1495 374 1543 dedecus,
419 1496 508 1546 quod
532 1496 647 1533 <nudus
677 1508 758 1532 con-

110 1554 319 1603 spiciatur.“
356 1553 415 1589 Ad
447 1553 664 1590 sententiam
691 1552 758 1588 hoe

110 1609 190 1646 loco
210 1622 417 1659 expressam
438 1610 482 1646 cf.
506 1621 599 1674 quae
629 1609 757 1657 Gyges

112 1665 292 1715 eloquitur
322 1679 398 1716 cap.
428 1667 475 1706 8:
516 1662 598 1716 α’μα
633 1662 674 1703 δὲ
700 1679 757 1702 κι-

112 1723 217 1760 θῶιι
247 1720 473 1789 ἐκδυομένῳ
501 1718 759 1760 συνεκδύεται

110 1776 179 1816 καὶ
209 1775 281 1828 τήν
322 1778 422 1817 αἰδῶ
471 1773 602 1830 γυνή·
587 1809 598 1828 ‚
660 1778 758 1814 cuius

112 1834 312 1872 sententiae
350 1847 373 1871 a
407 1834 601 1871 Plutarcho
639 1834 757 1884 Nupt.

110 1890 300 1940 Praecept.
322 1903 361 1940 p.
390 1892 483 1937 139,
503 1891 549 1928 C.
578 1891 760 1940 vitupera-

110 1951 170 1983 tae
200 1947 376 1983 rationem
408 1947 465 1983 hic
498 1947 602 1994 quasi
639 1946 760 1983 reddit

111 2003 333 2040 Herodotus.
372 2002 452 2039 Nec
477 2002 596 2037 minus
615 2001 685 2037 huc
704 2002 760 2037 fa-

109 2059 206 2095 ciunt
225 2058 313 2104 loci,
343 2071 434 2106 quos
455 2057 520 2094 Cr.
550 2057 760 2106 adscripsit:

108 2113 386 2151 PlatonisinRe
400 2114 502 2163 publ.
512 2113 545 2149 V
547 2114 594 2160 ,3
612 2127 649 2163 p.
663 2113 758 2159 452,

109 2171 156 2208 C.
185 2184 222 2221 p.
245 2173 325 2234 221
350 2170 490 2207 Βεῌω
523 2188 580 2196 -·
609 2183 657 2207 ου
688 2183 758 2207 πο-

108 2223 180 2273 λυς
200 2223 358 2277 χρόνος,
390 2225 429 2273 ἐξ
455 2226 502 2264 οὐ
527 2228 610 2270 τοῖς
618 2221 758 2274 Έλλη-

110 2294 174 2322 σιν
207 2278 330 2322 ἐδόκει
359 2278 501 2333 αἰσχρὰ
549 2277 652 2319 εἶναι
690 2279 757 2319 καὶ

107 2336 260 2391 γέλοια,
285 2335 383 2391 α’περ
408 2340 487 2378 νῦν
513 2341 620 2384 τοῖς
639 2340 755 2376 πολ-

108 2398 218 2441 λοῖς
288 2397 387 2434 τῶν
456 2390 756 2445 βαρβαρων,

107 2465 282 2502 γυμνους
302 2449 452 2503 ἄνδρας
473 2449 672 2502 ὁρᾶσθαις
701 2454 757 2486 at-

108 2519 181 2554 que
206 2507 370 2557 Thucyd.
391 2508 420 2554 Ι,
451 2509 476 2547 6
497 2519 576 2544 cum
599 2505 754 2553 scholiis,

107 2561 263 2599 Hesiodi
283 2564 365 2613 (qui
386 2563 520 2600 natalia
543 2563 673 2599 nudari
692 2575 755 2599 ve·

106 2620 177 2662 tat)
196 2615 306 2671 ’'Epy.
337 2621 429 2660 730.
459 2618 495 2655 Τ
498 2619 611 2666 )τῖἃεί
641 2618 669 2665 Ι,
700 2620 753 2659 21

107 2675 171 2721 (ex
193 2674 341 2712 Homer.
360 2675 462 2712 Iliad.
477 2674 596 2721 XXII,
617 2677 670 2715 66
693 2687 754 2712 ex·

105 2731 242 2780 press.)
270 2731 331 2767 ubi
350 2732 420 2769 vid.
442 2730 564 2767 Klotz.
586 2743 622 2780 p.
643 2733 698 2772 22
719 2734 755 2767 et

105 2785 340 2836 Xenophont.
377 2788 414 2823 in
446 2786 647 2823 Meinorab.
687 2786 752 2832 ΠΙ,

107 2844 172 2882 11.
232 2842 290 2879 De
320 2841 437 2890 Lydis
465 2842 564 2879 Idem
600 2843 754 2880 conferri

831 874 907 914 vult
946 876 1096 916 Philost.
1150 877 1272 916 Iconn.
1330 878 1369 926 Ι,
1429 880 1485 921 30

831 934 886 983 (Ρ.
913 935 994 974 808
1029 934 1171 983 Olear.)
1204 948 1275 985 quo
1303 934 1382 972 loco
1415 936 1486 972 uti-

828 994 886 1025 tur
928 989 1215 1028 u'inekelinann.
1245 992 1293 1028 ad
1326 991 1481 1029 velatum

828 1045 995 1082 Herculis
1060 1051 1168 1096 caput
1232 1047 1482 1098 explicandum

828 1102 926 1151 Opp.
957 1101 1008 1138 IV
1035 1116 1072 1152 Ρ
1109 1105 1202 1145 192.
1234 1104 1302 1141 Vll
1330 1105 1479 1154 p.134-

826 1156 969 1194 Addam
995 1158 1041 1195 de
1066 1158 1210 1207 Persis,
1241 1173 1334 1209 quos
1354 1173 1480 1212 quain—

827 1226 898 1262 que
927 1213 1074 1250 humani
1108 1217 1270 1266 corporis
1310 1217 1480 1253 nudatio—

827 1283 932 1317 nem,
961 1271 1081 1320 capite
1110 1277 1283 1322 except0‚
1312 1273 1479 1323 turpissi-

827 1338 922 1362 mam
941 1326 1113 1364 habuisse
1125 1333 1261 1365 notant.
1274 1329 1355 1365 vid.
1372 1329 1480 1366 Mon-

827 1394 910 1429 geZ.
931 1381 967 1417 in
987 1381 1153 1419 Me'iuoir.
1176 1385 1222 1421 de
1246 1384 1387 1421 l’lnstit.
1412 1398 1479 1421 na-

824 1439 912 1474 tion.
939 1437 985 1474 T.
1005 1437 1021 1474 1
1044 1452 1081 1489 p.
1109 1440 1174 1480 13.

1044 1528 1154 1580 Cap.
1194 1529 1258 1567 XI.

879 1608 960 1646 τῶν
989 1606 1172 1647 οἰκετέων
1196 1604 1290 1655 τούς
1313 1604 1479 1659 μάλιστα

827 1659 911 1715 ω’ρα
953 1676 1117 1711 πιστους
1166 1664 1305 1711 ἐόντας
1351 1664 1483 1720 ἑωυτῇ

824 1735 862 1758 κ.
890 1735 921 1758 τ.
951 1719 1004 1771 λ.]
1047 1721 1249 1772 Compalat
1292 1721 1355 1760 Cr.
1396 1735 1476 1759 cum

824 1776 879 1813 his
906 1789 966 1824 ea,
997 1790 1092 1826 quae
1121 1779 1349 1815 inveniuntur
1377 1778 1477 1815 simi-

825 1832 906 1869 lia
897 1847 934 1870 ln
971 1835 1126 1872 carmine
1155 1835 1282 1885 epico‚
1329 1835 1385 1871 cui
1411 1847 1479 1871 no-

825 1902 910 1926 men
951 1889 1208 1939 Nibelungen‚
1252 1903 1307 1927 nr.
1337 1893 1391 1931 29
1419 1903 1476 1926 VS.

825 1948 906 1985 701
935 1958 971 1994 p.
1007 1947 1098 1986 182.
1130 1947 1231 1982 Idem
1261 1946 1308 1981 de
1331 1945 1478 1982 nomine

824 2000 995 2047 reginae,
1025 2001 1123 2048 quod
1138 2001 1331 2037 Herodoto
1359 2001 1406 2038 de
1422 2001 1478 2038 in-

825 2055 964 2092 dustria
996 2059 1036 2091 ut
1075 2056 1201 2093 volunt
1245 2057 1478 2106 praetermis-

826 2124 926 2158 sum,
957 2109 1128 2161 Nyssz'am
1157 2112 1270 2150 fuisse
1300 2112 1475 2163 Hephae-

825 2168 894 2204 stio
906 2168 1028 2214 tradit,
1047 2168 1170 2205 laudat
1184 2168 1291 2205 Phot.
1304 2168 1474 2206 Biblioth.

824 2237 861 2274 p.
884 2223 964 2264 484
986 2223 1046 2260 lin.
1073 2226 1127 2265 30
1157 2237 1214 2274 sq.
1243 2237 1280 2274 p.
1306 2225 1386 2266 150
1417 2226 1475 2262 ed.

823 2280 945 2317 Bekk.
983 2280 1024 2316 In
1054 2293 1159 2330 seqq.
1187 2283 1339 2317 formam
1378 2281 1475 2318 Ioni-

824 2348 902 2373 cam
930 2332 1012 2387 ὥρα
1047 2337 1142 2387 (pro
1170 2332 1306 2388 ἑώρα)
1342 2338 1472 2375 retinui

822 2405 901 2430 cum
924 2396 1072 2430 recentt.

875 2444 976 2494 ὅκως
1016 2446 1046 2499 ἦ
1087 2447 1266 2499 βασίλεια
1308 2446 1470 2499 καλέοι]

821 2504 844 2541 i.
869 2518 900 2543 e.
935 2533 960 2551 ,,
975 2507 1106 2554 quoties
1131 2509 1256 2556 regina
1293 2507 1473 2542 vocaret.“

820 2560 962 2598 Eodem
996 2562 1105 2598 modo
1144 2563 1238 2600 infra
1266 2562 1338 2608 ΙΙΙ,
1379 2560 1472 2603 125.

818 2613 920 2663 ὅκως
938 2613 1018 2656 ὕοι.
1039 2617 1069 2665 Ι,
1101 2620 1164 2659 16.
1197 2621 1288 2660 100.
1319 2616 1380 2654 Tu
1398 2617 1471 2653 vid.

819 2673 1018 2711 Hermann.
1064 2674 1112 2710 ad
1148 2675 1272 2723 Viget.
1316 2686 1354 2724 p.
1387 2674 1470 2714 909

821 2734 860 2767 et
896 2742 1002 2779 quem
1050 2729 1116 2767 Cr.
1157 2731 1281 2769 laudat
1318 2729 1467 2766 Dissen.

819 2785 1023 2834 Disquisitt.
1053 2786 1152 2836 phill.
1182 2787 1199 2824 I
1225 2800 1263 2837 p.
1282 2784 1350 2826 25.
1379 2785 1468 2823 Mox

820 2843 866 2879 de
887 2843 1001 2881 δυοῖν
1028 2844 1073 2880 cf.
1093 2843 1141 2880 ad
1168 2842 1205 2890 I,
1236 2842 1300 2884 14.
