1909 3228
412 224 497 265 702

384 335 406 372 4
418 331 613 388 Μέμφιν.

814 223 1286 265 HERODOTI

676 332 754 376 τόν
790 332 876 387 γάρ
918 334 1117 390 ποταμόν
1156 333 1301 379 πάντα
1340 337 1453 392 ῥέειν
1480 338 1597 392 παρὰ
1625 338 1675 382 τό

413 411 518 465 ὄρος
547 411 595 454 τὸ
625 411 848 467 ψάμμινον
877 413 986 466 πρὸς
1012 413 1195 470 Λιβύης·
1227 415 1304 458 τόν
1334 416 1379 459 ὁὲ
1400 421 1533 473 Μήνα
1564 416 1675 461 ἄνω-

412 495 514 542 θεν,
565 489 670 532 ὅσον
700 508 742 534 τε
774 493 930 536 ἑκατόν
962 496 1167 545 σταδίους
1205 492 1290 538 ἀπὸ
1322 496 1550 552 Μέμφιος,
1597 497 1674 539 τὸν

412 569 523 625 πρὸς
551 573 816 629 μεσαμβρίης
845 570 1022 628 ἀγκῶνα
1050 573 1383 630 προσχώσαντα,
1414 574 1462 618 τό
1494 574 1573 631 μὲν
1599 572 1731 630 (ἔρ-50

355 805 429 841 gna
452 791 664 839 habuerint,
700 804 795 841 quae
815 791 1009 830 Herodoto

355 853 542 886 enarrent:
591 849 741 885 alterurn
786 863 877 899 opus
911 849 1010 885 fluvii

353 905 424 942 alio
466 905 611 942 deducti
650 906 822 955 urbisque
856 907 892 942 in
931 906 1009 943 loco

354 963 448 998 sicco
493 962 563 998 iam
610 963 779 999 conditae
799 992 809 1009 ,
858 962 1010 1000 alterum

354 1017 482 1068 templi
511 1017 691 1068 splendidi
713 1018 872 1056 Vulcano
906 1019 1011 1057 dedi-

353 1076 434 1112 cati.
451 1097 507 1101 —
527 1073 594 1113 καὶ
613 1075 720 1123 vulgo
739 1076 912 1113 omissum
924 1089 1011 1126 pro-

352 1132 428 1168 bati
445 1132 584 1168 addunt
600 1132 719 1179 codd,
736 1133 833 1170 unde
859 1136 1008 1170 recentt.

354 1189 437 1225 edd.
460 1188 590 1225 merito
611 1184 1009 1238 receperunt—‹ino-

352 1246 582 1296 γεφυρῶσαι
601 1241 673 1294 τήν
699 1244 871 1295 Μέμφιν
887 1245 1007 1283 valet:

353 1301 464 1337 Iocum
486 1302 541 1350 (in
563 1315 633 1350 quo
646 1301 827 1352 Memphis
846 1307 930 1351 post
948 1315 1010 1339 ex-

352 1363 487 1395 structa
512 1360 608 1405 est),
648 1371 777 1406 aggere
805 1359 954 1406 obiecto,
985 1372 1008 1396 α

353 1413 442 1452 Nilo
469 1416 608 1464 eiusque
637 1416 925 1452 inundatiomhus
950 1420 1008 1452 tu-

353 1475 426 1508 tum
443 1476 633 1520 praestare.
693 1471 790 1509 Nam
811 1468 1004 1523 γεφύραν,

351 1528 449 1564 unde
470 1523 775 1579 (ἷπογεφυροῦν,
796 1541 867 1565 non
890 1528 1005 1564 solum

346 1587 506 1634 pontem,
537 1585 730 1621 sedetiam
763 1598 926 1634 aggerem
958 1585 1006 1621 si—

351 1641 526 1690 gnificare
547 1669 557 1687 ,
606 1642 691 1677 salis
713 1642 914 1692 probarunt
940 1642 1007 1678 viri

351 1698 470 1744 docti,
502 1702 541 1733 ut
564 1697 709 1734 minime
737 1697 770 1734 h.
792 1697 813 1734 l.
843 1712 935 1748 opus
961 1698 1006 1734 sit

351 1754 475 1802 legere
494 1750 845 1805 α’ποστενυγρῶσαι
867 1755 1007 1797 (Immo-

350 1823 425 1847 rmn
446 1812 525 1847 vias
548 1810 723 1847 occludere
745 1814 776 1847 et
793 1810 1005 1860 arefacere),

351 1868 660 1916 quemadmodum
689 1867 774 1903 olim
803 1869 1007 1904 coniecerat

350 1923 625 1972 lVesselingius.
639 1946 685 1950 —
710 1924 769 1961 De
788 1922 895 1960 Mene
912 1924 1006 1960 conf.

351 1981 398 2017 ad
420 1980 476 2026 ll,
501 1980 526 2021 4
556 1981 615 2016 sin.
676 1979 746 2017 Hic
772 1993 883 2017 unum
908 1981 1005 2016 addo

350 2037 503 2074 Diodor.
534 2037 571 2084 l,
603 2037 680 2083 50,
721 2036 803 2085 ubi,
833 2049 927 2086 quae
959 2037 1006 2074 de

351 2093 456 2131 ,Mene
474 2094 685 2131 Herodotus
707 2094 904 2131 memoriae
917 2106 1007 2144 pro-

351 2151 464 2198 didit,
495 2151 543 2187 ad
573 2149 766 2188 Uchoreum
795 2163 919 2199 regem
946 2163 1006 2187 re-

350 2208 524 2244 feruntur.

407 2260 476 2303 τόν
493 2260 567 2316 γάρ
589 2258 770 2313 ποταμόν
791 2258 922 2301 πάντα
943 2259 1003 2312 ῥέ-

352 2334 409 2358 ειν
432 2335 467 2358 κ.
488 2335 518 2358 τ.
540 2317 599 2370 λ.]
639 2319 830 2356 Pertinent
850 2319 919 2356 huc
947 2332 1003 2366 ea,

351 2390 448 2426 quae
492 2377 539 2413 ad
565 2376 622 2423 ll,
658 2378 709 2417 10
749 2377 1003 2413 adnotavimus

352 2434 398 2470 de
424 2433 536 2483 priori
557 2432 630 2471 Nili
654 2446 759 2469 cursu
778 2446 845 2483 per
861 2431 1004 2481 Libyae

352 2490 513 2527 deserta.
582 2488 634 2526 Ac
662 2488 787 2526 Nilum
821 2489 939 2539 ipsum
974 2488 1004 2525 si

352 2559 395 2583 eo
408 2546 536 2584 itinere
548 2547 594 2583 ad
606 2558 704 2584 mare
717 2545 869 2583 volvisse
888 2558 1002 2594 aquas

351 2614 487 2650 neges,
528 2603 604 2640 eius
630 2607 729 2639 certe
757 2604 905 2638 fluvium
929 2602 1005 2639 sive

351 2664 492 2707 partem
523 2660 574 2696 sic
609 2659 757 2696 fluxisse
797 2659 1006 2696 existiman-

353 2714 438 2750 dum
468 2716 545 2752 erit.
612 2716 718 2759 Quae
743 2715 917 2753 Heerenii
948 2718 1006 2752 est

354 2772 532 2807 sententia
552 2771 664 2809 Ideen
684 2775 750 2809 etc.
771 2771 823 2818 ΙΙ,
843 2775 870 2812 2
892 2785 930 2821 p.
949 2773 1004 2812 77

354 2838 431 2875 seq,
464 2827 542 2863 coll.
586 2827 734 2865 Dureau
761 2829 807 2864 de
836 2827 871 2864 la
895 2827 1005 2865 Malle

353 2882 478 2933 geogr.
500 2882 643 2935 physiq.
666 2888 734 2922 etc.
752 2897 840 2935 pag.
858 2885 912 2925 37
926 2896 1005 2934 seq.

1133 790 1234 844 πρός
1250 788 1429 844 Λιβύης]
1461 794 1483 831 i.
1516 807 1546 831 e.
1577 792 1732 844 Libyam

1076 863 1224 898 versus,
1265 855 1303 887 ut
1332 864 1415 887 mox
1451 847 1547 901 πρὸς
1586 862 1731 901 μεσαμ-

1079 907 1214 958 βρίης,
1245 908 1291 944 de
1322 920 1394 956 quo
1423 907 1553 944 Mauh.
1574 908 1639 944 Gr.
1663 908 1730 943 Gr.

1077 977 1162 1013 pag.
1184 967 1290 1005 1179
1312 977 1389 1014 seq.
1432 964 1483 1001 Et
1500 966 1595 1001 cons.
1618 976 1730 1014 supra

1078 1020 1117 1069 Ι,
1139 1019 1205 1061 84.

1132 1100 1204 1143 τὸν
1223 1100 1324 1155 πρός
1339 1104 1584 1157 μεσαμβρίης
1605 1099 1731 1154 ἀγκῶ-

1078 1176 1129 1200 να
1165 1156 1474 1212 προσχώσαντα]
1535 1161 1646 1204 Quod
1679 1160 1731 1196 ita

1075 1218 1370 1267 intelligendum,
1407 1222 1445 1254 ut
1472 1216 1602 1255 Menes
1631 1216 1730 1253 istud

1077 1274 1153 1312 Nili
1180 1274 1388 1321 brachium,
1416 1275 1516 1323 quod
1541 1273 1730 1311 meridiem

1075 1344 1201 1368 versus
1230 1332 1367 1368 fluebat
1397 1331 1508 1378 (eum
1537 1344 1586 1367 sc.
1610 1331 1647 1366 in
1676 1329 1731 1366 lo-

1075 1401 1176 1433 cum,
1194 1387 1255 1423 ubi
1275 1387 1358 1424 dein
1382 1388 1504 1424 urbem
1524 1387 1730 1433 exstruxit),

1074 1443 1183 1480 humo
1202 1444 1356 1492 adgesta
1378 1444 1631 1493 compleverit,
1661 1444 1730 1478 flu-

1074 1501 1120 1535 vii
1160 1500 1270 1548 igitur
1313 1513 1456 1536 cursum
1499 1499 1729 1545 obstruxerit,

1074 1556 1211 1605 quippe
1254 1568 1391 1604 aggere
1428 1556 1600 1606 opposito
1646 1567 1727 1592 eum

1074 1612 1144 1649 alio
1165 1613 1338 1660 dirigens.
1378 1614 1580 1662 προσχοῦν
1598 1611 1728 1649 eodem

1076 1682 1184 1705 sensu
1205 1669 1258 1715 ll,
1275 1671 1336 1709 10.
1370 1669 1490 1705 Minus
1514 1673 1610 1705 recte
1623 1667 1728 1704 Miot.

1076 1725 1215 1761 Gallice
1234 1724 1323 1762 hacc
1343 1726 1391 1761 ita
1412 1725 1606 1774 expressit:
1638 1736 1727 1770 „re-

1074 1780 1194 1817 ‹la-essa
1229 1781 1259 1818 le
1301 1781 1408 1817 conde
1443 1794 1505 1830 que
1543 1781 1574 1817 le
1608 1781 1729 1829 fleuve

1068 1837 1222 1887 formait
1239 1851 1330 1887 pour
1351 1851 1385 1874 se
1402 1841 1519 1887 porter
1537 1851 1584 1874 an
1604 1835 1727 1872 midif‘

1075 1894 1151 1930 Sed
1194 1894 1265 1930 iam
1303 1895 1508 1931 emendavit
1541 1894 1729 1931 Letronne

1075 1951 1130 1998 (in
1154 1963 1305 1987 censura
1326 1951 1428 1987 huius
1450 1951 1529 1987 libri
1557 1963 1643 2002 pag.
1661 1950 1729 1996 7),

1074 2007 1154 2058 ipse
1199 2008 1250 2044 sic
1286 2008 1548 2057 interpretans:
1607 2004 1729 2042 DIenes

1074 2064 1181 2100 barra
1216 2065 1291 2111 (au
1313 2077 1445 2112 moyen
1475 2065 1521 2101 de
1541 2063 1575 2099 la
1595 2063 1727 2110 digue)

1073 2120 1104 2156 le
1123 2120 1227 2157 conde
1248 2133 1312 2170 que
1331 2121 1361 2157 le
1373 2121 1493 2171 fleuve
1504 2120 1659 2170 formait
1678 2131 1727 2155 au

1072 2177 1162 2213 mida·
1188 2177 1254 2224 (de
1276 2177 1499 2226 Memphis)·,
1529 2189 1610 2213 cum
1628 2171 1730 2226 πρός

1074 2233 1320 2286 μεσημβρίης
1361 2234 1437 2270 sit:
1491 2232 1540 2269 (Ιιι
1574 2231 1651 2269 εόίέ
1678 2231 1728 2268 du

1071 2290 1168 2327 midi.

1124 2371 1169 2413 το“
1214 2371 1286 2424 μὲν
1334 2367 1500 2422 ἆρχαῒον
1557 2370 1729 2424 ῥέεθρον

1072 2427 1349 2482 οἷποξηράναι]
1375 2430 1578 2467 'rest-antur
1598 2441 1727 2466 recen-

1069 2489 1180 2525 tiores
1200 2487 1513 2538 peregrinatores‚
1536 2486 1640 2523 huius
1661 2497 1728 2522 an-

1070 2545 1163 2594 tiqui
1187 2544 1279 2582 alvei
1310 2543 1428 2580 adhuc
1451 2556 1642 2594 superesse
1664 2555 1727 2579 ve-

1073 2602 1206 2650 stigia,
1246 2613 1340 2650 quae
1377 2601 1475 2637 iuxta
1503 2601 1660 2638 Saccara
1691 2601 1728 2636 et

1073 2658 1174 2703 loca,
1202 2658 1238 2694 in
1261 2657 1393 2706 quibus
1426 2657 1633 2706 pyramides
1665 2667 1728 2692 ex-

1075 2718 1233 2752 structae
1255 2717 1359 2761 sunt,
1398 2726 1514 2762 usque
1533 2714 1580 2750 ad
1600 2713 1726 2749 Cano-

1073 2784 1162 2822 pum
1180 2771 1354 2821 persequi
1375 2770 1490 2807 liceat.
1521 2769 1603 2807 Vid.
1625 2768 1727 2805 Ren-

1073 2827 1144 2864 nel.
1166 2827 1187 2864 l.
1207 2827 1228 2864 1.
1249 2839 1335 2878 pag.
1354 2829 1438 2868 602
1458 2839 1535 2877 seq.
1563 2829 1600 2864 et
1618 2835 1726 2876 supra

1073 2885 1123 2921 ad
1144 2883 1200 2931 11,
1227 2886 1279 2925 10
1298 2882 1421 2921 laudd.
