1909 3228
541 225 962 265 EUTERPE.
1022 228 1066 265 Π.

182 338 235 390 τῇ
277 333 377 378 πόλι
413 331 658 391 Ἀτάρβηχις
670 351 678 360 ·

154 421 173 451 8
186 412 313 467 ἅγιον
357 415 539 465 ἵδρυται.

178 492 331 534 πολλοὶ
362 489 485 534 ἄλλοι
523 491 565 542 ἐς
605 491 737 543 ἄλλας
773 492 916 543 πόλις·

1354 231 1437 271 577

739 336 786 378 ἐν
823 333 865 379 δ’
910 333 1018 392 αὐτῇ
1054 335 1308 393 Ἀφροδίτης
1337 339 1435 390 ἱρὸν

603 414 649 456 ἐκ
692 414 849 470 ταύτης
889 418 963 471 τῆς
1000 413 1149 466 πόλιος
1176 416 1433 458 πλανέονται

976 492 1264 548 ἀνορύξαντες
1301 494 1346 538 δὲ
1375 493 1426 537 τὰ
1444 502 1485 534 10

181 569 329 621 ὀστέα,
360 569 578 626 ἀπάγουσι
606 571 679 614 καὶ
707 570 925 615 θάπτουσι
963 571 1006 622 ἐς
1040 572 1117 615 ἕνα
1144 576 1290 628 χῶρον
1315 571 1427 616 πάν-

149 656 263 699 ἑ)τες.
311 649 419 691 κατὰ
447 646 582 692 ταύτὰ
611 650 657 692 δὲ
684 654 802 693 Ιτοῖσι
832 650 962 705 βουσὶ
1001 651 1076 694 καὶ
1108 650 1241 694 τᾶλλα
1275 650 1430 707 κτήνεα

176 728 397 787 θάπτουσι
430 725 765 784 ἀποθνήσκοντα
779 740 789 751 ·

837 729 907 772 καὶ
938 727 1021 783 γὰρ
1052 730 1150 782 περὶ
1179 733 1317 773 ταῦτα
1347 729 1427 773 οὕ-

176 823 235 848 τω
267 818 345 860 σςοι
373 807 732 861 νενομοθέτηται·
762 808 976 850 κτείνουσι
1005 806 1088 863 γὰρ
1120 807 1172 864 δὴ
1197 807 1301 852 ου’δὲ
1319 813 1425 852 ταῦ-

51 883 118 928 42
176 900 239 927 τα.
284 883 412 927 ’Όσοι
441 884 519 940 μὲν
548 884 600 940 δὴ
628 883 736 936 Διὸς
767 886 978 942 Θηβαιέος
1014 888 1214 941 ἵδρυνται
1242 886 1363 943 ἱρὸν,
1400 887 1429 943 ἢ

170 1063 406 1118 Ἀφροδίτης
426 1064 514 1119 ΐρόν
533 1064 647 1120 ἅγιον
658 1068 765 1120 ’ἵδρυ-

115 1127 201 1169 ται]
242 1125 405 1161 Vidimus
437 1125 547 1161 modo
586 1125 766 1163 Venerem

114 1179 306 1229 Aegyptiis
332 1185 495 1217 vocatam
522 1181 633 1218 fuisse
654 1182 766 1218 Atlwr

115 1236 138 1272 i.
160 1249 190 1272 e.
206 1241 360 1282 noctem,
378 1250 471 1285 quae
485 1238 657 1284 omnium,
671 1250 764 1287 quae

114 1292 150 1328 in
168 1305 285 1328 rerum
301 1298 428 1328 natura
446 1298 540 1340 sunt,
555 1306 686 1343 parens
707 1298 763 1331 est

114 1360 156 1384 ac
175 1349 339 1395 genitrix.
370 1348 539 1397 Namque
555 1362 625 1385 nox
647 1350 763 1386 omni-

112 1416 170 1439 nm
191 1417 307 1441 rerum
325 1405 462 1441 semina
486 1409 522 1441 et
550 1404 648 1440 initia
668 1406 703 1441 in
723 1418 761 1442 se

112 1460 296 1497 continere
306 1464 464 1509 putatur,
481 1463 519 1496 ut
537 1459 621 1497 inde
640 1461 761 1497 omnia

109 1516 326 1566 proveniant
359 1519 468 1564 atque
492 1515 669 1564 originem
700 1529 762 1553 ca-

109 1572 222 1622 piant.
262 1572 384 1614 Quare
409 1578 445 1608 et
472 1572 537 1608 bos
564 1571 609 1608 illi
634 1585 761 1609 conse-

109 1632 225 1665 cratus
247 1632 282 1665 et
299 1627 356 1665 ille
374 1629 520 1673 mensis,
546 1641 617 1676 quo
646 1629 760 1665 Osiris

109 1685 260 1733 periisse
280 1684 419 1731 dicitur,
447 1683 551 1721 Nilus
570 1685 703 1721 recedit
723 1689 761 1722 et

107 1745 204 1776 terra
224 1740 402 1785 nudatur,
442 1753 512 1776 nox
537 1740 680 1787 longior
707 1741 759 1787 fit,

108 1796 280 1832 tenebrae
291 1800 455 1832 crescunt
471 1795 630 1843 lucisque
648 1809 756 1844 supe-

109 1856 207 1886 ratur
235 1863 276 1887 ac
299 1851 453 1887 tabescit
471 1851 546 1897 vis,
576 1855 615 1886 ut
634 1851 759 1887 scribit

109 1906 288 1943 Plutarch.
322 1907 367 1943 de
404 1906 501 1943 Iside
542 1910 578 1943 et
611 1907 757 1943 Osiride

108 1975 193 2011 pag.
218 1963 300 2002 366
323 1976 349 1998 s.
378 1961 455 2003 501
487 1962 602 2011 Wytt.
642 1962 758 2010 „Erat

108 2031 152 2055 ea
175 2019 244 2055 dea
263 2018 455 2055 Atarbechi
478 2018 545 2055 coli
563 2018 669 2055 solita
692 2030 755 2055 ea-

108 2074 204 2120 dem,
234 2086 327 2122 quae
344 2074 380 2109 in
397 2074 682 2111 Dodonaeorum
700 2087 757 2112 re-

105 2129 299 2177 ligionibus
334 2129 484 2167 Veneris
519 2131 657 2167 Diones
689 2143 758 2166 no-

106 2186 204 2223 mine
230 2185 489 2223 celebrabatur.
536 2186 668 2234 Arguit
695 2199 756 2222 co-

106 2241 249 2279 lumbae
267 2241 467 2290 symbolum
484 2243 530 2279 ab
549 2255 593 2279 ea
618 2242 754 2290 gestari

106 2297 254 2344 solitae,
283 2302 439 2346 arguunt
459 2298 550 2345 alia,
576 2311 669 2347 quae
691 2310 752 2336 ex-

103 2366 241 2403 ponere
252 2353 398 2401 longum
409 2358 475 2391 est.
504 2354 561 2390 Ad
572 2355 647 2391 eius
661 2354 753 2391 deae

106 2421 242 2445 sacram
263 2409 412 2446 insulam
430 2423 473 2447 ex
494 2411 660 2447 universa
680 2409 754 2447 Ae-

106 2468 219 2512 gypto
246 2464 354 2501 boum
379 2466 615 2503 masculorum
641 2467 752 2503 deve-

105 2518 285 2555 hebantur
303 2533 406 2557 ossa:
436 2522 618 2558 hominum
630 2521 753 2571 Aegy-

104 2575 261 2623 ptiorum
283 2576 456 2613 cadavera
484 2577 754 2614 devehebantur

103 2629 303 2680 Memphim
318 2630 352 2667 h.
374 2645 405 2668 e.
422 2633 458 2668 in
477 2637 619 2682 portum
638 2633 755 2669 bono-

102 2698 192 2733 rum,
223 2686 297 2723 sive
317 2687 498 2736 Abydum,
527 2689 676 2725 vicinam
698 2689 753 2725 in-

102 2742 201 2779 sulae
217 2742 432 2790 Beatorum,
470 2748 530 2780 aut
546 2744 751 2781 Busiridem

101 2799 221 2835 medio
237 2798 272 2834 in
293 2798 424 2845 Delta,
453 2799 594 2848 alioque
609 2801 668 2836 ubi
682 2800 749 2836 Ni-

99 2852 172 2890 lum
185 2853 442 2892 traiicientibus
453 2856 665 2893 coemeteria
683 2868 751 2907 pa-

144 2909 355 2947 Hmmnow.
388 2911 418 2948 Ι.

833 1070 971 1108 tebant.
1002 1069 1115 1119 Igitur
1134 1074 1296 1109 armenta
1320 1069 1428 1108 allicit
1446 1075 1482 1109 et

832 1127 963 1164 retinet
982 1127 1052 1164 dea
1078 1125 1216 1174 Athor,
1245 1127 1283 1163 in
1310 1140 1353 1164 eo
1375 1127 1482 1164 etiam

833 1182 954 1219 similis
984 1182 1116 1220 Veneri
1146 1182 1328 1220 Libitinae
1347 1183 1483 1220 Roma-

831 1251 980 1286 norum,
1013 1251 1108 1287 quae
1129 1239 1333 1276 funebrium
1363 1251 1482 1276 rerum

830 1295 988 1331 omnium
1015 1307 1163 1343 praeses
1192 1308 1236 1332 ex
1262 1294 1483 1332 Dodonaeo-

827 1362 906 1386 rum
935 1350 1097 1386 sacrariis
1126 1351 1162 1386 in
1177 1350 1323 1387 Latium
1352 1363 1480 1399 perve-

828 1406 891 1441 nit.
928 1405 1021 1441 Eam
1050 1409 1170 1441 autem
1200 1405 1396 1442 Libitinam
1423 1407 1479 1442 fu-

828 1461 930 1508 giunt
948 1461 1071 1509 quoad
1091 1465 1244 1509 possunt
1260 1473 1406 1507 omnes,
1442 1466 1479 1498 et

828 1517 907 1553 dira
933 1529 1007 1552 non
1037 1516 1153 1553 minus
1185 1516 1338 1553 habetur
1370 1529 1480 1565 quain

827 1571 1068 1621 Proserpina,
1108 1584 1202 1621 quae
1226 1572 1403 1621 quidquid
1431 1573 1480 1609 ad

827 1641 905 1666 eam
917 1629 1132 1678 pervenerit,
1150 1628 1317 1665 retinet.“
1348 1628 1479 1666 Creuz.

826 1685 862 1721 in
884 1685 1024 1721 Comm.
1044 1684 1133 1721 Her.
1157 1697 1244 1734 pag.
1267 1685 1357 1725 118.
1386 1687 1477 1725 119.

825 1739 934 1778 Adde
952 1741 1065 1778 eiusd.
1085 1739 1248 1788 Symbol.
1268 1739 1318 1777 lV
1336 1753 1373 1790 p.
1396 1743 1479 1782 232

828 1808 932 1844 seqq.
952 1796 965 1831 Ι
983 1809 1018 1844 p.
1038 1796 1131 1836 521.

881 1848 992 1889 ἄλλοι
1026 1849 1064 1896 ἐς
1095 1847 1213 1896 ἄλλας
1245 1845 1381 1900 πόλις]
1416 1851 1476 1889 De

823 1906 937 1943 forma
965 1901 1101 1954 πόλις,
1131 1918 1239 1955 quarn
1263 1906 1387 1956 optimi
1418 1907 1476 1944 hic

821 1962 1067 2008 tuenmrlibri,
1083 1963 1178 2000 conf.
1191 1961 1319 1998 Matth.
1329 1976 1365 2012 p.
1382 1964 1473 2003 180.

823 2040 878 2045 -
897 2018 938 2054 In
958 2030 1058 2066 seqq.
1076 2031 1143 2068 pro
1164 2014 1309 2064 πάντες
1319 2019 1472 2055 Gesner.

823 2075 859 2110 in
876 2073 1077 2110 Chrestom.
1101 2074 1231 2111 Graec.
1257 2086 1293 2123 p.
1314 2077 1369 2115 22
1397 2086 1474 2110 ma-

822 2129 886 2167 luit
906 2124 1050 2176 παντα,
1079 2129 1258 2180 probante
1275 2128 1474 2167 Larchero.

1017 2213 1048 2250 C
1060 2225 1080 2250 a
1090 2226 1126 2263 p.
1161 2211 1277 2250 XLII.

877 2293 962 2336 Γόσοι
984 2294 1055 2347 μὲν
1078 2293 1128 2346 δή
1154 2292 1252 2343 Διός
1279 2293 1474 2346 Θηβαιέος

820 2353 998 2403 ἵδρυνται
1017 2349 1122 2404 ἱρὸν]
1153 2352 1292 2389 Mavult
1317 2351 1473 2389 Valcke-

820 2423 897 2447 nar.
929 2410 1052 2446 scribi:
1090 2405 1223 2454 ὅσοις
1250 2404 1322 2458 μὲν
1349 2404 1400 2458 δή
1423 2410 1471 2445 Δ.

822 2467 866 2504 Θ.
885 2466 1053 2516 ἵδρυται
1073 2460 1168 2516 ἱρόν.
1190 2465 1267 2501 Sed
1286 2464 1379 2501 bene
1391 2476 1471 2500 mo-

819 2522 898 2558 nuit
926 2521 1127 2569 Schweigh.
1163 2519 1344 2569 vulgatam
1372 2519 1470 2556 haud

819 2577 1078 2614 sollicitandam
1103 2589 1200 2623 esse,
1229 2588 1307 2613 cum
1335 2574 1469 2626 ’ἵδρυν-

819 2648 883 2672 ται
900 2634 996 2670 idem
1016 2634 1091 2670 fere
1115 2633 1162 2669 sit
1183 2634 1293 2680 atque
1313 2629 1467 2682 ἷδρυμέ·

817 2704 890 2728 νον
913 2688 1042 2739 ἔχουσι
1054 2702 1082 2725 s·
1102 2682 1288 2739 ἱδρύκασι
1300 2685 1466 2735 ἑαυτοῖς,

817 2749 895 2791 aut,
934 2745 1033 2793 quod
1060 2744 1153 2781 infra
1178 2742 1232 2791 II,
1257 2742 1311 2784 44
1336 2747 1466 2790 exstat,

818 2796 1073 2851 ἱδρυσάμενοι
1095 2798 1283 2850 ἔκτηνται.
1332 2798 1381 2836 Et
1404 2811 1465 2836 ea-

816 2858 900 2894 dem
918 2870 976 2895 res
995 2856 1165 2894 continuo
1176 2855 1374 2893 declaratur
1383 2867 1464 2892 ver-

1161 2911 1217 2951 37

1485 886 1540 913 Isis
1549 888 1580 914 et
1590 885 1753 921 matrinam

1485 925 1515 948 et
1535 920 1683 954 Bacchus,
1708 921 1753 949 Dii
