1909 3228
566 195 989 235 EUTERPE.
1040 197 1086 235 11.

1361 198 1446 238 583

310 304 330 321 Ἰ
535 303 544 318 ἵ
625 305 644 318 5!
862 310 879 318 —o
915 304 928 320 f
1089 304 1098 319 1
1292 305 1302 318 Ι

186 321 277 349 νων
308 307 462 360 ελαβον
500 321 547 348 το
589 322 758 361 ουνομα
799 323 878 350 του
924 309 1150 360 Ηρακλεος
1190 305 1499 361 Αἰγυπτιοι,45

187 382 295 426 ἀλλά
325 383 527 440 ”Ἐλληνες
555 388 721 439 μᾶλλον
746 384 854 439 παρ’
885 385 1158 440 Αἰγυπτίων,
1195 385 1270 427 καὶ
1299 382 1443 439 Ἑλλή-

185 478 274 505 νων
304 457 426 505 οὗτοι
456 464 498 505 οἱ
524 463 702 518 θέμενοι
729 468 791 519 τῷ
825 463 1152 519 Ἀμφιτρύωνος
1186 462 1302 520 γόνῳ
1339 462 1444 506 τοῦ-

185 557 299 596 νομα
324 540 560 594 Ἡρακλέα,
610 541 747 585 πολλά
775 558 850 597 μοι
878 543 953 586 καὶ
987 542 1092 585 ἄλλα
1121 541 1326 597 τεκμήριά
1356 541 1444 585 ἐστι

183 623 316 663 τοῦτο
347 618 461 663 οὕτω
493 621 626 675 ἔχειν,
656 621 704 664 ἐν
734 620 779 664 δὲ
808 620 880 664 καὶ
901 620 1022 673 τόδε,
1054 620 1121 664 ὅτι
1143 637 1186 664 τε
1206 624 1286 664 τοῦ
1311 620 1441 674 Ἡρα-

182 699 306 750 κλέος
343 697 504 741 τούτου
543 700 586 742 οἷ
633 698 778 754 γονέες
826 698 1069 755 ἀμφότεροι
1107 695 1242 756 ἦσαν,
1289 698 1441 755 Ἀμφι-

181 776 328 832 τρύων
356 778 430 820 καὶ
470 775 710 834 Ἀλκμήνη,

764 778 986 834 γεγονότες
1024 777 1074 822 τὸ
1117 776 1333 822 ἀνέκαθεν
1363 775 1438 821 ἀπ’
1452 786 1498 819 50

182 854 425 910 Αἰγύπτου,
471 857 546 899 καὶ
583 855 693 900 διότι
733 857 965 912 Αἰγύπτιοι
1003 857 1103 901 οὔτε
1144 857 1444 908 Ποσειδέωνος

181 934 282 979 οὔτε
311 934 604 988 Διοσκούρων
634 936 685 978 τὰ
718 934 941 992 οὐνόματά
973 948 1082 993 φασι
1113 937 1295 986 εἰδέναι,
1339 935 1441 979 οὐδέ

179 1025 260 1069 σφι
288 1015 384 1057 θεοὶ
415 1008 538 1057 οὗτοι
578 1014 626 1057 ἐν
662 1020 774 1059 τοῖσι
806 1014 976 1060 ἄλλοισι
1004 1021 1148 1060 θεοῖσι
1180 1015 1441 1070 ἀποδεδέχα-

155 1097 265 1137 4ταμ

323 1093 393 1137 καὶ
425 1092 512 1149 μήν
550 1095 658 1149 εἴγε
686 1093 797 1150 παρ’

834 1094 1052 1149 Ἑλλήνων
1081 1096 1239 1151 ἔλαβον
1271 1091 1441 1148 οὔνομά

179 1188 254 1215 τευ
292 1173 523 1227 δαίμονος,
570 1173 740 1217 τούτων
793 1172 877 1218 οὐκ
916 1173 1071 1231 ἥκιστα
1107 1173 1214 1218 ἀλλὰ
1251 1172 1440 1229 μάλιστα

179 1250 358 1305 ἔμελλον
395 1251 568 1309 μνήμην
610 1253 745 1307 ἕξειν,
798 1255 914 1309 εἴπερ
954 1254 1026 1297 καὶ
1066 1253 1161 1297 τότε
1196 1254 1496 1308 ναυτιλίῃσιὸὄ

178 1433 219 1473 ἐν
240 1431 281 1472 δὲ
299 1433 367 1472 καὶ
385 1430 494 1485 τόδε]
525 1434 643 1484 Vulgo
665 1434 707 1474 ἒν
730 1434 774 1475 δὲ

123 1486 181 1539 δή
201 1489 265 1528 καὶ
291 1486 400 1539 τόδε,
430 1492 491 1528 ubi
521 1488 593 1541 δὴ,
623 1494 722 1540 quod
751 1505 774 1529 a

122 1547 219 1583 libris
238 1547 342 1584 abest
362 1548 525 1598 scriptis,
554 1549 771 1586 recentiores

121 1604 310 1640 eiecerunt.
357 1603 562 1653 Utrumque
592 1610 771 1642 caeterum

121 1659 257 1696 Nostro
268 1660 305 1697 in
318 1674 402 1706 usu3
421 1662 514 1697 conf.
530 1661 559 1708 Ι,
574 1662 663 1702 185.
681 1665 769 1702 192.

122 1715 185 1761 ΙΙΙ,
209 1716 271 1756 15.
288 1718 353 1756 38.
374 1716 419 1762 ΙΙ,
439 1720 504 1758 78.
534 1720 621 1758 176.
663 1718 772 1754 Plura

121 1772 322 1819 Schweigh.
344 1772 457 1808 Paulo
485 1777 569 1810 ante
595 1787 675 1810 cum
706 1774 770 1809 iis-

122 1827 205 1864 dem
234 1828 406 1864 edidimus
438 1825 480 1866 τό
511 1825 666 1878 οὕνομα
704 1842 770 1878 pro

120 1880 309 1933 τοῦνομα.
348 1905 403 1911 ——
459 1883 517 1920 Ad
561 1880 773 1931 ἀνέκαθεν,

122 1940 220 1988 quod
240 1941 287 1977 de
302 1943 465 1989 ternpore
486 1940 699 1988 adhibetur,
727 1942 770 1977 cf.

118 1996 147 2043 l,
173 1998 264 2036 170.

177 2048 238 2091 ὅτι
255 2065 295 2089 τε
315 2053 389 2090 τοῦ
401 2048 608 2102 Ἡρακλέος
627 2046 772 2090 τούτου

121 2107 163 2147 οἷ
189 2105 322 2159 γονέες
351 2122 387 2146 κ.
409 2122 443 2147 τ.
463 2109 516 2158 λ.]
568 2109 773 2146 Commode

119 2164 288 2201 Larcher.
307 2163 432 2200 laudat
449 2164 626 2202 Plutarch.
642 2166 688 2201 de
701 2165 772 2201 So-

118 2225 206 2257 crat.
228 2220 325 2257 Gen.
350 2233 386 2270 p.
417 2220 518 2268 577,
546 2221 606 2257 ubi
633 2233 772 2258 memo-

119 2281 218 2313 ratur
239 2276 525 2324 antiquissimum
552 2277 707 2313 Haliarti
733 2277 770 2313 in

119 2332 274 2368 Boeotia
314 2332 514 2382 sepulcrum
553 2333 769 2379 Alcmenae,

117 2387 229 2425 literis
259 2388 466 2437 inscriptum
494 2391 631 2427 formae
658 2403 768 2439 pecu-

117 2442 214 2479 liaris
243 2445 308 2481 sed
339 2445 515 2483 barbarae
542 2447 618 2482 fere
647 2446 770 2494 Aegy-

117 2499 274 2547 ptiisque
309 2500 456 2546 similis3
495 2503 545 2538 ita
572 2506 611 2537 ut
638 2501 771 2548 Agesi-

119 2554 218 2600 laus,
249 2556 310 2603 qui
333 2556 535 2605 sepulcrum
553 2558 704 2606 aperuit,
732 2558 770 2593 in

118 2609 324 2660 Aegyptum
345 2613 501 2650 mitteret
531 2613 770 2662 inscriptionis

120 2666 325 2716 exemplar,
353 2669 452 2716 quod
480 2670 687 2705 sacerdotes
719 2669 770 2706 le-

119 2727 262 2770 gerent.
292 2723 346 2760 Ac
363 2737 402 2761 re
421 2737 506 2761 vera
525 2737 636 2761 unum
657 2738 771 2773 quen-

120 2779 205 2815 dam
232 2792 274 2816 ex
304 2779 492 2829 Aegyptiis
524 2781 770 2818 sacerdotibus

119 2834 243 2883 legere
262 2837 424 2886 potuisse
447 2837 605 2874 tradunt.
635 2859 674 2864 —
712 2835 772 2874 Ad

840 1436 1022 1474 Herodoti
1065 1435 1183 1472 locum
1224 1436 1495 1484 intelligendum

840 1493 909 1529 hoc
926 1492 1072 1529 omnino
1088 1497 1126 1528 tu
1144 1493 1266 1541 paucis
1286 1497 1388 1529 tene:
1408 1491 1495 1528 Am-

839 1549 1041 1599 phitryonis
1072 1561 1190 1597 aeque
1222 1554 1331 1597 atque
1351 1547 1494 1585 Alcme-

839 1618 908 1642 nae
929 1618 1044 1654 genus
1066 1605 1180 1654 repeti
1204 1617 1224 1641 a
1247 1606 1380 1642 Perseo
1394 1633 1404 1649 ‚
1433 1605 1495 1652 qui

838 1661 917 1711 ipse
939 1663 1092 1699 refertur
1120 1662 1168 1697 ad
1194 1661 1341 1707 Belum,
1372 1661 1495 1709 Aegy—

839 1719 893 1766 pti
915 1731 1048 1766 regem.
1081 1717 1210 1765 Itaque
1231 1717 1408 1754 Hercules
1428 1730 1494 1765 pa-

839 1778 944 1810 terna
973 1779 1010 1810 et
1038 1778 1201 1809 materna
1227 1774 1338 1822 stirpe
1369 1772 1493 1820 Aegy-

839 1830 936 1878 ptius
956 1830 1067 1865 fertur
1087 1842 1130 1865 ex
1149 1829 1373 1865 Graecorum
1389 1829 1494 1864 sabu-

839 1884 891 1920 lis.
923 1906 978 1910 —
1025 1884 1171 1932 Reliqui
1198 1884 1234 1920 in
1269 1888 1371 1920 textu
1401 1887 1494 1922 Διο-

840 1935 1044 1990 σκούρων,
1074 1940 1158 1976 licet
1176 1953 1265 1976 unus
1288 1939 1379 1976 liber
1400 1942 1494 1978 Διο-

840 1993 1018 2047 σκάρων,
1057 1995 1178 2032 Attico
1205 1996 1349 2032 dicendi
1379 2009 1491 2034 more.

839 2053 916 2089 Sed
925 2052 1110 2100 vulgatum
1125 2056 1220 2088 recte
1232 2052 1493 2089 tueturSehae-

838 2110 903 2145 fer.
925 2109 972 2145 ad
994 2109 1107 2155 Greg.
1129 2108 1214 2144 Cor.
1242 2121 1278 2157 p.
1303 2110 1384 2148 300
1405 2109 1490 2145 add.

837 2164 996 2201 Lobeck.
1017 2164 1064 2200 ad
1077 2164 1264 2212 ΡΙπ)ῐιὶ(;Ι].
1284 2178 1319 2213 p.
1341 2164 1434 2204 235.

895 2216 1048 2259 τούτων
1089 2214 1162 2258 οὐκ
1203 2215 1344 2269 ἥκιστα
1392 2215 1489 2259 α’λλᾶ,

838 2272 1004 2326 μαλιστα
1025 2275 1184 2326 ε’μελλον
1196 2272 1358 2326 μνήμην
1374 2275 1410 2319 εἰ,
1396 2277 1488 2324 ειν]

836 2334 983 2371 Laudat
1012 2333 1129 2369 locum
1166 2332 1296 2369 Matth.
1328 2333 1393 2369 Gr.
1424 2333 1488 2370 Gr.

837 2389 873 2440 ξ.
897 2389 978 2430 498
1004 2403 1039 2439 p.
1060 2388 1164 2435 944,
1194 2389 1240 2425 ob
1265 2403 1368 2425 usum
1390 2390 1488 2426 verbi

838 2444 1010 2496 μέλλειν,
1041 2458 1114 2494 quo
1147 2445 1203 2481 hic
1226 2445 1264 2481 id
1293 2445 1488 2491 indicatur,

839 2502 940 2551 quod
968 2514 1011 2538 ex
1042 2501 1258 2551 procedenti
1294 2501 1488 2551 hypothasi

839 2557 1041 2595 necessario
1086 2561 1360 2594 consecuturum
1400 2562 1488 2595 erat.

839 2614 964 2658 Quare
985 2612 1142 2662 ἔμελλον
1173 2612 1273 2659 ἕξειν
1295 2614 1392 2650 idem
1411 2615 1488 2651 fere

839 2671 938 2719 quod
959 2668 1071 2719 ἔσχον
1086 2666 1149 2715 ἄν,
1167 2674 1338 2706 monente
1352 2670 1487 2707 Schae-

838 2728 915 2763 fero
943 2726 979 2761 in
1007 2725 1146 2762 Melett.
1176 2726 1303 2762 critice.
1335 2739 1369 2775 p.
1395 2728 1486 2773 131,

839 2795 947 2831 quem
967 2782 1085 2818 locum
1106 2782 1295 2832 adscripsit
1317 2782 1379 2819 Cr.
1417 2782 1486 2818 Est

839 2851 923 2875 vero
933 2838 1021 2875 haee
1037 2838 1102 2875 loci
1115 2839 1314 2876 sententia:
1348 2838 1393 2876 Sa·
1407 2840 1483 2888 qui-
