1909 3228
609 183 1030 225 EUTERPE.
1085 183 1129 221 11.

1407 183 1492 223 827

230 312 275 340 τε
305 295 440 353 ἀρχὴν
466 296 545 339 τόν
574 294 851 351 λαβύρινθον
880 297 1039 336 τοῦτον
1079 290 1492 346 οἰκοδομησαμένων

202 375 449 431 6βασιλέων
467 408 477 428 ,
527 375 599 418 καὶ
627 378 714 418 τῶν
744 375 851 427 ἷρών
880 372 1187 427 κροκοδείλων.

1251 370 1365 413 οὕτω
1403 373 1491 411 τῶν

230 457 308 510 μὲν
338 454 452 498 κάτω
493 454 589 508 πέρι
629 450 874 508 οἰκημάτων
913 449 1026 507 ἀκοῇ
1065 449 1392 505 παραλαβόντες
1423 447 1490 490 λέ-

230 550 385 589 γομεν·
417 534 467 576 τὰ
499 533 544 576 δὲ
575 531 689 581 ἄνω,
719 530 878 586 μέζονα
901 528 1196 584 ἀνθρωπηίων
1219 529 1377 584 ἔργων,
1410 524 1548 569 aij-35

203 614 304 655 7τοὶ
335 612 527 667 ὁρέομεν.

588 612 636 654 αἴ
671 625 714 653 τε
752 608 834 664 γὰρ
880 609 1020 659 ἔξοδοι
1062 607 1133 652 διὰ
1169 611 1257 650 τῶν
1295 606 1491 662 στεγέων,

231 692 302 734 καὶ
336 694 378 735 οἱ
408 691 573 747 ἑλιγμοὶ
604 688 674 734 διὰ
705 692 792 732 τῶν
818 685 986 730 αὐλέων
1008 687 1150 739 ἐόντες
1169 683 1489 737 ποικιλώτατοι,

174 920 289 970 gyptii
315 924 351 957 et
368 919 601 958 convenerint
627 922 663 957 et
690 919 826 958 delibe-

174 977 353 1023 raverint,
384 989 609 1013 communem
628 976 722 1012 illum
746 976 827 1025 qui—

174 1033 257 1070 dem
289 1033 454 1070 omnibus
484 1033 622 1079 nomis,
661 1034 723 1080 qui
753 1033 828 1069 sin-

176 1089 250 1137 guli
282 1102 367 1125 suos
406 1090 462 1127 hic
497 1088 699 1126 invenerint
737 1090 826 1126 deos

176 1146 383 1193 bestiasque
413 1159 553 1192 sacras3
601 1149 643 1181 ut
671 1144 829 1193 labyrin-

174 1201 256 1237 thus
283 1202 386 1250 quasi
412 1202 598 1251 pantheon
622 1202 729 1238 fuerit
755 1201 827 1238 Ae-

174 1257 353 1307 gyptium.
391 1258 573 1306 Equidem
591 1258 701 1294 nolim
721 1258 828 1306 quid-

175 1327 283 1362 quam
304 1315 509 1361 decernere,
532 1326 751 1362 quamquam
769 1326 827 1350 sa-

175 1370 243 1406 cris
261 1371 381 1419 potius
401 1371 507 1407 rebus
531 1371 641 1418 (quas
654 1384 732 1406 cum
748 1370 826 1419 ipsa

173 1427 399 1463 astronomia
426 1427 526 1475 apud
545 1426 750 1475 Aegyptios
768 1438 827 1461 ar-

173 1487 232 1519 cte
262 1483 470 1518 coniunctas
490 1482 601 1518 fuisse
628 1494 735 1518 nemo
762 1494 826 1518 ne-

175 1539 260 1586 scit)
281 1551 390 1587 quam
416 1537 567 1588 publicis
597 1542 635 1574 et
666 1537 825 1574 civilibus

173 1595 330 1643 negotiis
349 1595 570 1644 peragendis
591 1598 695 1630 tanta
725 1593 826 1641 laby-

173 1651 281 1688 rinthi
303 1650 416 1689 moles
437 1655 618 1688 exstructa
644 1650 756 1687 fuisse
775 1650 830 1687 vi-

174 1708 291 1744 detur.

230 1765 312 1801 τῶν
338 1777 379 1801 τε
408 1757 572 1813 οἷρχήν
591 1783 647 1790 -
677 1761 829 1801 οἰκοδο-

176 1817 431 1870 μησαμένων]
447 1814 572 1869 ἆρχην
585 1820 828 1868 interpretau-

175 1880 234 1912 tur
264 1878 426 1926 penitus,
473 1888 541 1912 von
572 1874 697 1912 Grmzd
734 1874 807 1924 auf
815 1889 827 1918 ,-

176 1932 270 1969 conf.
294 1932 333 1979 Ι,
353 1935 390 1973 9.
434 1932 511 1969 Sed
536 1933 654 1981 possis
681 1944 828 1980 quoque

176 1988 330 2025 reddere
352 1988 453 2035 olim,
482 1992 521 2024 ut
538 1988 567 2035 Ι,
586 1990 652 2034 86,
676 1988 737 2023 ubi
756 1988 827 2024 vid.

233 2043 301 2083 καὶ
322 2046 400 2083 τῶν
423 2043 519 2095 ἱρῶν
546 2042 828 2094 κροκοδείλων]

177 2099 285 2137 Conf.
313 2100 369 2147 ΙΙ,
389 2103 441 2142 69
472 2101 597 2149 ibique
622 2105 714 2137 nott.
771 2099 831 2137 Ad

176 2152 283 2211 οἷκοῇ
302 2157 397 2194 conf.
417 2156 468 2203 ΙΙ,
491 2158 583 2197 123.

234 2213 280 2252 αἴ
307 2228 346 2252 τε
376 2210 450 2265 γαρ
489 2211 617 2259 ἔξοδοι
651 2208 716 2251 διαὶ
747 2214 828 2250 τῶν

178 2268 356 2321 στεγέων,
379 2268 446 2308 καὶ
468 2269 508 2308 οἱ
525 2267 677 2321 ἑλιγμοὶ
690 2284 723 2307 κ.
736 2284 766 2306 τ.
779 2267 826 2318 λ.]

176 2326 309 2363 Scribit
322 2325 578 2375 Wyttenbach.
597 2326 733 2362 selectt.
744 2325 828 2362 hist.

176 2395 214 2433 p.
241 2383 344 2423 356:
388 2381 550 2430 „Partes
593 2376 717 2433 αὐλῆς
745 2386 831 2418 sunt

177 2434 374 2484 παστάδες
413 2442 450 2475 et
487 2436 658 2489 ἕλιγμοί.·
705 2442 828 2488 partes

179 2493 315 2546 στέγης
348 2498 429 2531 sunt
457 2491 654 2544 οἰκήματα
683 2499 720 2531 et
750 2492 828 2532 διέ-

177 2551 298 2597 ξοδοι.
357 2550 471 2587 Aulae
490 2555 591 2588 erant
621 2550 828 2596 duodecim,

178 2607 404 2656 totidemque
433 2609 527 2643 tecta
554 2606 720 2656 aedzficia
750 2604 829 2644 στέ-

179 2676 262 2714 γαιε
290 2675 334 2700 ex
358 2662 445 2699 aula
470 2675 536 2712 per
563 2658 746 2714 ἕλιγμοῦς
767 2675 829 2699 vo-

180 2720 314 2756 lumina
340 2720 478 2755 viarum
495 2746 506 2765 ,
549 2731 616 2768 per
641 2718 830 2768 anfractus

180 2780 217 2813 et
239 2787 367 2811 curvas
395 2776 474 2811 vias
503 2774 690 2824 [passages
718 2778 830 2810 tortu-

182 2844 249 2869 eua:
274 2832 379 2869 vertit
399 2830 570 2869 Larcher.
599 2830 708 2882 Apud
728 2832 830 2868 Stra-

896 919 1028 956 bonem
1054 920 1203 955 exstat:
1253 913 1405 955 σκολιαὶ
1435 913 1546 965 ὁδοί]

895 975 1135 1013 accedebatur
1158 973 1206 1011 ad
1224 968 1448 1018 παστάδας,
1470 973 1492 1008 i.
1514 986 1546 1010 e.

895 1035 992 1069 atria
1024 1030 1180 1082 στέγης,
1221 1029 1391 1079 deinceps
1422 1029 1457 1064 in
1489 1028 1547 1067 οἰ-

896 1084 1053 1139 κήματα
1092 1085 1275 1123 conclavia
1293 1114 1304 1133 ,
1351 1098 1417 1135 per
1454 1098 1549 1134 quae

896 1150 1000 1182 eraut
1028 1146 1108 1180 viae
1134 1146 1275 1188 rectae,
1311 1147 1408 1179 certe
1433 1144 1548 1178 exitus

893 1215 961 1238 mm
995 1201 1206 1238 voluminum
1240 1201 1383 1245 instar,
1425 1197 1547 1244 διέξο-

896 1258 998 1296 δοι.“
1056 1256 1114 1294 De
1135 1256 1230 1293 aulis
1250 1267 1360 1304 supra
1382 1255 1546 1291 diximus.

894 1314 1031 1351 Vocem
1048 1309 1197 1358 παστάς
1216 1311 1419 1348 Larcherus
1435 1311 1547 1347 inter-

895 1375 1076 1419 pretatur:
1117 1369 1334 1418 „l'espace,
1365 1380 1411 1403 ou
1432 1367 1549 1416 plutot

894 1426 946 1463 les
978 1426 1071 1462 deux
1105 1426 1191 1461 tiers
1219 1425 1267 1461 de
1294 1422 1451 1473 l'espace
1485 1423 1548 1471 qui

895 1486 951 1520 est
968 1486 1069 1519 entre
1090 1480 1142 1517 les
1170 1484 1272 1517 antes
1284 1481 1323 1527 ‚“
1354 1479 1473 1529 prouti
1498 1480 1549 1515 le-

894 1539 991 1586 gitur
1010 1537 1108 1586 apud
1129 1537 1265 1573 Vitruv.
1291 1536 1338 1573 de
1363 1535 1547 1572 architect.

897 1594 970 1641 Vl,
995 1596 1066 1639 10,
1105 1593 1151 1630 de
1176 1605 1249 1642 quo
1276 1591 1355 1628 loco
1382 1593 1548 1628 conferas

897 1650 1108 1687 Schneider.
1137 1649 1174 1685 in
1206 1650 1368 1699 epimetr.
1402 1648 1450 1684 ad
1473 1646 1550 1684 Xe-

897 1706 1006 1756 noph.
1028 1706 1249 1742 memorabb.
1271 1718 1307 1754 p.
1328 1704 1408 1745 285
1433 1716 1549 1752 seqq.,

898 1763 959 1810 qui
978 1762 1157 1811 porticum
1188 1765 1273 1797 ante
1305 1760 1415 1797 aedes
1443 1760 1550 1797 intel-

896 1818 1010 1866 ligere
1032 1818 1186 1854 videtur.
1244 1816 1354 1866 Apud
1379 1816 1550 1853 Herodo-

897 1881 972 1911 tum
999 1873 1054 1920 ll,
1080 1876 1158 1913 169
1179 1872 1240 1909 fin.
1266 1876 1373 1919 sunt,
1410 1873 1471 1921 qui
1501 1873 1550 1909 de

896 1930 1056 1967 conclavi
1078 1943 1104 1965 s.
1124 1929 1277 1965 thalamo
1296 1928 1484 1977 (chambre,
1508 1933 1549 1964 ut

896 1987 1057 2024 reddidit
1082 1985 1317 2033 Larcherus)
1358 1985 1547 2034 accipiant.

898 2043 1005 2079 Conf.
1036 2046 1219 2079 caeterum
1239 2042 1360 2078 Sturz.
1397 2042 1444 2078 de
1468 2040 1548 2077 dia-

897 2098 980 2136 lect.
1019 2097 1213 2136 Alexandr.
1239 2111 1325 2148 pag.
1355 2099 1434 2138 108
1469 2109 1547 2146 seq.

898 2155 1094 2192 Praeterea
1137 2153 1202 2191 Cr.
1249 2153 1403 2191 conferri
1454 2153 1547 2189 vult:

896 2211 1108 2260 „Biittigen
1126 2210 1344 2259 Archaolog.
1363 2211 1398 2246 d.
1419 2209 1547 2247 Maler.

896 2268 912 2304 l
933 2281 969 2317 p.
986 2271 1066 2308 102
1086 2272 1123 2305 et
1152 2267 1314 2304 eiusdem
1340 2265 1547 2314 archaolog.

895 2324 1064 2361 Museum
1092 2323 1108 2360 I
1129 2336 1213 2373 pag.
1242 2326 1322 2364 102
1345 2327 1456 2371 atque
1482 2322 1547 2359 Isis

896 2393 1038 2430 vesper.
1059 2393 1096 2430 p.
1121 2382 1211 2421 119.
1242 2379 1375 2428 Heyne
1392 2379 1428 2414 in
1449 2391 1548 2415 com-

896 2442 1022 2474 mentt.
1049 2437 1174 2473 societ.
1214 2435 1385 2483 Gotting.
1420 2439 1445 2470 t.
1478 2433 1548 2472 XV

894 2506 981 2543 pag.
999 2494 1119 2534 279.“
1157 2513 1212 2518 —
1255 2490 1446 2528 Letronne
1473 2490 1495 2527 l.
1523 2489 1546 2526 l.

896 2562 983 2600 pag.
1006 2550 1086 2589 138
1109 2546 1248 2599 στέγην
1268 2551 1379 2596 atque
1400 2546 1548 2596 οἴκημα

898 2608 998 2651 (une
1021 2605 1198 2651 chambre,
1236 2616 1307 2641 une
1325 2604 1422 2652 piece
1448 2603 1547 2639 haud

899 2662 1046 2698 differre
1067 2662 1131 2707 ait,
1151 2673 1218 2698 nec
1238 2656 1440 2705 παστάδας
1456 2659 1545 2696 alias

898 2730 980 2754 esse
999 2721 1110 2766 atque
1133 2712 1310 2768 κρυπτοῖς
1326 2716 1425 2766 apud
1445 2716 1546 2752 Stra-

898 2773 1040 2810 bonem.
1099 2773 1191 2810 Cum
1223 2785 1310 2810 vero
1345 2776 1381 2809 et
1416 2769 1546 2821 στέγαι

899 2833 939 2867 et
958 2824 1152 2876 παστᾶδες
1171 2833 1272 2868 extra
1290 2828 1390 2866 aulas
1400 2829 1545 2875 fuerint,
