1909 3228
498 259 915 298 EUTERPE.
973 260 1018 298 ΙΙ.

1297 263 1382 303 515

143 364 226 410 ἀπὸ
256 366 554 411 Καταδούπων
583 384 626 411 τε
663 369 734 411 καὶ
757 367 1058 424 Ἐλεφαντίνης
1085 367 1255 422 πόλιος,
1284 371 1435 426 δίχα75

85 555 125 578 re
155 546 258 579 vacat
277 571 288 588 ,
332 555 402 591 quo
433 543 549 591 magis
584 543 673 579 haec
707 555 730 578 a

83 609 169 635 vero
205 598 321 635 aliena
361 604 423 635 aut
455 604 551 636 certe
580 598 728 635 multum

83 660 303 702 exaggerata
336 668 414 691 csse
450 656 657 701 videantur,
697 654 727 690 si

85 723 147 745 eos
175 711 321 757 audias,
358 711 418 759 qui
446 716 569 746 nostra
608 715 727 747 aetate

83 764 148 801 has
181 767 348 814 regiones
381 767 577 802 visitarunt.
635 765 666 801 V
669 766 727 802 ide

81 819 296 857 Hartmann.
316 823 352 857 in
370 821 641 858 Erdbeschreib.
657 834 726 857 von

82 875 236 925 Aegypt.
256 889 338 926 pag.
359 879 411 917 75
436 891 511 926 seq.
550 877 648 913 luter
664 890 726 913 ve-

82 936 178 968 teres
199 933 386 981 scriptores
408 933 539 969 Strabo
565 935 725 970 minorem

81 991 312 1025 catarractem
355 990 549 1025 accuratius
594 990 726 1026 descri-

81 1044 153 1093 psit
174 1044 278 1080 XVll
296 1058 330 1093 p.
348 1047 466 1090 1172,
488 1046 518 1080 C
541 1047 723 1094 §.p-8173

81 1112 189 1148 quem
205 1101 365 1148 sequitur
384 1100 564 1137 :uanum-t.
583 1102 720 1148 Geogr.

82 1156 117 1192 d.
140 1156 204 1192 Gr.
228 1169 263 1191 u.
285 1156 391 1192 Rom.
412 1156 467 1202 X,
491 1160 511 1197 1
538 1170 620 1206 pag.
643 1159 723 1198 237

82 1211 159 1248 coll.
183 1214 275 1252 226.
314 1213 389 1248 Sed
418 1211 480 1249 Cr.
512 1215 557 1249 ad
590 1213 725 1249 onnar-

82 1268 167 1304 dum
188 1280 255 1303 nos
274 1269 460 1314 amandat,
492 1269 552 1316 qui
569 1269 725 1304 omnium

82 1323 327 1372 copiosissime
345 1328 380 1360 et
397 1325 657 1361 accuratissime
679 1325 726 1361 de

81 1379 149 1416 hoc
173 1383 365 1416 catarracte
394 1392 435 1416 ac
450 1380 592 1428 reliquis
623 1381 726 1426 (nam

82 1439 156 1471 octo
180 1434 288 1482 vulgo
331 1437 537 1484 ponuntur)
575 1437 649 1483 egit
689 1436 726 1471 in

79 1490 257 1539 Descript.
292 1491 338 1527 de
385 1490 539 1540 l'Egypt.
588 1491 725 1539 antiqq.

79 1545 207 1583 livrais.
230 1546 245 1582 I
265 1559 342 1596 cap.
364 1546 395 1582 11
418 1552 503 1583 sect.
525 1551 550 1587 2
575 1559 657 1596 pag.
674 1549 724 1587 13

81 1615 182 1651 seqq.
215 1603 261 1647 (s.
277 1603 315 1638 in
330 1603 478 1639 Re'cueil
496 1602 727 1639 d'observatt.

82 1671 142 1695 sur
171 1658 338 1708 l’Egypt.
376 1658 478 1708 chap.
514 1658 529 1695 I
577 1664 661 1696 sect.
701 1663 727 1700 2

79 1727 164 1764 pag.
181 1714 393 1759 24—54).
419 1715 478 1751 Tu
499 1715 582 1752 add.
596 1715 729 1751 Cham-

80 1770 226 1820 pollion.
256 1770 416 1820 l'Egypt.
446 1784 528 1807 sous
554 1771 605 1808 les
626 1771 726 1820 phar.

81 1826 98 1862 Ι
125 1840 158 1875 p.
182 1828 260 1865 120
288 1839 364 1874 seq.
395 1830 431 1862 et
461 1826 588 1862 Ritter.
613 1826 727 1862 Erdk.

80 1881 99 1918 I
123 1895 159 1931 p.
178 1881 270 1922 594.
293 1885 373 1923 687
394 1894 469 1929 seq.
526 1882 594 1918 Est
609 1886 729 1918 autem

82 1937 310 1987 scopulorum
333 1950 375 1974 ac
406 1950 570 1973 saxorum
605 1937 729 1984 series,

82 2006 175 2041 quae
201 1997 406 2030 transverso
437 1993 582 2030 flumine
611 1993 726 2042 porri—

82 2049 197 2097 gitur,
219 2062 315 2098 pone
339 2062 444 2098 quam
468 2062 561 2097 aqua
586 2053 727 2085 retenta

82 2109 119 2141 et
138 2104 284 2141 collecta
314 2105 385 2141 iam
411 2105 595 2154 praecipiti
623 2117 727 2140 cursu

81 2160 260 2198 delabitur
289 2173 330 2197 ac
355 2161 620 2208 navigationem
646 2172 729 2209 per-

82 2229 190 2265 quam
226 2217 405 2253 difficilem
439 2216 569 2253 reddit.
622 2216 729 2252 Nunc

82 2273 218 2309 Arabes
252 2278 381 2309 vocant
426 2272 568 2309 Chellal.
637 2272 729 2307 Sunt

82 2328 140 2364 alii
161 2341 304 2377 quoque
327 2333 544 2365 catarractae
575 2327 728 2364 maiores

82 2385 120 2420 in
140 2383 330 2433 Aethiopia
349 2385 427 2434 ipsa
444 2389 553 2432 atque
566 2396 587 2420 a
608 2384 729 2430 Syene

83 2438 232 2475 multum
254 2442 482 2485 remotiore53
527 2440 573 2476 de
599 2440 727 2487 quibus

82 2498 204 2530 tamen
249 2497 446 2531 accuratior
490 2495 593 2531 nobis
626 2496 729 2530 deest

84 2549 240 2596 cognitio
253 2579 264 2596 ‚
284 2563 501 2599 quamquam
517 2550 620 2586 valde
642 2563 727 2598 pro-

83 2605 203 2642 babile
225 2610 298 2651 est,
316 2610 475 2642 veterum
497 2606 632 2653 aliquot
646 2618 730 2641 nar-

84 2662 238 2698 rationes
265 2661 312 2697 de
337 2662 446 2698 nimia
482 2661 728 2708 magnitudine

84 2722 192 2765 atque
220 2717 339 2753 sonitu
372 2721 647 2754 catarractaruin
682 2717 729 2752 ad

84 2786 146 2809 eos
178 2774 380 2822 superiores
407 2773 609 2822 pertinere,
637 2771 728 2808 male

83 2828 296 2875 translatas,
322 2830 372 2864 uti
397 2830 457 2875 fit,
487 2829 534 2864 ad
555 2828 728 2863 minorem

84 2884 184 2921 illum
202 2885 410 2935 propiorem
430 2885 587 2933 indeque
612 2883 727 2932 magis

795 542 988 590 cognitum.
1047 542 1128 580 vid.
1143 543 1297 582 Iomard.
1322 557 1357 596 p.
1380 543 1435 587 47

797 611 900 647 seqq.
931 598 983 639 54
1006 599 1171 645 (Recueil
1187 601 1284 650 etc.).

852 654 1086 702 Elephantine
1101 685 1111 702 ,
1141 656 1254 693 insula
1279 657 1436 694 celeber-

794 709 883 745 rima
915 714 950 745 et
977 710 1082 756 urbs,
1120 711 1155 747 in
1179 712 1257 761 ipso
1279 712 1437 763 Aegypti

794 765 942 800 introitu
969 766 1036 801 sita
1064 766 1130 802 sub
1161 768 1245 816 ipsis
1276 771 1351 806 fere
1377 781 1437 805 ca-

792 821 954 857 tarractis
998 821 1066 867 (ut
1101 821 1222 860 Aelius
1261 823 1435 861 Aristides

794 877 956 924 scribit),
988 890 1054 913 nec
1089 878 1237 916 multum
1266 880 1349 916 inde
1376 893 1436 916 re-

793 936 891 968 mota
922 945 943 968 a
968 933 1098 980 Syene.
1168 935 1240 978 Qui
1266 936 1436 972 terminus

792 989 859 1025 fuit
883 989 985 1036 regni
1020 994 1178 1027 veterum
1209 991 1437 1028 Pharaonum

793 1057 835 1081 ac
870 1045 1039 1081 remansit
1074 1050 1201 1094 postea
1238 1060 1352 1096 usque
1389 1047 1438 1084 ad

790 1099 946 1137 Romani
967 1101 1106 1150 imperii
1123 1107 1306 1151 tempora,
1335 1103 1435 1139 cuius

792 1155 943 1192 claustra
982 1156 1204 1206 appellantur
1238 1171 1260 1195 a
1308 1157 1436 1195 Tacito

790 1211 933 1248 Aunall.
952 1212 1009 1259 Il,
1031 1215 1095 1253 61.
1134 1213 1202 1250 Est
1226 1213 1322 1250 locus
1351 1214 1439 1250 insi-

794 1269 873 1316 gnis
899 1268 965 1304 soli
990 1269 1170 1306 fertilitate
1199 1270 1438 1318 arborumque

793 1326 904 1370 flore,
935 1325 1144 1361 commercio
1174 1327 1343 1374 frequens
1363 1338 1438 1362 non

793 1380 910 1415 minus
922 1384 1030 1427 atque
1042 1381 1215 1427 religione
1234 1382 1436 1429 conspicua,

793 1447 902 1483 quum
917 1434 985 1470 illic
1002 1435 1124 1472 Nilum
1144 1441 1361 1473 crescentem
1372 1436 1438 1472 ob-

794 1493 977 1526 servarent
998 1502 1039 1526 ac
1056 1491 1312 1528 dimetircntur.
1332 1490 1438 1528 Nunc

792 1559 1004 1594 magnarum
1032 1548 1173 1584 aedium
1208 1552 1319 1596 atque
1343 1552 1437 1583 tem-

793 1602 932 1652 plorum
959 1602 1095 1651 aliquot
1123 1607 1334 1653 supersunt,
1364 1603 1438 1639 sin-

795 1658 909 1707 gulari
931 1659 1014 1694 cur&
1035 1660 1234 1709 descriptae
1263 1672 1285 1696 a
1299 1659 1437 1696 lomar-

795 1716 842 1751 do
855 1743 865 1761 ‚
897 1727 1002 1763 quem
1019 1716 1163 1752 omnino
1191 1717 1237 1754 de
1254 1716 1320 1753 hac
1338 1716 1439 1752 insu-

795 1771 829 1806 la
850 1770 1012 1806 consulas
1033 1770 1135 1806 velim
1154 1772 1191 1807 in
1200 1772 1350 1808 Recueil
1369 1775 1435 1808 etc.

794 1838 880 1875 pag.
902 1826 954 1865 55
977 1838 1078 1874 seqq.
1105 1826 1199 1862 Add.
1216 1827 1395 1863 Mannert.
1413 1825 1436 1862 l.

795 1882 817 1918 l.
840 1895 875 1930 p.
898 1882 978 1921 323
1008 1886 1043 1917 et
1062 1882 1189 1918 Ritter.
1204 1881 1226 1918 1.
1249 1882 1270 1917 1.
1299 1895 1333 1931 Ρ.
1356 1884 1437 1922 689

797 1950 898 1985 seqq.
929 1936 1074 1973 Nomen
1092 1937 1227 1974 insulae
1246 1950 1339 1973 nunc
1359 1949 1438 1974 esse

793 1993 941 2042 Gezgsret
968 1992 1148 2039 Assomzn,
1184 1993 1283 2041 quod
1302 1992 1439 2040 signifi-

793 2052 850 2085 cat
873 2047 1022 2084 insulam
1046 2048 1196 2097 Syenes,
1234 2048 1354 2085 scribit
1380 2049 1439 2084 Io-

793 2105 937 2140 mardus
957 2103 978 2139 l.
1002 2104 1024 2141 l.
1051 2117 1135 2153 pag.
1161 2106 1234 2149 583
1264 2105 1363 2152 quod
1379 2103 1438 2140 alii

795 2173 833 2196 se
846 2160 1023 2196 audivisse
1041 2160 1204 2196 dictitant
1220 2172 1351 2196 nomen
1367 2159 1437 2195 Ec-

797 2215 878 2262 Sag
893 2244 903 2261 ‚
934 2228 971 2252 se
990 2228 1170 2263 nunquam
1191 2216 1368 2252 audivisse
1384 2216 1439 2251 af-

794 2272 924 2307 firmat.
983 2270 1050 2307 Est
1081 2275 1203 2308 tamen
1235 2270 1436 2320 Champoll.

795 2327 972 2376 (l'Egypt.
993 2339 1076 2362 sous
1089 2326 1110 2362 l.
1124 2327 1224 2376 phar.
1245 2326 1258 2362 l
1277 2340 1311 2375 p.
1328 2327 1439 2374 160),

796 2383 857 2430 qui
882 2384 948 2418 hoc
975 2395 1107 2419 110111611
1130 2382 1304 2431 recipiens
1334 2382 1441 2418 vertit

796 2438 848 2475 Ile
867 2440 996 2488 flem'z'e
1026 2439 1048 2474 i.
1083 2452 1113 2475 e.
1143 2438 1261 2474 insula
1283 2438 1438 2487 florens,-

796 2507 1011 2543 quamquam
1048 2494 1137 2530 hanc
1166 2493 1439 2543 appellationem

796 2551 832 2586 in
854 2551 1004 2586 insulam
1023 2563 1061 2586 re
1088 2562 1172 2586 vera
1199 2550 1328 2586 cadere
1352 2562 1439 2598 pos-

798 2619 848 2652 se,
861 2607 939 2655 ipsa
960 2618 1002 2642 ea
1022 2610 1219 2651 testantur,
1245 2616 1338 2652 quae
1357 2604 1437 2654 plu-

796 2662 892 2697 ribus
926 2663 971 2697 ‹le
1001 2662 1075 2696 eius
1106 2661 1174 2696 situ
1193 2665 1302 2708 atque
1316 2659 1440 2696 fertili-

796 2721 869 2753 tate
889 2717 1050 2765 exposuit
1062 2716 1245 2752 lomardus
1268 2715 1289 2751 1.
1300 2715 1321 2751 l.
1337 2729 1372 2765 p.
1384 2715 1437 2756 55

797 2785 896 2820 seqq.
926 2773 1019 2807 Add.
1040 2772 1107 2807 los.
1128 2772 1174 2808 de
1204 2771 1378 2808 Hammer
1400 2771 1438 2808 in

795 2827 934 2863 Annall.
971 2828 1184 2864 1116111161155.
1233 2827 1303 2863 vol.
1333 2826 1437 2864 XLV

795 2896 878 2933 pag.
904 2883 967 2923 47.

1076 2939 1131 2977 33
1152 2937 1169 2960 *
