1909 3228
449 210 533 249 7⁰8

842 205 1311 244 HERODOTI

450 314 688 372 ὑπόγαιον,
723 318 907 357 καινοῦν
936 317 996 371 τῷ
1025 313 1161 372 λόγῳ,
1190 313 1280 372 νόῳ
1313 316 1357 358 δὲ
1387 314 1492 358 ἄλλα
1513 319 1703 372 μηχανᾶ-
1719 323 1763 356 76

424 401 571 439 ὅσθαι.

630 392 875 436 καλέσασαν
918 393 962 436 δέ
1001 410 1076 449 μιν
1117 395 1366 449 Αἰγυπτίων
1395 393 1496 444 τοὺς
1526 394 1708 448 μάλιστα

452 473 694 529 μεταιτίους
723 475 804 515 τοῦ
828 470 973 528 φόνου
1001 471 1122 528 ᾔδεε,
1173 471 1365 523 πολλοῦς
1395 471 1559 515 ἑστιᾶν·
1615 475 1709 516 δαι-

452 551 674 606 νυμένοισι
701 551 746 594 δὲ
775 551 940 594 ἐπεῖναι
969 550 1048 593 τόν
1076 551 1274 606 ποταμόν
1307 549 1358 594 δι’
1390 550 1584 602 αὐλῶνος
1604 567 1709 605 κρυ-

425 640 445 672 7
457 634 569 674 πτοῦ
600 629 802 684 μεγάλου.
861 627 1019 686 ταύτης
1059 629 1137 685 μὲν
1176 630 1274 684 πέρι
1313 634 1504 674 τοσαῦτα
1543 629 1709 684 ἔλεγον·

453 709 565 765 πλὴν
596 709 660 752 ὅτι
693 707 830 764 αὐτήν
859 725 955 764 μιν,
996 706 1054 759 ὥς
1082 712 1213 752 τοῦτο
1245 707 1490 765 ἐξέργαστο,
1523 709 1647 764 ῥῖψαι
1669 707 1712 759 ἐς
1725 715 1769 749 80

455 791 613 846 οἴκημα
650 790 819 832 σποδοῦ
867 787 1017 840 πλέον,
1076 787 1187 841 ὅκως
1222 787 1493 846 ἀτιμώρητος
1529 786 1714 844 γένηται.

403 1000 527 1033 tiosum
576 997 737 1034 conclave
784 997 1053 1043 subterraneum,

401 1054 501 1090 verbo
539 1054 675 1103 quidem
713 1056 933 1103 auspicatam
947 1083 956 1101 ‚
996 1052 1054 1089 sed

402 1124 437 1147 re
456 1123 537 1147 vera
555 1110 632 1148 alia
644 1110 761 1161 fuisse
773 1111 973 1148 meditatam
985 1110 1052 1157 (sc.

402 1168 596 1216 reginam).
654 1167 706 1204 Et
731 1172 877 1217 praeter
901 1165 1053 1203 Schnei-

404 1225 529 1261 derum
548 1224 585 1260 in
614 1224 681 1260 lex.
704 1223 857 1271 Graec.‚
885 1223 947 1272 qui
975 1222 1054 1258 voci

404 1282 571 1318 καινοῦν
601 1281 686 1316 inde
716 1280 809 1317 hanc
845 1277 1056 1329 auspicandi

404 1336 528 1373 tribuit
544 1336 856 1386 significationem,
869 1336 1056 1383 Schweig-

404 1394 580 1430 haeusero
612 1405 758 1441 quoque
788 1392 895 1430 valde
935 1391 1056 1429 arrisit

405 1449 493 1486 haec
511 1448 774 1499 interpretatio.
831 1448 883 1485 Ac
895 1451 1057 1499 praestat

406 1509 501 1542 certe
541 1505 591 1542 sic
629 1505 858 1554 interpretari
885 1534 895 1551 ‚
945 1515 1056 1552 quam

407 1575 485 1597 Cum
506 1561 652 1611 Toupjo
682 1560 879 1606 (emendd.
898 1561 934 1596 in
951 1560 1054 1596 Suid.

409 1617 455 1653 111
484 1631 520 1667 p.
545 1617 654 1661 193)
687 1616 808 1664 legere
838 1617 1055 1663 ξεινῶνα

409 1678 502 1723 (pro
530 1672 725 1720 καινοῦν)
759 1669 830 1722 μὲν
860 1675 912 1724 τῷ
936 1668 1053 1725 λόγῳ,

409 1731 444 1765 id
470 1730 570 1777 quod
596 1729 777 1765 Larchero
804 1729 958 1779 placuit,
995 1732 1058 1764 aut

410 1799 489 1822 cum
502 1785 640 1821 Corae:
662 1780 860 1835 ’ὑπόγαιον
882 1782 952 1832 μὲν
974 1781 1057 1822 ἐὸν

408 1844 464 1894 τῷ
482 1835 705 1892 λόγῳ,(]ιιο(1
724 1853 770 1877 ne
788 1840 961 1878 Larcheri
981 1840 1061 1889 qui-

409 1899 492 1934 dem
515 1897 593 1934 tulit
613 1896 839 1946 adplausum.
897 1897 974 1934 Sed
1004 1895 1059 1934 οἷ’-

410 1969 537 2003 κημα,
570 1953 598 1990 si
624 1953 948 1990 Valckenarianam
975 1966 1061 2003 pro-

410 2012 474 2047 bes
490 2011 665 2047 rationem
679 2038 689 2056 ‚
720 2011 789 2047 erit
810 2023 884 2046 non
901 2014 975 2046 tam
997 2022 1058 2046 ca-

411 2079 504 2103 mera
522 2095 534 2113 ‚
564 2066 751 2112 conclave,
801 2078 910 2115 quam
945 2066 1059 2112 aedes,

411 2122 594 2170 aedicula3
641 2123 780 2172 quippe
814 2121 953 2159 facilior
983 2126 1059 2159 tum

412 2179 557 2228 reginae
575 2180 683 2216 fraus.
741 2179 825 2216 Hoc
846 2179 923 2215 fere
951 2192 1059 2216 sensu

413 2235 558 2285 οἴκημα
583 2234 629 2273 ἓν
660 2237 874 2286 κατιρῶσαι
910 2235 946 2281 1,
979 2234 1058 2276 164

412 2292 490 2328 coll.
517 2291 622 2338 VIII,
655 2291 746 2332 144.
773 2313 829 2319 ———
854 2294 1061 2330 ποιεῖσθαι

412 2348 468 2384 hic
479 2352 532 2385 est
545 2348 759 2398 faciundum
773 2361 894 2384 curare
910 2348 1061 2398 aliquid,

412 2404 481 2440 vid.
502 2404 540 2451 I,
567 2406 618 2444 31
646 2404 733 2453 Iblq.
760 2408 852 2441 nott.
880 2404 935 2449 II,
969 2404 1060 2445 135.

414 2459 538 2496 Gallus
565 2460 654 2497 alter
686 2461 862 2510 interpres
889 2460 994 2496 Miot.
1024 2461 1061 2496 in

412 2516 549 2564 vulgari
570 2516 869 2566 interpretatione
893 2517 1062 2566 perstitit,

415 2584 457 2608 ex
480 2585 553 2621 qua
572 2573 667 2609 bene
684 2573 733 2610 sic
750 2573 866 2610 locum
885 2573 1062 2610 reddidit:

415 2627 514 2674 „elle
533 2629 575 2665 fit
596 2629 690 2665 batir
714 2642 784 2666 une
808 2633 910 2666 vaste
928 2628 1063 2677 galerie

417 2685 656 2731 souterraine‚
677 2686 881 2734 pretextant
907 2684 1063 2734 quelque

415 2751 578 2775 nouveau
593 2741 710 2788 projet
728 2742 775 2778 de
787 2746 945 2787 travanx,
960 2741 1064 2789 quoi-

417 2794 543 2841 qu'elle
560 2796 621 2831 eut
642 2797 758 2834 arrete
776 2796 1062 2834 al’avancel’ob—

413 2850 465 2898 jet
482 2862 527 2886 au
547 2850 630 2899 quel
649 2851 716 2890 elle
735 2853 770 2890 la
782 2853 1060 2891 destinait.“—

1121 995 1179 1033 Ad
1201 998 1331 1034 verba:
1358 993 1577 1035 καλέσασαν
1601 991 1652 1033 δὲ
1676 1009 1710 1032 κ.
1738 1009 1769 1032 τ.

1122 1056 1173 1097 λ.,
1204 1054 1334 1102 quibus
1365 1052 1616 1090 antecedentia
1644 1048 1772 1096 (ἄλλα

1123 1110 1400 1161 μηχανᾶσθαι)
1419 1108 1688 1158 quodammodo
1711 1120 1773 1143 ex-

1121 1166 1319 1217 plicantur,
1349 1167 1442 1202 cons.
1464 1165 1595 1202 Matth.
1620 1164 1685 1199 Gr.
1705 1162 1770 1200 Gr.

1122 1236 1207 1273 pag.
1233 1222 1341 1262 1244
1365 1234 1455 1269 seq„
1484 1222 1544 1257 ubi
1565 1221 1660 1257 hicce
1688 1233 1773 1255 usus

1122 1278 1318 1330 particulae
1342 1277 1381 1316 δὲ
1400 1278 1605 1314 illustratur.-

1179 1333 1355 1384 ἐπεῖναι]
1390 1348 1437 1371 se.
1456 1331 1529 1382 τήν
1554 1332 1774 1382 Νίτωκρινς

1124 1420 1148 1439 ‚,
1161 1394 1317 1438 reginam
1336 1396 1348 1435 (
1366 1391 1585 1428 enarrabant
1606 1389 1775 1425 sacerdo-

1123 1449 1198 1495 tes)
1232 1450 1321 1484 iuter
1356 1446 1565 1483 coenandum
1594 1445 1775 1482 itnnn'sz‘sse

1117 1505 1316 1554 flzwz'um.“
1345 1525 1401 1531 —

1181 1555 1249 1597 δι’
1292 1556 1553 1608 αὐλῶνος]
1593 1558 1613 1594 i.
1643 1570 1673 1594 e.
1715 1569 1775 1606 per

1124 1616 1302 1659 canzdenm
1333 1617 1425 1653 conf.
1454 1616 1508 1662 11,
1532 1618 1623 1656 127.

1183 1672 1302 1721 ῥῖψαι
1343 1672 1381 1718 ἐς
1427 1671 1575 1721 οἴκημα
1624 1670 1777 1708 σποδοῦ

1125 1727 1269 1777 πλέον]
1329 1729 1440 1765 Haud
1474 1727 1645 1763 dissimile
1679 1726 1777 1776 apud

1128 1786 1259 1821 Persas
1287 1788 1428 1821 veteres
1464 1783 1613 1820 occurrit
1641 1782 1778 1832 suppli-

1129 1842 1241 1886 cium,
1272 1854 1343 1889 quo
1370 1840 1495 1877 mortis
1522 1841 1715 1876 damnatos
1740 1838 1778 1873 in

1128 1897 1245 1933 locum
1271 1898 1389 1934 cinere
1417 1896 1632 1946 completum
1655 1896 1780 1932 detru-

1128 1953 1275 1990 debant.
1336 1954 1415 1990 vid.
1438 1953 1584 1989 Ctesiae
1612 1953 1778 2000 fragmm.

1127 2009 1247 2046 Pei-ss.
1277 2007 1313 2060 ἓ.
1333 2010 1407 2055 48,
1438 2010 1499 2045 ubi
1519 2009 1622 2058 plura
1642 2007 1779 2044 adscri-

1127 2066 1182 2116 psi
1223 2079 1305 2115 pag.
1343 2068 1432 2106 193.
1471 2064 1561 2106 194.
1631 2062 1713 2101 Nec
1741 2063 1778 2099 in

1126 2122 1309 2159 Herodoti
1326 2126 1426 2159 textu
1447 2134 1489 2158 ex
1500 2120 1678 2166 Anonymi
1694 2132 1777 2155 nar-

1127 2178 1288 2224 ratione,
1326 2191 1419 2226 quae
1446 2178 1544 2214 edita
1567 2188 1661 2212 nunc
1687 2176 1778 2224 Iegi-

1127 2239 1186 2271 tm·
1209 2235 1244 2270 in
1264 2234 1469 2270 Bibliothek
1488 2234 1523 2269 d.
1545 2232 1606 2269 alt.
1627 2230 1777 2269 Literat.

1129 2291 1294 2338 Gotting.
1317 2292 1422 2331 1789
1443 2303 1478 2339 p.
1497 2291 1546 2330 13
1564 2301 1653 2336 seq„
1672 2289 1779 2336 quid-

1127 2359 1235 2395 quam
1252 2347 1472 2383 mutandum.
1504 2346 1614 2389 Quod
1631 2358 1716 2381 vero
1732 2345 1779 2381 ad

1128 2403 1255 2439 IN‘ostri
1274 2403 1300 2438 11
1314 2431 1324 2449 ,
1347 2403 1426 2443 140
1445 2402 1548 2451 ponit
1564 2401 1779 2448 Schweigh„

1128 2459 1242 2496 rideri
1273 2459 1330 2495 hic
1366 2459 1473 2495 talem
1504 2457 1779 2505 intelligendam

1130 2529 1211 2552 esse
1231 2528 1427 2561 cameram,
1462 2515 1497 2551 in
1517 2526 1589 2563 qua
1607 2512 1779 2562 Aegyptii

1130 2572 1269 2608 cineres
1304 2572 1350 2608 ob
1392 2572 1570 2621 aptiorem
1609 2581 1779 2617 agrorum

1131 2627 1303 2664 culturam
1323 2627 1515 2676 diligenter
1539 2625 1707 2674 colligere
1741 2629 1779 2661 et

1131 2685 1324 2721 adservare
1358 2684 1450 2720 soliti
1484 2684 1579 2727 sint,
1609 2682 1677 2718 hoc
1706 2694 1778 2729 quo

1130 2740 1207 2777 iure
1231 2740 1339 2776 statui
1360 2740 1496 2790 possit,
1518 2738 1685 2787 equidem
1705 2750 1779 2774 uon

1128 2802 1307 2846 exputem.

1184 2848 1291 2899 ὅπως
1319 2846 1566 2903 ἀτιμώρητος
1595 2846 1776 2901 γένηται]
