1909 3228
342 350 409 395 99

138 413 250 448 Quibus
272 414 416 442 institutis

138 456 260 483 regnum
280 448 416 477 firmarit.

466 235 550 274 254

877 235 1337 276 HERoDoTl

583 345 727 388 Ταῦτα
756 344 834 400 μὲν
867 344 919 398 δή
951 342 974 387 ὁ
997 342 1189 401 Δηῖόκης
1217 345 1364 402 ἑωυτῷ
1383 363 1427 390 τε
1448 347 1613 405 ἐτείχεε,
1642 351 1715 393 καὶ

472 423 568 478 περὶ
597 423 649 466 τά
679 423 844 466 ἑωυτοῦ
873 424 1009 466 οἰκία·
1056 422 1134 465 τόν
1164 424 1209 466 δὲ
1250 424 1381 467 ἄλλον
1419 428 1558 481 δῆμον
1597 430 1716 483 πέριξ

438 502 634 546 Ωέκέλευε
671 500 719 544 τὸ
750 506 884 556 τεῖχος
915 501 1082 544 οἰκέειν.
1132 502 1510 559 οἰκοδομηθέντων
1540 508 1585 550 δὲ
1613 507 1715 550 πάν-

468 598 577 633 των,
623 578 791 634 κόσμον
833 580 958 624 τόνδε
997 581 1188 638 Δηϊόκης
1222 582 1394 635 πρῶτός
1424 583 1506 626 ἐστι
1539 585 1562 627 ὁ
1593 593 1773 628 κατα-7ο

469 656 754 715 στησάμενος·
784 658 887 715 μήτε
918 658 1078 704 ἐσιέναι
1103 659 1222 716 παρὰ
1252 662 1428 717 βασιλέα
1450 663 1634 718 μηδένα,
1664 663 1715 706 δι’

468 737 661 794 ἀγγέλων
690 737 737 781 δὲ
774 738 916 783 πάντα
945 741 1170 796 χρέεσθαι,
1229 739 1424 795 ὁρᾶσθαί
1456 757 1500 784 τε
1540 741 1718 798 βασιλέα

467 816 555 862 ὑπὸ
587 815 793 874 μηδενός·
851 819 962 874 πρός
991 835 1035 863 τε
1062 818 1256 863 τούτοισι
1286 820 1366 872 ἔτι,
1406 823 1534 876 γελᾶν
1569 837 1612 864 τε
1644 820 1719 864 καὶ

466 895 617 940 πτύειν
653 895 803 940 ἀντίον
838 897 912 941 καὶ
951 897 1085 942 ἅπασι
1119 897 1232 943 εἶναι
1267 898 1396 943 τοῦτό
1443 914 1491 955 γε
1529 898 1715 955 αἰσχρόν.

411 1087 614 1121 structurae
647 1094 763 1132 genus
802 1080 983 1133 hodieque
1022 1083 1058 1119 in

409 1140 531 1178 multis
553 1140 650 1190 apud
680 1140 853 1177 Sinenses
887 1144 922 1177 et
948 1139 1059 1176 lndos

410 1196 556 1246 oppidis
568 1196 716 1246 reperiri
734 1199 857 1233 monet
875 1196 1010 1244 Caylus
1022 1197 1061 1232 in

410 1252 506 1289 Hist.
548 1253 595 1290 de
623 1251 760 1290 l'Acad.
783 1252 849 1290 des
877 1252 1059 1304 Inscriptt.

410 1308 535 1345 XXXI
555 1322 591 1360 p.
607 1308 701 1350 42⁴⁴
732 1308 799 1346 Cr.

600 1391 632 1429 C
643 1405 665 1430 a
675 1405 711 1443 p.
741 1391 877 1431 XCIX.

466 1495 521 1504 ——-
544 1471 697 1527 πρῶτός
720 1473 800 1515 ἔστι
830 1473 850 1515 ὁ
871 1486 1062 1526 καταστη-

411 1529 602 1584 σάμενος·
634 1529 730 1583 μήτε
755 1531 902 1571 ἐσιέναι
919 1547 954 1571 κ.
967 1547 998 1570 τ.
1012 1529 1061 1581 λ.]

412 1590 524 1633 Quod
545 1590 634 1625 dixit
654 1585 801 1639 κόσμον
815 1617 827 1636 ,
857 1589 878 1625 i.
899 1602 929 1626 e.
951 1589 1062 1625 ratio-

411 1658 493 1682 nem
514 1650 622 1694 atque
642 1646 805 1683 ordinem
827 1645 966 1695 imperii
996 1645 1060 1681 ad-

410 1702 639 1739 ministrandi
666 1714 864 1750 regemque
888 1700 1060 1747 adeundi,

410 1757 449 1794 id
484 1770 561 1806 seq.
591 1770 668 1807 cap.
698 1758 786 1794 dixit
821 1758 1059 1806 διακοσμεῖν.

411 1834 468 1840 -—
501 1813 560 1850 De
588 1813 767 1851 locutione
806 1809 854 1851 δι’
887 1808 1060 1864 ἀγγέλων

411 1871 504 1907 conf.
534 1869 569 1916 I,
593 1872 660 1910 69.
717 1869 838 1907 Verbo
874 1867 1062 1920 χρέεσθαι

411 1938 458 1963 ne
478 1926 558 1974 quis
581 1926 728 1963 miretur
749 1926 987 1963 accusativum
1010 1925 1061 1962 rei

410 1983 627 2019 adiunctum.
686 1982 783 2019 Nam
799 1980 984 2033 χρέεσθαι
1004 1981 1061 2018 hic

409 2038 609 2086 significat:
641 2039 833 2086 consulere,
856 2042 970 2089 petere
993 2038 1062 2075 sibi

409 2106 626 2144 responsum,
669 2108 818 2144 rogare,
847 2095 1059 2146 plerumque

409 2151 446 2187 in
482 2151 589 2188 rebus
625 2152 758 2199 sacris,
788 2152 940 2189 oraculis
978 2155 1059 2198 etc.‚

408 2211 448 2244 ut
467 2207 529 2255 lv,
554 2207 644 2249 155.
675 2208 746 2256 111,
767 2208 831 2250 57.
862 2208 900 2254 Ι,
924 2209 975 2249 85
997 2206 1059 2244 ali·

407 2264 513 2312 isque
533 2264 569 2301 in
592 2264 701 2312 locis,
739 2278 831 2313 quos
855 2263 1057 2312 Schweigh.

408 2319 447 2356 in
465 2319 600 2357 Lexico
625 2320 838 2359 Herodoteo
872 2321 1001 2358 excitat
1026 2332 1056 2356 s,

407 2388 441 2412 v.
473 2375 550 2413 Iam
572 2376 659 2425 quid
691 2377 862 2427 impedit,
891 2389 964 2426 quo
989 2375 1057 2412 mi-

406 2444 474 2468 nus
496 2434 596 2481 quod
626 2433 673 2470 de
694 2434 762 2470 diis
781 2434 889 2482 vulgo
916 2432 1055 2478 dicitur,

406 2500 498 2537 quos
526 2488 734 2527 sciscitaturi
771 2494 808 2528 et
841 2499 1055 2539 responsum

406 2546 553 2593 petituri
575 2546 742 2595 precibus
765 2547 865 2583 adire
885 2544 1055 2591 solemus,

408 2599 476 2636 hoc
495 2600 573 2638 loco
604 2602 732 2640 eodem
751 2602 828 2640 iure
851 2602 990 2639 dicatur
1009 2601 1056 2637 de

408 2654 473 2701 iis,
512 2658 573 2705 qui
602 2671 727 2706 regem
756 2670 953 2703 summum,
995 2656 1056 2705 qui

411 2711 491 2760 ipse
515 2713 621 2750 deum
656 2715 760 2763 quasi
787 2718 848 2751 aut
874 2717 970 2751 certe
999 2712 1058 2750 dei

411 2767 564 2804 similem
587 2782 626 2805 se
642 2770 940 2816 haberivoluerit,
970 2769 1059 2806 ade-

411 2826 475 2859 ant
491 2825 633 2872 petituri
656 2838 698 2862 ac
716 2825 907 2874 rogaturi?
934 2826 1058 2869 Quare

410 2891 557 2916 sensum
587 2881 733 2929 quidem
757 2882 878 2918 reddit
900 2882 967 2919 sed
991 2881 1058 2918 ini-

1127 1095 1195 1120 nus
1224 1087 1388 1122 accurate
1414 1083 1571 1134 wilgaris
1598 1083 1776 1134 interpre-

1128 1140 1237 1177 tatio:
1266 1144 1305 1177 ut
1326 1154 1389 1189 per
1409 1143 1641 1178 internuncios
1662 1142 1777 1178 omm‘a

1130 1198 1445 1246 transigerentur.“
1502 1198 1559 1234 Ad
1584 1210 1774 1247 argumen-

1129 1257 1204 1289 tum
1231 1254 1348 1304 ipsum
1375 1254 1473 1303 quod
1503 1254 1650 1301 attinet,
1680 1254 1776 1291 idem

1130 1308 1218 1345 illud
1256 1310 1401 1347 Deiocis
1441 1311 1664 1357 institutum,
1704 1322 1777 1358 quo

1129 1377 1235 1413 reges
1256 1367 1390 1403 nemini
1419 1380 1459 1404 se
1491 1368 1591 1416 ipsos
1619 1365 1778 1403 adeundi

1130 1421 1335 1459 facultatem
1354 1423 1584 1472 permittant,
1614 1422 1679 1459 sed
1709 1434 1776 1471 per

1129 1477 1372 1515 internuncios
1402 1479 1523 1515 onmia
1558 1479 1776 1527 transigant,

1130 1533 1216 1582 quin
1241 1535 1334 1571 adeo
1355 1535 1497 1585 populis
1518 1534 1697 1571 rarissime
1720 1535 1774 1570 sui

1129 1590 1243 1639 ipsius
1255 1590 1463 1640 adspectum
1472 1590 1682 1640 praebeant,
1702 1603 1775 1626 nou

1128 1645 1245 1682 solum
1266 1647 1313 1682 ad
1333 1647 1464 1683 Persas
1481 1647 1669 1684 transiisse
1691 1647 1774 1682 stri-

1128 1706 1256 1751 cteque
1285 1703 1513 1741 observatum
1542 1715 1625 1739 esse
1658 1702 1777 1739 inultis

1130 1769 1150 1794 e
1178 1759 1415 1806 testimoniis,
1471 1771 1563 1807 quae
1600 1757 1778 1795 Brissonii

1128 1813 1272 1863 collegit
1288 1815 1464 1851 industria
1483 1816 1549 1862 (de
1568 1827 1646 1862 reg.
1656 1814 1777 1852 Perss.

1127 1870 1278 1920 princip.
1301 1872 1336 1917 Ι,
1357 1874 1409 1913 27
1432 1884 1508 1920 seq.
1543 1884 1578 1920 p.
1603 1871 1657 1911 34
1674 1883 1776 1920 seqq.

1129 1925 1209 1962 coll.
1227 1926 1261 1974 Ι,
1293 1930 1374 1968 292
1401 1940 1486 1977 pag.
1515 1929 1637 1975 287),
1678 1940 1777 1964 com-

1128 1987 1269 2032 pertum
1289 1983 1484 2029 habemus,
1514 1996 1639 2021 verum
1667 1984 1775 2021 etiam

1128 2039 1256 2075 ceteris
1287 2040 1532 2077 Orientalibus
1555 2040 1775 2090 principibus

1128 2107 1314 2132 commune
1354 2098 1430 2133 sere
1466 2096 1579 2132 suisse
1615 2096 1775 2131 indicant

1128 2163 1193 2196 ea,
1224 2163 1317 2200 quae
1337 2151 1465 2188 similia
1486 2151 1532 2187 de
1542 2150 1774 2198 Assyriorum

1126 2206 1273 2254 regibus
1305 2208 1530 2256 accepimus,
1567 2209 1618 2243 uti
1651 2208 1774 2243 monui

1126 2263 1173 2299 ad
1201 2262 1347 2300 Ctesiae
1375 2264 1539 2311 sragmm.
1577 2275 1663 2313 pag.
1695 2266 1775 2305 126

1125 2330 1202 2367 seq.

1180 2369 1277 2425 μήτε
1301 2371 1446 2413 ἐσιέναι
1475 2370 1581 2426 παρὰ
1613 2374 1773 2426 βασιλέα

1122 2446 1157 2470 κ.
1180 2445 1210 2469 τ.
1235 2432 1283 2476 λ.]
1316 2430 1457 2468 Eodem
1485 2433 1593 2469 inodo
1619 2432 1675 2469 hie
1705 2433 1773 2470 sibi

1124 2491 1359 2538 opponuntur
1385 2482 1508 2537 μήτε
1544 2493 1580 2526 et
1605 2485 1669 2535 δὲ,
1700 2502 1773 2538 quo

1123 2543 1273 2591 infraI‚
1302 2544 1381 2584 108
1413 2541 1528 2584 οὔτε
1549 2565 1603 2574 -
1633 2543 1687 2584 δέ
1713 2545 1775 2583 ubi

1124 2600 1197 2637 vid.

1180 2654 1323 2703 --ἔτι,
1344 2658 1462 2708 γελᾶν
1481 2670 1523 2696 τε
1550 2655 1617 2695 καὶ
1636 2652 1773 2696 πτύειν

1126 2707 1282 2759 τῖντίον,
1312 2711 1380 2751 καὶ
1409 2709 1532 2752 ἅπασι
1563 2710 1664 2752 εἶναι
1684 2716 1772 2753 τοῦ-

1125 2765 1171 2808 το’
1199 2784 1240 2820 γε
1269 2766 1454 2820 αἰσχρόν]
1492 2769 1578 2808 καὶ
1608 2766 1772 2808 ἅπασι

1125 2830 1221 2863 recte
1244 2825 1410 2875 explicuit
1429 2826 1648 2875 Schweigh.:
1666 2829 1772 2863 etiam

1126 2882 1221 2929 (vel)
1250 2882 1421 2930 omnibus,
1447 2895 1589 2932 prorsus
1607 2883 1768 2920 omnibus.
