1909 3228
535 209 621 247 AD
679 208 1056 246 HERODOT.
1097 208 1152 255 ll,
1191 209 1228 249 5.
1560 211 1646 251 903

131 323 260 359 variari
285 335 351 373 pro
379 323 477 360 varia
505 323 615 372 ipsius
632 326 756 367 terrae
786 322 932 369 indole,
962 322 1012 358 ita
1044 325 1103 368 ut,
1143 333 1222 357 cum
1243 320 1355 357 multo
1382 321 1498 358 maior
1524 326 1644 360 terrae

132 391 234 440 copia
258 391 294 427 in
311 389 482 440 Aegypto
504 389 662 426 inferiori
690 390 795 426 suerit
822 391 998 439 adgesta,
1030 389 1119 426 haec
1148 387 1250 438 regio
1275 389 1391 425 serius
1422 401 1530 438 quam
1561 389 1644 427 reli-

132 471 225 507 quae
257 457 415 508 Aegypti
439 461 563 508 partes
591 460 676 495 nata
702 457 811 495 fuisse
841 458 886 494 sit
921 457 1113 494 censenda.
1181 454 1314 505 Neque
1343 457 1506 506 effugere
1532 471 1643 507 posse

132 526 310 564 sollertem
335 531 487 563 naturae
522 530 777 572 scrutatorem,
824 525 943 573 aliquo
970 530 1158 575 tempore,
1194 524 1358 573 quamvis
1389 524 1642 571 remotissimo,

131 606 209 630 eam
229 599 360 632 terram
375 621 385 639 ‚
417 604 510 641 quae
531 605 628 629 nunc
648 592 758 630 Delta
779 592 1005 642 appelletur,
1036 593 1197 629 nondum
1216 593 1415 638 exstitisse,
1447 592 1642 642 postmodo

129 662 271 699 demum
288 665 404 697 ortam
424 663 498 696 tum
519 659 625 705 limo,
659 672 767 708 quem
787 660 917 697 fluvius
941 660 1147 707 advexerit,
1176 663 1253 696 tum
1280 672 1367 697 vero
1387 659 1495 697 etiam
1518 660 1642 706 arena,

128 742 237 779 quam
260 729 356 765 idern
374 740 496 764 secum
517 727 638 764 tulerit
665 728 793 764 fluvius
814 728 986 776 ventique
1008 726 1188 764 adflarint.
1251 727 1323 771 Qui
1350 728 1444 766 enim
1473 727 1510 764 in
1532 723 1642 778 supe*-

127 797 280 834 rioribus
298 794 458 844 Aegypti
476 794 686 843 regionibus
703 799 855 845 propter
875 795 1081 833 celeriorem
1102 796 1200 832 fluvii
1229 808 1371 832 cursum
1392 796 1642 845 maioremque

127 866 304 902 undarum
321 863 391 900 vim
413 863 611 899 subsistere
633 862 732 898 haud
760 862 919 912 potuerit
945 861 1070 912 limus,
1100 876 1182 901 eum
1207 865 1242 900 in
1274 863 1436 900 inferiori
1456 863 1641 913 Aegypto,

126 933 186 969 ubi
205 932 301 968 fluvii
321 931 434 968 exitus
459 931 496 967 in
516 942 636 975 mare,
668 928 866 967 subsistere
889 943 1036 968 necesse
1063 931 1198 978 fuisse,
1227 932 1337 968 fluvio
1365 931 1500 969 scilicet
1522 933 1641 968 minus

126 999 254 1050 rapido
272 1011 338 1036 nec
365 998 487 1035 limum
508 997 654 1035 ulterius
681 997 814 1035 vehere
836 997 988 1035 valente.
1049 999 1141 1036 Cum
1169 1000 1279 1047 igitur
1310 1000 1432 1037 medio
1462 1000 1499 1036 in
1531 999 1641 1035 fluvio

125 1067 200 1104 limi
216 1071 252 1105 et
275 1078 408 1104 arenae
433 1066 538 1116 copia
567 1065 788 1102 substitisset
812 1065 954 1116 paludis
982 1067 1031 1103 ad
1057 1068 1174 1103 instar
1203 1072 1265 1104 aut
1294 1072 1458 1115 syrteos,
1488 1078 1641 1103 necesse

125 1135 272 1171 fluvium
301 1133 471 1171 dissecari
501 1133 538 1169 in
568 1133 640 1169 duo
669 1133 836 1181 brachia,
869 1147 964 1183 quae
986 1134 1158 1185 paludem
1186 1148 1213 1172 s.
1244 1139 1413 1184 stagnum
1441 1135 1478 1170 in
1507 1138 1641 1171 terram

124 1204 369 1240 continentem
397 1201 570 1252 paulatim
592 1213 802 1238 conversum
831 1203 999 1251 utrinque
1030 1202 1266 1239 includerent.
1325 1202 1422 1239 Hinc
1450 1201 1537 1238 bina
1566 1199 1642 1237 Nili

125 1271 220 1307 ostia
238 1270 438 1321 primitiva,
459 1269 685 1319 Canopicum
707 1275 742 1307 et
758 1270 1007 1317 Pelusiacum3
1029 1271 1075 1307 de
1093 1271 1223 1319 quibus
1242 1270 1314 1307 vid.
1337 1274 1427 1309 nott.
1448 1271 1494 1307 ad
1509 1269 1555 1316 Π,
1576 1270 1639 1309 17.

123 1338 268 1375 Addam
293 1339 476 1386 denique,
515 1338 666 1387 quaein
696 1339 849 1376 eandem
881 1352 956 1376 rem
986 1343 1111 1376 monet
1146 1339 1297 1377 Dureau
1325 1339 1370 1376 de
1398 1338 1432 1374 la
1460 1335 1573 1374 Malle
1603 1336 1640 1372 iu

124 1406 325 1456 geograph.
350 1406 529 1456 physique
550 1407 597 1443 de
626 1405 661 1443 la
689 1419 766 1443 mer
796 1407 897 1443 noire
926 1420 961 1456 p.
985 1407 1041 1448 42
1067 1419 1170 1455 seqq.
1202 1407 1279 1444 coll.
1303 1408 1357 1447 23
1375 1418 1451 1454 seq.
1484 1404 1537 1446 25
1561 1416 1638 1452 seq.

123 1472 213 1510 Tria
241 1472 299 1510 ille
331 1474 559 1524 potissimum
589 1474 761 1523 distingui
788 1473 865 1510 vult
894 1474 931 1510 iu
960 1473 1038 1510 solo
1065 1474 1244 1510 inferioris
1268 1473 1447 1524 Aegypti:
1483 1473 1641 1522 primum

120 1541 261 1590 lapides
288 1553 329 1578 ac
351 1554 438 1579 saxa
457 1541 627 1589 calcaria,
660 1542 797 1578 dudum
825 1553 921 1590 quae
946 1541 1014 1578 illic
1038 1542 1193 1589 fuerint,
1222 1555 1291 1579 nec
1310 1541 1410 1578 fluvii
1438 1539 1641 1577 adluvioni-

122 1608 188 1645 bus
209 1613 328 1645 ortum
346 1609 526 1656 debeant;
555 1610 641 1647 dein
659 1621 806 1647 arenam
827 1609 1039 1655 advectam3
1070 1614 1145 1646 tum
1165 1610 1265 1646 fluvii
1286 1610 1408 1646 limum
1422 1637 1432 1655 ‚
1463 1620 1535 1656 quo
1563 1618 1640 1643 ma-

121 1688 195 1725 gna
215 1676 322 1713 maris
344 1689 429 1726 pars
448 1678 593 1728 expleta
613 1678 746 1724 fuerit,
777 1677 975 1714 accedente
1008 1676 1112 1713 simul
1143 1689 1255 1714 arena
1277 1690 1298 1714 a
1317 1676 1432 1715 ventis
1459 1676 1530 1712 huc
1553 1687 1640 1712 con-

121 1746 228 1791 flata,
260 1749 298 1781 et
325 1744 577 1782 cohibentibus
606 1745 675 1781 illis
706 1745 820 1790 saxis,
852 1757 947 1792 quae
977 1745 1096 1782 adhuc
1123 1744 1160 1781 in
1191 1744 1355 1781 litoribus
1385 1742 1638 1780 Alexandrinis

123 1812 194 1847 sint
209 1812 420 1861 conspicua,
448 1814 626 1850 undarum
657 1813 764 1849 maris
797 1811 1004 1848 alluentium
1024 1813 1117 1859 vim,
1147 1825 1220 1860 quo
1251 1811 1390 1848 facilius
1418 1810 1521 1846 limus
1554 1809 1639 1846 sub-

122 1880 249 1916 sistere
270 1884 305 1916 et
326 1880 362 1915 in
381 1886 513 1917 terram
534 1882 688 1918 evadere
712 1880 880 1929 potuerit.
938 1878 1031 1916 Eam
1060 1880 1171 1928 igitur
1197 1880 1384 1927 regionem
1413 1889 1540 1914 revera
1569 1889 1637 1926 pro

119 1946 196 1984 Nili
220 1947 318 1983 dono
338 1960 419 1984 esse
441 1949 666 1995 habendam,
700 1961 779 1984 cum
805 1948 841 1983 in
861 1948 937 1983 dies
958 1947 1016 1983 illa
1034 1946 1110 1983 Nili
1142 1946 1438 1983 inundationibus
1459 1948 1638 1994 augeatur

120 2019 158 2052 et
185 2018 332 2052 crescat.
392 2015 449 2052 De
479 2016 573 2052 saxis
600 2016 666 2052 illis
685 2044 696 2063 ,
737 2028 831 2065 quae
871 2015 1022 2052 multum
1050 2014 1259 2061 valuerint,
1298 2014 1460 2051 Ritterus
1490 2024 1637 2062 quoque

118 2086 244 2120 monet
268 2095 355 2133 pag,
376 2083 456 2124 855
477 2082 498 2120 l.
519 2083 539 2119 l.
