1909 3228
529 260 531 263 ,
591 216 1124 256 EUTERPE.11.·

1382 219 1467 259 607

183 326 384 371 Ξαύτῶν·
418 325 473 370 οὐ
496 325 578 382 γὰρ
611 323 851 383 ἀκηκόεσάν
879 343 954 371 κω.
997 326 1133 379 θεοὺς
1162 325 1208 371 δὲ
1236 325 1466 380 προσωνό-

209 405 354 461 μασοὶν
383 419 518 462 σφεας
548 405 633 452 ἀπὸ
660 410 740 449 τοῦ
769 405 1001 458 τοιούτου,
1044 406 1112 450 ὅτι
1141 405 1288 463 κόσμῳ
1318 404 1466 457 θέντες

208 485 262 528 τὰ
290 485 431 529 πάντα
460 485 690 542 πρήγματα
728 486 801 528 καὶ
831 484 971 536 πάσας
1006 485 1144 540 νομὰς
1176 483 1301 541 εἶχον.
1354 486 1520 528 ἔπει-10

207 582 280 608 τεν
308 566 372 617 δὲ,
411 565 573 621 χρόνου
601 568 765 608 πολλοῦ
803 563 1118 617 διεξελθόντος,
1169 565 1388 608 ἐπύθοντο
1418 565 1465 608 ἐκ

207 648 282 700 τῆς
321 643 546 698 Αἰγύπτου
584 642 826 698 ἀπικόμενα
864 643 916 686 τὰ
953 643 1178 699 οὐνόματα
1220 649 1309 688 τῶν
1347 648 1466 687 θεῶν

207 728 294 767 τῶν
325 724 490 775 ἄλλων,
521 722 747 767 Διονύσου
778 722 823 766 δὲ
853 722 1037 777 ὕστερον
1068 728 1213 780 πολλῷ
1232 722 1463 767 ἐπύθοντο.

177 804 282 847 3καὶ
311 802 415 857 μετὰ
454 802 616 857 χρόνον
653 801 1038 858 ἐχρηστηριάζοντο
1076 804 1175 858 περὶ,
1214 807 1301 845 τῶν
1332 800 1464 846 οὖνο-

203 881 348 938 μάτων
373 881 420 924 ἐν
448 879 670 937 Δωδώνῃ·
719 880 766 925 τὸ
794 882 877 937 γὰρ
909 882 959 938 δή
991 882 1204 939 μαντήϊον
1233 886 1362 925 τοῦτο
1393 897 1464 926 νε-
1476 888 1519 922 15

202 960 405 1016 νόμισται
447 958 735 1016 ἀρχαιότατον
772 965 861 1004 τῶν
906 960 953 1004 ἐν
977 962 1153 1018 ’Ἕλλησι
1193 962 1465 1017 χρηστηρίων

173 1039 346 1091 4εἶναι,
378 1041 450 1083 καὶ
479 1036 534 1097 ἦν
563 1040 640 1084 τὸν
669 1040 831 1097 χρόνον
861 1045 1019 1084 τοῦτον
1050 1045 1232 1097 μοῦνον.
1285 1040 1370 1083 ἐπεὶ
1401 1034 1463 1082 ‹51›

203 1119 590 1175 ἐχρηστηριάζοντο
637 1119 683 1163 ἐν
722 1124 774 1177 τῇ
815 1121 1015 1177 Δωδώνῃ
1055 1122 1098 1164 οἰ
1137 1119 1354 1175 Πελασγοὶ
1390 1119 1462 1170 »εἰ

203 1344 263 1388 ’ὅτι
282 1346 411 1402 κόσμῳ
432 1347 570 1396 θέντες
596 1345 643 1388 τὰ
664 1345 794 1388 πάντα

144 1401 353 1456 πρήγματα
373 1421 407 1443 κ.
430 1421 460 1443 τ.
479 1408 526 1451 λ.]
558 1407 580 1442 ἰ.
601 1419 630 1443 e.
649 1419 685 1442 eo
705 1405 795 1455 quod

145 1474 255 1497 omnes
288 1474 342 1497 res
377 1462 494 1498 ordine
526 1465 721 1511 posuissent
752 1474 795 1498 ac

142 1517 408 1554 distribuissent.
466 1518 546 1555 Erit
571 1519 680 1567 igitur
708 1519 796 1555 deo-

142 1587 221 1611 rum
243 1587 375 1611 nomen
402 1573 536 1622 (θεοὶ)
556 1576 793 1612 derivandum

142 1643 164 1668 a
183 1632 294 1668 verbo
326 1635 485 1679 θεῖναι,
511 1631 692 1678 τιθέναι,
725 1644 792 1680 po-

141 1700 218 1724 nere
241 1717 251 1734 ,
282 1688 448 1724 collocare
468 1717 479 1735 ,
513 1689 670 1737 indeque
698 1688 793 1724 ordi-

142 1756 244 1787 ηανξ,-
275 1748 313 1780 ut
333 1744 423 1782 θεοὶ
450 1745 522 1781 sint
539 1745 575 1791 ii,
596 1745 656 1793 qui
674 1746 793 1780 omnia

143 1799 181 1835 in
198 1801 335 1836 mundo
355 1800 555 1837 ordinarint
573 1806 608 1837 et
618 1801 794 1837 constitu-

143 1855 245 1893 erint.
302 1856 393 1893 Inde
430 1856 600 1894 Clemens
637 1855 794 1893 Alexan—

143 1912 267 1949 drinus
305 1912 386 1949 libri
418 1913 524 1962 primi
553 1914 724 1949 Stromat.
755 1912 793 1948 in

144 1968 216 2005 fine
243 1969 349 2005 deum
379 1965 518 2016 (θεόν)
549 1969 682 2006 dictum
710 1981 792 2006 esse

143 2025 195 2061 ait
223 2021 331 2074 παρεὶ
365 2021 438 2075 τήν
465 2024 580 2063 θέσιν
599 2023 666 2063 καὶ
681 2020 792 2070 τάξιν

142 2079 210 2118 καὶ
247 2078 321 2130 τήν
363 2079 635 2130 διακόσμησιν.
693 2081 792 2117 Hine

140 2150 250 2187 porro
271 2134 364 2183 ,θεὸς
385 2137 574 2174 Eustathio
594 2139 630 2174 in
642 2138 791 2174 Homer.

140 2206 177 2243 1)-
202 2194 308 2234 1148
331 2208 357 2230 S·
382 2198 502 2240 1202,
522 2197 548 2236 8
571 2199 627 2232 est
645 2192 669 2233 ὁ
691 2189 792 2232 πάν-

141 2264 188 2287 τα
210 2248 337 2296 τιθεὶς
364 2249 429 2288 καὶ
460 2253 600 2289 ποιῶν.
659 2249 707 2286 At
733 2250 791 2286 alii

141 2305 265 2353 aliter,
296 2307 342 2344 de
363 2307 494 2356 quibus
525 2308 597 2344 vid.
620 2308 792 2344 Creuzer.

142 2362 180 2397 in
212 2362 373 2411 Symbol.
401 2363 416 2399 I
450 2376 537 2413 pag.
572 2367 652 2405 169
688 2376 791 2412 seqq.

143 2417 211 2454 Est
238 2419 332 2455 enim
367 2424 513 2468 praeter
546 2419 633 2457 alios
673 2419 790 2466 Plato,

143 2473 206 2521 qui
230 2474 267 2509 in
301 2475 449 2524 Cratylo
489 2489 526 2525 p.
553 2478 658 2523 397,
681 2477 724 2512 C.
753 2475 787 2512 D

143 2525 266 2575 θεοὺς
286 2530 438 2567 derivari
454 2531 565 2568 vulta
589 2533 699 2569 verbo
721 2530 789 2570 θέ-

145 2598 226 2631 ειν,
263 2590 302 2621 ut
338 2586 410 2634 dii,
450 2588 511 2635 qui
551 2588 790 2637 antiquissimi

143 2641 268 2688 fuere,
297 2641 384 2689 Sol,
413 2641 539 2690 Luna,
571 2643 711 2691 Terra,
731 2645 788 2680 Si-

145 2697 232 2733 dera
257 2701 293 2734 et
320 2697 495 2744 coelum,
520 2711 541 2735 a
561 2705 687 2746 motu,
715 2713 787 2749 quo

145 2753 264 2789 sidera
282 2753 370 2791 haee
382 2753 546 2792 celeriter
556 2757 690 2793 moveri
700 2770 788 2793 con-

142 2809 356 2858 spiciuntur,
396 2810 464 2847 hoc
491 2813 695 2862 acceperint
721 2826 788 2849 no-

143 2877 238 2902 men.
298 2865 396 2903 Alias
424 2879 521 2904 nunc
552 2868 680 2906 tacebo
709 2873 788 2917 ety-

861 1349 1070 1398 mologias,
1107 1348 1177 1386 hoc
1214 1363 1323 1387 unum
1362 1350 1516 1397 addens,

862 1407 976 1443 videri
1007 1419 1153 1454 quoque
1193 1406 1261 1443 hoc
1292 1419 1424 1443 nomen
1454 1419 1517 1443 co-

863 1467 1013 1509 gnatum
1043 1467 1103 1498 aut
1131 1462 1292 1499 eiusdem
1325 1464 1400 1499 fere
1431 1463 1512 1498 stir-

863 1519 920 1568 pis
945 1524 1056 1567 atque
1075 1517 1286 1555 Latinorum
1307 1519 1410 1564 (leus,
1434 1518 1515 1566 Dis,

864 1576 1089 1611 Graecorum
1109 1571 1232 1622 Δεύς,
1263 1572 1415 1622 Σόειῗς,
1448 1589 1515 1612 un-

862 1632 909 1669 de
932 1627 1035 1677 Ζεὺς
1062 1636 1192 1680 postea
1214 1636 1351 1676 ortuin3
1381 1633 1512 1681 quibus

862 1688 1027 1725 omnibus
1057 1687 1207 1736 aliisque
1244 1689 1393 1725 aliarum
1423 1702 1514 1737 gen-

859 1746 948 1781 tium
993 1744 1164 1780 similibus
1202 1745 1406 1782 nominibus
1456 1745 1514 1782 vix

862 1800 959 1845 aliud
1010 1800 1097 1848 quid
1142 1801 1226 1836 olim
1282 1802 1512 1850 designatum

860 1856 973 1892 fuisse
1000 1856 1166 1903 videtur,
1195 1857 1264 1893 nisi
1296 1858 1427 1894 domini
1452 1870 1513 1894 su-

860 1911 975 1963 premi
990 1912 1185 1949 notionem.

919 1966 1114 2007 ἔπειτεν
1142 1966 1205 2016 δὲ,
1245 1964 1393 2019 χρόνον
1420 1971 1512 2008 πολ·

860 2025 933 2061 λοῦ
949 2020 1222 2071 διεξελθόντος
1240 2040 1275 2062 κ.
1288 2024 1378 2075 τ.λ.]
1399 2026 1512 2069 Quod

860 2080 943 2116 olim
962 2080 1151 2129 legebatur
1170 2080 1255 2120 ἐπεί
1281 2096 1320 2119 τε
1350 2079 1412 2128 δὲ,
1442 2095 1510 2132 pro

860 2135 1031 2183 ἔπειτεν,
1064 2138 1183 2174 denuo
1202 2142 1321 2175 tuetur
1349 2138 1511 2175 Benedi-

859 2197 935 2230 ctus
958 2194 994 2230 in
1012 2193 1105 2230 Actt.
1125 2194 1244 2244 philol.
1259 2194 1508 2244 Lips.p.287·,

857 2250 908 2285 ita
926 2254 966 2286 ut
986 2251 1157 2299 periodus
1185 2251 1230 2294 ab
1248 2251 1315 2287 hac
1332 2251 1510 2300 particula

858 2306 1032 2356 incipiens
1066 2308 1113 2343 ad
1155 2307 1262 2343 finem
1294 2307 1418 2356 capitis
1447 2320 1509 2343 us·-

860 2376 932 2412 que
963 2368 1148 2410 excurrat,
1178 2363 1368 2412 aliquoties
1396 2363 1508 2400 inter-

860 2424 967 2469 rupta
991 2418 1068 2455 aliis
1108 2420 1302 2456 interiectis
1330 2420 1506 2468 periodis,

857 2474 1083 2512 anacoluthia
1112 2480 1310 2512 structurae
1336 2475 1506 2512 laborans

858 2537 894 2569 et
910 2532 1156 2569 additamento
1177 2532 1274 2570 verbi
1305 2528 1506 2571 ἐπύθοντο

857 2588 970 2626 altera
1006 2590 1083 2625 vice
1119 2601 1141 2626 a
1175 2588 1327 2625 librariis
1362 2589 1503 2626 adiecti.

857 2645 963 2688 Quae
991 2648 1113 2682 tamen
1141 2645 1269 2682 merito
1307 2646 1503 2683 editoribus

853 2702 1073 2751 persuadere
1092 2700 1150 2738 ille
1175 2714 1249 2738 non
1266 2706 1420 2750 poterat.
1446 2723 1503 2729 ——-

853 2757 912 2793 Ad
936 2757 1194 2806 subsequentia
1222 2759 1316 2794 conf.
1340 2771 1434 2806 quae
1451 2758 1500 2795 ad

854 2813 908 2860 ΙΙ,
931 2814 984 2854 50
1004 2813 1079 2850 init.
1101 2814 1263 2850 diximus.

911 2870 955 2910 εἰ
983 2866 1297 2920 ἀνέλωνται]
1338 2874 1501 2912 Coniun-
