1909 3228
499 232 582 272 484

504 350 586 383 σαν
616 338 838 393 Αἴγυπτον
876 333 988 379 εἶναι
1025 334 1140 386 ἕλος·

912 225 1376 265 HERODOTI

1199 334 1272 378 καὶ
1309 332 1440 390 αὐτῆς
1480 333 1590 377 εἶναι
1629 332 1813 376 οὕδὲν75

501 416 713 471 ὑπερέχον
747 418 836 458 τῶν
865 418 948 457 νῦν
979 414 1129 468 ἔνερθε
1157 415 1310 469 λίμνης
1337 416 1411 468 τῆς
1441 415 1635 466 Μοίριος
1662 412 1757 455 ἐόν-

503 508 612 538 των·
642 493 684 544 ἔς
712 492 790 549 τὴν
820 491 1043 543 ἀνάπλους
1072 490 1156 535 ἀπὸ
1186 490 1406 547 θαλάσσης
1435 491 1539 534 ἑπτα
1567 491 1761 547 ἡμερέων

501 573 588 617 ἐστὶ
619 571 703 615 ἄνα
730 571 810 614 τόν
839 570 1050 626 ποταμόν.

504 652 603 704 περὶ
631 655 705 706 τῆς
733 649 884 706 χώρης.

1111 572 1197 614 Καὶ
1228 565 1276 614 εὖ
1307 587 1382 626 μοι
1413 569 1591 613 ἐδόκεον
1620 570 1759 624 λέγειν

944 653 1053 705 δῆλα
1095 649 1178 705 γὰρ
1217 649 1269 705 δὴ
1318 650 1391 693 καὶ
1429 648 1486 704 μὴ
1536 648 1759 702 προακού-

507 743 657 781 σαντι,
699 729 836 772 ἰδόντι
867 729 936 780 δὲ,
985 728 1033 779 ὅς
1061 731 1124 780 τίς
1152 746 1199 784 γε
1239 727 1414 772 σύνεσιν
1444 728 1546 783 ἔχει,
1585 727 1650 771 ὅτι
1681 728 1760 769 Α’ί-

503 824 667 865 γυπτος
697 807 740 858 ἐς
769 807 847 863 τὴν
865 807 1067 863 ’Έλληνες
1090 810 1413 860 ναυτίλλονται,
1446 809 1533 851 ἔστι
1553 808 1760 862 Αἰγυπτί--
1774 814 1818 846 80

507 900 594 931 οισι
624 885 847 943 ἐπίκτητός
877 904 918 930 τε
948 891 1027 944 γῆ,
1058 888 1129 930 καὶ
1161 889 1307 941 δῶρον
1334 891 1415 931 τοῦ
1438 889 1659 942 ποταμοῦ·
1689 884 1764 928 καὶ

506 965 559 1009 τὰ
583 965 829 1021 κατύπερθε
857 965 918 1010 ἔτι
955 968 1029 1023 τῆς
1066 967 1217 1023 λίμνης
1254 966 1434 1023 ταύτης,
1483 967 1604 1023 μέχρι
1633 966 1766 1020 τριῶν

446 1186 533 1223 tiem
551 1184 772 1222 Thebaicam
785 1213 796 1232 ,
816 1184 882 1222 sed
899 1185 1102 1222 universam

448 1241 711 1291 Aegyptiacam
734 1246 990 1289 exaggeratam
1021 1254 1101 1278 esse

449 1297 534 1335 limo
555 1297 770 1335 exundantis
790 1297 877 1334 Nili.
918 1298 959 1333 In
981 1311 1024 1335 eo
1046 1302 1103 1334 ta-

449 1367 534 1391 men
560 1354 811 1401 refragantur,
850 1354 949 1402 quod
976 1353 1103 1404 paula-

448 1410 512 1446 tim
541 1422 728 1446 arenosam
759 1422 945 1447 evasuram
976 1410 1101 1457 Aegy-

449 1470 552 1516 ptum
571 1465 772 1502 crediderat
789 1466 1011 1502 Herodotus.
1031 1466 1098 1502 Et-

451 1522 546 1558 enim
574 1526 795 1569 exaggerata
821 1521 992 1571 paulatim
1020 1522 1099 1557 uni-

449 1590 554 1613 versa
573 1576 743 1626 planitie,
773 1578 879 1614 etiam
893 1577 967 1614 Nili
986 1578 1096 1626 ipsius

449 1632 588 1670 alveum
610 1632 704 1669 insta
730 1634 965 1683 proportione
987 1646 1098 1681 exag-

449 1689 609 1737 gerari.“
648 1688 712 1725 Cr.
756 1689 817 1725 Tu
837 1689 907 1726 vid.
927 1693 1017 1725 nott.
1049 1690 1097 1725 ad

447 1745 503 1792 ιι,
527 1746 563 1785 5.
585 1746 636 1784 10
658 1744 737 1781 0011.
761 1746 823 1785 13.

501 1854 570 1895 καὶ
591 1851 714 1904 αὐτῆς
742 1851 843 1894 εἶναι
861 1876 917 1883 --
937 1850 1097 1901 ἐόντων]

445 1914 469 1950 i.
489 1927 520 1950 e.
540 1912 624 1949 nihil
645 1913 721 1949 eins
746 1912 795 1962 (i.
816 1926 847 1949 e.
864 1911 996 1948 nullam
1029 1913 1098 1948 Ae-

444 1971 550 2019 gypti
574 1968 742 2019 partem)
792 1969 903 2005 fuisse
935 1968 1098 2005 eminens

446 2038 556 2075 super
582 2037 712 2074 aquam
732 2024 830 2061 exiis
852 2024 975 2071 (terris
989 2024 1096 2072 scih),

446 2094 541 2131 quae
560 2094 655 2117 nnnc
679 2081 772 2117 infra
788 2080 964 2119 Moeridis
983 2080 1100 2118 lacum

444 2138 682 2175 inveniantur.

501 2247 542 2295 ἐς
567 2244 640 2298 τήν
678 2243 880 2294 ἀνάπλους
914 2241 994 2286 οἷπὸ
1025 2250 1099 2286 θα-

445 2300 595 2355 λάσσης
610 2302 706 2343 ἒπτοέ
725 2303 902 2355 ἡμερέων
920 2303 998 2342 ἐστὶ
1019 2298 1098 2341 α’νᾶ

446 2357 514 2400 τὸν
534 2356 732 2411 ποταμόν]
760 2361 799 2397 Si
815 2373 934 2397 novem
953 2359 1097 2397 schoeni

448 2430 519 2455 uno
548 2418 787 2466 navigationis
819 2417 879 2455 die
903 2416 1099 2453 conficiun-

446 2477 505 2510 tur
532 2473 653 2521 (conf.
672 2473 727 2521 ll,
746 2473 825 2521 9),
855 2473 983 2511 existet
1010 2472 1096 2509 inde

448 2542 586 2566 summa
625 2528 861 2566 schoenorum
908 2528 1095 2576 sexaginta

447 2586 553 2622 trium
588 2585 662 2623 sive
689 2587 868 2632 378,ooo
899 2589 1094 2622 metrorum

448 2641 638 2687 (metres);
683 2641 718 2678 id
759 2641 858 2690 quod
887 2654 966 2678 cum
1006 2640 1098 2677 veris

448 2698 624 2734 mensuris
641 2697 806 2747 apprime
821 2697 1010 2734 convenire
1024 2700 1098 2732 tra-

449 2752 552 2789 dunt.
607 2753 690 2788 Vid.
722 2752 902 2803 Descript.
924 2754 971 2790 de
1002 2752 1096 2800 l'Eg.

449 2805 597 2857 Antiqq.
620 2808 729 2845 Mem.
756 2808 772 2846 l
795 2822 831 2860 p.
845 2811 910 2850 88.
925 2807 1095 2850 1020011.

1168 1184 1322 1222 Iomard.
1341 1184 1483 1236 p.508.
1505 1182 1585 1225 625
1608 1182 1693 1220 ibid.
1708 1181 1822 1231 (quae

1170 1246 1337 1292 exparte
1365 1241 1672 1290 transscripsimus
1704 1238 1752 1274 ad
1774 1237 1820 1283 ll,

1170 1300 1216 1345 9,
1257 1298 1318 1334 ubi
1349 1297 1435 1334 alios
1468 1297 1642 1333 schoenos
1671 1293 1822 1342 intelligi

1171 1354 1245 1390 vult
1274 1354 1480 1400 lomardus‚
1509 1365 1588 1388 cum
1621 1351 1677 1389 vel
1706 1351 1822 1387 obiter

1170 1423 1341 1460 mappam
1384 1409 1586 1459 inspicienti
1632 1409 1821 1457 appareat,

1166 1466 1373 1503 distantiam
1391 1467 1435 1502 ab
1455 1463 1639 1514 Heliopoli
1659 1463 1705 1499 ad
1721 1462 1819 1498 The-

1165 1523 1230 1559 bas
1263 1522 1374 1558 multo
1406 1521 1577 1558 maiorem
1603 1531 1683 1556 esse
1711 1530 1819 1567 quam

1166 1579 1373 1614 distantiam
1404 1590 1425 1614 a
1453 1577 1542 1614 mari
1570 1577 1616 1613 ad
1645 1574 1819 1612 Moeridis

1167 1634 1315 1682 lacum).

1387 1773 1515 1823 Cap
1555 1771 1600 1809 V.

1227 1857 1329 1906 δῆλα
1348 1853 1427 1908 γαρ
1455 1853 1505 1906 δη
1533 1853 1601 1894 καὶ
1624 1852 1677 1907 μὴ
1691 1868 1821 1921 προα-

1168 1925 1378 1959 κουσαντι,
1420 1908 1547 1951 ἰδόντι
1576 1910 1618 1951 δὲ
1638 1942 1648 1960 ,
1688 1907 1735 1958 ός
1763 1911 1824 1956 τίς

1167 1983 1210 2021 γε
1235 1985 1269 2008 κ.
1297 1985 1329 2007 τ.
1347 1967 1405 2019 λ.]
1447 1969 1503 2005 Ex
1540 1968 1595 2005 his
1628 1968 1746 2007 verbis
1782 1966 1822 2003 fit

1167 2027 1417 2072 manifestum,
1447 2037 1522 2061 non
1554 2024 1669 2062 solum
1689 2035 1819 2074 perve-

1167 2083 1264 2119 nisse
1285 2082 1513 2119 Herodotum
1539 2082 1576 2118 in
1601 2081 1821 2129 Aegyptum,

1166 2138 1205 2175 id
1234 2138 1332 2187 quod
1366 2137 1424 2174 alii
1462 2149 1607 2185 quoque
1644 2139 1821 2173 testantur

1167 2194 1235 2230 loci
1256 2194 1301 2230 ab
1320 2193 1445 2240 Heyse
1467 2193 1503 2228 in
1517 2192 1667 2234 Quaest.
1679 2191 1818 2228 Herod.

1167 2250 1182 2286 Ι
1205 2263 1240 2299 p.
1267 2250 1345 2289 108
1372 2262 1473 2297 seqq.
1505 2247 1664 2294 collecti,
1695 2259 1819 2284 verum

1169 2306 1275 2343 etiam
1294 2317 1432 2342 summa
1453 2317 1531 2341 cum
1550 2306 1634 2341 cura
1649 2304 1819 2340 historiae

1166 2366 1305 2412 patrem
1336 2373 1544 2410 permeasse
1573 2360 1666 2397 hane
1686 2364 1819 2397 terram

1168 2421 1406 2467 accurateque
1445 2417 1483 2453 in
1521 2416 1642 2454 omnia
1670 2415 1819 2467 inquisi-

1164 2485 1269 2511 visse.

1222 2580 1284 2624 ὅτι
1305 2582 1505 2636 Αἴγυπτος
1532 2599 1567 2624 κ.
1596 2598 1629 2623 τ.
1650 2583 1698 2634 λ.]
1739 2584 1818 2623 He-

1165 2641 1287 2678 rodoti
1326 2641 1541 2679 sententiam
1574 2653 1697 2679 veram
1737 2653 1817 2678 esse

1167 2702 1302 2735 etcum
1323 2697 1404 2747 ipsa
1434 2701 1552 2736 terrae
1578 2696 1699 2735 indole
1731 2709 1816 2733 con-

1165 2765 1296 2801 gruere
1323 2753 1360 2789 in
1386 2753 1535 2791 Excurs.
1554 2754 1603 2791 ad
1618 2753 1653 2791 h.
1671 2752 1695 2790 l.
1713 2764 1816 2789 mon-

1166 2809 1367 2846 stravimus.
