1909 3228
482 173 565 214 744

894 180 1359 226 HERODOTI

454 280 618 326 Ξᾶλλου
648 283 778 336 τινός.
837 286 884 330 ἐν
912 289 991 344 μὲν
1026 291 1108 347 γὰρ
1139 297 1251 337 τοῖσι
1281 296 1521 352 Κυπρίοισι
1557 305 1737 360 εἴρηται,

481 359 540 412 ὠς
568 367 757 417 τριταῖος
789 363 836 408 ἐκ
864 366 1070 425 Σπάρτης
1105 369 1378 430 Ἀλέξανδρος
1407 375 1582 424 ἀπίκετο
1612 382 1656 434 ἐς
1685 384 1734 427 τό

468 437 602 483 Ἴλιον
631 440 750 496 ἄγων
780 443 859 499 τήν
884 443 1084 504 Ἑλένην,
1119 448 1238 495 εὐαέι·
1265 469 1308 496 τε
1338 455 1550 511 πνεύματι
1574 463 1733 516 χρησά-

477 534 604 574 μενος
643 520 714 563 καὶ
753 523 952 582 θαλάσσῃ
992 530 1105 586 λείῃ·
1171 531 1218 573 ἐν
1266 532 1311 574 δὲ
1346 531 1490 578 Ἰλιάδι
1528 537 1639 592 λέγει
1678 539 1789 592 ώςδΟ

476 596 675 650 ἐπλάζετο
717 599 836 655 ἄγων
876 603 1025 661 αὐτήν.

475 674 655 731 Κύπρια
685 678 806 733 ἔπεα,
835 685 1027 739 χαιρέτω.

416 849 495 887 deri
520 864 600 888 eam
627 852 809 891 Herodoti
840 856 950 894 fuisse
980 871 1068 896 sen-

415 907 586 954 tentiam,
617 913 657 945 ut
683 911 826 947 serioris
850 914 980 951 aetatis
1001 929 1067 964 po-

415 962 497 999 etae
520 976 563 1000 ea
581 965 774 1003 tribuenda
794 968 875 1004 sint.
909 970 947 1006 ln
970 971 1067 1008 clau-

415 1018 492 1054 sula
512 1020 644 1057 addam
658 1021 876 1061 Dahlmanni
898 1026 1065 1065 iudicium

414 1074 583 1120 (Herod.
618 1090 703 1127 pag.
738 1081 856 1127 101):
906 1084 1065 1129 „Wenn

412 1130 583 1168 Herodot
603 1134 753 1172 manche
774 1137 953 1176 Gedichte
966 1169 977 1186 ‚
1006 1142 1065 1180 die

412 1186 471 1223 fiir
488 1187 702 1227 Homerisch
724 1192 847 1239 galten
860 1223 870 1240 ‚
890 1196 972 1232 dem
983 1197 1064 1233 Ho-

412 1255 490 1279 mer
509 1245 689 1295 abspracli
715 1247 767 1295 Il,
793 1251 883 1290 117.
915 1252 977 1299 IV,
997 1255 1064 1302 32,

410 1311 451 1334 so
472 1299 640 1339 seheinen
669 1303 764 1340 doch
795 1306 852 1343 die
874 1306 1063 1348 Ursachen

410 1355 529 1393 dieses
550 1357 710 1396 Urtheils
731 1361 827 1398 nicht
847 1362 916 1401 ties
937 1378 982 1401 zu
1000 1367 1063 1404 lie-

409 1423 506 1459 gen,
549 1413 629 1450 falls
660 1416 786 1465 nicht,
830 1419 878 1455 im
909 1421 1062 1460 Grunde

408 1467 481 1503 ihm
499 1469 729 1518 unbewusst,
758 1474 836 1510 sein
857 1478 1062 1524 poetischer

409 1524 501 1560 Sinn
530 1526 589 1563 die
608 1527 882 1580 Entscheidung
911 1534 1060 1581 gelenkt

407 1578 470 1615 hat
483 1581 517 1615 !“

464 1634 506 1673 ἐν
527 1634 598 1686 μὲν
627 1636 700 1691 γάρ
720 1645 818 1680 τοῖσι
843 1645 1058 1696 Κυπρίοισι

407 1690 557 1741 εἴρηται
586 1708 620 1731 κ.
651 1710 682 1732 τ.
709 1695 757 1747 λ.]
815 1699 955 1738 Eadem
980 1704 1057 1741 sere

406 1748 527 1785 scribit
545 1748 708 1788 Eustath.
729 1755 776 1790 ad
796 1754 895 1791 11.V1
914 1771 948 1806 p.
961 1759 1057 1805 503,

407 1805 480 1850 11,
510 1805 725 1844 dissentiens
762 1822 784 1846 a
816 1811 944 1849 Proclo
974 1814 996 1850 l.
1019 1815 1056 1861 l.,

404 1859 465 1907 qui
486 1859 676 1911 Paridem,
706 1868 923 1916 tempestate
948 1883 970 1906 a
996 1871 1056 1907 lu-

403 1926 500 1953 none
517 1917 696 1966 immissa,
727 1923 775 1958 ad
795 1923 969 1963 Sidonem
990 1928 1055 1964 de-

402 1969 512 2008 latum
554 1987 635 2012 esse
675 1977 872 2028 urbemque
913 1983 1053 2032 cepisse

402 2028 535 2065 scribit.
602 2030 724 2080 Atque
752 2036 858 2072 etiam
886 2037 1051 2086 Heynius

400 2084 583 2130 (observv.
600 2088 648 2124 ad
663 2088 701 2125 Il.
724 2090 769 2126 Vl
783 2120 794 2138 ‚
816 2095 896 2134 289
919 2108 954 2144 p.
967 2096 1050 2137 254

401 2152 477 2189 seq.
499 2145 524 2177 t.
544 2141 596 2190 V)
627 2143 663 2180 in
688 2145 870 2185 Herodoti
895 2149 974 2187 loco
989 2157 1049 2188 to-

400 2199 473 2232 tam
495 2197 588 2235 illam
608 2199 725 2250 ρἦιν
742 2205 856 2242 serius
876 2206 1048 2246 insertum

397 2255 519 2301 putat,
538 2255 674 2306 quippe
689 2260 849 2298 versibus
868 2275 912 2299 ex
926 2264 1048 2313 Odys·

399 2320 462 2345 sea
489 2312 756 2360 navigationem
782 2316 981 2356 Alexandri
1010 2322 1046 2357 in

397 2361 607 2416 Aegyptum
627 2368 723 2407 haud
749 2374 836 2409 satis
859 2377 1047 2424 probanti-

397 2419 476 2457 bus.
533 2423 614 2460 Nec
638 2425 740 2464 aliter
761 2431 918 2469 sensisse
948 2434 1046 2471 vide-

398 2479 456 2513 tur
481 2477 724 2530 Borhecldus,
764 2487 826 2534 qui
854 2487 962 2525 hocce
987 2503 1044 2526 ca-

396 2536 463 2581 put
502 2541 709 2584 suspectum
741 2547 865 2580 censet
882 2572 893 2591 ,
932 2547 1046 2582 refra-

396 2592 506 2635 gante
526 2590 763 2633 Henrichsen.
782 2598 803 2634 1.
825 2598 847 2638 1.
878 2613 965 2650 pag.
990 2604 1044 2644 50

397 2656 473 2692 seq.
490 2647 551 2695 qui
572 2649 707 2698 optime
727 2659 870 2702 monet,
891 2659 1045 2696 eandem

395 2704 598 2747 argumenti
643 2706 922 2760 discrepantiam
967 2728 1044 2752 ma-

396 2767 482 2792 nere
493 2785 504 2802 ,
534 2759 610 2798 sive
626 2760 838 2804 Herodotus
855 2768 943 2807 haec
960 2773 1046 2808 scri-

396 2811 510 2860 pserit
532 2815 606 2853 sive
630 2817 720 2857 alius
743 2823 934 2874 quispiam.
965 2827 1045 2866 Nee

1099 608 1294 666 ’Ὄμηρος
1322 613 1402 668 μέν
1428 630 1534 668 νυν,
1579 618 1652 661 καὶ
1681 618 1734 663 τὰ

1137 862 1222 899 mihi
1253 864 1324 901 ulla
1353 865 1445 903 insta
1480 879 1588 904 causa
1618 868 1784 919 adparet,

1135 931 1198 955 cur
1224 921 1333 957 verba
1353 951 1363 968 ‚
1402 923 1447 959 ab
1477 925 1641 961 omuibus
1677 926 1783 963 etiam

1136 975 1233 1012 libris
1253 979 1506 1027 comprobata,
1537 983 1655 1031 spun'a
1676 987 1711 1019 et
1731 983 1785 1019 in-

1133 1032 1251 1069 siticia
1274 1033 1437 1071 habeam.

1191 1111 1303 1154 εὕαέϊ
1331 1132 1370 1155 τε
1412 1113 1609 1169 πνεύματι
1639 1118 1784 1170 χρησά-

1134 1186 1251 1222 μενος
1268 1172 1337 1211 καὶ
1362 1172 1545 1230 θαλάσσῃ
1566 1177 1672 1230 λείῃ]
1703 1179 1724 1215 i.
1749 1193 1781 1216 e.

1132 1229 1280 1266 secundo
1298 1234 1398 1266 vento
1415 1245 1499 1268 usus
1521 1238 1556 1270 et
1574 1238 1663 1271 mari
1682 1239 1781 1272 tran-

1133 1286 1252 1335 quillo.
1311 1286 1452 1325 Eadem
1491 1291 1601 1327 verba
1639 1296 1782 1329 exstant

1131 1355 1279 1392 quoque
1305 1344 1404 1393 apud
1435 1344 1661 1383 Eustathium
1693 1347 1715 1384 1.
1744 1348 1780 1396 1.,

1131 1411 1227 1447 quae
1247 1412 1289 1436 ex
1312 1400 1391 1448 ipso
1410 1404 1519 1450 poeta
1542 1403 1696 1452 Cyprico
1714 1405 1780 1442 de-

1130 1460 1246 1491 sumta
1266 1456 1403 1503 videri,
1434 1458 1504 1493 iam
1536 1459 1669 1496 dudum
1700 1472 1778 1495 mo-

1128 1516 1257 1547 nuerat
1280 1511 1560 1562 Nesse-lingitis:
1593 1516 1777 1561 „Videtur

1124 1570 1259 1617 poetae
1278 1570 1358 1606 τῶν
1372 1571 1564 1618 Κυπρίων
1584 1573 1776 1609 dictionem

1127 1624 1359 1673 expressisse.
1445 1626 1681 1665 Notissimum
1721 1635 1776 1666 est

1125 1679 1316 1728 Sophoclis
1350 1681 1437 1717 illud
1457 1712 1467 1728 ,
1514 1684 1664 1721 Philoct.
1693 1688 1773 1725 822

1126 1735 1367 1782 (82813r.).“
1425 1739 1534 1775 Unde
1564 1739 1728 1788 Heynius
1750 1742 1771 1778 l.

1124 1791 1147 1827 l.
1173 1791 1371 1828 hexametri
1392 1799 1531 1842 partem
1554 1797 1661 1833 eruit:

1181 1869 1236 1874 ——
1274 1845 1481 1900 πνεύματα
1530 1848 1776 1903 χρησάμενος

1292 1904 1375 1958 λείῃ
1398 1920 1437 1944 τε
1462 1904 1662 1961 θαλάσσῃ.

1121 1958 1242 2008 Atque
1257 1959 1543 2001 Friedemannus
1566 1971 1772 2003 commentt.

1121 2015 1157 2053 in
1180 2017 1349 2054 strabon.
1379 2023 1464 2055 tom.
1488 2021 1501 2057 l
1530 2035 1564 2070 p.
1588 2023 1670 2063 336
1693 2028 1770 2061 not.

1119 2077 1192 2110 tres
1212 2086 1334 2110 versus
1355 2077 1567 2127 exsculpsit:

1173 2139 1417 2194 Σπάρτηθεν
1436 2143 1478 2184 δὲ
1489 2151 1660 2197 τριταῖος
1671 2144 1770 2189 Ἀλέ-

1285 2201 1452 2251 ξανδρος
1465 2202 1681 2256 [θεοειδὴς]

1159 2251 1281 2294 Ἴλιον
1299 2256 1569 2307 εἰσαφίκανεν,
1592 2258 1770 2312 ἅγωνἙ-

1283 2311 1400 2362 λείἠν
1420 2311 1634 2368 [Ἀργείην]

1169 2363 1295 2407 Εὕαεῖ
1308 2365 1337 2407 τ’
1352 2366 1511 2421 οἷνέμων
1529 2378 1665 2430 πνοιῇ,
1681 2377 1766 2431 λείῃ

1279 2439 1319 2464 τε
1342 2425 1539 2482 θαλάσσῃ.

1169 2494 1236 2534 καὶ
1257 2493 1304 2534 ra*
1327 2494 1488 2549 Κύπρια
1506 2500 1621 2549 ἔπεα,
1641 2502 1765 2555 χαιρέ-

1112 2550 1182 2601 τω]
1213 2551 1375 2603 χαιρέτω
1389 2557 1553 2604 valeant,
1566 2563 1605 2595 ut
1625 2560 1764 2609 1V‚96‚

1112 2607 1174 2644 ubi
1207 2609 1421 2660 Wesseling.
1461 2613 1584 2651 laudat
1620 2615 1760 2654 Platon.

1113 2664 1160 2700 de
1181 2664 1279 2714 legg.
1304 2667 1337 2702 X
1367 2681 1402 2717 p.
1419 2671 1524 2717 886,
1551 2670 1598 2707 D.
1657 2672 1761 2710 Facit

1111 2719 1182 2757 huc
1219 2735 1366 2771 quoque
1398 2722 1540 2775 ἕρῤέτω
1565 2729 1664 2777 apud
1691 2729 1761 2766 So-

1111 2775 1228 2825 phocl.
1251 2778 1400 2817 Philoct.
1423 2784 1529 2823 1196
1549 2783 1625 2822 coll.
1649 2785 1758 2823 Hom.

1112 2831 1153 2868 Il.
1175 2833 1278 2883 Vlll,
1303 2835 1393 2877 164.
1424 2837 1497 2886 ΙΧ,
1517 2840 1611 2880 377.
