1877 3223
627 229 921 269 CL10.1.

1319 229 1402 269 153

118 346 189 396 σές
212 341 460 398 Ἐρέτριαν,
502 338 752 398 ἐβουλεύετο
786 339 874 395 ἅμα
903 339 1017 382 τοῖσι
1045 337 1181 380 παισί.
1233 335 1401 380 Ἱππίεω

144 424 189 467 δὲ
216 421 395 480 γνώμην
421 419 699 477 νικήσαντος,
742 416 1016 462 ἀνακτᾶσθαι
1051 414 1189 459 ὀπίσω
1219 415 1299 472 τήν
1328 432 1400 459 τυ-

146 504 356 558 ραννίδα,
389 502 582 545 ἐνθαῦτα
610 498 789 555 ἤγειρον
819 498 999 546 δωτίνας
1032 496 1078 539 ἐκ
1106 499 1194 538 τῶν
1222 496 1399 544 πολίων,

147 583 196 624 αἵ
221 581 332 632 τινές
362 591 442 635 σφι
472 577 714 635 προῃδεάτό
745 576 826 621 κου’
857 594 909 619 τι.
959 579 1132 618 πολλῶν
1163 576 1208 618 δὲ
1239 573 1401 630 μεγάλα

144 659 453 715 παρασχόντων
491 658 707 714 χρήματα,

770 660 954 713 Θηβαῖοι
989 652 1309 710 ὑπερεβάλοντο
1349 656 1401 708 τῇ
1415 661 1459 694 60

117 740 268 784 7δόσεϊ
296 743 382 782 τῶν
414 737 655 794 χρημάτων.
699 735 803 792 μετὰ
833 736 901 787 δὲ,
949 732 1002 778 οὐ
1033 737 1177 791 πολλῷ
1207 732 1320 791 λόγῳ
1352 734 1405 775 εί·

144 823 261 870 πεῖν,
319 815 476 873 χρόνος
515 816 667 872 διέφυ,
726 816 797 859 καὶ
836 814 978 857 πάντα
1013 825 1092 866 σφι
1127 812 1327 868 ἐξήρτυτο
1363 813 1405 862 ἐς

117 897 226 953 ὃτὴν
255 895 454 940 κάτοδον.
512 897 584 939 καὶ
621 895 706 951 γὰρ
743 893 925 950 Ἀργεῖοι
954 892 1168 949 μισθωτοὶ
1198 892 1405 934 ἀπίκοντο

144 977 191 1020 ἐκ
223 974 587 1031 Πελοποννήσου·
617 975 692 1019 καὶ
723 973 889 1026 Νάξιός
919 985 997 1030 σφι
1029 971 1140 1028 ἀνήρ
1173 968 1406 1026 ἀπιγμένος

147 1054 397 1111 ἐθελοντής,
452 1057 513 1111 τῷ
554 1052 722 1110 οὕνομα
761 1048 816 1110 ἦν
847 1053 1093 1109 Λύγδαμις,
1150 1051 1461 1106 προθυμίηνδό

147 1136 350 1191 πλείστην
392 1135 636 1189 παρείχετο,
681 1134 862 1190 κομίσας
897 1133 971 1177 καὶ
1000 1131 1194 1189 χρήματα
1222 1129 1295 1173 καὶ
1333 1127 1404 1173 ἄν·

142 1339 297 1381 Ἱππίεω
332 1337 376 1380 δὲ
419 1337 582 1392 γνώμην
624 1336 741 1391 νική-

91 1396 253 1447 σαντος]
289 1396 439 1446 Aliquot
474 1396 554 1434 libri
590 1393 741 1451 γνώμῃ,

90 1455 189 1503 quod
220 1454 310 1491 alter
343 1453 441 1490 locus
470 1453 541 1499 Ill,
577 1455 631 1494 82
667 1455 742 1490 sor-

90 1523 157 1546 san
179 1510 321 1547 firmare
341 1510 469 1560 possit.
526 1509 607 1547 Nec
626 1511 743 1546 miuus

89 1570 210 1603 tamen
240 1562 404 1618 γνώμην
428 1567 565 1619 νικᾷν,
607 1566 676 1602 alia
704 1567 742 1602 id

90 1636 205 1671 genus
225 1623 294 1660 dici
324 1636 408 1660 vere
434 1622 574 1660 monuit
592 1623 742 1660 wesse-

92 1679 222 1726 liugius
237 1684 314 1715 tum
331 1680 378 1715 ad
397 1680 431 1715 h.
444 1679 466 1716 l.
488 1683 564 1716 tum
585 1679 634 1716 ad
651 1679 743 1716 Dio-

92 1735 170 1771 dor.
191 1735 262 1771 Sic.
287 1735 353 1783 XI,
376 1738 441 1776 26.

149 1811 313 1858 αἵτινές
334 1824 406 1861 σφι
420 1809 643 1866 προῃδεάτό
667 1809 742 1852 κού

93 1867 153 1919 τι]
186 1868 281 1906 Tres
307 1869 386 1905 libri
414 1868 633 1919 προηδεάτο
663 1871 745 1906 sine

94 1926 169 1962 iota
188 1925 402 1974 subscripto,
433 1925 493 1961 alii
505 1924 743 1976 προειδέατο.

94 1981 174 2018 Nos
209 1985 356 2018 receutt.
407 1981 508 2018 editt.
537 1981 650 2018 secuti
685 1994 745 2017 su-

93 2051 192 2084 mus,
214 2050 292 2073 cum
308 2035 527 2090 προῃδέατο
548 2038 747 2074 descendat

93 2106 116 2130 a
144 2093 252 2129 verbo
274 2092 537 2145 προαιδέομαι
572 2094 594 2130 i.
616 2106 647 2130 e.
666 2106 746 2140 „re-

93 2151 300 2196 υενθηίίαηι,
350 2150 388 2186 ob
443 2153 620 2199 acceptum
665 2152 746 2185 ωιίε

95 2206 293 2255 beneficium
330 2209 363 2242 et
410 2209 554 2255 gratum
593 2206 746 2242 am'tnum

97 2264 239 2309 testor,“
268 2266 308 2298 ut
335 2260 507 2310 l[[‚}'„40.
532 2261 746 2310 Intelligun-

96 2323 153 2354 tur
173 2318 267 2354 enim
284 2319 535 2356 Pisistratidae
558 2319 656 2355 dona
677 2318 745 2355 sibi

97 2373 284 2422 collegisse
312 2376 358 2412 ab
380 2375 422 2411 iis
452 2375 623 2422 urbibus,
653 2387 747 2424 quae

98 2429 280 2467 beneficiis
292 2436 375 2468 ante
390 2432 547 2481 acceptis
562 2431 747 2468 devinctae

101 2484 190 2532 illis,
217 2499 311 2523 nunc
338 2489 486 2525 eosdem
507 2488 564 2524 hic
590 2487 748 2523 muueri—

100 2540 169 2575 bus
208 2543 473 2588 quodammodo
514 2555 746 2580 remuneran-

101 2601 168 2631 tur.
225 2596 365 2634 Eodem
395 2601 470 2637 sere
509 2612 621 2636 seusu
652 2613 746 2647 προ-

102 2654 218 2701 τιμᾶν
246 2654 382 2691 notavit
410 2656 562 2704 Seguar.
589 2655 637 2691 ad
666 2655 748 2692 Cle-

100 2713 208 2745 ment.
255 2709 354 2746 Alex.
408 2711 499 2753 Quis
552 2711 634 2747 Div.
680 2715 745 2748 etc.

99 2777 184 2814 pag.
214 2767 314 2812 368,
345 2779 450 2815 quem
476 2766 591 2803 locum
613 2767 746 2803 adscri-

98 2824 222 2870 pscrat
270 2821 330 2860 Cr.
367 2821 601 2872 προηὸέατο,
648 2824 746 2873 quod

99 2878 136 2914 in
169 2878 381 2927 quibusdam
411 2878 555 2928 legitur,
599 2880 742 2918 Grono-

809 1341 887 1377 vius
920 1340 1017 1376 ducit
1034 1352 1055 1376 a
1081 1339 1191 1376 verbo
1218 1333 1462 1388 προήδομαι,

810 1397 879 1434 hoc
895 1408 1025 1433 sensu:
1065 1408 1189 1444 „quae
1220 1396 1306 1443 ipsis
1340 1395 1463 1430 nonni-

811 1453 862 1489 Ιιὶί
889 1455 970 1488 ante
994 1450 1240 1500 pl(zcue1·ant.“
1281 1450 1357 1487 Sed
1387 1450 1464 1486 iure

810 1510 879 1546 hoc
909 1507 1089 1558 displicuit
1117 1507 1375 1554 W'esselingio.
1409 1528 1464 1533 β*

809 1565 878 1602 Ad.
909 1560 1080 1616 α’γείρειν
1110 1565 1262 1614 (stipem
1291 1563 1464 1611 colligere,

809 1621 1028 1668 mendicare)
1064 1621 1128 1658 Cr.
1157 1621 1305 1657 confert.
1336 1619 1465 1656 Ruhn-

810 1678 894 1715 keu.
940 1678 988 1714 ad
1023 1677 1167 1714 Timaei
1195 1676 1284 1714 Lex,
1320 1676 1463 1712 Platon.

811 1748 897 1785 pag.
924 1737 975 1775 10
1004 1738 1039 1771 et
1058 1734 1225 1770 Eustath.
1255 1733 1303 1769 ad
1327 1733 1463 1780 Odyss.

811 1789 925 1837 XIX,
955 1790 1036 1831 284
1067 1798 1121 1840 (p.
1154 1791 1237 1831 697
1268 1801 1379 1838 supra
1407 1788 1463 1824 ed.

812 1846 919 1893 Bas.)
933 1846 992 1882 ubi
1017 1847 1063 1883 de
1083 1841 1335 1899 εἷγυρτάζειν,
1368 1855 1465 1883 συν-

813 1902 1041 1953 αγείρεσθαι
1070 1907 1107 1939 et
1134 1896 1361 1950 πτωχεύειν.

871 1975 919 2018 ου’
942 1981 1076 2035 πολλῷ
1094 1976 1197 2032 λόγῳ
1221 1979 1358 2024 εἰπεῖν]
1386 1979 1408 2015 i.
1433 1992 1465 2015 e.

812 2039 853 2074 ut
898 2038 1023 2085 paucis
1073 2036 1270 2083 absolvam,
1335 2038 1467 2085 tempus

807 2093 1083 2144 praeterlupsum
1127 2096 1176 2129 est
1209 2092 1266 2140 (S.
1302 2095 1467 2141 tempore

814 2149 1018 2197 interiecto)
1039 2152 1070 2185 et
1099 2150 1213 2185 οηιηία
1234 2151 1321 2198 ipsis
1344 2148 1391 2184 αιί
1410 2161 1466 2184 τε-

814 2206 926 2243 ditum
962 2208 1096 2256 parata
1134 2208 1225 2241 sunt.
1281 2205 1342 2242 De
1369 2204 1466 2241 locu-

814 2263 913 2300 tione
962 2263 1054 2298 conf.
1104 2261 1234 2298 Matth.
1300 2259 1336 2311 ἓ.
1385 2260 1466 2301 545

814 2333 850 2369 p.
884 2321 1002 2359 1069.
1028 2318 1150 2365 Viger.
1187 2331 1223 2367 p.
1258 2320 1350 2358 206.
1371 2316 1465 2357 744.

814 2375 935 2412 Verba
966 2372 986 2414 ὁ
1016 2370 1156 2425 χρόνος
1187 2371 1305 2422 διέφυ
1335 2373 1468 2423 poetici

815 2433 903 2480 quid
933 2443 1062 2468 sonare
1091 2431 1276 2477 videntur,
1306 2442 1386 2466 cum
1412 2429 1467 2466 ni-

815 2488 864 2524 hil
887 2488 984 2525 aliud
1005 2487 1186 2534 iudicent,
1214 2487 1305 2523 nisi:
1335 2490 1467 2535 tempus

815 2548 864 2580 est
894 2546 1129 2589 interfectura,
1170 2542 1230 2579 ubi
1257 2542 1468 2592 plerumque

814 2600 953 2639 Noster
973 2602 1083 2637 utitur
1109 2599 1220 2636 verbo
1242 2597 1467 2650 διέρχεσθαι

816 2670 858 2695 ac
878 2657 1062 2694 similibus,
1099 2677 1154 2682 —
1189 2654 1247 2692 De
1266 2655 1466 2705 Lygdmm,

815 2727 922 2762 quein
942 2713 1037 2750 Naxi
1057 2717 1248 2760 tyranuum
1272 2717 1375 2749 vocat
1394 2711 1466 2747 Po-

812 2770 841 2818 l)
850 2783 962 2807 aeuus
981 2770 1139 2817 Strateg.
1157 2768 1187 2817 I,
1209 2769 1262 2809 23
1285 2767 1321 2821 ἓ.
1338 2772 1377 2817 2,
1397 2768 1465 2807 vid,

812 2827 904 2863 iufra
924 2826 953 2874 Ι,
975 2826 1039 2867 64.
