1909 3228
449 212 535 254 414

846 209 1311 252 HERODoTl

448 319 694 376 τρακοσὶων
731 318 936 363 σταδίων’
990 318 1068 362 τὸν
1101 318 1147 363 δὲ
1187 317 1489 377 ὀρυσσόμενον
1520 323 1629 378 χοῦν
1657 319 1705 364 ἐκ

448 397 609 444 τούτου
644 400 727 440 τοῦ
765 394 1014 452 ὀρύγματος
1051 394 1289 452 ἀναισίμου
1327 400 1447 453 παρὰ
1483 400 1537 444 τιὶ
1570 401 1763 456 χείλεαὸο

420 482 535 522 εἰτοῦ
574 479 774 530 ποταμοῦ
814 475 1105 532 παραχέουσα.
1162 476 1253 521 ἐπεί
1290 494 1334 521 τε
1365 478 1410 522 δέ
1440 480 1484 522 οἱ
1512 478 1706 533 ὤρυκτο,

447 559 602 606 λίθους
631 553 902 612 ἀγαγομένη»
931 558 1119 611 κρηπῖδα
1148 556 1295 616 κύκλῳ
1323 558 1421 612 περὶ
1443 555 1581 613 αὐτὴν
1605 557 1706 613 ἥλα-

419 643 510 678 Ίσε.
550 631 713 678 Ἐποίεε
752 633 798 677 δὲ
837 631 1061 690 ἀμφότερα
1098 640 1256 689 ταῦτα,
1316 635 1396 680 τόν
1431 653 1475 680 τε
1512 634 1707 690 ποταμὸν

447 712 649 765 σκολιὸν,
691 712 764 756 καὶ
792 712 841 757 τό
873 712 1045 770 ὄρυγμα
1073 718 1161 758 πᾶν
1188 715 1301 766 ἕλος·
1352 713 1411 766 ὥς
1441 713 1467 758 ὅ
1495 730 1538 758 τε
1570 729 1705 758 ποτα-

444 790 526 848 μὸς
555 791 823 848 βραδύτερος
853 794 945 850 εἴη,
990 795 1088 849 περὶ
1127 795 1299 850 καμπὰς
1334 793 1497 845 πολλάς
1525 791 1761 849 dyvous-55

445 889 548 925 νος,
578 873 651 916 καὶ
681 873 725 916 οἱ
751 871 880 916 πλόοι
908 873 1008 917 ἔωσι
1038 875 1206 918 σκολιοὶ
1245 874 1287 926 ἐς
1328 873 1409 931 τήν
1437 876 1703 930 Βαβυλῶνα·

446 953 492 995 ἐκ
528 967 571 995 τε
605 954 694 995 τῶν
730 951 878 995 πλόων
921 952 1142 1009 ἐκδέκηται
1199 954 1403 1008 περίοδος
1449 956 1524 1008 τῆς
1553 953 1704 1007 λίμνης

417 1029 604 1087 8μακρή.
661 1030 770 1074 κατὰ
798 1034 930 1075 τοῦτο
974 1031 1019 1075 δὲ
1060 1030 1275 1087 εἰργάζετο
1307 1036 1380 1087 τῆς
1408 1030 1549 1087 χώρης
1577 1035 1629 1086 τῇ
1660 1030 1709 1073 αἳ

444 1126 489 1154 τε
516 1110 694 1166 ἐσβολαὶ
731 1105 864 1167 ἦσαν,
924 1109 997 1154 καὶ
1026 1108 1078 1153 τὰ
1119 1108 1312 1165 σύντομα
1350 1114 1426 1167 τῆς
1455 1110 1501 1154 ἐκ
1531 1109 1705 1166 Μήδων

445 1187 575 1242 ὁδοῦ,
605 1191 679 1234 ἵνα
707 1189 766 1248 μή
797 1187 1121 1248 ἐπιμισγόμενοι
1151 1191 1194 1234 οἱ
1213 1191 1363 1247 Μῆδοι
1383 1187 1704 1246 ἐκμανθάνοιεν

445 1392 498 1442 ὥς
527 1391 549 1435 ὅ
576 1409 617 1435 τε
645 1391 822 1446 ποταμός
850 1390 1039 1446 βραδύτε-

389 1466 458 1503 ρος
480 1451 558 1502 εἴη
578 1473 635 1480 --
653 1450 721 1490 καὶ
748 1451 789 1491 οἷ
813 1450 932 1490 πλόοι
959 1451 1037 1490 ἕω-

389 1519 438 1546 σι
468 1506 617 1547 σκολιοὶ
642 1506 682 1555 ἐς
697 1504 770 1558 τήν
791 1508 1036 1558 Βαβυλῶνα]

387 1563 498 1601 Haud
517 1568 653 1602 temere
672 1564 709 1600 in
734 1564 851 1601 modis
880 1565 1040 1602 variasse

387 1620 532 1657 videtur
548 1619 707 1668 Noster,
736 1620 797 1670 qui
825 1620 862 1657 in
893 1633 932 1658 re
952 1633 1039 1671 pro-

388 1675 496 1714 babili
532 1680 690 1724 tantum,
742 1689 837 1725 quae
867 1676 944 1713 fieri
976 1681 1039 1713 aut

388 1732 483 1770 effici
502 1736 632 1781 queat,
649 1733 810 1782 optativo
831 1731 933 1781 (εἴη)
950 1745 1037 1768 usus

388 1792 464 1836 est,
509 1788 734 1825 coniunctivo
767 1792 887 1824 autem
914 1788 951 1824 in
980 1800 1039 1834 eo,

387 1844 487 1894 quod
505 1844 575 1881 sibi
595 1848 731 1881 certum
750 1843 884 1880 habeat
900 1856 1038 1893 propo-

387 1900 493 1937 situm
506 1900 677 1949 quodque
694 1913 760 1936 suo
777 1899 927 1936 consilio
948 1911 1038 1950 ope-

386 1957 500 2005 raque
520 1956 690 1994 effectum
716 1955 811 1993 velit.
869 1955 977 1992 conf.
1008 1955 1038 2003 I,

389 2015 469 2054 196
497 2016 533 2050 et
553 2011 682 2049 Matth.
705 2012 770 2049 Gr.
794 2012 861 2049 Gr.
888 2025 924 2062 p.
942 2011 1037 2053 994.

386 2068 525 2106 Similia
551 2069 650 2120 apud
672 2068 891 2106 Pausaniam
910 2068 1039 2106 obser-

385 2125 482 2163 vavit
501 2124 667 2163 Siebelis.
689 2124 738 2162 ad
760 2124 814 2173 11,
834 2126 888 2166 37
910 2122 948 2175 §.
971 2123 1009 2165 4.

443 2179 486 2220 ἔκ
507 2195 547 2220 τε
572 2183 652 2220 τῶν
681 2176 818 2220 πλόων
836 2179 1041 2231 ἐκδέκηται

385 2237 572 2290 περίοδος
598 2239 670 2287 τῆς
704 2237 845 2288 λίμνης
882 2232 1037 2288 μακρή]

385 2294 489 2332 Haec
504 2295 553 2332 ad
585 2294 735 2332 verbum
754 2295 806 2331 sic
825 2294 1038 2331 reddenda:

384 2353 425 2388 ut
451 2363 494 2387 ex
523 2351 753 2399 navigatione
777 2363 839 2401 per
867 2349 1038 2400 Euphra-

387 2410 454 2444 tem
492 2406 675 2456 (hostes)
714 2409 884 2457 exciperet
929 2407 1039 2454 longa

381 2463 530 2514 paludis
570 2464 751 2512 circuitio,
796 2476 826 2501 s,
862 2465 904 2499 ut
937 2463 1039 2499 finita

385 2532 453 2570 per
508 2519 731 2571 Euphratem
786 2518 1040 2568 navigatione,

383 2576 448 2612 ubi
501 2576 540 2613 in
598 2580 732 2614 terram
787 2575 1038 2621 escenderint,

385 2630 610 2680 Babylonem
659 2632 821 2683 pedestri
866 2631 923 2668 via
973 2643 1040 2681 pe·-

386 2690 531 2736 tentes,
572 2693 789 2737 cogerentur
825 2687 936 2736 longo
973 2687 1033 2723 iti-

387 2754 475 2779 nere
529 2743 713 2782 circumire
761 2744 876 2781 lacum
927 2744 1034 2780 istum

389 2809 506 2845 eoque
547 2801 656 2836 modo
703 2799 840 2837 facilius
886 2800 1033 2837 cohibe-

389 2858 532 2900 rentur,
564 2867 672 2904 quam
701 2857 732 2893 si
762 2861 860 2894 recta
882 2856 939 2894 via
961 2855 1034 2894 Ba-

1106 1395 1275 1445 bylonem
1320 1400 1499 1446 peterent.
1576 1388 1644 1433 Ἐκ
1681 1395 1761 1433 τῶν

1105 1448 1237 1491 πλόων
1258 1465 1300 1489 ex
1318 1454 1547 1500 navigatione
1576 1450 1598 1487 i.
1618 1464 1649 1488 e.
1679 1463 1761 1488 con-

1106 1510 1203 1545 tinuo
1225 1511 1307 1558 post
1338 1509 1620 1556 navigationem,
1651 1519 1759 1555 quam

1106 1578 1222 1613 usque
1248 1565 1296 1601 ad
1332 1563 1447 1601 lacum
1485 1563 1581 1600 illam
1619 1562 1759 1613 experti

1106 1625 1231 1667 erant,
1260 1633 1354 1657 nunc
1366 1620 1597 1669 egredientes
1616 1632 1660 1656 eo
1674 1632 1761 1656 eon-

1105 1677 1208 1724 silio,
1251 1681 1290 1713 ut
1329 1677 1400 1714 iam
1433 1676 1595 1725 pedestri
1632 1675 1760 1712 itinere

1105 1733 1241 1782 quippe
1262 1732 1380 1780 magis
1409 1731 1671 1781 compendioso
1686 1731 1761 1767 Ba-

1104 1788 1275 1836 bylonem
1309 1792 1489 1838 peterent.
1540 1786 1624 1824 Hoc
1648 1788 1760 1824 modo

1105 1843 1305 1894 explicatus
1335 1844 1434 1880 locus
1454 1842 1587 1880 nullam
1604 1856 1685 1881 meo
1706 1844 1761 1880 iu-

1105 1900 1199 1937 dicio
1248 1900 1406 1937 admittit
1458 1899 1764 1948 emendationem,

1105 1956 1249 2006 qualem
1277 1955 1400 2007 plures
1441 1955 1537 1993 docti
1575 1956 1642 1992 viri
1672 1956 1759 1994 olim

1103 2017 1300 2050 tentarunt.
1370 2012 1538 2051 Eundem
1574 2012 1612 2050 in
1649 2012 1758 2051 sulem

1103 2069 1266 2118 disputat
1293 2068 1489 2117 Breigerus
1507 2068 1530 2106 l.
1547 2068 1569 2105 l.
1598 2080 1684 2118 pag.
1702 2067 1758 2110 45

1106 2129 1233 2162 contra
1256 2137 1341 2172 eos,
1371 2124 1432 2173 qui
1461 2137 1572 2175 prave
1595 2124 1653 2161 hie
1680 2129 1758 2161 sta-

1107 2184 1224 2226 tuunt,
1236 2181 1504 2229 navigationem
1515 2193 1558 2217 ex
1570 2179 1756 2229 Euphrate

1106 2249 1172 2287 per
1191 2236 1353 2273 lacunam
1386 2236 1491 2273 istam
1511 2236 1755 2274 continuatam

1106 2293 1218 2330 fuisse
1241 2292 1351 2342 idque
1375 2291 1596 2330 Herodoteis
1637 2292 1756 2330 verbis

1105 2348 1200 2387 effici
1223 2361 1334 2399 posse
1352 2349 1586 2386 contendunt.

1160 2401 1258 2443 κατα
1288 2406 1405 2444 τοῦτο
1436 2402 1478 2443 δὲ
1495 2425 1551 2433 —-
1581 2406 1632 2458 τῇ
1652 2404 1754 2445 αἵτε

1104 2459 1262 2512 ἐσβολαὶ
1281 2455 1405 2511 ἦσαν,
1424 2460 1493 2500 καὶ
1512 2457 1559 2500 τοὶ
1577 2458 1756 2513 σύντομα

1104 2520 1175 2568 τῆς
1196 2516 1240 2558 ἐκ
1262 2512 1424 2568 Μήδων
1444 2516 1556 2568 ὁδοῦ]
1577 2517 1636 2556 De
1654 2514 1754 2558 κατὰ

1105 2575 1220 2613 τοῦτο
1236 2593 1294 2602 --
1311 2576 1361 2628 τῇ
1379 2576 1472 2611 conf.
1495 2586 1606 2624 supra
1625 2573 1663 2622 1,
1685 2573 1753 2616 84.

1106 2628 1313 2681 ἐσβολαὶ
1339 2635 1426 2667 sunt
1453 2632 1594 2677 sanem,
1621 2631 1753 2679 quibus

1105 2688 1224 2724 aditus
1247 2701 1275 2723 s.
1292 2686 1457 2723 introitus
1476 2690 1578 2737 patet
1595 2698 1615 2723 e
1628 2685 1753 2724 Media

1101 2743 1138 2779 in
1158 2742 1392 2791 Babyloniam
1414 2747 1569 2787 terram3
1588 2739 1634 2780 τοὶ
1656 2738 1750 2781 σύν-

1100 2813 1200 2849 τομα
1221 2801 1290 2847 τῆς
1309 2798 1351 2838 ἐκ
1366 2801 1425 2837 Μ.
1440 2796 1463 2837 ὁ
1483 2799 1641 2835 indicant
1657 2799 1750 2834 viam

1099 2855 1322 2904 breviorem,
1388 2854 1749 2906 compendiosiorem,
