1909 3228
269 443 334 489 52
393 443 640 499 δεδήλωται.

69 509 210 536 Caruisse
240 508 342 536 Pelas-

67 551 172 577 gorum
190 543 268 569 Deos
290 551 341 569 no

67 574 345 609 ininilmn:ea1v‹»=t

67 618 101 636 ex
119 611 198 644 Aen>
204 613 252 648 pto
270 610 344 636 aua-

67 648 108 676 ω,
125 643 235 669 oraculi
247 643 342 669 Dodo-

395 259 482 298 606
849 253 1315 292 HERODOTI

396 369 478 409 τοῦ
507 364 668 416 ἔλεξαν,
697 360 751 404 τὰ
781 361 827 404 ἐν
856 366 967 405 τοῖσι
998 362 1043 405 ἐν
1065 364 1357 418 Σαμοθρηΐκῃ
1382 363 1680 418 μυστηρίοισι-’3

678 439 848 483 ’Ὲθυον
876 442 920 484 δὲ
950 439 1091 483 πάντα
1121 440 1336 495 πρότερον
1365 442 1407 483 οἱ
1437 441 1653 495 Πελασγοὶ

398 527 539 566 θεοῖσι
568 518 866 574 ἐπευχόμενοι,
898 519 955 571 ὡς
985 519 1067 575 ἐγώ
1099 519 1144 562 ἐν
1161 518 1355 574 Δωδώνῃ
1388 516 1486 561 οἶδα
1515 517 1650 561 οἰκού-

67 677 134 703 naei
163 676 256 702 solius
283 680 342 702 tum

66 710 97 735 in
125 709 252 736 Graecia
285 717 329 735 nu

67 742 130 769 nitu
159 743 217 770 inis
249 743 344 769 indita

68 784 143 803 0538·

340 817 443 869 ponit
462 817 648 854 materiam
658 813 750 868 (τήν
762 814 895 867 ἑτέραν
914 812 991 867 φύ-

342 876 425 922 σιν)
448 886 522 909 non
550 886 720 924 capacem
747 875 904 911 omnium
931 887 990 911 ra-

340 931 476 967 tionum
512 944 538 966 s.
572 930 732 967 idearum
746 959 756 976 ‚
800 931 865 968 sed
896 931 991 968 relu-

341 991 497 1023 ctantem
519 990 628 1035 atque
649 986 815 1024 sterilem.
863 987 991 1024 Cicero

340 1042 362 1079 l.
385 1042 422 1089 l.,
454 1041 664 1079 Plutarchus
684 1042 705 1079 l.
725 1043 747 1079 l.
768 1048 804 1080 et
825 1043 990 1092 Porphy-

340 1099 414 1135 rius
433 1098 550 1148 (apud
561 1098 694 1136 Euseb.
704 1099 835 1148 Praep.
847 1099 990 1148 Evang.

340 1155 389 1192 III
413 1169 448 1204 p.
471 1154 550 1195 114
566 1154 716 1203 Colon.)
737 1155 920 1204 sigillatim
932 1168 992 1192 ac-

340 1211 476 1262 cipiunt
493 1211 539 1248 de
558 1211 626 1248 sole
643 1215 824 1260 vegetante
847 1216 884 1249 et
902 1210 991 1248 lund

340 1266 519 1316 vegetant.
578 1268 647 1304 Cui
669 1272 705 1305 et
735 1269 853 1318 ipsum
872 1281 992 1318 oppo-

340 1328 433 1361 nunt
471 1323 709 1371 Mercurium,
756 1325 825 1362 hoc
857 1329 989 1374 pacto:

339 1393 414 1417 non
451 1380 622 1416 continuo
657 1385 693 1417 et
730 1393 992 1429 usquequaque

339 1436 537 1473 rationibus
576 1436 805 1473 seminalibus
838 1436 989 1485 implere

339 1491 540 1530 Mercurius
550 1491 671 1528 lunam
689 1496 833 1541 potest,
845 1497 883 1527 ut
896 1504 988 1540 quae

341 1548 386 1584 ab
408 1548 509 1584 initio
529 1548 701 1584 obnititur
724 1552 760 1584 et
785 1560 885 1583 suam
912 1548 992 1596 ipsa

340 1604 600 1653 aliquantisper
639 1604 815 1640 rationem
861 1603 990 1640 sectari

341 1659 497 1703 mavult3
528 1660 591 1696 sed
624 1659 681 1696 ille
701 1659 810 1696 instat
831 1663 866 1696 et
887 1658 991 1695 moli-

342 1721 421 1762 tur,
459 1716 577 1752 donec
609 1728 652 1752 ea
678 1715 863 1764 paullatim
895 1715 990 1751 illam

341 1771 488 1808 alteram
506 1772 800 1821 superioremque
814 1772 990 1807 rationem

340 1827 467 1876 recipit
505 1831 617 1875 atque
652 1827 688 1862 in
727 1839 766 1863 se
800 1827 990 1863 convertit.

339 1883 609 1931 Nonnunquam
626 1887 747 1918 tamen
768 1895 915 1931 prorsus
934 1895 992 1919 re-

342 1940 438 1989 spuit
457 1939 576 1975 oblata
589 1968 599 1986 ,
629 1944 665 1975 et
683 1939 855 1976 hactenus
886 1952 905 1976 e
926 1952 991 1987 ge-

341 1996 504 2032 nerando
532 1995 709 2032 desistere
731 1995 872 2043 cogitur
893 1994 993 2032 Mer-

342 2052 459 2087 curius
488 2052 585 2099 (vid.
610 2051 644 2087 T
647 2054 773 2088 zetzae
804 2050 912 2088 schol.
943 2051 991 2087 ad

339 2107 520 2158 Lycophr.
563 2120 654 2144 vers.
687 2109 780 2147 698.
817 2109 923 2148 1176
954 2112 991 2144 et

339 2164 461 2212 Etym.
481 2177 527 2200 m.
545 2178 581 2214 p.
597 2162 675 2204 194
685 2162 819 2213 Lips.).
832 2163 991 2200 —Hine

337 2219 397 2255 illa
418 2220 559 2267 fabula,
599 2231 705 2268 quam
736 2219 878 2256 Tullius
905 2220 988 2256 atti-

338 2276 409 2324 git:
431 2275 632 2313 Mercurius
653 2274 734 2322 (sol,
755 2288 830 2312 mas
850 2275 904 2312 vel
920 2289 990 2325 po-

336 2333 405 2367 tius
438 2332 563 2369 solaris
591 2333 737 2380 genius,
769 2332 861 2368 ratio
893 2331 988 2368 sola-

335 2388 402 2435 ris)
416 2389 619 2438 adspiciens
641 2387 886 2437 Proserpinam
910 2386 986 2435 (lu-

333 2456 415 2480 nam
442 2445 645 2493 virginem)
677 2448 921 2481 commovetur
952 2447 988 2481 et

337 2512 415 2536 cum
437 2501 480 2537 ea
509 2503 604 2537 co'ire
624 2500 789 2550 discupit.
846 2500 893 2536 At
915 2499 987 2546 illa,

337 2560 463 2604 utpote
485 2557 607 2605 virgo,
626 2555 841 2603 reluctatur,
865 2555 987 2592 irasci-

337 2614 416 2659 tur,
444 2611 536 2648 ultro
551 2613 712 2661 citroque
731 2616 909 2649 commeat
931 2611 985 2658 (h.

339 2678 370 2702 e.
405 2666 625 2716 Proserpina
658 2669 770 2714 irata,
817 2668 985 2705 terribilis

338 2721 516 2770 igiturque
528 2724 650 2760 Brimo
673 2724 746 2760 sive
758 2723 910 2771 Hecate,
926 2736 988 2761 ea-

339 2777 495 2825 demque
506 2779 700 2827 venatrix),
718 2780 883 2817 nimirum
896 2792 987 2829 quo-

338 2832 386 2867 ad
403 2832 583 2881 paullatim
603 2835 832 2882 exhilaretur,
854 2840 890 2873 et
906 2848 986 2872 cum

337 2886 517 2924 Mercurio
544 2891 769 2928 concumbat.
825 2890 881 2928 Ex
910 2903 984 2941 quo

400 613 497 651 σας·
536 599 783 654 ἐπωνυμίην
823 599 868 642 δὲ
898 597 998 642 οὐδ’
1037 598 1207 655 οὔνομα
1249 598 1472 641 ἐποιεῦντο
1509 595 1654 640 οὐδενὶ

1056 817 1173 862 coitu,
1203 815 1363 853 nonnulli
1390 815 1618 852 tradiderunt
1645 826 1708 850 na-

1057 876 1133 909 tum
1182 885 1264 910 esse
1316 872 1524 910 Eleusinem
1562 871 1708 908 heroem

1058 928 1231 976 (Pausan.
1254 929 1289 975 l,
1309 930 1383 976 38,
1406 929 1458 976 7)
1491 928 1513 964 i.
1545 940 1576 964 e.
1615 940 1709 973 eum,

1058 985 1120 1034 qui
1164 986 1308 1033 frugum
1347 988 1560 1036 proventum
1605 983 1707 1020 insti-

1058 1041 1138 1077 tuit.
1169 1062 1225 1068 ——

1111 1092 1233 1134 ‘coi—
1262 1092 1501 1147 δεδήλωται]
1544 1092 1592 1134 vo?
1628 1109 1709 1133 cum

1058 1153 1175 1189 minus
1194 1158 1369 1202 congruat
1388 1152 1706 1190 antecedentibus:

1061 1205 1144 1261 ἱρὸν
1173 1205 1309 1261 λόγον,
1339 1209 1519 1260 explicant
1544 1204 1654 1247 καθα
1685 1208 1707 1244 i.

1060 1279 1091 1303 e.
1118 1280 1215 1303 κατα
1252 1268 1395 1313 ταῦτα,
1433 1261 1469 1303 ἆ.
1526 1264 1708 1314 Equidem

1058 1322 1105 1359 ad
1123 1326 1341 1369 structuras,
1372 1334 1465 1371 quae
1485 1322 1533 1358 ad
1550 1333 1708 1367 sensum,

1059 1379 1109 1414 uti
1133 1378 1256 1426 aiunt,
1286 1378 1543 1424 instituuntur,
1573 1378 1709 1414 referre

1057 1433 1176 1470 malim
1210 1430 1268 1472 τά.
1327 1434 1407 1471 Nec
1442 1433 1582 1470 Latinis
1622 1432 1708 1468 talia

1060 1489 1214 1526 insolita.
1255 1491 1363 1527 Conf.
1384 1490 1499 1526 Corte
1519 1489 1567 1525 ad
1588 1487 1705 1526 Cicer.

1061 1559 1143 1595 epp.
1170 1547 1217 1582 ad
1244 1547 1374 1583 divers.
1394 1545 1439 1591 V,
1463 1543 1527 1585 14.

1266 1602 1376 1651 Cap.
1414 1600 1493 1637 LII.

1116 1656 1240 1697 ἔθυον
1270 1655 1313 1696 δὲ
1343 1651 1533 1707 πάντα]
1574 1652 1707 1695 πάντα

1057 1714 1079 1750 i.
1109 1727 1140 1751 e.
1180 1714 1349 1763 quaslibet
1388 1725 1439 1749 res
1465 1716 1497 1749 et
1529 1713 1661 1750 hostias
1691 1725 1708 1749 e

1059 1783 1190 1819 quoque
1205 1771 1437 1807 ‹mimantc'um
1455 1781 1598 1817 genere,
1621 1774 1658 1806 ut
1679 1767 1708 1816 I,

1059 1827 1134 1872 50,
1168 1826 1227 1861 ubi
1257 1826 1328 1862 vid.
1387 1825 1569 1875 Supplent
1587 1820 1708 1864 θύσι-

1059 1897 1122 1931 μα.
1182 1882 1375 1919 Caeterum
1415 1881 1492 1918 iure
1526 1880 1595 1918 hoc
1627 1881 1707 1918 loco

1058 1951 1143 1974 usus
1166 1943 1220 1975 est
1242 1938 1442 1975 Creuzerus
1461 1937 1562 1974 initio
1586 1937 1706 1988 operis

1059 1994 1106 2031 de
1126 1994 1346 2043 mythologia
1368 2006 1410 2030 ac
1429 1993 1581 2041 symbol.
1598 1994 1668 2030 vol.
1691 1993 1706 2030 I

1059 2063 1143 2100 pag.
1167 2051 1206 2096 4,
1229 2051 1398 2087 docturus
1421 2049 1574 2097 scilicet,
1590 2062 1706 2099 quan-

1058 2112 1133 2142 tum
1163 2107 1303 2143 intersit
1333 2106 1426 2143 inter
1456 2105 1549 2142 hanc
1576 2106 1704 2143 rudem

1058 2175 1099 2199 ac
1129 2162 1324 2212 simplicem
1356 2162 1444 2199 deos
1471 2160 1614 2198 colendi
1645 2173 1705 2197 ra-

1055 2218 1191 2255 tionem
1212 2222 1248 2255 et
1266 2219 1359 2255 inter
1378 2217 1640 2253 ornatissimam
1659 2217 1702 2253 il-

1055 2273 1126 2310 lam
1147 2274 1296 2311 deorum
1315 2273 1612 2323 compositionem
1628 2272 1703 2310 lae-

1054 2330 1302 2378 tissimamque
1330 2328 1530 2366 fabularum
1557 2329 1604 2365 de
1634 2329 1701 2365 diis

1053 2387 1272 2433 ubertatem,
1302 2384 1443 2434 qualem
1470 2388 1617 2435 postera
1641 2398 1703 2422 ae-

1052 2446 1127 2479 tate
1181 2442 1390 2479 invenimus.
1457 2441 1704 2479 Interveniunt

1053 2498 1219 2534 nimirum
1240 2499 1445 2536 sacerdotes
1469 2497 1536 2544 illi,
1567 2498 1628 2547 qui
1646 2509 1705 2534 sa-

1054 2567 1194 2591 crorum
1232 2554 1395 2592 doctrina
1433 2553 1561 2602 vulgus
1598 2566 1702 2591 exco-

1053 2609 1168 2647 lentes
1191 2611 1458 2648 ornatissimum
1479 2609 1578 2646 illum
1607 2610 1702 2647 deo-

1053 2679 1130 2703 rum
1153 2666 1283 2703 cultum
1311 2667 1543 2703 introducunt
1573 2665 1703 2715 (poly-

1055 2721 1245 2759 theismum
1277 2722 1385 2771 vulgo
1405 2721 1617 2774 appellant)
1648 2722 1703 2758 in-

1053 2779 1172 2826 deque
1192 2779 1300 2815 etiam
1322 2778 1587 2829 polyonymiam
1606 2776 1701 2814 illam

1053 2834 1222 2882 deorum,
1253 2834 1406 2873 antehac
1425 2846 1574 2886 prorsus
1594 2833 1700 2881 igno-

1050 2893 1177 2927 ratam.
