1909 3228
737 245 953 286 CLIO.
1009 246 1036 284 I.
1424 250 1507 291 347

222 353 526 410 4ποιησάντων
544 354 588 398 δὲ
608 358 742 398 ταῦτα
761 356 1048 411 Σμυρναίων,
1071 355 1353 399 ἔπιδιείλοντό
1370 366 1506 412 σφεας

251 433 297 477 αἱ
333 433 486 477 ἕνδεκα
524 434 690 488 πόλιες,
739 435 811 478 καὶ
850 434 1107 490 ἐποιήσαντο
1154 434 1300 491 σφέων
1340 434 1531 479 αὐτέων1

129 524 224 571 151
250 512 469 569 πολιήτας.

531 510 672 557 Αὗται
700 514 778 569 μέν
807 530 891 557 νυν
921 516 965 557 αἱ
993 511 1269 570 ἠπειρώτιδες
1300 516 1498 567 Αἰολίδες
1555 520 1651 548 0‘1’08
1697 522 1833 550 Ae‘ffiffle

1555 554 1585 580 in
1606 555 1669 589 lda,
1688 564 1753 582 cum
1772 556 1832 582 inis

248 590 420 645 πόλιες,
463 593 540 644 ἔξω
569 597 657 636 τῶν
686 592 732 635 ἐν
760 596 813 649 τῇ
831 591 925 649 Ἴδῃ
956 593 1219 649 οἰκημένων·
1266 596 1499 651 κεχωρίδα-
1558 596 1616 614 '¹⁰¹¹
1649 590 1833 617 ⁰⁰¹¹iu¹¹⁰‘³⁰·

1558 621 1708 649 Caeterae
1734 623 1833 656 urbes,

1557 654 1588 681 in
1608 655 1722 683 insulis.
1759 657 1833 683 Aco-

221 678 323 715 Ξται
357 671 441 727 γὰρ
481 666 619 715 αὗται.
680 671 799 715 αἰδὲ
838 671 915 723 τοὶς
943 672 1106 727 νήσους
1135 672 1328 728 ἔχουσαι,
1378 673 1502 718 πέντε
1557 688 1655 715 leuses
1713 693 1834 725 propter

1558 722 1667 756 Cyrum
1729 722 1833 750 adiuu-

249 750 328 807 μὲν
355 749 500 801 πόλιες
530 748 612 805 τήν
630 749 801 806 Λέσβον
828 750 1052 807 νέμονται·
1083 751 1161 807 τὴν
1188 752 1270 807 γὰρ
1300 752 1426 809 ἕκτην
1451 753 1529 796 ἐν5
1557 760 1632 791 gunt
1651 765 1684 784 ⁸0
1704 755 1832 784 ¹⁰⁰⁵bus·

248 832 302 885 τῇ
332 829 485 886 Λέσβῳ
527 827 781 886 οἰκεομένην
816 827 1016 886 Ἀρίσβαν
1052 828 1377 887 ἠνδραπόδισαν
1405 836 1506 888 Μη-

247 912 481 962 θυμναῖοι,
511 907 662 961 ἐόντας
692 910 917 967 ὁμαίμους.
974 910 1021 953 ἐν
1060 911 1224 967 Τενέδῳ
1266 910 1311 954 δὲ
1342 912 1419 966 μία
1448 913 1507 955 οἰ-

245 985 386 1030 κέεται
414 987 541 1039 πόλις
558 1020 569 1042 ,
617 989 688 1033 καὶ
718 989 765 1033 ἐν
793 994 890 1048 τῇσι
924 988 1104 1033 Ἑκατὸν
1132 987 1324 1046 Νήσοισι
1362 993 1508 1034 καλεο-

217 1065 403 1123 3μένῃσι
436 1065 542 1125 ἄλλη
571 1070 660 1124 μία.
719 1071 944 1125 Λεσβίοισι
972 1068 1050 1125 μέν
1078 1084 1163 1112 νυν
1191 1068 1265 1112 καὶ
1291 1070 1503 1112 Τενεδίοι-

249 1156 314 1197 σι,
363 1146 554 1204 κατάπερ
590 1146 750 1193 Ἰώνων
779 1154 893 1193 τοῖσι
927 1146 1003 1199 τὰς
1039 1146 1202 1204 νήσους
1231 1146 1402 1204 ἔχουσι,
1448 1142 1505 1205 ἦν

397 1348 506 1400 Cap.
537 1348 633 1388 CLI.

246 1429 320 1478 ἔξω
339 1433 419 1471 τῶν
447 1431 490 1472 ἐν
509 1435 561 1488 τῇ
576 1430 661 1488 Ἴδῃ
684 1431 842 1485 οἰκημέ-

189 1486 296 1538 νων]
336 1487 507 1538 Triginta
536 1503 687 1528 numero
719 1491 840 1541 suspi-

188 1545 280 1582 ceris
312 1545 427 1584 fuisse
455 1545 544 1584 haec
573 1547 711 1597 oppida
745 1547 839 1584 circa

189 1601 289 1638 Idam
310 1606 470 1640 montem
493 1602 584 1650 sita,
612 1603 839 1653 maximaque

190 1670 233 1695 ex
251 1661 354 1707 parte
385 1671 407 1695 a
426 1659 596 1707 Cymaeis
622 1659 840 1709 Lesbiisque

189 1713 344 1751 condita.
374 1715 431 1751 Cf.
452 1716 572 1753 Strab.
600 1716 686 1754 XIII
708 1730 744 1767 p.
757 1719 840 1758 622

192 1770 249 1807 ed.
269 1770 427 1807 Casaub.
446 1784 474 1807 s,
495 1785 532 1822 p.
554 1772 635 1814 924
651 1802 662 1819 ,
682 1772 726 1809 Α.

246 1820 288 1863 ’A
299 1840 320 1876 ρ
334 1826 381 1865 ίσ
392 1827 416 1877 β
429 1841 453 1864 α
467 1841 490 1865 ν
537 1823 842 1879 ἠνδραπόδισαν

192 1884 478 1932 Μεθυμναῖοι]
537 1882 705 1921 Meminit
737 1884 842 1920 huius

190 1938 308 1985 urbis,
328 1951 422 1987 quae
442 1939 487 1976 ab
506 1939 576 1976 alia
595 1940 756 1977 eiusdem
776 1953 843 1976 no-

190 1994 296 2031 minis
324 1995 361 2031 in
382 1995 532 2033 Troade
555 2000 651 2032 terra
676 1996 842 2044 dignosci

191 2051 324 2098 debet,
353 2056 388 2088 et
408 2051 513 2088 huius
532 2052 645 2102 ipsius
666 2051 734 2089 loci
756 2052 840 2089 Ste-

189 2108 331 2157 phanus
366 2108 519 2155 Byzant.
551 2121 581 2145 S.
606 2121 638 2145 v.
668 2103 839 2159 Ἀρίσβῃ,

191 2164 292 2200 cuius
326 2163 442 2201 locum
471 2165 595 2214 utique
634 2169 840 2214 corruptum

189 2223 321 2256 tractat
339 2219 455 2257 Marx.
484 2222 531 2257 ad
553 2220 691 2270 Ephori
710 2221 840 2268 fragm.

191 2289 276 2325 pag.
298 2279 377 2317 116
394 2290 472 2326 seq.
508 2276 655 2314 Nomen
676 2277 761 2313 urbs
777 2289 839 2313 ac-

191 2333 333 2382 cepisse
352 2334 466 2371 sertur
483 2333 528 2370 ab
541 2332 671 2370 Arisba
684 2362 694 2379 ,
715 2332 840 2370 Mero-

192 2389 249 2438 pis
280 2389 363 2426 filia.
422 2389 496 2427 Ubi
526 2390 596 2426 sita
627 2390 754 2436 fuerit,
783 2389 839 2425 vix

195 2449 293 2481 certo
312 2459 407 2483 nunc
423 2446 574 2484 definire
591 2445 673 2483 licet
684 2475 694 2492 ‚
713 2458 842 2495 quam-

193 2501 248 2536 vis
271 2501 459 2550 probabile
486 2503 556 2550 sit,
585 2515 664 2540 eam
695 2502 731 2538 in
760 2501 843 2539 Me-

194 2557 364 2605 thymnae
406 2557 532 2595 vicinia
571 2559 678 2595 sitam
716 2558 842 2595 fuisse.

195 2613 303 2649 conf.
324 2613 448 2650 Plehn.
477 2614 514 2650 in
539 2614 724 2652 Lesbiaco.
750 2613 842 2650 libro

194 2681 280 2719 pag.
303 2672 370 2710 21.
429 2670 530 2713 Quas
554 2674 743 2720 praeterea
769 2669 844 2707 Le-

195 2726 261 2761 sbo
276 2725 414 2762 Noster
430 2726 593 2773 assignat
614 2726 772 2775 quinque
794 2728 843 2762 ci-

194 2781 322 2819 vitates
359 2780 522 2818 Aeolicas
535 2811 546 2829 ‚
596 2795 675 2818 cum
713 2783 842 2819 eodem

194 2837 346 2874 Plehnio
368 2851 452 2887 pag.
465 2837 518 2878 43
542 2839 653 2875 fuisse
665 2839 844 2876 existimes

195 2893 395 2943 Mytilenen
408 2923 419 2942 ‚
457 2893 722 2944 Methymnam,
767 2895 845 2932 An-

907 1322 1033 1359 tissam
1044 1351 1055 1369 ,
1066 1321 1220 1359 Eresum
1230 1350 1241 1368 ,
1251 1320 1440 1369 Pyrrham,
1451 1320 1559 1371 quip-

908 1391 956 1428 pe
984 1379 1148 1414 omnibus
1173 1390 1292 1415 rerum
1322 1377 1558 1428 scriptoribus

908 1437 1217 1472 commemoratas.

963 1488 1030 1528 καὶ
1054 1488 1097 1528 ἐν
1115 1490 1204 1543 τῇσι
1220 1483 1386 1526 Ἑκατόν
1407 1482 1557 1537 Νήσοι-

907 1557 946 1585 σι
973 1543 1259 1599 καλεομένῃσι]
1298 1543 1467 1581 Meminit
1495 1545 1560 1580 ha-

905 1615 985 1640 rum
1012 1602 1207 1639 insularum
1240 1601 1424 1639 Diodorus
1460 1600 1560 1647 Xffl,

906 1662 960 1700 77
979 1663 1088 1708 atque
1108 1659 1240 1695 Strabo
1258 1656 1344 1694 XIII
1365 1669 1450 1707 pag.
1463 1659 1558 1703 919,

908 1716 971 1764 qui
1000 1728 1133 1753 nomen
1160 1714 1299 1751 illarum
1330 1713 1477 1750 deducit
1512 1713 1558 1749 ab

895 1767 1091 1818 ΓἘκαι-ος,
1134 1771 1196 1820 qui
1227 1771 1275 1808 sit
1308 1768 1487 1820 Apollinis
1522 1769 1559 1805 iu

909 1826 1018 1865 Asiae
1041 1828 1107 1864 hac
1126 1840 1190 1864 ora
1219 1826 1374 1863 maxime
1404 1825 1485 1861 culti
1514 1825 1559 1860 ti-

909 1882 1023 1930 tulus,
1060 1884 1109 1920 ita
1137 1888 1177 1920 ut
1212 1881 1390 1933 Apollinis
1419 1880 1559 1917 insulae

910 1939 982 1975 sint
1004 1939 1133 1976 dictae.
1187 1938 1299 1981 Quod
1319 1936 1425 1973 nimis
1446 1949 1560 1985 quae-

911 1994 1018 2031 situm
1046 2007 1135 2031 sane
1169 1994 1284 2030 videri
1314 1993 1449 2038 debet,
1480 2005 1559 2029 cum

910 2063 932 2087 a
959 2063 1093 2098 magna
1125 2050 1332 2097 exiguarum
1363 2047 1559 2085 insularum

909 2107 1013 2157 copia
1028 2118 1159 2142 nomen
1179 2105 1246 2142 hoc
1263 2105 1455 2143 deductum
1473 2118 1557 2142 esse

909 2166 1040 2211 sponte
1067 2161 1296 2210 intelligatur.
1351 2161 1453 2198 Sitae
1472 2165 1556 2197 sunt

908 2218 1000 2255 istae
1021 2217 1159 2255 insulae
1172 2246 1183 2264 ,
1203 2229 1352 2267 quarum
1368 2229 1557 2254 numerum

908 2288 947 2312 re
979 2287 1064 2312 vera
1089 2275 1216 2322 viginti
1252 2278 1315 2310 aut
1343 2277 1440 2310 certe
1466 2285 1556 2322 qua-

908 2331 1078 2380 draginta
1098 2330 1210 2368 suisse
1228 2330 1409 2376 scribunt,
1429 2329 1465 2365 in
1481 2330 1553 2366 fre—

908 2391 945 2424 to
959 2416 969 2434 ‚
999 2387 1098 2436 quod
1129 2390 1185 2424 est
1209 2386 1303 2422 inter
1319 2385 1480 2423 Lesbum
1501 2388 1556 2421 at-

909 2457 980 2492 que
1011 2443 1147 2479 Asiam.
1214 2442 1322 2480 Nunc
1350 2442 1394 2478 iis
1427 2453 1559 2479 nomen

911 2498 1187 2538 Masclionnesw.

964 2555 1174 2606 Λεσβίοισι
1197 2551 1269 2605 μέν
1298 2568 1372 2592 νυν
1401 2551 1470 2592 καὶ
1493 2556 1560 2593 Τε-

910 2612 1075 2652 νεδίοισι
1094 2626 1128 2650 κ.
1148 2626 1179 2649 τ.
1198 2609 1247 2660 λ.]
1285 2611 1355 2646 His
1383 2609 1501 2647 verbis
1536 2622 1558 2646 a

910 2669 1136 2717 digressione
1177 2668 1225 2705 de
1264 2666 1484 2704 Graecorum
1520 2666 1557 2702 in

909 2725 998 2763 Asia
1018 2724 1167 2762 coloniis
1190 2736 1267 2773 cap.
1295 2722 1370 2763 141
1394 2723 1559 2759 instituta

910 2781 1047 2819 Noster
1067 2780 1161 2818 redit
1180 2781 1227 2816 ad
1246 2779 1487 2816 narrationem
1510 2780 1558 2816 de

911 2839 1021 2886 Cyro.
1078 2835 1131 2873 Ac
1150 2835 1295 2885 respicit
1319 2835 1480 2886 inprimis
1502 2847 1558 2881 ea,

911 2907 1005 2943 quae
1032 2906 1110 2945 cap.
1142 2892 1219 2934 143
1251 2891 1351 2930 initio
1379 2892 1556 2941 leguntur.
