1909 3228
454 219 538 260 430
848 212 1314 253 HERODOTI

126 337 401 407 ffiffiiffiissdiliiiii'
456 338 585 384 γουσι
614 325 721 369 ἄλλα
749 339 793 367 τε
822 321 982 378 μάταια
1009 320 1170 375 πολλοὶ,
1198 322 1272 365 καὶ
1301 320 1360 374 ὥς
1387 327 1610 378 γυναικών
1633 322 1710 375 τὰς

128 415 232 441 quam,
268 405 324 432 nini
352 414 401 431 oo-

128 449 192 467 rum
211 439 346 472 nomina,
372 443 403 466 ct

128 481 206 508 quae
223 472 403 500 rerumordo

128 507 266 542 postulet,
296 515 403 534 memo-

130 545 263 569 raturum
281 549 357 568 csse.

457 406 654 462 γλώσσας
689 403 712 447 ὁ
750 403 1014 457 Ψαμμίτιχος
1053 401 1269 456 ἐκταμὼν,
1315 401 1394 457 τήν
1431 404 1600 446 δίαιταν
1631 403 1710 446 οὕ-

460 501 543 535 τως
573 481 799 537 ἐποιήσατο
825 485 913 524 τῶν
942 481 1109 523 παίδων
1138 479 1255 533 παρὰ
1301 479 1482 537 ταύτῃσι
1509 486 1605 537 τῇσι
1633 499 1709 537 γυ-
1723 484 1768 523 45

433 564 586 614 Ξναιξί.
616 562 724 605 κατὰ
754 559 832 615 μὲν
861 559 914 615 δὴ
942 559 1023 615 τήν
1053 558 1223 614 τροφήν
1251 562 1338 602 τῶν
1366 560 1533 602 παίδων
1551 564 1710 603 τοσαῦ-

457 659 509 685 τα
540 642 695 696 ἔλεγον.
743 637 942 682 ’Ήκουσα
972 639 1017 681 δὲ
1047 640 1119 681 καὶ
1150 637 1257 680 ἄλλα
1287 637 1334 680 ἐν
1363 636 1538 693 Μέμφι,
1571 637 1714 681 ἐλθών

429 722 504 772 δές
533 719 692 775 λόγους
721 723 832 762 τοῖσι
863 719 1003 772 ἱρεῦσι
1031 720 1111 760 τοῦ
1143 715 1397 772 Ἡφαίστου.
1455 718 1527 760 καὶ
1555 716 1608 773 δή
1640 717 1713 760 καὶ

454 800 498 851 ἐς
531 798 676 856 Θήβας
705 814 747 841 τε
777 798 850 840 καὶ
879 797 921 848 ἐς
958 795 1246 840 “Ηλιούπολιν
1285 794 1431 840 αὐτῶν
1459 795 1626 839 τούτων
1656 796 1714 839 εἴ-

455 895 579 922 νεκεν
627 876 900 932 ἐτραπόμην,
947 875 1109 919 ἐθέλων
1154 876 1312 919 εἰδέναι
1352 875 1388 918 εἰ
1421 872 1773 931 συμβήσονταιὸο

459 964 573 1002 τοῖσι
602 957 771 1013 λόγοισι
803 960 916 999 τοῖσι
947 955 992 998 ἐν
1016 955 1181 1010 Μέμφι.
1213 956 1257 997 οἱ
1284 953 1367 1009 γάρ
1394 953 1716 997 ΓΗλιουπυλῖται

431 1038 661 1094 4λέγονται
685 1036 934 1090 Αἰγυπτίων
965 1031 1075 1077 εἶναι
1105 1032 1372 1088 λογιώτατοι.
1435 1032 1497 1075 Τὰ
1526 1033 1604 1088 μέν
1632 1049 1715 1075 νυν

463 1122 565 1162 θεῖα
593 1119 682 1159 τῶν
719 1112 1013 1171 ἀπηγημάτων
1052 1110 1124 1156 οἷα
1152 1111 1338 1168 ἤκουον,
1386 1109 1466 1154 οὐκ
1497 1112 1580 1167 εἰμὶ
1608 1109 1718 1167 πρό-

463 1202 606 1252 θυμος
637 1195 905 1250 ἐξηγέεσθαι,
939 1193 1015 1245 ἔξω
1044 1192 1074 1249 ἢ
1102 1191 1154 1235 tc?
1186 1189 1410 1247 οὐνόματα
1432 1187 1578 1234 αὐτῶν
1607 1194 1718 1246 μοῦ-

462 1289 562 1320 νον·
604 1276 792 1329 νομίζων
819 1271 982 1324 πάντας
1013 1270 1279 1327 ἀνθρώπους
1322 1271 1419 1313 ἴσον
1448 1270 1546 1325 περὶ
1575 1269 1720 1313 αὐτῶν

406 1462 502 1499 Solis
522 1461 582 1510 qui
593 1460 929 1508 ferebatmparens,
939 1455 1059 1494 Mem-
1126 1455 1179 1502 Π,
1203 1458 1228 1496 7
1253 1454 1469 1491 notabimus.
1526 1453 1676 1492 Praeter
1698 1453 1776 1491 He-

407 1518 471 1569 phi
490 1517 679 1566 insigniter
704 1513 854 1559 cultum,
885 1526 979 1549 nunc
1001 1525 1061 1549 sa-

409 1575 454 1610 tis
478 1576 629 1610 constat.
651 1570 735 1608 vid.
760 1569 933 1607 Creuzeri
952 1569 1061 1617 Sym-

413 1629 485 1667 bol.
513 1629 527 1665 l
548 1642 582 1679 p.
607 1628 700 1669 529.

469 1680 683 1734 ἐποιήσατο
699 1683 780 1721 τῶν
799 1679 970 1732 παίδων]
999 1680 1060 1718 In-

408 1742 489 1779 vitis
510 1741 607 1778 libris
636 1739 840 1777 melioribus
872 1738 956 1775 olim
980 1738 1059 1774 edi-

408 1803 483 1836 tum
512 1795 710 1835 παιδίων.
750 1793 830 1831 Nos
855 1793 1057 1841 Schweigh.

409 1859 446 1893 et
465 1854 579 1890 Gaisf.
603 1851 714 1889 secuti
736 1863 869 1887 sumus.

465 1908 532 1948 καὶ
552 1906 601 1958 δή
623 1906 689 1946 καὶ
715 1905 754 1953 ἐς
776 1902 913 1957 Θήβας
933 1918 973 1944 τε
990 1902 1058 1943 καὶ

413 1966 453 2013 ἐς
467 1960 725 2004 Ἡλιούπολιν
755 1978 790 2001 κ.
816 1977 848 2001 τ.
869 1960 918 2012 λ.]
958 1961 1062 1998 Facit

412 2023 508 2070 huc,
538 2021 636 2071 quod
656 2019 764 2071 paulo
791 2023 875 2069 post
903 2018 1061 2055 omnium

413 2079 674 2129 Aegyptiorum
712 2075 910 2113 doctissimi
938 2074 1061 2124 perhi-

415 2136 540 2173 bentur
568 2132 813 2183 Heliopolitae
844 2131 1060 2169 sacerdotes.

415 2191 536 2240 Atque
581 2191 748 2227 videntur
793 2188 862 2224 tria
914 2186 1062 2224 omnino

416 2248 529 2286 fuisse
553 2247 695 2297 potiora
714 2243 974 2295 Aegyptiorum
1004 2254 1063 2278 sa-

417 2305 602 2342 cerdotum
638 2301 807 2349 collegia:
853 2298 1064 2348 Memphiti-

418 2373 519 2407 cum,
548 2358 773 2397 Thebaicum
800 2359 837 2394 et
864 2354 1064 2404 Heliopoli-

418 2422 563 2463 tanum,
592 2415 628 2451 in
663 2413 791 2464 quibus
820 2410 1062 2461 Heliopolitae

418 2474 574 2525 primum
601 2471 718 2508 locum
744 2469 995 2513 obtinuerunt,
1034 2467 1065 2503 si

421 2530 567 2579 quidem
611 2539 698 2564 vera
759 2524 880 2563 retulit
934 2522 1066 2559 Strabo

422 2585 546 2634 (XVII
572 2596 657 2634 pag.
683 2581 811 2629 1158,
827 2581 860 2618 D
892 2592 968 2629 seq.
993 2579 1067 2616 sive

421 2655 506 2693 pag.
529 2641 609 2682 805
629 2640 724 2688 seq.)
738 2667 748 2686 ,
782 2637 877 2674 Solis
897 2635 1069 2685 templum

422 2710 494 2734 una
536 2710 614 2734 cum
649 2695 800 2732 aedibus
843 2692 1068 2731 sacerdotum

425 2758 585 2790 accurate
611 2752 814 2789 describens
846 2753 882 2788 et
908 2748 1068 2800 pluribus

426 2810 471 2845 de
488 2809 625 2844 inm-um
655 2808 816 2844 doctrina
843 2819 885 2843 ac
911 2804 1070 2854 discipli-

427 2876 474 2901 na
502 2864 693 2902 disserens,
751 2863 858 2900 Cous.
895 2873 989 2911 quae
1021 2861 1069 2898 ad

1126 1511 1306 1561 liopolitas
1326 1511 1533 1548 sacerdotes
1545 1510 1774 1548 Herodotum

1128 1566 1298 1604 credibile
1320 1570 1375 1603 est
1407 1565 1567 1615 inprimis
1596 1579 1683 1613 eos,
1713 1566 1775 1615 qui

1127 1622 1288 1673 Memphi
1307 1626 1430 1669 erant,
1450 1621 1673 1660 consuluisse
1686 1621 1777 1659 mul-

1128 1684 1256 1728 tasque
1284 1692 1365 1724 res,
1404 1690 1495 1727 quas
1527 1677 1607 1728 ipse
1641 1690 1779 1727 cogno-

1126 1748 1225 1773 scere
1257 1734 1354 1771 haud
1387 1733 1527 1783 potuit,
1568 1733 1614 1770 ab
1649 1734 1779 1771 iisdem

1125 1792 1293 1829 edoctum
1310 1789 1436 1827 fuisse.
1495 1788 1579 1827 Vid.
1609 1789 1704 1827 infra
1731 1789 1778 1837 11,

1125 1849 1192 1889 99.

1185 1917 1209 1941 α
1230 1896 1255 1941 ὕ
1272 1916 1293 1941 τ
1311 1903 1342 1941 03
1359 1916 1383 1941 ν
1411 1896 1565 1941 τούτων
1604 1900 1778 1953 εἵνεκεν]

1130 1954 1263 1997 αὐτῶν
1284 1972 1363 1996 cum
1384 1959 1501 1996 Gaisf.
1534 1962 1571 1996 et
1598 1958 1654 1996 hic
1687 1963 1723 1997 et
1742 1960 1779 1996 in

1130 2029 1236 2065 seqq.
1259 2015 1438 2053 edidimus
1473 2028 1541 2065 pro
1578 2015 1673 2065 vulg.
1705 2011 1777 2054 αὕ-

1128 2071 1241 2110 τέων.
1262 2093 1318 2099 --
1343 2071 1402 2108 Ad
1429 2066 1655 2123 λογιώτατοι
1684 2072 1778 2108 conf.

1129 2132 1219 2166 nott.
1246 2128 1295 2164 ad
1316 2127 1354 2175 Ι,
1375 2130 1410 2168 1.

1195 2178 1348 2229 πάντας
1396 2177 1640 2234 ἄνθρώπους
1690 2180 1780 2222 ἴσον

1130 2238 1220 2291 περὶ
1249 2234 1380 2277 αὐτῶν
1409 2237 1664 2289 ἐπίστασθαι]
1705 2240 1726 2275 i.
1747 2252 1779 2277 e.

1132 2309 1242 2333 omnes
1263 2296 1412 2331 homines
1428 2297 1564 2345 pariter
1586 2294 1669 2332 haec
1693 2298 1781 2342 (no-

1130 2353 1227 2390 mina
1245 2352 1392 2389 deorum
1403 2350 1676 2402 Aegyptiorum,
1686 2363 1780 2400 quae

1130 2408 1208 2445 sola
1226 2421 1321 2445 nunc
1350 2409 1515 2458 proferre
1541 2407 1657 2455 lubet)
1681 2409 1779 2444 scire.

1134 2464 1200 2502 Cr.
1236 2464 1420 2513 Heynium
1466 2464 1552 2501 citat
1571 2492 1582 2510 ,
1633 2463 1695 2513 qui
1741 2463 1778 2500 in

1134 2521 1338 2558 comment.
1388 2520 1436 2557 de
1480 2520 1586 2557 fontt.
1627 2519 1781 2558 Diodori

1135 2590 1219 2628 pag.
1238 2576 1270 2614 L
1293 2577 1350 2614 ed.
1371 2576 1518 2627 Bipont.
1540 2579 1566 2612 t.
1590 2575 1608 2613 Ι
1636 2575 1671 2612 h.
1693 2575 1714 2612 l.
1731 2576 1781 2612 ita

1136 2635 1409 2684 interpretatur:
1429 2644 1568 2679 „omnes
1586 2630 1697 2669 eodem
1707 2645 1778 2669 mo-

1136 2690 1180 2727 (lo
1197 2690 1238 2727 de
1259 2689 1313 2725 his
1337 2689 1531 2726 nominibus
1545 2691 1717 2735 statuere,
1738 2691 1779 2723 ut

1130 2760 1196 2797 pro
1215 2746 1335 2784 iisdem
1350 2748 1512 2782 nimirum
1527 2744 1597 2782 diis
1619 2757 1697 2781 cum
1713 2744 1781 2780 Ae-

1135 2805 1269 2853 gyptiis
1296 2802 1443 2839 habeant
1451 2802 1500 2846 ‚·“
1546 2801 1608 2838 ubi
1644 2795 1779 2838 αὐτῶν

1135 2861 1245 2897 refert
1272 2859 1319 2897 ad
1346 2857 1616 2896 antecedentia:
1644 2851 1691 2894 τὰ
1714 2849 1778 2894 οὕ-
