1877 3223
628 224 837 264 CLIO.
896 228 920 264 1.
1353 232 1408 273 53

143 331 438 387 Θρασυβούλῳ
467 333 516 377 τὸ
545 332 805 392 χρηστήριον
829 318 1033 393 μηνῖἷῖϊας.
1075 335 1331 394 ἐτυράννευε
1361 341 1407 386 δὲ

94 495 183 532 (1605
205 494 317 532 latere
335 496 535 544 iustamque
547 496 736 535 vindictam

93 551 254 599 effugere
281 564 413 601 posse3
448 552 601 601 probum
623 554 738 591 virum

91 606 281 656 ipsamque
309 608 384 645 eius
422 612 534 644 artem
567 610 737 647 musicam

91 664 219 711 (quam
241 663 397 700 divinam
410 664 573 700 ferebant
585 666 735 714 Graeci)

91 720 240 755 deorum
259 720 294 755 in
315 719 425 756 tutela
446 733 526 757 esse
547 727 581 757 et
602 734 623 757 a
645 735 735 770 quo—

88 775 141 810 vis
188 775 283 811 malo
332 774 544 812 incolumem
588 778 734 814 servari.

87 830 213 879 Itaque
231 834 370 867 tantum
392 832 517 880 abest,
548 836 586 869 ut
614 833 734 871 Hero-

88 887 211 923 dotum
232 891 381 936 propter
408 888 614 935 frequentes
639 890 733 926 eius-

85 943 184 979 modi
194 942 439 990 digressiones
448 943 734 993 vituperandum,

87 1003 126 1034 ut
145 999 282 1035 summa
302 998 396 1036 illum
426 999 534 1036 laude
562 1001 732 1049 dignissi-

84 1067 182 1091 mum
214 1067 433 1092 censeamus
493 1055 599 1092 Conf.
618 1057 731 1094 Dahl-

84 1123 204 1147 mann.
225 1110 262 1146 in
273 1110 451 1148 Herodot.
473 1123 557 1161 pag.
570 1113 660 1153 224.
674 1134 730 1142 -—-

83 1166 258 1203 Fabulam
287 1167 403 1216 ipsam
437 1171 492 1203 tot
533 1169 727 1218 scriptores

83 1235 293 1270 narravere,
334 1227 374 1260 ut
412 1223 499 1260 scite
533 1229 643 1274 poeta
673 1225 730 1264 ille

82 1278 265 1315 cecinerit:

136 1334 247 1378 Quod
263 1346 362 1370 mare
387 1346 460 1371 non
484 1335 605 1382 novit,
635 1348 727 1386 quae

244 1391 358 1427 nescit
374 1389 512 1426 Ariona
532 1391 648 1428 tellus.

77 1456 226 1495 Fundus
255 1459 379 1507 utique
407 1458 621 1494 narrationis
648 1459 726 1498 He-

76 1514 227 1550 rodotus
250 1518 327 1560 est,
357 1514 455 1551 cuius
472 1515 581 1551 verba
592 1513 724 1554 Latine

75 1570 193 1607 retulit
210 1570 349 1607 Fronto
370 1571 406 1607 in
427 1570 526 1620 Opp.
547 1570 580 1606 II
591 1573 723 1621 p.373

76 1639 177 1674 seqq.
200 1626 256 1663 ed.
281 1627 393 1676 princ.
419 1625 568 1663 Mediol.
608 1627 641 1663 E
665 1641 722 1666 re-

74 1681 178 1730 liquis
198 1683 452 1732 scriptoribus,
483 1695 574 1731 quos
594 1682 723 1722 lauda-

74 1742 157 1773 runt
190 1743 275 1787 post
300 1739 527 1775 Harduinum
551 1740 597 1776 ad
625 1739 718 1777 Ptin.

74 1793 120 1829 H.
134 1793 181 1829 N.
207 1794 279 1840 IX,
301 1796 349 1841 8,
370 1796 395 1834 8
416 1795 716 1843 W'yttenbaehius

74 1850 122 1885 ad
151 1849 328 1886 Plutarch.
369 1850 513 1887 Morall.
541 1850 715 1888 Animad-

74 1918 185 1941 verss.
212 1905 228 1941 I
258 1918 342 1955 pag.
364 1908 444 1946 981
470 1906 546 1953 (ad
564 1920 600 1956 p.
622 1910 715 1955 161,

71 1961 135 2007 Β).
182 1961 307 1998 Plehn.
343 1962 381 1997 in
409 1961 594 1998 Lesbiaco.
636 1963 713 1999 libr.

70 2030 106 2067 p.
127 2020 205 2058 166
227 2019 375 2057 not.68.
403 2018 583 2053 Car.Ern.
598 2017 714 2066 W'ag-

70 2086 144 2110 ner.
166 2073 201 2108 in
231 2074 425 2121 scriptione
452 2074 498 2109 de
515 2073 713 2109 Periandro

69 2142 154 2179 pag.
187 2132 239 2169 27
271 2133 346 2166 not.
376 2131 428 2168 86
459 2129 712 2175 (Damnstadt.

71 2187 209 2233 1828).
253 2184 298 2221 R.
333 2184 504 2222 Lorentz.
536 2186 582 2222 de
621 2185 711 2233 orig.

69 2240 105 2277 T
108 2241 283 2278 arentinn.
349 2240 533 2289 (Berolin.
576 2242 713 2289 1827)

66 2310 151 2347 pag.
185 2298 235 2337 13
262 2309 378 2346 seqq,
413 2310 522 2333 unum
558 2298 716 2333 sufficiat

69 2354 243 2390 excitasse
275 2352 431 2390 Dionem
464 2353 713 2400 Chrysostom.

69 2409 170 2445 Orat.
193 2411 247 2449 37
266 2421 350 2458 pag.
371 2408 451 2449 455
477 2413 513 2445 ct
532 2409 638 2446 Gellii
659 2409 713 2444 lo-

70 2477 149 2500 cum
175 2464 382 2511 classicum,
420 2465 456 2501 in
487 2464 610 2501 Noctt.
638 2464 712 2501 Att.

70 2519 178 2565 XVI,
210 2522 271 2560 19.
313 2520 366 2557 Α6
383 2521 572 2558 recentiori
594 2524 714 2558 aetate

70 2575 149 2623 quis
197 2576 341 2623 ignorat
405 2576 709 2624 elegantissimum

69 2630 165 2667 Guil.
194 2630 286 2679 Aug.
323 2632 515 2681 Schlegelii
566 2645 709 2670 carmen

71 2686 212 2723 Arionis
223 2700 280 2723 res
294 2686 478 2724 celebrans
488 2689 508 2725 2
529 2688 605 2724 Sed
615 2688 711 2725 aliud

70 2746 148 2789 est,
177 2743 336 2779 fabulam
353 2756 520 2791 narrare,
548 2744 710 2781 aliudid-

70 2812 140 2847 que
158 2799 337 2835 difficilius
363 2800 522 2838 fabulam
537 2800 712 2850 explicare

71 2860 132 2891 aut
149 2856 330 2903 indicare,
369 2857 454 2905 quid
483 2857 550 2893 sub
571 2857 712 2895 fabulae

807 498 994 537 involucris
1016 500 1088 537 veri
1112 501 1294 540 contineat
1319 502 1449 542 haecce

805 556 852 594 de
869 556 1005 594 Arione
1029 557 1305 595 narratiuncula.
1364 560 1449 603 Qua

804 612 840 648 in
859 625 918 659 re,
948 617 987 650 ut
1004 612 1160 661 ingenue
1180 615 1368 664 profitear,
1392 616 1448 652 ni-

803 668 852 705 hil
873 671 969 707 certe
990 668 1138 705 ieiunius
1158 670 1318 717 videtur,
1337 684 1445 720 quam

803 737 976 773 quaerere
993 725 1082 763 velle
1095 755 1104 771 ‚
1135 726 1242 763 fidem
1266 732 1447 764 mereatur

802 781 890 818 haec
910 783 1067 818 narratio
1086 795 1153 819 nec
1173 795 1243 829 ne,
1269 787 1330 820 aut
1352 784 1447 821 adeo

802 838 998 887 expiscari,
1038 839 1100 886 qui
1140 838 1230 886 hoc,
1271 840 1372 888 quod*
1402 841 1449 878 (le

800 893 935 931 Arione
966 894 1114 932 relatum
1143 896 1369 945 accepimuS,
1407 909 1446 934 re

801 962 884 986 vera
917 963 960 988 ex
991 950 1144 987 naturali
1180 964 1297 988 rerum
1328 963 1444 998 cursu,

798 1007 959 1043 accidere
987 1007 1145 1056 potuerit
1178 1007 1232 1044 vel
1271 1007 1443 1045 accidisse

796 1064 995 1111 putandum
1043 1063 1100 1098 sit.
1184 1062 1442 1111 Relinquamus

796 1117 865 1155 hoc
879 1119 1065 1167 negotium
1074 1118 1257 1156 Larchero
1277 1118 1441 1168 aliisque,

798 1175 878 1222 qui,
907 1179 947 1212 ut
974 1174 1242 1223 W'yttenbachii
1262 1179 1342 1212 utar
1360 1188 1442 1213 ver-

797 1230 851 1267 bis
863 1259 873 1277 ,
887 1232 933 1268 de
953 1231 1118 1267 omnibus
1138 1231 1244 1268 rebus
1259 1231 1441 1268 statuendi

794 1287 1047 1324 necessitatem
1077 1288 1145 1323 sibi
1183 1287 1443 1337 imposuerunt,

792 1341 911 1378 Nobis
931 1356 1010 1379 cum
1031 1345 1160 1380 eodem
1187 1344 1262 1379 viro
1292 1344 1442 1391 egregio

793 1397 831 1433 in
848 1397 903 1433 his
916 1399 1046 1446 rebus,
1084 1399 1145 1434 ubi
1169 1402 1207 1435 et
1230 1399 1374 1435 credere
1403 1404 1440 1436 et

791 1466 865 1489 non
903 1455 1050 1492 credere
1083 1458 1200 1490 tutum
1238 1459 1314 1503 est,
1357 1454 1440 1491 licet

792 1507 952 1559 ἐπέχειν.
1029 1510 1179 1560 Repetit
1213 1510 1307 1547 enim
1345 1509 1438 1547 Lar-

791 1567 922 1604 cherus
940 1567 977 1604 in
995 1567 1144 1616 copiosa
1165 1567 1213 1602 ad
1232 1566 1299 1603 h.l.
1320 1579 1435 1603 anno—

790 1623 925 1660 tatione
937 1623 1082 1660 fabulae
1099 1623 1273 1671 originem
1293 1636 1314 1660 e
1330 1623 1434 1659 navis

788 1679 971 1728 episemO,
1014 1681 1114 1728 quod
1152 1679 1285 1716 scilicet
1319 1679 1433 1726 navis,

786 1736 858 1784 qua
886 1736 1048 1773 Tarento
1078 1735 1287 1773 Taenarum
1315 1739 1433 1772 traus-

783 1795 905 1829 vectus
935 1796 991 1829 est
1014 1791 1148 1840 Arion,
1194 1791 1355 1841 delphini
1383 1791 1433 1827 sia

782 1860 856 1896 gno
877 1861 944 1898 pro
962 1848 1055 1884 illius
1086 1848 1213 1885 aetatis
1241 1860 1343 1884 more
1374 1860 1433 1883 or-

781 1908 868 1939 nata
896 1905 1013 1940 fuerit.
1067 1904 1233 1951 Heynius
1261 1903 1298 1938 in
1325 1903 1425 1939 Diss.

781 1959 828 1995 de
848 1959 922 1995 fide
941 1959 1021 1995 hist.
1036 1963 1143 1995 aetat.
1163 1958 1272 2005 myth.
1291 1958 1425 2004 (Com—

781 2018 943 2050 mentatt.
1003 2013 1135 2050 Societ.
1186 2014 1288 2049 Gott.
1336 2014 1424 2050 XIV

779 2082 816 2119 p.
840 2070 947 2116 117)
978 2082 1021 2107 ex
1048 2070 1155 2118 signo
1182 2070 1286 2119 ipso,
1325 2070 1424 2117 quod

779 2126 816 2161 in
835 2124 980 2161 Arionis
999 2125 1167 2175 delphino
1185 2126 1276 2162 vecti
1287 2138 1424 2162 memo-

780 2181 870 2217 riam
889 2186 1043 2219 ereetum
1062 2182 1170 2229 vulgo
1179 2183 1339 2228 tradunt,
1351 2182 1424 2217 ori-

781 2237 901 2285 ginem
922 2238 1061 2287 cepisse
1070 2239 1227 2275 fabulam
1237 2242 1423 2275 statuerat.

779 2294 829 2330 Et
856 2295 1022 2331 convenit
1047 2295 1314 2342 quodammodo
1343 2307 1423 2331 cum

777 2350 836 2385 illo
858 2351 1059 2387 Creuzerus
1079 2351 1116 2386 in
1139 2351 1238 2388 Diss.
1270 2351 1316 2388 de
1345 2363 1423 2398 my-

778 2406 849 2443 this
881 2407 927 2443 ab
952 2407 1079 2443 artium
1105 2407 1273 2456 operibus
1298 2408 1422 2456 profe-

778 2463 866 2508 ctis,
906 2468 991 2499 sect.
1019 2466 1154 2512 poster.
1204 2462 1422 2511 (Marburg.

781 2520 887 2559 1803
908 2533 943 2569 p.
957 2520 1031 2567 29)
1059 2523 1220 2557 statuens
1248 2519 1337 2555 illud
1356 2518 1422 2554 ho-

777 2576 882 2611 minis
904 2576 1072 2626 delphino
1083 2576 1174 2613 vecti
1188 2575 1330 2624 signum
1341 2588 1423 2612 esse

777 2633 960 2680 antiquam
1008 2632 1248 2681 navigationis
1284 2631 1424 2680 signifi-

777 2690 915 2725 candae
940 2688 1152 2736 imaginem,
1181 2701 1276 2737 quae
1290 2687 1426 2725 deinde

777 2757 881 2781 verso
901 2745 937 2780 in
958 2745 1143 2781 historiam
1161 2744 1344 2792 symbolo,
1373 2743 1424 2780 ad

778 2799 948 2837 Arionem
990 2801 1219 2838 celebriorem
1265 2813 1331 2850 per
1378 2811 1422 2836 ea

778 2861 942 2908 tempora
952 2861 1098 2907 poetam
1104 2861 1217 2895 tracta
1228 2857 1284 2894 sit.
1303 2857 1422 2901 Quem
