1877 3223
621 230 922 269 CL10.1.
1359 232 1416 273 7⁹1

138 344 214 386 τὸν
246 344 466 397 Κροῖσον,
507 343 626 393 εἴπας
661 339 802 385 πολλοὶ
837 356 881 384 τε
912 339 986 383 καὶ
1016 337 1143 394 ὄλβια
1156 371 1169 392 ,
1209 337 1416 395 ἐπειρώτα

137 423 233 464 τίνα
263 420 468 474 δεύτερον
494 418 580 476 μετ’
610 421 777 464 ἐκεῖνον
807 421 917 470 ἴδοι,
958 417 1123 461 δοκέων
1156 415 1297 472 πάγχυ
1326 419 1417 460 δευ-

116 505 279 555 Ξτερεῖα
303 503 394 555 γῶν
420 502 627 543 οἴσεσθαι.
659 497 682 542 ὁ
714 499 759 542 ὁὲ
784 496 895 541 εἷπε·
927 497 1149 553 ,,Κλέοβίν
1172 513 1218 540 τε
1246 499 1319 540 καὶ
1346 497 1417 538 Βί-

137 596 299 630 ,,τωνα.
340 576 531 621 τούτοισι
567 578 678 634 γάρ,
717 578 837 622 ἐοῦσι
879 575 1007 632 γένος
1034 574 1280 631 Ἀργείοισι,
1320 575 1417 630 βίος

138 675 216 710 ,,τε
249 655 416 712 ἀρκέων
446 657 585 714 ὑπῆν,
617 655 691 700 καὶ
719 656 828 711 πρὸς
856 653 1020 713 τούτῳ,
1060 654 1182 711 ῥώμη
1219 652 1463 709 σώματοςὸο

139 736 340 792 ,,τοιήδε·
372 734 640 792 ἀεθλοφόροι
668 752 713 778 τε
734 733 972 791 ἀμφότεροι
998 732 1155 789 ὁμοίως
1185 733 1313 784 ἔσαν,
1345 732 1419 776 καὶ

117 818 164 866 3,,
177 815 229 871 δὴ
256 815 330 859 καὶ
357 815 521 871 λέγεται
553 813 625 858 ὅδε
660 811 683 858 ὁ
713 813 853 870 λόγος.
893 813 1046 870 ἐούσης
1071 811 1200 868 ὁρτῆς
1228 815 1281 868 τῇ
1301 810 1417 867 ιἭρῃ

138 926 164 945 ,,
175 899 286 937 τοῖσι
303 891 552 950 Ἀργείοισι,
581 894 671 938 ἔδεε
691 893 863 946 πάντως
887 894 968 949 τήν
988 892 1147 950 μητέρα
1167 890 1312 935 αὐτῶν
1332 887 1419 943 ζεύ-

97 1067 312 1104 Schaeferus
327 1066 394 1114 (ad
407 1067 563 1115 Gregor.
578 1066 744 1104 Corinth.

97 1136 133 1173 p.
158 1123 259 1171 497)
281 1124 330 1160 ad
346 1124 493 1160 verbum
514 1124 644 1160 minus.
675 1123 745 1158 Su-

98 1180 256 1229 spicatur
305 1180 398 1216 enim
453 1178 747 1230 προτρέπεσθαι

99 1248 200 1272 esse:
221 1235 379 1283 repellere
391 1265 401 1282 ,
413 1236 591 1272 retundere
602 1265 612 1282 ‚
626 1237 746 1271 reiice-

98 1304 154 1337 τε,
182 1290 360 1340 refutare,
399 1292 540 1328 amoliri
561 1294 665 1341 quasi
691 1303 746 1327 re-

97 1347 299 1396 spondendo.
360 1347 465 1390 Quae
495 1352 616 1384 tamen
643 1347 747 1393 ratio,

98 1416 173 1440 non
192 1403 320 1449 video,
354 1416 416 1439 cur
446 1403 541 1439 illam
563 1403 671 1451 wllgo
690 1415 748 1439 re-

99 1463 242 1509 ceptam
287 1459 621 1509 interpretationem
668 1458 747 1495 loco

99 1520 252 1554 moveat.
309 1515 432 1552 Verba
456 1516 613 1564 denique
635 1514 748 1560 εἴπας

100 1567 225 1611 πολλά
253 1570 377 1610 τεκαὶ
404 1569 515 1622 ὄλβια
545 1571 748 1621 explicandi

101 1641 209 1665 causa
226 1628 332 1675 addi,
353 1629 483 1677 quibus
496 1628 749 1665 antecedentia

102 1681 149 1722 τοὶ
169 1681 268 1722 navo?
299 1681 368 1723 τὸν
400 1683 541 1723 Τέλλον
572 1684 748 1733 quodam-

102 1741 211 1776 modo
230 1740 427 1777 accuratius
446 1741 676 1788 illustrentur,
690 1752 749 1777 sa-

103 1797 150 1832 tis
171 1796 336 1833 universa
357 1796 424 1833 loci
441 1799 532 1834 ratio
553 1798 669 1834 docet.

162 1850 333 1902 Κλέοβίν
349 1867 388 1890 τε
402 1851 467 1891 καὶ
486 1851 664 1902 Βίτωνα]
680 1851 753 1888 Ce-

106 1907 295 1946 leberrima
315 1909 492 1956 narratio,
522 1909 641 1946 multis
667 1911 753 1958 post

105 1965 333 2001 Herodotum
361 1978 507 2013 quoque
534 1965 687 2008 tradita3
716 1964 754 1998 iu

106 2021 236 2070 quibus
266 2021 493 2069 potissimum
524 2020 671 2056 laudant
692 2018 755 2054 Ci-

106 2090 175 2114 cer.
199 2076 330 2112 Tusce.
354 2077 519 2120 Quaestt.
540 2076 578 2122 I,
594 2076 647 2116 47
667 2074 754 2122 ibiq.

106 2132 233 2171 Davis.
271 2133 372 2169 Serv,
403 2134 450 2169 ad
467 2132 594 2180 virgil.
618 2132 755 2178 Georg.

107 2189 180 2236 III,
203 2188 295 2229 532.
325 2189 465 2225 Fabric.
486 2190 534 2225 ad
555 2189 655 2224 Sext.
667 2187 754 2222 Em-

108 2246 175 2296 pir.
187 2245 313 2292 Pyrrh.
330 2245 428 2295 Hyp.
452 2245 523 2292 III,
540 2244 593 2286 24
614 2257 649 2294 p.
663 2245 754 2283 186.

112 2301 179 2338 Cr.
208 2301 310 2337 addit
343 2300 504 2339 Fischer.
533 2302 581 2337 ad
609 2299 753 2336 Platon.

111 2356 258 2394 Axioch.
277 2370 306 2394 c.
328 2360 390 2398 16.
420 2356 756 2393 Plutarch.Conso-

110 2413 170 2450 lat.
183 2413 230 2450 ad
245 2412 364 2463 Apoll.
384 2427 469 2464 pag.
494 2415 585 2460 108,
609 2412 640 2449 F
661 2412 749 2461 ibiq.

113 2468 366 2517 Wyttenbach.
395 2483 434 2520 p.
467 2470 549 2510 730
580 2468 657 2506 coll.
679 2468 752 2505 Vit.

114 2524 238 2562 Solon.
274 2539 303 2562 c.
328 2529 382 2566 27
415 2539 451 2576 p.
481 2527 546 2567 93.
602 2525 753 2563 Lucian.

116 2581 318 2631 Contempl.
338 2581 360 2618 l.
378 2581 400 2618 l.
457 2582 507 2618 Et
524 2585 640 2618 exstat
658 2581 756 2630 apud

116 2637 313 2674 stobaeum
342 2638 484 2685 (CXIX
502 2651 539 2688 p.
554 2639 652 2685 603)
684 2636 756 2674 ele-

117 2705 210 2741 gans
239 2693 482 2743 epigramma,
522 2706 594 2742 quo
626 2694 757 2730 factum

117 2750 267 2785 fratrum
314 2748 533 2794 celebratur3
575 2756 755 2799 receptum

117 2804 202 2842 inde
230 2806 267 2841 in
296 2805 454 2843 Brunck.
484 2804 660 2842 Analectt.
692 2805 754 2842 ΙΙΙ.

116 2859 234 2900 Lectt.
255 2866 291 2899 et
305 2861 459 2899 Emend.
481 2875 518 2913 p.
533 2860 626 2903 274.
649 2860 755 2899 T.1v

810 1080 847 1118 P·
862 1068 940 1108 123
962 1066 1019 1104 ed.
1039 1064 1144 1115 Lips.
1202 1063 1354 1112 Signum
1370 1060 1465 1098 hanc

812 1124 859 1159 ob
877 1136 952 1159 rem
973 1126 1128 1160 erectum
1139 1123 1314 1158 memorat
1325 1119 1464 1155 Pausa-

812 1179 892 1216 nias
912 1178 965 1225 ΙΙ,
987 1180 1050 1218 19.

870 1229 1115 1285 ἀεθλοφόροι
1157 1247 1198 1272 τε
1246 1227 1466 1283 ἀμφότεροι

817 1289 964 1342 ὁμοίως
975 1290 1090 1336 ἔσαν]
1110 1288 1203 1328 ἔσαν
1220 1293 1366 1339 praeter
1377 1287 1464 1324 edd.

814 1348 872 1384 hic
899 1347 1003 1397 pauci
1030 1351 1169 1383 tantum
1202 1345 1301 1390 libri3
1336 1343 1466 1391 reliqui

814 1416 940 1439 omnes
960 1397 1083 1452 ἦσαν,·
1121 1402 1159 1437 id
1179 1401 1278 1449 quod
1297 1414 1326 1437 c.
1347 1401 1401 1440 30
1428 1399 1466 1435 in

815 1459 982 1495 omnibus
1009 1461 1194 1507 comparet
1211 1456 1322 1493 libris.
1354 1454 1466 1498 Quod

815 1515 910 1552 idem
931 1527 1010 1551 cum
1030 1514 1068 1550 in
1095 1526 1201 1562 seqq.
1229 1512 1375 1562 saepius
1404 1524 1467 1547 oc-

816 1574 934 1608 currat
957 1564 1062 1620 ἧσαν
1090 1570 1170 1606 sine
1198 1568 1270 1605 ulla
1292 1568 1466 1605 varietate

816 1627 873 1675 (Ι,
894 1626 960 1668 34.
982 1627 1046 1667 57.
1068 1628 1133 1667 63.
1156 1625 1209 1666 65
1232 1626 1342 1673 etc.)‚
1370 1622 1466 1662 ἔσαν

815 1697 901 1721 vero
919 1683 980 1720 ubi
998 1683 1159 1731 legatur,
1191 1694 1335 1731 semper
1353 1680 1467 1717 altera.

816 1752 961 1789 quoque
977 1741 1154 1789 scriptura
1178 1732 1282 1788 ἦσαν
1312 1751 1332 1775 e
1355 1737 1464 1773 codd.

817 1800 984 1841 notetur,
1013 1796 1069 1832 hic
1090 1807 1238 1844 quoque
1268 1793 1327 1840 (ut
1350 1792 1466 1828 omni-

816 1852 886 1889 bus
908 1851 1016 1888 credo
1034 1851 1140 1899 locis)
1170 1846 1274 1901 ἦσαν
1293 1849 1466 1898 scriptum

817 1907 1023 1957 oportuisse
1044 1910 1194 1943 annotat
1214 1905 1344 1941 Matth.
1363 1905 1409 1939 ad
1429 1903 1464 1939 h.

819 1963 843 1999 l.
874 1963 981 1998 Conf.
1012 1962 1179 1998 Eundem
1207 1961 1244 1995 in
1265 1960 1464 1995 Grammat.

821 2017 858 2068 ἓ.
885 2019 965 2058 217
995 2031 1032 2067 p.
1051 2017 1147 2058 414.
1207 2015 1388 2064 Equidem
1410 2019 1468 2050 ta-

821 2086 905 2110 men
934 2072 972 2108 in
1003 2077 1102 2110 textu
1127 2073 1222 2109 idem
1243 2071 1333 2118 feci,
1363 2071 1466 2120 quod

820 2130 899 2175 ille·‚
929 2128 1056 2177 reliqui
1075 2128 1258 2177 vulgatam
1276 2127 1466 2164 lectionem

821 2186 933 2232 ἕσαν,
963 2199 1042 2222 cum
1060 2198 1138 2222 eam
1157 2184 1273 2233 legem
1284 2184 1368 2220 mihi
1380 2183 1466 2219 scri-

820 2243 975 2293 pserim,
1003 2246 1043 2277 ut
1059 2242 1097 2277 in
1125 2241 1222 2278 hisce
1242 2240 1287 2276 ab
1310 2239 1466 2289 optimo-

821 2312 899 2335 rum
920 2298 1089 2334 librorum
1109 2297 1261 2335 lectione
1281 2308 1466 2345 nunquam

821 2355 1057 2392 discederem.

879 2410 959 2449 ἔδεε
978 2406 1133 2455 πάντως
1151 2405 1223 2459 τήν
1236 2406 1380 2459 μητέρα
1396 2402 1466 2446 αὕ-

823 2469 903 2506 τῶν
925 2462 1053 2517 ζεύγεϊ
1066 2464 1332 2517 κομισθῆναι]
1346 2463 1466 2501 Mater

822 2524 916 2562 enim
929 2553 939 2570 ,
984 2523 1082 2560 cuius
1120 2535 1251 2559 nomen
1292 2521 1467 2570 Cydippen

821 2580 983 2632 plerique
1027 2579 1158 2625 edunt,
1218 2577 1275 2615 alii
1325 2577 1467 2613 Theano

824 2636 914 2684 (vid.
953 2635 1201 2672 Hemsterhus.
1232 2634 1279 2670 ad
1313 2633 1465 2670 Lucian.

824 2690 1030 2741 Contempl.
1052 2690 1102 2727 ΙΙΙ
1121 2704 1157 2740 p.
1175 2692 1256 2730 386
1278 2691 1333 2726 ed.
1346 2689 1464 2738 Rip),

822 2748 970 2785 Iunonis
991 2747 1148 2795 Argivae
1166 2745 1366 2783 sacerdotio
1385 2747 1466 2781 fun-

824 2806 976 2854 gebatur
1001 2816 1070 2840 nec
1104 2802 1215 2839 sacris
1250 2815 1317 2852 per
1347 2801 1465 2849 legem

822 2861 952 2899 abesse
996 2862 1151 2911 poterat.
1209 2858 1338 2906 „Cum
1386 2870 1466 2894 mos
