1909 3228
479 210 563 252 672

879 211 1358 252 HERODOTI

480 321 698 376 σχίσαντες
725 322 845 376 παρὰ
876 319 957 378 τὴν
994 319 1214 377 λαπάρην,
1244 320 1287 373 ἐξ
1320 316 1382 365 ὧν
1411 321 1528 367 εἶλον
1544 325 1624 381 τήν
1642 341 1735 369 κοι-
1747 329 1792 366 4ο

422 495 546 531 volunt
571 508 651 531 esse
662 524 672 542 ,
686 495 786 543 quod
804 494 934 531 Strabo
948 494 1072 541 (XVII

421 564 458 600 p.
480 552 559 591 808
591 565 618 586 s.
645 552 770 597 1158)
802 551 948 598 Syenen
977 552 1072 589 inter

421 611 530 654 atque
552 607 672 643 Philas
704 621 742 644 se
765 609 944 656 reperisse
960 612 1071 645 testa-

420 666 480 698 tur
497 664 641 711 nigrum
661 677 701 700 ac
719 665 869 709 duru1n3
891 677 985 713 quae
1004 665 1071 700 ‹lu-

420 719 520 755 rities
551 725 648 756 certe
689 720 793 757 valde
831 722 998 768 congruit
1037 721 1069 757 ei

420 775 519 822 usui,
556 777 610 813 cui
638 777 848 813 Herodotus
871 778 1067 814 adhibitum

419 844 500 868 esse
529 832 625 869 illum
664 834 796 870 scribit.
859 834 908 870 Et
934 834 1068 883 reperti

419 892 501 924 sunt
522 890 646 937 utiquc
676 891 711 926 in
730 890 868 926 mumiis
890 891 1067 927 eiusmodi

417 944 518 980 cultri
549 958 592 982 ex
624 946 837 996 Aethiopico
871 948 1066 995 §.Syenita

415 1000 536 1049 lapide
557 1003 719 1039 confecti.
780 1003 862 1039 vid.
893 1003 1064 1040 Creuzer.

414 1056 437 1093 l.
455 1057 477 1092 l.
496 1058 581 1106 ibiq.
597 1059 807 1108 Caryophil.
821 1060 866 1096 de
878 1073 1064 1097 marmorr.

414 1126 500 1163 pag.
517 1115 571 1154 38
594 1129 667 1164 seq.
700 1116 877 1165 Biittiger.
898 1117 1010 1154 Ideen
1032 1129 1064 1153 z.

413 1169 520 1206 Arch.
557 1172 592 1208 d.
621 1172 749 1209 Maler.
788 1186 873 1222 pag.
903 1176 957 1214 72
987 1173 1065 1209 coll.

377 1243 380 1246 ·
413 1225 673 1266 Blumenbach.
695 1230 731 1266 in
753 1230 855 1267 Gott.
876 1228 1023 1278 Magaz.
1049 1228 1067 1266 I

469 1341 780 1392 παρασχίσαντες
796 1339 905 1394 aaron}
916 1339 989 1392 τήν
1001 1344 1065 1380 λα-

412 1393 560 1447 πάρην]
589 1427 612 1445 „
625 1399 695 1441 Qui
716 1400 782 1435 hoc
796 1401 963 1446 faciebat,
982 1399 1066 1435 hinc

412 1454 677 1504 παρασχίστης
706 1456 834 1492 dicitnr
863 1456 1014 1492 Diodor.
1036 1456 1064 1501 l,

412 1510 476 1549 91·
496 1532 552 1536 ——
580 1507 781 1561 Λαπάρην
809 1512 892 1548 dicit
923 1516 1063 1561 partein

410 1566 554 1603 mollem
589 1567 682 1603 inter
712 1581 795 1604 ossa
835 1568 989 1617 pectoris
1025 1572 1061 1603 et

411 1635 495 1658 ossa
512 1622 608 1658 ilium
627 1623 860 1660 interiectam.
883 1645 938 1650 ——
968 1623 1060 1659 Illud

409 1679 663 1726 memorabile,
682 1681 726 1715 ab
744 1681 935 1716 Herodoto
952 1693 1059 1716 unam

409 1737 659 1771 tantummodo
683 1737 889 1772 incisionem
910 1737 1060 1785 agnosci

410 1791 475 1827 sub
492 1796 670 1827 costarum
688 1798 792 1841 parte
805 1794 956 1837 saetam3
973 1805 1060 1828 con—

407 1852 463 1882 tra
484 1848 518 1883 in
544 1849 683 1897 pictura
711 1862 754 1885 ex
783 1850 937 1885 murniae
955 1850 1057 1884 invo-

409 1903 507 1939 lucro
546 1905 710 1941 ‹iesumtfi
747 1906 844 1955 apud
892 1905 1055 1942 Kircher.

408 1960 501 1996 Oed.
520 1959 610 2008 Aeg.
642 1961 687 1996 lll
713 1974 798 2011 pag.
818 1961 917 2008 512,
950 1974 1057 2010 quam

406 2029 521 2066 nuper
533 2018 771 2054 exhibuerunt
787 2019 943 2055 editores
952 2019 1057 2055 Win-

406 2072 606 2110 ckelmann.
638 2073 719 2111 hist.
743 2078 808 2110 art.
841 2074 854 2110 l
881 2075 992 2111 tabul.
1015 2078 1053 2121 2,

406 2129 528 2165 incisio
547 2131 587 2165 sit
607 2143 717 2179 supra
734 2130 958 2176 umbilicum,
989 2144 1055 2168 nec

404 2185 520 2222 minus
544 2186 728 2235 Gryphius
756 2187 924 2223 mumium
949 2187 1056 2224 ina-

404 2242 645 2279 tislax‘iensem
672 2243 707 2279 in
736 2243 829 2280 linea
862 2244 942 2280 alba
969 2245 1056 2280 inci-

403 2311 478 2334 sam
504 2300 614 2336 refert
639 2313 675 2348 p.
695 2300 760 2340 52.
808 2300 914 2343 Quae
934 2301 963 2337 si
989 2301 1055 2337 ad-

403 2356 542 2402 mittas,
578 2368 649 2404 quo
669 2356 849 2393 Herodoti
876 2356 959 2394 fidei
987 2369 1055 2407 pa-

401 2412 610 2458 trocineris,
650 2413 751 2449 binas
787 2413 976 2449 incisiones
1016 2414 1053 2449 in

403 2479 472 2503 uno
501 2469 703 2517 eodemque
734 2470 910 2507 cadavere
938 2471 1052 2506 factas

402 2524 534 2561 dixeris
573 2538 722 2562 necesse
759 2530 825 2563 est.
881 2525 930 2561 At
966 2538 1051 2562 vero

401 2584 563 2629 praestat
601 2582 636 2618 in
677 2583 797 2619 medio
836 2582 1051 2631 relinquere,

401 2648 494 2683 quae
514 2650 556 2674 ex
580 2639 834 2675 recentioribus
861 2642 897 2675 et
919 2638 1050 2688 partim

400 2692 554 2730 fortasse
574 2695 778 2743 mangoniis
792 2695 933 2731 mumiis
955 2696 1049 2732 rese-

400 2753 547 2795 runtur,
579 2755 614 2787 et
636 2751 906 2801 circumspicere
926 2751 1046 2801 potius

401 2815 590 2850 germanas
608 2820 650 2843 ex
665 2807 854 2844 Thebaicis
874 2807 1046 2857 sepulcris

400 2863 531 2896 erutas.
571 2861 690 2911 Atque
708 2863 745 2900 in
765 2864 807 2901 iis
824 2876 932 2901 unam
952 2864 1046 2901 dun-

1139 497 1239 530 taxat
1292 494 1501 534 incisionem
1560 497 1791 535 offenderunt

1138 550 1367 600 Francogalli
1397 566 1550 602 eamque
1577 555 1613 590 in
1643 555 1790 591 sinistra

1139 609 1299 656 corporis
1332 614 1437 659 parte
1475 611 1628 656 factam,
1666 615 1705 646 ut
1734 615 1791 648 est

1139 664 1237 712 apud
1265 664 1417 701 Diodor.
1432 694 1442 712 ,
1478 667 1694 702 testantibus
1712 666 1789 702 Vil-

1137 719 1259 756 loteau
1289 734 1345 770 ap.
1377 722 1520 759 Silvest.
1546 724 1593 759 de
1622 723 1716 771 Sacy
1740 724 1787 759 ad

1136 774 1347 814 Abdallatit'.
1369 778 1448 815 Rel.
1477 779 1524 815 de
1545 778 1636 826 l'Eg.
1669 784 1753 815 tom.
1774 779 1789 815 [

1136 845 1173 881 p.
1193 836 1245 874 20
1274 840 1309 870 et
1331 835 1464 883 Royer.
1499 835 1535 871 in
1554 835 1722 885 descript.
1741 836 1788 872 de

1135 888 1226 936 l'Eg.
1249 890 1325 927 livr.
1349 891 1383 927 X
1412 905 1447 941 p.
1470 891 1561 932 215.
1622 891 1788 935 Quorum

1134 944 1191 981 hic
1212 947 1361 983 mumias
1382 949 1492 984 etiam
1514 948 1671 998 reperit,
1692 960 1788 997 quae

1134 1000 1269 1039 nullum
1296 1004 1478 1041 incisionis
1507 1005 1697 1054 vestigium
1726 1017 1788 1042 ex-

1133 1056 1334 1096 hiberent.“
1351 1061 1480 1098 Creuz.
1506 1060 1565 1098 l.l.

1191 1114 1229 1161 ἐξ,
1255 1110 1312 1154 aiv
1334 1112 1438 1155 εἷλον
1457 1114 1528 1167 τήν
1543 1117 1696 1167 κοιλίην
1710 1119 1786 1155 πᾶ-

1135 1170 1231 1222 σαν]
1264 1173 1393 1211 κοιλία
1413 1179 1572 1211 ventrem
1587 1174 1732 1223 quidem
1749 1177 1786 1211 et

1134 1227 1254 1265 alvum
1275 1230 1475 1278 significat,
1505 1231 1662 1280 indeque
1678 1230 1784 1267 etiam

1134 1284 1329 1333 intestina,
1369 1299 1463 1335 quae
1488 1287 1568 1323 alvo
1597 1287 1786 1324 coutinen-

1133 1346 1201 1378 tur.
1260 1343 1336 1379 Sed
1359 1356 1443 1379 cave
1460 1345 1584 1380 credas
1604 1343 1785 1381 Herodoti

1134 1411 1212 1434 eam
1241 1412 1321 1436 esse
1348 1401 1586 1447 sententiam,
1617 1412 1660 1437 ac
1681 1400 1710 1436 si
1728 1400 1784 1436 in-

1133 1456 1290 1501 testina,
1333 1470 1375 1493 ex
1397 1455 1475 1491 alvo
1508 1461 1667 1502 exemta‚
1697 1457 1781 1492 dein

1132 1517 1288 1558 purgata
1308 1525 1349 1548 ac
1369 1513 1451 1547 vino
1469 1511 1562 1548 eluta
1575 1542 1585 1559 ,
1610 1525 1731 1548 rursus
1746 1512 1781 1547 in

1131 1568 1281 1603 cavitate
1295 1567 1433 1605 ventris
1452 1569 1581 1604 fuerint
1600 1568 1781 1617 reposita3

1128 1628 1235 1671 prout
1257 1624 1321 1659 viri
1343 1624 1488 1672 quidam
1509 1625 1604 1660 docti
1628 1638 1780 1661 censue-

1128 1683 1221 1715 runt.
1254 1680 1370 1723 Quem
1386 1680 1479 1717 enim
1497 1681 1624 1730 κοιλίη
1639 1681 1778 1729 (alvus)

1127 1736 1242 1784 primo
1272 1736 1350 1772 loco
1378 1737 1500 1785 utique
1528 1737 1661 1774 indicet
1690 1739 1779 1774 inte-

1127 1793 1246 1837 stina,
1276 1805 1368 1840 qnae
1396 1793 1531 1829 fuerint
1553 1798 1714 1840 exemta,
1740 1795 1778 1830 in

1124 1848 1244 1884 verbis
1272 1844 1566 1902 ἐκκαθήραντες
1587 1847 1629 1888 δὲ
1652 1845 1778 1901 αὐτήν

1126 1919 1199 1942 nnc.
1215 1907 1245 1941 λ.
1266 1918 1388 1942 vocem
1410 1901 1536 1955 αὐτην
1556 1907 1604 1943 ad
1621 1907 1777 1955 κοιλίην

1126 1961 1272 2010 quidem
1301 1963 1529 1999 referendam
1556 1976 1635 2000 esse
1661 1967 1777 2013 patet,

1127 2018 1192 2054 sed
1212 2019 1259 2053 ita
1279 2023 1316 2054 nt
1337 2019 1465 2069 κοιλίη
1479 2019 1700 2067 intelligatur
1715 2032 1777 2056 ca-

1124 2077 1220 2110 vz'tas
1251 2076 1409 2122 ventris,
1451 2088 1472 2112 a
1501 2088 1573 2124 qua
1603 2076 1775 2113 intestina

1125 2144 1167 2167 ac
1199 2131 1336 2167 viscera
1364 2136 1466 2168 erant
1499 2136 1650 2168 exemta.
1714 2131 1773 2167 Ad

1122 2187 1215 2223 hanc
1235 2188 1343 2235 igitur
1356 2188 1545 2224 cavitatem
1563 2188 1697 2224 ventris
1716 2201 1775 2225 re-

1122 2244 1274 2280 serenda
1292 2249 1392 2290 sunt,
1413 2257 1505 2292 quae
1528 2244 1575 2280 de
1595 2256 1773 2294 expurga-

1121 2300 1233 2346 tione,
1254 2299 1410 2337 elutione
1428 2304 1463 2337 et
1482 2301 1685 2337 extersione
1705 2300 1774 2336 alvi

1121 2355 1260 2392 Noster
1290 2357 1435 2402 scribit,
1466 2357 1612 2394 minime
1640 2357 1688 2393 ad
1715 2357 1772 2393 in-

1120 2413 1252 2449 testina
1273 2412 1364 2462 ipsa,
1382 2413 1512 2461 quibus
1535 2414 1621 2462 quid
1638 2414 1770 2450 factum

1121 2469 1185 2515 sit,
1225 2474 1420 2518 postquam
1449 2474 1590 2506 exemta
1618 2470 1767 2516 suerint,

1119 2526 1288 2573 egregius
1312 2526 1418 2562 docet
1448 2525 1639 2575 Porphyrii
1671 2525 1768 2562 locus

1117 2582 1163 2618 de
1184 2582 1314 2618 abstin.
1331 2594 1387 2618 an.
1409 2581 1471 2629 lV,
1484 2585 1508 2622 9
1529 2584 1622 2629 (10)
1634 2595 1669 2631 p.
1685 2583 1767 2622 329

1119 2652 1194 2687 seq.
1225 2638 1360 2675 Rlioer.
1392 2638 1564 2686 singulari
1591 2650 1675 2674 cura
1692 2643 1767 2674 tra-

1117 2700 1233 2731 ctatus
1252 2708 1273 2731 a
1296 2695 1479 2732 Creuzero
1510 2694 1531 2730 l.
1558 2693 1580 2730 l.
1605 2707 1689 2744 pag.
1712 2695 1765 2734 31

1115 2764 1193 2800 seq.
1224 2751 1357 2787 Iustam
1375 2764 1460 2788 vero
1477 2750 1679 2788 Herodotei
1698 2749 1767 2786 loci

1112 2807 1467 2857 interpretationem,
1515 2818 1624 2855 quam
1663 2805 1766 2842 dedi-

1113 2876 1204 2912 mus,
1217 2863 1561 2913 Schweighaeusero
1578 2862 1763 2899 debemus.
