1877 3223
104 559 213 587 Luctus
237 561 348 591 Croesi.

431 224 513 264 104

838 216 1295 257 HERODOTI

424 331 598 384 ονείρου
621 327 699 385 τὴν
720 327 879 384 φήμην.
910 327 1002 370 ἔθεε
1034 325 1079 369 δέ
1106 341 1170 377 τις
1198 323 1410 380 ἀγγελέων
1438 328 1498 380 τῷ
1523 324 1700 376 Κροίσῳ

400 408 473 460 3τό
491 406 687 464 γεγονός·
720 405 980 461 ἀπικόμενος
1004 403 1049 447 δὲ
1080 403 1123 455 ἐς
1138 403 1214 454 τοὶς
1238 402 1424 458 Σάρδις,
1455 401 1534 458 τήν
1557 418 1600 445 τε
1625 399 1699 456 μά-

309 499 376 544 44
422 505 501 546 χην
519 489 590 532 καὶ
613 487 689 529 τὸν
705 490 786 529 τοῦ
803 484 958 534 παιδός
978 482 1117 538 μόρον
1144 482 1326 539 ἐσήμηνέ
1351 483 1403 524 οἵ.
1438 480 1487 523 Ὁ
1505 481 1550 524 δὲ
1572 483 1746 533 Κροῖ·65

421 580 517 620 σος,
555 570 615 623 τῷ
644 564 822 621 θανάτῳ
853 566 932 606 τοῦ
965 561 1122 613 παιδὸς
1151 560 1571 616 συντεταραγμένος,
1600 562 1702 612 μᾶλ-

422 647 500 690 λόν
528 662 568 689 τι
601 643 935 698 ἐδεινολογέετο,
984 639 1050 684 ὅτι
1090 657 1165 695 μιν
1203 638 1422 684 ἀπέκτεινε
1466 636 1543 681 τὸν
1572 634 1706 687 αὐτὸς

398 726 566 782 ρφόνου
589 721 788 778 ἐκάθηρε.
819 720 1134 775 περιημεκτέων
1163 720 1208 762 δὲ
1230 722 1282 776 τῇ
1308 720 1514 772 συμφορῇ
1539 717 1705 766 δεινῶς,

422 794 567 847 ἐκάλεε
587 800 666 857 μὲν
685 801 771 844 Δία
788 798 1064 854 Καθάρσιον,
1101 797 1429 854 μαρτυρόμενος
1449 795 1501 838 τὰ
1521 793 1604 838 ὑπὸ
1624 797 1707 837 τοῦ

377 983 495 1039 φήμη
510 1018 519 1034 ,
553 987 618 1036 (V,
641 988 697 1027 72
717 985 813 1033 etc.)
827 1013 837 1032 ,
869 984 930 1021 ubi
951 984 1032 1021 nul-

380 1045 414 1081 la
436 1059 455 1083 e
477 1045 575 1081 libris
598 1047 744 1080 notatur
767 1041 931 1079 lectionis
955 1043 1033 1078 dis-

381 1101 589 1152 crepantia,
626 1098 809 1147 vulgatam
838 1096 897 1134 hic
933 1097 1033 1135 lecti-

380 1170 487 1194 onem
507 1157 679 1193 intactam
703 1154 907 1203 relinquere
927 1166 1035 1205 prae-

381 1217 466 1250 stat.
522 1211 593 1248 Est
629 1215 750 1248 autem
790 1206 907 1260 φήμη
949 1209 1035 1246 nihil

380 1269 480 1306 aliud
507 1268 577 1305 nisi
610 1267 781 1317 effatum,
811 1266 850 1303 id
873 1266 963 1317 quod
981 1268 1036 1302 in-

382 1324 560 1372 dicatum,
591 1324 764 1361 traditum
783 1326 869 1360 erat.
927 1322 1039 1360 Plura

383 1382 432 1419 de
449 1381 553 1417 huius
585 1381 684 1417 vocis
715 1379 1039 1426 significationibus

383 1436 685 1486 WVyttenbachius
711 1435 748 1470 in
770 1434 941 1471 Biblioth.
972 1434 1039 1470 cri-

387 1494 444 1530 tic.
466 1491 538 1535 ΙΙΙ,
563 1495 580 1532 1
606 1505 644 1542 p.
665 1492 719 1533 59
744 1489 811 1537 (ad
830 1489 958 1527 Iulian.
975 1490 1040 1527 Or.

386 1548 404 1586 l
426 1562 462 1598 p.
488 1549 562 1594 10,
584 1546 627 1584 A.
657 1560 695 1597 p.
722 1546 802 1587 156
823 1547 879 1583 ed.
905 1546 1041 1583 Sohae-

389 1605 475 1653 ser.)
494 1603 573 1641 coll.
598 1603 868 1640 Animadverss.
891 1603 939 1639 ad
958 1602 1043 1639 Plu-

390 1660 501 1699 tarch.
528 1659 672 1698 Morall.
694 1658 711 1695 I
730 1670 817 1710 pag.
838 1657 930 1700 643.

577 1753 610 1791 C
621 1766 688 1805 ap.
713 1752 846 1791 XLIV.

451 1836 742 1890 περιημεκτέων
782 1835 825 1877 δὲ
868 1839 919 1892 τῇ
953 1847 1047 1888 συμ-

398 1897 509 1949 φορῇ
554 1893 720 1944 δεινῶς]
777 1897 1049 1944 περιημεκτεῖν

398 1951 513 1987 rarius
564 1954 620 1988 est
657 1950 891 1996 vocabulum,
949 1950 1050 1998 quod

397 2006 532 2043 Suidas
551 2006 679 2043 laudat
697 2018 726 2041 s.
749 2018 782 2041 v.
803 2006 976 2053 quodque
994 2005 1049 2041 in-

398 2063 540 2100 venitur
556 2062 607 2099 III
621 2091 631 2109 ‚
649 2061 714 2102 64.
745 2061 847 2109 vm,
874 2064 964 2102 109.
984 2060 1049 2108 lx,

400 2121 467 2160 41.
525 2119 608 2155 Hoc
630 2117 708 2154 loco
727 2116 851 2154 Gloss.
870 2117 1048 2154 Herodot.

403 2174 553 2224 exponit
585 2174 811 2225 δυσφορῶν.
870 2173 945 2210 Ubi
985 2172 1052 2210 Cr.

403 2231 545 2268 confert
565 2230 720 2279 Gregor.
740 2229 904 2267 Corinth.
920 2242 959 2279 p.
974 2229 1053 2270 501

406 2287 465 2323 ed.
487 2285 632 2325 Sehacf.
656 2291 692 2323 et
708 2286 844 2323 Zonar.
871 2286 1055 2335 pag.993

405 2342 493 2389 ibiq.
546 2341 582 2378 T
585 2342 749 2379 ittmann.
820 2341 962 2379 Latinis
1002 2344 1058 2378 est

409 2397 548 2435 moleste
564 2397 683 2448 serre,
711 2397 909 2447 indignare.
965 2396 1057 2433 Cum

411 2466 498 2491 vero
538 2455 637 2503 apud
670 2454 822 2491 suidam
862 2453 1059 2491 inveniatur

416 2510 525 2547 etiam
544 2506 569 2548 οἷ
582 2508 724 2559 μεκτὲω
735 2539 744 2557 ,
775 2510 983 2547 Schneider.
1003 2508 1058 2556 (in

417 2564 542 2603 Lexic.
552 2566 681 2603 Graec.
693 2580 721 2603 s.
731 2578 763 2603 v.
775 2562 1057 2616 περιημεκτὲω)

417 2634 462 2659 eo
489 2622 687 2669 inducitur,
736 2626 775 2658 ut
803 2622 890 2659 illud
914 2621 1060 2658 verbum

419 2677 466 2713 ab
485 2673 666 2727 αἷμάσσω
679 2678 870 2715 deductum
891 2677 997 2723 velit,
1021 2689 1063 2713 ac

421 2733 468 2770 dc
505 2733 704 2771 vehementi
741 2735 866 2772 dolore
901 2733 1064 2784 explicet,

421 2788 535 2837 quiex
547 2789 690 2827 vulnere
710 2791 947 2827 contrahatur.
966 2789 1065 2826 Idem

418 2844 491 2882 iota
510 2846 749 2897 subscriptum
769 2847 833 2885 sub
854 2851 880 2898 ἡ
903 2847 983 2885 h'mc
1000 2846 1065 2884 ad-

1100 985 1137 1020 di
1155 983 1254 1029 mlt3
1283 983 1382 1032 quod
1413 986 1537 1018 tamen
1566 980 1602 1017 in
1632 979 1751 1017 Hero-

1101 1041 1188 1077 doto
1218 1052 1336 1087 aeque
1366 1042 1475 1085 atque
1502 1038 1626 1084 iniis,
1660 1049 1754 1086 quac

1102 1095 1338 1135 Grammatici
1360 1094 1541 1139 afferunt,
1572 1093 1688 1139 abest,
1721 1095 1758 1129 et

1102 1165 1227 1191 revera
1262 1152 1300 1188 in
1327 1150 1426 1187 hisce
1466 1149 1611 1186 omnino
1645 1148 1759 1185 omitti

1102 1209 1230 1247 soleat.
1289 1206 1472 1243 Amandat
1503 1204 1571 1242 Cr.
1590 1205 1638 1242 ad
1658 1204 1759 1242 Pier-

1101 1278 1181 1303 son.
1199 1269 1291 1302 nott.
1316 1264 1354 1299 in
1387 1261 1504 1299 Moer.
1534 1274 1620 1312 pag.
1660 1262 1756 1302 300.

1104 1344 1160 1351 ——-
1187 1320 1247 1358 Ad
1277 1319 1521 1356 narrationem
1552 1318 1676 1355 confer
1709 1317 1759 1353 sis

1107 1391 1186 1416 cum
1222 1375 1446 1413 Herodoteis
1487 1385 1550 1421 ea,
1602 1374 1761 1422 quaein

1107 1435 1293 1483 Excerptt.
1315 1431 1467 1468 Diodor.
1490 1442 1575 1480 pag.
1591 1431 1674 1471 553
1703 1429 1760 1467 ed.

1108 1488 1265 1527 wessel.
1299 1488 1492 1535 leguntur,
1522 1487 1584 1523 ubi
1603 1487 1762 1524 Croesus

1110 1547 1163 1582 ira
1182 1552 1308 1595 captus
1329 1543 1534 1592 hospitem,
1577 1555 1600 1580 a
1626 1556 1698 1592 quo
1719 1542 1764 1579 fi-

1111 1603 1178 1639 lius
1218 1613 1345 1638 caesus
1388 1600 1526 1646 suerat,
1565 1600 1684 1636 fixum
1724 1611 1765 1636 se

1113 1657 1267 1696 flammis
1286 1655 1499 1693 traditurum
1516 1656 1681 1692 minatur.

1171 1719 1305 1764 ε’κεὶλεε
1327 1718 1398 1774 μὲν
1412 1722 1490 1760 Δία
1513 1718 1765 1773 Καθάρσιον,

1116 1775 1414 1833 μαρτυρόμενος
1435 1775 1482 1817 τοὶ
1503 1776 1583 1818 ὑπὸ
1601 1781 1672 1817 τοῦ
1692 1779 1765 1826 ξεί-

1116 1853 1190 1878 νου
1216 1831 1435 1880 πεπονθώς
1465 1834 1553 1886 εἰἠ]
1594 1835 1700 1879 Quae
1719 1835 1767 1872 sit

1115 1895 1274 1943 expiatio
1306 1905 1337 1930 S.
1364 1886 1583 1943 κάθαρσις,
1611 1891 1768 1929 vidimus

1117 1952 1164 1987 ad
1192 1950 1230 1997 Ι,
1267 1948 1334 1990 35.
1391 1946 1467 1985 Iam
1500 1949 1562 1998 qui
1591 1948 1682 1986 deus
1712 1948 1767 1985 Iu-

1117 2006 1256 2042 strandi
1275 2004 1423 2054 negotio
1453 2009 1620 2054 praeest,
1651 2005 1681 2041 is
1714 2005 1770 2042 di-

1118 2063 1208 2099 citur
1238 2059 1339 2108 Ζευς
1378 2056 1622 2112 καθάρσιος,
1667 2061 1767 2098 cuius

1119 2130 1222 2155 sacra
1251 2118 1402 2168 prophis
1430 2118 1606 2154 accedunt
1634 2117 1682 2153 ad
1711 2129 1767 2163 ea,

1120 2186 1216 2223 quae
1242 2175 1281 2210 in
1309 2173 1404 2210 Iovis
1433 2173 1622 2223 μειλιχίου
1656 2173 1768 2210 sacris

1120 2230 1390 2280 spectabantur.
1456 2229 1551 2267 vide
1580 2229 1679 2265 locos
1707 2241 1770 2267 ve-

1122 2291 1239 2322 terum
1272 2298 1294 2321 a
1322 2285 1506 2322 Creuzero
1528 2286 1701 2323 excitatos
1731 2285 1769 2321 in

1122 2339 1263 2378 Melett.
1305 2341 1396 2378 critt.
1438 2341 1455 2378 I
1495 2354 1581 2392 pag.
1623 2344 1688 2382 17.
1717 2342 1769 2382 18

1124 2401 1199 2434 not.
1214 2399 1252 2438 9.
1297 2397 1405 2434 Hunc
1429 2411 1514 2436 vero
1540 2399 1647 2435 deum
1666 2397 1770 2446 quasi

1125 2457 1254 2490 testem
1289 2453 1441 2490 advocat
1481 2466 1628 2500 eorum,
1676 2465 1770 2502 quae

1126 2511 1205 2559 ipse
1227 2510 1261 2545 in
1282 2510 1462 2559 hospitem
1488 2510 1595 2546 officii
1628 2522 1670 2546 ac
1693 2509 1771 2559 pie-

1126 2566 1211 2602 tatis
1245 2566 1483 2613 docmnenta,
1523 2566 1575 2602 uti
1598 2567 1654 2602 fas
1682 2570 1771 2612 erat,

1128 2622 1366 2672 praestiterit,
1395 2635 1489 2671 quae
1521 2621 1577 2660 ille
1606 2621 1771 2670 neglecta

1130 2678 1301 2726 religione
1314 2709 1324 2726 ‚
1353 2683 1425 2716 tam
1443 2691 1553 2728 prave
1573 2678 1642 2728 ipsi
1654 2690 1771 2715 remu-

1131 2738 1277 2771 neratus
1305 2748 1386 2772 esse
1411 2735 1602 2772 videretur.
1636 2729 1772 2772 Ἰστέον

1133 2787 1174 2828 a&
1211 2791 1323 2838 (sunt
1360 2790 1539 2828 Eustathii
1579 2790 1687 2828 verba
1725 2790 1771 2826 ad

1132 2846 1279 2886 Homer.
1291 2846 1534 2896 Odyss.XVI,
1544 2849 1624 2889 429
1640 2859 1676 2897 p.
1689 2847 1770 2888 612
