1909 3228
758 885 1238 936 EXCURSUS
1286 889 1309 934 Ι

509 1005 1566 1061 ADHERODOT.1‚35.

597 1231 834 1289 Ἄδραστος
844 1267 856 1288 ,
880 1234 1115 1292 ’Ἀδρηστος
1127 1268 1138 1289 ,
1167 1237 1403 1280 Adrastus.
1414 1236 1452 1291 *)

388 1335 538 1373 Adrasti
562 1338 707 1376 nomine
736 1340 858 1390 plures
889 1345 1078 1378 occurrunt
1110 1342 1146 1379 in
1178 1343 1400 1380 Graecorum
1429 1355 1545 1393 aeque
1580 1357 1622 1382 ac
1651 1342 1784 1382 Troia-

277 1415 404 1440 norum
436 1404 553 1441 rebus.
611 1405 734 1443 Primo
764 1407 843 1445 loco
879 1421 1057 1458 ponamus
1086 1409 1260 1458 Argivum
1291 1411 1387 1447 illum
1411 1411 1628 1459 Adrastum,
1658 1424 1783 1460 regem

277 1471 508 1519 Sicyonium,
541 1471 648 1509 Talai
679 1474 813 1522 filium,
851 1477 898 1513 de
925 1489 998 1525 quo
1025 1477 1175 1515 Homer.
1204 1477 1244 1514 ll.
1274 1478 1328 1525 II,
1346 1478 1429 1519 572
1464 1482 1499 1514 et
1530 1478 1710 1514 Herodot.
1736 1476 1782 1524 V,

277 1540 343 1578 67.
402 1537 510 1575 Plura
544 1540 714 1578 Creuzer.
761 1543 798 1579 in
833 1549 1036 1581 commentt.
1075 1545 1241 1582 Herodd.
1291 1558 1378 1595 pag.
1411 1548 1492 1586 217
1521 1557 1621 1593 seqq.
1679 1544 1782 1581 Alter

275 1604 449 1641 Adrastus
477 1606 644 1643 Herculis
665 1610 777 1646 fertur
800 1610 911 1658 filius,
943 1613 1005 1660 qui
1035 1626 1078 1649 ex
1105 1612 1247 1649 oraculo
1276 1626 1314 1650 se
1342 1614 1459 1663 ipsum
1489 1613 1559 1649 unii
1587 1625 1666 1648 cum
1686 1613 1782 1662 Hip-

272 1684 396 1722 ponoo
422 1673 534 1710 fratre
566 1673 747 1713 interfecit
785 1678 821 1714 in
846 1679 1009 1714 flammas
1038 1691 1117 1716 sese
1145 1680 1359 1726 coniiciens,
1394 1684 1434 1716 ut
1461 1683 1616 1716 testatur
1642 1679 1778 1728 Hygin.

273 1739 346 1775 sab·
369 1738 462 1780 242.
520 1738 553 1776 A
577 1755 648 1791 quo
675 1744 834 1781 diversus
857 1744 1052 1792 Adrastus,
1081 1744 1243 1795 Meropis
1268 1745 1383 1792 filius,
1414 1746 1476 1794 qui
1497 1745 1668 1782 Troianis
1699 1747 1780 1795 opi-

275 1804 436 1853 tulatur,
480 1810 575 1844 teste
612 1809 774 1848 Homero
805 1811 843 1848 Il.
876 1812 930 1858 ΙΙ,
958 1813 1039 1852 830
1078 1812 1156 1849 coll.
1188 1812 1258 1858 XI,
1287 1812 1369 1852 328
1408 1812 1572 1861 aliusque
1603 1812 1780 1849 Adrastus

274 1872 469 1921 Troianus,
499 1887 606 1923 quem
625 1881 769 1927 captum
788 1887 810 1915 a
826 1877 994 1916 Menelao
1016 1880 1186 1917 interimit
1206 1877 1478 1927 Agamemnon,
1507 1879 1546 1916 ll.
1563 1880 1626 1927 VI,
1647 1881 1700 1920 38
1721 1893 1776 1929 sq.

272 1939 351 1977 Sed
372 1944 565 1990 utrumque
584 1942 718 1983 huncce
736 1959 802 1995 pro
825 1959 896 1983 uno
924 1948 1126 1996 eodemque
1149 1946 1308 1985 Adrasto
1339 1946 1463 1983 haberi
1489 1947 1565 1984 vult
1586 1947 1706 1998 Heyn.
1729 1949 1777 1985 ad

273 2006 375 2044 Iliad.
398 2007 409 2044 l
429 2008 451 2045 l.
510 2009 546 2047 T
549 2011 658 2048 ertius
679 2017 742 2049 aut
768 2016 945 2052 secundus
977 2015 1152 2052 Adrastus
1179 2014 1273 2051 inter
1299 2014 1438 2051 nobiles
1470 2014 1651 2052 Troianos
1679 2029 1778 2053 com-

273 2080 491 2113 memoratur
520 2079 557 2114 in
593 2078 694 2117 Iliad.
724 2080 833 2128 XVI,
865 2081 966 2128 6943
1018 2087 1054 2120 et
1083 2085 1230 2133 praeter
1258 2080 1366 2117 hosce
1399 2081 1559 2119 Graecus
1590 2082 1777 2131 Adrastus,

271 2146 376 2192 pater
394 2143 616 2194 Eurydices,
636 2147 758 2183 matris
773 2146 1059 2196 Laomedontis,
1089 2163 1110 2187 a
1130 2162 1202 2198 quo
1219 2146 1377 2185 Adrasto
1396 2149 1555 2185 nonnulli
1568 2149 1775 2187 Adrasteam

271 2211 398 2247 urbem
426 2213 607 2249 conditam
635 2214 799 2251 ferebant
837 2215 952 2262 (conf.
977 2214 1146 2265 Apollod.
1169 2216 1207 2262 I,
1231 2218 1279 2262 9,
1301 2217 1352 2256 13
1382 2217 1467 2265 ibiq.
1497 2216 1619 2266 Heyn.
1645 2218 1775 2266 obss.),

270 2277 347 2314 aliis
368 2278 469 2316 aliter
490 2281 740 2318 statuentibus.
799 2282 858 2319 Tu
877 2284 950 2320 vid.
975 2283 1106 2332 Heyne
1130 2283 1223 2320 obss.
1244 2283 1292 2319 ad
1318 2282 1417 2319 Iliad.
1437 2282 1491 2330 ΙΙ,
1510 2285 1591 2324 828
1621 2298 1655 2334 p.
1680 2283 1773 2326 412.

270 2343 440 2394 Namque
470 2347 679 2385 Adrasteam
714 2349 867 2397 urbem,
908 2351 954 2388 ab
986 2363 1029 2388 eo
1061 2350 1236 2397 Adrasto,
1276 2350 1337 2398 qui
1369 2349 1571 2387 Nemeseos
1600 2352 1775 2402 templum

270 2413 424 2461 primum
447 2416 679 2462 exstruxerit,
709 2417 892 2453 conditam
921 2417 992 2454 iam
1020 2418 1201 2455 Homerus
1228 2418 1348 2463 novit,
1379 2417 1482 2454 sitam
1507 2416 1602 2453 illam
1626 2419 1774 2467 quidem

272 2479 320 2514 ad
346 2478 606 2530 Propontidem
634 2488 670 2521 et
689 2485 738 2520 ad
757 2484 942 2522 Troadem
973 2498 1088 2533 usque
1118 2488 1322 2535 porrectam
1354 2496 1397 2522 ea
1422 2485 1460 2520 in
1481 2484 1648 2533 regione,
1678 2497 1773 2534 quae

271 2549 354 2594 post
382 2548 429 2583 ad
455 2547 612 2596 Mysiam
641 2551 825 2599 pertinuit.
893 2552 998 2588 Facit
1036 2551 1104 2588 huc
1145 2551 1354 2588 Callimachi
1388 2552 1633 2599 fragmentum
1673 2552 1772 2603 apud

271 2611 381 2648 schol.
408 2612 524 2664 Apoll.
549 2616 669 2653 Rhod.
696 2617 732 2665 I,
755 2620 859 2659 1116
892 2618 965 2666 (ur.
983 2618 1036 2659 45
1066 2632 1102 2669 p.
1125 2618 1206 2660 431
1237 2619 1295 2656 ed.
1319 2618 1496 2667 Ernest.).
1555 2619 1676 2670 Atque
1703 2619 1771 2656 hac

327 2792 364 2841 ι”)
396 2798 627 2840 Quaecunque
648 2797 712 2832 hoc
730 2810 875 2833 excursu
895 2801 1122 2842 continentur,
1145 2812 1184 2834 ea
1203 2801 1372 2835 Creuzero
1399 2800 1574 2842 debentur,
1602 2801 1657 2844 qui
1677 2804 1767 2836 vete-

396 2864 467 2886 rum
489 2855 688 2897 scriptorum
707 2857 799 2889 locos
822 2856 886 2889 huc
909 2858 1140 2900 pertinentes,
1170 2868 1300 2891 mecum
1327 2859 1574 2891 communicare
1592 2858 1706 2892 voluit.
