1909 3228
469 203 553 241 726
866 201 1340 240 HERODOTI

468 309 510 361 ἐς
545 309 626 365 τήν
668 307 851 351 Ἑλλάδα
889 309 1150 352 ἐπανελθεῖν.
1209 308 1348 354 πόλον
1385 311 1462 366 μὲν
1496 311 1607 367 γάρ,
1658 313 1730 356 καὶ

469 388 694 444 γνώμονα,
727 388 800 431 καὶ
828 387 880 430 τα
911 387 1108 431 δυώδεκα
1137 387 1268 444 μέρεα
1297 393 1370 445 τῆς
1396 389 1578 447 ἡμέρης,
1610 392 1727 446 παρά

311 467 408 511 110
466 468 764 522 Βαβυλωνίων
794 468 962 524 ἔμαθον
993 466 1264 523 οἱἝλληυες.

138 531 168 555 S«
172 531 225 556 »lus
255 532 355 566 Avign
349 532 413 557 nio-

139 572 201 589 rum
268 566 322 589 So.
310 574 357 590 uso
345 565 415 591 tris

140 598 333 632 Χιιὶιὶιψὶὺυε
361 599 413 625 iin-

1326 469 1537 520 Βασιλεύς
1565 471 1643 524 μὲν
1674 471 1726 528 δὴ

473 542 602 597 οὗτος
641 550 807 599 μοῦνος
837 547 1077 603 Αἰγύπτιος
1108 548 1342 603 Αἰθιοπίης
1372 544 1481 603 ἦρξε.
1540 549 1728 605 Μυημό-
1745 557 1786 591 15

412 715 534 747 tonem
553 710 588 746 in
610 710 766 747 Phaedr.
793 714 819 746 t.
839 710 887 746 HI
913 725 947 760 p.
971 711 1066 759 274,

413 767 444 803 C
475 770 529 816 (p.
551 766 654 813 274,
676 766 792 812 (211),
814 767 875 803 ubi
898 768 968 804 vid.
987 767 1064 804 Ast.

411 837 446 872 p.
467 824 580 871 383).
624 822 802 859 Iamblich.
824 823 886 860 vit.
909 824 1064 873 Pythag.

411 877 447 929 ᾗ.
466 882 518 920 29
548 893 583 929 p.
609 879 698 920 134.
730 880 944 917 Anticlidein
965 882 1066 931 apud

416 936 569 984 Diogen.
590 935 715 972 Laert.
739 936 819 972 Vlll
834 966 844 983 ‚
865 939 938 983 11,
970 950 1061 986 quos

410 991 536 1029 laudat
571 991 773 1028 Larcherus
800 992 835 1028 in
864 997 961 1039 not„
1003 994 1064 1042 qui

412 1053 509 1085 recte
529 1054 651 1085 monet
678 1048 818 1097 losephi
840 1050 1002 1086 adventu
1028 1050 1065 1086 in

413 1104 582 1154 Aegypto
616 1105 685 1141 iam
710 1105 819 1142 fuisse
835 1105 927 1143 hanc
953 1119 1064 1154 agro-

411 1175 488 1197 rinn
527 1162 787 1198 dimensionem
824 1174 865 1198 ac
901 1163 1066 1212 partitio-

410 1231 514 1262 nem3
544 1222 635 1254 teste
657 1217 791 1255 Genes.
815 1217 881 1265 47,
903 1222 967 1260 20.
1008 1218 1065 1255 Ad

410 1274 573 1310 Graecos
615 1278 755 1321 autem,
794 1278 834 1310 ut
864 1288 907 1311 ex
937 1276 1065 1312 eadem

409 1329 581 1367 Lare-heri
605 1335 692 1366 nota
721 1332 895 1380 adparet,
927 1331 1064 1369 Thales

411 1387 650 1434 geometriam
695 1388 830 1437 primus
874 1388 1066 1437 pertulisse

412 1447 578 1479 narratur
598 1443 776 1492 (Diogen.
799 1442 923 1481 Laert.
938 1444 982 1491 ΙΙ,
1007 1448 1066 1492 2),

412 1503 451 1535 nt
490 1498 662 1548 Apuleius
706 1501 799 1536 adeo
842 1505 1066 1550 repertorem

411 1555 490 1591 (ius
517 1557 614 1605 apud
637 1556 798 1592 Graecos
830 1557 924 1593 hunc
947 1556 1065 1606 philo-

411 1611 564 1661 sophum
585 1612 716 1648 dixerit
733 1612 891 1660 (Florid.
901 1626 936 1662 p.
951 1614 1065 1658 816).

466 1662 694 1718 πολονμὲ
700 1683 722 1706 ν
743 1665 829 1732 γάρ,
854 1668 920 1706 καὶ
943 1684 1065 1720 γνω-

409 1738 540 1774 μονα
561 1739 595 1761 κ.
608 1739 638 1761 τ.
649 1722 695 1773 λ]
727 1720 876 1763 πόλον
869 1738 939 1761 iam
959 1725 1066 1762 Wes-

406 1780 578 1828 selingius
602 1780 826 1828 Scaligerum
852 1780 919 1828 (ad
941 1780 1066 1818 Manil.

411 1836 480 1882 ΙΙΙ,
503 1835 604 1884 434)
639 1841 780 1873 secutus
800 1866 811 1884 ‚
847 1841 1066 1886 exposuerat

411 1892 654 1941 horologium,
694 1907 768 1941 quo
800 1892 963 1942 singulae
994 1894 1065 1930 diei

410 1948 523 1985 horae
572 1949 798 1995 indicantur,
855 1950 1065 1997 refragante

411 2005 560 2054 quidem
571 2005 723 2042 Salmas,
740 2006 787 2042 ad
799 2005 911 2042 Solin.
922 2019 958 2056 p.
970 2005 1064 2052 448,

412 2061 478 2099 sed
505 2062 732 2111 suffragante
763 2061 899 2099 Polluc.
934 2063 1010 2108 lx,
1038 2063 1063 2103 5

409 2116 447 2168 ἓ.
471 2118 536 2159 46.
575 2119 687 2155 Cuius
709 2122 831 2156 tamen
851 2119 1067 2156 auctoritate

410 2179 552 2224 spreta,
582 2174 784 2212 Larcherus
812 2170 940 2214 πόλον
960 2174 1067 2212 intel-

408 2230 487 2279 ligit
506 2231 595 2268 coeli
613 2244 721 2280 quem
744 2231 851 2280 vulgo
867 2232 988 2281 polum
1003 2245 1068 2268 vo-

408 2300 551 2334 camus,
574 2283 761 2338 γνώμονα
779 2288 994 2337 horologium
1012 2302 1067 2324 so-

410 2343 485 2379 lare
514 2344 668 2389 (codron
696 2344 853 2394 solalre).
920 2346 998 2382 Sed
1024 2357 1067 2381 ex

408 2400 491 2450 ipso
513 2400 694 2437 Herodoti
724 2401 802 2438 loco
831 2401 918 2438 satis
937 2406 1066 2451 patere

407 2456 580 2504 videtur,
628 2457 675 2494 de
708 2457 797 2494 coeli
834 2458 980 2495 cardine
1010 2458 1066 2494 hic

380 2534 391 2549 ,-
407 2512 541 2549 nullum
574 2526 655 2550 esse
689 2526 800 2563 posse
848 2526 1064 2560 sermonem,

410 2570 475 2605 sed
501 2569 547 2606 de
576 2570 822 2607 instrumentis
849 2570 1065 2606 astronomi-

411 2625 460 2661 cis
474 2653 485 2671 ,
516 2637 669 2673 quorum
690 2627 843 2663 alterum
862 2627 1064 2663 indicandis

410 2681 496 2716 anni
516 2682 821 2720 vicissitudinibus
852 2683 1066 2730 inservierit,

410 2735 561 2773 alterum
581 2738 653 2775 diei
681 2740 864 2788 partibus,
893 2743 1066 2776 monente

412 2791 767 2841 Schweighaeusero.
852 2795 1064 2833 Accuratius

413 2847 595 2896 inquisivit
616 2849 707 2887 alter
729 2851 857 2889 Gallus
876 2853 1066 2903 interpres,

1134 710 1255 757 Miot„
1287 711 1334 748 de
1364 714 1520 760 utroque
1546 713 1788 749 astronomico

1134 769 1404 813 instrumento,
1438 768 1521 818 polo
1552 775 1587 806 et
1625 782 1789 817 gnomone

1134 825 1224 861 haee
1255 837 1415 874 ponens:
1454 838 1653 873 gnomonem
1679 826 1789 863 fuisse

1134 881 1335 919 columnam
1362 881 1400 916 in
1429 882 1540 918 altum
1567 882 1646 918 loco
1678 881 1787 932 plano

1135 942 1291 975 erectam
1305 966 1315 984 ,
1334 937 1433 973 cuius
1456 939 1616 975 umbram
1635 939 1788 975 dimensi

1132 995 1266 1031 suerint
1284 994 1332 1029 ad
1360 993 1444 1030 solis
1474 995 1590 1031 locum
1619 995 1790 1032 determi-

1134 1051 1293 1087 nandum
1306 1063 1315 1094 3
1330 1049 1447 1098 polum
1459 1051 1685 1100 horologium
1704 1065 1790 1088 con-

1134 1120 1261 1144 cavum
1287 1119 1367 1142 esse
1385 1134 1395 1152 ,
1446 1121 1518 1156 quo
1545 1109 1593 1143 ad
1625 1107 1788 1155 singulas

1135 1163 1207 1200 diei
1226 1163 1332 1199 horas
1352 1163 1563 1200 indicandas
1576 1165 1709 1201 suerint
1724 1164 1791 1211 usi,

1135 1219 1309 1268 quodque
1335 1233 1378 1256 eo
1398 1220 1534 1256 facilius
1553 1220 1627 1269 poli
1644 1221 1791 1257 nomine

1135 1276 1300 1324 insigniri
1332 1278 1512 1325 potuerit,
1561 1290 1641 1314 cuin
1673 1277 1790 1314 Grae-

1134 1346 1213 1370 cum
1237 1327 1361 1380 πόλος
1390 1335 1499 1370 etiam
1529 1336 1643 1383 ipsum
1662 1333 1792 1370 coelum

1136 1390 1289 1426 subinde
1334 1390 1506 1436 denotet,
1564 1390 1790 1427 instrumenti

1137 1450 1257 1482 antem
1279 1458 1322 1482 ea
1343 1447 1449 1482 suerit
1469 1447 1585 1483 forma
1606 1459 1647 1482 ac
1658 1446 1790 1494 figura,

1135 1507 1176 1538 ut
1195 1501 1334 1539 coelum
1367 1503 1483 1538 minus
1514 1507 1790 1553 repraesentare

1135 1559 1327 1595 videretur.
1405 1558 1510 1601 Quae
1553 1559 1701 1608 quidem
1730 1571 1790 1595 ex—

1133 1614 1279 1664 plicatio
1315 1614 1533 1651 testimoniis
1562 1616 1713 1652 duorum
1740 1615 1790 1650 xi-

1133 1684 1256 1707 rorum
1284 1671 1529 1708 astronomiae
1558 1676 1633 1707 tum
1659 1672 1789 1708 veteris

1135 1730 1212 1763 tum
1244 1727 1456 1763 recentioris
1489 1727 1790 1777 peritissimorum

1134 1783 1280 1819 nititur:
1314 1782 1433 1831 Bailly
1462 1783 1545 1819 hist.
1565 1784 1611 1820 de
1629 1783 1790 1819 l'astron.

1134 1839 1299 1876 modern.
1339 1839 1404 1874 t.l
1435 1852 1471 1888 p.
1502 1841 1555 1880 73
1588 1843 1624 1876 et
1652 1839 1792 1889 praeci-

1133 1908 1207 1945 pue
1229 1894 1428 1932 Delambre
1461 1895 1542 1932 hist.
1563 1896 1610 1933 de
1629 1895 1791 1933 l'astron.

1133 1952 1298 1989 ancienn.
1318 1955 1342 1987 t.
1361 1950 1374 1986 l
1399 1965 1436 2001 p.
1459 1952 1524 1992 48.
1553 1956 1580 1989 t.
1605 1952 1620 1988 I
1641 1965 1677 2002 p.
1698 1951 1791 1992 512.

1133 2006 1255 2056 Atque
1292 2007 1383 2044 haec
1419 2008 1448 2044 si
1487 2021 1572 2045 vere
1608 2009 1792 2058 disputata

1134 2069 1238 2111 sunt,
1277 2064 1375 2100 haud
1405 2065 1565 2111 mireris,
1595 2065 1641 2101 ab
1671 2065 1793 2101 Hero-

1136 2121 1223 2157 doto
1256 2133 1317 2157 cur
1347 2121 1470 2158 statim
1503 2121 1632 2158 addita
1660 2121 1793 2157 suerint

1135 2176 1244 2214 haec:
1281 2175 1349 2214 καὶ
1376 2173 1424 2215 τοὶ
1460 2174 1640 2216 δυώδεκα
1674 2175 1793 2227 μέρεα

1134 2235 1208 2283 τῆς
1239 2231 1401 2283 ἡμέρης.
1459 2233 1518 2271 De
1538 2229 1687 2280 πόλος,
1719 2245 1791 2281 quo

1138 2289 1268 2326 coelum
1316 2290 1475 2338 indeque
1512 2291 1794 2339 instrumentum

1135 2346 1225 2383 coeli
1250 2346 1296 2382 ad
1315 2345 1428 2382 instar
1451 2346 1675 2383 elaboratum
1698 2345 1794 2382 indi-

1136 2406 1258 2448 catur,
1318 2401 1384 2438 Cr.
1426 2404 1567 2440 confert
1605 2402 1793 2439 Letronne

1129 2459 1249 2507 journ.
1271 2459 1306 2495 d.
1327 2471 1456 2495 savans
1480 2461 1586 2500 1817
1617 2458 1790 2495 Decemb.

1132 2528 1169 2565 p.
1193 2517 1297 2562 739,
1327 2518 1363 2552 et
1393 2517 1666 2552 annotationem
1690 2527 1792 2551 suam

1135 2572 1183 2607 ad
1202 2572 1367 2608 Ciceron.
1391 2573 1437 2609 de
1456 2576 1533 2608 nat.
1555 2572 1657 2608 deor.
1677 2571 1723 2618 ll,
1737 2570 1791 2612 34

1132 2628 1333 2678 pag.347.

1353 2711 1466 2762 Cap.
1498 2711 1577 2749 CX.

1191 2790 1308 2842 οὗτος
1370 2797 1522 2852 μοῦνος
1569 2789 1790 2846 Αἰγύπτιος

1134 2852 1358 2903 Αἰθιοπίης
1383 2846 1502 2905 ηρξε]
1543 2851 1674 2890 Refert
1698 2864 1790 2900 quo-
