1909 3228
467 240 552 281 276

858 237 1323 277 HERODOT1

439 347 790 404 Βμεταπέμψαιτο
820 344 953 402 αὐτῆς
980 345 1059 389 τόν
1088 344 1238 401 ἄνδρα.
1297 346 1388 389 ἐπεί
1415 361 1458 390 τε
1485 347 1531 391 δὲ
1558 344 1717 390 ἆπονο-
1729 349 1772 387 41

468 426 626 483 στήσας
654 426 827 480 ἐπέστη,
867 422 938 468 οἷα
967 424 1009 477 ἐξ
1039 423 1225 468 ἀέλπτου
1255 425 1408 468 ἰδοῦσα
1437 424 1463 481 ἡ
1492 426 1624 481 γυνὴ,
1660 427 1718 470 εἴ·

469 522 566 561 ρετο
596 503 805 560 προτέρη,
856 502 881 547 ὅ
907 521 948 547 τι
977 520 1053 560 μιν
1083 503 1199 547 οὕτω
1228 502 1468 558 προθύμως
1502 503 1720 560 ’Ἅρπαγος

436 588 459 626 4
467 583 800 641 μεταπέμψαιτο.

859 581 882 625 ὁ
914 583 958 626 δὲ
985 581 1092 626 εἷπε·

1150 576 1234 634 „³52
1264 581 1417 638 γύναι,
1454 579 1573 625 εἶδόν
1602 599 1646 626 τε
1673 582 1775 634 ἐς45

466 659 633 713 ,,πόλιν
667 659 810 704 ἐλθών
857 662 930 705 καὶ
967 661 1135 718 ἥκουσα
1173 660 1221 704 τὸ
1262 660 1364 718 μήτε
1402 663 1511 704 ἰδεῖν
1541 661 1718 717 ὄφελον,

466 738 606 796 ,,μήτε
635 738 732 782 κοτὲ
760 739 964 795 γενέσθαι
1003 741 1045 792 ἐς
1083 739 1293 792 δεσπότας
1331 740 1434 792 τούς
1471 738 1718 797 ἡμετέρους.

465 817 618 870 »οἶκος
647 818 725 873 μὲν
753 823 836 870 πᾶς
861 818 1082 875 Ἁρπάγου
1111 824 1327 877 κλαυθμῷ
1356 821 1594 875 κατείχετο·
1633 815 1717 873 ἐγώ

891 897 1017 915 ......

463 976 610 1032 ,,ὁρέω
638 977 814 1020 παιδίον
842 979 1148 1033 προκείμενον,
1176 976 1391 1032 ἀσπαῖρόν
1418 993 1462 1020 τε
1491 977 1564 1020 καὶ
1585 993 1715 1031 κραυ-
1728 983 1774 1018 50

463 1054 763 1111 ,,γανόμενον,
822 1057 1148 1112 κεκοσμημένον
1194 1059 1339 1112 χρυσῷ
1377 1071 1421 1098 τε
1459 1055 1532 1098 καὶ
1570 1053 1720 1111 ἐσθῆτι

437 1136 691 1192 6,,ποικίλῃ.
735 1133 952 1192 ’Ἅρπαγος
982 1135 1027 1180 δὲ
1057 1133 1115 1188 ὥς
1144 1133 1228 1180 εἶδέ
1255 1151 1327 1192 με,
1359 1134 1522 1179 ἐκέλευε
1542 1133 1623 1191 τήν
1645 1149 1719 1177 τα-

464 1305 532 1349 οἷα
566 1308 605 1357 ἐξ
643 1304 811 1348 ἀέλπτου
851 1305 996 1349 ι’δοῦσα
1027 1308 1057 1361 ἦ

407 1363 532 1417 γυνή]
570 1366 629 1403 De
658 1361 723 1404 οἷα
752 1369 836 1403 ante
865 1367 1056 1418 participia

407 1423 546 1458 monuit
590 1421 767 1459 Matthiae
805 1420 842 1471 ἓ.
881 1423 983 1470 569,
1027 1426 1054 1463 7

407 1490 493 1528 pag.
525 1478 653 1524 1125,
698 1478 868 1525 idemque
903 1476 940 1527 ξ.
972 1476 1054 1519 574

407 1545 492 1584 pag.
521 1532 627 1574 1134
657 1533 704 1570 de
732 1533 888 1570 dictione
907 1533 946 1581 ἐξ
970 1529 1053 1572 ‹1²52-

406 1603 506 1628 πτου
532 1589 594 1638 (ex
615 1590 829 1638 insperato)3
865 1590 912 1626 ad
943 1601 1051 1638 quam

406 1645 653 1682 illustrandam
671 1645 777 1682 etiam
789 1644 1054 1695 W'esseliugius

406 1701 543 1750 aliquot
580 1701 803 1739 Graecorum
836 1702 1052 1751 scriptorum

406 1755 504 1794 locos
525 1756 654 1793 attulit.
685 1778 741 1784 —
782 1757 825 1793 In
852 1770 955 1806 seqq.
978 1754 1000 1796 ’ό
1017 1772 1054 1796 τι

406 1812 680 1862 acciperelicet:
694 1816 834 1862 propter
845 1813 930 1861 quid
942 1842 952 1860 ‚
971 1826 1053 1857 cur;

406 1869 466 1905 ubi
485 1864 549 1906 διὰ
581 1869 752 1905 omissum
781 1868 889 1917 vulgo
909 1869 1052 1907 docent.

406 1924 514 1961 Couf.
527 1938 557 1960 Sl
567 1925 657 1961 tanti
676 1928 749 1973 est,
763 1923 892 1962 Matth.
909 1924 946 1976 ἓ.
958 1925 1054 1974 477,

407 1993 427 2018 e
456 1993 542 2036 pag
565 1982 658 2022 893

463 2037 492 2074 ὠ
518 2031 660 2088 γύναι,
693 2032 800 2076 εἶδόν
826 2051 866 2076 τε
896 2051 931 2076 κ.
945 2051 977 2076 τ.
1000 2035 1051 2088 λ.]

405 2088 542 2145 γύναι,
598 2093 934 2143 compellamentum
985 2093 1053 2131 ho-

405 2149 649 2186 nestissimum
676 2151 773 2200 apud
799 2154 940 2188 veteres
968 2150 1054 2187 dicit

403 2203 564 2242 Fischer.
585 2206 633 2242 ad
646 2203 863 2243 Anacreont.
885 2206 969 2254 XX,
988 2208 1051 2247 11.

404 2259 445 2296 ln
464 2274 568 2310 seqq.
599 2262 646 2297 ad
678 2262 778 2312 verbi
800 2260 947 2310 ὄφελον
969 2276 1049 2300 cum

405 2317 578 2353 infinitivo
598 2330 701 2353 usum
714 2317 758 2353 iis
776 2318 811 2354 in
825 2320 943 2365 rebus,
959 2331 1048 2367 quas

404 2372 479 2410 fieri
501 2372 625 2422 utique
651 2375 855 2423 oportuisse
871 2374 1046 2420 volumus,

405 2441 498 2476 quae
524 2442 610 2466 vero
639 2442 768 2480 reapse
800 2431 960 2466 nondum
992 2431 1047 2466 sa-

404 2487 483 2522 ctae
501 2489 606 2532 sunt,
634 2487 728 2522 cons.
751 2485 878 2522 Matth.
907 2484 943 2536 ἓ.
966 2486 1046 2526 513

404 2545 478 2577 not.
496 2542 521 2580 3
542 2543 732 2590 pag.976.
761 2541 1046 2579 Blomsseld.not·.

404 2596 451 2631 ad
471 2595 635 2645 A.eschyl
662 2597 763 2635 Pers.
782 2601 864 2639 912
886 2610 971 2648 1ης.
994 2599 1048 2638 84

406 2652 462 2688 cd.
483 2652 693 2701 Cantabrig.

461 2705 499 2751 ἐς
515 2704 702 2755 δεσπότας
713 2705 805 2755 τούς
815 2707 1004 2760 ημετέρου
1009 2709 1044 2759 ς]

407 2759 444 2806 ἒς
476 2762 510 2798 h.
537 2763 558 2799 l.
591 2770 664 2802 est:
711 2766 801 2814 quod
835 2769 960 2803 attunt
988 2767 1046 2802 ad

405 2817 618 2865 Scripsimus
636 2833 715 2857 cum
739 2822 856 2858 Gaiss.
882 2836 923 2859 ac
951 2823 1046 2872 poti-

406 2872 526 2909 oribus
545 2874 641 2911 libris
664 2875 876 2924 δεσπότας,
907 2883 946 2914 ut
961 2879 1044 2916 item

1123 1309 1254 1360 legitur
1281 1309 1320 1358 Ι,
1345 1312 1423 1352 129
1446 1309 1508 1347 fin.
1566 1306 1684 1358 Vulgo
1714 1307 1773 1346 δε-

1125 1362 1308 1413 σπότεας,
1344 1379 1438 1416 quae
1470 1367 1588 1403 forma
1617 1364 1774 1415 pertinet

1124 1424 1172 1459 ad
1193 1424 1345 1459 sormam
1374 1420 1581 1472 ἐξηγητὲας
1609 1433 1651 1458 ac
1675 1420 1773 1457 simi-

1124 1478 1189 1515 les.
1221 1479 1328 1515 Cous.
1354 1478 1391 1526 l,
1422 1480 1486 1519 78.
1535 1477 1704 1515 Recurrit
1733 1476 1773 1524 I,

1121 1537 1213 1575 112.

1176 1587 1473 1640 κεκοσμημένον
1493 1591 1624 1643 χρυσῷ
1643 1602 1683 1628 τε
1703 1586 1773 1627 καὶ

1119 1644 1263 1697 ἐσθῆτι
1285 1645 1469 1700 ποικίλῃ]
1498 1646 1640 1683 Eodem
1663 1649 1771 1694 pacto

1119 1702 1229 1753 paulo
1267 1703 1380 1739 iufra:
1421 1701 1543 1754 ὁρέων
1573 1703 1704 1755 χρυσῷ
1730 1715 1772 1741 τε

1119 1757 1187 1796 καὶ
1198 1758 1329 1809 εἵμασι
1338 1755 1653 1809 κεκοσμημένον,-
1673 1757 1773 1806 quod

1123 1815 1302 1864 explicant
1339 1828 1382 1852 eo
1430 1815 1573 1852 dicendi
1623 1826 1772 1862 genere,

1121 1872 1221 1919 quod
1241 1871 1349 1920 vulgo
1369 1871 1553 1921 appellant
1569 1869 1615 1909 ἓν
1627 1867 1693 1908 διοὶ
1707 1870 1772 1909 δυ-

1123 1930 1208 1975 οῖν,·
1237 1932 1276 1963 ut
1303 1928 1409 1964 fuerit
1428 1926 1600 1977 puerulus
1621 1930 1770 1964 ornatus

1121 1987 1247 2020 aurata
1266 1995 1307 2020 ac
1326 1984 1512 2032 variegata
1532 1987 1644 2021 veste.
1693 1982 1771 2020 Ea-

1121 2039 1203 2076 dem
1222 2039 1353 2076 locutio
1375 2044 1490 2077 exstat
1507 2039 1580 2087 Ill,
1602 2040 1624 2080 1
1637 2068 1648 2086 ‚
1679 2051 1771 2089 qua-

1119 2108 1201 2132 cum
1241 2097 1334 2132 conf.
1363 2095 1542 2132 Plutarch.
1578 2094 1767 2133 Artaxer-X.

1122 2150 1185 2192 15.
1221 2172 1277 2178 —
1317 2150 1389 2188 Pro
1426 2145 1768 2202 κραυγανόμε-

1118 2221 1142 2244 ν
1155 2221 1175 2244 ο
1188 2221 1232 2252 ν,
1263 2207 1363 2255 quod
1383 2207 1545 2256 proxime
1571 2207 1767 2255 antecedit,

1118 2235 1391 2299 Schellcrshem.
1412 2262 1502 2300 liber
1519 2262 1684 2312 aliusque
1695 2262 1769 2300 Pa-

1116 2318 1248 2354 risinus
1276 2319 1453 2367 praebent
1475 2333 1597 2370 κραυγ
1602 2334 1650 2357 αν
1661 2315 1692 2358 ω’
1702 2333 1766 2371 με-

1115 2388 1208 2420 νον,
1247 2374 1338 2410 alius
1365 2374 1455 2411 liber
1483 2390 1689 2428 νοαυγαυο
1701 2389 1765 2427 με

1115 2445 1198 2468 voz-
1230 2430 1339 2467 Unde
1366 2430 1398 2467 L
1403 2431 1552 2468 obeckio
1582 2432 1631 2469 ad
1647 2431 1766 2482 Phry-

1116 2487 1208 2522 nich.
1234 2498 1318 2535 pag.
1340 2488 1421 2527 337
1447 2486 1641 2537 legendum
1663 2488 1766 2527 vide-

1115 2546 1172 2578 tur
1186 2539 1508 2594 κραΙγανόμενον
1535 2545 1577 2593 (a
1594 2541 1765 2608 κραγγοὲ-

1115 2613 1191 2646 νω,
1228 2604 1266 2635 ut
1294 2596 1464 2651 κλαγχατ
1469 2601 1539 2648 ω)
1577 2601 1639 2650 qui
1664 2601 1763 2640 idem

1116 2668 1196 2691 cum
1240 2654 1363 2692 laudat
1408 2656 1678 2694 Blomfieldium
1713 2658 1763 2696 ad

1115 2709 1243 2748 Aesch.
1268 2710 1370 2749 Pers.
1390 2725 1427 2762 p.
1446 2715 1524 2754 189
1552 2715 1762 2763 praefereu-

1114 2772 1185 2803 tem
1218 2765 1611 2819 κραυγαινόμενον,
1657 2771 1760 2818 equi·

1113 2823 1194 2860 dem
1208 2823 1243 2859 iu
1256 2837 1338 2861 mea
1358 2825 1515 2864 editione
1534 2824 1758 2875 (Lipsiensi)

1111 2879 1195 2915 nihil
1215 2879 1285 2917 tale
1311 2881 1469 2930 reperire
1486 2881 1598 2931 potui.
1657 2879 1756 2918 citat
