1909 3228
592 199 1109 239 EUTERPE.II.
1383 201 1466 240 869

213 309 391 366 ρώματα
421 311 588 366 ἕστηκε·
622 310 669 352 ἐν
699 310 744 353 δὲ
774 314 887 353 τοῖσι
916 307 1146 364 θυρώμασι
1175 305 1340 364 ήθήκη
1363 307 1462 350 ἐστί.

91 396 187 441 170
212 391 313 434 Εἰσὶ
343 391 389 434 δὲ
417 390 490 433 καὶ
521 391 566 432 αἱ
595 389 728 443 ταφαὶ
765 393 843 431 τοῦ
887 387 968 432 οὐκ
1006 388 1129 432 ὅσιον
1161 389 1366 440 ποιεῦμαι
1394 385 1444 428 ἐπ

210 469 398 526 τοιούτῳ
430 468 648 524 πρήγματι
678 467 952 522 ἐξαγορεύειν
981 466 1176 521 τοῦνομα
1206 465 1252 509 ἐν
1270 463 1380 515 Σοίῖ,
1411 464 1488 508 ἐνὸ

210 552 270 606 τῷ
301 551 380 603 ἱρῷ
410 551 484 602 τῆς
509 546 762 602 Ἀθηναίης,
815 545 970 589 ὄπισθε
999 548 1079 588 τοῦ
1113 547 1249 600 νηοῦ,
1303 542 1466 595 παντὸς

179 631 289 670 Ξτοῦ
318 631 391 682 τῆς
417 624 645 681 Ἀθηναίης
685 624 880 679 ἐχόμεναι
919 624 1078 678 τοίχου.
1126 624 1199 665 καὶ
1229 622 1276 664 ἐν
1303 626 1365 679 τῷ
1393 638 1459 665 τε-

207 706 326 761 μένεϊ
353 704 501 761 ὀβελοὶ
530 704 674 747 ἑστᾶσι
705 701 883 758 μεγάλοι
912 703 1100 744 λίθινοι·
1142 702 1270 756 λίμνη
1300 702 1343 744 τέ
1373 700 1461 744 ἐστι

204 784 409 840 ἐχομένη,
460 785 608 839 λιθίνῃ
648 784 825 837 κρηπῖδι
867 778 1183 835 κεκοσμημένη,
1234 779 1306 822 καὶ
1337 779 1461 834 ἐργα-

205 864 338 918 σμένη
379 856 426 905 εὖ
463 860 638 919 κύκλῳ,
690 862 763 904 καὶ
797 860 1020 917 μέγαθος,
1070 857 1127 909 ὠς
1159 857 1255 914 ἐμοὶ
1294 856 1516 910 ἐδόκεε,10

206 940 286 997 ὅση
332 956 410 994 περ
451 938 478 996 ἦ
526 940 573 983 ἐν
610 939 772 997 Δήλῳ,
839 939 866 996 ἡ
912 937 1158 995 τροχοειδὴς
1214 937 1461 993 καλεομένη.

148 1159 329 1204 tinerent,
359 1172 425 1210 per
453 1159 636 1207 quandam
659 1159 798 1207 signifi-

146 1217 323 1252 cationem
357 1215 589 1263 (symbolice)
623 1228 797 1252 exornare

148 1271 350 1308 solitorum:
382 1272 518 1319 nullus,
551 1271 700 1320 opinor,
730 1272 797 1308 du-

148 1328 300 1374 bitabis,
334 1328 420 1376 quin
450 1327 538 1364 haec
566 1340 710 1376 quoque
731 1340 796 1375 ge-

145 1384 302 1421 minatae
332 1385 429 1420 sores
458 1384 494 1419 in
524 1384 687 1432 sepulcro
713 1384 796 1419 Sai-

145 1441 218 1476 tico
239 1443 427 1488 patentes,
458 1440 504 1475 ad
530 1440 624 1475 vitae
649 1440 794 1475 mortis-

144 1508 214 1544 que
234 1495 328 1532 vices
361 1496 632 1542 animarumque
658 1495 796 1531 vicissi-

144 1551 289 1588 tudines
317 1550 598 1600 spectaverint.“
655 1550 697 1587 In
717 1564 794 1586 mu-

143 1608 292 1644 miarum
305 1608 399 1643 enim
415 1607 559 1656 picturis
578 1607 794 1656 conspicuae

144 1668 226 1701 sunt
263 1665 359 1700 fores
398 1667 579 1711 angustae
625 1664 793 1700 fenestris

142 1720 410 1768 quodammodo
429 1718 583 1764 similes,
617 1719 690 1755 sive
709 1732 794 1768 por-

143 1775 240 1812 tulae
260 1803 271 1821 ,
315 1787 408 1823 quae
436 1775 480 1810 ab
507 1779 659 1822 utraque
687 1774 792 1811 Isidis

142 1832 320 1881 precantis
335 1835 437 1879 parte
455 1830 676 1879 aperiuntur.
690 1830 792 1873 Quas

144 1889 274 1924 eodem
294 1891 458 1936 spectare
488 1892 611 1922 monet
634 1887 793 1922 Creuze-

142 1957 202 1980 rus
224 1943 245 1978 l.
268 1942 289 1979 1.
310 1955 395 1992 pag.
414 1944 518 1990 390,
549 1942 626 1979 aliis
646 1955 793 1992 quoque

143 1999 228 2036 locis
251 1998 417 2035 laudatis.

197 2053 226 2105 ’ἡ
244 2050 356 2106 θήκη
377 2053 482 2104 ε’στί]
524 2054 632 2091 Conf,
653 2054 710 2102 ΙΙ,
728 2056 793 2096 67.

320 2195 351 2232 C
363 2208 384 2232 a
394 2208 430 2246 p.
461 2193 612 2231 CLXX.

200 2278 244 2317 αἷ
279 2277 404 2328 ταφαὶ
439 2280 511 2316 τοῦ
557 2274 633 2317 ούκ
682 2274 794 2317 ὅσιον

143 2338 331 2385 ποιεῦμαι
348 2333 411 2374 ἐπὶ
430 2330 597 2386 τοιούτῳ
610 2330 790 2386 πρήγμα-

146 2408 177 2429 τι
194 2407 228 2429 κ.
249 2407 279 2429 τ.
300 2390 355 2441 λ.]
395 2392 506 2427 Haud
534 2392 636 2428 aliter
660 2397 715 2428 est
737 2391 790 2426 lo-

143 2453 244 2484 cutus
274 2447 411 2485 Noster
441 2447 494 2493 Il,
514 2450 579 2487 61·
600 2450 664 2487 86-
696 2448 787 2492 132,

143 2505 203 2540 ubi
238 2504 421 2540 Osiridem
466 2508 645 2539 mortuum
682 2515 790 2552 quem

145 2560 306 2596 serebant
335 2559 504 2607 intelligit
525 2588 535 2604 ,
577 2560 676 2595 cuius
701 2557 790 2608 ὀμο-

144 2611 295 2663 τάφους
317 2616 471 2664 optimos
489 2627 655 2663 quosque
666 2613 787 2662 Aegy-

143 2672 300 2720 ptiorum
335 2671 411 2707 fieri
448 2670 602 2707 voluisse
637 2675 787 2707 constat.

142 2727 223 2764 Nec
249 2727 345 2774 sugit
364 2727 633 2774 Athenagoram
661 2727 707 2763 de
738 2726 789 2763 le-

143 2789 215 2831 gat.
237 2796 265 2820 c.
289 2783 341 2823 25
369 2782 457 2820 haec
480 2782 660 2819 Herodoti
678 2783 789 2819 verba

145 2839 415 2877 exscribentem.
473 2867 497 2886 „
509 2838 560 2875 Ac
579 2839 710 2875 nemini
723 2851 790 2888 po-

866 1162 937 1196 test
955 1158 1142 1195 obscurum
1163 1156 1271 1194 esse“
1287 1155 1387 1201 (sunt
1400 1156 1514 1193 Creu-

865 1215 935 1251 zcri
951 1215 1060 1251 verba
1085 1214 1120 1249 in
1130 1216 1336 1250 commentt.
1347 1212 1511 1249 Herodd.

862 1284 947 1321 pag.
974 1272 1092 1317 107),
1121 1282 1211 1316 „eos
1230 1270 1338 1315 deos,
1369 1270 1429 1316 qui
1449 1268 1517 1304 hu-

862 1339 969 1363 mana
987 1327 1063 1376 pati
1087 1326 1254 1373 adeoque
1274 1328 1425 1360 mortem
1449 1338 1516 1374 op-

861 1387 987 1433 petere
1009 1383 1262 1427 crederentur,
1294 1382 1329 1416 in
1350 1381 1514 1429 superio-

862 1452 940 1474 rum
963 1438 1016 1475 vel
1035 1438 1153 1487 potius
1175 1450 1196 1473 a
1214 1436 1417 1473 mortalium
1434 1449 1513 1473 sor-

861 1498 898 1530 te
927 1494 1136 1529 immunium
1171 1493 1320 1529 deorum
1347 1492 1510 1528 sacrariis

861 1550 1027 1586 humatos
1059 1562 1148 1586 esse.
1195 1548 1271 1585 Iam
1289 1560 1369 1584 cum
1390 1552 1425 1584 et
1444 1548 1516 1596 ipsi

859 1605 1023 1642 homines
1049 1605 1149 1642 iuxta
1165 1604 1348 1641 Osiridem
1376 1603 1511 1640 ibidem

861 1662 1114 1707 humarentur,
1145 1661 1214 1697 hoc
1240 1661 1311 1696 ritu
1341 1659 1510 1696 credibile

862 1722 916 1755 est
928 1747 938 1763 ,
969 1718 1054 1753 nihil
1071 1717 1166 1753 aliud
1184 1720 1368 1765 spectasse
1385 1715 1510 1764 Aegy-

860 1774 955 1823 ptios
976 1801 986 1820 ‚
1035 1785 1141 1821 quam
1185 1776 1225 1808 ut
1257 1784 1323 1821 per
1357 1772 1514 1818 gradum

861 1829 963 1878 quasi
992 1833 1028 1865 et
1059 1828 1203 1864 Osiride
1230 1827 1432 1876 opitulante
1463 1827 1512 1863 ad

861 1897 1017 1922 summos
1043 1885 1133 1921 deos
1159 1884 1417 1929 ascenderent,
1447 1883 1512 1919 ab-

861 1941 978 1978 soluto
999 1940 1170 1989 temporis
1194 1940 1283 1975 finiti
1304 1939 1414 1985 orbe,
1443 1938 1509 1974 ho-

860 1998 1016 2034 mines.“
1053 1997 1160 2032 Conf.
1185 1996 1231 2032 ad
1252 1995 1304 2041 ΙΙ,
1328 1997 1404 2035 169
1435 1997 1511 2031 not.

919 2048 1192 2104 ἐξαγορεύειν]
1234 2051 1316 2087 Hoc
1359 2051 1509 2087 verbum

861 2110 1025 2159 usurpari
1046 2110 1091 2146 de
1109 2109 1249 2145 arcanis
1267 2106 1511 2154 divulgandis,

857 2165 1065 2215 prodendis,
1095 2164 1296 2201 monuimus
1326 2163 1361 2198 in
1391 2163 1507 2199 Creu-

863 2223 937 2259 zeri
957 2221 1094 2259 Melett.
1114 2221 1165 2257 llI
1185 2232 1268 2269 pag.
1288 2220 1353 2259 82.
1372 2240 1427 2245 ——-
1444 2217 1509 2255 Ad

862 2275 1039 2328 ἐχόμεναι
1077 2276 1224 2326 (prouti
1247 2280 1343 2312 recte
1367 2275 1506 2323 reposi-

856 2340 930 2371 tum
949 2339 1004 2371 est
1034 2346 1055 2370 a
1074 2332 1314 2380 lYesselingio
1328 2359 1338 2376 ,
1369 2331 1507 2366 discre-

855 2391 1026 2441 pantibus
1045 2390 1143 2426 libris
1166 2387 1331 2433 vetustis)
1352 2387 1444 2423 cons.
1459 2386 1508 2432 11,

859 2447 939 2487 148
959 2447 1019 2482 fin.
1049 2446 1108 2482 Ad
1130 2441 1257 2495 ὄβελοί
1276 2443 1347 2479 vid.
1362 2442 1408 2489 ll,
1424 2444 1499 2482 111

855 2503 944 2550 ibiq.
965 2506 1056 2538 nott.

919 2556 948 2607 ἦ
992 2553 1218 2607 τροχοειδής
1263 2549 1503 2602 καλεομένη]

853 2613 974 2650 Lacus
997 2613 1139 2650 rotundi
1160 2611 1299 2648 Phoebi
1317 2609 1503 2646 natalibus

854 2670 1006 2717 insignis
1037 2670 1073 2705 in
1103 2668 1218 2704 insula
1248 2666 1342 2703 Delo
1376 2664 1501 2701 memi-

855 2730 985 2762 nerunt
1005 2724 1195 2773 Theognis
1218 2725 1257 2763 7.
1291 2720 1501 2758 Callimach.

856 2782 975 2829 hymn.
995 2781 1030 2817 in
1044 2780 1125 2817 Del.
1150 2781 1242 2820 261.
1273 2776 1393 2821 Quem
1412 2789 1501 2814 eun-

857 2837 941 2874 dem
971 2837 1176 2875 recentioris
1193 2834 1322 2872 aetatis
1340 2832 1502 2885 peregri-

1448 386 1462 428 ὶ
1518 392 1665 432 incudem
1684 395 1795 428 templo

1516 426 1598 454 uliud
1626 429 1794 462 sepulcrum

1518 459 1567 487 dei
1584 461 1750 490 cuiusdam.
