1909 3228
275 498 375 544 206

103 562 211 590 nanum
228 562 380 598 n'rmnyri

105 596 185 632 Cyro
212 597 380 630 consilium,

103 635 134 658 et
151 630 241 658 huius
268 630 381 659 delibe-

104 665 191 693 ratio.

431 226 517 267 46⁰

823 198 1293 262 HERO‘DoTi

431 335 651 389 ποταμοῦ,
702 330 906 387 διάβασιν
941 333 1002 388 τῷ
1040 334 1229 389 στρατῷ,
1280 331 1352 374 καὶ
1389 331 1586 387 πύργους
1619 332 1689 376 ἐπὶ

431 413 595 456 πλοίων
630 413 719 453 τῶν
760 408 1182 465 διαπορθμευόντων
1218 408 1298 452 τόν
1335 411 1534 464 ποταμόν
1576 413 1690 455 οἷκο-

434 489 707 546 δομεόμενος.
753 488 926 545 ’Έχοντι
962 487 1008 532 δέ
1039 491 1082 532 οῖ
1109 494 1269 532 τοῦτον
1297 488 1377 532 τόν
1402 488 1561 543 πόνον,
1592 491 1746 546 πέμ-25

435 576 554 620 ψασα
582 565 610 624 ἡ
645 566 836 623 Τόμυρις
865 566 1051 624 κήρυκα,
1082 568 1195 624 ἔλεγε
1219 566 1344 612 τάδε·
1401 563 1486 621 „³521
1514 572 1692 625 βασιλεῦ

438 680 463 699 „
475 644 671 702 Μήδων,
699 650 864 691 παῦσαι
887 647 1088 691 σπεύδων
1112 646 1165 691 τὰ
1195 646 1410 698 σπεύδεις·
1440 645 1494 690 ου’
1523 648 1605 703 γὰρ
1637 647 1693 691 ἂν

433 726 625 782 ,,είδείης
664 728 703 770 εἴ
736 743 804 770 τοι
842 727 884 778 ἐς
921 724 1077 781 καιρὸν
1113 727 1229 770 ἔσται
1267 730 1404 770 ταῦτα
1441 725 1689 783 τελεύμενα·

433 838 457 858 ,,
469 804 747 860 παυσάμενος
778 805 845 859 δὲ,
876 808 1076 862 βασίλευε
1105 809 1192 849 τῶν
1210 810 1429 858 σεωυτοῦ,
1457 806 1532 850 καὶ
1558 805 1695 862 ἡμέας

408 883 625 940 Ξ,,ἆνὲχευ
656 882 795 940 ὁρέων
825 885 1038 940 ἄρχοντας
1066 890 1154 928 τῶν
1182 902 1261 940 περ
1292 885 1490 941 ἄρχομεν.
1537 884 1695 929 Οὕκων

436 962 692 1020 „gemiane
722 962 976 1021 ὑποθήκῃσι
1013 967 1157 1023 τῇσίδε
1194 966 1417 1021 χρέεσθαι,
1460 963 1568 1008 ἀλλὰ
1590 962 1752 1007 πάν-30

407 1049 526 1095 3,,τα
561 1048 727 1099 μᾶλλον
762 1044 791 1100 ἢ
829 1042 892 1088 δι’
931 1044 1110 1102 ἡσυχίης
1140 1042 1264 1088 εἶναι.
1324 1044 1378 1088 σύ
1413 1045 1458 1087 δὲ
1486 1042 1541 1101 ἢν
1568 1042 1694 1099 μεγά-

380 1240 452 1288 tio,
481 1253 590 1290 quam
619 1240 830 1290 imperfecto
856 1239 1030 1278 declarari

380 1301 517 1347 putem.
576 1298 685 1334 conf.
715 1296 749 1344 Ι,
783 1298 847 1337 68.
907 1298 1033 1340 Quare

381 1354 491 1391 etiam
529 1354 693 1402 sequenti
733 1353 868 1402 capite:
907 1352 1033 1403 ἔχοντι

382 1407 426 1448 δέ
450 1409 491 1448 οἷ
504 1411 647 1448 τοῦτον
665 1406 736 1448 τόν
754 1406 882 1447 πόνον
905 1424 940 1447 κ.
956 1412 1030 1449 τ.λ.

379 1465 463 1502 dum
486 1468 525 1503 in
553 1466 609 1504 his
637 1468 847 1516 occupatam,
875 1469 1034 1503 versatus

379 1524 468 1560 erat.

559 1633 592 1671 c
613 1645 636 1671 a
654 1647 691 1685 p.
733 1633 864 1673 ccvi.

439 1713 622 1756 σπεύδων
643 1714 692 1756 vn?
713 1715 911 1769 σπεύδεις]
941 1719 1036 1757 Ver-

381 1773 469 1810 bum
517 1773 782 1812 intransitivum
830 1775 1034 1812 accusatis-0

381 1829 564 1876 iunctum,
593 1834 634 1866 ut
666 1835 790 1868 monet
808 1829 939 1868 Matth.
970 1831 1035 1868 Gr.

383 1886 450 1922 Gr.
483 1897 569 1935 pag.
599 1888 693 1927 779.
750 1886 918 1924 Eundem
949 1900 1036 1924 con-

383 1940 449 1979 sul.
473 1939 510 1992 §.
534 1940 615 1982 359
636 1943 685 1979 ad
712 1943 824 1980 verba
852 1943 1036 1995 βασίλευε

381 2011 462 2037 των
481 1999 670 2037 σεωυτοῦ.

439 2079 508 2120 καὶ
555 2078 683 2132 ἡμέας
732 2078 872 2134 οἷνὲχευ
911 2081 1037 2133 ὀρέων

383 2135 602 2189 ἄρχοντας]
616 2138 737 2188 Magis
756 2140 916 2190 placeret
929 2140 1037 2178 Wes-

385 2194 560 2244 selingi0,
602 2195 631 2232 si
669 2195 851 2245 legeretur
883 2192 1036 2248 ούρὲων

381 2251 440 2299 (ut
452 2254 579 2288 montes
590 2252 908 2301 intelligerentur),
928 2265 1035 2303 prae-

381 2308 506 2345 sertim
534 2321 614 2344 cum
643 2309 777 2346 Strabo
806 2309 859 2345 XI
886 2323 922 2359 p.
951 2311 1033 2351 780

381 2364 512 2401 doceat
531 2363 822 2413 Massagetarum
839 2365 960 2416 plures
981 2365 1033 2401 lo-

382 2433 426 2457 ca
444 2423 609 2457 montana
639 2421 826 2469 habuisse,
856 2422 1034 2458 Iustinus-

382 2488 454 2526 que
472 2477 586 2513 addat
605 2476 665 2524 (I,
686 2480 731 2526 8)
758 2477 937 2526 Tomyrin
956 2478 1032 2526 Cy-

381 2545 422 2569 ro
448 2533 485 2568 in
509 2533 691 2570 montibus
720 2534 870 2570 insidias
891 2535 1035 2584 posuis-

384 2601 436 2625 se.
460 2587 593 2625 Verum
611 2589 706 2626 nulla
718 2591 916 2628 mutatione
928 2603 1034 2640 opus,

384 2657 463 2681 cum
485 2642 608 2695 ὁρέων
626 2646 672 2682 sit
690 2647 917 2697 participium
936 2647 1035 2684 verbi

386 2697 506 2751 ὅρᾷν,
546 2703 646 2749 quod
677 2703 789 2740 verbo
819 2698 950 2753 α’νέχει
970 2703 1037 2739 ad-

387 2755 500 2792 ditum
539 2758 668 2794 eadem
701 2759 865 2806 ratione,
902 2771 975 2807 qua
1007 2758 1037 2806 I,

389 2811 455 2850 80.
483 2809 538 2856 V,
559 2815 622 2852 19.
660 2814 719 2850 Cf.
744 2815 875 2852 Matth.
891 2815 957 2852 Gr.
972 2815 1037 2851 Gr.

391 2877 429 2916 p-
456 2867 564 2908 1080
601 2880 644 2907 ac
675 2869 723 2908 de
749 2871 865 2909 forma
900 2865 1038 2922 ἀνέχευ

1099 1253 1185 1291 pag.
1205 1242 1299 1282 379.
1317 1261 1372 1268 —
1389 1239 1531 1287 „lones
1555 1250 1623 1289 pro
1642 1231 1754 1287 ὅρᾶω

1101 1297 1232 1335 dixisse
1254 1295 1354 1349 ὁρέω
1372 1300 1514 1334 constat
1534 1308 1578 1333 ex
1596 1295 1752 1342 Gregor.

1101 1354 1266 1391 Corinth.
1291 1366 1377 1405 pag.
1398 1355 1480 1394 397
1502 1352 1559 1390 ed.
1580 1349 1752 1388 Schaes.“

1104 1409 1135 1446 C
1142 1423 1170 1449 r.

1160 1490 1292 1532 οὔκων
1313 1488 1515 1542 ἐθελήσεις
1534 1489 1673 1541 κ.τ.λ.]
1695 1489 1752 1528 De

1104 1546 1238 1589 οὔκων
1267 1549 1304 1585 ἰῐι
1333 1548 1512 1586 sententia
1551 1547 1752 1593 bimembri,

1102 1606 1163 1643 ubi
1183 1606 1334 1643 alterum
1354 1604 1551 1642 membrum
1574 1604 1650 1641 sine
1668 1616 1753 1640 con-

1103 1662 1284 1699 iunctione
1330 1661 1533 1708 subiicitur,
1574 1660 1622 1696 ad
1654 1659 1754 1709 quod

1102 1718 1250 1768 proprie
1271 1722 1411 1768 spectat
1441 1710 1520 1763 οἷν,
1550 1728 1660 1765 quum
1690 1728 1754 1753 ne-

1104 1775 1203 1822 gatio
1224 1774 1271 1810 ad
1292 1774 1390 1823 prius
1411 1773 1603 1809 reserenda
1623 1772 1691 1819 sit,
1711 1783 1755 1808 ex

1102 1829 1233 1867 Matth.
1259 1828 1570 1867 animadversione
1599 1828 1754 1865 vidimus

1102 1887 1152 1923 ad
1172 1886 1210 1932 Ι,
1237 1889 1298 1926 11.
1358 1886 1432 1929 Qui
1469 1885 1566 1923 idem
1595 1884 1650 1920 vir
1686 1883 1756 1921 hoc

1103 1942 1182 1979 loco
1215 1939 1257 1980 δὲ
1293 1938 1372 1990 (σύ
1396 1939 1438 1980 δὲ
1457 1936 1510 1992 ἢν
1530 1961 1587 1969 --
1604 1943 1756 1992 προθυ-

1105 1997 1214 2050 μέαι)
1246 2011 1320 2035 non
1355 1998 1641 2035 coniunctionem
1674 2009 1757 2035 esse

1106 2055 1231 2092 statuit
1248 2055 1519 2092 connectendae
1535 2066 1614 2090 cum
1634 2054 1755 2104 priore

1105 2111 1259 2148 orationi
1285 2111 1560 2158 inservientem,
1597 2109 1664 2146 sed
1693 2122 1756 2146 eo-

1103 2169 1188 2205 dem
1214 2168 1324 2204 modo
1354 2167 1532 2217 positam,
1568 2169 1608 2202 ut
1634 2165 1756 2202 Hero·

1103 2225 1208 2261 dotus
1229 2224 1383 2269 diceret,
1410 2222 1444 2261 εἰ
1460 2216 1535 2261 οὖν
1553 2217 1756 2270 ἐθελήσεις

1101 2300 1222 2309 ·-——
1244 2276 1292 2317 σύ
1314 2276 1356 2318 δὲ
1375 2300 1441 2315 -.
1472 2277 1584 2315 ——ln
1608 2291 1711 2327 seqq.
1734 2292 1755 2315 e

1101 2336 1283 2373 Sancrosti
1301 2335 1390 2372 libro
1414 2348 1493 2372 cum
1515 2334 1630 2371 Gaisf.
1653 2334 1757 2372 dedi-

1101 2405 1179 2429 mus
1196 2388 1325 2430 πάντα
1347 2405 1413 2442 pro
1432 2390 1528 2440 vulg.
1555 2385 1726 2436 πάντως.

1160 2472 1208 2514 σύ
1250 2473 1292 2514 δὲ
1330 2471 1384 2526 ἢν
1412 2496 1469 2504 -
1500 2472 1753 2526 προθυμέαι]

1100 2528 1154 2583 ἢν
1194 2532 1431 2581 reliquimus,
1475 2543 1694 2580 quamquam
1735 2543 1757 2568 e

1102 2589 1196 2626 binis
1226 2589 1400 2625 Parisinis
1430 2600 1547 2637 nuper
1569 2592 1755 2637 receptum

1103 2649 1159 2683 est
1189 2645 1235 2684 εἰ.
1294 2646 1401 2682 Conf.
1431 2643 1562 2680 Matth.
1591 2643 1657 2680 Gr.
1688 2644 1754 2680 Gr.

1102 2714 1189 2753 pag.
1214 2704 1333 2742 1022.
1391 2697 1621 2750 προθυμέαι
1640 2698 1755 2749 pleri-

1104 2771 1176 2807 que
1193 2761 1231 2795 et
1250 2757 1376 2808 optimi
1404 2756 1483 2793 libri
1505 2756 1653 2793 dabant.
1695 2756 1753 2793 Cf.

1103 2813 1143 2860 1,
1170 2815 1237 2855 39.
1294 2813 1420 2859 Quare
1455 2811 1569 2850 abieci
1600 2815 1752 2863 προθυ-

1104 2883 1227 2922 μεεαι.
