1909 3228
431 247 515 287 491)

823 243 1290 281 HERODOTl

432 358 521 398 τῶν
546 352 742 398 δυώδεκα
770 354 887 394 θεῶν
915 354 997 394 τοῦ
1031 353 1185 407 βωμοῦ
1225 351 1423 410 φερούσῃ
1452 353 1494 404 ἔς
1521 369 1565 396 τε
1599 354 1714 396 Πί-5

435 445 517 477 σαν
563 433 635 477 καὶ
670 431 738 475 ἐπὶ
776 430 854 475 τὸν
888 430 997 487 νηόν
1037 434 1116 474 τοῦ
1160 431 1271 482 Διὸς
1309 435 1391 475 τοῦ
1433 430 1684 488 Ὀλυμπίου.

378 640 450 686 ΙΧ,
475 641 512 679 7.
544 640 634 680 106.
671 637 734 675 Cr.
774 638 911 675 consuli
947 637 1024 674 vult

378 696 533 743 Gregor.
563 695 725 732 Corinth.
753 708 837 744 pag.
862 696 941 736 381
965 695 1024 731 ed.

377 751 520 788 Schaef.
533 754 571 789 et
587 750 738 788 l'orson.
752 752 800 788 ad
812 751 948 801 Odyss.
963 750 1025 798 Ill,

377 808 471 849 278.

431 865 481 917 τῇ
512 857 591 902 οἷπὸ
611 864 692 901 τῶν
723 857 901 902 δυώδεκα
921 864 1031 900 θεῶν

375 920 449 957 τοῦ
472 919 612 970 βωμοῦ
634 914 828 972 φερούσῃ]
848 919 920 956 Ara
941 919 1033 956 duo-

377 975 492 1013 decim
511 976 682 1022 deorum,
712 975 809 1012 cuius
830 975 923 1012 infra
943 988 1034 1024 quo-

377 1044 448 1081 que
466 1031 531 1078 VI,
564 1033 643 1072 108
671 1031 804 1069 mentio
826 1032 891 1079 fit,
920 1031 1035 1068 Athe-

376 1100 504 1124 narum
531 1088 567 1124 in
595 1089 675 1125 foro
703 1092 883 1125 exstructa
911 1092 988 1125 erat
1012 1100 1035 1125 a

376 1144 585 1189 Pisistrato,
615 1144 775 1195 Hippiae
793 1143 886 1190 filio,
914 1148 954 1181 ut
969 1156 1034 1180 au-

377 1205 454 1238 ctor
484 1205 542 1238 est
563 1200 799 1250 Thucydides
825 1200 895 1248 VI,
919 1201 973 1241 54
997 1203 1034 1236 et

377 1257 522 1306 Olymp.
545 1256 615 1303 65,
639 1261 660 1298 1
683 1271 710 1293 s.
731 1257 813 1297 519
842 1261 926 1294 ante
946 1256 1032 1293 Chr.

375 1326 411 1350 n.
437 1314 507 1350 iam
526 1314 706 1351 exstitisse
728 1313 880 1350 videtur.
921 1312 1031 1350 Cuius

376 1369 488 1419 ipsius
516 1382 596 1406 cum
626 1371 797 1419 frequens
826 1368 883 1406 vel
914 1370 951 1405 in
981 1368 1038 1404 in·-

377 1425 630 1475 scriptionibus
668 1425 732 1462 fiat
768 1425 924 1472 mentio,
975 1425 1035 1460 ubi

375 1481 512 1517 viarum
530 1480 721 1530 longitudo
740 1481 930 1527 indicatur,
959 1493 1037 1517 cre-

376 1536 488 1574 dibile
508 1541 584 1583 est,
613 1537 748 1574 hancce
767 1549 864 1573 aram
884 1536 1038 1573 Atheni-

377 1593 522 1631 ensibus
540 1605 583 1629 ea
593 1593 835 1642 praestitisse,
854 1605 948 1641 quae
960 1592 1036 1628 Ro-

376 1649 494 1686 manis
512 1649 710 1686 milliarium
740 1661 903 1694 aureum,
933 1649 1036 1685 inde-

377 1718 450 1754 que
467 1717 592 1742 omnes
607 1706 743 1742 viarum
764 1705 951 1741 distantias
971 1717 1036 1754 per

375 1760 534 1798 Atticam
560 1760 695 1798 aliasve
715 1761 892 1798 Graeciae
915 1761 1036 1808 regio-

376 1829 442 1853 nes
460 1816 629 1853 definitas
655 1818 777 1853 fuisse.
815 1816 899 1853 Vid.
923 1815 966 1852 C.
988 1816 1033 1852 O.

375 1871 516 1909 Miiller.
531 1872 566 1908 in
584 1872 721 1909 Erschii
743 1877 781 1909 et
793 1872 1034 1909 GruberiEn-

376 1927 514 1978 cyclop.
532 1928 582 1965 vl
602 1942 639 1978 p.
660 1931 740 1969 237
761 1928 838 1965 coll.
864 1928 964 1965 Rose
976 1928 1035 1964 In-

377 1985 514 2034 scriptt.
547 1985 621 2021 tab.
651 1984 792 2021 XXXII
821 1997 906 2034 pag.
940 1987 1034 2026 251.

374 2040 536 2078 Boeckh.
573 2040 685 2092 Corp.
716 2040 897 2091 Inscriptt.
940 2040 978 2088 I,
1011 2042 1034 2081 1

375 2109 462 2148 pag.
475 2100 540 2139 32.

432 2148 612 2206 φερούσῃ
634 2152 674 2200 ἔς
692 2168 732 2192 τε
743 2153 876 2192 Πίσαν
893 2151 959 2191 καὶ
972 2150 1036 2191 ἐπὶ

376 2205 447 2248 τόν
458 2206 559 2259 νηόν
569 2212 640 2248 τοῦ
651 2207 743 2257 Διὸς
761 2212 834 2249 τοῦ
846 2205 1036 2259 Ὀλυμπί-

378 2264 441 2315 ου]
457 2266 651 2316 Copiosius
672 2267 718 2304 de
733 2266 787 2303 his
809 2267 974 2316 disputat
985 2265 1037 2301 vir

377 2322 508 2359 doctus
518 2324 555 2359 in
565 2322 674 2359 Mem.
687 2323 733 2360 de
751 2322 887 2360 I’Acad.
900 2322 965 2359 des
978 2321 1036 2357 In-

378 2378 499 2428 script.
516 2383 542 2415 t.
555 2378 623 2415 VII
645 2379 779 2426 (Paris.
792 2378 917 2426 1824)
937 2392 970 2428 p.
983 2380 1035 2419 33

378 2447 503 2483 seqq.,
533 2440 815 2473 commonstrare
841 2436 937 2472 enim
959 2439 1035 2470 stu-

378 2491 477 2536 duit,
526 2490 580 2528 his
613 2492 732 2529 verbis
766 2491 915 2528 indicari
954 2491 1034 2536 iter,

378 2559 472 2595 quae
486 2547 532 2583 ab
550 2546 703 2585 Athenis
716 2551 748 2584 et
760 2546 895 2598 quidem
911 2561 932 2583 a
945 2547 1036 2582 duo-

379 2602 495 2639 decim
518 2603 668 2641 deorum
688 2617 752 2641 ara
778 2604 888 2640 ducat
917 2603 1036 2639 Pisani

379 2661 411 2693 et
425 2658 561 2706 quidem
586 2660 634 2698 ad
652 2660 745 2697 Iovis
762 2659 922 2710 Olympii
942 2664 1035 2697 tem-

379 2713 498 2762 pliun3
527 2715 576 2751 ita
596 2720 639 2753 ut
668 2730 739 2754 una
757 2716 958 2764 eademque
982 2716 1036 2752 in-

381 2768 565 2817 telligatur
591 2773 669 2820 via,
698 2773 896 2810 accuratius
925 2772 1035 2810 modo

380 2824 545 2861 indicatis
585 2829 773 2878 utriusque
812 2828 909 2865 urbis
950 2828 1035 2865 locis

383 2880 542 2928 singulis,
573 2893 665 2931 quae
681 2886 717 2921 iu
735 2885 958 2922 dimetieudo
971 2897 1035 2922 au-

1089 643 1167 676 ctor
1186 640 1231 675 sit
1250 643 1403 675 secutus.
1434 659 1490 666 -—
1522 638 1653 676 Πίσαν
1681 651 1746 687 pro

1093 695 1250 734 Πίσσαν
1265 695 1402 732 dudum
1421 695 1631 732 restituerat
1640 693 1745 731 Wes-

1094 751 1284 800 selingius3
1313 756 1351 788 et
1383 751 1469 788 satis
1492 750 1750 787 commendant

1093 808 1185 845 banc
1207 809 1417 858 scripturam
1439 807 1608 844 Creuzeri
1624 806 1748 855 ‹lispu-

1089 869 1166 901 tata
1187 866 1222 901 in
1235 864 1372 902 Melett.
1394 863 1409 900 Ι
1429 875 1512 913 pag.
1530 866 1580 904 19
1593 867 1667 899 not.
1683 864 1745 902 13.

1090 920 1246 957 Doctum
1265 920 1410 957 Gallum
1426 919 1446 956 l.
1470 919 1490 956 l.
1509 932 1594 970 pag.
1615 921 1679 959 36.
1693 920 1747 959 37

1092 977 1121 1014 si
1139 977 1254 1023 audis,
1284 976 1496 1014 Herodotus
1514 977 1698 1025 antiquum
1709 977 1748 1012 et

1091 1034 1194 1082 quasi
1209 1038 1385 1070 sacratum
1398 1031 1503 1069 Pisae
1515 1044 1647 1069 nornen
1661 1043 1748 1068 con-

1093 1089 1187 1126 sulto
1208 1090 1366 1136 retinuit,
1395 1101 1488 1135 curn,
1518 1100 1591 1137 quo
1608 1092 1747 1137 tempo-

1090 1159 1128 1183 re
1148 1145 1205 1183 ille
1229 1146 1318 1182 haec
1344 1145 1399 1182 vel
1421 1145 1601 1181 scribebat
1619 1143 1674 1181 vel
1693 1143 1747 1180 Ο-

1089 1202 1251 1251 lympicis
1272 1201 1365 1237 ludis
1386 1201 1575 1246 recitabat,
1595 1198 1680 1236 Pisa
1700 1199 1746 1236 ab

1090 1259 1185 1295 Eleis
1215 1259 1334 1295 diruta
1358 1270 1432 1295 non
1458 1257 1608 1308 amplius
1637 1255 1747 1294 exsti-

1089 1315 1185 1353 terit.

1150 1368 1214 1410 ἐπὶ
1242 1365 1312 1409 τόν
1339 1367 1439 1419 νηόν
1467 1371 1540 1409 τοῦ
1561 1364 1658 1414 Διός
1677 1369 1750 1406 τοῦ

1092 1422 1322 1476 Ὀλυμπίου]
1347 1427 1542 1470 Quaeritur
1567 1425 1600 1461 h.
1619 1424 1662 1471 l.,
1690 1424 1749 1459 Io-

1094 1484 1146 1519 vis
1179 1482 1351 1531 templum
1388 1482 1566 1530 antiquius
1600 1479 1748 1528 intelligi

1094 1539 1229 1576 debeat
1242 1551 1288 1575 an
1307 1539 1484 1575 recentius
1505 1536 1676 1574 aLibone
1687 1548 1749 1572 ex-

1093 1596 1179 1631 strui
1220 1598 1388 1644 coeptum
1421 1598 1508 1644 post
1542 1592 1747 1642 Olympiad.

1092 1650 1265 1697 LXXXI,
1310 1651 1381 1698 qua
1425 1650 1504 1699 ipsa
1538 1648 1749 1686 Herodotus

1094 1720 1194 1743 suam
1221 1706 1405 1742 historiam
1427 1705 1578 1742 Graecis
1598 1706 1748 1742 recitas-

1094 1775 1133 1799 se
1167 1764 1289 1799 sertur.
1349 1762 1412 1798 Cr.
1454 1761 1607 1797 conferri
1646 1761 1750 1796 iubet
1802 1803 1806 1806 ⁵

1092 1817 1252 1855 Viilkel.:
1283 1817 1406 1855 Ueber
1428 1818 1499 1854 den
1517 1817 1552 1854 T
1554 1816 1671 1866 empel
1683 1816 1749 1853 des

1090 1874 1234 1924 Jupiter
1255 1887 1299 1909 zu
1329 1873 1473 1923 Olymp.
1501 1886 1586 1923 pag.
1612 1874 1673 1914 15.
1695 1874 1749 1913 21

1093 1943 1168 1979 seq.
1208 1929 1386 1979 Equidem
1417 1928 1539 1966 malim
1569 1929 1749 1967 recentius

1091 1986 1292 2034 intelligere
1315 1986 1506 2036 templum,
1535 1986 1750 2035 praesertim

1092 2056 1172 2080 cum
1205 2042 1304 2094 apud
1327 2043 1556 2080 Herodotum
1588 2042 1675 2078 talia
1695 2042 1750 2077 in-

1090 2099 1281 2136 veniantur
1298 2099 1454 2148 prodita,
1475 2111 1570 2147 quae
1582 2098 1637 2135 vel
1659 2097 1750 2134 mul-

1092 2159 1131 2191 to
1151 2160 1235 2204 post
1256 2155 1324 2192 hoc
1343 2154 1517 2204 templum
1529 2157 1748 2191 exstructum

1093 2211 1286 2249 acciderint
1325 2215 1362 2248 et
1395 2211 1442 2247 ad
1475 2210 1749 2258 nonagesimam

1093 2267 1286 2317 septimam
1303 2266 1554 2316 Olympiadem
1569 2279 1682 2314 usque
1693 2279 1751 2303 re-

1092 2325 1276 2368 serantur,
1324 2323 1393 2358 vid.
1432 2322 1558 2371 Heyse
1596 2322 1748 2366 Quaest.

1092 2379 1231 2416 Herod.
1265 2392 1350 2428 pag.
1378 2379 1432 2419 74
1467 2391 1570 2428 seqq.
1627 2379 1748 2427 Atque

1091 2440 1197 2474 erunt
1223 2437 1399 2481 fortasse,
1429 2436 1490 2483 qui
1511 2448 1554 2472 ex
1583 2434 1651 2472 hoc
1670 2435 1749 2472 He-

1092 2492 1209 2529 rodoti
1230 2492 1310 2527 loco
1338 2496 1374 2528 et
1401 2505 1444 2528 ex
1471 2492 1538 2528 hac
1561 2503 1749 2541 compara-

1093 2550 1192 2595 tione
1210 2553 1463 2595 argumentum
1487 2548 1618 2585 ducere
1637 2547 1748 2584 velint.

1092 2604 1343 2655 praelectionis
1357 2604 1542 2641 Musarum
1555 2603 1748 2649 Herodoti,

1092 2674 1199 2710 quam
1220 2660 1399 2698 Lucianus
1428 2660 1626 2709 Olympicis
1655 2659 1746 2697 ludis

1091 2718 1224 2754 factam
1237 2729 1319 2754 esse
1339 2717 1472 2764 scribit,
1484 2729 1506 2753 a
1523 2716 1653 2752 criticis
1669 2717 1750 2765 qui-

1091 2773 1246 2810 busdam
1266 2777 1415 2811 nostrae
1444 2772 1571 2810 aetatis
1593 2773 1747 2809 immeri-

1092 2833 1131 2865 to
1155 2830 1191 2866 in
1218 2829 1364 2866 dubium
1386 2833 1563 2866 vocatam.
1606 2828 1682 2865 Sed
1702 2839 1747 2864 ea

1092 2885 1139 2923 de
1158 2897 1196 2923 re
1216 2898 1396 2935 exponere
1413 2898 1486 2923 non
1507 2885 1638 2922 attinet
1659 2887 1746 2933 post
