1909 3228
0 95 21 354 ''wan-⁴...-
16 44 21 80 ,-
15 0 19 17 ..

571 238 995 280 EUTERPE.
1049 242 1096 281 11.

193 347 303 405 φασὶ
341 349 387 391 αἱ
428 347 690 404 προμάντιες
704 364 714 374 ·

1365 245 1449 285 613

754 383 779 401 „
791 349 887 394 Δύο
917 348 1142 400 πελειάδας
1170 350 1373 405 μελαίνας
1401 350 1448 394 ἐκ

189 425 408 483 »Θηβέων
447 432 533 471 τῶν
568 427 842 484 Αἰγυπτιέων
880 426 1204 484 ἀναπταμένας,
1253 428 1333 485 τὴν
1368 430 1448 484 μὲν

189 537 216 557 ,,
229 504 394 549 αὐτέων
423 506 467 558 ἐς
496 506 688 564 Λιβύην,
718 507 797 564 τὴν
827 508 872 551 δὲ
902 508 1019 562 παρὰ
1044 507 1180 562 σφέας
1199 504 1443 552 ἀπικέσθαι.

160 586 428 642 Ξ,,ἱζομε’νην
470 586 515 630 δέ
559 604 634 642 μιν
675 587 742 630 ἐπὶ
778 585 945 642 φηγόν,
1003 585 1277 638 αὐδάξασθαι
1319 590 1503 645 φωνῇδο

188 663 507 722 »ἀνθρωπηΐςμ
550 664 604 716 ὡς
632 665 772 722 χρεών
813 668 877 721 εἴη
916 665 1127 720 μαντήϊον
1154 663 1312 708 αὐτόθι
1341 665 1448 717 Διὸς

160 749 183 783 3
193 776 217 794 ,,
226 744 439 798 γενέσθαι.

493 745 566 787 καὶ
608 744 772 795 αὐτούς
808 742 1046 799 ὑπολαβεῖν
1085 748 1212 787 θεῖον
1252 743 1365 788 εἶναι
1395 744 1442 789 τό

188 822 593 878 9,ἐπαγγελλόμενον
634 822 828 875 αὐτοῖσι,
885 825 960 866 καί
1008 834 1144 878 σφεας
1196 823 1242 866 ἐκ
1288 823 1448 868 τούτου

159 903 416 956 4,,ποιῆσαι.
446 902 527 958 τήν
557 903 603 945 δὲ
634 903 677 954 ἐς
712 904 817 954 τούς
848 905 1015 958 Λίβυας
1048 900 1276 957 οἰχομένην
1305 907 1445 946 πελει-

185 979 307 1031 „vida
331 983 506 1035 λέγουσι
544 981 776 1038 ’Ἄμμωνος
814 979 1074 1038 χρηστήριον
1115 983 1314 1024 κελεῦσαι
1342 980 1501 1033 τοὺςό5

157 1060 388 1114 5,,Λίβυας
418 1062 624 1103 ποιέειν.“
683 1061 770 1105 ἔστι
809 1062 855 1104 δὲ
894 1061 967 1104 καὶ
996 1063 1126 1102 τοῦτο
1157 1058 1277 1108 Διός.

1337 1065 1440 1103 Δω-

186 1139 389 1181 δωναίων
420 1139 465 1183 δὲ
497 1142 543 1183 αἱ
570 1140 724 1196 ἷρήϊαι,
772 1144 860 1183 τῶν
889 1144 941 1197 τῇ
971 1136 1245 1195 πρεσβυτάτῃ
1277 1136 1446 1195 οὕνομα

184 1212 239 1274 ἧν
269 1218 541 1273 Προμένεια,
590 1223 643 1276 τῇ
680 1220 724 1262 δὲ
754 1219 858 1275 μετοὶ
887 1217 1070 1275 ταύτην,
1116 1216 1346 1273 Τιμαρέτη,
1389 1221 1445 1274 τῇ

156 1297 228 1341 66*
392 1296 401 1309 '
621 1297 630 1310 '
809 1297 827 1313 ’¹
1045 1301 1062 1308 ”

217 1314 234 1341 ε
263 1313 481 1354 νεωτατῃ,
515 1300 765 1355 Νικανδρη,
806 1302 954 1354 ελεγον
981 1313 1128 1341 ταυτα.

126 1479 353 1531 Aegyptiaca
383 1481 492 1532 plane
529 1482 721 1519 convenire
744 1484 780 1519 et

127 1550 172 1575 ex
202 1550 245 1575 ea
282 1539 387 1576 unice
422 1539 659 1588 repetendam
698 1551 779 1576 esse

127 1598 433 1640 commonstrant,
462 1607 483 1630 a
512 1595 694 1632 Creuzero
716 1608 780 1632 ex-

125 1651 246 1701 posita
265 1651 303 1687 in
327 1650 488 1699 Symbol.
510 1650 559 1687 IV
588 1664 673 1701 pag.
699 1652 776 1692 151

128 1720 232 1756 seqq.
281 1708 393 1751 Quod
421 1720 504 1744 vero
528 1721 651 1745 sacrae
675 1708 778 1745 semi-

128 1776 197 1800 nae
229 1763 410 1799 oraculum
440 1763 622 1800 Dodonae
653 1764 779 1801 condi-

128 1819 227 1856 disse
255 1819 436 1865 feruntur‚
466 1819 536 1855 hoc
562 1820 610 1855 ad
640 1819 779 1869 praeci-

126 1888 238 1925 puum
259 1875 383 1911 haruin
401 1875 625 1921 feminarum,
645 1876 781 1925 quippe

126 1931 351 1968 fatidicarum
364 1960 373 1977 ‚
392 1931 566 1967 honorem
583 1932 619 1967 in
640 1931 781 1968 colonia

126 2000 252 2024 recens
286 1988 433 2024 condita
469 1988 579 2024 refert
618 1988 778 2024 Heeren.

125 2043 240 2080 Ideen
262 2043 320 2090 ΙΙ,
346 2047 368 2084 1
399 2056 436 2092 p.
459 2045 563 2090 486,
601 2044 663 2092 qui
694 2043 779 2079 illud

127 2113 274 2148 quoque
296 2100 368 2136 iam
397 2100 546 2148 intelligi
566 2113 676 2149 posse
698 2113 778 2136 mo-

126 2160 214 2202 net,
244 2169 306 2192 cur
330 2155 572 2194 Dodonaeum
598 2156 778 2193 oraculum

125 2211 303 2260 Pelasgos
352 2213 495 2249 iusserit
550 2213 779 2262 Aegyptiaca

127 2269 279 2305 deorum
297 2270 444 2305 nomina
456 2269 669 2315 adsciscere,
682 2282 776 2317 quae

127 2324 213 2361 inde
233 2326 280 2361 ad
301 2325 462 2362 Graecos
480 2326 626 2361 omnino
644 2338 775 2375 perve-

126 2381 255 2417 nerint.
304 2380 400 2417 Nam
419 2382 538 2418 media
556 2382 593 2418 in
613 2382 778 2426 Graecia,

126 2435 361 2483 Peiasgorum
381 2439 417 2473 in
435 2439 583 2474 sedibus
594 2438 777 2474 conditum

129 2496 206 2528 erat
232 2492 472 2530 Dodonaeum
493 2494 666 2544 templum
695 2506 778 2530 ora-

127 2547 319 2596 culumque
337 2548 599 2599 Aegyptiorum
618 2563 638 2586 a
662 2562 780 2586 sacer-

129 2604 274 2640 dotibus
292 2604 359 2640 huc
378 2605 519 2642 delatis.
576 2605 635 2642 Ad
656 2606 778 2654 Aegy-

127 2660 285 2710 ptiacam
307 2673 392 2697 vero
417 2662 593 2709 originem
611 2663 691 2711 ipsa
714 2675 780 2698 no-

127 2716 194 2753 stri
217 2717 400 2766 scriptoris
422 2718 533 2754 verba
555 2719 704 2765 ducunt,
723 2718 777 2754 ui-

127 2772 158 2809 si
183 2785 296 2822 prava
322 2773 618 2823 interpretatione
645 2786 688 2811 ea
713 2774 779 2811 de-

127 2833 298 2877 torquere
344 2830 446 2867 velis.
504 2829 586 2868 Nec
632 2842 780 2868 moveor

128 2885 296 2935 equidem
310 2886 522 2925 auctoritate
539 2898 663 2925 eorum
675 2915 687 2934 ,
717 2888 779 2937 qui

1187 1296 1443 1353 συνωμολό-

848 1485 974 1519 contra
995 1482 1169 1518 disertum
1186 1480 1369 1518 Herodoti
1398 1480 1500 1517 testi-

847 1538 1007 1574 monium
1027 1537 1116 1575 haec
1146 1537 1269 1574 omnia
1289 1538 1325 1573 in
1345 1537 1500 1574 Graecia

846 1595 925 1644 ipsa
945 1598 1026 1630 orta
1046 1608 1125 1632 esse
1138 1594 1320 1631 clamitent
1339 1606 1501 1630 omnem-

846 1663 918 1699 que
951 1651 1128 1699 originem
1146 1650 1411 1700 Aegyptiacam
1442 1663 1500 1686 sa-

845 1720 986 1744 crorum
1007 1707 1294 1745 Dodonaeorum
1323 1710 1500 1743 remotam

846 1763 971 1800 velint.

904 1816 1005 1867 φασὶ
1030 1817 1076 1855 αἵ
1099 1813 1362 1866 προμάντιες]
1394 1816 1497 1854 Conf.

847 1879 922 1911 not.
956 1874 1002 1911 ad
1038 1873 1071 1920 I,
1107 1875 1197 1913 182.
1248 1873 1290 1909 ln
1318 1885 1420 1921 seqq.
1450 1873 1499 1909 ad

847 1931 957 1968 verba
985 1924 1057 1967 δύο
1079 1924 1286 1974 πελειάδας
1312 1929 1498 1978 μελαίνας

848 2001 882 2024 κ.
905 2001 935 2024 τ.
967 1988 999 2023 λ.
1035 1986 1130 2021 conf.
1162 1990 1237 2021 not.
1266 1986 1314 2021 ad
1355 1985 1408 2031 11,
1443 1985 1497 2025 57

846 2043 923 2079 init.
950 2046 988 2078 et
1005 2042 1053 2077 ad
1075 2040 1260 2090 ἱζομένην
1281 2038 1323 2079 δέ
1342 2056 1410 2091 μιν
1432 2039 1497 2079 ἐπὶ

847 2095 980 2150 φηγόν
1001 2097 1157 2146 (z'nfago
1167 2097 1387 2141 residentem)
1400 2097 1496 2134 Mat-

846 2155 942 2192 thiae
967 2154 1031 2190 Gr.
1054 2154 1118 2189 Gr.
1142 2166 1228 2203 pag.
1248 2155 1368 2194 1169.

901 2209 1156 2249 Δωδωναίων
1182 2207 1224 2248 δὲ
1252 2209 1296 2247 αἱ
1312 2204 1441 2259 ἷρήϊαι
1460 2223 1494 2247 κ.

843 2282 875 2306 τ.
897 2265 950 2317 λ.]
992 2266 1127 2302 Auctor
1160 2270 1215 2303 est
1246 2265 1379 2302 Strabo
1408 2265 1495 2313 (VH

843 2338 879 2375 p.
898 2325 978 2364 328
1000 2336 1027 2358 s.
1049 2335 1085 2371 p.
1107 2323 1215 2368 506)
1248 2322 1410 2371 primitus
1441 2321 1494 2357 vi-

843 2395 902 2417 ros
935 2378 1079 2415 oraculo
1108 2379 1331 2427 praefuisse,
1362 2378 1495 2414 deinde

842 2442 914 2474 tres
927 2435 1092 2472 mulieres
1104 2434 1252 2470 vetulas.
1265 2455 1320 2461 —
1336 2433 1377 2469 ln
1390 2446 1491 2481 seqq.

844 2492 974 2530 retinui
1008 2488 1254 2540 Προμένεια,
1293 2490 1388 2527 cuius
1414 2489 1492 2525 loco

844 2548 1102 2586 Valckenarius
1114 2546 1303 2594 analogiae
1319 2558 1425 2582 causa
1437 2559 1494 2582 re-

846 2607 1007 2643 stitutum
1037 2602 1181 2639 volebat
1198 2600 1446 2651 Πρευμένεια
1471 2614 1494 2638 a

845 2675 932 2698 voce
953 2673 1100 2709 ποευμε
1104 2655 1198 2706 mig,
1229 2658 1325 2694 libris
1348 2658 1492 2707 scriptis

844 2719 964 2766 resrast³
952 2716 1122 2752 antibus.
1131 2714 1219 2751 Mox
1231 2728 1312 2752 cum
1323 2713 1490 2762 Schwgh.

847 2779 882 2811 et
905 2773 1021 2809 Gaisf.
1041 2771 1142 2808 dedi:
1166 2771 1216 2825 τῆ
1234 2768 1275 2808 δὲ
1295 2784 1389 2820 μετα
1401 2765 1490 2808 ταύ-

845 2844 917 2878 την
937 2842 1003 2879 pro
1026 2842 1072 2881 τη
1098 2824 1140 2865 δὲ
1160 2841 1255 2877 μετα
1275 2821 1422 2878 αὐτην,
1451 2829 1491 2864 ut

845 2885 952 2936 vulgo
970 2884 1170 2934 legebatur.
