1909 3228
471 229 555 271 436

883 222 1352 263 HERono'rl

475 334 686 393 ρευόμενα
734 333 776 384 ἐς
822 332 902 388 τήν
944 333 1211 387 Βαβυλῶνα,
1268 328 1393 374 ε’όντα
1438 326 1723 382 κυκλοτερέα,

446 415 614 459 3πάντα
644 411 834 456 σκύτινα.
864 410 992 454 ἐπεὰν
1017 410 1101 466 γὰρ
1133 409 1318 453 ἐντοῖσι
1338 407 1615 464 Ἀρμενίοισι,
1637 411 1726 451 τοῖ-

477 506 520 537 σι
547 488 791 544 κατύπερθε
817 487 1053 544 Ἀσσυρίων
1083 488 1368 545 οἰκημένοισι,
1416 487 1573 542 νομέας
1615 487 1727 542 ἰτέης

475 569 710 626 ταμόμενοι
738 567 1026 624 ποιήσωνται,
1057 570 1344 623 περιτείνουσι
1363 564 1556 608 τούτοισι
1579 564 1783 620 διφθέ-4Ο

477 665 556 703 ρας
593 649 893 703 στεγαστρίδας
933 647 1114 699 ἔξωθεν,
1170 645 1354 701 ἐδάφεος
1391 643 1577 698 τρόπον,
1629 641 1729 685 οὔτε

477 726 679 784 πρύμνην
711 722 1042 781 ἀποκρίνοντες,
1091 723 1190 768 οὔτε
1226 723 1409 780 πρώρην
1450 719 1730 776 συνάγοντες,

450 803 577 849 [roim-⁹
617 803 796 855 ἀσπίδος
836 805 1001 860 τρόπον
1035 804 1298 859 κυκλοτερέα
1334 801 1600 858 ποιήσαντες.
1659 799 1732 842 καὶ

478 883 671 940 καλάμης
699 882 934 939 πλήσαντες
961 887 1050 927 πᾶν
1086 883 1134 927 τὸ
1172 888 1330 927 πλοῖον
1371 885 1528 932 τοῦτο,
1579 876 1732 922 ἀπιᾶσι

479 962 588 1008 κατὰ
623 961 700 1007 τὸν
737 963 932 1019 ποταμὸν
967 963 1203 1020 φέρεσθαι,
1245 962 1438 1018 φορτίων
1476 957 1788 1015 πλήσαντες-45

480 1041 664 1099 μάλιστα
699 1041 744 1085 δὲ
792 1044 944 1099 βίκους
1001 1044 1276 1098 φοινικηΐους
1331 1038 1567 1094 κατάγουσι
1607 1038 1733 1081 οἴνου

480 1121 650 1172 πλέους.
681 1118 880 1164 ἰθύνεται
909 1123 953 1166 δὲ
982 1119 1068 1165 ὖπό
1099 1138 1142 1165 τε
1172 1120 1252 1164 δύο
1276 1119 1525 1174 πλήκτρων,
1556 1116 1629 1159 καὶ
1652 1114 1733 1159 δύο

484 1199 659 1255 ἀνδρῶν
689 1196 836 1254 ὀρθῶν
866 1199 1081 1244 ἑστεώτων
1091 1215 1102 1228 ·

1154 1200 1227 1244 καὶ
1257 1198 1280 1243 ὁ
1316 1198 1394 1255 μὲν
1434 1196 1515 1240 ἔσω
1546 1195 1656 1239 ἕλκει
1682 1193 1732 1238 τὸ

457 1282 724 1336 ὅπλῆκτρον,
765 1278 788 1322 ὁ
820 1279 866 1323 δὲ
896 1279 973 1332 ἔξω
1005 1279 1148 1324 ὠθέει.
1204 1277 1393 1323 ποιέεται
1423 1275 1469 1320 δὲ
1498 1274 1572 1319 καὶ
1598 1272 1737 1331 κάρτα

431 1464 515 1501 xiiio
535 1476 641 1500 naves
668 1465 839 1500 serantur.
884 1462 1078 1509 „Plurima

432 1519 479 1557 de
497 1519 565 1556 hoc
585 1519 807 1566 navigiorum
826 1531 960 1566 genere
982 1524 1077 1556 attu-

418 1573 473 1612 'lit
494 1574 612 1612 Vales.
645 1574 694 1611 ad
721 1573 899 1611 Ammian.
924 1575 1078 1613 Marcel-

434 1630 493 1668 lin.
512 1629 647 1677 XXW,
670 1631 692 1669 3
724 1628 761 1680 ἓ.
780 1633 825 1671 11
846 1644 931 1680 pag.
952 1635 1004 1672 70
1018 1632 1074 1669 cd.

434 1687 608 1735 u⁷agner.
649 1685 745 1724 Nam
764 1686 941 1723 Ammiani
959 1693 1077 1725 aetate

435 1743 529 1780 idern
542 1771 553 1790 ,
566 1741 626 1792 qui
646 1746 772 1790 antea,
791 1743 943 1779 obtinuit
960 1744 1078 1780 mos.“

438 1799 501 1836 Cr.
549 1795 692 1848 νομέας
721 1801 757 1835 et
789 1799 845 1835 hic
877 1803 913 1836 et
935 1799 993 1845 11,
1024 1801 1078 1840 96

435 1858 549 1892 costas
565 1857 706 1891 navium
734 1853 870 1893 Noster
895 1854 1079 1893 intellexit.

492 1910 565 1954 Qui
592 1911 752 1959 sequitur
770 1909 867 1947 locus
888 1911 935 1948 de
958 1911 1079 1948 Arme-

436 1967 526 2013 niis,
585 1978 738 2015 quorum
783 1967 931 2003 omnino
965 1969 1083 2018 prima

437 2022 535 2073 apud
554 2021 729 2060 Nostrum
748 2023 884 2060 mentio
897 2052 907 2070 ‚
924 2024 969 2060 ab
981 2024 1082 2061 Hee-

439 2079 539 2116 renio
562 2078 698 2126 (Ideen
716 2078 744 2125 Ι,
764 2083 784 2118 1
815 2092 850 2129 p.
875 2081 984 2128 189)
1016 2079 1083 2116 ad-

438 2133 600 2181 hibetur,
629 2147 701 2183 quo
719 2138 859 2171 mature
874 2135 944 2171 iam
957 2135 1083 2172 Arme-

439 2191 518 2227 nios
553 2203 631 2226 cum
670 2189 788 2228 Persis
828 2190 1082 2240 Babyloniisve

438 2247 688 2284 commercium
715 2246 913 2286 instituisse
941 2248 1082 2298 probet.

497 2323 639 2368 οἷπιᾶσι
675 2326 774 2371 κατὰ
803 2325 874 2370 τόν
908 2327 1083 2381 ποταμὸν

442 2384 657 2435 φέρεσθαι]
689 2400 736 2423 se.
761 2383 805 2425 το“
823 2389 985 2426 πλοῖον.·
1016 2400 1080 2423 na-

441 2444 576 2490 vigium
613 2441 690 2490 (ita
712 2443 983 2490 constructum)
1010 2445 1082 2480 iam

441 2500 622 2546 emittunt,
660 2503 700 2535 ut
728 2499 874 2536 secundo
902 2499 1082 2549 deseratur

444 2555 595 2600 flumine.
652 2553 711 2591 De
728 2559 903 2592 structura
933 2555 1022 2602 loci,
1052 2554 1082 2592 si

444 2622 552 2658 quem
578 2608 639 2646 illa
662 2610 845 2658 offendat,
873 2613 965 2648 conf.
985 2611 1083 2648 Mat-

444 2665 540 2702 thiae
558 2665 624 2702 Gr.
650 2665 716 2703 Gr.
741 2679 827 2716 pag.
850 2666 967 2708 1040.
1024 2667 1083 2705 De

445 2720 559 2756 forma
569 2716 707 2760 οἷπιᾶσι
727 2722 767 2770 (a
777 2723 886 2760 verbo
901 2719 1082 2773 ἀφιέναι)

446 2774 531 2812 ibid.
552 2788 636 2825 pag.
653 2778 748 2818 395.

502 2852 666 2907 μάλιστα
682 2856 725 2900 δὲ
748 2859 886 2913 βίκους
904 2876 1085 2915 φοινικη-

1145 1463 1232 1510 ΐους
1249 1457 1465 1513 κατάγουσι
1492 1459 1603 1500 οἷ’νου
1631 1455 1789 1508 πλέους]

1143 1517 1285 1556 Malunt
1323 1518 1426 1555 scribi
1465 1516 1716 1566 φοινικηίου,
1754 1522 1793 1551 nt

1145 1576 1193 1613 ad
1215 1575 1327 1613 οἴνου
1349 1576 1544 1618 reseratur,
1573 1573 1620 1609 de
1647 1585 1719 1620 quo
1739 1572 1793 1606 vi-

1144 1632 1180 1667 ni
1209 1644 1344 1680 genere
1372 1631 1440 1667 iam
1469 1629 1670 1666 monuimus
1696 1628 1743 1664 ad
1768 1627 1793 1672 Ι,

1147 1690 1238 1729 193.
1279 1688 1385 1723 Conf.
1407 1685 1624 1733 wesseling.
1653 1685 1700 1720 ad
1716 1683 1750 1719 h.
1770 1683 1792 1719 l.

1146 1747 1182 1780 et
1198 1743 1300 1780 Reiz.
1331 1742 1367 1778 in
1398 1741 1552 1778 Praesat.
1570 1753 1655 1791 pag.
1674 1739 1793 1776 XXll.

1145 1799 1221 1836 Sed
1250 1798 1431 1847 vulgatam
1452 1797 1640 1834 lectionem
1660 1810 1795 1845 φοινι-

1146 1854 1285 1904 κηΐους
1325 1855 1372 1890 ad
1406 1867 1515 1890 unum
1553 1866 1676 1890 omnes
1714 1851 1793 1888 libri

1147 1922 1226 1949 curn
1246 1911 1445 1957 retineant,
1464 1909 1550 1946 nihil
1568 1913 1707 1946 mutare
1730 1920 1795 1944 an-

1149 1980 1209 2004 sus
1231 1980 1319 2005 sum.
1357 1966 1437 2003 Nec
1454 1971 1578 2003 contra
1598 1977 1794 2002 manuscrr.

1147 2023 1395 2061 auctoritatem
1408 2023 1605 2071 quidquam
1619 2026 1793 2058 mutatum

1146 2079 1243 2125 vult,
1273 2083 1443 2115 monente
1474 2077 1567 2124 Cr.,
1602 2077 1792 2114 Dobraeus

1149 2136 1197 2171 ad
1220 2134 1450 2185 Aristophan.
1478 2133 1570 2170 Plut.
1593 2135 1686 2174 718.
1743 2132 1794 2169 Et

1147 2190 1184 2227 in
1217 2195 1335 2238 terra,
1378 2189 1474 2225 omni
1508 2191 1583 2226 fere
1614 2189 1793 2237 lignorum

1150 2258 1283 2295 genere
1312 2246 1593 2294 arboribusque,
1623 2246 1652 2282 si
1674 2257 1695 2281 a
1712 2245 1792 2296 pal-

1147 2303 1214 2340 mis
1247 2301 1472 2348 discesseris,
1503 2306 1670 2348 carente,
1702 2313 1793 2350 qua-

1146 2357 1216 2395 lern
1237 2371 1314 2408 cap.
1330 2359 1407 2398 193
1425 2357 1661 2406 Babyloniam
1681 2357 1792 2395 fuisse

1148 2419 1184 2452 et
1210 2413 1361 2464 legimus
1389 2419 1425 2452 et
1461 2426 1591 2463 reapse
1615 2414 1793 2464 comperi-

1146 2483 1248 2517 mus,
1286 2471 1372 2519 quid
1397 2471 1571 2507 absonum
1590 2469 1791 2521 palmarum

1149 2539 1170 2565 e
1187 2527 1284 2575 ligno
1306 2526 1401 2563 dolia
1422 2526 1546 2563 confici
1557 2525 1576 2562 ἵ
1612 2525 1791 2575 Loquitur

1146 2582 1284 2621 Noster
1308 2582 1363 2619 hic
1388 2584 1434 2620 de
1453 2581 1621 2620 Armenia
1649 2582 1723 2619 sive
1744 2582 1791 2619 de

1147 2638 1189 2676 iis
1218 2639 1447 2687 regionibus,
1476 2651 1571 2687 quae
1595 2637 1791 2686 Babyloni-

1150 2706 1207 2732 am
1243 2695 1426 2745 planitiem
1477 2706 1499 2731 a
1544 2694 1790 2745 septentrione

1147 2751 1309 2801 proxime
1319 2750 1502 2787 includunt
1512 2764 1522 2795 ;
1543 2762 1692 2799 quarum
1703 2749 1789 2798 quin

1150 2807 1270 2843 similis
1296 2808 1371 2844 sere
1389 2807 1494 2844 suerit
1512 2806 1684 2853 conditio,
1702 2803 1789 2854 quid

1148 2863 1384 2901 dubitandum
1391 2861 1410 2900 ’ἒ
