1909 3228
466 241 550 283 50⁴}
864 234 1331 276 HERODOTI

466 349 540 392 καὶ
568 345 740 402 Συρίην
768 342 1137 401 ἀργιλωδεστέρην
1167 359 1212 387 τε
1241 342 1314 386 καὶ
1342 342 1589 399 ὑπόπετρον
1617 342 1715 386 ἐοῦ-

468 438 563 470 σαν.

347 517 410 561 13

146 580 265 621 Quanta
289 580 326 606 Ni
330 580 349 607 1ἰ
375 581 418 607 a!-

146 616 168 641 ti
174 614 242 641 tudo
284 613 335 640 iirr
328 622 392 648 igar
381 614 419 640 rit

148 648 230 682 Aeg)
236 650 283 681 ptu
268 655 312 673 um
373 655 419 673 re-

171 689 217 707 nai
218 685 258 707 ite
306 680 419 707 'noeri-
413 697 421 709 .

147 688 226 774 fab„
227 721 254 741 a.
281 714 347 740 1358
382 712 420 739 ad

567 501 747 557 Ἔλεγον
777 501 822 544 δὲ
856 500 930 544 καὶ
965 499 1065 543 τόδε
1100 517 1175 556 μοι
1210 499 1317 556 μέγα
1357 499 1590 555 τεκμήριον
1618 501 1716 554 περὶ
1730 507 1775 541 95

473 585 547 636 τῆς
574 578 714 636 χώρης
742 578 901 636 ταύτης
930 580 973 622 οἱ
1001 577 1133 634 ἱρέες,
1183 577 1241 630 ὥς
1277 579 1344 622 ἐπὶ
1374 580 1567 633 Μοίριος
1595 581 1719 634 βασι-

477 658 597 710 λέος,
639 657 750 710 ὅκως
788 659 909 702 ἔλθοι
937 656 960 702 ὁ
991 656 1184 714 ποταμὸς
1221 657 1289 701 ἐπὶ
1329 657 1440 701 όκτώ
1480 657 1638 714 πήχεας
1672 657 1720 701 τὸ

149 747 287 841 5⁰2⁹g⁸⁸2
287 766 367 806 sim
347 746 418 805 101]
476 737 720 793 ἐλάχιστον,
757 737 935 792 ἄρδεσκε
962 738 1184 792 Αἴγυπτον
1212 736 1291 793 τὴν
1321 737 1469 792 ἔνερθε
1499 738 1722 793 Μέφφιος.

147 817 161 840 t
227 799 297 839 tat'e.
320 778 421 839 Famis

149 846 312 882 wemmam
352 853 383 872 e
371 852 418 871 „e
446 816 553 860 Ξκαὶ
580 817 720 870 Μοίρι
754 814 809 861 οὔ
836 831 898 860 κω
937 809 994 872 ἦν
1027 815 1122 860 ἔτεα
1151 815 1373 860 εἰνακόσια
1401 815 1725 873 τετελευτηκότι,

151 885 229 907 metu
233 878 308 906 endu
312 886 340 906 m
394 880 424 904 et

150 912 303 947 Graecia,
366 910 424 940 nisi

150 946 244 982 pluat,

617 1023 728 1073 Cap.
772 1021 872 1059 XIII.

478 1075 581 1127 ὅκως
611 1078 724 1118 ἔλθοι
755 1074 975 1128 ὁποταμός
1003 1073 1069 1116 ἐπὶ

422 1130 524 1175 ὀκτώ
555 1131 706 1186 πήχεας
738 1131 781 1174 τὸ
814 1130 1012 1185 ἐλάχιστον
1034 1147 1070 1171 κ.

423 1207 455 1230 τ.
476 1195 522 1239 λ.]
564 1192 636 1236 Qui
668 1191 897 1228 Herodotum
928 1190 1072 1229 ethaeo

425 1251 462 1285 et
487 1262 581 1297 quae
612 1252 812 1296 sequuntur
842 1247 888 1284 de
914 1246 1071 1284 sedecim

424 1305 550 1341 cubitis
575 1303 788 1341 scribentem
822 1315 942 1341 errare
971 1302 1071 1348 dixit,

422 1360 453 1396 is
473 1374 546 1397 non
566 1362 650 1397 satis
669 1360 827 1410 respexit
846 1364 977 1396 statum
994 1357 1071 1396 Nili

425 1419 462 1453 et
479 1421 654 1454 terrarum
671 1415 909 1453 adiacentium
934 1415 981 1452 ob
1002 1416 1071 1450 ssu-

424 1471 472 1507 vii
497 1472 694 1509 alluviones
721 1471 845 1508 crebro
881 1473 1070 1516 mutatum,

425 1531 467 1563 ut
486 1527 573 1563 alius
585 1526 654 1563 alio
665 1532 828 1576 tempore
845 1539 925 1564 esse
947 1526 1071 1562 videa-

425 1586 494 1619 tur.
531 1583 642 1626 Quod
660 1586 785 1619 contra
805 1581 960 1618 Pocock.
978 1581 1073 1618 benc

427 1643 550 1675 monet
571 1637 754 1685 Larchcr„
783 1638 839 1675 cui
855 1638 952 1674 adde
971 1637 1073 1674 Ren-

426 1694 513 1731 nelii
538 1694 722 1744 disputata
751 1707 788 1744 p.
813 1692 895 1735 597
923 1696 959 1730 et
979 1704 1073 1742 quae

429 1750 477 1787 de
492 1750 592 1786 vario
621 1749 697 1786 Nili
727 1753 881 1786 statuae
899 1748 1074 1786 mensuris

429 1805 467 1842 in
517 1805 722 1842 universum
765 1808 993 1854 exponuntur
1029 1804 1075 1840 ab

431 1860 659 1897 Hartmanno
679 1860 702 1897 l.
728 1859 750 1897 l.
771 1872 858 1910 pag.
878 1862 968 1900 122.
999 1859 1078 1896 He-

429 1916 549 1953 rodoti
559 1917 806 1953 auctoritatem
824 1918 901 1954 sere
919 1919 1077 1963 tuentur,

431 1972 520 2009 alios
542 1976 581 2008 ut
600 1976 737 2009 taceam
749 2001 760 2018 ,
774 1971 984 2009 Plutarchus
994 1971 1079 2008 Mo-

429 2027 505 2065 rall.
536 2041 572 2078 p.
600 2029 708 2075 368,
733 2027 777 2065 B.
822 2028 956 2065 Strabo
975 2027 1080 2065 XVII

431 2098 469 2135 p.
497 2086 627 2131 1136,
659 2084 690 2120 C
722 2097 750 2121 S.
776 2097 862 2134 pag.
881 2085 987 2131 788,
1017 2085 1080 2133 qui

433 2144 518 2178 ante
536 2139 694 2178 Petronii
714 2144 870 2177 aetatem
888 2140 1079 2177 maximam

433 2199 558 2234 narrat
585 2196 694 2233 fuisse
721 2195 962 2244 fertilitatem,
999 2209 1079 2232 cum

433 2251 540 2291 Nilus
580 2252 628 2289 ad
654 2255 818 2302 quartum
846 2255 882 2290 et
913 2251 1080 2289 decimum

434 2307 591 2346 cubitum
617 2308 854 2353 excrevisset3
902 2308 964 2358 qui
998 2320 1080 2346 cum

433 2365 484 2402 ad
501 2367 664 2401 octavum
681 2364 791 2401 modo
809 2365 1081 2411 adsurrexisset,

434 2420 569 2458 famem
591 2419 753 2458 evenisse
773 2423 882 2469 atque
911 2420 1081 2471 inopiam.

437 2475 522 2519 Quo
546 2475 603 2513 vel
624 2476 789 2513 disertius
810 2475 945 2512 Plinius
964 2476 1013 2514 H.
1030 2475 1080 2513 N.

436 2530 483 2578 V,
502 2534 528 2573 9
555 2529 593 2582 §.
618 2534 670 2572 10
700 2534 832 2568 iustum
857 2532 979 2569 scribit
1006 2531 1081 2570 Nili

437 2587 697 2625 incrementum
716 2587 860 2625 sedecim
879 2601 958 2626 esse
983 2588 1082 2626 cubi-

440 2647 579 2689 torum·,
601 2643 631 2680 si
650 2643 765 2681 minus
786 2643 987 2695 sit‚inopia
999 2657 1085 2695 pre-

440 2699 489 2734 mi
518 2700 724 2748 Aegyptum
747 2712 790 2737 ac
817 2699 991 2738 laborare.
1037 2699 1086 2736 Et

440 2753 476 2789 in
495 2753 562 2791 hoc
581 2755 723 2792 sedecim
744 2756 944 2794 cubitorum
962 2769 1086 2794 nume-

441 2821 480 2844 ro
499 2822 621 2846 omnes
642 2813 716 2848 fere
735 2812 926 2861 scriptores
944 2813 989 2849 ab
1011 2812 1087 2850 He-

441 2865 570 2901 rodoto
600 2867 684 2904 inde
709 2879 825 2917 usque
856 2869 904 2905 ad
925 2867 1087 2907 Leonem

1133 1020 1339 1059 Africanum
1396 1021 1598 1059 consentire
1658 1026 1783 1059 monet

1134 1077 1264 1115 Ritter.
1288 1077 1478 1114 Erdkund.
1504 1077 1519 1114 Ι
1547 1091 1583 1127 p.
1605 1078 1707 1123 838·,
1738 1091 1781 1115 eo

1136 1134 1233 1172 enim
1264 1146 1356 1184 opus
1395 1146 1497 1180 esse,
1544 1145 1616 1181 quo
1655 1134 1782 1170 messis

1136 1190 1234 1227 bona
1269 1190 1343 1226 fiat.
1402 1189 1500 1233 Quin
1529 1190 1722 1226 etiamnum
1755 1190 1785 1226 si

1137 1245 1246 1284 Nilus
1264 1246 1311 1282 ad
1322 1245 1414 1282 hanc
1425 1258 1539 1295 usque
1547 1245 1785 1293 altitudinem,

1137 1314 1246 1351 quam
1275 1301 1470 1351 legitimam
1508 1301 1627 1340 dicere
1668 1301 1784 1348 liceat,

1137 1359 1309 1407 creverit,
1344 1372 1410 1408 per
1438 1362 1552 1395 totam
1579 1356 1786 1408 Aegyptum

1136 1414 1287 1462 vectigal
1312 1414 1544 1464 pendendum
1563 1426 1653 1451 esse.
1685 1413 1787 1456 Qua-

1137 1482 1178 1507 re
1201 1470 1354 1506 subinde
1383 1470 1484 1514 fieri,
1533 1473 1571 1505 ut
1598 1481 1682 1506 vera
1711 1468 1786 1506 Nili

1136 1526 1313 1562 undarum
1339 1537 1506 1562 mensura
1530 1524 1685 1572 celetur,
1725 1528 1786 1561 aut

1140 1581 1169 1618 si
1190 1581 1306 1617 minor
1335 1581 1402 1627 sit,
1431 1585 1535 1617 aucta
1559 1581 1718 1627 dicatur,
1748 1585 1788 1617 ut

1141 1636 1273 1674 scilicet
1291 1637 1366 1674 iure
1384 1637 1486 1686 quasi
1498 1637 1650 1686 vectigal
1666 1637 1712 1674 ab
1732 1637 1787 1673 in-

1140 1693 1226 1731 colis
1256 1693 1357 1743 posci
1385 1692 1510 1742 possit.
1580 1693 1684 1736 Quae
1708 1692 1789 1742 ipsa

1141 1762 1198 1786 res
1231 1748 1520 1798 peregrinatores
1550 1748 1727 1797 quosdam
1751 1748 1789 1785 in

1142 1805 1306 1843 fraudem
1353 1804 1504 1841 induxit.
1567 1803 1647 1841 Alia
1694 1817 1792 1842 nunc

1146 1860 1261 1898 sciens
1301 1864 1513 1909 praetereo,
1562 1872 1655 1909 quae
1693 1861 1791 1910 apud

1143 1917 1262 1967 ipsum
1278 1915 1456 1953 Ritterum
1472 1915 1544 1965 legi
1562 1916 1692 1953 malim.
1723 1916 1792 1953 Sa-

1143 1973 1189 2010 tis
1208 1972 1301 2010 enim
1318 1972 1498 2009 Herodoti
1515 1972 1623 2010 fidem
1644 1973 1681 2009 in
1695 1972 1792 2010 hisce

1143 2029 1318 2080 probasse
1336 2028 1441 2065 nobis
1468 2029 1640 2066 videmur.
1695 2028 1792 2065 Hinc

1145 2084 1202 2123 vel
1235 2085 1271 2121 in
1295 2084 1483 2123 Romanae
1512 2084 1640 2123 aetatis
1668 2084 1791 2120 inseri-

1144 2141 1328 2207 ptionibus
1350 2139 1582 2191 Aegyptiacis
1613 2140 1792 2177 invenitur

1147 2197 1282 2236 δικαία
1299 2191 1513 2246 α’νάβασις,
1542 2196 1588 2234 de
1607 2196 1701 2233 iusta
1725 2195 1793 2232 hac

1147 2253 1415 2303 quatuordecim
1432 2253 1630 2289 cubitorum
1650 2264 1793 2289 mensu-
1833 2282 1835 2284 .

1147 2321 1199 2346 ra.
1257 2308 1339 2345 Vid.
1357 2307 1543 2346 Letronne
1566 2307 1792 2346 Becherches

1148 2377 1210 2402 sur
1229 2363 1387 2415 l‘Egypt.
1414 2376 1500 2414 pag.
1521 2365 1615 2405 396.
1663 2362 1794 2401 Decla-

1147 2424 1247 2458 ratur
1264 2419 1353 2457 haec
1370 2432 1515 2470 quoque
1543 2433 1599 2457 res
1629 2419 1794 2468 imagini-

1147 2476 1214 2514 bus
1243 2480 1401 2514 veterum
1426 2475 1708 2527 Aegyptiorum,
1747 2476 1794 2513 de

1149 2533 1278 2582 quibus
1324 2533 1418 2569 conf.
1449 2537 1540 2570 nott.
1569 2532 1616 2569 ad
1641 2531 1698 2580 ΙΙ,
1722 2533 1796 2577 193

1149 2589 1340 2639 ipsumque
1368 2586 1452 2626 Nili
1472 2588 1539 2626 huc
1573 2587 1697 2626 referri
1727 2600 1795 2637 po-

1149 2645 1233 2682 terit
1258 2656 1412 2692 nomen,
1442 2645 1471 2682 si
1495 2644 1640 2694 quidem
1668 2644 1795 2680 fluvius

1151 2705 1228 2748 est,
1257 2705 1420 2751 tempore
1437 2700 1585 2739 definito
1610 2703 1651 2736 ut
1672 2698 1797 2736 volunt

1152 2769 1315 2795 crescens
1368 2761 1554 2807 terrasque
1598 2756 1794 2794 exundans.

1153 2812 1185 2849 V
1189 2813 1235 2850 id.
1247 2813 1277 2849 C
1281 2824 1376 2850 reuz.
1387 2812 1549 2862 Symbol.
1566 2812 1582 2849 I
1599 2824 1635 2861 p.
1647 2813 1727 2853 270
1740 2823 1793 2859 sq.

1211 2867 1278 2908 καὶ
1296 2868 1428 2922 Μοίρι
1443 2865 1492 2909 οὕ
1509 2883 1565 2908 κω
1583 2863 1637 2918 ἦν
1657 2881 1691 2906 κ.
1703 2864 1794 2916 τ.λ.]
