1909 3228
523 62 547 72 4.
550 58 593 68 εί

566 202 988 242 EUTERPE.
1039 202 1084 241 ΙΙ.

1358 204 1443 244 495

161 313 392 371 δἈραβιόυ
423 312 577 368 οὔρεος
606 313 648 365 ἐς
677 313 726 356 τό
756 312 953 369 Λιβυκόν
980 313 1260 370 καλεύμενον.
1317 310 1366 356 τό
1395 311 1441 355 δὲ

187 394 389 438 ἐνθεῦτεν
429 388 550 444 αὖτις
590 391 719 447 εὐρέα
749 392 971 448 Αἴγυπτός
999 394 1098 437 ἐστι.
1158 390 1333 448 Πέφυκε
1361 390 1442 447 μέν

98 471 130 516 9
186 490 269 516 νυν
304 471 330 529 ἡ
360 471 478 529 χώρη
520 471 629 528 αὕτη
663 470 790 515 οὕτω.

185 636 260 688 τῆς
288 630 417 684 ὁδοῦ,
451 631 657 687 ἑξήκοντα
692 631 765 674 καὶ
795 628 1045 674 ὀκτακόσιοι
1073 631 1146 674 καὶ
1175 629 1437 687 τετρακισχί-

128 886 256 934 fragm.
274 897 360 935 pag.
384 885 463 925 163
483 897 558 933 seq.
582 888 617 922 et
633 884 680 921 ad
700 883 786 921 Plu·

128 942 237 978 tarch.
259 941 480 991 Philopoem.
501 953 587 991 pag.
607 944 644 983 8.
662 943 699 982 9.

348 1082 467 1132 Cap.
496 1080 568 1119 IX.

186 1164 264 1204 ἔστι
303 1161 503 1212 α’ντὲπλοος
543 1162 656 1204 ἐννέα
696 1161 788 1215 ἦμε-

128 1221 254 1275 ρέων]
283 1222 625 1271 Schweighaeusero
646 1221 702 1258 hic
721 1235 787 1258 nu-

127 1293 245 1316 merus
262 1279 356 1315 iusto
375 1279 491 1316 minor
505 1279 659 1324 videtur,
676 1291 786 1326 quum

128 1336 197 1373 hoc
214 1339 320 1385 pacto
339 1335 421 1376 540
441 1335 558 1371 stadia
582 1335 786 1382 naviganti-

129 1392 193 1429 bus
213 1391 372 1439 quotidie
394 1391 465 1427 sint
487 1391 709 1427 conficienda
724 1404 785 1427 ea-

127 1460 198 1496 que
209 1447 361 1483 adverso
378 1446 546 1491 flumine,
569 1447 606 1482 id
621 1448 719 1495 quod
729 1445 785 1483 vel

128 1504 157 1540 si
177 1503 351 1540 minorem
371 1503 478 1540 stadii
502 1515 705 1540 mensuram
730 1503 785 1538 in·-

126 1559 290 1608 telligas‚
320 1559 467 1596 nimium
485 1559 662 1605 videatur,
676 1571 785 1609 prae-

127 1615 249 1653 sertim
273 1616 302 1652 si
321 1616 477 1664 cogites,
506 1628 616 1653 naves
632 1628 704 1652 non
718 1616 784 1652 nisi

126 1672 272 1710 funibus
283 1673 439 1710 adverso
449 1672 595 1709 flumine
605 1671 689 1709 ferri
699 1685 785 1722 pos-

129 1742 190 1775 se,
218 1732 311 1766 teste
337 1729 416 1778 ipso
439 1728 631 1765 Herodoto
652 1728 697 1775 H,
719 1731 783 1769 96.

128 1785 266 1821 Contra
285 1785 380 1820 docti
405 1784 502 1821 Galli
520 1788 669 1821 monent
691 1784 786 1831 (De-

129 1841 249 1889 script.
270 1841 315 1877 de
335 1840 354 1875 l’
364 1840 433 1888 Eg.
456 1840 605 1889 Antiqq.
627 1840 641 1876 l
666 1840 741 1875 livr.
761 1843 787 1880 2

129 1909 214 1947 pag.
235 1895 335 1944 417)
356 1896 508 1932 stadium
525 1895 788 1945 Aegyptiacum

130 1957 299 1989 constare
321 1965 364 1989 ex
385 1955 525 1988 centum
548 1951 670 1989 metris
691 1951 787 1998 (me-

129 2014 221 2054 tres;
255 2009 349 2045 conf.
373 2012 447 2044 not.
464 2008 510 2044 ad
526 2007 570 2054 ll,
592 2008 657 2055 6),
677 2007 729 2043 ita
750 2011 789 2043 ut

129 2070 284 2114 quatuor
296 2064 388 2101 mille
404 2064 611 2112 octingenta
621 2063 789 2111 sexagin-

129 2125 167 2158 ta
197 2121 338 2166 stadia,
377 2120 486 2156 modo
522 2120 787 2168 longitudinem

130 2181 227 2214 recta
257 2176 351 2213 line-:1
373 2176 522 2212 indicari
550 2176 613 2212 tibi
638 2188 789 2226 persua-

130 2233 239 2280 deas,
268 2246 347 2269 cum
366 2245 452 2270 vera
479 2245 665 2278 mensura,
695 2245 789 2280 quae

132 2302 152 2326 e
172 2290 312 2340 mappis
337 2288 589 2338 geographicis
610 2287 790 2335 intelliga-

129 2348 208 2392 tur,
256 2349 422 2382 accurate
459 2345 659 2382 conveniat.
717 2344 789 2387 Qui

131 2401 239 2438 iidem
267 2402 456 2447 adiiciunt,
496 2413 684 2438 numerum
717 2405 790 2437 sta-

133 2456 296 2502 diorum,
328 2457 387 2506 qui
406 2469 477 2493 uno
499 2457 557 2494 die
577 2456 700 2507 perfici
726 2457 791 2493 de-

132 2511 238 2558 beat,
268 2513 412 2550 minime
423 2525 504 2550 esse
517 2516 792 2561 exaggeratum,

134 2580 214 2604 cum
230 2567 310 2617 ipsi,
330 2568 429 2606 coelo
439 2573 474 2605 et
485 2572 700 2618 tempestate
712 2569 791 2617 qui-

135 2623 218 2660 dem
235 2624 391 2670 favente,
420 2624 475 2661 vel
487 2623 629 2672 longius
639 2624 708 2661 iter
717 2637 789 2661 uno

135 2679 195 2716 die
223 2679 451 2717 confecerint.
510 2679 606 2716 Add.
634 2679 789 2717 Iomard.

136 2735 248 2782 (ibid.
272 2735 349 2772 livr.
373 2739 396 2776 3
426 2748 510 2785 pag.
545 2736 639 2776 508.
669 2737 790 2785 625),

136 2791 196 2828 ubi
227 2791 295 2828 hoc
313 2793 420 2829 modo
448 2796 583 2829 sumtas
604 2804 789 2829 mensuras

137 2852 173 2885 et
193 2848 380 2885 distantias
401 2848 590 2886 convenire
602 2848 714 2886 ferme
725 2861 791 2885 no-

846 469 946 516 Ἀπὸ
989 473 1033 516 δὲ
1067 470 1370 522 Ἡλιουπόλιος

840 886 914 930 tat,
962 895 1041 919 cum
1078 881 1190 925 4860
1224 883 1342 919 stadia
1385 882 1434 930 (i.
1465 895 1497 920 e.

842 940 1020 987 486‚OOO
1040 941 1162 983 metr.)
1180 952 1253 975 non
1272 939 1379 976 valde
1398 952 1498 976 rece-

842 997 931 1032 dant
951 1009 972 1032 a
992 1009 1077 1033 vera
1097 997 1286 1039 distantia,
1319 1008 1411 1043 quae
1442 1008 1499 1032 re-

845 1053 901 1088 cta
917 1052 1011 1089 linea
1030 1053 1073 1088 sit
1087 1052 1265 1097 490‚4OO
1283 1053 1383 1088 metr.
1409 1052 1499 1095 Qui-

844 1109 909 1145 bus
928 1108 1017 1146 haec
1036 1109 1138 1145 addit
1157 1113 1210 1158 (p.
1227 1110 1343 1156 6257):
1366 1109 1501 1154 „Cette

844 1165 1025 1211 distance,
1061 1165 1157 1213 prise
1180 1165 1288 1202 d'une
1313 1169 1411 1202 carte
1440 1177 1501 1201 ex-

843 1225 942 1267 acte,
970 1220 1018 1257 lui
1041 1221 1134 1268 (scil.
1156 1220 1351 1269 Herodoto)
1376 1233 1398 1257 a
1416 1233 1499 1257 sans

843 1278 956 1314 doute
973 1277 1032 1314 ete
1053 1277 1195 1314 donnesse
1205 1290 1271 1327 par
1282 1277 1332 1314 les
1345 1277 1500 1327 prestes,

843 1338 881 1370 et
900 1333 925 1369 il
943 1346 964 1369 a
987 1347 1047 1371 cru
1063 1346 1134 1382 que
1154 1333 1319 1371 c‘etoitla
1337 1334 1501 1371 distance

840 1390 1004 1427 mesuree
1021 1402 1082 1425 sur
1096 1389 1129 1426 le
1148 1391 1285 1434 fleuve3
1318 1393 1504 1438 ayantna-

840 1445 948 1494 vigne
975 1445 1023 1481 lui
1045 1466 1061 1472 -
1078 1446 1197 1482 meme
1226 1446 1391 1495 pendant
1417 1446 1510 1482 neuf

836 1502 937 1550 jours
957 1502 1044 1538 d’un
1061 1500 1132 1539 lieu
1145 1502 1166 1538 a
1185 1501 1324 1548 l'autre,
1343 1500 1366 1537 il
1385 1514 1504 1538 acon-

841 1558 894 1594 clu
913 1557 1214 1608 mal-a-propos
1235 1557 1294 1606 qu’
1306 1570 1377 1595 une
1401 1558 1505 1606 jour-

840 1615 908 1652 nee
938 1615 984 1652 de
1010 1614 1222 1663 navigation
1257 1615 1346 1651 etoit
1384 1615 1432 1651 de
1476 1616 1503 1655 9

842 1671 1016 1708 schoenes
1039 1672 1085 1708 de
1104 1675 1198 1708 cette
1218 1671 1358 1721 espece.
1388 1669 1504 1707 D'ail-

841 1728 949 1774 leurs,
979 1740 1118 1765 comme
1130 1727 1154 1764 il
1171 1741 1194 1776 y
1210 1727 1412 1764 avoitdeux
1433 1727 1504 1763 dif-

842 1784 962 1820 ferens
991 1784 1188 1830 schoenes,
1217 1787 1299 1819 tous
1332 1783 1424 1820 deux
1456 1783 1503 1820 de

843 1842 896 1880 60
917 1839 1039 1876 stades
1059 1840 1154 1876 aussi
1173 1839 1357 1884 differens,
1379 1842 1417 1875 et
1432 1851 1503 1886 que

842 1895 876 1932 le
895 1894 1027 1930 dromos
1047 1895 1146 1932 avoit
1167 1896 1191 1935 9
1215 1895 1260 1932 de
1281 1908 1340 1932 ces
1363 1894 1502 1942 grands

844 1951 1032 1997 schoenes,
1062 1950 1205 2000 ilapris
1228 1953 1504 2000 apparemment

843 2006 917 2042 l’un
940 2019 1032 2055 pour
1048 2006 1213 2043 l’autre.“
1260 2005 1417 2043 Maiores
1434 2006 1504 2054 igi-

843 2066 900 2099 tur
920 2062 988 2099 hoc
1004 2061 1081 2098 loco
1100 2061 1275 2100 schoenos
1295 2063 1406 2112 (cfip.
1421 2061 1502 2103 651

845 2118 950 2167 seq.)
982 2119 1196 2156 intellexisse
1225 2119 1407 2168 putandus
1436 2119 1504 2155 erit

844 2175 1067 2221 Herodotus,
1083 2174 1142 2223 qui
1156 2174 1188 2211 ll
1199 2203 1208 2220 ,
1222 2174 1247 2215 4
1260 2175 1415 2211 minores
1434 2173 1503 2224 ipsi

845 2231 931 2268 alias
949 2232 1098 2267 usitatos
1120 2230 1342 2268 intellexerit.
1389 2230 1504 2280 Equi-

846 2289 928 2324 dem
945 2286 993 2322 nil
1009 2287 1219 2332 decernam,
1249 2287 1396 2324 videant
1407 2287 1504 2336 peri-

845 2344 965 2380 tiores.
985 2362 1041 2370 -—
1069 2342 1250 2380 Mannert.
1271 2342 1504 2393 (Geograph.

846 2400 893 2446 X,
910 2402 926 2439 1
950 2411 1034 2450 pag.
1050 2399 1150 2444 481)
1167 2399 1248 2436 hinc
1263 2399 1381 2447 colligi
1394 2411 1505 2449 posse

844 2460 961 2506 putat,
990 2455 1198 2505 Heliopolin
1215 2455 1329 2492 canali
1347 2455 1503 2492 adsitam

844 2513 974 2557 fuisse,
1006 2512 1065 2560 qui
1087 2512 1158 2548 iam
1181 2511 1291 2548 multo
1312 2516 1396 2548 ante
1415 2512 1504 2548 Pto-

844 2568 1062 2605 lemaeorum
1078 2572 1233 2604 aetatem
1251 2567 1366 2605 aNilo
1386 2567 1505 2604 orien-

845 2630 919 2662 tem
945 2636 1068 2661 versus
1097 2624 1145 2660 ad
1169 2624 1285 2661 sinum
1310 2622 1503 2661 Arabicum

846 2693 960 2729 usque
982 2680 1088 2716 suerit
1113 2680 1298 2717 deductus.
1354 2680 1408 2716 Ex
1430 2693 1503 2729 quo

846 2736 959 2774 canali
983 2736 1043 2784 qui
1064 2736 1108 2771 ab
1128 2735 1310 2786 Heliopoli
1329 2735 1365 2773 in
1379 2736 1501 2773 Nilum

847 2793 964 2842 ipsum
983 2792 1129 2840 naviget
1147 2791 1367 2841 Thebasque
1388 2797 1502 2843 petat,

846 2849 879 2886 ei
899 2860 1029 2885 novem
1048 2861 1128 2885 esse
1147 2848 1284 2886 dierum
1302 2848 1380 2887 iter.

1399 469 1441 521 ἐς
1496 476 1770 545 testinans?-

1741 521 1771 539 .-

191 550 361 609 Θήβας,
410 553 497 595 ἔστι
528 550 745 602 ἀνάπλοος
783 551 906 594 ἐννέα
934 549 1144 607 ἡμερέων·
1195 549 1363 594 στάδιοι
1393 544 1558 604 δὲ35ξζῗ’
1580 544 1772 613 Ἕῗηᾙξξξῖξῗ

1493 618 1573 639 nem·
