<?xml version="1.0" encoding="UTF-8"?>
<!DOCTYPE html PUBLIC "-//W3C//DTD XHTML 1.0 Transitional//EN"
    "http://www.w3.org/TR/xhtml1/DTD/xhtml1-transitional.dtd">
<html xmlns="http://www.w3.org/1999/xhtml" xml:lang="en" lang="en">
 <head>
  <title>
</title>
<meta http-equiv="Content-Type" content="text/html;charset=utf-8" />
  <meta name='ocr-system' content='tesseract 3.04.00' />
  <meta name='ocr-capabilities' content='ocr_page ocr_carea ocr_par ocr_line ocrx_word'/>
</head>
<body>
  <div class='ocr_page' id='page_1' title='image "./musaeherodoto01hero/musaeherodoto01hero_0679.png"; bbox 0 0 1909 3228; ppageno 0'>
   <div class='ocr_carea' id='block_1_1' title="bbox 571 216 1447 256">
    <p class='ocr_par' dir='ltr' id='par_1_1' title="bbox 571 216 1447 256">
     <span class='ocr_line' id='line_1_1' title="bbox 571 216 1447 256; baseline -0.001 0"><span class='ocrx_word' id='word_1_1' title='bbox 571 216 994 256; x_wconf 86' lang='lat' dir='ltr'>EUTERPE.</span> <span class='ocrx_word' id='word_1_2' title='bbox 1043 216 1088 254; x_wconf 90' lang='lat'>11.</span> <span class='ocrx_word' id='word_1_3' title='bbox 1363 216 1447 255; x_wconf 82' lang='lat'>665</span> 
     </span>
    </p>
   </div>
   <div class='ocr_carea' id='block_1_2' title="bbox 161 325 1503 543">
    <p class='ocr_par' dir='ltr' id='par_1_2' title="bbox 161 325 1503 543">
     <span class='ocr_line' id='line_1_2' title="bbox 196 325 1448 386; baseline -0.006 -12"><span class='ocrx_word' id='word_1_4' title='bbox 196 334 465 386; x_wconf 74' lang='grc' dir='ltr'><em>Βακχικοῖσι,</em></span> <span class='ocrx_word' id='word_1_5' title='bbox 501 330 622 372; x_wconf 83' lang='grc' dir='ltr'><em>έοῦσι</em></span> <span class='ocrx_word' id='word_1_6' title='bbox 653 328 697 372; x_wconf 79' lang='grc' dir='ltr'>δὲ</span> <span class='ocrx_word' id='word_1_7' title='bbox 727 327 1024 383; x_wconf 81' lang='grc' dir='ltr'>Αἰγυπτίοισι9</span> <span class='ocrx_word' id='word_1_8' title='bbox 1063 327 1137 369; x_wconf 84' lang='grc' dir='ltr'>καὶ</span> <span class='ocrx_word' id='word_1_9' title='bbox 1168 325 1448 379; x_wconf 79' lang='grc' dir='ltr'><em>Πυθαγορεί-</em></span> 
     </span>
     <span class='ocr_line' id='line_1_3' title="bbox 161 401 1448 465; baseline -0.004 -14"><span class='ocrx_word' id='word_1_10' title='bbox 161 413 295 454; x_wconf 88' lang='grc' dir='ltr'><em>4οισι.</em></span> <span class='ocrx_word' id='word_1_11' title='bbox 326 409 428 453; x_wconf 70' lang='grc' dir='ltr'>οὐδὲ</span> <span class='ocrx_word' id='word_1_12' title='bbox 452 410 533 465; x_wconf 83' lang='grc' dir='ltr'>γὰρ</span> <span class='ocrx_word' id='word_1_13' title='bbox 565 407 734 452; x_wconf 79' lang='grc' dir='ltr'><em>τούτων</em></span> <span class='ocrx_word' id='word_1_14' title='bbox 762 411 850 450; x_wconf 75' lang='grc' dir='ltr'>τῶν</span> <span class='ocrx_word' id='word_1_15' title='bbox 878 405 1037 462; x_wconf 79' lang='grc' dir='ltr'><em>ὀργίων</em></span> <span class='ocrx_word' id='word_1_16' title='bbox 1066 406 1295 462; x_wconf 82' lang='grc' dir='ltr'><strong><em>μετέχοντα</em></strong></span> <span class='ocrx_word' id='word_1_17' title='bbox 1321 401 1448 447; x_wconf 78' lang='grc' dir='ltr'><em>ὅσιόν</em></span> 
     </span>
     <span class='ocr_line' id='line_1_4' title="bbox 191 482 1503 543; baseline -0.005 -11"><span class='ocrx_word' id='word_1_18' title='bbox 191 488 277 532; x_wconf 75' lang='grc' dir='ltr'><em>ἐστι</em></span> <span class='ocrx_word' id='word_1_19' title='bbox 318 489 364 532; x_wconf 78' lang='grc' dir='ltr'>ἐν</span> <span class='ocrx_word' id='word_1_20' title='bbox 403 489 619 543; x_wconf 78' lang='grc' dir='ltr'><em>εἰρινέοισι</em></span> <span class='ocrx_word' id='word_1_21' title='bbox 667 490 810 542; x_wconf 73' lang='grc' dir='ltr'><em>εἵμασι</em></span> <span class='ocrx_word' id='word_1_22' title='bbox 857 490 1102 543; x_wconf 73' lang='grc' dir='ltr'><em>θαφθῆναι.</em></span> <span class='ocrx_word' id='word_1_23' title='bbox 1157 485 1245 528; x_wconf 75' lang='grc' dir='ltr'><em>ἔστι</em></span> <span class='ocrx_word' id='word_1_24' title='bbox 1276 484 1320 528; x_wconf 79' lang='grc' dir='ltr'>δὲ</span> <span class='ocrx_word' id='word_1_25' title='bbox 1350 482 1503 539; x_wconf 81' lang='grc' dir='ltr'><em>περὶ95</em></span> 
     </span>
    </p>
   </div>
   <div class='ocr_carea' id='block_1_3' title="bbox 192 566 895 624">
    <p class='ocr_par' dir='ltr' id='par_1_3' title="bbox 192 566 895 624">
     <span class='ocr_line' id='line_1_5' title="bbox 192 566 895 624; baseline -0.004 -13"><span class='ocrx_word' id='word_1_26' title='bbox 192 566 340 611; x_wconf 78' lang='grc' dir='ltr'><em>αὐτῶν</em></span> <span class='ocrx_word' id='word_1_27' title='bbox 369 569 462 623; x_wconf 79' lang='grc' dir='ltr'><em>ἱρὸς</em></span> <span class='ocrx_word' id='word_1_28' title='bbox 498 566 626 624; x_wconf 77' lang='grc' dir='ltr'><em>λόγος</em></span> <span class='ocrx_word' id='word_1_29' title='bbox 655 566 895 622; x_wconf 80' lang='grc' dir='ltr'><em>λεγόμενος.</em></span> 
     </span>
    </p>
   </div>
   <div class='ocr_carea' id='block_1_4' title="bbox 189 644 1781 808">
    <p class='ocr_par' dir='ltr' id='par_1_4' title="bbox 189 644 1781 808">
     <span class='ocr_line' id='line_1_6' title="bbox 1502 644 1779 672; baseline 0.004 -1"><span class='ocrx_word' id='word_1_30' title='bbox 1502 644 1623 671; x_wconf 68' lang='lat' dir='ltr'>Menses</span> <span class='ocrx_word' id='word_1_31' title='bbox 1650 648 1681 672; x_wconf 83' lang='lat' dir='ltr'>et</span> <span class='ocrx_word' id='word_1_32' title='bbox 1717 645 1779 672; x_wconf 73' lang='lat' dir='ltr'>dics</span> 
     </span>
     <span class='ocr_line' id='line_1_7' title="bbox 1502 679 1778 719; baseline 0.004 -15"><span class='ocrx_word' id='word_1_33' title='bbox 1502 679 1613 711; x_wconf 62' lang='lat' dir='ltr'>‚singuli</span> <span class='ocrx_word' id='word_1_34' title='bbox 1649 681 1778 719; x_wconf 44' lang='lat' dir='ltr'>sacratis</span> 
     </span>
     <span class='ocr_line' id='line_1_8' title="bbox 189 713 1781 807; baseline 0.002 -38"><span class='ocrx_word' id='word_1_35' title='bbox 189 728 279 782; x_wconf 85' lang='grc' dir='ltr'><em>μείς</em></span> <span class='ocrx_word' id='word_1_36' title='bbox 309 743 352 770; x_wconf 85' lang='grc' dir='ltr'>τε</span> <span class='ocrx_word' id='word_1_37' title='bbox 382 728 455 771; x_wconf 81' lang='grc' dir='ltr'>καὶ</span> <span class='ocrx_word' id='word_1_38' title='bbox 484 726 618 783; x_wconf 79' lang='grc' dir='ltr'><em>ἡμέρη</em></span> <span class='ocrx_word' id='word_1_39' title='bbox 661 725 816 781; x_wconf 78' lang='grc' dir='ltr'><em>ἑκάστη</em></span> <span class='ocrx_word' id='word_1_40' title='bbox 853 729 970 768; x_wconf 77' lang='grc' dir='ltr'><em>θεῶν</em></span> <span class='ocrx_word' id='word_1_41' title='bbox 999 723 1096 767; x_wconf 80' lang='grc' dir='ltr'><em>ὅτευ</em></span> <span class='ocrx_word' id='word_1_42' title='bbox 1128 725 1237 767; x_wconf 78' lang='grc' dir='ltr'><em>ἐστι’·</em></span> <span class='ocrx_word' id='word_1_43' title='bbox 1288 723 1360 767; x_wconf 77' lang='grc' dir='ltr'>καὶ</span> <span class='ocrx_word' id='word_1_44' title='bbox 1390 725 1443 779; x_wconf 79' lang='grc' dir='ltr'>τῇ</span> <span class='ocrx_word' id='word_1_45' title='bbox 1498 713 1781 807; x_wconf 45' lang='lat' dir='ltr'>ffij‘ss&#39;iiiroqi&#39;gaiiirlill}</span> 
     </span>
     <span class='ocr_line' id='line_1_9' title="bbox 1503 784 1682 808; baseline 0.006 -1"><span class='ocrx_word' id='word_1_46' title='bbox 1503 788 1518 807; x_wconf 88' lang='lat'>0</span> <span class='ocrx_word' id='word_1_47' title='bbox 1540 784 1682 808; x_wconf 60' lang='lat' dir='ltr'>sel&#39;l&#39;atlo·</span> 
     </span>
    </p>
   </div>
   <div class='ocr_carea' id='block_1_5' title="bbox 302 642 1441 701">
    <p class='ocr_par' dir='ltr' id='par_1_5' title="bbox 302 642 1441 701">
     <span class='ocr_line' id='line_1_10' title="bbox 302 642 1441 701; baseline -0.005 -10"><span class='ocrx_word' id='word_1_48' title='bbox 302 648 391 690; x_wconf 82' lang='grc' dir='ltr'>Καὶ</span> <span class='ocrx_word' id='word_1_49' title='bbox 431 645 532 691; x_wconf 82' lang='grc' dir='ltr'><em>τάδε</em></span> <span class='ocrx_word' id='word_1_50' title='bbox 571 647 679 690; x_wconf 74' lang='grc' dir='ltr'><em>ἄλλα</em></span> <span class='ocrx_word' id='word_1_51' title='bbox 715 647 991 701; x_wconf 79' lang='grc' dir='ltr'><em>Αἰγυπτίοισί</em></span> <span class='ocrx_word' id='word_1_52' title='bbox 1028 644 1116 688; x_wconf 80' lang='grc' dir='ltr'><em>ἐστι</em></span> <span class='ocrx_word' id='word_1_53' title='bbox 1160 642 1441 700; x_wconf 75' lang='grc' dir='ltr'><em>ἐξευρημένα·</em></span> 
     </span>
    </p>
   </div>
   <div class='ocr_carea' id='block_1_6' title="bbox 67 658 132 701">
    <p class='ocr_par' dir='ltr' id='par_1_6' title="bbox 67 658 132 701">
     <span class='ocr_line' id='line_1_11' title="bbox 67 658 132 701; baseline 0 0"><span class='ocrx_word' id='word_1_54' title='bbox 67 658 132 701; x_wconf 75' lang='grc'>82</span> 
     </span>
    </p>
   </div>
   <div class='ocr_carea' id='block_1_7' title="bbox 189 802 1445 862">
    <p class='ocr_par' dir='ltr' id='par_1_7' title="bbox 189 802 1445 862">
     <span class='ocr_line' id='line_1_12' title="bbox 189 802 1445 862; baseline -0.003 -13"><span class='ocrx_word' id='word_1_55' title='bbox 189 806 368 857; x_wconf 77' lang='grc' dir='ltr'><em>ἕκαστος</em></span> <span class='ocrx_word' id='word_1_56' title='bbox 404 805 541 862; x_wconf 79' lang='grc' dir='ltr'><em>ἡμέρῃ</em></span> <span class='ocrx_word' id='word_1_57' title='bbox 579 805 833 862; x_wconf 79' lang='grc' dir='ltr'><em>γενόμενος,</em></span> <span class='ocrx_word' id='word_1_58' title='bbox 887 803 1045 848; x_wconf 81' lang='grc' dir='ltr'><em>ὁτέοισι</em></span> <span class='ocrx_word' id='word_1_59' title='bbox 1075 804 1325 860; x_wconf 80' lang='grc' dir='ltr'><em>ἐγκυρήσει,</em></span> <span class='ocrx_word' id='word_1_60' title='bbox 1371 802 1445 846; x_wconf 81' lang='grc' dir='ltr'>καὶ</span> 
     </span>
    </p>
   </div>
   <div class='ocr_carea' id='block_1_8' title="bbox 131 1012 1505 1063">
    <p class='ocr_par' dir='ltr' id='par_1_8' title="bbox 131 1012 1505 1063">
     <span class='ocr_line' id='line_1_13' title="bbox 131 1012 1505 1063; baseline -0.004 -11"><span class='ocrx_word' id='word_1_61' title='bbox 131 1019 329 1062; x_wconf 87' lang='lat' dir='ltr'>memorat,</span> <span class='ocrx_word' id='word_1_62' title='bbox 358 1016 556 1053; x_wconf 87' lang='lat' dir='ltr'>tenendum</span> <span class='ocrx_word' id='word_1_63' title='bbox 578 1020 652 1062; x_wconf 83' lang='lat' dir='ltr'>est,</span> <span class='ocrx_word' id='word_1_64' title='bbox 682 1014 785 1051; x_wconf 88' lang='lat' dir='ltr'>huius</span> <span class='ocrx_word' id='word_1_65' title='bbox 853 1015 903 1052; x_wconf 87' lang='lat' dir='ltr'>tie</span> <span class='ocrx_word' id='word_1_66' title='bbox 939 1015 1162 1063; x_wconf 80' lang='lat' dir='ltr'><strong>gignentem.</strong></span> <span class='ocrx_word' id='word_1_67' title='bbox 1223 1014 1328 1057; x_wconf 86' lang='lat' dir='ltr'>Quae</span> <span class='ocrx_word' id='word_1_68' title='bbox 1371 1012 1505 1060; x_wconf 81' lang='lat' dir='ltr'>insigni</span> 
     </span>
    </p>
   </div>
   <div class='ocr_carea' id='block_1_9' title="bbox 130 1071 788 2924">
    <p class='ocr_par' dir='ltr' id='par_1_9' title="bbox 130 1071 786 1685">
     <span class='ocr_line' id='line_1_14' title="bbox 132 1071 786 1121; baseline -0.003 -12"><span class='ocrx_word' id='word_1_69' title='bbox 132 1071 346 1121; x_wconf 81' lang='lat' dir='ltr'>disciplinae</span> <span class='ocrx_word' id='word_1_70' title='bbox 390 1073 552 1109; x_wconf 80' lang='lat' dir='ltr'>instituta</span> <span class='ocrx_word' id='word_1_71' title='bbox 595 1072 786 1109; x_wconf 80' lang='lat' dir='ltr'>maximam</span> 
     </span>
     <span class='ocr_line' id='line_1_15' title="bbox 131 1129 786 1178; baseline 0.002 -14"><span class='ocrx_word' id='word_1_72' title='bbox 131 1133 273 1178; x_wconf 88' lang='lat' dir='ltr'>partem</span> <span class='ocrx_word' id='word_1_73' title='bbox 294 1129 448 1178; x_wconf 83' lang='lat' dir='ltr'>repetita</span> <span class='ocrx_word' id='word_1_74' title='bbox 466 1130 578 1166; x_wconf 69' lang='lat' dir='ltr'>videri</span> <span class='ocrx_word' id='word_1_75' title='bbox 600 1142 643 1166; x_wconf 78' lang='lat' dir='ltr'>ex</span> <span class='ocrx_word' id='word_1_76' title='bbox 664 1133 786 1166; x_wconf 69' lang='lat' dir='ltr'>vetere</span> 
     </span>
     <span class='ocr_line' id='line_1_16' title="bbox 132 1185 784 1235; baseline -0.002 -14"><span class='ocrx_word' id='word_1_77' title='bbox 132 1185 371 1233; x_wconf 86' lang='lat' dir='ltr'>Orphicorum</span> <span class='ocrx_word' id='word_1_78' title='bbox 384 1186 571 1235; x_wconf 71' lang='lat' dir='ltr'>disciplina</span> <span class='ocrx_word' id='word_1_79' title='bbox 590 1199 632 1222; x_wconf 88' lang='lat' dir='ltr'>ac</span> <span class='ocrx_word' id='word_1_80' title='bbox 649 1185 784 1221; x_wconf 88' lang='lat' dir='ltr'>doctri-</span> 
     </span>
     <span class='ocr_line' id='line_1_17' title="bbox 132 1242 784 1291; baseline 0 -14"><span class='ocrx_word' id='word_1_81' title='bbox 132 1254 200 1285; x_wconf 81' lang='lat' dir='ltr'>na3</span> <span class='ocrx_word' id='word_1_82' title='bbox 247 1242 344 1279; x_wconf 88' lang='lat' dir='ltr'>unde</span> <span class='ocrx_word' id='word_1_83' title='bbox 383 1244 499 1291; x_wconf 84' lang='lat' dir='ltr'>ipsum</span> <span class='ocrx_word' id='word_1_84' title='bbox 540 1242 784 1290; x_wconf 61' lang='lat' dir='ltr'>Pythagoram</span> 
     </span>
     <span class='ocr_line' id='line_1_18' title="bbox 132 1297 786 1347; baseline -0.002 -13"><span class='ocrx_word' id='word_1_85' title='bbox 132 1297 298 1347; x_wconf 81' lang='lat' dir='ltr'>Orphicis</span> <span class='ocrx_word' id='word_1_86' title='bbox 315 1300 493 1346; x_wconf 70' lang='lat' dir='ltr'>mysteriis</span> <span class='ocrx_word' id='word_1_87' title='bbox 514 1299 688 1334; x_wconf 83' lang='lat' dir='ltr'>initiatum</span> <span class='ocrx_word' id='word_1_88' title='bbox 708 1298 786 1333; x_wconf 65' lang='lat' dir='ltr'>vul-</span> 
     </span>
     <span class='ocr_line' id='line_1_19' title="bbox 133 1354 786 1403; baseline 0.002 -14"><span class='ocrx_word' id='word_1_89' title='bbox 133 1367 181 1402; x_wconf 81' lang='lat' dir='ltr'>go</span> <span class='ocrx_word' id='word_1_90' title='bbox 204 1354 397 1391; x_wconf 81' lang='lat' dir='ltr'>iactabant.</span> <span class='ocrx_word' id='word_1_91' title='bbox 456 1355 548 1401; x_wconf 83' lang='lat' dir='ltr'>His,</span> <span class='ocrx_word' id='word_1_92' title='bbox 573 1367 667 1403; x_wconf 83' lang='lat' dir='ltr'>quae</span> <span class='ocrx_word' id='word_1_93' title='bbox 687 1368 786 1391; x_wconf 86' lang='lat' dir='ltr'>sum-</span> 
     </span>
     <span class='ocr_line' id='line_1_20' title="bbox 130 1410 785 1460; baseline 0 -13"><span class='ocrx_word' id='word_1_94' title='bbox 130 1410 255 1447; x_wconf 89' lang='lat' dir='ltr'>matim</span> <span class='ocrx_word' id='word_1_95' title='bbox 276 1412 402 1459; x_wconf 89' lang='lat' dir='ltr'>posui,</span> <span class='ocrx_word' id='word_1_96' title='bbox 441 1411 544 1460; x_wconf 87' lang='lat' dir='ltr'>plura</span> <span class='ocrx_word' id='word_1_97' title='bbox 582 1416 691 1459; x_wconf 90' lang='lat' dir='ltr'>atque</span> <span class='ocrx_word' id='word_1_98' title='bbox 726 1423 785 1447; x_wconf 90' lang='lat' dir='ltr'>ac-</span> 
     </span>
     <span class='ocr_line' id='line_1_21' title="bbox 131 1466 784 1515; baseline -0.002 -12"><span class='ocrx_word' id='word_1_99' title='bbox 131 1466 311 1503; x_wconf 85' lang='lat' dir='ltr'>curatiora</span> <span class='ocrx_word' id='word_1_100' title='bbox 348 1467 408 1515; x_wconf 85' lang='lat' dir='ltr'>qui</span> <span class='ocrx_word' id='word_1_101' title='bbox 447 1467 631 1504; x_wconf 83' lang='lat' dir='ltr'>desideret</span> <span class='ocrx_word' id='word_1_102' title='bbox 646 1496 656 1513; x_wconf 91' lang='lat'>‚</span> <span class='ocrx_word' id='word_1_103' title='bbox 703 1480 784 1504; x_wconf 90' lang='lat' dir='ltr'>eum</span> 
     </span>
     <span class='ocr_line' id='line_1_22' title="bbox 131 1522 784 1571; baseline 0 -13"><span class='ocrx_word' id='word_1_104' title='bbox 131 1522 336 1571; x_wconf 81' lang='lat' dir='ltr'>ablegatum</span> <span class='ocrx_word' id='word_1_105' title='bbox 355 1523 519 1559; x_wconf 77' lang='lat' dir='ltr'>volumus</span> <span class='ocrx_word' id='word_1_106' title='bbox 541 1523 589 1559; x_wconf 88' lang='lat' dir='ltr'>ad</span> <span class='ocrx_word' id='word_1_107' title='bbox 612 1522 784 1560; x_wconf 89' lang='lat' dir='ltr'>Creuzeri</span> 
     </span>
     <span class='ocr_line' id='line_1_23' title="bbox 130 1579 781 1629; baseline 0.006 -13"><span class='ocrx_word' id='word_1_108' title='bbox 130 1579 293 1628; x_wconf 73' lang='lat' dir='ltr'>Symbol.</span> <span class='ocrx_word' id='word_1_109' title='bbox 312 1579 363 1616; x_wconf 88' lang='lat' dir='ltr'>III</span> <span class='ocrx_word' id='word_1_110' title='bbox 387 1592 472 1629; x_wconf 82' lang='lat' dir='ltr'>pag.</span> <span class='ocrx_word' id='word_1_111' title='bbox 490 1579 569 1620; x_wconf 85' lang='lat'>150</span> <span class='ocrx_word' id='word_1_112' title='bbox 591 1592 666 1628; x_wconf 87' lang='lat' dir='ltr'>seq.</span> <span class='ocrx_word' id='word_1_113' title='bbox 702 1580 781 1620; x_wconf 80' lang='lat'>163</span> 
     </span>
     <span class='ocr_line' id='line_1_24' title="bbox 130 1638 467 1685; baseline -0.006 -12"><span class='ocrx_word' id='word_1_114' title='bbox 130 1648 233 1685; x_wconf 90' lang='lat' dir='ltr'>seqq.</span> <span class='ocrx_word' id='word_1_115' title='bbox 264 1638 342 1676; x_wconf 88' lang='lat'>171</span> <span class='ocrx_word' id='word_1_116' title='bbox 364 1649 467 1685; x_wconf 86' lang='lat' dir='ltr'>seqq.</span> 
     </span>
    </p>

    <p class='ocr_par' dir='ltr' id='par_1_10' title="bbox 131 1687 788 2924">
     <span class='ocr_line' id='line_1_25' title="bbox 189 1687 784 1742; baseline 0 -12"><span class='ocrx_word' id='word_1_117' title='bbox 189 1687 303 1731; x_wconf 75' lang='grc' dir='ltr'><em>ὅσιόν</em></span> <span class='ocrx_word' id='word_1_118' title='bbox 329 1692 408 1731; x_wconf 79' lang='grc' dir='ltr'><em>ἐστι</em></span> <span class='ocrx_word' id='word_1_119' title='bbox 437 1692 479 1731; x_wconf 84' lang='grc' dir='ltr'>έν</span> <span class='ocrx_word' id='word_1_120' title='bbox 504 1690 703 1742; x_wconf 80' lang='grc' dir='ltr'><em>εἰρινέοισι</em></span> <span class='ocrx_word' id='word_1_121' title='bbox 733 1690 784 1730; x_wconf 81' lang='grc' dir='ltr'>εἵ-</span> 
     </span>
     <span class='ocr_line' id='line_1_26' title="bbox 133 1747 786 1799; baseline -0.002 -13"><span class='ocrx_word' id='word_1_122' title='bbox 133 1762 227 1799; x_wconf 78' lang='grc' dir='ltr'><em>μασι</em></span> <span class='ocrx_word' id='word_1_123' title='bbox 249 1751 484 1799; x_wconf 81' lang='grc' dir='ltr'><em>θαφθῆναι.</em></span> <span class='ocrx_word' id='word_1_124' title='bbox 523 1748 601 1787; x_wconf 75' lang='grc' dir='ltr'><em>ἔστι</em></span> <span class='ocrx_word' id='word_1_125' title='bbox 632 1747 672 1786; x_wconf 81' lang='grc' dir='ltr'>δὲ</span> <span class='ocrx_word' id='word_1_126' title='bbox 695 1747 786 1798; x_wconf 83' lang='grc' dir='ltr'><em>περὶ</em></span> 
     </span>
     <span class='ocr_line' id='line_1_27' title="bbox 133 1801 785 1857; baseline -0.002 -14"><span class='ocrx_word' id='word_1_127' title='bbox 133 1801 266 1844; x_wconf 73' lang='grc' dir='ltr'><em>αὐτῶν</em></span> <span class='ocrx_word' id='word_1_128' title='bbox 294 1803 378 1853; x_wconf 74' lang='grc' dir='ltr'><em>ἱρός</em></span> <span class='ocrx_word' id='word_1_129' title='bbox 406 1801 522 1857; x_wconf 77' lang='grc' dir='ltr'><em>λόγος</em></span> <span class='ocrx_word' id='word_1_130' title='bbox 550 1801 785 1855; x_wconf 79' lang='grc' dir='ltr'><em>λεγόμενος]</em></span> 
     </span>
     <span class='ocr_line' id='line_1_28' title="bbox 131 1861 787 1911; baseline 0 -14"><span class='ocrx_word' id='word_1_131' title='bbox 131 1861 216 1898; x_wconf 62' lang='lat' dir='ltr'>Vid.</span> <span class='ocrx_word' id='word_1_132' title='bbox 233 1861 280 1907; x_wconf 85' lang='lat' dir='ltr'>H,</span> <span class='ocrx_word' id='word_1_133' title='bbox 305 1865 371 1908; x_wconf 82' lang='lat'>37,</span> <span class='ocrx_word' id='word_1_134' title='bbox 388 1862 448 1898; x_wconf 82' lang='lat' dir='ltr'>ubi</span> <span class='ocrx_word' id='word_1_135' title='bbox 474 1862 683 1911; x_wconf 85' lang='lat' dir='ltr'>primarium</span> <span class='ocrx_word' id='word_1_136' title='bbox 700 1861 787 1897; x_wconf 78' lang='lat' dir='ltr'>Plu-</span> 
     </span>
     <span class='ocr_line' id='line_1_29' title="bbox 133 1917 785 1955; baseline -0.002 -1"><span class='ocrx_word' id='word_1_137' title='bbox 133 1918 245 1954; x_wconf 83' lang='lat' dir='ltr'>tarchi</span> <span class='ocrx_word' id='word_1_138' title='bbox 270 1917 385 1954; x_wconf 89' lang='lat' dir='ltr'>locum</span> <span class='ocrx_word' id='word_1_139' title='bbox 419 1919 465 1955; x_wconf 91' lang='lat' dir='ltr'>de</span> <span class='ocrx_word' id='word_1_140' title='bbox 489 1919 572 1955; x_wconf 82' lang='lat' dir='ltr'>lsid.</span> <span class='ocrx_word' id='word_1_141' title='bbox 594 1924 629 1954; x_wconf 86' lang='lat' dir='ltr'>et</span> <span class='ocrx_word' id='word_1_142' title='bbox 651 1918 785 1954; x_wconf 83' lang='lat' dir='ltr'>Osirid.</span> 
     </span>
     <span class='ocr_line' id='line_1_30' title="bbox 133 1974 785 2024; baseline -0.002 -14"><span class='ocrx_word' id='word_1_143' title='bbox 133 1988 170 2024; x_wconf 89' lang='lat' dir='ltr'>p.</span> <span class='ocrx_word' id='word_1_144' title='bbox 193 1976 297 2020; x_wconf 76' lang='lat'>352,</span> <span class='ocrx_word' id='word_1_145' title='bbox 325 1975 367 2010; x_wconf 92' lang='lat' dir='ltr'>C.</span> <span class='ocrx_word' id='word_1_146' title='bbox 387 1974 420 2010; x_wconf 93' lang='lat' dir='ltr'>D</span> <span class='ocrx_word' id='word_1_147' title='bbox 457 1975 527 2011; x_wconf 87' lang='lat' dir='ltr'>iam</span> <span class='ocrx_word' id='word_1_148' title='bbox 549 1974 785 2010; x_wconf 70' lang='lat' dir='ltr'>laudavimus.</span> 
     </span>
     <span class='ocr_line' id='line_1_31' title="bbox 136 2030 785 2073; baseline 0 -7"><span class='ocrx_word' id='word_1_149' title='bbox 136 2031 208 2073; x_wconf 85' lang='lat' dir='ltr'>Qui</span> <span class='ocrx_word' id='word_1_150' title='bbox 226 2043 347 2067; x_wconf 72' lang='lat' dir='ltr'>veram</span> <span class='ocrx_word' id='word_1_151' title='bbox 378 2030 481 2067; x_wconf 88' lang='lat' dir='ltr'>huius</span> <span class='ocrx_word' id='word_1_152' title='bbox 509 2031 618 2067; x_wconf 87' lang='lat' dir='ltr'>moris</span> <span class='ocrx_word' id='word_1_153' title='bbox 641 2043 785 2067; x_wconf 85' lang='lat' dir='ltr'>causam</span> 
     </span>
     <span class='ocr_line' id='line_1_32' title="bbox 134 2088 786 2137; baseline -0.002 -14"><span class='ocrx_word' id='word_1_154' title='bbox 134 2100 213 2124; x_wconf 89' lang='lat' dir='ltr'>eam</span> <span class='ocrx_word' id='word_1_155' title='bbox 253 2100 332 2123; x_wconf 85' lang='lat' dir='ltr'>esse</span> <span class='ocrx_word' id='word_1_156' title='bbox 362 2088 484 2136; x_wconf 85' lang='lat' dir='ltr'>ponit,</span> <span class='ocrx_word' id='word_1_157' title='bbox 523 2088 622 2136; x_wconf 88' lang='lat' dir='ltr'>quod</span> <span class='ocrx_word' id='word_1_158' title='bbox 657 2100 786 2137; x_wconf 86' lang='lat' dir='ltr'>purum</span> 
     </span>
     <span class='ocr_line' id='line_1_33' title="bbox 132 2142 787 2193; baseline 0 -14"><span class='ocrx_word' id='word_1_159' title='bbox 132 2145 235 2191; x_wconf 80' lang='lat' dir='ltr'>tangi</span> <span class='ocrx_word' id='word_1_160' title='bbox 254 2156 275 2179; x_wconf 91' lang='lat' dir='ltr'>a</span> <span class='ocrx_word' id='word_1_161' title='bbox 293 2156 367 2179; x_wconf 90' lang='lat' dir='ltr'>non</span> <span class='ocrx_word' id='word_1_162' title='bbox 388 2157 479 2193; x_wconf 89' lang='lat' dir='ltr'>puro</span> <span class='ocrx_word' id='word_1_163' title='bbox 503 2144 548 2180; x_wconf 88' lang='lat' dir='ltr'>sit</span> <span class='ocrx_word' id='word_1_164' title='bbox 566 2144 682 2180; x_wconf 81' lang='lat' dir='ltr'>nefas.</span> <span class='ocrx_word' id='word_1_165' title='bbox 714 2142 787 2179; x_wconf 89' lang='lat' dir='ltr'>La-</span> 
     </span>
     <span class='ocr_line' id='line_1_34' title="bbox 132 2200 786 2237; baseline -0.002 -1"><span class='ocrx_word' id='word_1_166' title='bbox 132 2213 181 2236; x_wconf 92' lang='lat' dir='ltr'>na</span> <span class='ocrx_word' id='word_1_167' title='bbox 201 2201 294 2236; x_wconf 91' lang='lat' dir='ltr'>enim</span> <span class='ocrx_word' id='word_1_168' title='bbox 324 2213 401 2236; x_wconf 89' lang='lat' dir='ltr'>cum</span> <span class='ocrx_word' id='word_1_169' title='bbox 432 2213 475 2237; x_wconf 81' lang='lat' dir='ltr'>ex</span> <span class='ocrx_word' id='word_1_170' title='bbox 500 2200 705 2236; x_wconf 84' lang='lat' dir='ltr'>animalium</span> <span class='ocrx_word' id='word_1_171' title='bbox 725 2212 786 2236; x_wconf 87' lang='lat' dir='ltr'>ex-</span> 
     </span>
     <span class='ocr_line' id='line_1_35' title="bbox 132 2256 788 2304; baseline 0.002 -12"><span class='ocrx_word' id='word_1_172' title='bbox 132 2257 322 2293; x_wconf 88' lang='lat' dir='ltr'>crementis</span> <span class='ocrx_word' id='word_1_173' title='bbox 357 2262 528 2293; x_wconf 83' lang='lat' dir='ltr'>nascatur</span> <span class='ocrx_word' id='word_1_174' title='bbox 568 2256 788 2304; x_wconf 84' lang='lat' dir='ltr'>minimeque</span> 
     </span>
     <span class='ocr_line' id='line_1_36' title="bbox 131 2312 781 2363; baseline 0 -15"><span class='ocrx_word' id='word_1_175' title='bbox 131 2312 219 2349; x_wconf 85' lang='lat' dir='ltr'>inde</span> <span class='ocrx_word' id='word_1_176' title='bbox 236 2313 283 2348; x_wconf 87' lang='lat' dir='ltr'>ad</span> <span class='ocrx_word' id='word_1_177' title='bbox 302 2325 393 2361; x_wconf 85' lang='lat' dir='ltr'>pura</span> <span class='ocrx_word' id='word_1_178' title='bbox 412 2314 607 2363; x_wconf 83' lang='lat' dir='ltr'>pertineat,</span> <span class='ocrx_word' id='word_1_179' title='bbox 618 2314 781 2362; x_wconf 88' lang='lat' dir='ltr'>profecto</span> 
     </span>
     <span class='ocr_line' id='line_1_37' title="bbox 132 2369 782 2406; baseline 0 -2"><span class='ocrx_word' id='word_1_180' title='bbox 132 2381 207 2404; x_wconf 92' lang='lat' dir='ltr'>non</span> <span class='ocrx_word' id='word_1_181' title='bbox 239 2373 521 2406; x_wconf 88' lang='lat' dir='ltr'>consentaneum</span> <span class='ocrx_word' id='word_1_182' title='bbox 551 2382 631 2406; x_wconf 86' lang='lat' dir='ltr'>eam</span> <span class='ocrx_word' id='word_1_183' title='bbox 667 2369 711 2405; x_wconf 93' lang='lat' dir='ltr'>ab</span> <span class='ocrx_word' id='word_1_184' title='bbox 740 2369 782 2405; x_wconf 85' lang='lat' dir='ltr'>iis</span> 
     </span>
     <span class='ocr_line' id='line_1_38' title="bbox 135 2425 783 2474; baseline 0 -14"><span class='ocrx_word' id='word_1_185' title='bbox 135 2425 295 2471; x_wconf 85' lang='lat' dir='ltr'>gestari,</span> <span class='ocrx_word' id='word_1_186' title='bbox 328 2425 389 2472; x_wconf 91' lang='lat' dir='ltr'>qui</span> <span class='ocrx_word' id='word_1_187' title='bbox 407 2438 514 2473; x_wconf 89' lang='lat' dir='ltr'>quam</span> <span class='ocrx_word' id='word_1_188' title='bbox 536 2426 688 2461; x_wconf 83' lang='lat' dir='ltr'>maxime</span> <span class='ocrx_word' id='word_1_189' title='bbox 703 2425 783 2474; x_wconf 84' lang='lat' dir='ltr'>puri</span> 
     </span>
     <span class='ocr_line' id='line_1_39' title="bbox 135 2481 784 2527; baseline 0.003 -12"><span class='ocrx_word' id='word_1_190' title='bbox 135 2484 245 2527; x_wconf 87' lang='lat' dir='ltr'>atque</span> <span class='ocrx_word' id='word_1_191' title='bbox 274 2481 363 2516; x_wconf 85' lang='lat' dir='ltr'>casti</span> <span class='ocrx_word' id='word_1_192' title='bbox 388 2482 525 2527; x_wconf 53' lang='lat' dir='ltr'>oderi,</span> <span class='ocrx_word' id='word_1_193' title='bbox 568 2485 603 2518; x_wconf 93' lang='lat' dir='ltr'>et</span> <span class='ocrx_word' id='word_1_194' title='bbox 633 2495 671 2518; x_wconf 91' lang='lat' dir='ltr'>re</span> <span class='ocrx_word' id='word_1_195' title='bbox 699 2494 784 2518; x_wconf 81' lang='lat' dir='ltr'>vera</span> 
     </span>
     <span class='ocr_line' id='line_1_40' title="bbox 132 2536 784 2586; baseline 0.005 -16"><span class='ocrx_word' id='word_1_196' title='bbox 132 2536 280 2584; x_wconf 86' lang='lat' dir='ltr'>puritati</span> <span class='ocrx_word' id='word_1_197' title='bbox 310 2540 347 2572; x_wconf 85' lang='lat' dir='ltr'>et</span> <span class='ocrx_word' id='word_1_198' title='bbox 380 2538 540 2586; x_wconf 87' lang='lat' dir='ltr'>corporis</span> <span class='ocrx_word' id='word_1_199' title='bbox 579 2543 615 2574; x_wconf 86' lang='lat' dir='ltr'>et</span> <span class='ocrx_word' id='word_1_200' title='bbox 644 2550 784 2573; x_wconf 86' lang='lat' dir='ltr'>morum</span> 
     </span>
     <span class='ocr_line' id='line_1_41' title="bbox 135 2592 784 2640; baseline 0.003 -13"><span class='ocrx_word' id='word_1_201' title='bbox 135 2592 281 2628; x_wconf 85' lang='lat' dir='ltr'>studere</span> <span class='ocrx_word' id='word_1_202' title='bbox 305 2592 472 2630; x_wconf 86' lang='lat' dir='ltr'>debeant.</span> <span class='ocrx_word' id='word_1_203' title='bbox 529 2594 659 2631; x_wconf 84' lang='lat' dir='ltr'>Linum</span> <span class='ocrx_word' id='word_1_204' title='bbox 684 2606 784 2640; x_wconf 69' lang='lat' dir='ltr'>vero,</span> 
     </span>
     <span class='ocr_line' id='line_1_42' title="bbox 136 2648 782 2695; baseline 0.005 -14"><span class='ocrx_word' id='word_1_205' title='bbox 136 2648 234 2695; x_wconf 86' lang='lat' dir='ltr'>quod</span> <span class='ocrx_word' id='word_1_206' title='bbox 254 2652 380 2684; x_wconf 86' lang='lat' dir='ltr'>eterra</span> <span class='ocrx_word' id='word_1_207' title='bbox 402 2655 569 2687; x_wconf 67' lang='lat' dir='ltr'>nascatur</span> <span class='ocrx_word' id='word_1_208' title='bbox 579 2649 782 2694; x_wconf 82' lang='lat' dir='ltr'>immortali,</span> 
     </span>
     <span class='ocr_line' id='line_1_43' title="bbox 134 2704 787 2755; baseline 0.008 -17"><span class='ocrx_word' id='word_1_209' title='bbox 134 2709 273 2740; x_wconf 86' lang='lat' dir='ltr'>vestem</span> <span class='ocrx_word' id='word_1_210' title='bbox 305 2704 471 2743; x_wconf 83' lang='lat' dir='ltr'>exhibere</span> <span class='ocrx_word' id='word_1_211' title='bbox 499 2719 625 2755; x_wconf 89' lang='lat' dir='ltr'>puram</span> <span class='ocrx_word' id='word_1_212' title='bbox 655 2719 697 2742; x_wconf 89' lang='lat' dir='ltr'>ac</span> <span class='ocrx_word' id='word_1_213' title='bbox 729 2710 787 2743; x_wconf 88' lang='lat' dir='ltr'>te-</span> 
     </span>
     <span class='ocr_line' id='line_1_44' title="bbox 134 2760 786 2806; baseline 0.005 -11"><span class='ocrx_word' id='word_1_214' title='bbox 134 2772 241 2796; x_wconf 89' lang='lat' dir='ltr'>nuem</span> <span class='ocrx_word' id='word_1_215' title='bbox 253 2788 263 2806; x_wconf 90' lang='lat'>‚</span> <span class='ocrx_word' id='word_1_216' title='bbox 282 2760 487 2798; x_wconf 84' lang='lat' dir='ltr'>animalium</span> <span class='ocrx_word' id='word_1_217' title='bbox 508 2762 732 2799; x_wconf 88' lang='lat' dir='ltr'>immunditie</span> <span class='ocrx_word' id='word_1_218' title='bbox 750 2768 786 2799; x_wconf 86' lang='lat' dir='ltr'>et</span> 
     </span>
     <span class='ocr_line' id='line_1_45' title="bbox 135 2817 786 2855; baseline 0.006 -5"><span class='ocrx_word' id='word_1_219' title='bbox 135 2817 369 2852; x_wconf 78' lang='lat' dir='ltr'>excrementis</span> <span class='ocrx_word' id='word_1_220' title='bbox 403 2817 499 2854; x_wconf 90' lang='lat' dir='ltr'>haud</span> <span class='ocrx_word' id='word_1_221' title='bbox 524 2818 692 2855; x_wconf 84' lang='lat' dir='ltr'>infectam</span> <span class='ocrx_word' id='word_1_222' title='bbox 719 2831 786 2855; x_wconf 88' lang='lat' dir='ltr'>nee</span> 
     </span>
     <span class='ocr_line' id='line_1_46' title="bbox 135 2871 786 2924; baseline 0.003 -16"><span class='ocrx_word' id='word_1_223' title='bbox 135 2871 253 2922; x_wconf 87' lang='lat' dir='ltr'>ipsam</span> <span class='ocrx_word' id='word_1_224' title='bbox 281 2873 448 2911; x_wconf 80' lang='lat' dir='ltr'>animalia</span> <span class='ocrx_word' id='word_1_225' title='bbox 474 2887 565 2924; x_wconf 87' lang='lat' dir='ltr'>prae</span> <span class='ocrx_word' id='word_1_226' title='bbox 595 2874 786 2912; x_wconf 79' lang='lat' dir='ltr'>immundi-</span> 
     </span>
    </p>
   </div>
   <div class='ocr_carea' id='block_1_10' title="bbox 851 1068 1509 1570">
    <p class='ocr_par' dir='ltr' id='par_1_11' title="bbox 851 1068 1509 1570">
     <span class='ocr_line' id='line_1_47' title="bbox 853 1068 1503 1121; baseline -0.006 -13"><span class='ocrx_word' id='word_1_227' title='bbox 853 1071 996 1121; x_wconf 85' lang='lat' dir='ltr'>Apuleii</span> <span class='ocrx_word' id='word_1_228' title='bbox 1017 1071 1095 1108; x_wconf 85' lang='lat' dir='ltr'>loco</span> <span class='ocrx_word' id='word_1_229' title='bbox 1129 1072 1165 1106; x_wconf 89' lang='lat' dir='ltr'>iu</span> <span class='ocrx_word' id='word_1_230' title='bbox 1187 1070 1334 1120; x_wconf 80' lang='lat' dir='ltr'>apolog.</span> <span class='ocrx_word' id='word_1_231' title='bbox 1362 1082 1399 1118; x_wconf 89' lang='lat' dir='ltr'>p.</span> <span class='ocrx_word' id='word_1_232' title='bbox 1421 1068 1503 1108; x_wconf 82' lang='grc'>495</span> 
     </span>
     <span class='ocr_line' id='line_1_48' title="bbox 855 1124 1502 1178; baseline -0.005 -15"><span class='ocrx_word' id='word_1_233' title='bbox 855 1128 990 1178; x_wconf 90' lang='lat' dir='ltr'>optime</span> <span class='ocrx_word' id='word_1_234' title='bbox 1017 1127 1285 1164; x_wconf 84' lang='lat' dir='ltr'>confirmantur.</span> <span class='ocrx_word' id='word_1_235' title='bbox 1350 1124 1502 1170; x_wconf 84' lang='lat' dir='ltr'>Lanam,</span> 
     </span>
     <span class='ocr_line' id='line_1_49' title="bbox 855 1183 1504 1233; baseline -0.008 -12"><span class='ocrx_word' id='word_1_236' title='bbox 855 1185 1106 1232; x_wconf 78' lang='lat' dir='ltr'>segnissimam</span> <span class='ocrx_word' id='word_1_237' title='bbox 1126 1183 1284 1233; x_wconf 81' lang='lat' dir='ltr'>corporis</span> <span class='ocrx_word' id='word_1_238' title='bbox 1298 1194 1504 1219; x_wconf 80' lang='lat' dir='ltr'>excremen-</span> 
     </span>
     <span class='ocr_line' id='line_1_50' title="bbox 853 1238 1503 1291; baseline -0.006 -15"><span class='ocrx_word' id='word_1_239' title='bbox 853 1246 928 1277; x_wconf 89' lang='lat' dir='ltr'>tum</span> <span class='ocrx_word' id='word_1_240' title='bbox 943 1270 953 1287; x_wconf 83' lang='lat'>,</span> <span class='ocrx_word' id='word_1_241' title='bbox 995 1240 1118 1291; x_wconf 90' lang='lat' dir='ltr'>pecori</span> <span class='ocrx_word' id='word_1_242' title='bbox 1156 1241 1353 1277; x_wconf 84' lang='lat' dir='ltr'>detractam</span> <span class='ocrx_word' id='word_1_243' title='bbox 1374 1267 1385 1284; x_wconf 80' lang='lat'>‚</span> <span class='ocrx_word' id='word_1_244' title='bbox 1432 1238 1503 1273; x_wconf 86' lang='lat' dir='ltr'>iam</span> 
     </span>
     <span class='ocr_line' id='line_1_51' title="bbox 852 1294 1505 1346; baseline -0.006 -13"><span class='ocrx_word' id='word_1_245' title='bbox 852 1297 938 1334; x_wconf 87' lang='lat' dir='ltr'>inde</span> <span class='ocrx_word' id='word_1_246' title='bbox 969 1298 1013 1333; x_wconf 89' lang='lat' dir='ltr'>ab</span> <span class='ocrx_word' id='word_1_247' title='bbox 1042 1297 1180 1346; x_wconf 85' lang='lat' dir='ltr'>Orphei</span> <span class='ocrx_word' id='word_1_248' title='bbox 1210 1301 1245 1333; x_wconf 89' lang='lat' dir='ltr'>et</span> <span class='ocrx_word' id='word_1_249' title='bbox 1273 1294 1505 1343; x_wconf 63' lang='lat' dir='ltr'>Pythagorae</span> 
     </span>
     <span class='ocr_line' id='line_1_52' title="bbox 852 1354 1506 1402; baseline -0.003 -13"><span class='ocrx_word' id='word_1_250' title='bbox 852 1358 974 1390; x_wconf 84' lang='lat' dir='ltr'>aetate</span> <span class='ocrx_word' id='word_1_251' title='bbox 1003 1354 1088 1389; x_wconf 90' lang='lat' dir='ltr'>dicit</span> <span class='ocrx_word' id='word_1_252' title='bbox 1117 1354 1309 1402; x_wconf 86' lang='lat' dir='ltr'>profanum</span> <span class='ocrx_word' id='word_1_253' title='bbox 1334 1363 1416 1388; x_wconf 79' lang='lat' dir='ltr'>esse</span> <span class='ocrx_word' id='word_1_254' title='bbox 1443 1363 1506 1387; x_wconf 79' lang='lat' dir='ltr'>ve-</span> 
     </span>
     <span class='ocr_line' id='line_1_53' title="bbox 853 1409 1507 1446; baseline -0.003 -1"><span class='ocrx_word' id='word_1_255' title='bbox 853 1411 987 1445; x_wconf 84' lang='lat' dir='ltr'>stitum.</span> <span class='ocrx_word' id='word_1_256' title='bbox 1039 1409 1115 1445; x_wconf 89' lang='lat' dir='ltr'>Sed</span> <span class='ocrx_word' id='word_1_257' title='bbox 1135 1409 1409 1446; x_wconf 81' lang='lat' dir='ltr'>mundissimam</span> <span class='ocrx_word' id='word_1_258' title='bbox 1426 1420 1507 1444; x_wconf 83' lang='lat' dir='ltr'>csse</span> 
     </span>
     <span class='ocr_line' id='line_1_54' title="bbox 851 1464 1509 1513; baseline -0.005 -12"><span class='ocrx_word' id='word_1_259' title='bbox 851 1465 913 1501; x_wconf 88' lang='lat' dir='ltr'>lini</span> <span class='ocrx_word' id='word_1_260' title='bbox 936 1470 1120 1513; x_wconf 81' lang='lat' dir='ltr'>segetem,</span> <span class='ocrx_word' id='word_1_261' title='bbox 1141 1465 1235 1501; x_wconf 91' lang='lat' dir='ltr'>inter</span> <span class='ocrx_word' id='word_1_262' title='bbox 1257 1464 1412 1513; x_wconf 85' lang='lat' dir='ltr'>optimas</span> <span class='ocrx_word' id='word_1_263' title='bbox 1434 1464 1509 1499; x_wconf 87' lang='lat' dir='ltr'>fru-</span> 
     </span>
     <span class='ocr_line' id='line_1_55' title="bbox 852 1524 1329 1570; baseline -0.004 -11"><span class='ocrx_word' id='word_1_264' title='bbox 852 1534 917 1570; x_wconf 86' lang='lat' dir='ltr'>ges</span> <span class='ocrx_word' id='word_1_265' title='bbox 939 1526 1057 1558; x_wconf 88' lang='lat' dir='ltr'>terrae</span> <span class='ocrx_word' id='word_1_266' title='bbox 1080 1525 1242 1558; x_wconf 75' lang='lat' dir='ltr'>exortam</span> <span class='ocrx_word' id='word_1_267' title='bbox 1262 1524 1329 1557; x_wconf 89' lang='lat' dir='ltr'>etc.</span> 
     </span>
    </p>
   </div>
   <div class='ocr_carea' id='block_1_11' title="bbox 1021 1604 1349 1656">
    <p class='ocr_par' dir='ltr' id='par_1_12' title="bbox 1021 1604 1349 1656">
     <span class='ocr_line' id='line_1_56' title="bbox 1021 1604 1349 1656; baseline -0.003 -14"><span class='ocrx_word' id='word_1_268' title='bbox 1021 1606 1084 1642; x_wconf 74' lang='lat' dir='ltr'>Ca</span> <span class='ocrx_word' id='word_1_269' title='bbox 1092 1619 1129 1656; x_wconf 83' lang='lat' dir='ltr'>p.</span> <span class='ocrx_word' id='word_1_270' title='bbox 1159 1604 1349 1642; x_wconf 86' lang='lat' dir='ltr'><strong>LXXXII.</strong></span> 
     </span>
    </p>
   </div>
   <div class='ocr_carea' id='block_1_12' title="bbox 850 1687 1508 2923">
    <p class='ocr_par' dir='ltr' id='par_1_13' title="bbox 850 1687 1508 2752">
     <span class='ocr_line' id='line_1_57' title="bbox 911 1687 1506 1740; baseline 0 -13"><span class='ocrx_word' id='word_1_271' title='bbox 911 1690 996 1740; x_wconf 83' lang='grc' dir='ltr'><em>μείς</em></span> <span class='ocrx_word' id='word_1_272' title='bbox 1019 1704 1058 1729; x_wconf 89' lang='grc' dir='ltr'>τε</span> <span class='ocrx_word' id='word_1_273' title='bbox 1078 1687 1144 1728; x_wconf 81' lang='grc' dir='ltr'>καὶ</span> <span class='ocrx_word' id='word_1_274' title='bbox 1174 1687 1304 1740; x_wconf 71' lang='grc' dir='ltr'><em>’ἡμέρη</em></span> <span class='ocrx_word' id='word_1_275' title='bbox 1326 1711 1383 1717; x_wconf 87' lang='lat'>—</span> <span class='ocrx_word' id='word_1_276' title='bbox 1403 1687 1506 1739; x_wconf 80' lang='grc' dir='ltr'><em>ἔστί]</em></span> 
     </span>
     <span class='ocr_line' id='line_1_58' title="bbox 854 1742 1508 1797; baseline 0 -15"><span class='ocrx_word' id='word_1_277' title='bbox 854 1746 938 1783; x_wconf 85' lang='lat' dir='ltr'>Seil.</span> <span class='ocrx_word' id='word_1_278' title='bbox 971 1742 1050 1797; x_wconf 79' lang='grc' dir='ltr'><em>ἱρή.</em></span> <span class='ocrx_word' id='word_1_279' title='bbox 1122 1746 1163 1781; x_wconf 86' lang='lat' dir='ltr'>Si</span> <span class='ocrx_word' id='word_1_280' title='bbox 1191 1751 1288 1783; x_wconf 85' lang='lat' dir='ltr'>recte</span> <span class='ocrx_word' id='word_1_281' title='bbox 1313 1746 1508 1796; x_wconf 74' lang='lat' dir='ltr'>disputavit</span> 
     </span>
     <span class='ocr_line' id='line_1_59' title="bbox 854 1801 1507 1848; baseline 0.002 -11"><span class='ocrx_word' id='word_1_282' title='bbox 854 1801 984 1848; x_wconf 83' lang='lat' dir='ltr'>Miot.‚</span> <span class='ocrx_word' id='word_1_283' title='bbox 1018 1803 1143 1839; x_wconf 84' lang='lat' dir='ltr'>Gallus</span> <span class='ocrx_word' id='word_1_284' title='bbox 1177 1802 1358 1839; x_wconf 87' lang='lat' dir='ltr'>Herodoti</span> <span class='ocrx_word' id='word_1_285' title='bbox 1393 1803 1507 1840; x_wconf 87' lang='lat' dir='ltr'>iuter-</span> 
     </span>
     <span class='ocr_line' id='line_1_60' title="bbox 853 1859 1506 1910; baseline -0.002 -15"><span class='ocrx_word' id='word_1_286' title='bbox 853 1873 960 1910; x_wconf 85' lang='lat' dir='ltr'>pres,</span> <span class='ocrx_word' id='word_1_287' title='bbox 999 1859 1088 1896; x_wconf 88' lang='lat' dir='ltr'>haec</span> <span class='ocrx_word' id='word_1_288' title='bbox 1117 1863 1257 1895; x_wconf 89' lang='lat' dir='ltr'>tantum</span> <span class='ocrx_word' id='word_1_289' title='bbox 1282 1860 1328 1896; x_wconf 93' lang='lat' dir='ltr'>de</span> <span class='ocrx_word' id='word_1_290' title='bbox 1357 1859 1506 1906; x_wconf 77' lang='lat' dir='ltr'>singulis</span> 
     </span>
     <span class='ocr_line' id='line_1_61' title="bbox 854 1915 1507 1965; baseline -0.003 -12"><span class='ocrx_word' id='word_1_291' title='bbox 854 1916 1027 1964; x_wconf 86' lang='lat' dir='ltr'>cuiusque</span> <span class='ocrx_word' id='word_1_292' title='bbox 1078 1915 1317 1952; x_wconf 84' lang='lat' dir='ltr'>hebdomadis</span> <span class='ocrx_word' id='word_1_293' title='bbox 1367 1919 1507 1965; x_wconf 83' lang='lat' dir='ltr'>septem</span> 
     </span>
     <span class='ocr_line' id='line_1_62' title="bbox 854 1971 1505 2020; baseline -0.003 -11"><span class='ocrx_word' id='word_1_294' title='bbox 854 1973 980 2009; x_wconf 78' lang='lat' dir='ltr'>diebus</span> <span class='ocrx_word' id='word_1_295' title='bbox 1012 1971 1269 2020; x_wconf 81' lang='lat' dir='ltr'>intelligenda,</span> <span class='ocrx_word' id='word_1_296' title='bbox 1308 1985 1428 2020; x_wconf 89' lang='lat' dir='ltr'>neque</span> <span class='ocrx_word' id='word_1_297' title='bbox 1459 1972 1505 2008; x_wconf 93' lang='lat' dir='ltr'>de</span> 
     </span>
     <span class='ocr_line' id='line_1_63' title="bbox 855 2028 1505 2077; baseline 0 -13"><span class='ocrx_word' id='word_1_298' title='bbox 855 2029 1025 2065; x_wconf 86' lang='lat' dir='ltr'>contiuua</span> <span class='ocrx_word' id='word_1_299' title='bbox 1046 2029 1184 2064; x_wconf 84' lang='lat' dir='ltr'>dierum</span> <span class='ocrx_word' id='word_1_300' title='bbox 1206 2028 1297 2065; x_wconf 86' lang='lat' dir='ltr'>serie</span> <span class='ocrx_word' id='word_1_301' title='bbox 1312 2041 1377 2077; x_wconf 88' lang='lat' dir='ltr'>per</span> <span class='ocrx_word' id='word_1_302' title='bbox 1391 2032 1505 2064; x_wconf 88' lang='lat' dir='ltr'>totum</span> 
     </span>
     <span class='ocr_line' id='line_1_64' title="bbox 855 2084 1507 2122; baseline -0.002 -1"><span class='ocrx_word' id='word_1_303' title='bbox 855 2098 1000 2122; x_wconf 88' lang='lat' dir='ltr'>anuum.</span> <span class='ocrx_word' id='word_1_304' title='bbox 1060 2085 1153 2120; x_wconf 87' lang='lat' dir='ltr'>Sunt</span> <span class='ocrx_word' id='word_1_305' title='bbox 1183 2097 1267 2121; x_wconf 75' lang='lat' dir='ltr'>vero</span> <span class='ocrx_word' id='word_1_306' title='bbox 1292 2084 1381 2121; x_wconf 90' lang='lat' dir='ltr'>haec</span> <span class='ocrx_word' id='word_1_307' title='bbox 1409 2088 1507 2121; x_wconf 89' lang='lat' dir='ltr'>arcte</span> 
     </span>
     <span class='ocr_line' id='line_1_65' title="bbox 857 2139 1508 2188; baseline 0 -11"><span class='ocrx_word' id='word_1_308' title='bbox 857 2142 1048 2178; x_wconf 88' lang='lat' dir='ltr'>coniuncta</span> <span class='ocrx_word' id='word_1_309' title='bbox 1079 2153 1157 2177; x_wconf 87' lang='lat' dir='ltr'>cum</span> <span class='ocrx_word' id='word_1_310' title='bbox 1182 2140 1351 2177; x_wconf 75' lang='lat' dir='ltr'>universa</span> <span class='ocrx_word' id='word_1_311' title='bbox 1382 2139 1508 2188; x_wconf 83' lang='lat' dir='ltr'>Aegy-</span> 
     </span>
     <span class='ocr_line' id='line_1_66' title="bbox 855 2196 1506 2248; baseline -0.002 -15"><span class='ocrx_word' id='word_1_312' title='bbox 855 2198 1012 2248; x_wconf 88' lang='lat' dir='ltr'>ptiorum</span> <span class='ocrx_word' id='word_1_313' title='bbox 1041 2197 1235 2246; x_wconf 78' lang='lat' dir='ltr'>religione,</span> <span class='ocrx_word' id='word_1_314' title='bbox 1265 2197 1301 2232; x_wconf 85' lang='lat' dir='ltr'>in</span> <span class='ocrx_word' id='word_1_315' title='bbox 1332 2210 1401 2245; x_wconf 90' lang='lat' dir='ltr'>qua</span> <span class='ocrx_word' id='word_1_316' title='bbox 1424 2196 1506 2246; x_wconf 89' lang='lat' dir='ltr'>plu-</span> 
     </span>
     <span class='ocr_line' id='line_1_67' title="bbox 856 2253 1507 2290; baseline -0.003 0"><span class='ocrx_word' id='word_1_317' title='bbox 856 2255 945 2290; x_wconf 88' lang='lat' dir='ltr'>rima</span> <span class='ocrx_word' id='word_1_318' title='bbox 967 2255 1015 2290; x_wconf 86' lang='lat' dir='ltr'>ad</span> <span class='ocrx_word' id='word_1_319' title='bbox 1039 2254 1127 2290; x_wconf 88' lang='lat' dir='ltr'>deos</span> <span class='ocrx_word' id='word_1_320' title='bbox 1157 2253 1367 2290; x_wconf 76' lang='lat' dir='ltr'>calendares</span> <span class='ocrx_word' id='word_1_321' title='bbox 1391 2258 1428 2289; x_wconf 81' lang='lat' dir='ltr'>et</span> <span class='ocrx_word' id='word_1_322' title='bbox 1449 2265 1507 2289; x_wconf 89' lang='lat' dir='ltr'>ra-</span> 
     </span>
     <span class='ocr_line' id='line_1_68' title="bbox 850 2309 1506 2359; baseline 0 -13"><span class='ocrx_word' id='word_1_323' title='bbox 850 2312 967 2347; x_wconf 84' lang='lat' dir='ltr'>tiones</span> <span class='ocrx_word' id='word_1_324' title='bbox 988 2310 1245 2346; x_wconf 84' lang='lat' dir='ltr'>astronomicas</span> <span class='ocrx_word' id='word_1_325' title='bbox 1267 2309 1506 2359; x_wconf 58' lang='lat' dir='ltr'>physicasque</span> 
     </span>
     <span class='ocr_line' id='line_1_69' title="bbox 851 2366 1505 2414; baseline -0.002 -11"><span class='ocrx_word' id='word_1_326' title='bbox 851 2366 965 2404; x_wconf 85' lang='lat' dir='ltr'>relata</span> <span class='ocrx_word' id='word_1_327' title='bbox 989 2367 1163 2403; x_wconf 79' lang='lat' dir='ltr'>videmus.</span> <span class='ocrx_word' id='word_1_328' title='bbox 1221 2366 1279 2402; x_wconf 89' lang='lat' dir='ltr'>De</span> <span class='ocrx_word' id='word_1_329' title='bbox 1300 2378 1370 2413; x_wconf 86' lang='lat' dir='ltr'>quo</span> <span class='ocrx_word' id='word_1_330' title='bbox 1392 2378 1505 2414; x_wconf 74' lang='lat' dir='ltr'>expo-</span> 
     </span>
     <span class='ocr_line' id='line_1_70' title="bbox 851 2421 1508 2471; baseline -0.003 -12"><span class='ocrx_word' id='word_1_331' title='bbox 851 2437 938 2460; x_wconf 81' lang='lat' dir='ltr'>nere</span> <span class='ocrx_word' id='word_1_332' title='bbox 959 2422 1107 2471; x_wconf 78' lang='lat' dir='ltr'>longum</span> <span class='ocrx_word' id='word_1_333' title='bbox 1135 2426 1200 2459; x_wconf 88' lang='lat' dir='ltr'>est.</span> <span class='ocrx_word' id='word_1_334' title='bbox 1258 2422 1366 2458; x_wconf 83' lang='lat' dir='ltr'>Conf.</span> <span class='ocrx_word' id='word_1_335' title='bbox 1391 2421 1508 2458; x_wconf 88' lang='lat' dir='ltr'>Creu-</span> 
     </span>
     <span class='ocr_line' id='line_1_71' title="bbox 852 2477 1504 2528; baseline -0.002 -13"><span class='ocrx_word' id='word_1_336' title='bbox 852 2493 924 2516; x_wconf 81' lang='lat' dir='ltr'>zer.</span> <span class='ocrx_word' id='word_1_337' title='bbox 958 2478 1120 2527; x_wconf 64' lang='lat' dir='ltr'>Symbol.</span> <span class='ocrx_word' id='word_1_338' title='bbox 1152 2478 1168 2514; x_wconf 93' lang='lat' dir='ltr'>I</span> <span class='ocrx_word' id='word_1_339' title='bbox 1200 2491 1286 2528; x_wconf 82' lang='lat' dir='ltr'>pag.</span> <span class='ocrx_word' id='word_1_340' title='bbox 1317 2477 1397 2518; x_wconf 81' lang='lat'>395</span> <span class='ocrx_word' id='word_1_341' title='bbox 1428 2490 1504 2526; x_wconf 88' lang='lat' dir='ltr'>seq.</span> 
     </span>
     <span class='ocr_line' id='line_1_72' title="bbox 851 2534 1505 2582; baseline -0.002 -11"><span class='ocrx_word' id='word_1_342' title='bbox 851 2536 1010 2572; x_wconf 80' lang='lat' dir='ltr'>Heereu.</span> <span class='ocrx_word' id='word_1_343' title='bbox 1032 2535 1141 2572; x_wconf 89' lang='lat' dir='ltr'>ldeen</span> <span class='ocrx_word' id='word_1_344' title='bbox 1162 2539 1226 2571; x_wconf 86' lang='lat' dir='ltr'>etc.</span> <span class='ocrx_word' id='word_1_345' title='bbox 1251 2534 1295 2578; x_wconf 83' lang='lat' dir='ltr'>ll,</span> <span class='ocrx_word' id='word_1_346' title='bbox 1318 2538 1343 2574; x_wconf 81' lang='lat'><strong>2</strong></span> <span class='ocrx_word' id='word_1_347' title='bbox 1365 2547 1400 2582; x_wconf 91' lang='lat' dir='ltr'>p.</span> <span class='ocrx_word' id='word_1_348' title='bbox 1415 2534 1505 2574; x_wconf 88' lang='grc'><strong>158.</strong></span> 
     </span>
     <span class='ocr_line' id='line_1_73' title="bbox 853 2590 1505 2635; baseline -0.006 -6"><span class='ocrx_word' id='word_1_349' title='bbox 853 2592 1033 2629; x_wconf 77' lang='lat' dir='ltr'>Gesenius</span> <span class='ocrx_word' id='word_1_350' title='bbox 1074 2593 1121 2628; x_wconf 82' lang='lat' dir='ltr'>nd</span> <span class='ocrx_word' id='word_1_351' title='bbox 1165 2591 1268 2627; x_wconf 85' lang='lat' dir='ltr'>lesai.</span> <span class='ocrx_word' id='word_1_352' title='bbox 1305 2590 1418 2635; x_wconf 85' lang='lat' dir='ltr'>XIX,</span> <span class='ocrx_word' id='word_1_353' title='bbox 1453 2592 1505 2631; x_wconf 81' lang='lat'>12</span> 
     </span>
     <span class='ocr_line' id='line_1_74' title="bbox 852 2647 1503 2698; baseline -0.003 -14"><span class='ocrx_word' id='word_1_354' title='bbox 852 2661 937 2698; x_wconf 80' lang='lat' dir='ltr'>pag.</span> <span class='ocrx_word' id='word_1_355' title='bbox 959 2651 1050 2688; x_wconf 72' lang='lat'>621.</span> <span class='ocrx_word' id='word_1_356' title='bbox 1092 2647 1279 2684; x_wconf 82' lang='lat' dir='ltr'>Letronne</span> <span class='ocrx_word' id='word_1_357' title='bbox 1309 2647 1503 2683; x_wconf 73' lang='lat' dir='ltr'>observatt.</span> 
     </span>
     <span class='ocr_line' id='line_1_75' title="bbox 855 2702 1460 2752; baseline -0.005 -11"><span class='ocrx_word' id='word_1_358' title='bbox 855 2718 915 2741; x_wconf 87' lang='lat' dir='ltr'>sur</span> <span class='ocrx_word' id='word_1_359' title='bbox 936 2703 986 2739; x_wconf 73' lang='lat' dir='ltr'>les</span> <span class='ocrx_word' id='word_1_360' title='bbox 1008 2704 1152 2751; x_wconf 86' lang='lat' dir='ltr'>zodiaq.</span> <span class='ocrx_word' id='word_1_361' title='bbox 1182 2715 1267 2752; x_wconf 82' lang='lat' dir='ltr'>pag.</span> <span class='ocrx_word' id='word_1_362' title='bbox 1287 2702 1339 2742; x_wconf 83' lang='lat'>58</span> <span class='ocrx_word' id='word_1_363' title='bbox 1358 2715 1460 2750; x_wconf 87' lang='lat' dir='ltr'>seqq.</span> 
     </span>
    </p>

    <p class='ocr_par' dir='ltr' id='par_1_14' title="bbox 853 2757 1506 2923">
     <span class='ocr_line' id='line_1_76' title="bbox 911 2757 1503 2808; baseline 0 -11"><span class='ocrx_word' id='word_1_364' title='bbox 911 2758 1078 2808; x_wconf 78' lang='grc' dir='ltr'><em>ὁτέοισι]</em></span> <span class='ocrx_word' id='word_1_365' title='bbox 1122 2759 1214 2796; x_wconf 88' lang='lat' dir='ltr'>Tres</span> <span class='ocrx_word' id='word_1_366' title='bbox 1255 2759 1335 2795; x_wconf 88' lang='lat' dir='ltr'>libri</span> <span class='ocrx_word' id='word_1_367' title='bbox 1369 2757 1503 2806; x_wconf 83' lang='grc' dir='ltr'><em>τέοισι,</em></span> 
     </span>
     <span class='ocr_line' id='line_1_77' title="bbox 853 2815 1503 2865; baseline 0 -13"><span class='ocrx_word' id='word_1_368' title='bbox 853 2817 954 2863; x_wconf 88' lang='lat' dir='ltr'>quod</span> <span class='ocrx_word' id='word_1_369' title='bbox 981 2829 1047 2865; x_wconf 85' lang='lat' dir='ltr'>per</span> <span class='ocrx_word' id='word_1_370' title='bbox 1078 2829 1118 2852; x_wconf 90' lang='lat' dir='ltr'>se</span> <span class='ocrx_word' id='word_1_371' title='bbox 1145 2828 1220 2852; x_wconf 91' lang='lat' dir='ltr'>non</span> <span class='ocrx_word' id='word_1_372' title='bbox 1259 2815 1503 2852; x_wconf 83' lang='lat' dir='ltr'>damnandmn</span> 
     </span>
     <span class='ocr_line' id='line_1_78' title="bbox 853 2871 1506 2923; baseline 0 -15"><span class='ocrx_word' id='word_1_373' title='bbox 853 2871 988 2909; x_wconf 87' lang='lat' dir='ltr'>iudicat</span> <span class='ocrx_word' id='word_1_374' title='bbox 1006 2873 1140 2910; x_wconf 74' lang='lat' dir='ltr'>Struve</span> <span class='ocrx_word' id='word_1_375' title='bbox 1168 2884 1266 2923; x_wconf 86' lang='lat' dir='ltr'>spec.</span> <span class='ocrx_word' id='word_1_376' title='bbox 1290 2876 1431 2921; x_wconf 81' lang='lat' dir='ltr'>quaest.</span> <span class='ocrx_word' id='word_1_377' title='bbox 1458 2872 1506 2908; x_wconf 87' lang='lat' dir='ltr'>de</span> 
     </span>
    </p>
   </div>
  </div>
 </body>
</html>
