1877 3223
649 206 862 245 CLIO.
922 207 948 243 Ι.
1380 208 1437 248 59

141 317 304 368 7ἄείσας
322 317 382 369 δὲ,
410 316 637 362 ὑπεδέκετο
669 316 834 361 ἑωυτόν
851 314 1213 372 κατεργάσασθαι.
1237 316 1309 358 καὶ
1323 320 1481 363 τοῖσι45

169 491 304 542 (ἱείσας
330 493 394 543 δὲ,
418 494 628 535 ’ὑπεδέκετο
669 494 763 535 ἑωυ-

117 548 183 591 τὸν
211 550 433 605 κατεργά
450 551 670 603 σασθαι]
701 553 765 589 Bi-

114 609 151 647 ni
175 609 253 646 libri
273 605 465 662 κατεργάσ
479 625 495 648 ε
507 621 529 648 σ
539 613 569 648 θ
582 626 606 648 α
618 624 631 648 ι
642 638 654 656 ,
686 610 763 646 iure

115 678 188 704 non
211 667 409 704 admissum
429 667 638 704 editoribus.
668 666 764 703 Nam

114 723 238 758 aoristi
258 723 451 759 infinitivus
464 726 550 773 post
559 724 668 759 verba
680 735 766 772 pro-

113 779 300 825 mittendi,
330 779 524 828 sperandi,
550 779 619 815 alia
640 779 679 815 id
701 792 766 827 ge-

113 847 181 872 nus
218 835 315 872 haud
351 834 529 872 insolitus,
599 834 685 872 vid.
719 848 766 872 ne

112 890 236 941 plura,
266 904 360 939 quae
399 891 472 927 dixi
510 891 548 927 in
593 891 766 929 Creuzeri

114 946 254 986 Melett.
277 948 328 985 ΠΙ
349 961 387 998 p.
412 950 476 988 10.
507 950 572 988 11.

169 1056 237 1098 καὶ
257 1061 357 1098 τοῖσι
380 1058 558 1099 ἐσελθεῖν
579 1056 652 1111 γάρ
673 1058 765 1110 ἦδο-

115 1109 220 1164 miv]
263 1116 305 1151 In
337 1116 391 1152 his
432 1118 550 1154 verbis
592 1116 767 1166 particula

115 1168 191 1223 γάρ
212 1172 342 1208 multos
368 1177 405 1210 et
426 1174 565 1222 priores
586 1178 621 1210 et
642 1186 767 1210 recen-

115 1229 226 1265 tiores
302 1229 454 1265 offendit
534 1230 765 1279 interpreteS.

116 1283 498 1332 Schweighaeuserus,
537 1286 767 1322 distinctione

115 1339 244 1378 minori
268 1340 388 1389 posita
414 1345 499 1389 post
521 1340 611 1386 καὶ,
643 1342 679 1377 in
704 1354 767 1377 co-

116 1396 264 1446 piosiori
282 1397 535 1443 annotatione,
566 1409 674 1447 quam
687 1397 767 1433 huic

116 1453 196 1489 loco
235 1452 408 1499 subiecit,
457 1453 513 1491 hic
555 1466 700 1504 quoque
730 1453 767 1489 in

117 1509 293 1546 communi
331 1509 527 1559 particulae
565 1510 667 1546 istius
698 1522 766 1546 usu

117 1565 248 1614 (nam,
282 1566 458 1614 uanique)
515 1566 662 1602 subsisti
692 1565 768 1601 vult

117 1635 271 1671 eamque
292 1621 408 1671 ipsam
428 1622 559 1671 duplici
576 1623 687 1658 modo
707 1635 768 1659 exe

117 1678 241 1728 plicari
265 1691 377 1727 posse
407 1679 610 1726 contendit,
654 1679 768 1716 altero

118 1735 150 1770 si
161 1734 353 1782 cogitando
365 1735 647 1772 enuntiationum
658 1736 767 1772 sedes

118 1794 300 1841 permutes
320 1794 360 1828 ut
379 1804 471 1839 quae
487 1792 597 1841 priori
614 1792 693 1829 loco
716 1791 768 1828 leq

119 1850 268 1895 gantur,
299 1858 342 1884 ea
367 1860 462 1884 nunc
482 1852 768 1898 postponantur3

120 1903 254 1949 altero,
294 1902 324 1938 si
366 1904 671 1950 enuntiationem,
712 1903 768 1940 cui

120 1958 247 1996 addita
268 1962 323 1994 est
344 1959 519 2007 particula
538 1957 611 2010 γὰρ
626 1989 635 2007 ,
658 1960 770 1995 inter*

121 2014 273 2052 calatam
294 2015 627 2064 parentheseosque
655 2014 768 2062 signis

120 2071 207 2108 inde
265 2071 526 2119 seiungendam
575 2071 767 2109 existimes.

121 2127 224 2164 Haec
242 2131 362 2164 tamen
381 2128 471 2163 ratio
492 2128 548 2164 hic
558 2128 674 2164 minus
685 2140 771 2177 pro-

121 2183 228 2220 batur
255 2183 382 2228 nobis;
421 2184 537 2230 magis
568 2184 686 2233 placet
715 2195 771 2229 ea,

123 2251 231 2289 quam
252 2240 443 2289 proposuit
460 2239 648 2277 Matthiae.
688 2238 772 2276 Duo

125 2296 220 2335 enim
250 2296 422 2332 orationis
462 2296 623 2336 membra
650 2296 708 2332 hic
736 2295 773 2331 in

123 2365 234 2390 unum
270 2354 420 2389 confusa
453 2367 535 2391 esse
573 2351 668 2400 vult,
706 2351 775 2388 hoc

125 2411 202 2447 sere
218 2409 349 2446 modo:
379 2408 465 2447 καὶ
495 2405 680 2455 τοῦς-
709 2407 775 2446 ἐσ-

127 2468 259 2504 ελθεῖν
287 2461 376 2516 γὰρ
414 2461 593 2511 αὐτοῖς
618 2461 774 2515 ’ἡδονήν

128 2543 184 2551 --
205 2517 477 2572 ἆναχωρῆσαι,·
506 2527 545 2558 ut
565 2534 598 2558 V.
617 2536 647 2558 c.
665 2521 693 2566 I,
708 2524 773 2562 28.

128 2576 192 2624 IV,
220 2579 316 2617 200.
351 2580 444 2620 149.
504 2579 588 2616 vid.
618 2578 773 2615 eundem

130 2634 168 2670 in
197 2634 262 2669 Gr.
296 2634 361 2671 Gr.
404 2633 440 2684 ᾗ,
471 2634 553 2675 615
593 2646 629 2683 p.
666 2633 773 2675 1242

130 2690 207 2727 coll.
227 2693 317 2728 nott.
337 2691 385 2726 ad
402 2690 440 2737 I,
468 2694 506 2732 8.
548 2690 687 2733 Quibus
707 2691 774 2727 ad-

131 2747 186 2784 dit
207 2745 237 2783 C
244 2759 271 2781 r.
298 2759 392 2794 quae
417 2747 605 2784 VVerferus
622 2747 658 2783 in
678 2745 773 2785 Actt.

131 2803 230 2853 phill.
251 2801 416 2839 Monacc.
446 2802 484 2850 I,
510 2806 530 2844 1
560 2816 597 2853 p.
615 2805 664 2843 81
688 2816 774 2854 pro-

133 2859 210 2897 tulit
224 2858 387 2910 exempla
406 2860 453 2897 de
483 2860 660 2900 sententia
689 2872 774 2899 cau-

830 495 897 533 sali
944 494 1134 545 primariae
1185 493 1384 544 praemissa
1416 507 1481 543 per

830 552 1038 604 particulam
1068 546 1155 602 γάρ.
1216 550 1357 593 Quodsi
1388 550 1482 587 enim

830 613 916 660 post
952 607 1019 646 καὶ
1048 607 1205 653 incidas,
1246 608 1317 644 iam
1349 605 1482 654 aliquid

832 665 948 702 deerit
989 664 1036 700 ad
1071 659 1344 713 ἀναχωρῆσαι,
1383 663 1482 711 quod

832 722 928 761 nude
948 721 999 757 sic
1018 721 1175 770 positum
1197 720 1374 769 displicet.
1404 718 1483 756 Ne-

832 791 903 827 que
931 777 1021 813 ratio
1057 777 1206 825 cogitari
1242 779 1384 826 potest,
1422 787 1484 812 cur

831 835 904 882 legi
930 847 1003 870 non
1033 834 1171 883 possit,
1200 833 1309 869 immo
1331 831 1483 869 debeat:

832 895 934 930 τοῖσι
964 886 1037 941 γάρ
1062 888 1263 936 §Genesim
1302 888 1400 936 quod
1427 892 1484 924 ta-

833 960 917 985 men
954 946 1116 982 consulto
1164 946 1298 981 vitasse
1344 944 1485 980 videtur

833 1004 1065 1049 Herodotus,
1095 1002 1193 1038 cuius
1219 1001 1255 1036 in
1274 999 1392 1037 verbis
1418 1000 1484 1035 da-

833 1060 926 1096 tivus
945 1062 1045 1097 τοῖσι
1072 1058 1180 1108 (proz
1208 1054 1276 1095 καὶ
1295 1052 1408 1105 τούς)
1438 1068 1482 1092 ex

833 1115 1055 1153 attractionis
1100 1114 1257 1162 quodam
1298 1125 1367 1148 usu
1416 1124 1485 1148 nec

835 1172 985 1209 Graecis
1025 1184 1092 1208 nec
1143 1170 1284 1207 Latinis
1336 1168 1484 1204 insolito

834 1227 1065 1277 explicandus
1102 1227 1178 1264 erit.
1238 1225 1334 1263 Nam
1363 1222 1483 1274 εἰσέρ-

834 1287 974 1336 χεσθαι
991 1284 1111 1320 dativo
1133 1284 1290 1319 iunctum
1309 1294 1416 1318 nemo
1428 1282 1482 1317 se-

834 1354 874 1377 re
892 1340 1026 1385 nescit,
1044 1343 1129 1389 post
1147 1342 1276 1375 notatt.
1293 1338 1486 1374 Hemster-

834 1396 915 1433 lms.
944 1396 991 1431 ad
1019 1395 1168 1433 Lucian.
1200 1394 1216 1430 I
1245 1408 1282 1444 p.
1307 1395 1389 1433 206
1425 1393 1485 1429 ed.

833 1452 917 1502 Bip.
976 1450 1108 1499 Neque
1131 1451 1249 1499 ipsam
1267 1448 1485 1486 sententiam

833 1509 1096 1556 verborumque
1137 1507 1300 1543 ordinem
1339 1505 1369 1541 si
1401 1518 1487 1555 spe-

834 1570 993 1611 cte1n11S‚
1016 1564 1083 1601 erit
1105 1563 1204 1614 quod
1224 1576 1291 1598 nos
1311 1561 1485 1601 offendat.

833 1621 930 1659 Nam
955 1633 1063 1658 causa
1081 1621 1207 1668 utique
1234 1619 1402 1656 effectum
1422 1629 1488 1653 an-

834 1679 990 1724 tecedit,
1032 1677 1221 1724 oratioque
1255 1676 1337 1725 ipsa
1376 1673 1488 1710 multo

835 1739 891 1772 est
911 1734 1030 1784 aptior
1054 1745 1096 1770 ac
1124 1733 1294 1778 vividior,
1333 1732 1363 1767 si
1393 1731 1487 1767 hunc

834 1792 964 1830 natura
993 1789 1095 1838 quasi
1134 1789 1397 1839 praescriptum
1430 1786 1489 1823 illa

834 1850 1075 1897 persequatur
1092 1846 1282 1883 verborum
1311 1843 1487 1879 ordinem.

835 1903 947 1940 Unde
975 1902 1062 1937 satis
1095 1905 1269 1950 apparet,
1302 1899 1387 1934 nihil
1413 1898 1488 1934 vitii

835 1958 904 1995 hoc
925 1959 963 1993 in
982 1957 1061 1992 loco
1088 1957 1231 2001 inesse,
1261 1959 1301 1991 ut
1323 1954 1405 1990 olim
1428 1966 1488 1989 ar-

835 2014 989 2049 bitratus
1025 2015 1082 2047 est
1109 2024 1268 2048 summus
1296 2010 1488 2046 Hemster-

836 2069 916 2109 huS.
943 2068 991 2104 ad
1019 2066 1168 2105 Lucian.
1199 2067 1233 2104 Π
1262 2080 1299 2116 p.
1322 2067 1404 2106 526
1426 2066 1486 2102 ed.

836 2125 934 2174 Bip„
962 2124 1020 2160 ubi
1054 2124 1101 2161 de
1120 2123 1293 2174 particula
1312 2119 1385 2173 γάρ
1407 2122 1488 2171 plu-

838 2181 938 2218 ribus
971 2179 1089 2217 verbis
1124 2180 1330 2230 postposita
1359 2191 1488 2227 agenS‚

838 2241 1001 2274 nostrum
1025 2236 1141 2273 locum
1172 2237 1209 2274 in
1229 2235 1399 2285 exemplis
1424 2235 1491 2270 ad-

841 2294 997 2330 scribere
1017 2293 1150 2329 veritus
1175 2296 1241 2330 est.
1299 2292 1375 2328 Sed
1401 2289 1489 2327 Gel-

841 2350 878 2387 lii
899 2350 1009 2386 verba
1047 2348 1184 2396 (XVI,
1222 2350 1292 2388 19:
1323 2349 1420 2384 feros
1454 2350 1490 2383 et

842 2407 1016 2443 immanes
1044 2405 1182 2442 navitas
1210 2404 1411 2455 prolubium
1434 2406 1491 2439 ta-

843 2476 917 2499 men
939 2462 1108 2499 audiendi
1126 2461 1247 2510 subit)
1265 2460 1391 2498 melius
1409 2472 1489 2496 cum

842 2519 1054 2557 Herodoteo
1071 2518 1148 2554 loco
1169 2517 1369 2568 comparari
1377 2528 1489 2566 posse

841 2578 965 2614 censet
992 2574 1185 2622 Valcken„
1232 2587 1326 2623 quae
1360 2573 1486 2609 eadem

841 2633 888 2669 ad
910 2631 1090 2679 vulgatam
1119 2631 1306 2668 lectionem
1341 2630 1488 2666 firman÷

841 2690 926 2725 dam
952 2687 1048 2723 haud
1088 2687 1216 2724 iniuria
1247 2687 1326 2737 quis
1352 2687 1487 2723 referre

839 2744 967 2796 possit.
1003 2743 1062 2780 Ad
1079 2757 1200 2781 vocem
1216 2738 1400 2794 πρύμνης
1421 2741 1451 2777 C
1458 2753 1485 2777 r-

839 2803 979 2839 confert
988 2800 1154 2837 Eustath.
1172 2801 1221 2837 ad
1240 2796 1487 2850 OdysleII,

839 2862 893 2901 75
914 2872 951 2909 p.
973 2858 1055 2899 504
1073 2858 1165 2895 infra
1181 2858 1292 2896 Basil.
