1909 3228
566 192 1086 232 EUTERPE.II.
1361 195 1443 235 721

59 305 159 352 107
299 304 468 345 Τοῦτον
497 301 550 358 δὴ
579 301 658 345 τόν
693 302 935 357 Αἰγύπτιον
975 301 1226 356 Σέσωστριν
1267 298 1437 356 οέναχω-Π
1495 310 1644 338 Redeunti
1682 311 1755 339 Seso

1493 345 1546 370 atri
1567 345 1730 378 periculum
1752 355 1769 372 a

183 381 352 435 ρέοντα,
374 381 446 424 καὶ
468 379 687 436 ἀνάγοντα
704 383 862 433 πολέας
883 380 1148 436 ἀνθρώπους
1168 384 1253 423 τῶν
1273 379 1437 423 ἐθνέων
1492 377 1769 440 ξῇὓὲζξξῦζέξξξ”“·“ὼ’

179 464 267 503 τῶν
296 459 374 511 τοὶς
398 459 540 516 χώρας
570 459 908 516 κατεστρέψατο,
940 461 1088 517 ἔλεγον
1118 462 1160 504 οἱ
1188 459 1317 514 ἱρέες,
1348 459 1438 501 ἐπεί

178 556 222 583 τε
254 539 418 595 ἐγένετο
449 537 812 595 ἀνακομιζόμενος
841 539 887 582 ἐν
908 540 1117 598 Δάφνῃσι
1142 543 1240 595 τῇσι
1262 541 1436 594 Πηλου-

180 620 316 676 σίῃσι,
348 618 425 661 τὸν
456 615 667 673 ἀδελφεὸν
697 618 863 662 ἑωυτοῦ
895 623 956 678 τῷ
975 619 1175 673 ἐπέτρεψε
1194 618 1496 669 Σέσωστρις75

179 697 258 754 τὴν
288 699 535 754 Αἴγυπτον,
572 700 733 740 τοῦτον
762 696 829 741 ἐπὶ
860 698 994 749 ξείνια
1024 696 1159 742 αὐτόν
1186 696 1438 748 καλέσαντα,

121 927 260 965 Thebis
289 934 432 966 erectae
459 928 679 966 mentionem
709 928 775 965 ha-

119 985 229 1031 bent,
260 986 307 1023 de
327 998 398 1034 qua
422 984 602 1022 lablonsk.
624 986 670 1023 de
693 985 775 1023 Me-

119 1053 245 1077 mnon.
262 1054 348 1091 pag.
369 1044 435 1082 30.
465 1063 521 1069 —
550 1042 657 1088 „Sed
677 1046 774 1079 recte

118 1097 189 1133 iam
210 1102 373 1135 auctores
394 1098 514 1148 operis
537 1099 706 1148 descript.
726 1099 773 1136 de

118 1153 279 1203 l'Egypt.
310 1158 335 1190 t.
360 1154 392 1190 Il
423 1154 582 1201 (Theb.)
609 1167 695 1204 pag.
719 1154 772 1195 94

117 1214 289 1257 monent,
331 1223 405 1247 non
436 1211 561 1260 utique
592 1216 772 1258 constare,

116 1279 205 1303 num
223 1266 389 1303 hocloco
419 1266 626 1303 Memnonis
658 1271 772 1304 statu-

116 1335 198 1368 am,
229 1335 325 1371 quae
354 1323 491 1360 Thebis
518 1328 595 1370 est,
631 1324 770 1372 cogita-

116 1379 207 1415 verit
219 1379 453 1424 Herodotus;
476 1379 561 1416 illud
580 1392 665 1415 vero
683 1392 771 1417 con-

116 1438 212 1471 stare
225 1463 237 1480 ,
261 1448 342 1472 eum
361 1448 429 1485 pro
449 1435 623 1473 Sesostris
642 1436 770 1472 statuis

115 1490 193 1527 illas
213 1491 303 1527 duas
324 1492 359 1527 in
380 1492 479 1528 Ionia
500 1504 521 1528 a
545 1505 584 1528 se
603 1491 697 1527 visas
708 1491 771 1528 ha-

116 1546 260 1594 buisse,
297 1548 456 1597 itemque
502 1548 571 1585 hoc
603 1547 770 1595 alterum,

113 1602 344 1641 Herodotum
366 1617 440 1641 non
459 1605 668 1641 confudisse
688 1604 771 1641 Me-

114 1672 284 1697 mnonem
313 1674 393 1698 cum
422 1661 670 1698 Sesostride.“
702 1661 767 1698 Cr.

170 1713 272 1754 πολύ
303 1719 375 1767 τῆς
401 1713 601 1768 ἀληθηίης
630 1711 768 1755 οἷπολε-

114 1770 339 1821 λειμμένοι]
380 1774 404 1809 i.
434 1787 466 1811 e.
500 1774 601 1821 longe
636 1787 658 1810 a
689 1787 768 1810 vero

114 1827 336 1875 aberrantes,
367 1841 389 1865 a
409 1842 495 1867 vero
519 1829 622 1878 quasi
644 1830 766 1867 relicti.

116 1883 236 1926 Quam
256 1884 470 1923 locutionem
492 1891 661 1936 posteros
683 1887 769 1922 scri-

113 1943 236 1988 ptores
283 1941 441 1978 imitatos
494 1955 575 1979 esse
634 1941 771 1991 aliquot

114 1997 285 2088 Exelmplis
314 1997 452 2035 indicat
474 1998 693 2047 Wesseling.
721 1998 770 2035 ad

311 2136 421 2187 cap.
453 2137 566 2174 cvn.

168 2216 314 2267 πολέας
336 2215 599 2272 ὤνθρώπους]
624 2220 769 2268 πολέας

112 2274 240 2312 Ionum
261 2289 361 2313 more
381 2291 448 2326 pro
471 2275 653 2327 πολλούς,
667 2279 767 2327 quod

112 2332 232 2381 ipsum
261 2333 421 2369 nonnulli
455 2334 534 2371 libri
564 2335 620 2372 hic
660 2348 769 2384 prae-

111 2387 210 2424 bent.
268 2388 386 2435 „Vid.
418 2390 574 2439 Gregor.
603 2391 765 2428 Corinth.

111 2456 198 2492 pag.
219 2442 301 2484 438
336 2445 393 2482 ed.
422 2446 564 2484 Schaef.
627 2448 766 2484 Confer

112 2498 263 2536 Homer.
287 2499 327 2536 Il.
350 2501 379 2547 Ι,
402 2501 525 2543 559.“
557 2502 621 2540 Cr.

169 2553 212 2593 ἓν
253 2551 443 2610 Δάφνῃσι
477 2561 567 2612 τῇσι
602 2561 766 2609 Πηλου-

112 2609 243 2663 σίῃσι]
299 2612 382 2650 Vid.
413 2627 522 2664 supra
551 2615 600 2652 ad
629 2615 681 2662 II,
711 2617 765 2657 30

112 2673 260 2703 monita.

168 2720 235 2762 τὸν
257 2718 449 2773 α’ὄελφεόν
478 2724 655 2776 ἑωυτοῦ]
687 2725 765 2776 Ap-

109 2779 265 2829 pellatur
289 2780 460 2829 Armai's,
511 2783 541 2818 si
576 2783 668 2820 fides
709 2787 765 2820 est

110 2834 496 2889 Manetho11i(loseph.
507 2843 620 2876 contr.
630 2838 762 2890 Apion.

154 2892 368 2930 Hmonow.
400 2894 429 2931 Ι.

844 929 860 966 Ι
883 927 919 980 §.
943 927 994 970 15
1016 932 1041 966 t.
1062 927 1094 965 ΙΙ
1124 942 1160 978 p.
1179 927 1294 975 447),
1325 927 1384 976 qui
1405 939 1494 964 eun-

843 987 927 1023 dem
953 998 1034 1023 esse
1059 985 1182 1031 addit,
1225 997 1332 1034 quem
1362 984 1493 1020 Graeci

841 1042 1011 1080 Danaum
1040 1041 1283 1092 appellarint,
1317 1040 1494 1076 Sesostris

842 1101 1011 1146 fratrem,
1041 1099 1103 1147 qui
1131 1098 1227 1134 idem
1253 1101 1402 1133 vocetur
1423 1096 1492 1131 Ae-

840 1160 983 1205 gyptus.
1042 1154 1082 1191 ln
1114 1167 1186 1203 quo
1217 1158 1338 1190 tamen
1366 1151 1494 1188 Mane-

841 1212 960 1248 thonis
991 1211 1124 1248 nullam
1154 1224 1234 1248 esse
1261 1210 1371 1246 fidem
1402 1207 1495 1244 Lar-

840 1268 966 1306 cherus
988 1267 1175 1304 contendit
1199 1268 1234 1302 in
1246 1267 1319 1302 tab.
1335 1265 1492 1301 chronol.

838 1328 864 1361 t.
887 1325 955 1361 VII
982 1337 1067 1374 pag.
1086 1325 1168 1364 322
1187 1335 1263 1371 seq.
1285 1320 1365 1358 coll.
1400 1334 1436 1370 p.
1456 1322 1493 1361 8.

839 1381 916 1417 Sed
938 1379 1155 1430 Champoll.,
1179 1379 1355 1415 afferente
1376 1376 1492 1413 Creu-

838 1449 924 1473 zero
948 1449 1077 1473 comm.
1097 1435 1187 1471 Her.
1207 1448 1243 1483 p.
1259 1435 1352 1480 198,
1374 1433 1491 1481 suspi-

837 1496 959 1538 catur,
979 1497 1118 1530 temere
1140 1489 1342 1527 universale
1359 1501 1492 1526 nomen

836 1548 996 1598 Aegypti
1021 1549 1184 1585 Graecos
1215 1545 1433 1595 imposuisse
1458 1545 1491 1582 ei

839 1606 938 1654 regi,
977 1605 1036 1654 qui
1062 1603 1183 1641 Danai
1209 1604 1321 1639 frater
1348 1601 1492 1638 fereba-

837 1665 919 1706 tur3
949 1666 1110 1699 ceterum
1129 1658 1330 1709 probabilia
1347 1670 1428 1694 esse
1454 1663 1492 1693 et

837 1730 999 1766 congrua
1036 1721 1240 1765 temporum
1281 1713 1493 1760 rationibus,

837 1786 933 1822 quae
955 1774 1052 1823 apud
1074 1771 1265 1821 losephum
1283 1769 1338 1806 l.l.
1353 1783 1396 1806 ex
1409 1769 1492 1805 Ma-

836 1829 997 1867 nethone
1023 1831 1273 1878 proferantur,
1303 1826 1492 1874 viderique

838 1885 1005 1922 Danaum
1025 1898 1107 1922 esse
1129 1884 1276 1919 Armai'n
1296 1881 1492 1918 Manetho-

837 1942 915 1986 nis3
937 1943 1086 1978 fratrem
1105 1944 1237 1982 autem,
1254 1951 1360 1987 quem
1373 1938 1491 1974 Grae-

838 1998 868 2034 ci
888 1997 1092 2046 ignorantia
1106 1997 1306 2045 Aegyptmn
1323 1994 1491 2040 dixerint,

839 2052 1014 2090 Sesostrin
1042 2066 1121 2090 esse
1148 2052 1311 2089 Setlzosin
1337 2049 1490 2086 Rames-

838 2122 916 2146 sem.
952 2132 1009 2137 ——
1044 2110 1137 2146 Cum
1166 2107 1358 2145 Herodoto
1386 2105 1489 2142 deni-

837 2179 909 2214 que
943 2165 1207 2215 comparandus
1244 2162 1426 2200 Diodorus
1460 2161 1489 2209 l,

837 2222 913 2269 57,
943 2222 980 2258 in
1001 2222 1140 2259 sumina
1168 2222 1245 2258 fere
1258 2219 1488 2255 consentiens

837 2279 1007 2327 idemque
1037 2290 1170 2315 nomen
1203 2276 1324 2312 fratris
1353 2278 1487 2311 tacens.

837 2335 948 2377 Quod
984 2335 1081 2371 haud
1111 2331 1312 2370 inconsulto
1353 2332 1488 2367 sactum

834 2391 999 2437 videtur,
1026 2391 1055 2426 si
1077 2391 1223 2439 quidem
1245 2389 1291 2425 de
1310 2387 1486 2423 industria

833 2447 935 2497 pravi
962 2447 1080 2483 fratris
1115 2457 1248 2483 nomen
1279 2443 1486 2480 sacerdotes

834 2503 997 2550 celasse,
1038 2515 1105 2540 nec
1137 2499 1378 2539 monumentis
1408 2499 1487 2536 lite-

834 2571 956 2595 rarum
977 2558 1215 2606 consignasse
1235 2555 1404 2593 credibile
1421 2558 1486 2592 est.

889 2613 954 2653 ἐπὶ
978 2615 1103 2661 ξείνια
1125 2610 1243 2651 αὐτὸν
1255 2609 1484 2656 καλέσαντα]

833 2670 958 2717 ξείνια
983 2670 1091 2718 vulgo
1122 2674 1205 2706 sunt
1232 2667 1485 2717 hospitalitatis

832 2727 945 2774 dona,
985 2739 1134 2763 munera
1162 2738 1256 2775 quae
1281 2725 1485 2774 hospitibus

832 2783 1033 2820 offeruntur
1051 2795 1093 2819 ac
1115 2782 1347 2832 praebentur.
1379 2780 1486 2817 Conf.

831 2851 926 2888 quae
951 2839 1072 2876 monui
1101 2839 1149 2876 ad
1183 2837 1362 2874 Plutarch.
1391 2836 1487 2873 Alci-

1182 2895 1238 2933 46
