1909 3228
649 165 953 204 CL10.1.

1350 168 1435 208 325

183 274 507 328 ἀποθανόντος·
528 274 585 327 ὥς
607 274 661 319 οὐ
680 275 894 331 πρότερον
911 274 1122 319 θάπτεται
1141 272 1303 329 ἀνδρὸς
1323 274 1434 329 Πέρ-

184 366 265 398 σεω
294 353 318 398 ὁ
352 354 501 406 νέκυς,
551 354 653 409 πρὶν
683 353 737 398 ἂν
767 353 839 398 ὑπ’
870 354 1049 410 ὄρνιθος
1085 352 1114 410 ἢ
1140 351 1273 404 κυνός
1310 352 1488 396 {inv-45

152 441 173 474 2
186 438 356 490 σθῆναι.

414 432 581 490 μάγους
610 433 688 488 μὲν
715 434 796 490 γὰρ
828 433 1036 488 ἀτρεκέως
1078 430 1176 476 οἶδα
1204 431 1434 482 ποιέοντας

180 517 335 556 ταῦτα·
375 512 599 570 ἐμφανέως
627 513 710 569 γὰρ
742 512 795 569 δὴ
824 516 1010 556 ποιεῦσι.
1051 509 1432 567 κατακηρώσαντες

179 730 275 783 πρὶν
295 727 344 771 ἂν
376 724 445 770 ὕπ’
466 726 632 781 ὄρνιθος
655 725 683 779 ἢ
705 744 772 768 κυ-

125 784 191 833 νὸς
222 784 490 837 ἑλκυσθῆναι]
528 784 772 836 ἑλκυσθῆναι

124 843 289 881 dedimus
318 855 397 880 cum
416 846 564 879 recentt.
586 855 653 892 pro
673 841 769 891 vulg.

125 898 430 953 ’ἑλκυσθῇ-«111
444 898 524 949 ipsa
544 911 583 936 re
603 911 683 935 cum
692 898 771 936 He-

123 956 252 993 rodoto
305 955 413 1006 plane
446 954 675 991 consentiunt
708 953 770 991 alii

122 1013 333 1061 scriptores,
381 1010 575 1060 Agathias,
623 1010 771 1057 Strabo,

124 1069 274 1114 Cicer03
294 1080 447 1117 quorum
467 1066 672 1104 testimonia
686 1080 772 1117 sup-

114 1124 300 1175 ,peditabit
322 1124 483 1160 Brisson.
504 1123 550 1160 de
572 1135 648 1172 reg.
669 1122 770 1160 Pers.

122 1180 273 1230 princip.
307 1179 341 1217 II
374 1178 518 1230 §.152
558 1178 635 1215 coll.
660 1179 771 1227 Hyde

123 1237 170 1274 de
190 1235 291 1285 relig.
317 1235 458 1273 Persar.
490 1248 545 1284 cp.
566 1234 632 1275 34.
690 1234 770 1272 Nec

121 1295 246 1329 nostra
262 1296 382 1329 aetate
401 1292 496 1328 hunc
510 1303 647 1328 rnorem
665 1291 769 1340 peni-

121 1353 177 1385 tus
199 1348 378 1385 interiisse
400 1351 579 1384 testantur
599 1359 653 1393 ea,
675 1359 769 1394 quae

121 1417 164 1442 ex
174 1403 346 1441 Chardin.
363 1404 480 1440 itiner.
496 1401 606 1450 (1211
618 1415 653 1452 p.
668 1403 766 1449 186)

120 1461 259 1511 profert
285 1459 488 1497 Larcherus
520 1459 566 1496 de
585 1458 766 1496 cimeterio

120 1516 279 1567 quodam
294 1529 410 1567 prope
428 1514 604 1566 Ispahan,
624 1515 686 1551 ubi
704 1515 769 1550 ho-

121 1573 259 1611 minum
280 1572 456 1610 cadavera
486 1571 682 1608 secundum
710 1584 768 1607 or-

121 1630 244 1666 dinem
263 1641 305 1665 ae
331 1629 459 1666 seriem
487 1627 664 1676 disposita
681 1640 767 1664 con-

123 1685 340 1734 spiciantur,
378 1688 418 1720 ut
443 1684 489 1720 ab
525 1683 647 1720 avibus
684 1684 768 1721 dein

121 1740 350 1777 dilanientur.
409 1740 493 1782 Qua
526 1739 572 1775 de
599 1751 638 1775 re
666 1738 770 1787 plura

122 1797 294 1846 deinceps
324 1809 368 1833 ex
389 1795 539 1842 zoegae
563 1793 654 1829 libro
678 1795 770 1831 affe-

123 1865 253 1890 remus.
313 1852 426 1896 Quod
445 1851 492 1887 ad
510 1854 667 1887 veterem
690 1863 770 1886 mo-

122 1922 199 1946 rem
220 1908 367 1955 attinet,
397 1919 470 1944 non
487 1905 607 1954 Magis
628 1910 769 1942 tantum

122 1964 302 2012 attribuit,
331 1976 454 2001 verum
475 1962 606 1999 cunctis
634 1960 768 2009 Persis,

121 2022 233 2070 idque
261 2034 282 2058 e
311 2020 418 2056 sacris
453 2018 645 2056 Persarum
671 2017 769 2053 libiis

121 2077 313 2128 probatum
333 2076 362 2112 it
388 2075 543 2111 Rhode:
581 2065 686 2110 Uber
707 2073 770 2109 Al-

120 2137 176 2170 ter
195 2146 229 2169 u.
246 2132 295 2169 w
297 2132 376 2171 erth
392 2131 502 2179 einig.
515 2129 692 2177 Morgenl'
687 2130 768 2166 ind.

122 2188 292 2226 Urkund.
321 2200 408 2239 pag.
439 2188 530 2228 132.
580 2159 770 2222 Coadavera

123 2245 180 2282 hic
207 2245 330 2282 statuit
350 2245 396 2281 ab
424 2244 548 2280 avibus
576 2242 769 2279 dilacerata

125 2314 205 2339 esse
218 2330 229 2348 ,
248 2313 330 2338 ossa
350 2300 487 2348 reliqua
506 2299 662 2336 humata.
691 2298 768 2334 Sed

125 2356 294 2405 quoniam
312 2357 358 2394 de
368 2356 559 2393 Persarum
575 2367 677 2392 more
695 2367 769 2390 non

125 2413 271 2449 omnino
292 2412 498 2462 conspirant
516 2416 656 2448 veteres
683 2410 770 2446 scri-

125 2472 248 2518 ptores
261 2497 272 2515 ,
298 2468 450 2518 ipseque
470 2467 680 2504 Herodotus
700 2467 768 2502 du—

126 2525 282 2561 bitanter
295 2524 403 2560 modo
419 2523 676 2573 pronuntiavit,
695 2523 769 2559 dis-

128 2593 235 2616 ¹sonas
287 2581 510 2616 narrationes
554 2579 624 2616 hoc
660 2579 769 2615 modo

127 2636 304 2674 conciliari
338 2649 448 2685 posse
484 2635 617 2671 iudicat
643 2635 771 2683 Zo'ega

127 2693 174 2730 de
194 2692 357 2729 obelisec.
389 2704 474 2742 pag.
491 2689 594 2738 249,
622 2695 663 2727 ut
679 2690 768 2727 Per-

128 2750 176 2785 sis
198 2750 322 2797 utique
350 2748 504 2798 patrium
535 2748 645 2784 fuisse
664 2751 769 2796 pute-

128 2819 205 2842 mus
226 2817 379 2855 corpora
407 2804 574 2851 humare,
603 2808 685 2854 post
712 2817 769 2841 re-

840 734 963 780 ceptos
1008 728 1203 779 Magorum
1237 730 1347 777 ritus,
1387 728 1486 765 initio

839 784 950 832 ὁσίας
970 782 1084 838 χάριν
1095 787 1286 824 laceranda
1305 785 1484 823 curavisse

839 843 1030 892 statimque
1075 843 1282 892 sepelivisse
1304 855 1315 887 3
1353 841 1486 879 deinde

837 911 922 935 vero
943 904 1047 936 aucta
1075 899 1329 948 superstitione
1353 909 1396 934 ac
1425 910 1487 934 ve-

838 959 916 992 tere
935 968 1035 992 more
1049 958 1172 1005 spreto
1184 984 1196 1003 ,
1218 954 1302 992 seris
1321 953 1360 989 in
1377 965 1487 1002 prae-

839 1011 924 1047 dam
953 1011 1182 1048 concessisse.
1230 1009 1363 1047 Adiicit
1389 1008 1486 1046 idem

839 1067 892 1103 vir
928 1067 1175 1114 doctissimus,
1212 1079 1295 1113 eos,
1335 1065 1397 1114 qui
1438 1064 1486 1102 de

838 1122 983 1160 Persica
1002 1127 1112 1172 gente
1131 1122 1264 1160 residui
1285 1120 1356 1159 sint
1374 1121 1410 1157 in
1421 1119 1483 1156 In-

838 1179 921 1216 diae
936 1179 1121 1228 provincia
1141 1178 1327 1215 Guzurate
1355 1176 1484 1225 (vulgo

837 1235 942 1271 Parsi
960 1234 1158 1283 dicuntur),
1190 1234 1384 1272 etiamnum
1401 1245 1485 1269 suo-

836 1303 914 1326 rum
934 1290 1111 1329 cadavera
1137 1291 1262 1327 avibus
1289 1301 1484 1339 exponere,

835 1346 922 1384 inde
955 1347 1053 1383 nuda
1088 1358 1173 1382 ossa
1210 1346 1308 1382 terra
1345 1348 1483 1391 tegere.

834 1401 998 1450 Itemque
1018 1402 1117 1452 apud
1136 1400 1337 1438 Tibetanos
1359 1403 1394 1436 et
1404 1399 1485 1435 Sia-

835 1470 977 1495 menses
1001 1457 1260 1495 nobilissimum
1279 1454 1485 1506 sepulturae

836 1526 952 1563 genus
992 1527 1071 1551 esse
1107 1513 1386 1558 cremationem3
1427 1524 1484 1548 se-

836 1570 1015 1618 cundum,
1040 1569 1235 1606 vulturibus
1256 1567 1401 1619 proiici3
1428 1568 1484 1603 in-

836 1627 981 1673 fimum,
1004 1627 1098 1675 aqua
1121 1626 1237 1674 mergi
1255 1629 1317 1662 aut
1332 1623 1483 1660 hiunari.

835 1682 888 1719 Ac
916 1682 1076 1731 denique
1089 1682 1299 1718 Calmuccos
1323 1680 1370 1718 ad
1394 1679 1483 1717 Vol-

837 1750 922 1787 gam
959 1738 1162 1774 habitantes
1198 1737 1483 1787 propinquorum

837 1793 1014 1830 cadavera
1034 1793 1179 1829 canibus
1209 1794 1355 1829 tradere
1378 1795 1415 1828 et
1434 1791 1482 1826 si-

836 1849 874 1886 bi
894 1849 1024 1885 honori
1054 1849 1207 1894 ducere,
1237 1848 1298 1883 ubi
1321 1859 1342 1883 a
1365 1846 1482 1882 multis

836 1917 908 1941 una
925 1904 1112 1941 lanientur.
1170 1904 1273 1939 Haec
1301 1902 1370 1940 ille.
1406 1901 1483 1938 Iam

838 1960 937 2008 quod
959 1960 1007 1996 ad
1023 1960 1153 1996 Persas
1177 1958 1328 2005 attinet,
1357 1958 1483 1994 viden-

838 2020 896 2052 tur
908 2015 957 2051 illi
977 2015 1077 2051 haud
1094 2015 1214 2051 omnia
1234 2015 1380 2063 quidem
1399 2013 1482 2049 Ma-

836 2084 965 2120 gorum
992 2072 1155 2107 instituta
1180 2082 1222 2107 ae
1248 2083 1365 2107 mores
1384 2082 1482 2107 rece-

835 2129 955 2179 pisse,
995 2128 1060 2164 sed
1086 2126 1274 2164 retinuisse
1301 2126 1482 2174 quaedam

837 2185 884 2221 de
907 2184 1064 2221 moribus
1093 2184 1164 2220 suis
1188 2182 1372 2232 pristinis,
1401 2182 1482 2229 qui-

836 2241 903 2277 bus
924 2244 1008 2276 ante
1037 2238 1167 2277 Medos
1202 2239 1314 2274 victos
1349 2237 1482 2285 Mago-

836 2309 988 2345 rumque
1009 2296 1206 2332 doctrinam
1217 2299 1398 2344 receptam
1417 2295 1482 2330 (le-

837 2353 901 2389 diti
934 2354 1087 2389 fuerant.
1153 2351 1297 2388 Monuit
1321 2350 1479 2388 Heeren⁴

835 2408 948 2447 [deen
968 2409 1005 2455 1,
1023 2410 1045 2448 1
1064 2421 1149 2458 pag.
1170 2407 1263 2447 456.

891 2463 1096 2510 ποιέοντας
1112 2461 1247 2512 ταῦτα]
1258 2461 1377 2511 Vulgo
1393 2460 1482 2498 haee

836 2523 1002 2570 leguntur
1026 2522 1166 2557 inxeiso
1199 2519 1338 2555 ordine.
1401 2516 1482 2555 Nos

837 2579 925 2615 Gais
930 2578 1111 2614 f-01dium
1102 2576 1211 2614 ecuti
1229 2587 1360 2612 sumus.

891 2649 987 2672 κιατ(
992 2645 1236 2684 κηρωσαυτες
1266 2625 1321 2695 δη
1340 2631 1397 2668 ὥν
1415 2625 1482 2668 τὸν

835 2706 876 2729 ν·-
869 2688 955 2728 ’κυν
972 2689 1030 2728 Πέ
1035 2701 1123 2727 υσαι
1138 2720 1148 2736 ,
1177 2690 1230 2741 γῆ
1247 2681 1478 2736 κουνιτουσι]

836 2748 935 2784 Idem
948 2751 1122 2784 testantur
1132 2745 1265 2781 Strabo
1274 2742 1341 2780 XV
1351 2756 1387 2792 p.
1404 2758 1416 2782 ι
1399 2743 1480 2782 35

834 2816 919 2854 pag.
960 2804 1090 2849 1068,
1149 2802 1277 2838 Cicero
1319 2799 1354 2836 Γ
1357 2796 1479 2835 uscull.
