1909 3228
461 197 546 237 306
856 189 1331 232 HERODOTI

463 301 548 349 ἇπὸ
576 304 789 358 Δαρείου·
822 297 1086 350 ἀποστάντες
1120 298 1188 349 δὲ,
1219 296 1357 342 ὀπίσω
1387 297 1717 354 κατεστράφθη-

434 391 571 436 ὃσαν,
611 381 725 438 μάχῃ
752 379 1014 436 νικηθέντες.

1078 375 1172 420 τότε
1210 377 1255 421 δὲ
1295 377 1363 420 ἐπὶ
1399 375 1651 433 Ἀστυάγεος
1681 377 1723 420 οἱ
1735 383 1776 416 15

466 462 632 516 Πέρσαι
662 474 703 502 τε
733 459 807 502 καὶ
836 457 860 502 ὁ
892 462 1042 512 Κῦρος
1071 454 1386 507 ἐπαναστάντες
1412 461 1523 499 τοῖσι
1553 456 1720 512 Μήδοι-

465 553 532 590 σι,
561 535 697 595 ἦρχον
725 537 772 580 τὸ
804 536 887 582 ἀπὸ
919 535 1079 581 τούτου
1108 539 1184 592 τῆς
1208 533 1359 592 Ἀσίης.

1413 534 1647 590 Ἀστυάγεα
1675 535 1721 578 δὲ

464 623 636 672 Κῦρος,
667 615 806 660 κακὸν
837 615 967 659 οὐδὲν
996 615 1100 659 ἄλλο
1129 614 1338 671 ποιήσας,
1370 611 1451 669 εἶχε
1480 611 1576 667 παρ’
1610 612 1722 656 ἑωυ-

436 701 530 754 4τς5
559 697 600 747 ἐς
627 696 650 739 ὃ
680 695 933 751 ἐτελεύτησε.

997 695 1122 739 Οὕτω
1154 694 1206 751 δή
1237 697 1387 748 Κῦρος
1419 690 1650 749 γενόμενός
1677 706 1723 734 τε

464 775 538 820 καὶ
568 775 745 832 τραφεὶς
775 775 1043 832 ἐβασίλευσε·
1086 776 1159 819 καὶ
1186 778 1380 829 Κροῖσον
1409 772 1594 826 ὕστερον
1622 768 1722 814 τού·
1734 777 1780 810 20

465 870 554 897 των
582 852 773 908 ἄρξαντα
803 852 969 911 ἀδικίης
998 854 1336 910 κατεστρέψατο,
1367 851 1425 903 ὥς
1455 851 1621 908 εἴρηταί
1648 866 1724 906 μοι

412 1038 572 1077 Heracll.
603 1052 638 1089 p.
661 1041 752 1080 102.
811 1038 887 1076 Sed
918 1038 1062 1075 dubita-

411 1096 544 1133 tionem
553 1096 708 1133 movisse
727 1095 831 1132 video
841 1096 883 1131 C.
907 1095 952 1132 G.
965 1095 1063 1132 Krit-

412 1164 490 1200 ger.
511 1152 547 1188 in
565 1152 734 1189 Seebode
754 1150 892 1188 Archiv.
924 1153 948 1189 f.
978 1151 1063 1188 Pbi-

411 1207 524 1257 lolog.
543 1209 617 1245 und
640 1208 853 1256 Paedagog.
877 1208 891 1244 l
912 1208 1061 1255 (1824)

411 1277 450 1315 p.
471 1267 550 1306 223
574 1277 652 1313 seq.
667 1269 743 1301 not.
802 1264 870 1300 Cui
898 1265 956 1301 vix
975 1277 1061 1313 pro-

412 1320 531 1358 babile
550 1321 709 1368 videtur,
738 1320 932 1358 Medorum
958 1321 1061 1357 dese

413 1377 566 1414 ctionem
579 1406 590 1423 ,
620 1390 714 1425 quae
729 1380 862 1413 centum
883 1379 1059 1426 quinqua-

412 1434 515 1481 ginta
530 1436 614 1482 post
631 1433 735 1468 annis
755 1433 821 1468 sub
843 1432 958 1468 Durio
981 1431 1057 1468 No-

415 1488 473 1524 tho
490 1488 641 1534 accidit,
681 1489 726 1524 ab
752 1488 943 1524 Herodoto
967 1488 1060 1523 indi-

414 1545 487 1581 cari
515 1543 665 1606 simplici
704 1543 1058 1597 sornml·1:v67:5'9c1)

413 1595 561 1652 χρόνῳ,
594 1600 653 1649 qui
673 1613 739 1650 pro
760 1612 861 1637 more
876 1614 942 1637 suo
963 1600 1060 1637 (lice-

415 1669 454 1693 re
473 1656 654 1693 debebat
644 1651 769 1709 χρόνω
786 1659 920 1711 πολλῷ
931 1671 959 1693 s.
969 1659 1059 1695 πολ-

415 1714 517 1750 λοῖσι
535 1710 808 1761 ε’τεσιῧστερον
830 1718 892 1749 aut
907 1713 976 1749 alio
988 1725 1059 1761 quo

413 1769 523 1806 modo
540 1770 794 1806 accuratiorem
810 1769 986 1819 temporis
996 1781 1062 1804 no-

414 1825 587 1861 tationem
637 1824 868 1872 subiungere.
955 1824 1062 1867 Quae

414 1893 493 1917 cum
511 1881 560 1917 ita
584 1880 673 1927 sint,
704 1893 746 1916 eo
774 1880 919 1916 inclinat
935 1880 980 1916 V.
1001 1879 1062 1927 D.‚

414 1940 454 1973 ut
474 1937 520 1974 de
551 1936 664 1973 Durio
683 1936 877 1986 Hystaspis
898 1936 992 1973 hunc
1008 1936 1062 1972 lo-

414 2005 492 2029 cum
511 1992 712 2041 intelligere
728 1993 846 2040 malit,
863 1993 930 2029 nisi
946 1993 1062 2029 omni-

413 2061 462 2085 no
500 2048 590 2086 haec
623 2048 752 2086 Nostri
780 2050 891 2086 verba
926 2049 1061 2086 sen'ore

415 2108 536 2142 aetate
553 2106 598 2142 ab
620 2105 689 2141 alio
710 2106 851 2143 adiecta
869 2106 1011 2142 fuerint.

469 2154 709 2208 οἷποστοῖιτες
745 2159 809 2208 δὲ,
841 2156 966 2201 ὀπίσω
985 2175 1059 2199 κα-

413 2214 864 2282 τεστράφθησαι]
950 2231 1057 2256 κατε-

414 2268 703 2326 στράφθησαν,
733 2275 832 2311 cuius
861 2274 939 2310 loco
960 2273 1058 2310 codi-

413 2342 474 2367 ces
510 2329 672 2366 nonnulli
718 2325 1057 2381 κατεστράφησαν,

412 2386 461 2423 ad
509 2387 665 2423 rariores
707 2391 818 2435 atque
853 2387 1056 2436 asperiores

412 2441 540 2479 Nostri
564 2443 698 2479 formas
726 2443 865 2480 lonicas
887 2441 1056 2492 pertinet,

411 2510 454 2535 ac
473 2498 707 2549 probabiliter
725 2499 913 2536 deducitur
940 2509 961 2533 3
982 2499 1055 2534 sor-

411 2566 469 2591 ma
488 2550 649 2604 στροὲφω
661 2583 669 2597 ,
691 2554 769 2591 aliis
786 2553 944 2592 dialectis
960 2553 1056 2589 haud

411 2609 579 2648 inusitata
592 2639 602 2657 ,
630 2623 708 2648 cum
729 2608 881 2660 στρέφω
898 2622 1056 2646 commu-

411 2666 467 2701 nis
493 2667 539 2702 sit
571 2666 726 2704 dialecti.
785 2667 892 2703 Conf.
926 2664 1054 2701 Matth.

411 2718 448 2770 ἓ.
473 2723 572 2767 191,
594 2726 620 2763 2
648 2735 732 2772 pag.
756 2724 849 2763 337.
875 2722 1052 2758 Herodot.

410 2775 464 2821 ll,
494 2779 558 2816 81.
610 2778 659 2823 ll,
694 2781 730 2818 2.
771 2778 858 2826 VH,
896 2780 977 2819 228
1017 2781 1052 2814 et

409 2829 562 2868 Person.
594 2835 640 2870 ad
665 2833 829 2884 Euripid.
861 2833 1049 2871 phoeniss.

1130 1051 1182 1074 vs.
1201 1039 1308 1080 9863
1337 1049 1430 1085 quos
1453 1035 1577 1072 laudat
1594 1034 1779 1083 Schweig-

1130 1095 1340 1132 haeuserus.

1186 1200 1397 1257 Ἀστυάγεα
1427 1200 1469 1242 δὲ
1504 1205 1661 1255 Κῦρος,
1711 1217 1779 1242 κα-

1127 1259 1197 1302 κόι
1220 1259 1337 1301 ου’ὁὲν
1368 1259 1461 1299 α’λλο
1480 1256 1669 1311 ποιήσας,
1702 1255 1779 1311 ειχε

1127 1316 1227 1369 παρ’
1253 1317 1388 1358 εωυτοῖ
1419 1313 1498 1363 ἐς
1487 1315 1509 1356 ὀ
1530 1313 1777 1366 ἐτελεύτησε]

1128 1376 1312 1424 Iungimus
1333 1360 1430 1411 hisce
1451 1374 1598 1410 etesiae
1616 1373 1779 1410 testimo-

1126 1433 1223 1468 nium
1245 1432 1280 1466 in
1304 1431 1487 1480 Excerptt.
1508 1429 1660 1467 Persice.
1680 1427 1716 1479 ἓ.
1739 1431 1779 1475 2,

1126 1488 1186 1536 qui
1230 1486 1451 1534 Astyagem,
1495 1485 1586 1522 mira
1626 1486 1776 1522 deorum

1125 1545 1158 1580 vi
1179 1543 1413 1593 compedibus
1431 1541 1605 1588 solutum,
1635 1546 1720 1591 post
1739 1545 1778 1577 ut

1126 1604 1265 1650 patrem
1285 1612 1306 1635 a
1324 1599 1422 1647 Cyro
1443 1597 1572 1635 cultum
1607 1611 1689 1635 esse
1719 1610 1777 1634 re-

1126 1657 1218 1702 fert,
1249 1655 1309 1704 qui
1325 1656 1401 1691 eius
1422 1654 1530 1690 (iliam
1550 1653 1696 1702 Amytin
1710 1665 1776 1704 pro

1128 1717 1243 1748 matre
1270 1724 1311 1748 ac
1338 1711 1473 1748 deinde
1493 1724 1558 1760 pro
1578 1723 1690 1746 uxore
1713 1709 1778 1746 ha-

1130 1767 1256 1804 buerit.
1295 1766 1352 1804 De
1368 1767 1535 1804 extremis
1558 1766 1642 1803 fatis
1666 1765 1778 1814 Asty-

1129 1823 1210 1871 agis
1234 1823 1282 1859 nil
1311 1822 1461 1861 relatum
1496 1822 1696 1860 invenimus
1729 1822 1777 1859 ab

1129 1879 1339 1924 Herodot03
1369 1879 1435 1917 sed
1453 1883 1578 1916 auctor
1605 1883 1660 1917 est
1679 1879 1776 1915 idem

1130 1935 1274 1973 Ctesias
1299 1935 1321 1971 l.
1341 1935 1363 1972 l.
1385 1934 1421 1986 ἓ.
1444 1935 1468 1976 5
1496 1935 1649 1986 turpiter
1678 1934 1775 1972 illum

1127 1991 1164 2027 in
1181 1992 1335 2029 desertis
1353 1991 1512 2029 relictum
1525 2004 1568 2028 ac
1579 1991 1777 2042 proditum,

1127 2048 1258 2085 misere
1297 2048 1432 2086 obiisse
1475 2049 1572 2085 same
1620 2059 1663 2084 ac
1703 2046 1776 2094 siti,

1125 2103 1318 2153 splendide
1341 2108 1462 2141 tamen
1489 2107 1575 2154 post
1595 2102 1775 2152 sepultum

1127 2173 1228 2206 esse,
1265 2172 1311 2196 ne
1335 2159 1470 2196 scilicet
1499 2164 1602 2208 turpe
1633 2159 1772 2194 facinus

1124 2215 1243 2265 palam
1274 2215 1377 2252 fieret
1415 2215 1587 2264 Cyroque
1613 2214 1681 2264 ipsi
1706 2214 1774 2251 ad-

1125 2271 1349 2309 scriberetur.
1418 2270 1523 2314 Quae
1565 2270 1713 2319 quidem
1750 2282 1773 2307 a

1122 2339 1316 2375 regnorum
1363 2327 1588 2364 orientalium
1647 2326 1772 2364 indole

1120 2385 1395 2434 principumque
1414 2383 1574 2420 moribus
1603 2395 1679 2420 non
1707 2383 1772 2420 ab·

1120 2439 1277 2477 horrent.
1317 2440 1425 2476 conf.
1449 2439 1496 2476 ad
1521 2439 1682 2477 Ctesiam
1704 2452 1772 2476 no-

1120 2500 1198 2532 tatt.
1233 2509 1318 2546 pag.
1351 2498 1442 2536 107.
1492 2516 1548 2523 —-
1592 2495 1634 2532 In
1665 2508 1769 2545 seqq.

1121 2547 1271 2590 τούτων
1288 2553 1396 2601 iunge
1419 2565 1498 2588 cum
1519 2547 1770 2604 ὕστερονΡο-ςΐ

1121 2608 1187 2645 illa
1230 2609 1253 2645 i.
1286 2621 1316 2647 e.
1355 2612 1441 2658 post
1475 2607 1551 2655 illa,
1587 2620 1682 2657 quae
1721 2608 1768 2646 de

1119 2666 1284 2713 Astyage
1309 2670 1389 2702 acta
1420 2668 1545 2711 erant,
1576 2665 1766 2710 Croesum,

1120 2721 1179 2769 qui
1199 2722 1299 2771 prior
1319 2722 1438 2771 ipsum
1462 2720 1615 2768 adgredi
1636 2732 1766 2770 coepe-

1118 2782 1195 2823 rat,
1236 2778 1391 2826 subegit.
1465 2777 1548 2815 Vid.
1590 2789 1701 2827 supra
1736 2775 1765 2821 l,

1116 2834 1169 2874 75
1196 2846 1300 2882 seqq.
