1909 3228
591 211 1013 253 EUTERPE.
1065 215 1111 253 Il.

209 319 438 376 συλλαβών
465 320 543 364 τόν
581 321 716 377 λόγον
745 322 897 377 ἔφηνε·

1384 216 1468 257 599

947 321 1024 366 ἀλλ
1033 322 1043 337 ’
1085 325 1130 367 οἱ
1170 322 1465 380 ἐπιγενόμενοι

178 399 347 454 4τούτῳ
379 401 584 455 σοφισταὶ
613 399 803 456 μεζόνως
832 401 1055 457 ἐξέφηναν.
1085 401 1164 446 τόν
1194 402 1238 446 δ’
1271 398 1331 446 ὧν
1353 409 1466 459 φαλ-

207 479 288 522 λόν
317 478 395 522 τόν
434 484 495 536 τῷ
525 478 730 537 Διονύσῳ
771 481 1050 537 πεμπόμενον
1080 481 1349 538 Μελάμπους
1380 483 1465 526 ἐστὶ
1478 489 1523 522 60

208 558 232 603 ὁ
263 558 636 615 κατηγησάμενος·
666 560 739 603 καὶ
770 559 854 603 ἀπὸ
885 561 1044 604 τούτου
1073 560 1289 617 μαθόντες
1317 565 1465 605 ποιεῦ-

176 645 196 678 5
211 650 253 681 σι
282 637 333 681 τοὶ
363 642 533 681 ποιεῦσι
549 638 765 695 Ἕλληνες.

823 639 928 694 Ἐγώ
975 640 1054 696 μέν
1093 640 1177 683 νύν
1219 658 1330 697 φημι
1370 645 1464 684 Με-

204 717 405 773 λάμποδα
432 716 667 772 γενόμενον
696 717 837 774 ἄνδρα
863 719 1028 774 σοφόν,
1058 719 1271 777 μαντικήν
1288 737 1332 764 τε
1354 720 1462 763 ἑωυ-

202 801 264 855 τῷ
294 801 525 852 συστῆσαι,
556 798 628 840 καὶ
660 797 917 852 πυθόμενον
954 795 1033 842 ἀπ’
1062 798 1312 854 Αἰγύπτου,
1354 797 1463 843 ἄλλα

201 893 246 919 τε
275 875 415 918 πολλὰ
450 876 746 932 ἐσηγήσασθαι
781 876 980 933 Ἕλλησι,
1035 879 1107 920 καὶ
1145 879 1198 921 τὰ
1247 879 1347 933 περὶ
1384 878 1462 921 τὸν

172 952 447 1005 6Διόνυσον,
478 953 603 1011 ὀλίγα
634 953 781 999 αὐτῶν
810 955 1157 1010 παραλλάξαντα.
1207 956 1261 1000 οὐ
1290 956 1373 1013 γὰρ
1406 956 1458 1013 δὴ

201 1034 454 1089 συμπεσέειν
491 1052 538 1090 γε
579 1034 706 1091 φήσω
739 1034 792 1078 τά
828 1051 871 1078 τε
908 1035 956 1079 ἐν
984 1035 1191 1093 Αἰγύπτῳ
1221 1036 1515 1093 ποιεύμεναὸδ

140 1243 215 1266 non
252 1230 373 1266 omnia
409 1228 572 1278 singula,
622 1242 715 1278 quae
744 1231 792 1267 ad

140 1286 272 1323 Bacchi
303 1299 403 1323 sacra
431 1286 657 1335 pertineant,
687 1299 792 1323 accu-

138 1342 315 1379 ratissime
329 1343 478 1380 Graecis
496 1343 714 1391 exposuerit,
726 1344 792 1380 sed

138 1398 221 1445 alii,
252 1399 314 1447 qui
334 1399 452 1447 ipsum
479 1399 590 1434 secuti
615 1403 699 1434 sunt
728 1411 791 1435 va-

138 1458 193 1492 tes
221 1454 495 1500 sacerdotesve,
525 1453 614 1490 haec
645 1454 792 1503 supple-

137 1510 255 1547 verint
265 1523 481 1559 omnemque
493 1510 694 1546 doctrinam
706 1523 792 1559 per-

136 1567 299 1604 fecerint.
358 1566 481 1604 Verba
512 1566 686 1618 φαίνειν,
714 1566 789 1605 δει-

135 1617 283 1662 κνύναι
319 1623 356 1660 in
408 1635 587 1660 sacrorum
625 1623 790 1660 doctrina

135 1680 391 1729 mysteriisque
410 1680 604 1730 praecipue
626 1679 789 1717 adhiberi

137 1737 305 1772 observat
323 1737 420 1773 idem
441 1735 572 1773 CreuZ.
592 1735 615 1772 l.
639 1736 662 1772 l.

194 1787 284 1830 ἀλλ’
313 1792 353 1830 οῖ
369 1788 637 1842 ἐπιγενόμενοι
656 1786 785 1842 τούτῳ

139 1846 324 1896 σοφισταὶ
359 1843 530 1897 μεζόνως
562 1846 783 1896 ἐξέφηναν]

137 1901 331 1951 σοφιστάς
350 1904 384 1940 h.
407 1904 429 1940 l.
450 1904 538 1939 dixit
556 1903 708 1940 honesto
727 1903 785 1939 vel

136 1961 257 2010 potius
279 1960 476 1996 honorifico
491 1972 612 2005 sensu,
626 1965 786 2008 utsupra

136 2016 166 2063 l,
187 2019 263 2063 29,
292 2016 353 2052 ubi
381 2017 453 2052 vid.
501 2015 581 2052 Nec
602 2015 706 2053 aliter
731 2015 786 2051 in-

134 2074 191 2109 fra
219 2072 490 2122 Melampodem
520 2075 624 2108 vocat
647 2066 787 2119 σοφόν.

133 2128 231 2166 Add.
259 2128 415 2166 Pausan.
452 2127 558 2172 VIII,
586 2127 639 2169 49
678 2126 715 2178 ἓ.
747 2130 784 2168 2.

134 2184 388 2233 Intelliguntur
418 2188 537 2221 autem
559 2183 593 2220 h.
616 2183 638 2220 l.
667 2196 786 2220 sacer-

134 2242 239 2278 dotes
275 2240 524 2291 Melampodei
562 2240 637 2277 sive
666 2252 786 2277 sacer-

134 2297 238 2335 dotes
257 2297 306 2333 illi
321 2326 332 2344 ‚
362 2298 423 2346 qui
439 2296 709 2346 Melampodem
727 2309 785 2333 se-

134 2353 205 2390 cuti
232 2353 288 2390 vel
324 2366 368 2390 ex
399 2366 443 2390 eo
476 2353 647 2403 prognati
683 2365 784 2389 sacra

133 2408 309 2446 Bacchica
343 2409 494 2459 amplius
534 2413 784 2460 propagarunt

134 2477 201 2514 per
222 2465 423 2502 Graeciam.
481 2465 523 2502 In
546 2466 677 2514 quibus
710 2465 783 2502 Or-

133 2520 268 2570 pheum
314 2520 521 2558 habendum
569 2534 651 2558 esse
701 2533 781 2558 cum

133 2576 317 2613 Creuzero
349 2577 530 2625 (Symbol.
548 2577 600 2613 Ill
623 2590 660 2626 p.
682 2577 781 2624 168)

134 2631 232 2668 haud
275 2632 521 2669 dubitandum.
578 2633 627 2668 Et
657 2634 781 2670 confer

133 2688 274 2725 Herod.
296 2687 344 2734 ΙΙ,
366 2690 430 2729 81.
466 2690 588 2726 Verba
609 2683 782 2739 μεζόνως

135 2742 332 2793 ἐξέφηναν
370 2745 550 2792 (maiorem
580 2747 618 2781 in
646 2744 782 2782 modum

127 2799 392 2851 patefecerunt)
403 2803 450 2838 ad
468 2801 651 2839 meliorem
665 2805 703 2838 et
723 2814 784 2839 ac-

134 2857 350 2895 curatiorem
377 2858 633 2896 Bacchicorum
646 2903 652 2907 ⁸
664 2870 783 2896 sacro-

860 1244 937 1268 rum
977 1231 1203 1283 disciplinam
1235 1244 1278 1269 ac
1315 1232 1516 1271 doctrinam

859 1289 1050 1326 referenda
1070 1293 1170 1335 sunt,
1201 1302 1310 1338 quam
1330 1289 1426 1326 hisce
1452 1302 1516 1326 va-

859 1344 954 1380 tibus
982 1345 1106 1381 debuit
1144 1345 1321 1390 Graecia3
1361 1359 1515 1394 quorum

859 1401 1056 1437 eorundem
1073 1402 1186 1450 opera
1205 1401 1312 1437 etiam
1337 1401 1514 1451 Apollinis

860 1468 960 1492 sacra
987 1460 1098 1504 atque
1128 1456 1262 1493 Bacchi
1296 1461 1382 1506 post
1420 1457 1514 1494 bella

858 1523 994 1559 magna
1015 1512 1256 1561 diuturnaque
1274 1513 1368 1550 inter
1383 1513 1513 1550 utrius—

859 1580 930 1616 que
963 1568 1021 1605 dei
1054 1568 1209 1605 cultores·
1239 1573 1382 1616 exorta,
1422 1582 1514 1618 quo-

857 1624 1053 1661 dammodo
1086 1625 1287 1675 composita
1321 1630 1356 1662 et
1384 1638 1514 1663 recon-

855 1680 977 1717 ciliata
1002 1681 1156 1727 fuerint,
1187 1686 1360 1719 monente
1388 1681 1453 1719 Cr.
1476 1682 1512 1719 in

855 1736 1016 1784 Symbol.
1035 1737 1085 1773 Ill
1108 1749 1194 1786 pag.
1219 1739 1320 1784 163,
1346 1739 1407 1786 qui
1429 1751 1511 1775 cum

854 1792 1069 1829 Herodoteo
1109 1793 1187 1829 loco
1230 1794 1386 1830 conferri
1434 1794 1509 1831 vult

854 1847 996 1884 Platon.
1017 1848 1152 1895 Cratyl.
1175 1848 1321 1898 1›.407,
1341 1849 1384 1886 Β.
1405 1863 1439 1899 p.
1453 1852 1506 1891 81

854 1903 1004 1940 Heindf.
1036 1909 1072 1941 et
1099 1904 1189 1940 haec
1218 1909 1409 1953 praeterea
1440 1907 1507 1942 ad-

854 1960 1015 2009 scripsit:
1046 1960 1177 2006 „Cum
1197 1959 1264 1996 hac
1285 1962 1507 1998 emendatio-

854 2028 901 2052 ne
921 2015 1104 2052 doctrinae
1126 2015 1322 2053 Bacchicae
1339 2019 1506 2066 adeoque

853 2070 1032 2121 phallicae
1075 2072 1273 2120 comparari
1313 2073 1423 2110 debet
1461 2087 1504 2111 ea

853 2127 1061 2164 vicissitudo
1113 2127 1317 2164 Indicarum
1361 2129 1506 2178 religio-

853 2196 960 2230 num,
999 2196 1071 2232 qua
1100 2183 1276 2220 Wischnu
1303 2184 1504 2234 phallorum

852 2239 985 2277 cultum
1004 2251 1026 2275 a
1047 2239 1188 2276 Schiwa
1203 2240 1373 2279 traditum
1381 2254 1503 2278 emen-

852 2296 960 2333 (lasse
995 2296 1118 2332 fertur.
1189 2295 1297 2332 Conf.
1331 2297 1502 2336 Goerres.

849 2351 1126 2400 Mythengesch.
1155 2365 1192 2402 p.
1215 2352 1296 2393 559
1318 2365 1394 2402 seq.
1413 2354 1502 2402 ibiq.

850 2408 999 2445 laudd.“

906 2459 1099 2515 μαντικήν
1124 2477 1164 2501 τε
1195 2461 1330 2517 ἑωυτῷ
1350 2466 1501 2515 συστῆ-

850 2519 938 2570 σαι]
972 2521 994 2556 ἰ.
1018 2533 1050 2557 e.
1082 2523 1190 2556 artem
1208 2520 1432 2557 vaticinandi
1452 2524 1501 2558 si-

849 2578 885 2614 bi
903 2578 1153 2626 acquisivisse,
1185 2588 1406 2626 comparasse.
1438 2577 1499 2615 Cf.

844 2633 882 2681 Ι,
915 2635 1006 2674 103

906 2684 955 2728 ου’
995 2685 1068 2753 γοῖο
1107 2684 1157 2738 δη
1195 2685 1427 2738 συμπεσὲειν
1456 2702 1499 2740 γε

850 2740 970 2795 φήσω
988 2760 1035 2783 τα
1062 2758 1101 2782 τε
1131 2743 1173 2783 ἐν
1193 2739 1383 2798 Αἰγύπτῳ
1410 2759 1497 2783 ποι-

852 2797 1019 2852 εύμενα]
1068 2800 1171 2837 Haec
1198 2802 1308 2838 verba
1337 2802 1382 2838 ab
1416 2801 1495 2838 aliis

851 2859 970 2896 minus
991 2861 1087 2895 recte
1107 2856 1310 2905 intellecta,
1336 2857 1429 2896 bene
1446 2857 1496 2895 sic

1522 953 1600 991 128
