1909 3228
560 177 985 217 EUTERPE.
1034 177 1081 216 ΙΙ.

1356 178 1439 218 811

178 287 318 343 γενεαὶ
349 287 553 331 δυνέαται
592 285 729 344 μύρια
769 287 881 331 ἔτεα·
933 287 1077 344 γενεαὶ
1105 286 1189 343 γὰρ
1218 289 1333 340 τρεῖς
1362 283 1441 328 οἶν-

150 368 327 420 3δρῶν,
358 366 513 411 ἑκατὸν
542 366 634 410 ἔτεα
665 366 766 411 ἐστι.
824 370 921 424 μιῆς
951 367 997 411 δὲ
1028 367 1102 411 καὶ
1129 364 1443 420 τεσσεράκοντα

181 445 241 488 ἔτι
270 449 358 488 τῶν
391 446 626 489 ἐπιλοίπων
654 446 860 502 γενεέων,
910 448 955 489 αἳ
991 446 1155 502 ἐπῆσαν
1190 448 1289 502 τῇσι
1319 459 1441 499 τριη-

180 526 377 581 κοσίῃσι,
409 525 496 568 ἔστι
525 524 837 580 τεσσεράκοντα
867 524 939 567 καὶ
967 523 1193 581 τριηκόσια
1223 523 1292 566 καὶ
1323 523 1437 578 χίλια

153 603 289 646 ligna.
347 603 462 646 οὕτω
492 603 541 646 έν
570 605 766 659 μυρίοισί
806 619 849 645 τε
880 602 989 645 ἔτεσι
1018 604 1092 646 καὶ
1130 605 1330 659 χιλίοισι,
1367 600 1499 644 namo

180 682 303 736 πρὸς,
331 684 618 738 τριηκοσίοισί
645 697 690 724 τε
714 681 787 725 καὶ
809 680 1137 734 τεσσεράκοντα,
1167 682 1315 738 ἔλεγον
1333 678 1443 724 θεὸν

179 759 509 816 ἀνθρωποειδέα
546 759 708 805 οὐδένα
744 760 971 815 γενέσθαι·

1035 760 1089 803 οὐ
1131 761 1209 815 μέν
1241 777 1310 803 τοι
1340 758 1442 803 οὐδὲ

178 839 416 894 πρότερον,
449 838 552 883 ου’δὲ
581 839 768 893 ὕστερον
797 840 844 882 έν
863 843 975 882 τοῖσι
995 837 1279 882 ὑπολοίποισι
1302 837 1442 893 Αἰγύ-

177 933 290 962 πτου
320 921 543 976 βασιλεῦσι
571 917 842 974 γενομένοισι
866 950 878 970 ,
928 918 1076 974 ἔλεγον
1114 921 1322 961 τοιοῦτον
1362 915 1442 960 οὐ-

150 998 268 1040 5δέν.
321 995 395 1041 Ἐν
423 1000 577 1042 τοίνυν
605 996 746 1054 τούτῳ
775 1000 836 1053 τῷ
874 996 1021 1054 χρόνῳ
1061 996 1256 1052 τετράκις
1294 996 1443 1051 ἔλεγον

179 1076 221 1128 ἐξ
253 1073 398 1132 ἠθέων
427 1077 503 1122 τὸν
531 1076 657 1134 ἥλιον
688 1075 927 1121 ἀνατεῖλαι·
976 1076 1086 1121 ἔνθα
1114 1092 1159 1121 τε
1189 1079 1274 1120 νῦν
1302 1091 1436 1120 κατα-
1452 1081 1498 1116 25

179 1327 234 1334 --
250 1305 433 1346 δυνέαται
447 1303 568 1357 μύρια
586 1305 686 1357 ἔτεα]
708 1302 776 1345 δυ’-

122 1367 275 1402 νασθαι
305 1364 421 1401 valere
441 1392 452 1410 ‚
497 1365 660 1414 conficere
699 1363 776 1399 illu-

123 1420 248 1457 stravit
283 1420 534 1457 Hemsterhus.
571 1421 618 1456 ad
652 1419 775 1467 Viger.

123 1477 170 1513 de
191 1476 362 1513 idiotism.
381 1489 464 1526 pag.
485 1475 578 1515 234.
601 1475 661 1512 Tu
678 1475 773 1512 conf.

120 1532 262 1570 Herod.
283 1533 356 1580 ΙΙΙ,
372 1534 437 1573 89.
468 1531 513 1579 V,
537 1531 602 1572 53.
661 1531 775 1574 Quod

122 1589 157 1626 h.
178 1588 199 1625 l.
229 1602 336 1638 reges
359 1602 401 1626 ac
424 1588 615 1639 pontifices
636 1587 776 1625 Noster

122 1650 288 1683 recenset
330 1649 496 1682 trecentos
533 1644 776 1694 quadraginta

121 1714 249 1749 unum,
278 1702 317 1739 id
344 1715 420 1739 non
437 1714 584 1752 prorsus
607 1701 776 1750 congruit

124 1771 205 1795 cum
226 1771 307 1808 cap.
327 1771 419 1806 seq.‚
447 1757 508 1793 ubi
530 1762 776 1794 memorantur

123 1815 267 1851 trecenti
294 1814 533 1863 quadraginta
560 1826 630 1849 sex.
699 1812 776 1849 Sed

125 1871 194 1907 hoc
220 1869 354 1918 levius,
383 1871 446 1907 ubi
471 1874 525 1907 tot
545 1869 616 1906 alia
640 1868 779 1906 inveni-

124 1931 254 1973 untur,
284 1939 379 1975 quae
398 1927 446 1964 ad
469 1926 641 1963 historiae
668 1925 778 1962 fidem

124 1984 182 2020 vix
202 1995 362 2031 unquam
386 1982 482 2031 exigi
500 1986 681 2032 poterunt.
718 1981 778 2018 De

125 2039 373 2076 sacerdotibus
405 2052 603 2087 eorumque
628 2050 778 2075 munere

123 2107 168 2133 ac
204 2095 385 2143 dignitate
420 2095 593 2133 disseruit
618 2094 777 2132 Heeren.

125 2152 236 2190 Ideen
262 2151 316 2199 ΙΙ,
343 2156 370 2193 2
399 2165 434 2202 p.
457 2154 536 2193 127
562 2163 664 2200 seqq.

181 2204 279 2247 θεὸν
316 2204 641 2260 ἀνθρωποειδέα]
683 2206 705 2242 ἰ.
745 2220 778 2245 e.

124 2265 225 2303 deum
249 2265 404 2302 human&
421 2264 547 2315 sot-mci
563 2263 774 2314 praeditum.

127 2322 236 2359 Conf.
256 2321 301 2368 ΙΙ,
319 2323 391 2362 86;
431 2318 557 2361 τύπον
580 2315 712 2371 ἅνθρ
727 2335 775 2358 ω-

127 2375 344 2417 ποειδέα
362 2383 398 2416 et
421 2378 456 2425 Ι,
481 2380 558 2419 131
582 2372 775 2428 ἅνθρω-

126 2449 156 2473 π
170 2432 358 2483 οφυέας
374 2457 430 2463 —-
449 2432 542 2482 τούς
558 2430 694 2479 θεούς,
716 2433 778 2470 ubi

126 2491 198 2527 vid.
221 2495 311 2527 nott.

184 2544 317 2598 ἔλεγον
342 2545 381 2593 ἐξ
406 2541 544 2597 ἠθέων
568 2542 637 2585 τόν
658 2541 777 2596 ἥλιον

128 2597 345 2653 ἀνατεῖλαι]
376 2602 414 2650 ἐξ
436 2598 573 2653 ἠθέων
591 2603 612 2639 i.
627 2616 659 2640 e.
676 2606 778 2639 extra

127 2659 238 2696 sedem
275 2672 374 2696 suam
391 2688 401 2706 ,
444 2663 664 2704 consuetam,
705 2658 777 2706 ἔξω

127 2718 199 2764 τῆς
221 2715 459 2766 συνηθείας,
491 2720 529 2752 ut
548 2716 599 2751 ait
614 2714 778 2752 Thomas

127 2771 228 2821 Mag.
266 2785 352 2822 pag.
379 2773 472 2812 319.
532 2770 593 2808 Tu
618 2772 690 2808 vid.
717 2770 780 2808 Fi-

128 2829 240 2867 scher.
260 2829 308 2866 ad
331 2827 477 2866 Weller.
497 2827 546 2865 ΙΠ
559 2856 570 2875 ,
592 2828 614 2865 b
638 2841 675 2879 p.
699 2830 778 2869 127

844 1309 879 1344 et
895 1318 991 1354 quae
1019 1305 1090 1343 alia
1117 1305 1238 1343 attulit
1256 1303 1430 1342 Valcken.
1451 1303 1500 1341 ad

842 1362 876 1398 h.
897 1361 919 1398 l.
977 1362 1140 1399 Imitatus
1173 1366 1228 1399 est
1245 1361 1500 1399 Herodoteam

842 1417 1034 1456 lectionem
1082 1418 1282 1455 Pausanias
1330 1416 1405 1464 ΙΙΙ,
1446 1415 1500 1457 14

842 1472 879 1524 ξ.
903 1477 950 1521 9,
989 1475 1050 1511 ubi
1082 1474 1154 1511 vid.
1191 1473 1325 1511 Siebel.
1355 1492 1411 1500 ——-
1439 1471 1500 1509 Ad

841 1536 1096 1578 argumentum
1153 1530 1222 1568 loci
1282 1531 1499 1579 interpretes

841 1587 980 1624 dudum
1021 1586 1219 1624 attulerunt
1249 1585 1409 1623 Platonis
1445 1584 1500 1621 lo-

843 1656 921 1680 cum
944 1645 981 1681 in
1002 1643 1106 1694 polit.
1135 1658 1172 1694 p.
1192 1645 1296 1690 269,
1316 1641 1349 1679 A
1367 1672 1378 1690 ‚
1409 1654 1501 1691 quo-

842 1712 924 1736 cum
958 1699 1025 1737 Cr.
1055 1712 1100 1737 ea
1123 1701 1287 1746 confert,
1327 1711 1423 1747 quae
1452 1697 1500 1735 de

843 1755 1046 1805 Hipparchi
1071 1756 1250 1793 sententia
1268 1755 1367 1791 haud
1393 1754 1500 1791 dissi-

845 1811 916 1848 mili
934 1812 1104 1860 leguntur
1122 1812 1221 1862 apud
1244 1811 1373 1848 Senec.
1393 1811 1499 1860 epist.

845 1868 895 1905 ad
921 1867 1034 1904 Lucil.
1056 1871 1134 1914 71,
1166 1868 1227 1904 ubi
1254 1867 1326 1904 vid.
1364 1866 1499 1904 Muret.

845 1928 871 1961 t.
893 1923 943 1960 ΙΙΙ
972 1938 1008 1974 p.
1027 1926 1078 1964 61
1106 1937 1192 1974 opp.
1222 1924 1279 1961 ed.
1301 1923 1498 1960 Ruhnken.

846 1979 1110 2030 Aegyptiorum
1122 1980 1379 2027 narrationem,
1390 1991 1499 2028 quam

846 2037 1060 2074 Herodotus
1086 2037 1275 2087 prodidit,
1315 2036 1440 2084 attigit
1469 2035 1498 2072 Ι.

844 2092 1039 2142 Scaliger.‚
1085 2094 1132 2131 de
1178 2093 1320 2131 emend.
1361 2099 1498 2142 tempp.

845 2163 881 2200 p.
907 2152 1006 2195 1983
1037 2153 1074 2187 et
1098 2154 1182 2200 post
1211 2150 1307 2186 illum
1338 2149 1500 2197 Goguet.

845 2207 964 2255 origg.
984 2206 1055 2254 leg.
1074 2210 1112 2243 et
1133 2210 1201 2243 art.
1223 2207 1308 2243 diss.
1330 2205 1380 2242 lv
1405 2209 1430 2241 t.
1448 2204 1498 2241 ΙΙΙ

843 2275 880 2313 p.
903 2265 986 2304 300
1009 2263 1065 2300 ed.
1083 2262 1213 2310 Paris„
1246 2263 1308 2311 qui
1334 2261 1403 2299 hoc
1430 2274 1501 2311 po-

843 2319 914 2356 nit:
929 2318 1129 2369 Aegyptios
1151 2320 1304 2357 obscure
1319 2319 1499 2355 indicasse

844 2376 958 2413 videri
1011 2379 1186 2412 mutatum
1224 2375 1309 2412 solis
1356 2387 1499 2412 cursum

842 2436 1010 2482 tempore
1044 2431 1177 2469 Iosuae
1205 2430 1431 2482 imperatoris
1460 2433 1500 2468 et

845 2489 1021 2536 Hiskiae,
1059 2487 1275 2526 Iudaeorum
1301 2487 1420 2536 regis,
1451 2486 1498 2524 de

845 2558 917 2594 quo
941 2549 1095 2594 utroque
1120 2545 1157 2581 in
1179 2544 1310 2581 Iosuae
1328 2543 1419 2581 libro
1448 2542 1497 2589 X,

848 2604 913 2648 12,
934 2602 986 2641 13
1009 2605 1043 2636 et
1067 2600 1097 2636 ΙΙ
1117 2614 1209 2650 reg.‚
1232 2603 1349 2648 20,9.
1379 2598 1498 2636 Aliam

844 2657 898 2693 his
917 2657 1039 2694 adiicit
1060 2657 1323 2705 Wesselingius
1352 2659 1498 2694 senten-

846 2715 934 2750 tiam
961 2713 1026 2749 viri
1055 2714 1155 2750 docti
1181 2715 1217 2750 in
1245 2725 1392 2750 memor.
1409 2711 1496 2749 Tri-

845 2769 970 2807 vultin.
1003 2769 1162 2817 (janvier
1190 2771 1318 2817 1762)
1344 2773 1371 2806 t.
1391 2768 1496 2806 LXV

846 2839 931 2877 pag.
949 2824 1030 2867 409
1057 2826 1115 2864 ed.
1133 2823 1356 2873 Amstelod„
1386 2837 1496 2876 quam
