1909 3228
567 195 597 231 E
630 195 664 233 U
695 194 730 232 T
760 195 791 232 E
822 196 856 233 R
887 195 915 232 P
945 195 988 233 E.
1044 196 1086 232 11.
1364 198 1448 237 705

64 307 161 352 100
187 302 310 347 Μετὰ
344 303 390 346 δὲ
418 306 595 356 τοῦτον,
628 304 856 359 κατέλεγον
882 305 924 347 οἱ
954 305 1063 360 ἱρέες
1093 303 1139 348 ἐκ
1169 302 1337 360 βύβλου
1368 303 1771 367 ἄλ-65Πςεοῆ1ξηξῐΜ9-

1495 359 1771 420 ἶῖὗῗῖ..ἒ“1“ἒι“ιῖῑῖ,μὲ’ζ

125 540 208 582 cto,
242 535 422 573 Amasidis
466 549 603 587 opere,
642 535 778 573 Noster

126 592 249 630 retulit
279 593 331 639 ll,
355 595 454 637 176,
484 594 538 629 cui
561 593 656 629 adde
681 606 776 641 quae

125 650 224 699 apud
245 649 414 686 Strabon.
439 649 539 685 xx‘ll
562 662 646 698 pag.
668 652 771 689 1161

123 705 251 743 Almel.
281 719 316 755 p.
340 707 421 746 807
447 706 605 741 Casaub.
634 705 680 742 de
707 705 775 741 hoc

121 761 257 811 templo
270 761 438 809 leguntur
450 761 668 811 amplissimo
679 766 775 797 certe

123 824 159 856 et
180 818 481 867 splendidissimo.
528 818 636 854 Cuius
657 817 773 854 adhuc

122 875 255 911 rudera
278 874 508 910 inveniuntur
530 874 695 922 dispersa
725 874 772 910 ad

121 931 237 967 vicum
256 929 523 966 Mit-Rahineh.
544 930 626 966 Yid.
639 929 773 966 Cham-

120 985 207 1036 poll.
227 985 248 1022 l.
267 986 289 1022 l.
311 998 396 1036 pag.
416 986 499 1027 354
519 999 593 1034 seq·
616 987 698 1027 360
717 999 771 1034 Sq-

119 1042 277 1080 Roziere
299 1043 410 1079 deser.
432 1043 478 1079 de
498 1042 657 1093 l'Egypt.
678 1047 701 1080 t.
724 1042 772 1078 111

118 1112 155 1149 p.
177 1098 271 1140 452.
304 1099 377 1141 Qui
399 1098 617 1148 Hephaesta-5
638 1112 665 1135 s.
687 1099 772 1135 Γαί-

119 1168 227 1191 canus
268 1154 458 1192 Herodoto
500 1156 631 1192 dicitur
669 1156 771 1201 deus,

118 1212 215 1248 idem
233 1215 308 1258 est,
347 1212 408 1260 qui
438 1217 585 1248 vocatur
613 1211 769 1257 Plctlmle,

116 1268 212 1316 ignis
238 1268 309 1304 vim
337 1272 412 1304 tum
446 1281 656 1317 corpoream
694 1275 770 1305 tum

119 1323 397 1361 intellectualem
429 1323 624 1360 declarans.
700 1325 770 1361 Cui

118 1393 257 1417 summo
291 1380 360 1417 deo
388 1380 514 1416 addita
534 1379 630 1416 Isis·
645 1379 767 1427 Nez'th,

115 1437 214 1473 unde
245 1435 360 1472 Osiris
387 1439 559 1484 tanquam
590 1436 665 1482 sol,
695 1438 769 1474 sive

115 1490 410 1542 Horus-Apollo
443 1497 542 1529 ortus
575 1493 766 1529 ferebatur.

115 1548 223 1585 Conf.
250 1548 326 1585 Cic.
363 1552 435 1584 nat.
468 1549 569 1586 deor.
610 1549 682 1596 111,
715 1553 766 1590 21

114 1605 201 1653 ibiq:
221 1608 298 1641 not.
327 1617 411 1654 pag.
433 1604 513 1646 595
539 1609 574 1642 et
596 1605 769 1643 Creuzeri

115 1660 278 1710 Symbol.
299 1660 314 1697 I
334 1675 370 1712 p.
391 1662 471 1702 529
493 1674 569 1710 seq.

336 1745 462 1795 Cap.
506 1746 549 1782 C.

172 1825 378 1878 κατέλεγον
395 1827 436 1866 οἵ
450 1826 549 1878 ἱρέες
564 1827 603 1866 ἐκ
613 1824 767 1879 βύβλου

118 1897 153 1921 κ.
170 1898 200 1920 τ.
215 1882 261 1933 λ.]
294 1880 444 1935 βύβλον
464 1885 520 1921 1116
538 1885 624 1922 dicit
645 1885 767 1921 librum

115 1953 141 1975 s.
159 1939 315 1976 volumen
336 1954 584 1990 papyraceum.
644 1942 767 1989 Signi-

115 1994 199 2031 ficat
230 1997 325 2033 enim
365 1995 512 2048 βύβλος
548 2004 584 2035 et
611 1998 766 2034 volumen

107 2064 347 2100 papyraceum
383 2059 417 2090 et
445 2054 559 2103 ipsam
591 2054 764 2103 plantam,

112 2107 209 2143 unde
230 2106 316 2143 illud
337 2109 525 2146 conficitur
546 2124 574 2147 s.
596 2110 764 2159 Cypernm

105 2176 350 2213 papyraceum.
424 2165 539 2202 Multa
579 2167 689 2203 Beck.
727 2167 764 2203 in

112 2219 253 2268 allgem.
280 2220 502 2270 IVeltgesch.
535 2222 550 2258 I
576 2235 661 2272 pag.
681 2222 762 2263 755

112 2276 189 2312 coll.
215 2279 307 2317 267.
335 2298 391 2304 —
419 2278 479 2314 Ad
508 2284 763 2328 argumentum

112 2331 179 2368 loci
190 2331 279 2369 haee
297 2338 421 2371 monet
433 2335 601 2373 Creuzer.
614 2340 762 2379 (comm.

112 2387 277 2424 Herodd.
305 2402 340 2438 p.
371 2392 493 2439 197):
526 2392 636 2438 „Qui
664 2392 762 2429 locus

112 2454 207 2478 nunc
231 2440 379 2492 {planius
407 2446 622 2496 intelligitur
641 2478 651 2495 ,
681 2452 765 2498 post

112 2501 296 2547 protracta
315 2512 357 2536 ex
376 2501 576 2551 hypogaeis
598 2503 762 2541 Thebai-

113 2554 161 2589 cis
196 2553 375 2591 volumina
409 2570 614 2607 papyracea
634 2589 644 2606 ,
688 2573 763 2597 non

114 2608 227 2645 solum
263 2610 479 2659 imaginibus
510 2620 663 2661 ornata,
702 2629 763 2653 ve-

112 2678 190 2701 rum
207 2665 315 2702 etiam
342 2667 414 2704 late
441 2672 647 2718 patentibus
676 2673 763 2708 scri-

111 2726 242 2771 pturae
268 2722 439 2759 columnis
475 2726 628 2771 referta,
665 2729 762 2765 unde

111 2783 208 2814 recte
226 2777 358 2826 colligit
371 2780 596 2818 doctissimus
611 2782 762 2820 Iomard.

111 2833 147 2870 in
178 2834 346 2884 descript.
375 2836 421 2872 de
448 2836 540 2886 l'Eg.
563 2839 700 2888 antiqq.
729 2839 761 2876 11

169 2888 378 2929 HERono'r.
411 2892 438 2929 I.

846 550 880 586 p.
905 536 985 577 358
1015 548 1087 572 non
1116 537 1224 573 modo
1254 541 1408 574 tesseras
1442 550 1500 574 sa-

845 606 922 629 cras
936 621 946 637 ‚
977 592 1084 639 ritus,
1103 593 1368 643 disciplinarum
1391 607 1496 643 prae-

844 654 947 698 cepta
965 661 1145 685 sacrarum
1164 651 1363 700 perscripta
1384 652 1495 688 fuisse

843 706 879 741 in
899 705 963 741 illis
985 704 1235 751 voluminibus,
1253 708 1493 744 verumetiam

841 761 1008 798 historias
1022 789 1032 806 ,
1064 765 1101 798 et
1122 775 1188 810 pro
1207 763 1394 799 (muzalz'bus
1419 776 1495 800 ma-

841 830 951 865 gnam
970 822 1110 867 partem
1141 818 1310 855 habenda
1338 833 1420 857 esse
1439 832 1494 865 63,

842 886 935 922 quae
986 874 1114 923 papyri
1163 874 1244 911 illae
1281 875 1495 912 habuerunt.

840 930 931 967 Inde
949 930 1107 980 proclive
1137 934 1191 966 est
1216 931 1264 967 ad
1290 931 1494 980 intelligen—

842 987 948 1032 dum,
980 999 1041 1023 cur
1066 985 1252 1023 Diodorus
1279 987 1318 1034 1,
1351 988 1404 1028 53
1436 1001 1492 1024 res

842 1043 1057 1081 Sesostridis
1097 1043 1238 1080 uberius
1283 1048 1494 1093 persecutus

841 1100 910 1146 sit,
941 1100 1083 1136 brevius
1104 1098 1328 1136 Herodotus.
1375 1099 1492 1137 Nimi-

839 1169 918 1192 rum
938 1156 967 1192 si
986 1160 1145 1202 statuas,
1177 1165 1196 1193 e
1216 1156 1409 1193 maioribus
1428 1170 1491 1193 vo-

837 1212 1030 1249 luminibus
1049 1212 1177 1248 hausta
1203 1226 1284 1250 esse
1301 1226 1365 1258 ea,
1397 1225 1491 1261 quae

838 1268 1023 1305 Diodorus
1042 1269 1276 1306 memorando
1292 1269 1491 1315 audiverat,

838 1338 858 1362 e
900 1325 1122 1362 brevioribus
1159 1330 1279 1362 autem
1319 1324 1490 1372 lectitata,

838 1393 931 1429 quae
971 1381 1069 1430 apud
1105 1381 1340 1417 Herodotum
1376 1381 1490 1418 relata

836 1441 939 1473 sunt:
970 1437 1106 1473 debent
1128 1437 1282 1486 proinde
1302 1438 1489 1486 utriusque

836 1493 1062 1529 narrationes
1087 1493 1224 1529 censeri
1244 1506 1264 1530 e
1284 1493 1357 1530 fide
1374 1506 1488 1529 αηηα-

837 1549 922 1586 lium
943 1548 1219 1585 sacerdotalium.
1239 1548 1384 1586 Deinde
1395 1563 1490 1598 (11136

838 1605 956 1643 verbis
992 1609 1140 1642 narrata
1183 1605 1353 1654 leguntur
1390 1606 1488 1656 apud

838 1666 1030 1711 utrumque
1066 1663 1277 1712 scriptorem
1298 1691 1308 1709 ,
1359 1663 1489 1699 eadem

838 1731 1007 1769 prorsus,
1038 1719 1092 1756 vel
1113 1731 1156 1755 ex
1178 1723 1283 1768 parte
1303 1718 1409 1755 valde
1442 1719 1489 1755 si-

839 1775 956 1821 milia,
1004 1774 1211 1824 anaglypha
1248 1774 1417 1811 exhibent
1450 1775 1488 1810 in

838 1831 1037 1881 parietibus
1076 1831 1293 1880 templorum
1334 1830 1491 1881 palatio-

838 1899 993 1935 rumque
1020 1887 1211 1936 exsculpta.
1244 1887 1328 1929 Quo
1347 1899 1391 1923 ea
1406 1900 1490 1936 per-

834 1943 972 1990 tinent,
1010 1956 1104 1992 quae
1143 1943 1180 1979 in
1215 1943 1294 1979 vico
1317 1942 1488 1979 Medina-

835 1999 923 2036 tabu
940 2000 1101 2036 visuntur
1117 2028 1127 2046 ,
1157 2000 1352 2047 aeneisque
1380 1999 1487 2035 tabu-

834 2055 875 2092 lis
896 2056 1039 2092 reddita
1059 2060 1203 2094 exstant
1222 2056 1257 2091 in
1283 2067 1393 2104 opere
1410 2054 1487 2090 lau-

835 2112 934 2149 dato.
984 2110 1042 2147 Ad
1061 2125 1103 2149 ea
1121 2113 1215 2149 conf.
1235 2124 1330 2160 quae
1348 2111 1485 2148 ibidem

832 2172 1025 2205 monentur
1053 2169 1098 2205 ab
1126 2167 1326 2205 editoribus
1357 2167 1426 2203 vol.
1451 2166 1482 2203 11

832 2237 911 2273 cap.
932 2227 955 2264 9
976 2228 1060 2261 sect.
1085 2227 1105 2265 1
1126 2238 1160 2274 p.
1176 2227 1229 2265 60
1248 2236 1352 2272 seqq.
1380 2224 1486 2267 Quae

831 2280 977 2318 tabulae
999 2281 1231 2317 adhibendae
1256 2284 1340 2317 sunt
1362 2279 1483 2316 Hero-

832 2337 920 2373 doto
941 2336 974 2373 11
999 2349 1076 2387 cap.
1107 2340 1187 2378 102
1204 2337 1336 2385 seqq.“
1382 2335 1484 2372 Idem

831 2396 960 2443 postea
989 2393 1026 2428 in
1054 2393 1217 2441 Symbol.
1248 2393 1298 2429 IV
1331 2393 1484 2441 praefat.

831 2462 917 2499 pag.
944 2448 1029 2485 VIII
1047 2453 1123 2485 not.
1143 2452 1268 2486 monet
1287 2447 1481 2497 Aegyptiis

830 2506 943 2543 fuisse
962 2506 1120 2542 carmina
1140 2505 1241 2555 epica
1272 2518 1299 2540 s.
1319 2503 1485 2540 traditio-

831 2574 916 2608 nes,
938 2562 1135 2598 secundum
1155 2561 1383 2597 sacerdotum
1403 2572 1484 2595 suc-

831 2618 1015 2655 cessiones
1045 2622 1082 2654 et
1117 2617 1342 2667 pharaonum
1369 2616 1482 2663 dyna-

832 2674 919 2710 stias
937 2674 1121 2709 ordinatas
1135 2702 1145 2719 ,
1176 2685 1264 2721 quas
1284 2673 1380 2720 ipsas
1403 2671 1481 2707 He-

830 2730 961 2765 rodoto
983 2742 1026 2765 ex
1046 2729 1099 2765 his
1118 2728 1348 2765 voluminibus
1367 2739 1480 2776 papy-

830 2786 942 2820 meeis
978 2784 1222 2834 praelegerint
1260 2783 1477 2820 sacerdotes.

831 2839 910 2878 Nec
928 2853 1062 2877 meram
1083 2840 1268 2877 historiam
1295 2839 1364 2876 illis
1393 2852 1480 2877 con-

1149 2898 1205 2936 45
