1909 3228
457 207 541 247 308

853 202 1317 243 HERODOT1

458 313 742 368 ποιευμένους
771 309 1020 367 ἱδρύεσθαι,
1051 308 1159 354 ἀλλά
1189 313 1263 355 καὶ
1294 317 1406 357 τοῖσι
1435 316 1606 357 ποιεῦσι
1628 328 1711 369 μω-

460 397 559 449 ρίην
588 392 865 445 ἐπιφέρουσι·
894 387 953 440 ὦς
980 389 1059 445 μὲν
1087 389 1182 446 ἐμοὶ
1211 390 1400 444 δοκέειν,
1432 391 1498 435 ὅτι
1528 390 1610 435 οὐκ
1640 390 1767 434 οἶν-26

457 469 750 526 θρωποφυέας
780 468 986 524 ἐνόμισαν
1016 467 1117 519 τοὺς
1144 469 1298 523 θεοὺς,
1329 470 1517 526 κατάπερ
1548 473 1592 513 οἱ
1617 471 1714 513 Ἕλ-

429 555 604 606 Ξὶληνες,
636 546 758 590 εἶναι.
791 549 835 591 οἱ
863 547 909 590 δὲ
938 549 1165 603 νομίζουσι
1193 550 1271 591 Διῒ
1299 548 1400 604 μὲν,
1428 548 1497 592 ἐπὶ
1525 547 1577 591 τὰ
1601 547 1711 604 ὑψη-

456 627 614 671 λότατα
644 631 731 670 τῶν
762 625 932 682 οὐρέων
969 626 1305 684 ἀναβαίνοντες,
1362 629 1524 679 θυσίας
1560 627 1713 681 ἕρδειν,

400 824 497 861 ribus
517 824 554 860 in
579 823 736 860 medium
758 822 917 873 protulit.
975 822 1052 862 Ne-

400 893 473 930 que
492 880 588 917 enim
618 893 686 928 eo,
715 879 814 928 quod
850 879 1053 916 idololatria

400 949 495 986 quae
522 941 670 973 vocatur
703 948 725 972 a
752 935 944 973 Persarum
970 936 1052 973 reli-

400 993 511 1042 gione
528 992 647 1030 aliena
673 997 749 1039 est,
779 1005 906 1030 omnes
924 992 1052 1040 imagi-

400 1061 465 1087 nes
498 1048 641 1086 divinae
673 1060 871 1097 earumque
901 1062 985 1086 usus
1014 1049 1051 1085 in

400 1105 554 1155 gemmis
567 1135 578 1152 ,
608 1105 684 1142 aliis
697 1133 708 1152 ‚
737 1104 985 1143 excluduntur.

457 1161 612 1211 μωρίην
661 1159 916 1212 ἐπιφέρουσι]
958 1162 980 1198 i.
1019 1175 1049 1200 e.

401 1218 591 1255 stultitiam
609 1217 684 1255 illis
704 1219 897 1267 imputant,
927 1219 1048 1256 stulta·-

401 1277 473 1312 tiae
492 1274 571 1312 illos
592 1279 761 1322 arguunt.
808 1275 915 1312 Conf.
941 1288 1052 1325 supra

400 1330 441 1378 1,
474 1334 539 1372 26.
565 1333 618 1372 68
656 1336 693 1368 et
718 1330 934 1368 Pausaniam
963 1331 1053 1369 haec

401 1387 600 1424 imitantem
630 1387 664 1433 Ι,
686 1388 758 1432 23,
784 1389 856 1433 10,
886 1387 947 1423 ubi
972 1387 1052 1437 plu-

402 1455 443 1480 ra
488 1442 653 1480 Siebelis.
700 1462 757 1469 —
796 1442 838 1478 ln
886 1443 1052 1493 proxime

402 1511 505 1548 seqq.
523 1499 688 1535 dedimus
706 1496 859 1537 δοκέειν
877 1512 943 1548 pro
956 1498 1052 1547 vulg.

403 1553 550 1602 δοκέει,
580 1554 678 1593 libris
695 1553 900 1592 melioribus
929 1556 1052 1592 sicin-

403 1611 581 1649 bentibus.
648 1609 708 1649 De
744 1610 925 1648 locutione
958 1612 1051 1648 conf.

401 1666 569 1705 Reizium
586 1667 635 1704 ad
659 1666 782 1716 Viget.
813 1667 861 1705 de
881 1667 1051 1704 idiotism.

402 1736 439 1774 p.
461 1725 557 1764 744.

457 1775 516 1818 Γότι
535 1774 610 1818 οὐκ
621 1773 947 1829 ἀνθρωποφυέας
970 1775 1052 1820 ἕνό-

403 1848 522 1886 μισαν
542 1833 633 1881 τοὺς
654 1832 777 1880 θεούς
801 1851 836 1874 κ.
857 1851 887 1874 τ.
910 1839 955 1883 λ.]
984 1831 1051 1875 ἆν-

401 1891 672 1940 θρωποφυέας
694 1891 797 1928 Valla
824 1893 1052 1930 reddiderat:

404 1947 535 1996 (deos)
547 1961 590 1984 ex
603 1948 795 1985 hominibus
806 1953 907 1986 ortos.
931 1949 1052 1992 Quem

402 2010 546 2042 secutus
570 2005 807 2042 estKleuker.
828 2006 864 2041 in
882 2004 1052 2055 Append.

403 2061 452 2098 ad
470 2060 690 2098 Zendavest.
712 2061 794 2098 Vol.
812 2061 844 2098 ll
865 2061 905 2098 P.
921 2063 946 2102 3
968 2063 1052 2111 p.5.

405 2119 469 2157 13.
508 2116 633 2153 Malim
659 2118 827 2166 equidem
853 2117 1053 2166 intelligere

402 2173 481 2211 cleos
493 2173 634 2223 formae
652 2174 841 2220 humanae,
862 2174 922 2223 qui
943 2174 1051 2211 iidem

401 2229 460 2277 Il,
491 2229 569 2271 142
610 2231 777 2268 dicuntur
804 2226 1050 2281 α’νθρωιτοει-

404 2284 487 2331 ὂέες
518 2286 622 2324 θεοί.
681 2287 766 2329 Quo
787 2288 917 2324 eodem
943 2300 1050 2323 sensu

402 2341 587 2380 Diodorus
611 2342 672 2389 lV,
696 2345 749 2383 69
772 2343 973 2380 Centauros
995 2342 1050 2378 di-

404 2398 452 2435 cit
474 2393 784 2447 ἀνθρωποφυεῖς
805 2400 825 2436 i.
849 2413 878 2436 e.
895 2399 1049 2434 humana

397 2453 533 2504 forma,
545 2455 693 2504 figunt,
712 2455 900 2504 praeditos,
929 2454 1051 2490 Voluit

403 2515 524 2548 autem
569 2511 779 2548 Herodotus
829 2513 1050 2548 Graecorum

404 2566 824 2617 anthropoinmphismo,
864 2567 924 2615 qui
962 2566 1050 2603 ‹lici-

403 2626 482 2669 tur,
513 2635 699 2672 opponere
728 2623 954 2661 orientalium
982 2623 1048 2658 do-

404 2677 553 2715 ctrinam
563 2680 679 2728 magis
690 2693 818 2729 puram
830 2682 1049 2728 exemptam-

405 2745 477 2780 que
497 2734 542 2770 ab
569 2747 632 2781 eo,
663 2737 763 2783 quod
790 2734 1049 2773 materialitatis

405 2789 577 2826 vocabulo
615 2791 770 2828 barbaro
806 2791 914 2840 vulgo
952 2791 1047 2827 desi-

406 2848 531 2891 gnaut.
571 2845 629 2882 Tu
648 2847 728 2884 vide
755 2853 955 2885 accuratam
975 2847 1050 2883 dis-

1119 824 1342 874 putationem
1360 823 1404 861 Υ.
1421 824 1466 861 1).
1487 821 1685 860 Ouwaroff.
1699 820 1768 858 Es-

1123 881 1194 917 sais
1214 894 1275 917 sur
1294 881 1345 918 les
1368 882 1513 929 myster.
1539 892 1625 929 pag.
1647 878 1702 919 73
1725 897 1763 905 -·

1119 940 1174 977 76
1197 938 1253 973 ed.
1278 950 1368 983 sec„
1399 937 1587 987 probatam
1623 947 1769 984 quoque

1122 993 1228 1029 Gallo
1252 993 1358 1029 docto
1387 992 1572 1029 Letronne
1603 992 1640 1027 in
1661 990 1768 1027 Jour-

1120 1048 1180 1085 nal
1201 1050 1237 1085 d.
1254 1050 1338 1086 Sav.
1369 1051 1474 1089 1817
1497 1061 1582 1099 pag.
1603 1049 1682 1089 100
1693 1059 1769 1096 seq.

1119 1105 1197 1142 coll·
1219 1107 1326 1146 1816
1349 1105 1480 1142 Octob.
1499 1118 1584 1155 pag.
1601 1105 1691 1145 111-

1177 1161 1218 1200 οἶ
1246 1158 1289 1200 δὲ
1316 1162 1519 1212 νομίζουσι
1539 1160 1610 1199 Διῒ
1631 1157 1704 1210 μὲν
1733 1173 1769 1197 κ.

1119 1232 1151 1256 τ.
1174 1216 1229 1268 λ.]
1269 1217 1400 1255 Persas
1428 1217 1550 1255 lovem
1579 1219 1769 1253 veneratos

1120 1288 1202 1313 esse
1215 1303 1225 1321 ,
1255 1274 1367 1311 multa
1385 1279 1545 1312 veterum
1566 1272 1770 1311 testimonia

1118 1331 1316 1369 ostendunt
1337 1343 1359 1367 a
1379 1343 1437 1368 me
1454 1330 1597 1380 prolata
1615 1330 1651 1365 in
1678 1331 1768 1365 nott.

1119 1388 1167 1423 ad
1193 1387 1337 1424 Ctesiae
1364 1388 1530 1434 fragium.
1560 1398 1646 1436 pag.
1675 1384 1766 1424 146.

1118 1442 1186 1479 Est
1217 1443 1311 1479 enim
1343 1442 1564 1489 tenendum,
1604 1442 1765 1477 Graecos

1120 1499 1333 1548 scriptores,
1365 1498 1425 1547 qui
1447 1497 1596 1535 Graecis
1614 1496 1766 1533 homini-

1120 1554 1187 1591 bus
1213 1554 1431 1600 scriberent,
1461 1554 1495 1589 in
1526 1553 1676 1590 aliarum
1700 1565 1766 1589 na-

1119 1611 1256 1647 tionum
1274 1610 1342 1647 diis
1356 1639 1366 1657 ,
1390 1609 1506 1656 cultu,
1528 1610 1674 1656 ritibus,
1689 1608 1766 1646 aliis

1119 1666 1365 1703 describendis
1397 1666 1448 1703 ita
1493 1678 1532 1703 se
1564 1670 1767 1702 accommo-

1119 1723 1228 1760 dasse
1252 1727 1289 1759 et
1322 1722 1539 1772 applicuisse
1565 1722 1612 1758 ad
1650 1721 1767 1759 Grae-

1119 1792 1243 1815 corum
1277 1792 1396 1815 mores
1430 1783 1467 1815 et
1502 1779 1685 1825 instituta,
1725 1781 1767 1815 ut

1118 1835 1360 1883 quodcunque
1392 1835 1489 1883 apud
1518 1834 1604 1871 alias
1635 1838 1765 1883 gentes

1119 1903 1253 1927 numen
1271 1890 1338 1927 coli
1357 1890 1542 1937 viderent,
1562 1891 1599 1927 id
1620 1891 1765 1928 nomine

1119 1947 1347 1997 appellarent
1381 1947 1467 1996 ipsis
1499 1948 1614 1996 inagis
1657 1947 1764 1984 solito

1119 2004 1195 2041 eius
1216 2004 1274 2041 dei
1304 2004 1452 2049 Graeci,
1488 2005 1536 2040 ad
1564 2016 1671 2052 quem
1696 2016 1765 2054 po-

1118 2061 1293 2097 tissimum
1321 2060 1501 2110 peregrini
1537 2060 1690 2096 numinis
1717 2060 1766 2096 si-

1121 2116 1302 2165 gnificatio
1321 2121 1430 2164 atque
1458 2116 1572 2152 cultus
1590 2116 1766 2153 accedere

1118 2173 1308 2209 videretur.
1364 2171 1492 2220 ltaque
1518 2172 1638 2209 lovem
1667 2172 1765 2222 apud

1118 2227 1249 2265 Persas
1278 2233 1314 2264 et
1344 2228 1523 2266 invenisse
1543 2229 1704 2265 Graecos
1729 2232 1766 2264 ct

1119 2296 1347 2334 nuncupasse
1364 2285 1452 2333 quid
1472 2283 1625 2320 mirum?

1171 2340 1375 2389 νομίζουσι
1402 2342 1475 2379 Διῒ
1501 2338 1591 2390 μὲν,
1623 2338 1690 2380 ἐπὶ
1717 2336 1765 2379 w*

1115 2391 1349 2446 ὑψηλότατα
1378 2399 1457 2435 τῶν
1483 2392 1635 2449 ου’ρέων
1669 2392 1765 2436 οἶνοι-

1117 2452 1346 2502 βαίνοντες]
1381 2454 1552 2504 νομίζειν
1584 2453 1653 2491 hoc
1685 2453 1765 2490 loco

1117 2513 1171 2545 est
1191 2510 1285 2546 idem
1313 2515 1423 2558 atque
1453 2510 1495 2550 ἐν
1520 2505 1624 2563 νόμῳ
1644 2513 1766 2549 ποιεῖ·

1118 2569 1214 2603 σθαι
1230 2595 1240 2612 ,
1269 2568 1306 2602 in
1322 2578 1411 2602 more
1428 2567 1572 2612 habere,
1592 2578 1682 2603 more
1697 2568 1764 2613 uti,

1116 2622 1230 2658 solere.
1291 2622 1400 2660 Cous.
1423 2623 1459 2670 l,
1488 2624 1577 2664 133.
1608 2622 1665 2670 ll,
1695 2622 1763 2664 64.

1115 2677 1188 2724 lll,
1218 2681 1308 2719 100.
1347 2678 1418 2726 lv,
1450 2682 1523 2721 191
1559 2683 1626 2717 etc.
1684 2678 1764 2716 Alia

1115 2733 1274 2771 laudarit
1294 2729 1437 2782 Astius,
1460 2748 1481 2772 a
1500 2735 1563 2773 Cr.
1585 2735 1763 2779 laudatus,

1117 2791 1163 2826 ad
1185 2791 1324 2827 Platon.
1351 2791 1457 2827 Polit.
1478 2804 1563 2842 pag.
1583 2792 1676 2832 557.
1705 2808 1762 2817 ·—-

1117 2846 1226 2889 Quod
1252 2860 1337 2884 vero
1362 2847 1492 2884 Persas
1523 2848 1559 2884 in
1586 2846 1761 2883 montium

1781 322 1832 361 66
