1909 3228
558 173 982 213 EUTERPE.
1035 173 1079 211 ΙΙ.
1354 174 1438 213 813

177 286 278 340 βῃσι
307 281 665 338 γενεηλογήσαντί
694 299 736 325 τε
756 281 943 334 ἑωυτόν,
974 283 1047 326 καὶ
1068 279 1334 337 ἀναδήσαντι
1353 280 1433 337 τὴν

1492 278 1563 311 gine
1581 279 1702 313 divina,
1720 288 1768 307 re-

1489 313 1597 340 fellunt
1629 314 1768 340 sacerdo-

1490 350 1535 372 tes
1612 347 1768 381 Aegyptii:

176 362 362 416 πατριὴν
401 361 443 412 ἐς
482 361 789 405 ἑκκαιδέκατον
828 361 960 413 θεὸν,
1009 362 1218 417 ἐποίησαν
1253 361 1297 402 οἷ
1325 359 1435 413 ἱρέες
1492 387 1671 406 summorum
1721 389 1769 407 sa-

1489 413 1646 440 cerdotum
1659 414 1769 441 colossi

177 445 256 484 τοῦ
290 439 427 492 Διὸς,
490 439 587 483 οἶόν
627 457 667 483 τι
720 441 792 483 καὶ
841 440 936 496 ἐμοὶ
981 438 1035 484 οὐ
1078 436 1436 495 γενεηλογήσαντι
1493 446 1607 473 Thebis
1634 447 1767 483 inum>

1492 479 1540 512 plu
1591 480 1767 506 CCCRLV:

1488 513 1615 540 l‘iromis
1633 522 1667 541 ex
1684 514 1769 542 Piro-

148 518 409 574 Ξέμεωυτόν.
441 519 721 575 ἐσαγαγόντες
752 520 794 569 ἐς
824 519 872 562 τὸ
903 519 1092 575 μέγαρον
1121 520 1227 571 ἔσω,
1259 517 1333 562 ἐὸν
1358 517 1432 574 μέ-
1489 546 1578 575 mide.

176 615 271 653 γα,
330 598 586 654 ἐξηρίθμεον
639 597 886 649 δεικνύντες
934 597 1178 650 κολοσσούς
1229 598 1432 650 ξυλίνους
1448 602 1493 636 35

118 798 173 830 tas
205 794 314 830 fuisse
348 793 536 843 probabile
562 798 626 831 est.
688 793 769 830 Vid.

118 850 289 886 Creuzer.
314 849 336 886 l.
359 849 379 886 l.
401 863 487 900 pag.
504 850 556 890 45
577 863 693 899 seqq,
710 850 771 899 qni

117 906 213 942 idem
234 906 280 942 de
308 905 493 943 Hecataeo
524 905 627 955 plura
646 908 772 957 dispu-

117 962 206 998 taxit
236 975 321 1010 pag.
341 964 367 1002 3
398 976 498 1011 seqq.
527 964 581 1002 38
602 976 704 1012 seqq.
736 967 772 1000 et

117 1031 213 1055 nunc
231 1018 361 1055 haecce
386 1020 510 1055 addit:
542 1018 627 1064 „De
648 1019 769 1056 Heca-

117 1079 199 1111 taeo
221 1073 362 1112 Milesio
381 1075 519 1112 Thebis
540 1081 704 1113 morante
733 1080 769 1113 et

119 1130 282 1167 Diodoro
311 1132 443 1168 deinde
463 1133 707 1168 narrationum
726 1132 769 1167 fi-

118 1188 164 1224 de
201 1188 495 1234 dignissimarum
531 1189 672 1236 copiam
711 1201 769 1224 re-

117 1243 324 1292 linquente,
355 1245 489 1293 optime
516 1243 674 1280 iudicant
703 1257 767 1280 au-

117 1305 236 1336 ctores
259 1301 378 1349 operis
402 1301 575 1349 descript.
597 1301 643 1337 de
674 1299 767 1349 l'Eg.

117 1356 147 1391 ll
168 1370 202 1405 p.
223 1356 317 1396 59.“
349 1377 404 1382 —
434 1356 493 1392 Tu
524 1357 612 1392 add.
636 1356 767 1394 Ukert.

119 1412 139 1447 l.
160 1412 182 1448 l.
203 1412 239 1457 Ι,
258 1415 279 1452 1
308 1424 392 1461 pag.
419 1414 470 1452 69
495 1425 571 1459 seq.

169 1465 360 1519 Ἑκαταίῳ
380 1469 432 1519 τῷ
451 1466 672 1521 λογοποιῷ]
706 1470 768 1506 λο-

115 1521 284 1577 γοποιὸν
318 1524 541 1561 Hecataeum
570 1530 673 1561 vocat
713 1525 769 1561 Ιιί-

117 1583 246 1618 storias:
273 1583 493 1629 scriptorem,
524 1584 768 1628 enarmtorem,

115 1642 155 1673 ut
172 1638 265 1674 bene
286 1641 411 1674 monet
439 1636 698 1685 U'esselingius
721 1638 768 1674 ad

116 1693 163 1739 V,
182 1695 236 1734 36
266 1693 344 1730 coll.
373 1694 417 1738 Y,
442 1694 519 1734 125
540 1697 576 1730 et
602 1694 656 1740 ΙΙ,
687 1693 766 1734 134

118 1750 205 1798 ibiq.
224 1754 316 1785 nott.
373 1750 512 1785 Eodem
533 1750 677 1787 nomine
688 1751 768 1787 He-

116 1806 286 1842 rodotum
307 1805 500 1855 appellavit
528 1805 683 1842 lulianus
705 1808 767 1844 λο-

117 1858 304 1913 γοπυιὸν,
327 1861 424 1897 haud
444 1862 666 1908 ignominiae
684 1875 768 1898 cau-

118 1930 159 1955 sa
189 1919 255 1955 sed
283 1923 454 1965 tanquam
481 1917 652 1954 historiae
683 1919 769 1954 scri-

116 1979 282 2024 ptorem,
309 1974 425 2023 probo
454 1987 573 2010 sensu.
632 1974 769 2011 Videa-

117 2035 177 2067 tur
192 2029 340 2079 Heyler.
361 2031 408 2066 ad
428 2030 551 2066 Iulian.
579 2044 635 2080 ep.
663 2031 770 2068 XXII

116 2099 200 2136 pag.
222 2086 305 2127 252
326 2099 402 2135 seq.
432 2098 453 2122 a
478 2086 544 2123 Cr.
566 2087 613 2123 ad
632 2087 726 2124 hunc
745 2087 767 2124 l.

116 2142 296 2180 laudatus.

175 2194 264 2237 οἷόν
290 2213 323 2236 τι
352 2196 419 2236 καὶ
450 2196 537 2248 ἐμοὶ
566 2194 616 2237 ου’
634 2213 769 2250 γενεη-

117 2250 328 2307 λογήσαντι
358 2250 577 2305 ἐμεωυτόν]
623 2256 678 2292 Ex
713 2256 767 2293 his

118 2312 238 2348 verbis
267 2312 352 2347 satis
380 2316 502 2360 patet,
538 2313 769 2349 Herodotum

115 2368 235 2418 ipsum
249 2367 385 2404 Thebis
404 2373 663 2405 commoratum
683 2370 770 2405 fnis-

118 2436 168 2460 se.
227 2423 308 2460 Vid.
331 2436 439 2474 supra
462 2425 515 2471 ΙΙ,
539 2426 575 2465 3.
602 2424 652 2465 15
680 2425 768 2475 ibiq.

118 2483 210 2516 nott.

175 2530 427 2586 ἐσαγαγόντες
452 2533 490 2581 ἐς
528 2532 569 2574 τὸ
598 2533 769 2587 μέγαρον

120 2589 217 2638 εσω,
249 2587 314 2629 ἐον
336 2589 453 2641 μέγα]
486 2589 654 2643 ιιὲγαρον
681 2592 770 2641 quid

119 2648 186 2694 sit,
227 2647 381 2683 diximus
410 2648 458 2683 ad
480 2648 517 2693 Ι,
542 2648 605 2688 47.
663 2647 769 2694 „Pro

118 2706 210 2740 atrio
230 2703 286 2740 hic
306 2704 418 2752 accipi
441 2703 567 2740 volunt
587 2703 681 2740 Galli
702 2705 769 2740 do-

119 2761 165 2797 cti
200 2760 396 2808 (descript.
428 2759 474 2796 de
496 2759 594 2808 l‘Eg.
625 2759 765 2808 antiqq.

118 2816 152 2853 11
172 2829 208 2867 p.
229 2816 330 2863 219)
359 2815 518 2866 illudque
544 2816 661 2866 ipsum
690 2828 767 2853 am-

838 794 1038 844 plissimum
1061 807 1141 832 esse
1161 794 1310 839 atrium,
1332 793 1432 842 quod
1454 793 1493 829 in

840 852 917 887 vico
941 851 1092 887 Karnak
1122 851 1168 887 ab
1199 849 1365 887 orientali
1387 854 1492 900 parte

840 906 914 944 Nili
935 907 1117 956 hodieque
1135 908 1297 957 pateat.“
1328 905 1390 941 Cr.

897 960 1115 1009 κολοσσούς
1146 960 1352 1011 ξυλίνους]
1391 961 1490 998 Hee—

838 1021 938 1056 renio
967 1021 1106 1067 (ldeen
1136 1019 1190 1065 ΙΙ,
1216 1021 1241 1057 2
1269 1032 1304 1068 p.
1323 1020 1424 1063 302)
1454 1018 1490 1054 hi

837 1076 967 1112 colossi
995 1077 1162 1113 videntur
1192 1089 1291 1113 esse:
1322 1074 1491 1111 leolossale

838 1132 1023 1170 Pz'laster-
1045 1132 1289 1182 Karyaticlen5
1326 1131 1423 1168 unde
1442 1131 1491 1168 si-

837 1189 910 1226 mul
948 1190 1045 1227 idem
1088 1190 1141 1224 vir
1173 1190 1301 1225 doctus
1339 1187 1492 1236 colligit,

837 1247 946 1282 etiam
995 1246 1031 1281 in
1070 1244 1305 1294 Aegyptiacis
1345 1243 1489 1294 templis

836 1302 924 1350 ligni
956 1301 1139 1350 quendam
1171 1301 1282 1337 fuisse
1310 1313 1413 1337 usum
1442 1301 1490 1337 ad

837 1362 1074 1403 ornamenta,
1104 1357 1174 1393 alia
1196 1358 1234 1393 id
1255 1369 1381 1405 genus.
1425 1355 1492 1393 At-

837 1426 908 1461 que
937 1413 1100 1449 adhibuit
1126 1413 1221 1449 hunc
1240 1413 1282 1459 l.‚
1319 1417 1493 1449 monente

837 1470 1022 1506 Creuzero
1038 1499 1052 1516 ‚
1098 1468 1262 1505 visconti
1302 1469 1350 1504 ad
1394 1468 1492 1505 Mus.

836 1525 903 1561 Pio
935 1524 1112 1561 Clement.
1146 1524 1215 1560 vol.
1248 1524 1280 1561 ΙΙ
1311 1537 1398 1574 pag.
1424 1526 1491 1565 32.

838 1581 933 1618 Galli
951 1594 1035 1618 vero
1056 1581 1156 1617 docti
1182 1580 1224 1628 (l.
1244 1580 1266 1617 l.
1285 1594 1370 1630 pag.
1394 1583 1492 1628 169)

836 1638 902 1674 hos
927 1637 1066 1686 ligneos
1093 1637 1251 1674 colossos
1271 1639 1493 1674 arbitrantur

837 1695 948 1730 fuisse
969 1694 1214 1744 sarcophagos
1237 1695 1390 1742 ligneos,
1414 1694 1490 1731 sive

835 1750 1049 1786 mumiarum
1088 1762 1189 1786 arcas
1211 1779 1221 1795 ‚
1271 1751 1307 1785 in
1356 1751 1487 1798 quibus

834 1807 996 1856 ipsorum
1022 1806 1235 1855 pontificum
1254 1807 1490 1843 maximorum

835 1863 1014 1899 cadavera
1047 1862 1226 1899 medicata
1251 1861 1388 1899 inclusa
1409 1863 1490 1899 sue-

835 1919 918 1954 rint.
977 1918 1120 1961 Quibus
1148 1919 1294 1955 minime
1322 1918 1408 1954 illud
1427 1931 1488 1955 re-

834 1975 971 2022 fragari
995 1979 1120 2010 monet
1139 1975 1311 2012 Creuzer.
1337 1976 1486 2021 (comm.

837 2031 1002 2068 Herodd.
1028 2043 1114 2080 pag.
1134 2034 1248 2079 201),
1279 2031 1379 2079 quod
1401 2044 1490 2067 con-

837 2087 938 2124 tinuo
957 2086 1109 2135 quisque
1132 2087 1299 2124 sacerdos
1317 2100 1487 2134 summus,

838 2144 923 2180 dum
946 2143 1056 2189 vivit,
1085 2144 1279 2192 imaginem
1298 2157 1399 2180 suam
1420 2157 1488 2193 po—

837 2213 923 2237 nere
941 2199 1088 2240 dicitur·,
1106 2212 1188 2236 nam
1211 2200 1371 2237 similiter
1389 2199 1489 2248 loqui

836 2255 1010 2293 Nostrum
1042 2256 1092 2302 ll,
1121 2258 1173 2296 86
1213 2257 1259 2293 de
1288 2257 1381 2293 veris
1411 2269 1490 2292 mu-

837 2313 939 2357 miis·‚
970 2312 1102 2349 deinde
1121 2314 1214 2348 viros
1235 2313 1430 2349 honoratos
1452 2313 1489 2349 in

837 2368 1062 2405 conclavibus
1087 2369 1332 2406 aedificiorum
1351 2382 1490 2405 memo-

836 2426 908 2461 rari
940 2424 1126 2474 sepultos,
1173 2432 1286 2473 atque
1316 2430 1491 2475 reputan-

836 2482 923 2517 dum
963 2481 1109 2517 omnino
1143 2493 1246 2527 esse,
1281 2493 1389 2529 quam
1417 2481 1489 2517 vim

837 2538 874 2573 in
884 2537 1146 2586 Aegyptiorum
1159 2538 1234 2573 vita
1249 2550 1290 2573 ac
1309 2537 1489 2575 societate

836 2592 1001 2630 habuerit
1017 2593 1229 2629 mumiarum
1244 2593 1488 2642 spectaculum

837 2648 919 2695 (ΙΙ,
939 2650 1038 2696 78),
1078 2649 1236 2697 denique
1262 2661 1371 2697 quam
1396 2663 1486 2686 con-

837 2709 1050 2742 sentaneum
1069 2706 1115 2741 sit
1146 2705 1322 2742 eiusmodi
1341 2705 1487 2754 religio-

834 2773 920 2796 num
951 2762 1159 2807 sacerdoti,
1202 2762 1320 2798 vivum
1340 2774 1381 2798 ac
1410 2763 1484 2812 spi-

834 2822 976 2854 rantem
996 2817 1064 2854 sibi
1078 2817 1235 2855 arculam
1247 2818 1364 2869 ipsum
1381 2831 1483 2856 suam
