1909 3228
498 216 581 257 256
906 216 943 254 H
972 215 1006 252 E
1033 215 1069 254 R
1094 217 1129 255 O
1154 217 1190 255 D
1219 218 1255 256 Ο
1285 218 1322 257 Τ
1350 219 1366 256 Ι

343 326 436 371 101
606 324 797 383 Δηϊόκης
824 324 904 382 μέν
933 342 1016 369 νυν
1044 325 1093 369 τὸ
1125 328 1327 383 Μηδικὸν
1367 328 1495 381 ἔθνος
1525 329 1742 385 συνέστρε-

204 390 360 460 ffigorum
378 398 430 426 Μ’
504 411 560 459 ψε
585 410 776 462 μοῦνον,
816 405 888 450 καὶ
924 404 1084 449 τούτου
1113 401 1224 461 ἦρξε.
1282 408 1371 451 ἔστι
1410 409 1454 453 δὲ
1483 410 1651 466 Μήδων
1677 427 1743 454 το·
1812 414 1866 457 52

501 485 606 531 σοέδε
650 485 801 541 γένεα,
845 486 1036 537 Βουσαὶ,
1086 487 1413 543 Παρητακηνοὶ,
1461 488 1800 544 Στρούχατες,9ο

441 673 582 711 πᾶσαν
610 665 684 720 τὴν
711 664 868 721 χώρην]
900 668 1089 707 Laudatur

442 727 514 766 Dio
537 726 687 763 Cassius
708 725 830 774 XLII,
852 728 903 766 17
933 740 968 776 p.
991 728 1086 774 315,

441 783 504 832 qui
515 782 743 820 Herodotum
754 782 928 819 imitando
940 796 1088 833 expres-

438 840 497 875 sit.
554 838 759 875 Indicantur
788 842 908 875 autem
934 839 1086 876 ministri

438 895 553 944 regii,
579 895 641 943 qui
659 895 745 931 alias
760 895 924 931 dicuntur
936 890 1085 944 ὀφθαλ-

440 951 510 1002 μοὶ
527 950 659 999 (oculz')
681 956 716 988 et
735 946 978 990 ω’τακουσταὶ
998 954 1084 999 (au-

436 1008 529 1056 res),
566 1020 633 1057 per
673 1020 764 1056 quos
805 1007 947 1054 omnia,
992 1020 1084 1056 quae

437 1064 554 1101 ubivis
581 1067 812 1112 gererentur,
843 1075 904 1099 rex
935 1064 1083 1113 accepit.

434 1119 496 1158 De
526 1120 655 1169 quibus
692 1119 846 1169 plurima
872 1119 1083 1156 Brissonius

435 1177 483 1213 de
514 1188 591 1224 reg.
632 1176 753 1213 Perss.
783 1176 895 1225 princ.
934 1175 972 1222 I,
1005 1178 1085 1217 190

434 1244 522 1282 pag.
543 1230 625 1273 264
649 1244 727 1280 seq.
764 1230 843 1269 Alia
868 1231 961 1270 infra
984 1232 1087 1270 dabi-

436 1301 517 1325 mus
533 1287 638 1335 adl,
663 1287 754 1329 114.

660 1372 767 1423 Cap.
798 1371 861 1410 CI.

489 1452 534 1495 τό
547 1452 734 1505 Μηδικὸν
754 1454 872 1502 ἔθνος
885 1453 1083 1506 συνέστρε-

433 1520 490 1562 ψε
513 1513 689 1562 μοῦνον,
711 1510 779 1550 καὶ
798 1507 940 1550 τούτου
963 1506 1081 1562 ἦρξε]

434 1566 693 1619 συνέστρεψε,
742 1568 843 1605 cuius
877 1567 954 1604 loco
990 1581 1080 1604 unus

432 1624 523 1662 liber
549 1621 862 1673 συνεστρέψατο,
892 1623 984 1661 male
1012 1636 1078 1660 an-

431 1685 493 1717 tea
532 1680 729 1717 redditum:
778 1680 912 1728 subegit
926 1709 936 1726 ,
984 1691 1077 1717 nunc

430 1737 584 1782 rectius,
623 1740 793 1773 monente
819 1735 1078 1773 Valckenario:

430 1794 504 1839 „in
520 1804 626 1828 unam
647 1795 780 1840 gentem
799 1794 975 1828 contraxit
997 1791 1079 1829 Me-

432 1849 502 1884 dos
523 1848 630 1897 eique
653 1848 880 1898 imperavit.“
919 1847 999 1885 Nec
1016 1860 1078 1885 ve-

430 1917 473 1940 ro
494 1916 585 1954 opus
597 1933 607 1950 ,
638 1909 676 1940 ut
693 1917 772 1941 cum
786 1905 914 1941 eodem
926 1903 1079 1941 Valcke-

429 1960 532 1997 nario
562 1964 740 1998 mutemus
773 1960 891 2010 ipsum
919 1964 1077 2008 textum,

427 2017 669 2064 refingentes:
733 2037 791 2044 -
827 2014 1078 2066 συνέστρεψε,

430 2088 458 2123 μ
471 2067 527 2110 ού
542 2087 565 2111 ν
580 2088 600 2111 0
613 2087 637 2111 υ
683 2069 736 2112 δὲ
773 2068 918 2112 τούτου
967 2066 1074 2123 ἦρξε.

429 2128 526 2167 Nam
547 2132 669 2167 manet
685 2130 722 2166 in
738 2129 885 2178 vulgata
900 2129 1075 2179 scriptura

429 2185 527 2222 idem
569 2198 709 2223 sensus.
777 2186 952 2236 Spectant
989 2198 1073 2222 vero

429 2240 499 2278 huc
517 2254 581 2287 ea,
611 2254 705 2291 quae
722 2242 759 2278 in
779 2241 1072 2279 antecedentibus

429 2301 664 2344 enarrantur,
693 2298 740 2335 de
755 2297 875 2335 Medis
895 2311 960 2347 per
977 2297 1074 2334 vicos

427 2353 567 2403 sparsis
584 2353 769 2403 multaque
787 2354 957 2390 iniustitia
973 2353 1074 2389 labo-

424 2410 610 2458 rantibus,
623 2411 755 2447 coactis
775 2411 859 2448 dein
881 2422 902 2446 a
924 2409 1074 2456 Deioce,

427 2470 468 2502 ut
486 2478 594 2502 unam
613 2467 810 2504 conderent
828 2466 973 2512 urbem,
993 2464 1072 2502 aliis

426 2522 534 2558 rebus
546 2528 656 2572 atque
669 2522 958 2574 occupationibus
971 2526 1074 2571 post-

426 2575 568 2615 habitis.

482 2632 562 2672 ἔστι
587 2630 629 2672 δὲ
652 2630 813 2685 Μήδων
842 2628 981 2674 τοσάδε
1004 2630 1072 2684 γε’·

425 2702 449 2726 ν
462 2687 536 2738 εα]
576 2688 690 2740 γένεα
724 2691 915 2729 Persarum
949 2702 1072 2726 occur-

425 2749 510 2781 runt
535 2745 628 2782 infra
652 2746 687 2792 l,
717 2747 819 2794 125,
851 2747 911 2784 ubi
936 2750 1069 2793 gentem

426 2812 492 2849 pro
518 2801 610 2837 tribu
644 2802 731 2851 poni
757 2808 881 2840 monet
906 2802 1069 2840 Nebuh-

425 2855 496 2892 rius
515 2869 536 2894 a
557 2856 620 2893 Cr.
643 2857 769 2894 allatus
780 2887 792 2906 ,
822 2859 859 2896 in
877 2858 972 2896 Hist.
991 2858 1067 2896 Ro-

1153 683 1248 709 man.
1267 671 1284 709 1
1305 684 1390 723 pag.
1407 673 1500 713 308.
1540 670 1593 708 Ac
1608 670 1712 720 primi
1732 684 1799 708 no-

1153 728 1333 765 minantur
1352 742 1372 766 e
1389 728 1508 766 Medis
1537 729 1609 765 iam
1628 727 1664 763 in
1688 740 1798 765 unum

1151 785 1323 836 populum
1344 784 1533 822 contractis
1558 783 1687 830 Busae,
1707 797 1799 833 quos

1153 842 1302 879 eosdem
1321 841 1479 891 appellat
1491 853 1533 877 ex
1546 841 1612 877 hoc
1630 839 1709 877 loco
1721 840 1800 878 He-

1150 898 1302 935 rodoteo
1329 897 1536 947 Stephanus
1558 896 1798 944 Byzantinus,

1151 966 1317 1002 quosque
1337 953 1482 1003 Caspici
1497 953 1605 989 maris
1621 964 1703 988 oras
1721 965 1798 990 me-

1150 1009 1345 1046 ridionales
1371 1022 1495 1046 versus
1526 1009 1563 1044 in
1589 1006 1715 1045 Media
1732 1009 1798 1045 ha-

1151 1065 1286 1102 bitasse
1318 1064 1392 1101 vult
1418 1064 1630 1102 Lareherus.
1690 1062 1800 1101 Pare-

1152 1123 1269 1158 taceni
1285 1121 1495 1158 habitabant
1520 1121 1555 1157 in
1576 1119 1797 1168 regionibus,

1153 1191 1246 1228 quae
1267 1178 1311 1214 ab
1331 1178 1411 1227 ipsa
1428 1176 1580 1214 Perside
1605 1176 1798 1225 septentri-

1154 1247 1260 1271 onem
1275 1247 1399 1271 versus
1418 1233 1587 1279 tendunt,
1600 1233 1799 1270 montibus-

1153 1303 1225 1340 que
1245 1290 1331 1337 illis,
1363 1290 1423 1338 qui
1447 1289 1605 1326 Mediam
1637 1293 1673 1326 et
1705 1289 1798 1326 Cas-

1153 1359 1275 1384 saeam
1294 1346 1476 1383 aPerside
1492 1346 1695 1393 seiungunt.
1712 1345 1795 1381 vid.

1153 1403 1273 1439 Strab.
1296 1402 1382 1438 XVI
1410 1415 1445 1451 p.
1470 1403 1589 1446 1079,
1612 1400 1642 1436 C
1675 1404 1711 1437 et
1726 1400 1795 1437 Ar-

1152 1459 1241 1494 rian.
1273 1458 1415 1507 Exped.
1443 1457 1542 1493 Alex.
1574 1455 1623 1492 III
1660 1454 1696 1506 §.
1731 1459 1792 1498 19.

1150 1514 1308 1551 Heeren.
1338 1514 1447 1550 Ideen
1481 1512 1514 1558 I,
1542 1515 1562 1553 1
1596 1524 1680 1561 pag.
1697 1514 1790 1554 303.

1148 1569 1310 1606 Eosdem
1327 1574 1434 1617 atque
1447 1569 1652 1605 Paricanios
1672 1568 1792 1605 existi-

1146 1629 1220 1662 mat
1235 1625 1388 1663 Rennel.
1401 1626 1537 1672 Geogr.
1549 1625 1636 1661 Her.
1650 1638 1685 1674 p.
1698 1625 1791 1665 501.

1144 1681 1370 1718 Hodiernum
1397 1682 1556 1729 regionis
1581 1693 1714 1717 nomen
1737 1682 1792 1717 di-

1146 1738 1235 1774 citur
1262 1751 1343 1774 esse
1373 1737 1631 1783 Bourondjert,
1679 1741 1719 1773 ut
1746 1749 1791 1774 ex

1145 1793 1342 1830 Hammero
1362 1793 1484 1830 laudat
1505 1794 1586 1829 Van
1607 1793 1672 1830 der
1690 1792 1790 1842 Chys

1146 1851 1193 1886 ad
1210 1849 1350 1886 Arrian.
1372 1849 1393 1885 l.
1415 1850 1435 1885 I.
1457 1851 1570 1899 p.73.

1204 1905 1408 1942 Struclmtes
1424 1905 1573 1942 collocat
1589 1904 1791 1943 Larcherus

1145 1961 1195 1998 ita
1212 1990 1222 2008 ,
1253 1966 1291 1998 ut
1310 1962 1529 1998 occidentem
1563 1974 1689 1999 versus
1707 1961 1791 1999 vici-

1145 2030 1213 2054 nos
1233 2017 1421 2054 habuerint
1439 2017 1619 2054 Matienos
1638 2030 1680 2054 ac
1693 2017 1789 2054 Dar-

1144 2087 1277 2121 naeos,
1329 2074 1611 2123 septentrionem
1664 2086 1788 2110 versus

1143 2130 1290 2179 Sapires
1303 2159 1314 2177 ,
1334 2130 1509 2167 orientem
1529 2142 1653 2166 versus
1676 2128 1789 2167 Pare-

1141 2190 1301 2223 tacenos.

1195 2242 1381 2278 Arizantes
1389 2255 1504 2292 prope
1515 2242 1545 2278 C
1549 2241 1696 2292 hoaspis
1706 2242 1788 2278 fon-

1141 2302 1195 2335 tes
1215 2298 1323 2335 sedes
1347 2298 1526 2344 tenuisse,
1565 2298 1649 2335 inde
1670 2310 1692 2334 a
1711 2298 1787 2335 Bu-

1140 2355 1208 2390 diis
1229 2355 1512 2404 septentrionem
1542 2367 1667 2391 versus
1694 2355 1785 2391 sitas

1138 2410 1233 2447 idem
1255 2415 1378 2448 monet
1397 2410 1607 2447 Larchems.
1637 2409 1786 2457 Budios,

1139 2478 1291 2515 quorum
1321 2467 1428 2505 sedes
1447 2479 1521 2503 non
1548 2467 1637 2503 satis
1666 2471 1784 2505 certae

1138 2523 1230 2569 sint,
1269 2523 1462 2560 incoluisse
1499 2522 1557 2560 ille
1582 2523 1784 2573 suspicatur

1139 2579 1308 2627 regiones
1344 2579 1627 2629 septentrionem
1656 2591 1781 2616 versus

1139 2647 1160 2671 a
1188 2635 1309 2684 Magis
1334 2637 1444 2683 sitas,
1491 2640 1528 2674 et
1562 2634 1780 2674 occidentem

1138 2703 1262 2727 versus
1283 2704 1304 2727 a
1317 2692 1496 2742 Choaspis
1515 2691 1684 2728 sontibus.
1700 2691 1781 2728 Rit-

1136 2750 1235 2783 terus
1273 2747 1486 2793 (Erdkund.
1513 2747 1546 2783 ll
1585 2758 1670 2797 pag.
1698 2748 1779 2789 896

1136 2802 1214 2839 coll.
1238 2805 1331 2844 799.
1351 2806 1451 2851 902)
1475 2803 1551 2840 mlt
1571 2803 1777 2840 sacerdota-

1135 2857 1204 2896 lem
1227 2864 1372 2908 gentem
1398 2873 1481 2898 esse
1497 2871 1570 2897 non
1589 2859 1706 2896 minus
1723 2864 1778 2896 at-
