1909 3228
723 207 936 248 CLlO.
993 209 1022 249 Ι.

1417 211 1501 252 4⁰7

238 316 311 360 καὶ
339 315 519 371 ἀνδριάς
559 316 757 362 δυώδεκα
800 318 991 375 πηχέων,
1050 317 1252 374 χρύσεος,
1311 319 1495 374 στερεός.

237 393 317 450 ἐγώ
342 394 420 451 μέν
462 412 538 452 μιν
575 392 658 439 οὐκ
698 394 836 440 εἶδον·
894 396 947 441 τὰ
986 397 1031 442 δὲ
1070 397 1235 453 λέγεται
1272 395 1359 442 ὑπὸ
1389 402 1552 442 Χαλ-15

209 475 398 526 ὁδαίων,
437 478 573 518 ταῦτα
606 473 727 530 λέγω.
778 474 920 533 τούτῳ
949 480 1011 532 τῷ
1051 475 1278 530 ἀνδριάντι
1306 482 1495 533 Δαρεῖος

236 552 310 611 μὲν
340 552 364 597 ὁ
390 552 649 605 Ὑστάσπεος
677 554 1013 610 ἐπιβουλεύσας,
1059 553 1143 600 οὐκ
1185 554 1389 613 ἐτόλμησε
1418 560 1491 600 λα-

234 636 346 690 βεῖν·
406 633 566 689 Ξέρξης
605 634 650 677 δὲ
695 631 719 676 ὁ
750 635 943 688 Δαρείου
976 634 1125 689 ἔλαβε,
1171 635 1245 678 καὶ
1283 634 1360 679 τόν
1396 636 1491 691 ἱρέα

232 710 462 760 ἀπέκτεινε,
493 709 830 767 ἀπαγορεύοντα
859 712 917 768 μή
946 712 1105 756 κινέειν
1130 711 1208 756 τόν
1235 710 1488 769 ἀνδριάντα.

200 789 277 834 7τὸ
307 790 387 847 μὲν
415 790 467 847 δὴ
499 788 599 845 ἱρόν
626 794 758 834 τοῦτο
790 790 906 835 οὕτω
935 789 1187 849 κεκόσμητο.
1217 792 1304 837 ἔστι
1337 793 1384 837 δὲ
1412 793 1487 837 καὶ

227 869 315 912 ἰ’δια
339 868 602 926 ἀναθήματα
629 868 781 915 πολλοί.

101 948 200 996 184

1492 879 1540 914 ΞΟ

220 1027 340 1072 ἄλλοι
368 1027 569 1084 ἐγένοντο
599 1027 820 1084 βασιλέες,
861 1030 949 1071 τῶν
989 1028 1037 1071 ἐν
1067 1034 1176 1072 τοῖσι
1213 1026 1476 1084 Ἀσσυρίοισι

338 952 425 1005 Τῆς
455 948 500 993 δὲ
531 951 796 1006 Βαβυλῶνος
823 947 983 1005 ταύτης
1011 949 1165 993 πολλοὶ
1194 947 1273 1006 μέν
1299 966 1385 994 κου
1407 952 1480 996 καὶ
1537 953 1810 992 Semi-amissum

1535 988 1750 1030 Nabonasnari‚
1759 993 1810 1026 qui

1532 1024 1809 1093 {frgl'ffi'fflfflzz‘r’

1529 1096 1662 1122 campum
1681 1091 1806 1119 inunda-

218 1105 385 1162 λόγοισι
413 1106 585 1164 μνήμην
614 1107 877 1163 ποιήσομαι,
937 1110 980 1150 οἳ
1009 1106 1059 1149 τὰ
1089 1106 1225 1162 τείχεά
1253 1123 1297 1150 τε
1327 1108 1472 1152 ἐπεκό-
1527 1122 1553 1149 ri
1580 1123 1616 1149 ab
1651 1124 1806 1159 Euphrate

1526 1156 1647 1185 sontum
1674 1165 1804 1194 aggeres

189 1193 390 1242 ἳσμησαν
418 1187 490 1230 καὶ
519 1186 570 1230 τά
600 1184 693 1241 ἱρά·
734 1186 780 1230 ἐν
810 1186 855 1230 δὲ
886 1186 937 1242 δὴ
967 1186 1040 1229 καὶ
1079 1191 1282 1242 γυναῖκες
1308 1186 1403 1231 δύο.
1444 1186 1472 1245 ἡ
1530 1187 1625 1219 ‘¹⁰⁸¹‘-

214 1264 294 1320 μὲν
320 1264 536 1320 πρότερον
575 1264 763 1319 ἄρξασα,
807 1268 883 1321 τῆς
922 1263 1108 1320 ὕστερον
1144 1269 1317 1322 γενεῇσι
1345 1267 1527 1312 πέντε25

211 1445 356 1499 Ξέρξης
378 1445 421 1488 δὲ
440 1445 466 1489 ὅ
483 1447 687 1500 Δαρείου]
726 1446 799 1486 Ac-

152 1505 239 1543 cidit
257 1504 325 1542 hoc
349 1518 393 1543 eo
423 1509 610 1556 tempore,
641 1518 712 1554 quo
740 1518 798 1542 re-

150 1562 224 1598 dux
255 1565 332 1598 erat
359 1562 475 1599 factus
515 1574 558 1599 ex
597 1561 727 1599 infelici
760 1562 798 1599 in

149 1618 313 1655 Graecos
352 1618 601 1669 expeditione,
652 1622 799 1655 auctore

147 1673 300 1711 Arriano
333 1673 369 1710 in
405 1675 548 1724 Exped.
587 1674 691 1711 Alex.
720 1674 797 1721 VH,

151 1732 215 1770 17.
243 1729 396 1767 Diodor.
418 1730 524 1767 Sicul.
544 1730 599 1776 ΙΙ,
624 1733 661 1771 9.
721 1731 798 1766 Cur

146 1786 291 1834 signum
322 1786 479 1822 ablatum
505 1786 636 1832 suerit,
673 1786 795 1823 Persis

146 1842 322 1889 invisum,
351 1854 462 1891 supra
482 1843 530 1878 ad
559 1842 597 1889 I,
629 1843 706 1882 181
739 1841 795 1877 in-

145 1899 272 1935 dicavi.
301 1897 422 1946 Atque
447 1898 520 1934 iam
555 1898 592 1934 in
615 1897 725 1934 sacris
749 1897 792 1933 li·-

143 1955 230 1992 teris
260 1954 480 2001 invenimus,
530 1966 623 2002 quae
657 1954 792 2001 Cyrum

143 2010 295 2049 Persam
305 2009 574 2046 simulacrorum
585 2014 695 2058 atque
713 2010 793 2045 ido-

141 2066 258 2104 lorum
286 2079 329 2103 ex
357 2067 443 2103 odio
471 2065 551 2103 Beli
580 2065 714 2103 cultum
750 2078 792 2103 ac

141 2135 244 2160 sacra
274 2123 446 2160 evertisse
480 2123 650 2172 prodant.
707 2121 791 2159 vid.

141 2180 279 2217 Gesen.
306 2180 344 2215 in
365 2180 583 2215 Commentt.
610 2179 658 2215 ad
685 2178 790 2215 Iesai.

138 2235 173 2272 ΙΙ
193 2249 229 2286 p.
253 2238 344 2276 100.
403 2234 499 2271 Add.
527 2235 685 2272 Miinter.
714 2235 736 2271 l.
766 2234 788 2271 l.

138 2304 226 2342 pag.
257 2294 323 2332 51.
356 2312 412 2319 -
437 2291 496 2328 De
523 2291 699 2341 particula
735 2287 790 2340 μή

138 2353 225 2397 post
247 2343 547 2399 ἀπαγορεύοντι(
575 2348 619 2384 cf.
652 2348 687 2394 I,
710 2348 789 2388 158

139 2407 177 2441 et
208 2404 280 2451 Ill,
310 2406 413 2451 128,
450 2417 496 2442 ne
526 2403 630 2454 plura
655 2404 791 2440 adscri-

139 2459 241 2505 bam,
258 2472 352 2508 quae
374 2460 621 2509 suppeditabit
632 2461 789 2508 Baguet.

138 2515 187 2551 ad
208 2515 403 2565 Chrysipp.
436 2517 567 2564 fragm.
599 2529 684 2566 pag.
707 2516 789 2556 355

137 2575 213 2611 not.
228 2572 322 2611 205.
335 2568 612 2621 -κεκόσμητο
634 2586 654 2608 e
667 2572 791 2609 Schel-

138 2627 377 2665 lcrshemiano
398 2633 580 2678 receptum
600 2632 667 2665 est.
704 2627 790 2663 Vul-

140 2696 189 2732 go
212 2680 467 2734 κεκόσμηται.
524 2684 632 2721 Conf.
654 2684 683 2732 I,
698 2686 789 2725 180.

142 2740 235 2780 181⁶
281 2793 394 2845 cap.
423 2794 661 2833 chxxiv.

320 2850 328 2864 1
403 2848 413 2863 Ι
629 2850 637 2865 1
685 2848 706 2863 5!

194 2853 334 2891 πολλοι
366 2865 438 2903 μεν
470 2866 545 2892 κου
575 2866 644 2892 και
679 2853 791 2892 αλλοι

867 1445 1047 1500 ἐγένοντο
1082 1446 1282 1498 βασιλέες]
1345 1449 1522 1502 βασιλέες

867 1505 953 1542 dedi
969 1518 988 1542 e
1004 1504 1188 1555 plerisque
1200 1505 1299 1542 libris
1319 1520 1397 1544 cum
1411 1508 1519 1545 Gais-

864 1561 997 1600 fordio.
1055 1560 1174 1610 Vulgo
1204 1563 1404 1613 βασιλῆες.
1444 1564 1519 1602 Ba-

866 1618 1089 1667 byloniorum
1144 1631 1270 1667 regum
1316 1621 1446 1657 seriem
1485 1621 1516 1657 si

865 1675 944 1722 quis
975 1674 1117 1724 cupiat,
1146 1676 1254 1712 adeat
1274 1675 1448 1713 Beckium
1476 1677 1513 1714 in

866 1730 1160 1778 Weltgeschicht.
1181 1731 1197 1767 1
1218 1744 1305 1781 pag.
1326 1734 1403 1772 187
1423 1745 1514 1781 seq.,

864 1787 926 1835 qui
945 1786 1039 1822 illam
1070 1799 1091 1823 e
1118 1790 1280 1824 veterum
1299 1789 1512 1837 scriptorum

860 1841 947 1878 loeis
988 1842 1225 1880 concinnavit.
1292 1842 1388 1879 Add.
1423 1844 1511 1881 ibid.

860 1910 947 1948 pag.
970 1900 1051 1938 617
1073 1910 1177 1946 seqq.

917 1953 959 1991 ἐν
993 1957 1096 1991 τοῖσι
1125 1948 1364 2004 Ἀσσυρίοισι
1383 1949 1507 2006 λόγοι-

861 2007 922 2059 σι]
954 2010 1062 2045 Conf.
1081 2013 1156 2046 not.
1177 2011 1225 2047 ad
1244 2010 1280 2056 Ι,
1300 2013 1391 2051 106.

864 2116 876 2130 ‹-
916 2062 945 2115 ἡ
966 2062 1037 2115 μὲν
1050 2059 1241 2116 πρότερον
1254 2063 1417 2116 ἄρξασα,
1434 2069 1507 2118 τῆς

857 2117 1026 2172 ’ὕστερον
1050 2124 1208 2176 γενεῇσι
1233 2121 1347 2162 πέντε
1367 2120 1505 2175 πρότε-

859 2192 931 2229 ρον
953 2175 1143 2230 γενομένη
1162 2193 1196 2216 κ.
1220 2193 1251 2216 τ.
1270 2177 1318 2227 λ.]
1350 2178 1408 2216 De
1438 2180 1505 2216 da-

857 2235 930 2270 tivo
948 2238 1106 2287 γενεῄσι
1132 2236 1227 2272 conf.
1245 2234 1419 2272 Matthiae
1438 2235 1504 2272 Gr.

859 2292 925 2327 Gr.
954 2304 1039 2340 pag.
1060 2292 1152 2331 732.
1188 2290 1248 2328 De
1266 2291 1503 2329 Semiramide

856 2347 1010 2398 plurima
1037 2346 1204 2394 leguntur
1219 2348 1317 2396 apud
1334 2346 1443 2384 Diod.
1456 2347 1502 2394 ll,

858 2406 885 2444 4
905 2416 1009 2452 seqq.
1038 2416 1154 2451 usque
1172 2403 1220 2439 ad
1237 2405 1310 2450 21,
1339 2416 1359 2441 e
1377 2403 1503 2440 Ctesia

856 2460 1048 2496 maximam
1079 2463 1175 2496 certe
1199 2463 1338 2509 partem
1363 2459 1503 2496 hausta.

858 2516 965 2552 Conf.
995 2515 1142 2552 Ctesiae
1166 2516 1332 2563 fragmm.
1363 2528 1399 2565 p.
1420 2518 1502 2556 393

858 2585 962 2620 seqq.
993 2572 1098 2615 Quae
1117 2584 1196 2608 cum
1216 2571 1305 2608 Nini
1321 2584 1408 2606 uxor
1420 2584 1503 2621 per-

857 2628 1023 2664 hibeatur
1042 2626 1224 2676 multoque
1242 2627 1434 2664 remotiora
1453 2628 1502 2663 ad

858 2689 1026 2733 tempora
1049 2684 1248 2734 pertineat,
1289 2683 1502 2720 Herodotea

857 2740 968 2777 verba
993 2740 1030 2776 in
1057 2739 1217 2777 numeris
1242 2739 1417 2776 mendosa
1436 2738 1502 2775 ha-

857 2796 970 2834 buere
991 2808 1046 2832 vv,
1058 2796 1120 2833 dd.
1132 2796 1300 2844 varieque
1309 2794 1369 2831 illa
1381 2798 1503 2831 teuta-

858 2856 963 2902 runt,
991 2865 1064 2903 quo
1090 2852 1184 2890 inter
1198 2852 1428 2890 Herodotum
1444 2854 1501 2888 at·-
