1909 3228
568 231 1084 270 EUTERPE.II.
1359 235 1442 274 889

193 341 379 393 Λίνδον,
410 340 562 396 ξεινίης
582 341 660 396 μὲν
681 338 881 396 οὐδεμιῆς
906 342 1088 392 εἵνεκεν,
1117 339 1183 384 ὅτι
1203 340 1248 384 δὲ
1267 341 1315 383 τὸ
1342 340 1442 396 ἱρόν

191 419 240 462 τὸ
270 420 315 462 ἐν
344 421 491 476 Λίνδῳ
519 419 568 462 τὸ
597 423 669 475 τῆς
692 418 921 476 Ἀθηναίης
950 421 1113 474 λέγεται
1142 419 1216 470 τὰς
1245 424 1326 463 τοῦ
1347 425 1468 463 Λα-1

190 502 302 540 ναοῦ
337 498 580 553 θυγατέρας
611 500 873 551 ἱδρύσασθαι
903 496 1203 553 προσχούσας,
1238 499 1307 542 ὅτε
1339 499 1442 542 ἀπε-

161 579 427 633 4δίδρησκον
455 577 558 628 τούς
595 577 819 631 Αἰγύπτου
855 579 1024 628 παῖδας.
1071 581 1209 620 ταῦτα
1237 577 1315 633 μὲν
1343 576 1442 620 ἀνέ-

190 661 298 712 θηκε
328 655 350 699 ὁ
378 657 568 711 Ἄμασις.
627 654 731 698 Eue
762 656 807 698 δὲ
841 654 1024 708 Κύπρον
1059 660 1229 710 πρῶτος
1266 655 1441 712 ἀνθρώ-

189 750 306 787 πων,
340 736 412 778 καὶ
439 735 750 788 κατεστρέψατο
781 734 822 785 ἐς
853 733 1000 790 φόρου
1030 733 1276 791 ἀπαγωγήν.

191 924 268 968 εἷλε
288 926 329 967 δὲ
355 924 537 978 Κύπρον]
558 927 615 964 Ad
639 940 714 965 rem
736 929 778 964 cf.
905 926 944 974 ἐς
965 923 1097 980 φόρου
1126 924 1360 982 ἀπαγωγήν]
1393 931 1500 968 Simi-

132 985 283 1023 Diodor.
304 986 342 1031 Ι,
363 987 427 1025 68.
468 985 578 1028 Quod
596 997 681 1021 vero
700 984 779 1021 He-
849 984 918 1022 lem
948 986 1024 1021 fere
1051 986 1183 1023 exitum
1220 988 1257 1023 in
1284 987 1499 1036 quibusdam

132 1043 280 1079 rodotus
301 1042 419 1078 addit:
450 1042 602 1091 πρῶτος
622 1035 781 1090 εἷνπθρώ-
848 1040 945 1077 libris
968 1041 1140 1077 seriorum
1170 1044 1406 1093 scriptorum,
1438 1046 1499 1093 qui

132 1113 239 1145 πων,
263 1099 300 1135 id
318 1111 361 1135 ex
377 1097 475 1146 Aeg)
485 1098 641 1147 ptiorum
662 1110 780 1134 sacer-
849 1097 1080 1134 Herodotum
1112 1099 1245 1135 imitari
1284 1101 1500 1148 studuerint,

133 1157 258 1193 dotum
286 1168 368 1201 ore,
403 1155 463 1202 qui
491 1152 577 1189 talia
604 1154 780 1200 iactarint,
849 1166 888 1190 se
908 1153 1087 1190 invenisse
1118 1158 1273 1192 testatur
1302 1156 1500 1193 wesselin-

132 1213 276 1249 fluxisse
290 1214 394 1261 putat
405 1209 626 1246 Dahlmann.
641 1210 776 1246 Herod.
847 1210 939 1258 gius,
958 1223 990 1245 v.
1012 1223 1040 1245 c.
1062 1210 1099 1245 in
1118 1210 1272 1261 Procop.
1293 1212 1373 1248 bell.
1387 1213 1497 1249 Goth.

131 1281 167 1317 p.
197 1270 273 1308 152
298 1279 424 1315 seqq,
456 1279 535 1303 cum
563 1265 672 1301 multo
695 1270 780 1302 ante
847 1266 885 1314 l,
908 1267 932 1306 5
960 1265 1091 1314 Agath.
1114 1266 1128 1303 l
1153 1280 1190 1317 p.
1213 1270 1285 1316 13,
1308 1269 1339 1306 C
1365 1272 1435 1306 etc.

132 1324 203 1361 iam
231 1323 352 1371 Tyriis
393 1322 629 1359 Phoenicibus
661 1322 778 1358 insula

132 1381 239 1418 fuerit
255 1379 410 1425 subdita,
442 1392 530 1427 quos
549 1378 647 1427 ipsos
664 1376 776 1416 Ama-

133 1436 180 1473 sis
200 1436 347 1474 eiecisse
370 1435 551 1485 putandus
575 1435 631 1470 sit.

426 1706 730 1749 ἹΣΤΟΡΙΩΝ
770 1705 1103 1752 ‘HPOAOTOY
1138 1708 1196 1750 B'.
