1877 3223
649 214 862 255 CLIO.
922 216 949 253 Ι.

1349 220 1429 260 163

179 320 297 380 αὐτῷ
342 321 420 379 τὴν
479 325 653 380 Πυθίην
708 324 786 368 τόν
839 328 922 369 νῦν
961 326 1224 368 κατεστεῶτα
1259 325 1427 381 κόσμον

178 401 489 459 Σπαρτιήτῃσι.

553 402 611 454 [ὃς
647 403 691 446 δ’
721 402 845 448 αὐτοὶ
878 402 1215 459 Λακεδαιμόνιοι
1243 402 1428 459 λέγουσι,

111 518 120 525 χ.
177 485 442 537 Λυκοῦργον
480 483 844 539 ἐπιτροπεύσαντα
873 481 1140 538 Λεωβώτεω,
1172 480 1428 539 ἀδελφιδέου

180 562 258 616 μὲν
301 561 491 613 ἑωυτοῦ,
548 561 853 619 βασιλεύοντος
895 562 941 606 δὲ
988 561 1322 618 Σπαρτιητέων,
1381 561 1429 607 ἐκ

123 780 208 817 XVI
223 792 307 830 pag.
328 782 409 820 762
428 793 456 816 s.
469 792 555 830 pag.
576 781 697 827 1105,
725 781 767 817 C·

120 836 167 872 D.
190 849 268 872 eam
287 837 441 882 famam,
483 850 555 885 qua
577 837 768 885 Lycurgus

121 904 142 927 a
161 891 290 939 Pythia
318 893 518 942 acceperit,
557 906 651 942 quae
684 893 769 930 dein

119 946 419 984 Lacedaemoniis
437 949 610 996 edixerit,
632 950 768 986 Minois

121 1003 349 1041 Cretensium
391 1006 488 1053 regis
527 1006 585 1043 ille
622 1007 768 1055 quidem

119 1059 292 1097 aemulus.
352 1061 462 1098 Unde
495 1062 553 1098 alii
589 1062 768 1109 dicebant,

121 1128 164 1152 ex
181 1116 262 1165 ipsa
274 1117 384 1154 Creta
405 1118 520 1155 insula
532 1118 631 1167 leges
652 1118 767 1155 Lace-

121 1172 321 1209 daemoniis
349 1173 510 1211 attulisse
539 1174 766 1222 Lycurgum3

121 1228 157 1264 in
185 1242 292 1277 quam
323 1231 539 1266 sententiam
579 1232 674 1267 idem
694 1231 768 1267 dis-

120 1288 224 1333 putat
249 1285 381 1321 Strabo
412 1290 448 1321 et
476 1287 536 1334 qui
570 1287 614 1322 ab
644 1300 687 1323 eo
715 1287 765 1323 ci-

118 1344 215 1376 tatur
233 1340 401 1390 Ephorus
414 1341 448 1377 X
468 1356 503 1391 p.
515 1342 595 1382 735
609 1342 767 1391 (Ephori

119 1397 284 1444 fragmm.
303 1410 339 1446 p.
359 1397 438 1437 165
457 1411 560 1446 seqq.
586 1399 665 1438 173
686 1411 766 1446 seq.

119 1453 177 1489 ed.
207 1452 322 1489 Marx.
354 1452 432 1489 coll.
472 1454 515 1490 C.
543 1454 589 1490 O.
623 1453 765 1490 Miiller.

117 1508 226 1545 Dorr.
246 1509 279 1545 ΙΙ
300 1522 385 1559 pag.
412 1512 461 1550 16
481 1514 619 1558 seqq).
652 1509 767 1546 Nam-

119 1578 189 1613 que
208 1565 378 1615 Ephorus
399 1565 467 1602 hoc
483 1567 550 1602 sibi
564 1579 767 1615 proposue-

118 1626 192 1667 rat,
244 1626 283 1658 ut
327 1621 480 1671 plurima
519 1621 770 1660 Lacedaemo-

120 1678 258 1714 niorum
276 1678 440 1714 instituta
474 1691 496 1715 a
530 1679 769 1716 Cretensibus

119 1735 319 1783 repetenda
347 1747 429 1771 esse
452 1736 640 1772 evinceret.
698 1736 771 1772 Ut-

121 1793 160 1825 ut
186 1794 262 1836 est,
292 1790 438 1826 multum
461 1791 629 1827 videntur
660 1792 697 1828 in
724 1805 768 1828 eo

122 1845 191 1882 sibi
238 1846 433 1882 indulsisse
471 1845 767 1894 Lacedaemonii,

122 1903 222 1950 quod
239 1903 399 1952 ipsorum
425 1901 525 1950 leges
555 1916 598 1940 ex
619 1903 768 1951 Pythico

123 1958 266 1994 oraculo
317 1959 503 2007 profectae
552 1964 692 2005 essent,
730 1959 768 1995 in

123 2014 218 2051 hunc
248 2015 340 2051 adeo
378 2015 524 2050 modum
552 2014 769 2063 descriptae,

122 2075 163 2106 ut
189 2070 412 2107 oraculorum
440 2071 592 2106 formam
614 2071 772 2108 retinue-

121 2126 202 2162 rint.
262 2126 359 2169 Quin
379 2130 675 2163 commemoratur
694 2140 772 2163 ma-

123 2183 294 2230 gistratus
308 2182 517 2231 Pytlez'orum
539 2185 698 2231 quatuor,
709 2183 771 2230 qui

125 2250 147 2274 a
166 2251 254 2287 rege
270 2239 451 2286 designati
477 2238 619 2274 oracula
646 2239 771 2286 Pythi-

126 2307 168 2330 ca
201 2296 368 2345 Spartam
408 2295 548 2343 integra
584 2296 771 2332 referrent.

127 2349 238 2387 Unde
273 2351 428 2401 probare
462 2354 610 2388 conatur
649 2351 692 2387 C.
722 2351 769 2387 O.

129 2404 267 2444 M'uller.
303 2408 369 2457 (p.
394 2409 444 2447 17
467 2420 544 2456 seq.
571 2406 594 2444 l.
621 2407 664 2454 l.)
702 2406 773 2444 hoc

130 2462 309 2499 oraculum
316 2464 501 2501 universae
510 2464 773 2513 Spartanorum

131 2517 183 2554 rei
203 2518 362 2566 publicae
385 2520 541 2556 tuendae
559 2519 774 2568 legibusque

133 2574 317 2610 servandis
347 2575 450 2623 quasi
474 2576 685 2625 praefuisse.
718 2596 772 2602 —

132 2628 230 2675 „De
277 2628 444 2678 Lycurgo
490 2635 661 2679 tanquam
697 2631 772 2668 viro

132 2685 311 2734 prudente
336 2689 372 2722 et
397 2687 452 2722 cui
482 2687 604 2736 Scipio
634 2685 775 2723 Africa-

133 2752 203 2776 nus
213 2741 325 2777 maior
344 2741 465 2778 similis
483 2743 589 2779 fuerit
603 2742 774 2781 incallide

133 2798 350 2846 usurpandis
368 2797 516 2834 oraculis
529 2827 539 2845 ,
560 2799 719 2846 somniis,
736 2800 774 2836 id

134 2864 252 2901 genus
268 2853 369 2900 aliis,
397 2854 564 2893 iudicium
589 2855 673 2894 facit
702 2854 775 2894 Po-

836 780 953 828 lybius
965 780 1013 827 X,
1028 783 1054 820 2
1073 792 1158 829 pag.
1176 782 1255 821 189
1271 780 1328 817 ed.
1339 779 1481 830 Schwg.

837 837 915 873 coll.
935 836 982 883 X,
1005 837 1030 877 5
1051 849 1135 885 pag.
1160 837 1278 877 196.“
1309 836 1374 873 Cr.

892 890 962 932 τὸν
1006 895 1082 930 νῦν
1124 894 1367 931 κατεστεῶτα
1402 887 1485 932 κό-

839 959 862 988 σ
874 965 900 1000 μ
914 964 933 987 ο
949 947 992 999 ν]
1023 949 1163 986 Eodem
1189 962 1299 986 sensu
1319 949 1485 987 πολιτεί-

839 1021 885 1051 ας
906 1001 1056 1055 κόσμον
1078 1005 1164 1042 dicit
1178 1004 1282 1041 Plato
1299 1004 1418 1053 Legg.
1434 1004 1486 1042 VI

836 1062 927 1108 init„
957 1075 1024 1098 nec
1044 1060 1146 1097 aliter
1174 1060 1395 1109 Pythagorei
1418 1060 1485 1097 ho-

836 1118 950 1155 mines
984 1112 1134 1166 κόσμον
1164 1117 1210 1154 de
1240 1118 1292 1154 rei
1320 1116 1486 1166 publicae

836 1175 952 1210 forma
969 1173 1182 1223 praesertim
1202 1185 1246 1210 ea
1269 1186 1364 1222 quae
1392 1173 1485 1209 bene

835 1231 1030 1266 constituta
1064 1233 1120 1266 est
1140 1232 1202 1266 aut
1230 1229 1397 1265 constitui
1421 1229 1485 1266 de-

834 1287 919 1333 bet,
949 1289 1135 1335 usurpant.
1195 1285 1322 1322 Cicero
1351 1284 1485 1322 Latine

834 1342 993 1379 reddidit
1013 1345 1171 1378 ornatum
1193 1341 1230 1376 in
1249 1340 1340 1376 libro
1361 1341 1408 1377 de
1427 1341 1484 1377 Re

834 1397 931 1447 publ.
952 1397 988 1443 Ι,
1017 1400 1094 1442 28,
1134 1396 1194 1432 ubi
1216 1397 1287 1432 vid.
1314 1395 1486 1433 Creuzeri

836 1458 873 1491 et
896 1452 1035 1489 Moseti
1057 1455 1217 1488 annotat.
1238 1465 1275 1502 p.
1300 1451 1392 1492 115.

892 1507 945 1555 ὥς
973 1503 1015 1547 δ’
1037 1503 1149 1546 αὐτοὶ
1169 1502 1484 1557 Λακεδαιμόνιοι

835 1563 992 1617 λέγουσι
1009 1579 1044 1603 κ.
1064 1579 1096 1602 τ.
1113 1562 1164 1614 λ.]
1193 1564 1252 1601 De
1272 1564 1486 1601 constructi-

837 1635 907 1659 one
922 1622 1097 1658 monitum
1118 1622 1166 1657 ad
1185 1620 1222 1666 Ι,
1242 1620 1307 1661 58.

892 1680 1132 1729 Λυκοῦργον
1147 1670 1484 1729 ἐπιτροπεύσαντα

837 1731 1083 1784 Λεωβώτεω,
1142 1728 1374 1782 ἀδελφιδέου
1414 1730 1487 1784 μὲν

838 1789 1004 1839 ἑωυτοῦ,
1015 1786 1293 1840 βασιλεύοντος
1304 1786 1485 1840 δὲΣπαρ-

836 1845 1066 1896 τιητέων,ε’κ
1086 1841 1245 1896 Κρήτης
1265 1841 1485 1897 ἀγαγέσθαι

836 1901 983 1951 ταῦτα]
1010 1902 1052 1938 In
1067 1902 1124 1937 his
1138 1901 1223 1937 nihil
1242 1900 1321 1937 libri
1332 1901 1484 1945 variant,

836 1959 905 1994 nisi
935 1958 1035 2006 quod
1067 1969 1134 2005 pro
1154 1952 1383 2005 Λεωβώτεω
1405 1956 1487 2006 plu-—

837 2027 895 2051 res
933 2014 1101 2050 exhibent
1137 2007 1370 2063 Λεωβάτεω.
1428 2012 1485 2047 Eo

839 2069 955 2106 maior
1001 2069 1038 2104 in
1078 2080 1116 2104 re
1155 2069 1234 2117 ipsa
1275 2066 1479 2104 difficultas.

838 2125 1006 2173 Plerique
1024 2125 1120 2161 enim
1138 2124 1198 2160 alii
1218 2124 1424 2174 scriptores,
1439 2124 1486 2161 de

839 2182 969 2230 quibus
995 2181 1067 2217 vid.
1088 2179 1286 2217 Meursium
1307 2181 1343 2216 in
1363 2179 1483 2228 Regu.

837 2238 973 2276 Lacon.
994 2239 1030 2278 9.
1048 2236 1198 2273 Miscell.
1217 2235 1352 2273 Lacon.
1377 2235 1429 2282 II,
1445 2234 1485 2282 5,

841 2293 1034 2330 Cliarz'llam
1063 2293 1270 2339 nominant,
1300 2292 1398 2329 cuius
1427 2295 1486 2327 tu·-

838 2350 968 2397 telam,
1000 2352 1040 2385 ut
1066 2350 1185 2385 fratris
1204 2348 1421 2396 Polydectae
1443 2347 1486 2383 fi-

837 2407 897 2452 lii,
946 2405 1138 2453 Lycurgus
1175 2403 1486 2441 administraverit.

838 2461 988 2499 Accedit
1012 2461 1110 2509 quod
1134 2459 1316 2498 Leobotes
1345 2473 1365 2497 e
1384 2459 1487 2507 regia

838 2518 1163 2566 Eurystenidarum
1187 2517 1319 2566 stirpe,
1346 2514 1487 2563 Lycur-

841 2587 908 2623 gus
928 2585 1034 2620 vero,
1064 2572 1219 2609 Eunomi
1244 2573 1336 2609 filius
1367 2571 1485 2619 (cuius

842 2636 995 2667 stemma
1031 2629 1102 2665 w'd.
1150 2629 1249 2678 apud
1285 2626 1402 2664 Marx.
1438 2626 1486 2663 ad

840 2685 979 2736 Ephori
1002 2686 1130 2733 fragm.
1149 2697 1186 2734 p.
1208 2683 1319 2731 174),
1349 2682 1486 2719 Procli-

842 2743 890 2778 da
907 2742 982 2778 fuit.
1039 2741 1119 2778 Nec
1138 2740 1304 2776 convenit
1330 2739 1486 2787 denique

842 2802 1043 2848 temporum
1069 2797 1183 2842 ratio,
1218 2808 1329 2844 quum
1347 2799 1488 2832 centum

841 2856 917 2893 sere
934 2855 1018 2892 anni
1038 2854 1132 2891 inter
1145 2852 1333 2889 Leobotae
1352 2850 1486 2888 obitum

1131 2908 1217 2948 11*
