1909 3228
672 186 972 226 cL10.1.

1372 188 1453 230 271

200 294 450 353 ,,ραχρὴσῃ·
479 296 586 353 μηδὲ
614 295 687 352 ἐμέ
716 312 760 340 τε
789 295 1042 353 παραβάλῃ,
1071 295 1142 339 καὶ
1171 294 1332 347 ἄλλους
1361 297 1450 341 ἓλό-
1463 305 1509 338 90

172 381 392 431 7,,μενος,
422 375 464 428 ἐξ
496 375 671 431 ὑστέρης
702 388 771 419 σοι
802 376 947 433 ἑωυτῷ
981 375 1219 433 περιπέσῃς.
1253 375 1357 431 λάβε
1375 376 1455 419 τόν

201 487 225 506 ,,
237 454 455 511 Μανδάνη
486 455 597 498 ἔτεκε
625 457 779 498 παῖδα·
810 454 957 511 φέρων
977 455 1022 498 δὲ
1044 455 1086 506 ἐς
1107 459 1312 507 σεωυτοῦ,
1348 452 1451 498 άπό-

205 550 435 585 ,,κτεινον·
466 534 570 589 μετά
605 535 670 581 δὲ,
701 532 852 585 θάψον
879 532 1025 591 τρόπῳ
1057 533 1163 591 ὅτεῳ
1194 532 1322 585 αὐτὸς
1352 533 1454 590 βού-

173 620 194 653 8
204 645 227 663 ,,
239 617 373 656 λεαι.“

409 612 458 655 ‘O
487 613 532 656 δὲ
560 611 797 668 ἀμείβεται·
828 607 913 664 „³52
942 617 1142 670 βασιλεῦ,
1174 613 1273 656 οὔτε
1305 611 1452 657 ἄλλοτέ

202 708 300 743 ,,κω
330 693 528 746 παρεῖδες
559 690 686 747 (Ξνδρὶ
722 695 831 748 τῷδε
870 692 998 748 ἄχαρι
1034 691 1187 745 οὐδὲν,
1237 693 1509 750 φυλασσό-95

202 775 351 826 „yeme
381 770 426 814 δὲ
455 770 498 821 ἐς
527 769 573 813 σὲ
601 772 674 814 καὶ
703 771 744 822 ἐς
772 770 850 814 τὸν
878 771 1099 827 μετέπειτα
1129 772 1291 829 χρόνον
1321 774 1455 830 μηδὲν

201 849 494 904 »ἐξαμαρτεῖν
528 847 616 892 ἀλλ’
647 851 688 892 εἴ
711 868 779 894 τοι
807 852 938 907 φίλον
954 855 1084 894 τοῦτο
1108 851 1221 895 οὕτω
1242 854 1454 907 γίνεσθαι,

198 926 310 983 ’,χρή
351 927 425 983 δὴ,
471 930 519 972 τό
549 945 596 985 γε
636 928 762 985 ἐμὸν,
819 929 1136 986 ὑπηρετέεσθαι
1173 932 1455 988 ἐπιτηδέως.“

79 1010 177 1056 109
206 1006 410 1050 Τούτοισι
439 1005 728 1064 ἀμειψάμενος
758 1008 781 1052 ὁ
799 1008 1039 1065 ’Ἀρπαγος,
1070 1008 1128 1060 ὥς
1157 1012 1201 1053 οἱ
1223 1011 1450 1066 παρεδόθη

200 1087 249 1130 τὸ
279 1089 459 1131 παιδίον
487 1088 809 1144 κεκοσμημένον
836 1089 916 1146 τὴν
933 1088 1000 1132 ἐπὶ
1018 1088 1221 1146 θανάτῳ,
1250 1088 1316 1145 ἤϊε
1333 1092 1448 1133 κλαί-

145 1262 307 1313 πρῆγμα
320 1274 388 1311 per
405 1262 655 1299 attractionem
675 1274 793 1311 quan-

144 1317 226 1353 dam
237 1318 441 1366 pronomini
450 1317 596 1354 relativo
609 1320 792 1355 adstructo

143 1372 230 1409 ibid.
254 1371 291 1422 ἓ.
312 1372 393 1413 474
412 1386 448 1422 p.
462 1375 554 1413 886·

200 1427 335 1478 μηδὲ’
317 1427 384 1478 εμέ
408 1443 448 1467 τε
472 1424 703 1482 παραβάλῃ,
725 1426 793 1468 καὶ

143 1480 287 1531 ἅλλους
319 1480 523 1535 ἑλόμενος,
557 1484 596 1533 ἐξ
624 1483 793 1536 νοτερῆς

144 1552 208 1579 σοι
227 1539 360 1595 ἑωυτῷ
388 1540 629 1595 περιπέσῃς]
660 1556 793 1604 παρα-

144 1592 247 1650 βάλῃ
268 1611 348 1634 cum
367 1597 677 1646 Wyttenbachio
669 1610 704 1633 in
724 1599 793 1636 Se-

146 1653 242 1690 lectt.
260 1653 341 1690 hist.
361 1667 398 1703 Ρ.
426 1654 504 1695 351
534 1659 674 1691 vertere
691 1655 791 1692 licet:

147 1721 242 1755 „nec
263 1721 314 1745 me
333 1708 506 1758 deceptum
538 1711 682 1746 obz'ffczas
696 1712 794 1760 peri-

146 1764 262 1800 culo.“
286 1764 454 1813 Namque
470 1761 795 1816 παραβάλλεσθαι

148 1820 256 1856 alibi:
280 1820 436 1868 periculo
454 1834 524 1857 sese
544 1834 717 1870 exponere,
732 1835 796 1871 pe-

146 1875 326 1923 riclitari3
364 1877 410 1913 de
448 1889 520 1925 quo
558 1878 711 1913 diximus
747 1878 795 1914 ad

147 1930 330 1968 Plutarchi
362 1931 587 1982 Philopoem.
599 1933 604 1950 '
618 1945 703 1982 pag.
728 1934 798 1974 52.

148 2009 203 2015 —
214 1987 335 2024 Verba
351 1984 491 2035 ἄλλους
502 1984 679 2039 ἐλόμενος
689 1989 798 2036 (alios

148 2043 297 2091 eligens)
318 2044 414 2080 idem
428 2044 724 2093 Wyttenbachius
737 2057 798 2082 ex-

147 2099 278 2150 plicat:
313 2099 464 2137 aliorum
480 2100 654 2152 αἵρεσιν,
678 2100 797 2150 facti-

148 2167 262 2202 onem,
291 2157 500 2205 suscipiens,
537 2156 622 2193 aliis
650 2156 797 2194 dominis

147 2210 308 2259 studens,
368 2217 627 2262 comparatque
670 2213 797 2250 Xeno-

149 2267 274 2317 phont.
289 2267 466 2306 Hellenic.
492 2269 562 2316 ΙΙΙ,
588 2271 624 2316 1,
642 2271 679 2310 2.
695 2290 742 2296 —
755 2268 795 2316 ἐξ

148 2321 316 2374 ’ὖστερῆς
332 2323 446 2362 valet:
471 2325 647 2375 postmodo
660 2354 671 2372 ‚
690 2330 730 2362 ut
749 2324 795 2372 V,

153 2381 244 2419 106.
274 2379 344 2428 VI,
366 2380 431 2421 85.
491 2381 597 2418 Conf.
620 2394 730 2431 supra
747 2382 795 2418 ad

150 2432 190 2480 l,
225 2437 277 2475 60
306 2435 428 2473 laudd.
456 2458 504 2465 ·—-
545 2437 586 2473 In
622 2437 796 2487 proximis

152 2489 271 2526 verbis
315 2491 424 2540 vulgo
459 2493 686 2529 desideratur
719 2505 794 2540 σοι,

153 2545 254 2593 quod
270 2547 420 2595 praebet
438 2547 626 2585 Mediceus
644 2548 734 2585 liber
760 2553 797 2586 et

153 2600 245 2637 alius
275 2600 480 2650 Parisinus,
513 2605 684 2653 quodque
703 2605 800 2641 Gro-

153 2656 261 2692 novio
285 2661 321 2694 et
349 2658 592 2707 Wesselingio
608 2660 798 2710 probatum

153 2723 249 2749 nunc
266 2712 303 2749 in
320 2717 419 2751 textu
438 2714 580 2763 legitur.
627 2715 697 2753 Alii
718 2716 798 2753 libri

154 2768 312 2805 offerunt
339 2766 409 2817 σύ,
455 2771 554 2820 quod
581 2784 648 2809 nec
680 2772 799 2822 ipsum

154 2824 322 2876 displicet
356 2826 618 2879 Wesselingio,
666 2829 728 2880 qui
760 2829 798 2867 in

1506 1189 1563 1208 moi
1565 1157 1637 1208 itibu
1621 1157 1671 1208 :ins

859 1266 1050 1311 utramque
1068 1267 1282 1300 structuram
1303 1262 1427 1301 laudat
1438 1262 1514 1302 Ae-

859 1319 971 1355 schin.
1003 1319 1049 1355 de
1081 1318 1179 1355 Fals.
1208 1318 1338 1368 Legat.
1366 1334 1401 1370 p.
1431 1322 1512 1361 311

861 1375 918 1411 ed.
953 1373 1080 1411 Reisk.
1120 1374 1171 1411 Io.
1200 1375 1452 1423 chrysostom.
1478 1375 1513 1412 V

859 1443 897 1480 p.
924 1428 998 1476 24,
1028 1430 1071 1466 B.
1101 1430 1144 1467 F.
1176 1430 1243 1466 VII
1276 1444 1312 1481 p.
1331 1433 1436 1478 831
1465 1432 1510 1468 C.

860 1485 1038 1523 Matthiae
1050 1487 1169 1523 denuo
1183 1487 1304 1524 omisit
1316 1499 1391 1534 σοι,
1405 1487 1513 1538 quip-

860 1555 908 1593 pe
933 1555 1042 1591 quum
1070 1541 1133 1581 σοὶ
1166 1541 1301 1596 ἑωυτῷ
1328 1544 1512 1581 soloecum

859 1599 1034 1636 videatur.
1094 1599 1206 1642 Quod
1232 1584 1316 1636 mihi
1350 1601 1512 1636 nondum

859 1667 1009 1705 prorsus
1032 1659 1089 1692 est
1111 1669 1344 1704 persuasum,
1378 1656 1439 1705 qui
1469 1656 1513 1692 li-

861 1712 1007 1748 brorum
1038 1711 1225 1748 meliorum
1263 1713 1511 1750 auctoritatem

861 1767 899 1803 in
914 1767 970 1802 his
991 1779 1136 1816 quoque
1157 1768 1260 1816 sequi
1279 1768 1399 1804 malui.

918 1823 1158 1872 παρεῖδες
1190 1818 1305 1875 ανδρὶ
1335 1823 1436 1876 τῷδε
1470 1819 1513 1861 ἅ-

862 1890 952 1928 χαρι
981 1875 1123 1927 οὐδὲν]
1142 1879 1201 1916 De
1221 1879 1401 1930 παρεῖδες
1423 1879 1501 1927 (iq

864 1932 1027 1981 ἐνεῖδες)
1060 1935 1153 1971 conf.
1187 1935 1234 1970 ad
1264 1934 1301 1981 Ι,
1330 1936 1396 1975 37.
1442 1934 1513 1971 Est

865 2001 1010 2037 quoque
1037 1990 1073 2025 in
1092 1989 1148 2025 his
1170 1990 1332 2026 notanda
1352 1990 1513 2040 particu-

863 2044 975 2081 larum
1012 2042 1072 2084 οὕ
1081 2059 1131 2083 τε
1152 2067 1209 2074 -
1237 2043 1287 2084 δὲ
1317 2046 1515 2096 oppositio,

864 2101 912 2138 de
942 2113 1014 2149 qua
1035 2103 1221 2152 praecepit
1257 2101 1445 2139 WVerferus
1477 2102 1515 2138 in

863 2155 957 2193 Actt.
977 2157 1073 2206 phill.
1093 2156 1259 2195 Monacc.
1282 2157 1311 2204 Ι,
1330 2161 1405 2208 2p.
1419 2160 1514 2199 260.

863 2233 920 2241 —
946 2207 1001 2250 τό
1031 2227 1081 2265 γε
1115 2211 1238 2263 ἒμον
1282 2213 1441 2263 (,‚quod
1466 2212 1516 2250 ad

863 2281 915 2305 me
935 2272 1024 2305 certe
1042 2271 1202 2306 αἰίίηεί(ζ
1216 2271 1234 2318 )
1264 2270 1286 2306 i.
1310 2282 1341 2306 e.
1372 2267 1440 2320 ε’μέ
1457 2283 1514 2322 γε

864 2325 971 2363 Conf.
991 2324 1121 2363 Matth.
1143 2324 1179 2376 ἓ.
1192 2329 1284 2368 269.
1305 2326 1400 2367 285.

1068 2409 1100 2446 C
1114 2421 1182 2460 ap.
1215 2408 1312 2449 Clx,

921 2487 976 2539 ὣς
1007 2490 1050 2531 οἷ
1068 2486 1272 2562 παρεδόθη
1293 2488 1336 2531 τὸ
1353 2491 1516 2532 παιδίον

864 2547 1160 2599 κεκοσμημένον
1170 2545 1244 2598 τὴν
1255 2548 1318 2587 ἐπὶ
1330 2546 1512 2613 θανάτῳ]

864 2603 1019 2641 Locutio
1046 2601 1101 2654 τή
1120 2619 1142 2642 ν
1170 2603 1235 2643 ἐπὶ
1263 2600 1430 2657 θανάτῳ
1452 2618 1515 2643 cur

864 2673 939 2697 non
959 2662 1087 2698 eodem
1108 2662 1184 2698 fere
1208 2662 1318 2698 modo
1347 2661 1515 2712 explicari

864 2717 1001 2768 possit,
1033 2729 1104 2765 quo
1126 2729 1237 2766 supra
1263 2716 1301 2764 Ι,
1328 2716 1413 2758 67²
1401 2716 1515 2768 ἐπεμ-

865 2787 944 2811 πον
980 2787 1071 2824 την
1110 2771 1149 2818 ἐς
1183 2769 1306 2820 θεόν,
1362 2773 1515 2823 aliisque

865 2828 952 2867 loeis
988 2841 1011 2868 a
1046 2828 1214 2867 Werfero
1248 2830 1430 2880 congestis
1475 2830 1512 2867 in

1509 994 1562 1036 55

1509 1047 1536 1073 ls
1557 1047 1651 1074 modio
1662 1046 1784 1073 consino

1506 1089 1596 1113 usus,
1629 1080 1785 1108 Mirradati

1508 1122 1589 1147 regis
1577 1114 1715 1153 sbubuhtg

1684 1180 1784 1208 tradit.
