1909 3228
454 224 539 264 626
844 219 1312 259 HERODOTI

455 335 549 390 νηῷ
585 333 725 389 μικρῷ
765 330 921 387 ξυλίνῳ
962 329 1405 388 κατακεχρυσωμένῳ,
1451 332 1769 388 προεκκομί-45

430 416 585 465 4ζουσι
614 413 665 465 τῇ
695 410 932 465 προτεραίῃ
964 410 1005 459 ἐς
1043 407 1148 451 ἄλλο
1188 410 1347 463 οἴκημα
1385 408 1491 462 ἱρόν.

1552 412 1595 454 οἱ
1633 411 1713 467 μὲν

457 490 509 546 δὴ
549 488 688 544 ὀλίγοι
731 489 774 531 οἱ
813 488 912 541 περὶ
950 485 1152 543 τῶγαλμα
1191 487 1482 542 λελειμμένοι,
1540 489 1715 534 ἕλκουσι

455 567 749 623 τετράκυκλον
786 565 983 622 ἅμαξαν,
1015 564 1210 622 ἄγουσαν
1239 566 1316 610 τὸν
1345 565 1453 622 νηόν
1492 582 1535 610 τε
1564 569 1636 610 καὶ
1664 568 1713 613 τὸ

427 648 504 692 ὁὲν
531 650 592 702 τῷ
621 648 713 702 νηῷ
742 644 862 689 ἐνεὸν
892 644 1077 702 ἄγαλμα.
1113 647 1156 689 οἱ
1185 645 1231 688 δὲ
1261 643 1343 689 οὐκ
1373 645 1495 697 ἐῶσι,
1526 646 1573 689 ἐν
1602 651 1716 690 τοῖσι

454 726 766 781 προπυλαίοισι
795 724 1011 776 ἑστεῶτες,
1053 725 1233 769 ἐσιέναι’
1273 726 1317 767 ol
1348 725 1394 768 δὲ
1423 723 1715 780 εὐχωλιμαῖοι,

454 804 736 861 τιμωρέοντες
774 807 835 861 τῷ
872 808 985 862 θεῷ,
1033 807 1214 848 παίουσι
1253 802 1413 855 αὐτοὺς
1452 802 1773 860 ἀλεξόμενοι.59

429 886 654 929 6ὲνθαῦτα
683 882 794 939 μάχη
825 883 993 936 ξύλοισι
1022 884 1207 940 καρτερὴ
1237 885 1421 939 γίνεται·
1450 883 1642 939 κεφαλάς
1671 899 1716 927 τε

459 962 836 1017 συναράσσονται,
894 963 968 1007 καὶ
1008 961 1066 1015 ὥς
1109 962 1192 1018 ἐγώ
1234 964 1394 1013 δοκέω,
1453 964 1605 1007 πολλοὶ
1643 963 1717 1007 καὶ

459 1040 793 1098 ἀποθνήσκουσι
822 1042 870 1086 ἐκ
899 1045 988 1086 τῶν
1016 1040 1277 1098 τρωμάτων·
1327 1040 1382 1086 οὐ
1421 1041 1568 1099 μέντοι
1597 1043 1644 1086 οἵ
1667 1057 1717 1098 γε

400 1240 469 1277 fuit
497 1239 707 1289 repositum.
765 1237 875 1275 Conf.
904 1237 960 1285 H,
991 1239 1057 1280 91.

400 1296 571 1334 Laudant
590 1296 625 1332 h.
648 1295 670 1332 l.
692 1295 827 1345 Cuperi
845 1294 1056 1345 Harpocra-

399 1357 474 1390 tem
502 1365 539 1402 p.
565 1349 656 1392 104.

459 1407 499 1447 οἱ
530 1405 572 1446 δὲ
601 1403 878 1458 εὐχωλιμαῖοι]
908 1406 930 1443 i.
951 1419 982 1444 e.
1014 1406 1056 1445 οἱ

401 1461 472 1510 τοὶς
493 1459 665 1514 εὔχωλᾶς
683 1461 963 1510 ἐπιτελέοντες,
995 1465 1056 1512 qui

401 1524 485 1558 vota
506 1524 665 1570 suscepta
684 1522 826 1568 exsequi
846 1518 978 1555 volunt.

458 1576 622 1615 παίουσι
643 1570 802 1624 αὐτούς]
824 1589 871 1612 sc.
893 1588 971 1622 005,
991 1575 1053 1624 qui

401 1633 439 1669 in
459 1633 604 1669 introitu
634 1632 759 1682 templi
789 1635 946 1677 stantes,
978 1636 1054 1668 tur-

402 1689 486 1726 bam
520 1701 642 1725 eornm
662 1717 673 1734 ‚
714 1688 774 1737 qui
803 1701 942 1724 currum
972 1701 1053 1724 cum

403 1745 462 1782 dei
483 1745 669 1781 simulacro
687 1745 844 1790 trahunt,
859 1744 1055 1792 prohibent

403 1801 449 1837 ab
473 1801 641 1846 introitu,
670 1801 829 1836 caedunt
850 1800 1051 1835 resistendo

403 1869 446 1893 ac
467 1857 717 1905 repugnando.
777 1856 889 1898 Quod
914 1855 988 1891 bini
1011 1855 1053 1891 li-

403 1913 459 1950 bri
476 1913 632 1950 offerunt
648 1908 928 1961 οἷλεξομὲνους,
947 1916 988 1948 ut
1004 1913 1053 1948 ad

404 1964 551 2014 αὐτούς
584 1970 764 2006 reseratur
793 1968 856 2014 (ef.
880 1968 916 2015 l,
936 1970 1052 2014 211),

403 2026 442 2062 id
462 2026 580 2062 malim
594 2025 661 2062 hoc
680 2025 760 2061 loco
772 2024 930 2062 tribuere
946 2025 1055 2061 libra-

403 2082 465 2119 riis
484 2082 676 2119 Herodoti.

463 2133 511 2177 ου’
554 2137 725 2189 μέντοι
765 2136 808 2176 οἵ
841 2151 864 2188 γ
886 2151 902 2176 ε
931 2132 1056 2187 Αἰγύ-

403 2197 529 2241 πτιοι]
570 2195 673 2232 Bene
708 2195 758 2231 sic
784 2206 880 2230 nunc
906 2194 1055 2240 editum,

405 2251 578 2288 librorum
627 2251 838 2301 scriptorum
887 2251 1056 2299 adeoque

403 2307 516 2357 ipsius
554 2308 735 2344 Herodoti
773 2307 985 2343 auctoritate
1018 2306 1053 2352 l,

405 2364 470 2404 51.
503 2366 568 2405 80.
608 2363 660 2411 ΙΙ,
690 2366 754 2404 81.
781 2365 846 2404 83.
904 2362 975 2399 Alii
1005 2358 1054 2401 ου’

405 2417 538 2470 μέντοι
556 2434 606 2470 γε
631 2419 725 2458 οἵτε
745 2415 972 2470 Αἰγύπτιοι.
1004 2418 1053 2456 At

405 2476 526 2513 solent
544 2477 676 2514 Graeci
702 2476 913 2526 particulam
940 2489 982 2527 γε
1002 2475 1053 2512 sic

404 2532 600 2579 collocare,
633 2537 673 2569 ut
700 2533 769 2570 alia
790 2533 967 2581 quaedam
983 2544 1052 2568 vox

405 2589 524 2625 media
549 2589 595 2625 sit
614 2589 836 2639 interposita.
857 2610 904 2616 -—
939 2588 1052 2631 Quod

406 2644 454 2680 ad
479 2645 593 2694 ipsam
618 2645 751 2683 hancce
778 2657 938 2694 pugnam
967 2645 1052 2681 atti-

407 2704 471 2735 net
483 2729 493 2746 ,
511 2702 607 2737 cuius
625 2714 734 2750 quam
755 2701 864 2750 vulgo
885 2702 1053 2738 dederint

408 2756 604 2803 rationem,
643 2770 726 2794 mox
750 2757 887 2795 Noster
914 2758 1053 2794 subiicit

408 2821 484 2858 CRP·
504 2809 578 2856 64,
608 2825 713 2849 nemo
740 2814 870 2863 opinor
897 2814 1052 2860 diffidet,

408 2865 593 2911 symbolici
620 2869 708 2917 quid
735 2881 777 2907 ac
803 2870 985 2907 tesserarii
1013 2871 1050 2906 in

1124 1238 1222 1276 hisce
1239 1238 1360 1275 inesse
1372 1250 1415 1275 ex
1430 1237 1590 1275 interiori
1604 1237 1776 1275 sacerdo-

1123 1300 1198 1332 tum
1218 1294 1382 1331 doctrina
1399 1296 1649 1344 repetendum,
1667 1306 1775 1344 prae-

1124 1352 1245 1389 sertim
1273 1365 1353 1388 cum
1384 1351 1419 1387 in
1452 1351 1606 1389 Graecia
1625 1362 1775 1399 quoque

1120 1408 1325 1445 huiusmodi
1352 1408 1549 1444 certamina
1587 1419 1689 1443 sacra
1716 1418 1775 1443 re-

1121 1465 1308 1515 periantur
1343 1464 1391 1499 ad
1418 1463 1671 1512 mysteriorum
1706 1462 1775 1498 do-

1121 1520 1270 1557 ctrinam
1297 1532 1413 1567 aeque
1439 1519 1642 1557 referenda.
1688 1517 1771 1555 vid.

1121 1576 1293 1613 Creuzeri
1314 1575 1474 1624 Symbol.
1504 1575 1552 1611 lv
1580 1588 1665 1624 pag.
1690 1576 1773 1614 267

1121 1646 1198 1680 seq.
1257 1632 1356 1675 Quid
1377 1644 1461 1668 vero
1481 1632 1550 1668 hoc
1571 1632 1688 1681 ipsum
1713 1631 1773 1678 sit,

1120 1689 1219 1737 quod
1255 1687 1426 1736 Aegyptii
1461 1688 1668 1725 sacerdotes
1706 1687 1774 1724 hoc

1121 1745 1316 1781 certamine
1347 1744 1544 1780 indicatum
1581 1743 1773 1790 voluerint,

1121 1801 1159 1836 id
1177 1801 1374 1836 accuratius
1390 1804 1499 1848 atque
1511 1799 1639 1836 certius
1659 1804 1696 1836 ut
1709 1800 1775 1836 de-

1122 1856 1264 1903 finiam,
1302 1856 1359 1892 vix
1391 1868 1412 1891 a
1447 1869 1505 1893 me
1541 1855 1776 1906 postulabunt

1122 1913 1229 1961 aequi
1260 1925 1302 1949 ac
1333 1912 1439 1962 periti
1467 1925 1586 1949 rerum
1626 1912 1774 1949 iudices.

1121 1969 1233 2005 Haud
1248 1969 1394 2017 quidem
1408 1982 1485 2005 sum
1506 1969 1662 2016 nescius,
1675 1968 1777 2006 Mar-

1122 2030 1194 2061 tem
1218 2026 1263 2061 ab
1275 2026 1464 2074 Aegyptiis
1476 2024 1626 2075 aliisque
1644 2025 1772 2075 priscis

1123 2082 1289 2130 gentibus
1324 2094 1389 2130 pro
1417 2086 1566 2120 naturae
1596 2082 1666 2119 deo
1694 2094 1774 2119 esse

1122 2138 1306 2183 habitum,
1325 2138 1384 2186 qui
1406 2150 1522 2174 rerum
1541 2139 1774 2175 seminacon-

1122 2194 1260 2240 tineat3
1290 2206 1384 2242 quae
1403 2194 1548 2241 quando
1578 2207 1656 2230 cum
1675 2198 1774 2231 terra

1122 2250 1433 2287 communicaverit
1446 2278 1456 2295 ‚
1488 2251 1609 2286 omnia
1628 2250 1712 2286 oriri
1729 2263 1771 2288 ac

1121 2307 1229 2342 nasci.
1296 2306 1407 2349 Quod
1444 2310 1482 2342 ut
1512 2306 1623 2344 semel
1660 2306 1771 2344 totius

1120 2362 1244 2399 mundi
1263 2362 1438 2412 principio
1466 2363 1597 2399 sactum
1619 2367 1693 2410 est,
1721 2363 1773 2400 ita

1121 2419 1314 2468 quotannis
1357 2419 1397 2455 fit
1442 2420 1619 2469 principio
1659 2420 1770 2466 veris,

1121 2476 1179 2512 ubi
1201 2480 1297 2513 terra
1325 2487 1448 2511 recens
1481 2478 1584 2524 quasi
1605 2476 1665 2523 fit,
1696 2488 1771 2513 non

1121 2533 1240 2568 statim
1259 2544 1404 2581 semper
1424 2533 1561 2569 semina
1576 2532 1770 2582 recipiens,

1120 2589 1186 2626 sed
1216 2589 1313 2625 haud
1340 2600 1421 2625 raro
1454 2590 1563 2626 etiam
1590 2589 1768 2626 reluctans

1119 2649 1155 2682 et
1183 2646 1380 2681 adversans
1399 2674 1410 2691 ‚
1456 2645 1572 2683 donec
1594 2647 1700 2683 cedat
1733 2650 1770 2683 et

1121 2702 1251 2739 cedere
1277 2701 1419 2738 debeat.
1478 2701 1553 2738 lam
1581 2703 1643 2751 qni
1669 2703 1770 2751 cogi-

1119 2762 1193 2805 tet,
1223 2759 1322 2808 apud
1343 2762 1482 2795 veteres
1510 2758 1601 2795 hanc
1617 2759 1686 2796 vim
1702 2771 1769 2796 na·-

1118 2819 1220 2852 turae
1243 2814 1452 2863 genitricem
1477 2827 1552 2851 non
1577 2816 1695 2852 minus
1713 2819 1769 2851 at-

1119 2883 1190 2919 que
1210 2872 1328 2921 ipsam
1352 2876 1520 2909 naturam
1535 2872 1766 2922 recipientem
