1909 3228
487 260 572 300 370

486 370 572 412 νῦν
601 369 646 412 οἱ
671 365 909 422 Ἀγυλλαῖοι
937 364 999 407 ἔτι
1031 363 1315 408 ἐπιτελέουσι·

877 255 1355 296 HERODOTI

1370 365 1444 409 καὶ
1479 364 1562 422 γάρ
1600 364 1739 421 ἐναγί-

487 448 610 500 ζουσί
638 457 716 500 σφι
744 443 958 501 μεγάλως,
1002 442 1077 486 καὶ
1104 440 1255 498 ἄγῶνα
1281 443 1495 499 γυμνικόν
1520 445 1594 489 καὶ
1623 445 1736 488 ἱππι-
1748 450 1794 486 55

460 525 570 570 4κὸν
598 525 804 568 ἐπιστᾶσι.
844 523 920 567 καὶ
951 516 1072 567 οὗτοι
1099 521 1178 578 μὲν
1204 525 1292 565 τῶν
1326 523 1560 567 Φωκαιέων
1591 522 1739 567 τοιού-

483 619 543 662 τῳ
571 600 694 659 μόρῳ
727 601 1021 658 διεχρήσαντο.
1079 602 1124 644 οἷ
1153 601 1200 645 δὲ
1230 599 1376 645 αὐτῶν
1404 602 1448 653 ἐς
1484 600 1532 646 τὸ
1564 600 1739 658 Ῥήγιον

483 680 829 737 καταφυγόντες,
861 682 1065 726 ἐνθεῦτεν
1093 679 1381 738 ὁρμεώμενοι,
1411 679 1645 737 ἐκτήσαντο
1665 678 1741 724 πό·

484 764 554 804 λιν
580 763 659 816 γῆς
686 763 761 815 τῆς
792 761 1030 816 Οἰνωτρίης
1057 759 1249 816 ταύτην,
1287 759 1382 817 ἥτις
1409 764 1493 804 νῦν
1517 758 1639 815 Ὑέλη
1668 775 1741 802 κα·

458 839 638 883 5λέεται.
667 839 838 884 ἔκτισαν
866 839 913 885 δὲ
940 838 1130 897 ταύτην,
1158 839 1269 896 πρὸς
1293 839 1458 896 ἀνδρὸς
1480 840 1739 884 Ποσειδωνι-

387 1074 388 1077 =
426 1047 540 1086 Alcib.
568 1048 692 1098 Ipag.
723 1045 789 1089 65.
814 1066 872 1074 ·—-
897 1044 940 1082 In
969 1057 1073 1094 seqq.

427 1109 514 1156 apte
533 1118 617 1141 usus
643 1108 698 1142 est
722 1104 834 1141 verbo
861 1101 1050 1141 ἐπιτελεῖν
1064 1117 1076 1149 3

427 1162 564 1213 quippe
586 1161 685 1210 quod
715 1160 863 1198 verbum
893 1159 940 1196 de
964 1158 1074 1194 sacris

426 1218 601 1255 faciundis
618 1217 756 1254 ludisve
776 1214 1004 1253 instituendis
1018 1226 1078 1250 so-

426 1274 555 1312 lemne.
579 1274 661 1311 Vid.
682 1274 730 1310 ad
745 1272 892 1310 Ctesiae
909 1273 1076 1319 fragmm.

425 1344 513 1382 pag.
532 1332 614 1372 436
633 1342 655 1366 a
675 1342 732 1367 me
749 1329 906 1365 laudata.

482 1386 551 1425 καὶ
567 1383 643 1438 γάρ
668 1384 891 1437 ἐναγίζουσί
912 1395 985 1431 σφι
1013 1396 1076 1433 με-

427 1438 577 1494 γάλως]
625 1441 845 1492 καταγίζειν
890 1440 978 1488 quid
1018 1439 1077 1485 sit,

428 1499 658 1549 explicuimus
674 1498 721 1534 ad
742 1497 769 1543 l,
791 1498 856 1536 86.
885 1494 1075 1546 ἐναγίζειν

427 1557 540 1602 (iusta
552 1554 764 1603 persolvere,
788 1554 989 1600 parentare)
1006 1563 1074 1600 po-

426 1612 602 1648 tissimum
642 1611 690 1646 ad
719 1612 880 1646 mortuos
909 1609 1075 1654 refertur,

426 1668 585 1717 indque
606 1666 654 1703 ad
682 1666 830 1702 heroum
854 1667 965 1713 atque
992 1662 1075 1699 Ma—

425 1724 523 1760 nium
561 1721 700 1759 cultum.
767 1720 876 1757 Conf.
916 1720 1073 1767 Gregor.

426 1777 591 1816 Corinth.
613 1778 658 1814 de
678 1775 817 1813 dialect.
841 1775 918 1811 Ion.
940 1773 977 1825 ἓ.
992 1775 1070 1814 109

424 1847 510 1885 pag.
532 1834 637 1880 515,
666 1832 728 1869 ubi
746 1831 919 1880 legimus
946 1829 1073 1894 ἐναγί-

425 1892 526 1937 ζειν
556 1886 599 1929 τὸ
616 1903 710 1939 χοας
731 1883 973 1939 ἐπιφέρειν
953 1884 982 1937 η’
998 1881 1074 1924 θύ-

426 1961 484 1986 ειν
513 1948 596 1992 τοῖς
629 1941 933 1994 κατοιχομένοις.
990 1942 1073 1980 Vid.

423 2003 545 2041 Koen.
564 2002 611 2039 ad
630 2001 665 2038 h.
690 2000 712 2038 l.
733 2004 770 2038 et
785 1999 958 2037 Creuzeri
967 2000 1075 2048 Sym-

425 2059 527 2097 bolic.
557 2058 607 2095 Ill
626 2070 712 2108 pag.
733 2056 785 2097 51
803 2068 883 2106 seq.
920 2077 977 2084 —
1013 2054 1074 2093 Ad

425 2110 681 2166 διεχρήσαντο
705 2113 799 2151 conf.
831 2125 926 2162 quae
961 2112 1010 2149 ad
1040 2111 1072 2160 I,

426 2174 507 2213 110
528 2170 741 2208 notavimus.

480 2223 692 2278 ἐκτήσαντο
738 2221 859 2265 πόλιν
896 2225 972 2277 γῆς
1000 2225 1072 2274 τῆς

427 2282 647 2335 Οἶνωτρίης
673 2277 845 2333 ταύτην]
875 2279 1072 2328 Arrideret‚

423 2341 525 2390 quod
554 2339 755 2388 Schweigh.
789 2338 940 2376 coniecit
977 2334 1072 2376 ε’κτι·

425 2407 499 2435 σαν
522 2397 623 2446 (pro
640 2391 905 2446 ἐκτήσαντο),
934 2393 1003 2430 nisi
1031 2393 1071 2429 id

423 2453 541 2502 ipsum
578 2452 749 2489 continuo
785 2450 987 2499 legeretur,
1032 2452 1072 2485 ut

423 2509 481 2545 vix
517 2508 705 2559 probabile
734 2507 798 2555 sit,
836 2507 933 2544 idem
960 2504 1071 2556 paulo

424 2568 532 2603 antea
559 2564 643 2601 olim
667 2564 855 2602 exstitisse.
911 2561 1071 2600 Larche-

422 2632 482 2657 rus
512 2620 686 2658 maluerat
711 2619 922 2659 ἐκτίσαντο.
968 2617 1071 2655 Neu-

423 2679 515 2713 trum
542 2677 647 2714 bene.
684 2675 753 2713 Est
772 2676 867 2714 enim
883 2670 1069 2726 ἐκτήσαν-

424 2745 467 2768 το
495 2733 564 2768 sz‘bz'
586 2735 869 2783 acquz'siverunt3
898 2745 970 2782 quo
989 2731 1069 2781 ipso

424 2785 620 2834 indicatur,
667 2802 742 2827 non
780 2789 915 2839 primos
959 2788 1070 2826 fuisse

424 2839 690 2891 Phocaeenses‚
732 2845 793 2894 qui
834 2844 963 2882 hocin
989 2843 1068 2881 loco

425 2896 550 2936 urbem
572 2901 821 2948 condiderint,
857 2901 925 2940 sed
960 2903 1070 2939 antea

1141 1046 1213 1084 iam
1249 1045 1336 1083 alias
1363 1045 1512 1084 aliarum
1538 1046 1606 1083 illic
1634 1044 1795 1094 gentium

1142 1103 1253 1140 fuisse
1291 1103 1409 1140 sedes.
1468 1102 1648 1152 Congruit
1677 1102 1795 1152 ipsum

1143 1159 1241 1195 urbis
1262 1172 1408 1207 nomen,
1426 1160 1526 1208 quod
1540 1158 1679 1207 origine
1688 1157 1796 1194 Etru-

1145 1228 1245 1252 scum
1260 1216 1296 1252 in
1314 1216 1417 1252 huius
1436 1215 1554 1263 gentis
1583 1227 1797 1252 monumen-

1142 1273 1189 1309 tis
1225 1273 1376 1309 occurrit
1408 1270 1653 1320 (FEAIA).
1702 1270 1797 1308 Vide

1143 1328 1301 1366 Miinter.
1325 1329 1425 1365 Velia
1442 1342 1527 1378 pag.
1551 1328 1624 1375 15,
1655 1327 1715 1377 qui
1730 1326 1797 1364 hoc

1142 1386 1276 1422 factum
1297 1398 1377 1421 esse
1397 1385 1576 1422 existimat
1597 1396 1693 1420 anno
1712 1384 1795 1424 553

1143 1445 1229 1477 ante
1261 1440 1347 1477 Chr.
1378 1453 1414 1478 n.
1472 1441 1527 1477 Ex
1557 1441 1636 1490 ipso
1670 1444 1794 1476 tamen

1143 1496 1290 1532 nomine
1335 1497 1420 1533 nihil
1466 1495 1668 1533 istiusmodi
1708 1508 1794 1532 con-

1142 1551 1236 1589 cludi
1267 1564 1376 1601 posse
1406 1551 1479 1589 vult
1510 1552 1553 1589 G.
1581 1552 1628 1588 O.
1652 1551 1793 1589 Miiller.

1142 1607 1285 1645 Etrusc.
1310 1609 1325 1645 Ι
1346 1622 1382 1659 p.
1398 1611 1478 1650 170
1498 1607 1577 1645 coll.
1603 1610 1693 1648 191.
1716 1608 1792 1645 Sed

1141 1664 1220 1715 ipse
1241 1677 1276 1713 p.
1298 1665 1382 1706 412
1401 1665 1508 1703 affert
1538 1664 1706 1701 Etruscas
1729 1677 1794 1700 vo-

1142 1733 1201 1757 ces
1228 1719 1311 1769 Fet,
1350 1720 1452 1758 Felz'a
1480 1720 1654 1769 (Vella).
1725 1719 1794 1758 Οἰ-

1140 1776 1288 1826 νωτρίη
1337 1783 1432 1814 terra
1483 1789 1559 1814 non
1605 1777 1793 1823 universa,

1141 1844 1250 1880 quam
1290 1845 1357 1870 nos
1390 1833 1539 1870 dicimus
1590 1832 1696 1870 ltalia
1725 1836 1793 1879 est,

1139 1900 1264 1925 verum
1298 1890 1372 1927 eius
1401 1902 1486 1940 pars
1514 1889 1696 1939 quaedam
1727 1901 1793 1926 au-

1141 1943 1282 1992 stralis,
1308 1958 1416 1995 quam
1443 1946 1559 1997 ipsam
1580 1945 1793 1983 Herodotus

1141 1999 1275 2038 Italiae
1304 2015 1452 2052 quoque
1485 2014 1632 2040 nomme
1673 2002 1792 2039 consi—

1141 2057 1278 2106 gnavit.
1336 2058 1419 2096 Vid.
1439 2059 1608 2097 Bredow.
1637 2058 1674 2095 in
1693 2057 1791 2095 Ura-

1139 2113 1263 2161 nolog.
1307 2114 1488 2152 Herodot.
1529 2127 1615 2165 pag.
1653 2113 1788 2150 XXVI.

1139 2169 1251 2208 Unde
1285 2170 1437 2219 legimus
1476 2171 1575 2221 apud
1610 2168 1788 2206 Ammian.

1137 2225 1334 2263 Marcellin.
1355 2226 1436 2274 XV,
1457 2229 1483 2267 9
1504 2225 1541 2277 ἓ.
1557 2229 1606 2272 7,
1636 2227 1697 2262 ubi
1715 2225 1788 2263 vid.

1136 2282 1373 2333 interpretes,
1398 2281 1682 2320 Phocaeensium
1699 2282 1789 2319 isto-

1135 2350 1213 2374 rum
1234 2338 1426 2375 nonnullos
1456 2339 1492 2375 in
1521 2337 1688 2375 Lucania
1712 2338 1787 2376 Ve-

1135 2393 1219 2431 liam
1237 2395 1452 2432 condidisse.
1509 2394 1664 2432 Oenotri
1688 2395 1784 2432 enim

1135 2450 1219 2487 olim
1236 2451 1447 2489 habitabant
1465 2450 1642 2488 Bruttium
1657 2462 1785 2500 agrum

1137 2510 1174 2544 et
1192 2506 1412 2555 Lucaniam,
1443 2511 1480 2545 et
1507 2511 1591 2545 ante
1616 2506 1784 2544 Sabello-

1135 2575 1213 2599 rum
1229 2564 1450 2601 invasionem
1472 2576 1536 2601 ora
1553 2562 1783 2601 occidentalis

1135 2631 1282 2669 quoque
1314 2633 1432 2669 usque
1468 2620 1516 2657 ad
1548 2619 1783 2656 Posidoniam

1134 2676 1333 2714 Oenotriae
1346 2676 1659 2713 adnumerabatur.
1713 2673 1746 2713 C
1752 2687 1782 2713 r.

1133 2733 1274 2770 confert
1296 2732 1473 2771 Niebuhr.
1503 2731 1610 2769 Rom.
1643 2730 1780 2768 Gesch.

1134 2787 1206 2838 ῙΡ-
1230 2791 1292 2830 16
1312 2789 1366 2829 58
1395 2789 1451 2826 ed.
1475 2788 1622 2825 secund.

1191 2839 1279 2894 ἥτις
1292 2847 1369 2883 νῦν
1376 2842 1487 2894 Ὑέλη
1511 2839 1700 2890 καλέεται]
1712 2840 1780 2877 Est

1135 2911 1180 2937 ea
1195 2901 1280 2939 urbs
1292 2928 1304 2949 ,
1333 2912 1428 2950 quae
1458 2903 1495 2937 et
1511 2898 1607 2936 Elea
1622 2901 1659 2936 et
1679 2896 1779 2934 Velm
