<?xml version="1.0" encoding="UTF-8"?>
<!DOCTYPE html PUBLIC "-//W3C//DTD XHTML 1.0 Transitional//EN"
    "http://www.w3.org/TR/xhtml1/DTD/xhtml1-transitional.dtd">
<html xmlns="http://www.w3.org/1999/xhtml" xml:lang="en" lang="en">
 <head>
  <title>
</title>
<meta http-equiv="Content-Type" content="text/html;charset=utf-8" />
  <meta name='ocr-system' content='tesseract 3.04.00' />
  <meta name='ocr-capabilities' content='ocr_page ocr_carea ocr_par ocr_line ocrx_word'/>
</head>
<body>
  <div class='ocr_page' id='page_1' title='image "./musaeherodoto01hero/musaeherodoto01hero_0376.png"; bbox 0 0 1909 3228; ppageno 0'>
   <div class='ocr_carea' id='block_1_1' title="bbox 437 195 1295 238">
    <p class='ocr_par' dir='ltr' id='par_1_1' title="bbox 437 195 1295 238">
     <span class='ocr_line' id='line_1_1' title="bbox 437 195 1295 238; baseline -0.003 0"><span class='ocrx_word' id='word_1_1' title='bbox 437 198 521 238; x_wconf 75' lang='lat'>862</span> <span class='ocrx_word' id='word_1_2' title='bbox 830 195 1295 235; x_wconf 82' lang='lat' dir='ltr'>HERODOTI</span> 
     </span>
    </p>
   </div>
   <div class='ocr_carea' id='block_1_2' title="bbox 409 305 949 355">
    <p class='ocr_par' dir='ltr' id='par_1_2' title="bbox 409 305 949 355">
     <span class='ocr_line' id='line_1_2' title="bbox 409 305 949 355; baseline -0.002 -7"><span class='ocrx_word' id='word_1_3' title='bbox 409 306 525 353; x_wconf 66' lang='grc' dir='ltr'><strong><em>Ξεῖσι</em></strong></span> <span class='ocrx_word' id='word_1_4' title='bbox 563 305 606 348; x_wconf 75' lang='grc' dir='ltr'>οἱ</span> <span class='ocrx_word' id='word_1_5' title='bbox 635 305 949 355; x_wconf 74' lang='grc' dir='ltr'><strong><em>καταδέξαντες.</em></strong></span> 
     </span>
    </p>
   </div>
   <div class='ocr_carea' id='block_1_3' title="bbox 1012 305 1690 361">
    <p class='ocr_par' dir='ltr' id='par_1_3' title="bbox 1012 305 1690 361">
     <span class='ocr_line' id='line_1_3' title="bbox 1012 305 1690 361; baseline 0.004 -15"><span class='ocrx_word' id='word_1_6' title='bbox 1012 305 1315 348; x_wconf 78' lang='grc' dir='ltr'><strong><em>ἐναυτίλλοντο</em></strong></span> <span class='ocrx_word' id='word_1_7' title='bbox 1354 306 1400 349; x_wconf 73' lang='grc' dir='ltr'>δὲ</span> <span class='ocrx_word' id='word_1_8' title='bbox 1445 305 1501 349; x_wconf 86' lang='grc' dir='ltr'>ου’</span> <span class='ocrx_word' id='word_1_9' title='bbox 1541 317 1690 361; x_wconf 85' lang='grc' dir='ltr'><strong><em>στρογ-</em></strong></span> 
     </span>
    </p>
   </div>
   <div class='ocr_carea' id='block_1_4' title="bbox 435 381 1746 439">
    <p class='ocr_par' dir='ltr' id='par_1_4' title="bbox 435 381 1746 439">
     <span class='ocr_line' id='line_1_4' title="bbox 435 381 1746 439; baseline -0.002 -13"><span class='ocrx_word' id='word_1_10' title='bbox 435 382 591 439; x_wconf 85' lang='grc' dir='ltr'><strong><em>γύλῃσι</em></strong></span> <span class='ocrx_word' id='word_1_11' title='bbox 620 384 769 438; x_wconf 83' lang='grc' dir='ltr'><strong><em>νηυσὶ,</em></strong></span> <span class='ocrx_word' id='word_1_12' title='bbox 801 381 907 425; x_wconf 70' lang='grc' dir='ltr'>ἀλλὰ</span> <span class='ocrx_word' id='word_1_13' title='bbox 937 381 1325 438; x_wconf 81' lang='grc' dir='ltr'><strong><em>πεντηκοντέροισι.</em></strong></span> <span class='ocrx_word' id='word_1_14' title='bbox 1362 383 1618 439; x_wconf 83' lang='grc' dir='ltr'><strong><em>ἀπικόμενοι</em></strong></span> <span class='ocrx_word' id='word_1_15' title='bbox 1643 385 1746 427; x_wconf 81' lang='grc' dir='ltr'>δὲ80</span> 
     </span>
    </p>
   </div>
   <div class='ocr_carea' id='block_1_5' title="bbox 437 460 1689 521">
    <p class='ocr_par' dir='ltr' id='par_1_5' title="bbox 437 460 1689 521">
     <span class='ocr_line' id='line_1_5' title="bbox 437 460 1689 521; baseline 0.001 -16"><span class='ocrx_word' id='word_1_16' title='bbox 437 462 481 512; x_wconf 81' lang='grc' dir='ltr'>ἐς</span> <span class='ocrx_word' id='word_1_17' title='bbox 509 461 586 504; x_wconf 85' lang='grc' dir='ltr'>τὸν</span> <span class='ocrx_word' id='word_1_18' title='bbox 620 460 895 516; x_wconf 80' lang='grc' dir='ltr'><strong><em>Ταρτησσὸν,</em></strong></span> <span class='ocrx_word' id='word_1_19' title='bbox 927 461 1182 517; x_wconf 81' lang='grc' dir='ltr'><strong><em>προσφιλέες</em></strong></span> <span class='ocrx_word' id='word_1_20' title='bbox 1211 461 1408 516; x_wconf 79' lang='grc' dir='ltr'><strong><em>ἐγένοντο</em></strong></span> <span class='ocrx_word' id='word_1_21' title='bbox 1438 467 1498 521; x_wconf 78' lang='grc' dir='ltr'><strong><em>τῷ</em></strong></span> <span class='ocrx_word' id='word_1_22' title='bbox 1520 462 1689 518; x_wconf 79' lang='grc' dir='ltr'><strong><em>βασιλέϊ</em></strong></span> 
     </span>
    </p>
   </div>
   <div class='ocr_carea' id='block_1_6' title="bbox 435 535 1685 597">
    <p class='ocr_par' dir='ltr' id='par_1_6' title="bbox 435 535 1685 597">
     <span class='ocr_line' id='line_1_6' title="bbox 435 535 1685 597; baseline 0 -13"><span class='ocrx_word' id='word_1_23' title='bbox 435 546 524 584; x_wconf 78' lang='grc' dir='ltr'>τῶν</span> <span class='ocrx_word' id='word_1_24' title='bbox 558 541 838 596; x_wconf 81' lang='grc' dir='ltr'><strong><em>Ταρτησσίων</em></strong></span> <span class='ocrx_word' id='word_1_25' title='bbox 852 573 862 590; x_wconf 87' lang='grc'><em>,</em></span> <span class='ocrx_word' id='word_1_26' title='bbox 892 543 953 597; x_wconf 77' lang='grc' dir='ltr'><strong><em>τῷ</em></strong></span> <span class='ocrx_word' id='word_1_27' title='bbox 973 539 1142 596; x_wconf 80' lang='grc' dir='ltr'><strong><em>οὔνομα</em></strong></span> <span class='ocrx_word' id='word_1_28' title='bbox 1163 541 1241 596; x_wconf 78' lang='grc' dir='ltr'><strong><em>μὲν</em></strong></span> <span class='ocrx_word' id='word_1_29' title='bbox 1261 535 1315 596; x_wconf 81' lang='grc' dir='ltr'><strong><em>ἦν</em></strong></span> <span class='ocrx_word' id='word_1_30' title='bbox 1341 538 1661 596; x_wconf 74' lang='grc' dir='ltr'><strong><em>Ἀργανθώνιος</em></strong></span> <span class='ocrx_word' id='word_1_31' title='bbox 1675 557 1685 570; x_wconf 84' lang='grc'>·</span> 
     </span>
    </p>
   </div>
   <div class='ocr_carea' id='block_1_7' title="bbox 434 617 1689 676">
    <p class='ocr_par' dir='ltr' id='par_1_7' title="bbox 434 617 1689 676">
     <span class='ocr_line' id='line_1_7' title="bbox 434 617 1689 676; baseline 0 -13"><span class='ocrx_word' id='word_1_32' title='bbox 434 617 718 673; x_wconf 79' lang='grc' dir='ltr'><strong><em>ἐτυράννευσε</em></strong></span> <span class='ocrx_word' id='word_1_33' title='bbox 748 618 794 662; x_wconf 79' lang='grc' dir='ltr'>δὲ</span> <span class='ocrx_word' id='word_1_34' title='bbox 830 622 1084 676; x_wconf 86' lang='grc' dir='ltr'><strong><em>Ταρτησσοῦ</em></strong></span> <span class='ocrx_word' id='word_1_35' title='bbox 1110 617 1360 675; x_wconf 79' lang='grc' dir='ltr'><strong><em>ὀγδώκοντα</em></strong></span> <span class='ocrx_word' id='word_1_36' title='bbox 1388 619 1502 672; x_wconf 73' lang='grc' dir='ltr'><strong><em>ἔτεα,</em></strong></span> <span class='ocrx_word' id='word_1_37' title='bbox 1540 618 1689 675; x_wconf 80' lang='grc' dir='ltr'><strong><em>ἐβίωσε</em></strong></span> 
     </span>
    </p>
   </div>
   <div class='ocr_carea' id='block_1_8' title="bbox 406 695 1689 757">
    <p class='ocr_par' dir='ltr' id='par_1_8' title="bbox 406 695 1689 757">
     <span class='ocr_line' id='line_1_8' title="bbox 406 695 1689 757; baseline 0.002 -18"><span class='ocrx_word' id='word_1_38' title='bbox 406 698 485 742; x_wconf 75' lang='grc' dir='ltr'>Βδὲ</span> <span class='ocrx_word' id='word_1_39' title='bbox 523 695 664 741; x_wconf 84' lang='grc' dir='ltr'><strong><em>πάντα</em></strong></span> <span class='ocrx_word' id='word_1_40' title='bbox 703 699 839 742; x_wconf 78' lang='grc' dir='ltr'><strong><em>εἴκοσι</em></strong></span> <span class='ocrx_word' id='word_1_41' title='bbox 878 698 952 742; x_wconf 84' lang='grc' dir='ltr'>καὶ</span> <span class='ocrx_word' id='word_1_42' title='bbox 987 698 1156 743; x_wconf 81' lang='grc' dir='ltr'><strong><em>ἑκατόν.</em></strong></span> <span class='ocrx_word' id='word_1_43' title='bbox 1213 697 1354 757; x_wconf 83' lang='grc' dir='ltr'><strong><em>τούτῳ</em></strong></span> <span class='ocrx_word' id='word_1_44' title='bbox 1385 697 1430 742; x_wconf 79' lang='grc' dir='ltr'>δὲ</span> <span class='ocrx_word' id='word_1_45' title='bbox 1466 701 1528 756; x_wconf 77' lang='grc' dir='ltr'><strong><em>τῷ</em></strong></span> <span class='ocrx_word' id='word_1_46' title='bbox 1560 696 1689 752; x_wconf 78' lang='grc' dir='ltr'><strong><em>ἀνδρὶ</em></strong></span> 
     </span>
    </p>
   </div>
   <div class='ocr_carea' id='block_1_9' title="bbox 376 870 1028 2886">
    <p class='ocr_par' dir='ltr' id='par_1_9' title="bbox 379 870 1024 967">
     <span class='ocr_line' id='line_1_9' title="bbox 379 870 1024 924; baseline -0.002 -14"><span class='ocrx_word' id='word_1_47' title='bbox 379 877 457 911; x_wconf 88' lang='lat' dir='ltr'>ctus</span> <span class='ocrx_word' id='word_1_48' title='bbox 476 873 531 924; x_wconf 88' lang='lat' dir='ltr'>(p.</span> <span class='ocrx_word' id='word_1_49' title='bbox 547 873 647 922; x_wconf 87' lang='lat'>193)</span> <span class='ocrx_word' id='word_1_50' title='bbox 662 872 763 922; x_wconf 90' lang='lat' dir='ltr'>ponit</span> <span class='ocrx_word' id='word_1_51' title='bbox 776 871 868 908; x_wconf 89' lang='lat' dir='ltr'>circa</span> <span class='ocrx_word' id='word_1_52' title='bbox 879 870 1024 923; x_wconf 72' lang='lat' dir='ltr'>Olymp-</span> 
     </span>
     <span class='ocr_line' id='line_1_10' title="bbox 379 927 898 967; baseline 0 -1"><span class='ocrx_word' id='word_1_53' title='bbox 379 930 592 967; x_wconf 86' lang='lat' dir='ltr'>tricesimam</span> <span class='ocrx_word' id='word_1_54' title='bbox 611 928 668 967; x_wconf 93' lang='lat' dir='ltr'>vel</span> <span class='ocrx_word' id='word_1_55' title='bbox 684 927 898 966; x_wconf 82' lang='lat' dir='ltr'>vicesimam.</span> 
     </span>
    </p>

    <p class='ocr_par' dir='ltr' id='par_1_10' title="bbox 376 981 1028 2550">
     <span class='ocr_line' id='line_1_11' title="bbox 435 981 1024 1038; baseline -0.005 -13"><span class='ocrx_word' id='word_1_56' title='bbox 435 984 479 1025; x_wconf 78' lang='grc' dir='ltr'>δὲ</span> <span class='ocrx_word' id='word_1_57' title='bbox 510 981 559 1026; x_wconf 79' lang='grc' dir='ltr'>οὕ</span> <span class='ocrx_word' id='word_1_58' title='bbox 600 981 857 1038; x_wconf 78' lang='grc' dir='ltr'><strong><em>στρογγύλῃσι</em></strong></span> <span class='ocrx_word' id='word_1_59' title='bbox 884 983 1024 1034; x_wconf 80' lang='grc' dir='ltr'><strong><em>νηυσὶ,</em></strong></span> 
     </span>
     <span class='ocr_line' id='line_1_12' title="bbox 378 1038 1026 1093; baseline -0.009 -11"><span class='ocrx_word' id='word_1_60' title='bbox 378 1038 478 1082; x_wconf 63' lang='grc' dir='ltr'>ἀλλὰ</span> <span class='ocrx_word' id='word_1_61' title='bbox 508 1038 875 1093; x_wconf 79' lang='grc' dir='ltr'><strong><em>πεντηκοντέροισι]</em></strong></span> <span class='ocrx_word' id='word_1_62' title='bbox 919 1041 1026 1077; x_wconf 89' lang='lat' dir='ltr'>Conf.</span> 
     </span>
     <span class='ocr_line' id='line_1_13' title="bbox 378 1097 1027 1149; baseline -0.005 -13"><span class='ocrx_word' id='word_1_63' title='bbox 378 1111 472 1148; x_wconf 88' lang='lat' dir='ltr'>quae</span> <span class='ocrx_word' id='word_1_64' title='bbox 505 1111 614 1149; x_wconf 91' lang='lat' dir='ltr'>supra</span> <span class='ocrx_word' id='word_1_65' title='bbox 636 1098 897 1148; x_wconf 76' lang='lat' dir='ltr'>disputavimus</span> <span class='ocrx_word' id='word_1_66' title='bbox 926 1098 972 1134; x_wconf 85' lang='lat' dir='ltr'>ad</span> <span class='ocrx_word' id='word_1_67' title='bbox 1002 1097 1027 1144; x_wconf 88' lang='grc' dir='ltr'>Ι,</span> 
     </span>
     <span class='ocr_line' id='line_1_14' title="bbox 378 1153 1026 1201; baseline -0.005 -8"><span class='ocrx_word' id='word_1_68' title='bbox 378 1159 418 1197; x_wconf 81' lang='lat'>2.</span> <span class='ocrx_word' id='word_1_69' title='bbox 448 1155 546 1193; x_wconf 82' lang='lat' dir='ltr'>Nam</span> <span class='ocrx_word' id='word_1_70' title='bbox 567 1155 730 1192; x_wconf 81' lang='lat' dir='ltr'>rotundis</span> <span class='ocrx_word' id='word_1_71' title='bbox 751 1155 901 1191; x_wconf 74' lang='lat' dir='ltr'>navibus</span> <span class='ocrx_word' id='word_1_72' title='bbox 919 1153 1026 1201; x_wconf 69' lang='lat' dir='ltr'>wigo</span> 
     </span>
     <span class='ocr_line' id='line_1_15' title="bbox 378 1211 1025 1257; baseline -0.005 -9"><span class='ocrx_word' id='word_1_73' title='bbox 378 1211 463 1248; x_wconf 90' lang='lat' dir='ltr'>olim</span> <span class='ocrx_word' id='word_1_74' title='bbox 493 1212 684 1249; x_wconf 88' lang='lat' dir='ltr'>utebantur</span> <span class='ocrx_word' id='word_1_75' title='bbox 719 1212 766 1248; x_wconf 88' lang='lat' dir='ltr'>ad</span> <span class='ocrx_word' id='word_1_76' title='bbox 802 1211 1025 1257; x_wconf 79' lang='lat' dir='ltr'>commercia,</span> 
     </span>
     <span class='ocr_line' id='line_1_16' title="bbox 377 1266 1024 1317; baseline -0.003 -13"><span class='ocrx_word' id='word_1_77' title='bbox 377 1267 496 1317; x_wconf 86' lang='lat' dir='ltr'>longis</span> <span class='ocrx_word' id='word_1_78' title='bbox 527 1269 576 1304; x_wconf 88' lang='lat' dir='ltr'>ad</span> <span class='ocrx_word' id='word_1_79' title='bbox 601 1266 703 1305; x_wconf 86' lang='lat' dir='ltr'>bella.</span> <span class='ocrx_word' id='word_1_80' title='bbox 763 1267 860 1304; x_wconf 89' lang='lat' dir='ltr'>Hinc</span> <span class='ocrx_word' id='word_1_81' title='bbox 889 1271 927 1303; x_wconf 91' lang='lat' dir='ltr'>ut</span> <span class='ocrx_word' id='word_1_82' title='bbox 958 1280 1024 1316; x_wconf 86' lang='lat' dir='ltr'>pe-</span> 
     </span>
     <span class='ocr_line' id='line_1_17' title="bbox 378 1323 1026 1361; baseline -0.005 0"><span class='ocrx_word' id='word_1_83' title='bbox 378 1324 511 1361; x_wconf 85' lang='lat' dir='ltr'>culiare</span> <span class='ocrx_word' id='word_1_84' title='bbox 527 1328 655 1361; x_wconf 91' lang='lat' dir='ltr'>notare</span> <span class='ocrx_word' id='word_1_85' title='bbox 675 1324 834 1361; x_wconf 81' lang='lat' dir='ltr'>debebat</span> <span class='ocrx_word' id='word_1_86' title='bbox 857 1323 1026 1360; x_wconf 87' lang='lat' dir='ltr'>Herodo-</span> 
     </span>
     <span class='ocr_line' id='line_1_18' title="bbox 377 1379 1028 1427; baseline -0.002 -11"><span class='ocrx_word' id='word_1_87' title='bbox 377 1385 456 1427; x_wconf 86' lang='lat' dir='ltr'>tus,</span> <span class='ocrx_word' id='word_1_88' title='bbox 485 1379 758 1426; x_wconf 86' lang='lat' dir='ltr'>Phocaeenses,</span> <span class='ocrx_word' id='word_1_89' title='bbox 798 1392 891 1427; x_wconf 89' lang='lat' dir='ltr'>quos</span> <span class='ocrx_word' id='word_1_90' title='bbox 933 1392 1028 1416; x_wconf 88' lang='lat' dir='ltr'>mer-</span> 
     </span>
     <span class='ocr_line' id='line_1_19' title="bbox 377 1436 1027 1484; baseline -0.005 -11"><span class='ocrx_word' id='word_1_91' title='bbox 377 1440 523 1474; x_wconf 82' lang='lat' dir='ltr'><strong>caturae</strong></span> <span class='ocrx_word' id='word_1_92' title='bbox 540 1437 647 1472; x_wconf 67' lang='lat' dir='ltr'>causa</span> <span class='ocrx_word' id='word_1_93' title='bbox 668 1436 882 1484; x_wconf 71' lang='lat' dir='ltr'>navigantes</span> <span class='ocrx_word' id='word_1_94' title='bbox 903 1440 1027 1471; x_wconf 90' lang='lat' dir='ltr'>rotun-</span> 
     </span>
     <span class='ocr_line' id='line_1_20' title="bbox 378 1491 1026 1528; baseline -0.003 0"><span class='ocrx_word' id='word_1_95' title='bbox 378 1492 436 1528; x_wconf 91' lang='lat' dir='ltr'>dis</span> <span class='ocrx_word' id='word_1_96' title='bbox 476 1491 526 1528; x_wconf 89' lang='lat' dir='ltr'>uti</span> <span class='ocrx_word' id='word_1_97' title='bbox 558 1493 709 1528; x_wconf 63' lang='lat' dir='ltr'>navibus</span> <span class='ocrx_word' id='word_1_98' title='bbox 745 1496 1026 1528; x_wconf 86' lang='lat' dir='ltr'>consentaneum</span> 
     </span>
     <span class='ocr_line' id='line_1_21' title="bbox 378 1547 1025 1597; baseline -0.006 -11"><span class='ocrx_word' id='word_1_99' title='bbox 378 1551 479 1595; x_wconf 89' lang='lat' dir='ltr'>erat,</span> <span class='ocrx_word' id='word_1_100' title='bbox 507 1548 773 1597; x_wconf 87' lang='lat' dir='ltr'>penteconteris</span> <span class='ocrx_word' id='word_1_101' title='bbox 794 1547 905 1585; x_wconf 85' lang='lat' dir='ltr'>fuisse</span> <span class='ocrx_word' id='word_1_102' title='bbox 927 1560 1025 1594; x_wconf 89' lang='lat' dir='ltr'>usos,</span> 
     </span>
     <span class='ocr_line' id='line_1_22' title="bbox 378 1603 1025 1653; baseline -0.002 -13"><span class='ocrx_word' id='word_1_103' title='bbox 378 1616 474 1653; x_wconf 90' lang='lat' dir='ltr'>quae</span> <span class='ocrx_word' id='word_1_104' title='bbox 498 1615 608 1640; x_wconf 80' lang='lat' dir='ltr'>naves</span> <span class='ocrx_word' id='word_1_105' title='bbox 638 1605 686 1641; x_wconf 88' lang='lat' dir='ltr'>ad</span> <span class='ocrx_word' id='word_1_106' title='bbox 723 1603 888 1640; x_wconf 85' lang='lat' dir='ltr'>bellicum</span> <span class='ocrx_word' id='word_1_107' title='bbox 922 1616 1025 1639; x_wconf 87' lang='lat' dir='ltr'>usum</span> 
     </span>
     <span class='ocr_line' id='line_1_23' title="bbox 378 1660 1025 1710; baseline -0.002 -13"><span class='ocrx_word' id='word_1_108' title='bbox 378 1662 479 1697; x_wconf 83' lang='lat' dir='ltr'>suere</span> <span class='ocrx_word' id='word_1_109' title='bbox 495 1664 664 1710; x_wconf 86' lang='lat' dir='ltr'>paratae,</span> <span class='ocrx_word' id='word_1_110' title='bbox 684 1660 946 1709; x_wconf 74' lang='lat' dir='ltr'>quinquaginta</span> <span class='ocrx_word' id='word_1_111' title='bbox 969 1672 1025 1696; x_wconf 90' lang='lat' dir='ltr'>re-</span> 
     </span>
     <span class='ocr_line' id='line_1_24' title="bbox 378 1715 1023 1753; baseline -0.003 0"><span class='ocrx_word' id='word_1_112' title='bbox 378 1716 447 1753; x_wconf 92' lang='lat' dir='ltr'>mis</span> <span class='ocrx_word' id='word_1_113' title='bbox 467 1728 539 1752; x_wconf 92' lang='lat' dir='ltr'>uno</span> <span class='ocrx_word' id='word_1_114' title='bbox 572 1717 697 1753; x_wconf 87' lang='lat' dir='ltr'>ordine</span> <span class='ocrx_word' id='word_1_115' title='bbox 728 1717 933 1752; x_wconf 82' lang='lat' dir='ltr'>instructae.</span> <span class='ocrx_word' id='word_1_116' title='bbox 965 1715 1023 1751; x_wconf 78' lang='lat' dir='ltr'>Cf.</span> 
     </span>
     <span class='ocr_line' id='line_1_25' title="bbox 377 1771 1024 1820; baseline -0.003 -12"><span class='ocrx_word' id='word_1_117' title='bbox 377 1784 472 1820; x_wconf 87' lang='lat' dir='ltr'>quae</span> <span class='ocrx_word' id='word_1_118' title='bbox 500 1771 547 1808; x_wconf 89' lang='lat' dir='ltr'>ad</span> <span class='ocrx_word' id='word_1_119' title='bbox 577 1771 722 1809; x_wconf 89' lang='lat' dir='ltr'>Ctesiae</span> <span class='ocrx_word' id='word_1_120' title='bbox 749 1771 894 1808; x_wconf 88' lang='lat' dir='ltr'>Persica</span> <span class='ocrx_word' id='word_1_121' title='bbox 921 1771 1024 1807; x_wconf 85' lang='lat' dir='ltr'>citavi</span> 
     </span>
     <span class='ocr_line' id='line_1_26' title="bbox 376 1827 1024 1878; baseline -0.003 -14"><span class='ocrx_word' id='word_1_122' title='bbox 376 1840 464 1878; x_wconf 86' lang='lat' dir='ltr'>pag.</span> <span class='ocrx_word' id='word_1_123' title='bbox 503 1830 595 1868; x_wconf 81' lang='lat'>142.</span> <span class='ocrx_word' id='word_1_124' title='bbox 656 1828 724 1864; x_wconf 88' lang='lat' dir='ltr'>His</span> <span class='ocrx_word' id='word_1_125' title='bbox 752 1840 836 1864; x_wconf 83' lang='lat' dir='ltr'>vero</span> <span class='ocrx_word' id='word_1_126' title='bbox 875 1827 1024 1863; x_wconf 77' lang='lat' dir='ltr'>navibus</span> 
     </span>
     <span class='ocr_line' id='line_1_27' title="bbox 377 1883 1026 1920; baseline -0.005 0"><span class='ocrx_word' id='word_1_127' title='bbox 377 1883 628 1920; x_wconf 82' lang='lat' dir='ltr'>Phocaeenses</span> <span class='ocrx_word' id='word_1_128' title='bbox 648 1884 685 1919; x_wconf 90' lang='lat' dir='ltr'>in</span> <span class='ocrx_word' id='word_1_129' title='bbox 704 1883 906 1919; x_wconf 89' lang='lat' dir='ltr'>huiusmodi</span> <span class='ocrx_word' id='word_1_130' title='bbox 924 1883 1026 1919; x_wconf 76' lang='lat' dir='ltr'>navi-</span> 
     </span>
     <span class='ocr_line' id='line_1_28' title="bbox 377 1938 1026 1988; baseline -0.002 -12"><span class='ocrx_word' id='word_1_131' title='bbox 377 1938 584 1988; x_wconf 78' lang='lat' dir='ltr'>gationibus</span> <span class='ocrx_word' id='word_1_132' title='bbox 602 1939 652 1975; x_wconf 88' lang='lat' dir='ltr'>uti</span> <span class='ocrx_word' id='word_1_133' title='bbox 664 1952 810 1976; x_wconf 84' lang='lat' dir='ltr'>necesse</span> <span class='ocrx_word' id='word_1_134' title='bbox 823 1944 912 1985; x_wconf 82' lang='lat' dir='ltr'>erat,</span> <span class='ocrx_word' id='word_1_135' title='bbox 933 1952 1026 1987; x_wconf 90' lang='lat' dir='ltr'>quo-</span> 
     </span>
     <span class='ocr_line' id='line_1_29' title="bbox 377 1995 1025 2045; baseline -0.002 -12"><span class='ocrx_word' id='word_1_136' title='bbox 377 1996 476 2033; x_wconf 86' lang='lat' dir='ltr'>niam</span> <span class='ocrx_word' id='word_1_137' title='bbox 519 1995 554 2032; x_wconf 90' lang='lat' dir='ltr'><strong>T</strong></span> <span class='ocrx_word' id='word_1_138' title='bbox 556 1995 748 2044; x_wconf 70' lang='lat' dir='ltr'>yrrhenuin</span> <span class='ocrx_word' id='word_1_139' title='bbox 789 1996 889 2045; x_wconf 87' lang='lat' dir='ltr'>quod</span> <span class='ocrx_word' id='word_1_140' title='bbox 924 1995 1025 2032; x_wconf 83' lang='lat' dir='ltr'>aiunt</span> 
     </span>
     <span class='ocr_line' id='line_1_30' title="bbox 376 2051 1024 2090; baseline -0.003 0"><span class='ocrx_word' id='word_1_141' title='bbox 376 2064 476 2090; x_wconf 87' lang='lat' dir='ltr'>mare</span> <span class='ocrx_word' id='word_1_142' title='bbox 522 2057 608 2088; x_wconf 86' lang='lat' dir='ltr'>tunc</span> <span class='ocrx_word' id='word_1_143' title='bbox 650 2051 780 2089; x_wconf 86' lang='lat' dir='ltr'>Tuscis</span> <span class='ocrx_word' id='word_1_144' title='bbox 826 2052 1024 2089; x_wconf 79' lang='lat' dir='ltr'>latronibus</span> 
     </span>
     <span class='ocr_line' id='line_1_31' title="bbox 378 2107 1021 2158; baseline -0.002 -12"><span class='ocrx_word' id='word_1_145' title='bbox 378 2107 554 2158; x_wconf 88' lang='lat' dir='ltr'>repletum</span> <span class='ocrx_word' id='word_1_146' title='bbox 583 2113 678 2155; x_wconf 88' lang='lat' dir='ltr'>erat,</span> <span class='ocrx_word' id='word_1_147' title='bbox 706 2108 841 2158; x_wconf 86' lang='lat' dir='ltr'>illoque</span> <span class='ocrx_word' id='word_1_148' title='bbox 857 2114 1021 2157; x_wconf 89' lang='lat' dir='ltr'>tempore</span> 
     </span>
     <span class='ocr_line' id='line_1_32' title="bbox 379 2163 1021 2202; baseline 0 -2"><span class='ocrx_word' id='word_1_149' title='bbox 379 2164 415 2201; x_wconf 87' lang='lat' dir='ltr'>T</span> <span class='ocrx_word' id='word_1_150' title='bbox 419 2164 491 2201; x_wconf 90' lang='lat' dir='ltr'>usci</span> <span class='ocrx_word' id='word_1_151' title='bbox 510 2164 546 2200; x_wconf 89' lang='lat' dir='ltr'>in</span> <span class='ocrx_word' id='word_1_152' title='bbox 574 2163 632 2200; x_wconf 87' lang='lat' dir='ltr'>illo</span> <span class='ocrx_word' id='word_1_153' title='bbox 658 2165 746 2201; x_wconf 83' lang='lat' dir='ltr'>mari</span> <span class='ocrx_word' id='word_1_154' title='bbox 767 2165 936 2202; x_wconf 77' lang='lat' dir='ltr'>classibus</span> <span class='ocrx_word' id='word_1_155' title='bbox 955 2165 1021 2201; x_wconf 93' lang='lat' dir='ltr'>do-</span> 
     </span>
     <span class='ocr_line' id='line_1_33' title="bbox 377 2221 1022 2268; baseline -0.003 -11"><span class='ocrx_word' id='word_1_156' title='bbox 377 2221 622 2268; x_wconf 84' lang='lat' dir='ltr'>minabantur,</span> <span class='ocrx_word' id='word_1_157' title='bbox 653 2225 688 2258; x_wconf 88' lang='lat' dir='ltr'>et</span> <span class='ocrx_word' id='word_1_158' title='bbox 709 2226 783 2258; x_wconf 89' lang='lat' dir='ltr'>tum</span> <span class='ocrx_word' id='word_1_159' title='bbox 801 2221 1022 2258; x_wconf 84' lang='lat' dir='ltr'>commerciis</span> 
     </span>
     <span class='ocr_line' id='line_1_34' title="bbox 377 2277 1022 2326; baseline 0 -13"><span class='ocrx_word' id='word_1_160' title='bbox 377 2281 454 2314; x_wconf 86' lang='lat' dir='ltr'>tum</span> <span class='ocrx_word' id='word_1_161' title='bbox 475 2290 559 2315; x_wconf 90' lang='lat' dir='ltr'>vero</span> <span class='ocrx_word' id='word_1_162' title='bbox 581 2278 806 2326; x_wconf 83' lang='lat' dir='ltr'>potissimum</span> <span class='ocrx_word' id='word_1_163' title='bbox 827 2277 1022 2314; x_wconf 86' lang='lat' dir='ltr'>latrociniis</span> 
     </span>
     <span class='ocr_line' id='line_1_35' title="bbox 377 2333 1023 2382; baseline -0.002 -12"><span class='ocrx_word' id='word_1_164' title='bbox 377 2333 532 2370; x_wconf 83' lang='lat' dir='ltr'>cuiusvis</span> <span class='ocrx_word' id='word_1_165' title='bbox 553 2333 696 2382; x_wconf 81' lang='lat' dir='ltr'>generis</span> <span class='ocrx_word' id='word_1_166' title='bbox 720 2334 882 2382; x_wconf 83' lang='lat' dir='ltr'>insignes</span> <span class='ocrx_word' id='word_1_167' title='bbox 910 2334 1023 2370; x_wconf 87' lang='lat' dir='ltr'>adeo-</span> 
     </span>
     <span class='ocr_line' id='line_1_36' title="bbox 379 2390 1024 2438; baseline 0 -13"><span class='ocrx_word' id='word_1_168' title='bbox 379 2402 451 2438; x_wconf 88' lang='lat' dir='ltr'>que</span> <span class='ocrx_word' id='word_1_169' title='bbox 467 2390 618 2426; x_wconf 86' lang='lat' dir='ltr'>infames</span> <span class='ocrx_word' id='word_1_170' title='bbox 640 2390 748 2427; x_wconf 74' lang='lat' dir='ltr'>suere.</span> <span class='ocrx_word' id='word_1_171' title='bbox 791 2390 854 2427; x_wconf 81' lang='lat' dir='ltr'>Cr.</span> <span class='ocrx_word' id='word_1_172' title='bbox 884 2390 1024 2427; x_wconf 88' lang='lat' dir='ltr'>confert</span> 
     </span>
     <span class='ocr_line' id='line_1_37' title="bbox 378 2444 1021 2495; baseline 0.005 -13"><span class='ocrx_word' id='word_1_173' title='bbox 378 2444 555 2482; x_wconf 86' lang='lat' dir='ltr'>Niebuhr.</span> <span class='ocrx_word' id='word_1_174' title='bbox 573 2445 678 2482; x_wconf 64' lang='lat' dir='ltr'>Roin.</span> <span class='ocrx_word' id='word_1_175' title='bbox 699 2446 831 2483; x_wconf 85' lang='lat' dir='ltr'>Gesch.</span> <span class='ocrx_word' id='word_1_176' title='bbox 850 2445 866 2482; x_wconf 92' lang='lat' dir='ltr'>I</span> <span class='ocrx_word' id='word_1_177' title='bbox 890 2459 926 2495; x_wconf 89' lang='lat' dir='ltr'>p.</span> <span class='ocrx_word' id='word_1_178' title='bbox 942 2446 1021 2485; x_wconf 86' lang='lat'>130</span> 
     </span>
     <span class='ocr_line' id='line_1_38' title="bbox 379 2499 1021 2550; baseline 0 -13"><span class='ocrx_word' id='word_1_179' title='bbox 379 2514 455 2550; x_wconf 89' lang='lat' dir='ltr'>seq.</span> <span class='ocrx_word' id='word_1_180' title='bbox 476 2502 533 2539; x_wconf 86' lang='lat' dir='ltr'>ed.</span> <span class='ocrx_word' id='word_1_181' title='bbox 551 2515 622 2540; x_wconf 85' lang='lat' dir='ltr'>sec.</span> <span class='ocrx_word' id='word_1_182' title='bbox 653 2501 714 2539; x_wconf 89' lang='lat' dir='ltr'>Tu</span> <span class='ocrx_word' id='word_1_183' title='bbox 733 2503 818 2539; x_wconf 88' lang='lat' dir='ltr'>add.</span> <span class='ocrx_word' id='word_1_184' title='bbox 836 2501 977 2538; x_wconf 78' lang='lat' dir='ltr'>Miiller.</span> <span class='ocrx_word' id='word_1_185' title='bbox 998 2499 1021 2537; x_wconf 94' lang='lat' dir='ltr'>l.</span> 
     </span>
    </p>

    <p class='ocr_par' dir='ltr' id='par_1_11' title="bbox 379 2607 1022 2886">
     <span class='ocr_line' id='line_1_39' title="bbox 434 2607 1020 2665; baseline 0 -15"><span class='ocrx_word' id='word_1_186' title='bbox 434 2615 491 2665; x_wconf 76' lang='grc' dir='ltr'><strong><em>τῷ</em></strong></span> <span class='ocrx_word' id='word_1_187' title='bbox 509 2610 665 2663; x_wconf 80' lang='grc' dir='ltr'><strong><em>οὕνομα</em></strong></span> <span class='ocrx_word' id='word_1_188' title='bbox 694 2610 764 2664; x_wconf 74' lang='grc' dir='ltr'><strong><em>μὲν</em></strong></span> <span class='ocrx_word' id='word_1_189' title='bbox 789 2607 842 2663; x_wconf 75' lang='grc' dir='ltr'><strong><em>ἦν</em></strong></span> <span class='ocrx_word' id='word_1_190' title='bbox 868 2607 1020 2664; x_wconf 83' lang='grc' dir='ltr'><strong><em>Ἀργαν-</em></strong></span> 
     </span>
     <span class='ocr_line' id='line_1_40' title="bbox 379 2664 1021 2719; baseline -0.002 -13"><span class='ocrx_word' id='word_1_191' title='bbox 379 2664 556 2719; x_wconf 78' lang='grc' dir='ltr'><strong><em>θώνιος]</em></strong></span> <span class='ocrx_word' id='word_1_192' title='bbox 579 2670 684 2712; x_wconf 85' lang='lat' dir='ltr'>Quae</span> <span class='ocrx_word' id='word_1_193' title='bbox 701 2670 748 2707; x_wconf 90' lang='lat' dir='ltr'>de</span> <span class='ocrx_word' id='word_1_194' title='bbox 768 2673 886 2707; x_wconf 88' lang='lat' dir='ltr'>aetate</span> <span class='ocrx_word' id='word_1_195' title='bbox 905 2674 941 2706; x_wconf 86' lang='lat' dir='ltr'>et</span> <span class='ocrx_word' id='word_1_196' title='bbox 962 2681 1021 2705; x_wconf 87' lang='lat' dir='ltr'>re-</span> 
     </span>
     <span class='ocr_line' id='line_1_41' title="bbox 380 2724 1022 2774; baseline 0 -14"><span class='ocrx_word' id='word_1_197' title='bbox 380 2724 443 2771; x_wconf 84' lang='lat' dir='ltr'>gni</span> <span class='ocrx_word' id='word_1_198' title='bbox 462 2730 498 2761; x_wconf 91' lang='lat' dir='ltr'>et</span> <span class='ocrx_word' id='word_1_199' title='bbox 526 2726 621 2762; x_wconf 85' lang='lat' dir='ltr'>vitae</span> <span class='ocrx_word' id='word_1_200' title='bbox 648 2724 884 2774; x_wconf 83' lang='lat' dir='ltr'>Arganthonii</span> <span class='ocrx_word' id='word_1_201' title='bbox 900 2725 1022 2762; x_wconf 87' lang='lat' dir='ltr'>scribit</span> 
     </span>
     <span class='ocr_line' id='line_1_42' title="bbox 379 2778 1020 2827; baseline 0.002 -12"><span class='ocrx_word' id='word_1_202' title='bbox 379 2778 612 2827; x_wconf 75' lang='lat' dir='ltr'>Herodotus,</span> <span class='ocrx_word' id='word_1_203' title='bbox 649 2783 777 2818; x_wconf 79' lang='lat' dir='ltr'>eadem</span> <span class='ocrx_word' id='word_1_204' title='bbox 811 2784 923 2819; x_wconf 81' lang='lat' dir='ltr'>ferme</span> <span class='ocrx_word' id='word_1_205' title='bbox 948 2780 1020 2817; x_wconf 83' lang='lat' dir='ltr'>Pli-</span> 
     </span>
     <span class='ocr_line' id='line_1_43' title="bbox 380 2834 1020 2886; baseline 0.003 -15"><span class='ocrx_word' id='word_1_206' title='bbox 380 2834 460 2871; x_wconf 85' lang='lat' dir='ltr'>nius</span> <span class='ocrx_word' id='word_1_207' title='bbox 489 2835 582 2872; x_wconf 63' lang='grc' dir='ltr'>ΗΜ.</span> <span class='ocrx_word' id='word_1_208' title='bbox 608 2835 693 2874; x_wconf 85' lang='lat' dir='ltr'>Nat.</span> <span class='ocrx_word' id='word_1_209' title='bbox 723 2837 829 2886; x_wconf 63' lang='lat' dir='ltr'>vm,</span> <span class='ocrx_word' id='word_1_210' title='bbox 850 2840 926 2885; x_wconf 69' lang='lat'>48,</span> <span class='ocrx_word' id='word_1_211' title='bbox 956 2837 1020 2874; x_wconf 93' lang='lat' dir='ltr'>Ci-</span> 
     </span>
    </p>
   </div>
   <div class='ocr_carea' id='block_1_10' title="bbox 1085 870 1745 2890">
    <p class='ocr_par' dir='ltr' id='par_1_12' title="bbox 1085 870 1745 2890">
     <span class='ocr_line' id='line_1_44' title="bbox 1094 870 1744 921; baseline 0 -12"><span class='ocrx_word' id='word_1_212' title='bbox 1094 884 1176 909; x_wconf 90' lang='lat' dir='ltr'>cero</span> <span class='ocrx_word' id='word_1_213' title='bbox 1197 871 1244 909; x_wconf 89' lang='lat' dir='ltr'>de</span> <span class='ocrx_word' id='word_1_214' title='bbox 1262 875 1434 909; x_wconf 84' lang='lat' dir='ltr'>senectut.</span> <span class='ocrx_word' id='word_1_215' title='bbox 1449 873 1514 918; x_wconf 86' lang='lat'>19,</span> <span class='ocrx_word' id='word_1_216' title='bbox 1527 870 1605 919; x_wconf 83' lang='lat' dir='ltr'>alii,</span> <span class='ocrx_word' id='word_1_217' title='bbox 1617 884 1744 921; x_wconf 88' lang='lat' dir='ltr'>quam-</span> 
     </span>
     <span class='ocr_line' id='line_1_45' title="bbox 1094 928 1743 977; baseline -0.002 -12"><span class='ocrx_word' id='word_1_218' title='bbox 1094 941 1202 977; x_wconf 86' lang='lat' dir='ltr'>quam</span> <span class='ocrx_word' id='word_1_219' title='bbox 1224 929 1260 964; x_wconf 92' lang='lat' dir='ltr'>in</span> <span class='ocrx_word' id='word_1_220' title='bbox 1286 928 1365 977; x_wconf 88' lang='lat' dir='ltr'>ipso</span> <span class='ocrx_word' id='word_1_221' title='bbox 1394 941 1570 964; x_wconf 86' lang='lat' dir='ltr'>annornm</span> <span class='ocrx_word' id='word_1_222' title='bbox 1591 941 1743 966; x_wconf 88' lang='lat' dir='ltr'>numero</span> 
     </span>
     <span class='ocr_line' id='line_1_46' title="bbox 1094 985 1743 1033; baseline 0 -13"><span class='ocrx_word' id='word_1_223' title='bbox 1094 997 1168 1020; x_wconf 86' lang='lat' dir='ltr'>non</span> <span class='ocrx_word' id='word_1_224' title='bbox 1206 997 1329 1021; x_wconf 90' lang='lat' dir='ltr'>omnes</span> <span class='ocrx_word' id='word_1_225' title='bbox 1366 985 1613 1031; x_wconf 86' lang='lat' dir='ltr'>consentiunt,</span> <span class='ocrx_word' id='word_1_226' title='bbox 1652 997 1743 1033; x_wconf 88' lang='lat' dir='ltr'>quo-</span> 
     </span>
     <span class='ocr_line' id='line_1_47' title="bbox 1095 1041 1744 1088; baseline 0.002 -12"><span class='ocrx_word' id='word_1_227' title='bbox 1095 1053 1173 1077; x_wconf 87' lang='lat' dir='ltr'>rnm</span> <span class='ocrx_word' id='word_1_228' title='bbox 1219 1044 1360 1076; x_wconf 78' lang='lat' dir='ltr'>centnm</span> <span class='ocrx_word' id='word_1_229' title='bbox 1408 1044 1444 1077; x_wconf 89' lang='lat' dir='ltr'>et</span> <span class='ocrx_word' id='word_1_230' title='bbox 1480 1041 1744 1088; x_wconf 76' lang='lat' dir='ltr'>quinquaginta</span> 
     </span>
     <span class='ocr_line' id='line_1_48' title="bbox 1094 1095 1744 1145; baseline -0.002 -12"><span class='ocrx_word' id='word_1_231' title='bbox 1094 1109 1209 1134; x_wconf 89' lang='lat' dir='ltr'>annos</span> <span class='ocrx_word' id='word_1_232' title='bbox 1240 1095 1335 1132; x_wconf 90' lang='lat' dir='ltr'>illum</span> <span class='ocrx_word' id='word_1_233' title='bbox 1366 1108 1490 1145; x_wconf 85' lang='lat' dir='ltr'>regem</span> <span class='ocrx_word' id='word_1_234' title='bbox 1513 1097 1643 1133; x_wconf 77' lang='lat' dir='ltr'>vixisse</span> <span class='ocrx_word' id='word_1_235' title='bbox 1664 1097 1744 1145; x_wconf 64' lang='lat' dir='ltr'>qni«</span> 
     </span>
     <span class='ocr_line' id='line_1_49' title="bbox 1094 1151 1745 1195; baseline -0.003 -5"><span class='ocrx_word' id='word_1_236' title='bbox 1094 1153 1180 1190; x_wconf 86' lang='lat' dir='ltr'>dam</span> <span class='ocrx_word' id='word_1_237' title='bbox 1204 1158 1383 1190; x_wconf 88' lang='lat' dir='ltr'>enarrant.</span> <span class='ocrx_word' id='word_1_238' title='bbox 1443 1152 1554 1195; x_wconf 87' lang='lat' dir='ltr'>Quod</span> <span class='ocrx_word' id='word_1_239' title='bbox 1579 1156 1618 1188; x_wconf 91' lang='lat' dir='ltr'>ut</span> <span class='ocrx_word' id='word_1_240' title='bbox 1639 1151 1745 1190; x_wconf 89' lang='lat' dir='ltr'>intel-</span> 
     </span>
     <span class='ocr_line' id='line_1_50' title="bbox 1093 1209 1745 1258; baseline 0 -13"><span class='ocrx_word' id='word_1_241' title='bbox 1093 1209 1244 1258; x_wconf 80' lang='lat' dir='ltr'>ligutur,</span> <span class='ocrx_word' id='word_1_242' title='bbox 1291 1214 1477 1246; x_wconf 83' lang='lat' dir='ltr'>teneamus</span> <span class='ocrx_word' id='word_1_243' title='bbox 1513 1221 1662 1247; x_wconf 85' lang='lat' dir='ltr'>necesse</span> <span class='ocrx_word' id='word_1_244' title='bbox 1689 1213 1745 1246; x_wconf 84' lang='lat' dir='ltr'>est</span> 
     </span>
     <span class='ocr_line' id='line_1_51' title="bbox 1094 1265 1745 1316; baseline 0 -14"><span class='ocrx_word' id='word_1_245' title='bbox 1094 1266 1211 1316; x_wconf 85' lang='lat' dir='ltr'>ipsum</span> <span class='ocrx_word' id='word_1_246' title='bbox 1230 1278 1417 1303; x_wconf 86' lang='lat' dir='ltr'>numerum</span> <span class='ocrx_word' id='word_1_247' title='bbox 1437 1268 1488 1301; x_wconf 74' lang='lat' dir='ltr'>ter</span> <span class='ocrx_word' id='word_1_248' title='bbox 1501 1265 1745 1315; x_wconf 80' lang='lat' dir='ltr'>quadraginta</span> 
     </span>
     <span class='ocr_line' id='line_1_52' title="bbox 1095 1322 1742 1371; baseline -0.002 -11"><span class='ocrx_word' id='word_1_249' title='bbox 1095 1327 1131 1360; x_wconf 85' lang='lat' dir='ltr'>et</span> <span class='ocrx_word' id='word_1_250' title='bbox 1165 1322 1216 1359; x_wconf 75' lang='lat' dir='ltr'>bis</span> <span class='ocrx_word' id='word_1_251' title='bbox 1265 1322 1508 1371; x_wconf 70' lang='lat' dir='ltr'>quadraginta</span> <span class='ocrx_word' id='word_1_252' title='bbox 1555 1334 1742 1359; x_wconf 82' lang='lat' dir='ltr'>annorum.</span> 
     </span>
     <span class='ocr_line' id='line_1_53' title="bbox 1093 1377 1743 1428; baseline -0.003 -12"><span class='ocrx_word' id='word_1_253' title='bbox 1093 1377 1191 1416; x_wconf 86' lang='lat' dir='ltr'>Nam</span> <span class='ocrx_word' id='word_1_254' title='bbox 1231 1391 1399 1416; x_wconf 88' lang='lat' dir='ltr'>numerus</span> <span class='ocrx_word' id='word_1_255' title='bbox 1435 1377 1676 1428; x_wconf 75' lang='lat' dir='ltr'>quadraginta</span> <span class='ocrx_word' id='word_1_256' title='bbox 1713 1392 1743 1415; x_wconf 89' lang='lat' dir='ltr'>s.</span> 
     </span>
     <span class='ocr_line' id='line_1_54' title="bbox 1094 1435 1742 1484; baseline 0.002 -13"><span class='ocrx_word' id='word_1_257' title='bbox 1094 1435 1232 1471; x_wconf 87' lang='lat' dir='ltr'>dierum</span> <span class='ocrx_word' id='word_1_258' title='bbox 1264 1448 1292 1471; x_wconf 92' lang='grc'>5.</span> <span class='ocrx_word' id='word_1_259' title='bbox 1318 1447 1494 1471; x_wconf 84' lang='lat' dir='ltr'>annorum</span> <span class='ocrx_word' id='word_1_260' title='bbox 1518 1435 1617 1484; x_wconf 82' lang='lat' dir='ltr'>apud</span> <span class='ocrx_word' id='word_1_261' title='bbox 1643 1439 1742 1472; x_wconf 70' lang='lat' dir='ltr'>vete-</span> 
     </span>
     <span class='ocr_line' id='line_1_55' title="bbox 1093 1490 1742 1540; baseline 0.002 -13"><span class='ocrx_word' id='word_1_262' title='bbox 1093 1503 1150 1527; x_wconf 84' lang='lat' dir='ltr'>res</span> <span class='ocrx_word' id='word_1_263' title='bbox 1175 1490 1329 1527; x_wconf 85' lang='lat' dir='ltr'>subinde</span> <span class='ocrx_word' id='word_1_264' title='bbox 1346 1491 1396 1527; x_wconf 83' lang='lat' dir='ltr'>ita</span> <span class='ocrx_word' id='word_1_265' title='bbox 1414 1491 1559 1540; x_wconf 88' lang='lat' dir='ltr'>ponitur</span> <span class='ocrx_word' id='word_1_266' title='bbox 1572 1520 1582 1537; x_wconf 91' lang='lat'>‚</span> <span class='ocrx_word' id='word_1_267' title='bbox 1604 1496 1643 1527; x_wconf 88' lang='lat' dir='ltr'>ut</span> <span class='ocrx_word' id='word_1_268' title='bbox 1662 1490 1742 1528; x_wconf 85' lang='lat' dir='ltr'>lon-</span> 
     </span>
     <span class='ocr_line' id='line_1_56' title="bbox 1093 1547 1742 1596; baseline 0.006 -15"><span class='ocrx_word' id='word_1_269' title='bbox 1093 1559 1178 1594; x_wconf 81' lang='lat' dir='ltr'>gum</span> <span class='ocrx_word' id='word_1_270' title='bbox 1202 1547 1347 1583; x_wconf 88' lang='lat' dir='ltr'>omnino</span> <span class='ocrx_word' id='word_1_271' title='bbox 1379 1547 1553 1596; x_wconf 83' lang='lat' dir='ltr'>temporis</span> <span class='ocrx_word' id='word_1_272' title='bbox 1585 1548 1742 1596; x_wconf 89' lang='lat' dir='ltr'>spatium</span> 
     </span>
     <span class='ocr_line' id='line_1_57' title="bbox 1093 1602 1740 1641; baseline 0.003 -2"><span class='ocrx_word' id='word_1_273' title='bbox 1093 1615 1161 1639; x_wconf 88' lang='lat' dir='ltr'>nec</span> <span class='ocrx_word' id='word_1_274' title='bbox 1181 1608 1346 1640; x_wconf 86' lang='lat' dir='ltr'>accurate</span> <span class='ocrx_word' id='word_1_275' title='bbox 1372 1603 1557 1639; x_wconf 78' lang='lat' dir='ltr'>definitum</span> <span class='ocrx_word' id='word_1_276' title='bbox 1579 1602 1740 1641; x_wconf 83' lang='lat' dir='ltr'>declare-</span> 
     </span>
     <span class='ocr_line' id='line_1_58' title="bbox 1091 1659 1744 1702; baseline 0.003 -8"><span class='ocrx_word' id='word_1_277' title='bbox 1091 1663 1159 1695; x_wconf 87' lang='lat' dir='ltr'>tur.</span> <span class='ocrx_word' id='word_1_278' title='bbox 1198 1659 1281 1702; x_wconf 89' lang='lat' dir='ltr'>Quo</span> <span class='ocrx_word' id='word_1_279' title='bbox 1302 1671 1451 1696; x_wconf 88' lang='lat' dir='ltr'>numero</span> <span class='ocrx_word' id='word_1_280' title='bbox 1480 1659 1667 1697; x_wconf 82' lang='lat' dir='ltr'>indefinito</span> <span class='ocrx_word' id='word_1_281' title='bbox 1685 1660 1744 1698; x_wconf 88' lang='lat' dir='ltr'>vel·</span> 
     </span>
     <span class='ocr_line' id='line_1_59' title="bbox 1091 1714 1741 1766; baseline 0.008 -16"><span class='ocrx_word' id='word_1_282' title='bbox 1091 1714 1193 1764; x_wconf 85' lang='lat' dir='ltr'>ipsae</span> <span class='ocrx_word' id='word_1_283' title='bbox 1211 1714 1393 1751; x_wconf 88' lang='lat' dir='ltr'>hominum</span> <span class='ocrx_word' id='word_1_284' title='bbox 1412 1720 1550 1752; x_wconf 87' lang='lat' dir='ltr'>aetates</span> <span class='ocrx_word' id='word_1_285' title='bbox 1570 1715 1741 1766; x_wconf 82' lang='grc' dir='ltr'><strong><em>(γενεαὶ)</em></strong></span> 
     </span>
     <span class='ocr_line' id='line_1_60' title="bbox 1092 1770 1742 1820; baseline 0.006 -15"><span class='ocrx_word' id='word_1_286' title='bbox 1092 1771 1362 1817; x_wconf 80' lang='lat' dir='ltr'>significantur,</span> <span class='ocrx_word' id='word_1_287' title='bbox 1401 1770 1470 1808; x_wconf 90' lang='lat' dir='ltr'>hoc</span> <span class='ocrx_word' id='word_1_288' title='bbox 1498 1772 1742 1820; x_wconf 81' lang='lat' dir='ltr'>quadraginta</span> 
     </span>
     <span class='ocr_line' id='line_1_61' title="bbox 1091 1826 1741 1876; baseline 0.008 -15"><span class='ocrx_word' id='word_1_289' title='bbox 1091 1838 1268 1862; x_wconf 89' lang='lat' dir='ltr'>annornm</span> <span class='ocrx_word' id='word_1_290' title='bbox 1303 1827 1421 1876; x_wconf 82' lang='lat' dir='ltr'>spatio</span> <span class='ocrx_word' id='word_1_291' title='bbox 1458 1826 1555 1864; x_wconf 86' lang='lat' dir='ltr'>haud</span> <span class='ocrx_word' id='word_1_292' title='bbox 1590 1828 1741 1866; x_wconf 88' lang='lat' dir='ltr'>definito</span> 
     </span>
     <span class='ocr_line' id='line_1_62' title="bbox 1091 1883 1741 1934; baseline 0.008 -16"><span class='ocrx_word' id='word_1_293' title='bbox 1091 1887 1328 1932; x_wconf 87' lang='lat' dir='ltr'>consumptae</span> <span class='ocrx_word' id='word_1_294' title='bbox 1339 1911 1349 1929; x_wconf 89' lang='lat'>,</span> <span class='ocrx_word' id='word_1_295' title='bbox 1364 1883 1414 1919; x_wconf 87' lang='lat' dir='ltr'>ita</span> <span class='ocrx_word' id='word_1_296' title='bbox 1429 1887 1468 1919; x_wconf 91' lang='lat' dir='ltr'>ut</span> <span class='ocrx_word' id='word_1_297' title='bbox 1487 1883 1619 1934; x_wconf 86' lang='lat' dir='ltr'>duplex</span> <span class='ocrx_word' id='word_1_298' title='bbox 1634 1897 1663 1922; x_wconf 91' lang='lat' dir='ltr'>s.</span> <span class='ocrx_word' id='word_1_299' title='bbox 1677 1886 1741 1923; x_wconf 83' lang='lat' dir='ltr'>tri-</span> 
     </span>
     <span class='ocr_line' id='line_1_63' title="bbox 1090 1937 1741 1987; baseline 0.011 -14"><span class='ocrx_word' id='word_1_300' title='bbox 1090 1937 1174 1987; x_wconf 84' lang='lat' dir='ltr'>plex</span> <span class='ocrx_word' id='word_1_301' title='bbox 1202 1939 1270 1976; x_wconf 87' lang='lat' dir='ltr'>iste</span> <span class='ocrx_word' id='word_1_302' title='bbox 1306 1952 1474 1977; x_wconf 86' lang='lat' dir='ltr'>numerus</span> <span class='ocrx_word' id='word_1_303' title='bbox 1499 1941 1648 1979; x_wconf 87' lang='lat' dir='ltr'>totidem</span> <span class='ocrx_word' id='word_1_304' title='bbox 1675 1943 1741 1980; x_wconf 89' lang='lat' dir='ltr'>de-</span> 
     </span>
     <span class='ocr_line' id='line_1_64' title="bbox 1090 1992 1740 2047; baseline 0.009 -17"><span class='ocrx_word' id='word_1_305' title='bbox 1090 2000 1193 2033; x_wconf 90' lang='lat' dir='ltr'>notet</span> <span class='ocrx_word' id='word_1_306' title='bbox 1207 1999 1344 2033; x_wconf 89' lang='lat' dir='ltr'>aetates</span> <span class='ocrx_word' id='word_1_307' title='bbox 1374 2009 1402 2032; x_wconf 82' lang='lat' dir='ltr'>S.</span> <span class='ocrx_word' id='word_1_308' title='bbox 1419 1992 1568 2047; x_wconf 79' lang='grc' dir='ltr'><strong><em>γενεάς.</em></strong></span> <span class='ocrx_word' id='word_1_309' title='bbox 1626 1997 1740 2036; x_wconf 92' lang='lat' dir='ltr'>Acce-</span> 
     </span>
     <span class='ocr_line' id='line_1_65' title="bbox 1090 2051 1740 2101; baseline 0.008 -14"><span class='ocrx_word' id='word_1_310' title='bbox 1090 2051 1163 2098; x_wconf 85' lang='lat' dir='ltr'>dit,</span> <span class='ocrx_word' id='word_1_311' title='bbox 1178 2053 1276 2101; x_wconf 90' lang='lat' dir='ltr'>quod</span> <span class='ocrx_word' id='word_1_312' title='bbox 1295 2052 1485 2090; x_wconf 86' lang='lat' dir='ltr'>orientales</span> <span class='ocrx_word' id='word_1_313' title='bbox 1499 2052 1662 2092; x_wconf 65' lang='lat' dir='ltr'>homines</span> <span class='ocrx_word' id='word_1_314' title='bbox 1672 2054 1740 2092; x_wconf 90' lang='lat' dir='ltr'>hoc</span> 
     </span>
     <span class='ocr_line' id='line_1_66' title="bbox 1087 2109 1739 2160; baseline 0.006 -17"><span class='ocrx_word' id='word_1_315' title='bbox 1087 2119 1237 2145; x_wconf 83' lang='lat' dir='ltr'>numero</span> <span class='ocrx_word' id='word_1_316' title='bbox 1271 2109 1418 2145; x_wconf 88' lang='lat' dir='ltr'>omnino</span> <span class='ocrx_word' id='word_1_317' title='bbox 1446 2109 1590 2146; x_wconf 80' lang='lat' dir='ltr'>multum</span> <span class='ocrx_word' id='word_1_318' title='bbox 1629 2111 1739 2160; x_wconf 73' lang='lat' dir='ltr'>quotl-</span> 
     </span>
     <span class='ocr_line' id='line_1_67' title="bbox 1088 2163 1735 2204; baseline 0.008 -5"><span class='ocrx_word' id='word_1_319' title='bbox 1088 2163 1169 2200; x_wconf 78' lang='grc' dir='ltr'><strong><em>(ἰαηι</em></strong></span> <span class='ocrx_word' id='word_1_320' title='bbox 1185 2164 1354 2200; x_wconf 88' lang='lat' dir='ltr'>indicant.</span> <span class='ocrx_word' id='word_1_321' title='bbox 1411 2164 1552 2202; x_wconf 89' lang='lat' dir='ltr'>Monuit</span> <span class='ocrx_word' id='word_1_322' title='bbox 1569 2166 1735 2204; x_wconf 82' lang='lat' dir='ltr'>Bredow.</span> 
     </span>
     <span class='ocr_line' id='line_1_68' title="bbox 1087 2219 1737 2270; baseline 0.008 -15"><span class='ocrx_word' id='word_1_323' title='bbox 1087 2220 1124 2256; x_wconf 89' lang='lat' dir='ltr'>in</span> <span class='ocrx_word' id='word_1_324' title='bbox 1140 2219 1353 2256; x_wconf 88' lang='lat' dir='ltr'>Untersuch.</span> <span class='ocrx_word' id='word_1_325' title='bbox 1374 2220 1462 2257; x_wconf 84' lang='lat' dir='ltr'>iiber</span> <span class='ocrx_word' id='word_1_326' title='bbox 1474 2222 1737 2270; x_wconf 72' lang='lat' dir='ltr'>Gegensti&#39;tnde</span> 
     </span>
     <span class='ocr_line' id='line_1_69' title="bbox 1089 2275 1736 2328; baseline 0.006 -16"><span class='ocrx_word' id='word_1_327' title='bbox 1089 2277 1124 2313; x_wconf 92' lang='lat' dir='ltr'>d.</span> <span class='ocrx_word' id='word_1_328' title='bbox 1150 2275 1283 2312; x_wconf 82' lang='lat' dir='ltr'>Gesch.</span> <span class='ocrx_word' id='word_1_329' title='bbox 1303 2289 1335 2311; x_wconf 94' lang='lat' dir='ltr'>u.</span> <span class='ocrx_word' id='word_1_330' title='bbox 1354 2277 1491 2326; x_wconf 80' lang='lat' dir='ltr'>Geogr.</span> <span class='ocrx_word' id='word_1_331' title='bbox 1515 2278 1528 2313; x_wconf 94' lang='lat' dir='ltr'>l</span> <span class='ocrx_word' id='word_1_332' title='bbox 1548 2292 1632 2328; x_wconf 75' lang='lat' dir='ltr'>pag.</span> <span class='ocrx_word' id='word_1_333' title='bbox 1656 2281 1736 2321; x_wconf 83' lang='lat'>108</span> 
     </span>
     <span class='ocr_line' id='line_1_70' title="bbox 1091 2333 1734 2382; baseline 0.008 -14"><span class='ocrx_word' id='word_1_334' title='bbox 1091 2344 1193 2380; x_wconf 81' lang='lat' dir='ltr'>seqq.</span> <span class='ocrx_word' id='word_1_335' title='bbox 1228 2335 1316 2371; x_wconf 83' lang='lat'>111.</span> <span class='ocrx_word' id='word_1_336' title='bbox 1345 2333 1424 2372; x_wconf 83' lang='grc'>113</span> <span class='ocrx_word' id='word_1_337' title='bbox 1445 2346 1520 2382; x_wconf 87' lang='lat' dir='ltr'>seq.</span> <span class='ocrx_word' id='word_1_338' title='bbox 1571 2334 1634 2372; x_wconf 84' lang='lat' dir='ltr'>Cr.</span> <span class='ocrx_word' id='word_1_339' title='bbox 1668 2337 1734 2373; x_wconf 86' lang='lat' dir='ltr'>ad-</span> 
     </span>
     <span class='ocr_line' id='line_1_71' title="bbox 1090 2387 1734 2430; baseline 0.006 -6"><span class='ocrx_word' id='word_1_340' title='bbox 1090 2388 1164 2425; x_wconf 88' lang='lat' dir='ltr'>dit:</span> <span class='ocrx_word' id='word_1_341' title='bbox 1187 2387 1343 2425; x_wconf 84' lang='lat' dir='ltr'>Miinter.</span> <span class='ocrx_word' id='word_1_342' title='bbox 1361 2388 1425 2425; x_wconf 89' lang='lat' dir='ltr'>der</span> <span class='ocrx_word' id='word_1_343' title='bbox 1436 2390 1543 2427; x_wconf 89' lang='lat' dir='ltr'>Stern</span> <span class='ocrx_word' id='word_1_344' title='bbox 1560 2392 1624 2429; x_wconf 89' lang='lat' dir='ltr'>der</span> <span class='ocrx_word' id='word_1_345' title='bbox 1635 2391 1734 2430; x_wconf 79' lang='lat' dir='ltr'>Wei-</span> 
     </span>
     <span class='ocr_line' id='line_1_72' title="bbox 1088 2444 1736 2495; baseline 0.009 -16"><span class='ocrx_word' id='word_1_346' title='bbox 1088 2457 1177 2490; x_wconf 81' lang='lat' dir='ltr'>sen,</span> <span class='ocrx_word' id='word_1_347' title='bbox 1199 2458 1234 2494; x_wconf 90' lang='lat' dir='ltr'>p.</span> <span class='ocrx_word' id='word_1_348' title='bbox 1257 2447 1321 2485; x_wconf 78' lang='grc'>27.</span> <span class='ocrx_word' id='word_1_349' title='bbox 1364 2444 1466 2483; x_wconf 80' lang='lat' dir='ltr'>Haec</span> <span class='ocrx_word' id='word_1_350' title='bbox 1490 2446 1601 2495; x_wconf 80' lang='lat' dir='ltr'>igitur</span> <span class='ocrx_word' id='word_1_351' title='bbox 1619 2448 1650 2484; x_wconf 89' lang='lat' dir='ltr'>si</span> <span class='ocrx_word' id='word_1_352' title='bbox 1676 2460 1736 2486; x_wconf 85' lang='lat' dir='ltr'>re-</span> 
     </span>
     <span class='ocr_line' id='line_1_73' title="bbox 1089 2500 1733 2550; baseline 0.009 -14"><span class='ocrx_word' id='word_1_353' title='bbox 1089 2501 1271 2550; x_wconf 77' lang='lat' dir='ltr'>spexeris,</span> <span class='ocrx_word' id='word_1_354' title='bbox 1311 2500 1453 2539; x_wconf 76' lang='lat' dir='ltr'>vixdum</span> <span class='ocrx_word' id='word_1_355' title='bbox 1491 2503 1653 2541; x_wconf 82' lang='lat' dir='ltr'>haerebis</span> <span class='ocrx_word' id='word_1_356' title='bbox 1694 2506 1733 2542; x_wconf 87' lang='lat' dir='ltr'>in</span> 
     </span>
     <span class='ocr_line' id='line_1_74' title="bbox 1087 2560 1732 2609; baseline 0.011 -17"><span class='ocrx_word' id='word_1_357' title='bbox 1087 2560 1143 2592; x_wconf 89' lang='lat' dir='ltr'>tot</span> <span class='ocrx_word' id='word_1_358' title='bbox 1166 2570 1340 2593; x_wconf 85' lang='lat' dir='ltr'>annorum</span> <span class='ocrx_word' id='word_1_359' title='bbox 1368 2569 1534 2606; x_wconf 78' lang='lat' dir='ltr'>numeru,</span> <span class='ocrx_word' id='word_1_360' title='bbox 1572 2561 1635 2609; x_wconf 87' lang='lat' dir='ltr'>qui</span> <span class='ocrx_word' id='word_1_361' title='bbox 1662 2561 1732 2599; x_wconf 78' lang='lat' dir='ltr'>Ar-</span> 
     </span>
     <span class='ocr_line' id='line_1_75' title="bbox 1088 2613 1620 2662; baseline 0.009 -14"><span class='ocrx_word' id='word_1_362' title='bbox 1088 2613 1287 2662; x_wconf 80' lang='lat' dir='ltr'>gantlionio</span> <span class='ocrx_word' id='word_1_363' title='bbox 1309 2614 1384 2661; x_wconf 81' lang='lat' dir='ltr'>regi</span> <span class='ocrx_word' id='word_1_364' title='bbox 1407 2615 1620 2653; x_wconf 85' lang='lat' dir='ltr'>tribuuntur.</span> 
     </span>
     <span class='ocr_line' id='line_1_76' title="bbox 1143 2665 1729 2721; baseline 0.005 -14"><span class='ocrx_word' id='word_1_365' title='bbox 1143 2667 1283 2719; x_wconf 77' lang='grc' dir='ltr'><strong><em>ἐβίωσε</em></strong></span> <span class='ocrx_word' id='word_1_366' title='bbox 1309 2666 1352 2707; x_wconf 76' lang='grc' dir='ltr'>δὲ</span> <span class='ocrx_word' id='word_1_367' title='bbox 1375 2665 1557 2717; x_wconf 74' lang='grc' dir='ltr'><strong><em>πάντα]</em></strong></span> <span class='ocrx_word' id='word_1_368' title='bbox 1588 2667 1729 2721; x_wconf 72' lang='grc' dir='ltr'><strong><em>πάντα,</em></strong></span> 
     </span>
     <span class='ocr_line' id='line_1_77' title="bbox 1087 2725 1731 2778; baseline 0.009 -18"><span class='ocrx_word' id='word_1_369' title='bbox 1087 2726 1186 2773; x_wconf 88' lang='lat' dir='ltr'>qnod</span> <span class='ocrx_word' id='word_1_370' title='bbox 1205 2725 1325 2774; x_wconf 83' lang='lat' dir='ltr'>Viger.</span> <span class='ocrx_word' id='word_1_371' title='bbox 1348 2739 1383 2776; x_wconf 88' lang='lat' dir='ltr'>p.</span> <span class='ocrx_word' id='word_1_372' title='bbox 1409 2726 1486 2767; x_wconf 84' lang='lat'>135</span> <span class='ocrx_word' id='word_1_373' title='bbox 1517 2728 1731 2778; x_wconf 85' lang='lat' dir='ltr'>interpreta-</span> 
     </span>
     <span class='ocr_line' id='line_1_78' title="bbox 1085 2784 1728 2834; baseline 0.008 -19"><span class='ocrx_word' id='word_1_374' title='bbox 1085 2786 1142 2817; x_wconf 80' lang='lat' dir='ltr'>tur</span> <span class='ocrx_word' id='word_1_375' title='bbox 1161 2786 1310 2828; x_wconf 72' lang='lat' dir='ltr'>omniuo,</span> <span class='ocrx_word' id='word_1_376' title='bbox 1348 2784 1557 2820; x_wconf 86' lang='lat' dir='ltr'>Hermanno</span> <span class='ocrx_word' id='word_1_377' title='bbox 1577 2784 1631 2834; x_wconf 90' lang='lat' dir='ltr'>(p.</span> <span class='ocrx_word' id='word_1_378' title='bbox 1646 2787 1728 2825; x_wconf 79' lang='grc'>729</span> 
     </span>
     <span class='ocr_line' id='line_1_79' title="bbox 1088 2836 1726 2890; baseline 0.006 -17"><span class='ocrx_word' id='word_1_379' title='bbox 1088 2838 1204 2886; x_wconf 85' lang='lat' dir='ltr'>ibid.)</span> <span class='ocrx_word' id='word_1_380' title='bbox 1256 2839 1422 2890; x_wconf 84' lang='lat' dir='ltr'>displicet</span> <span class='ocrx_word' id='word_1_381' title='bbox 1468 2841 1634 2878; x_wconf 83' lang='lat' dir='ltr'>scribenti</span> <span class='ocrx_word' id='word_1_382' title='bbox 1669 2836 1726 2877; x_wconf 72' lang='grc' dir='ltr'><strong><em>τοὶ</em></strong></span> 
     </span>
    </p>
   </div>
  </div>
 </body>
</html>
