1909 3228
569 239 989 280 EUTERPE.
1038 239 1082 278 11.

1358 239 1442 280 505

165 348 268 394 δὸτε
295 353 383 393 τῶν
413 350 541 405 ἱρέων
570 353 706 393 ταῦτα
735 350 815 406 ἐγώ
844 348 1021 406 ἤκουον.
1078 350 1161 392 νῦν
1191 347 1259 398 δὲ,
1296 346 1351 403 ἢν
1381 346 1439 403 μή

192 427 264 472 ἐπ’
294 429 520 473 ἑκκαίδεκα
548 428 576 485 ἢ
604 430 905 473 πεντεκαίδεκα
932 427 1090 482 πήχεας
1111 425 1254 483 ἀναβῇ
1271 425 1320 470 τό
1343 425 1468 468 ἐλά-1

192 519 338 563 χιστον
367 507 390 550 ὁ
421 506 634 563 ποταμὸς,
686 506 768 551 οὐκ
805 504 1055 562 ὑπερβαίνει
1093 506 1135 557 ἐς
1163 504 1243 561 τὴν
1287 502 1442 560 χώρην.

163 588 397 630 4δοκέουσί
434 586 478 629 τέ
517 603 592 642 μοι
631 587 881 641 Αἰγυπτίων
922 586 964 628 οἱ
1002 584 1151 640 ἔνερθε
1191 587 1264 641 τῆς
1292 585 1444 639 λίμνης

189 669 266 721 τῆς
306 667 498 719 Μοίριος
547 664 759 714 οἰκέοντες
798 661 851 705 τά
890 679 933 706 τε
973 661 1081 706 ἄλλα
1118 664 1253 718 χωρία
1282 663 1355 705 καὶ
1394 661 1442 704 τό

192 743 452 803 καλεόμενον
480 744 643 794 Δέλτα,
672 742 729 798 ἢν
759 741 872 784 οὕτω
899 740 926 796 ἡ
955 741 1073 797 χώρη
1104 741 1211 797 αὕτη
1240 740 1348 784 κατοέ
1369 739 1443 784 λό-

190 839 272 877 γον
300 822 487 865 ἐπιδιδοῖ
521 821 564 872 ἐς
591 821 727 872 ὕψος,
778 820 847 862 καὶ
880 817 928 862 τὸ
971 817 1127 875 ὁμοῖον
1166 818 1372 862 ἀποδιδοῖ
1399 820 1472 870 ἐς5

192 900 396 956 αὔξησιν,
427 899 484 956 μὴ
514 898 858 952 κατακλύζοντος
888 895 1024 953 αὐτήν
1051 901 1130 942 τοῦ
1157 899 1322 942 Νείλου
1351 898 1443 941 πεί-

192 985 346 1022 σεσθαι
373 979 452 1022 τόν
478 978 618 1023 πάντα
645 977 805 1035 χρόνον
830 976 908 1021 τὸν
948 978 1171 1021 ἐπίλοιπον
1200 978 1443 1032 Αἰγύπτιοι,

163 1057 246 1101 5τό
275 1074 374 1101 κοτε
403 1057 529 1102 αὐτοὶ
549 1057 758 1114 Ἕλληνας
789 1057 958 1112 ἔφασαν
985 1057 1218 1100 πείσεσθαι.
1248 1054 1445 1111 πυθόμε-

191 1152 263 1179 νοι
290 1136 373 1192 γάρ
405 1136 462 1187 ὡς
489 1137 611 1180 ὕεται
640 1140 757 1179 πᾶσα
786 1135 812 1192 ἡ
842 1135 959 1191 χώρη
980 1140 1067 1178 τῶν
1090 1133 1323 1190 Ἑλλήνων,
1355 1131 1443 1177 ἄλλ’

195 1215 249 1258 οὐ
279 1220 508 1272 ποταμοῖσι
538 1216 732 1270 ἄρδεται,
764 1214 954 1268 κατάπερ
984 1212 1009 1270 ἡ
1042 1213 1247 1270 σφετέρη,
1279 1214 1502 1270 ἔφασαν10

193 1293 429 1351 ,,“Ἐλληνας
457 1294 726 1346 ψευσθέντας
765 1294 864 1337 κοτὲ
902 1294 1074 1343 ἐλπίδος
1109 1291 1317 1348 μεγάλης,
1367 1309 1447 1335 κα-

165 1381 221 1424 6,,
235 1377 321 1423 κῶς
358 1372 614 1429 πεινήσειν.“
670 1371 718 1416 τὸ
750 1373 794 1415 δὲ
823 1372 923 1422 ἔπος
959 1375 1090 1414 τοῦτο
1131 1370 1267 1413 ἐθέλει
1296 1370 1446 1425 λέγειν,

193 1451 253 1502 ὠς
290 1452 366 1504 „sl
393 1450 449 1507 μὴ
480 1450 673 1507 ἐθελήσει
703 1462 784 1506 σφι
821 1449 916 1493 ὕειν
947 1448 970 1493 ὁ
1000 1449 1126 1505 θεὸς,
1166 1447 1265 1492 ἀλλ’
1296 1448 1448 1505 αὐχμῷ

194 1532 515 1586 ,,διαχρᾶσθαι,
563 1533 676 1588 λιμῷ
707 1530 751 1573 οἱ
780 1528 983 1585 ’Έλληνες
1021 1527 1349 1584 αἱρεθήσονται·
1392 1525 1446 1570 οὐ

192 1609 310 1666 »γὰρ
341 1608 395 1667 δή
427 1611 506 1667 σφί
533 1610 621 1655 ἐστι
647 1609 810 1660 ὕδατος
840 1607 1017 1664 οὐδεμία
1048 1605 1152 1664 ἄλλη
1177 1604 1446 1662 ἀποστροφή,
1460 1613 1502 1647 15

139 1816 234 1863 „De
263 1815 430 1854 Moeride
461 1828 550 1865 rege
584 1816 656 1853 vid.
689 1827 786 1853 nunc

141 1872 369 1920 Guigniault.
380 1873 417 1909 in
426 1872 625 1922 Biograph.
644 1873 787 1910 univer-

140 1929 214 1966 sell.
242 1934 267 1965 t.
283 1928 387 1965 XLV
416 1941 452 1978 p.
474 1929 555 1968 524
578 1929 680 1976 seq.“
721 1928 784 1964 Cr.

140 1984 341 2022 Larcherus
356 1985 447 2031 (tab.
463 1983 671 2031 chronolog.
683 1996 718 2033 p.
732 1985 785 2023 86

141 2042 236 2089 seq.)
256 2040 400 2077 Moerin
411 2041 512 2090 ponit
522 2044 700 2076 mortuum
709 2051 790 2076 esse

142 2099 222 2138 896
253 2097 355 2133 annis
386 2101 471 2134 ante
495 2095 723 2133 Herodotum
751 2095 788 2132 in

141 2153 349 2203 Aegyptum
367 2154 565 2203 profectum
593 2152 615 2188 i.
640 2165 670 2189 e.
690 2163 787 2187 anno

145 2212 253 2250 1356
272 2222 304 2246 a.
317 2209 402 2246 Chr.
415 2221 464 2255 n.,
493 2221 573 2245 cum
594 2219 690 2244 anno
703 2206 786 2248 460

142 2279 174 2303 a.
188 2265 275 2302 Chr.
295 2278 329 2302 n.
349 2265 558 2303 Herodotus
578 2262 787 2313 Aegyptum

142 2322 312 2360 inviserit.
342 2322 419 2358 Sed
435 2321 508 2357 vid.
526 2324 601 2356 not.
615 2320 663 2356 ad
681 2319 726 2366 Il,
750 2320 785 2360 1.

200 2379 278 2417 νῦν
295 2374 357 2424 δὲ,
377 2372 429 2427 ἢν
449 2373 503 2427 μή
527 2371 593 2415 ἐπ’
611 2374 786 2414 ἑκκαίδε-

144 2447 265 2470 κα-
288 2428 442 2487 οῗναβῇ]
479 2429 533 2483 ἦν
560 2428 614 2483 μή
645 2445 665 2469 e
692 2431 787 2468 binis

146 2488 245 2525 libris
269 2501 363 2525 nunc
378 2493 582 2538 receptum,
611 2487 791 2537 probante

146 2543 314 2581 VVerfero
341 2545 378 2581 in
405 2543 497 2580 Actt.
531 2543 628 2593 phill.
661 2542 789 2579 Monn.

147 2600 181 2647 l,
208 2602 229 2641 1
250 2613 287 2650 p.
308 2602 386 2640 100
407 2599 484 2636 coll.
506 2599 636 2636 Matth.
647 2599 711 2635 Gr.
723 2599 790 2635 Gr.

146 2670 183 2707 p.
205 2658 324 2697 1020.
361 2655 479 2703 Vulgo
509 2654 552 2694 εἰ
572 2650 638 2705 μή.
681 2655 791 2698 Quod

147 2712 319 2760 sequitur,
348 2706 377 2761 ἢ
381 2725 402 2749 v
415 2731 470 2738 -—
480 2709 715 2750 ἐπιδιδοῖ-
725 2707 792 2749 καὶ

146 2763 421 2815 -οἷποδιδοῖ,
451 2768 497 2804 de
518 2779 562 2804 eo
583 2766 677 2814 cf.I‚
698 2769 791 2807 206.

147 2825 188 2861 ln
205 2825 286 2874 ipsa
304 2824 481 2862 sententia
501 2823 558 2860 vix
576 2822 656 2868 illa,
684 2835 792 2871 quam

148 2879 308 2918 nonnulli
326 2879 469 2917 odorati
489 2883 572 2917 sunt
582 2907 593 2928 ,
603 2880 698 2916 ‘mest
713 2883 794 2917 tau-

851 1814 988 1863 tologia
1003 1842 1015 1861 ,
1052 1826 1131 1851 cum
1165 1814 1319 1851 docente
1353 1812 1504 1850 Wesse-

852 1871 985 1918 hogio,
1014 1865 1125 1918 ὕψος
1155 1870 1201 1906 ad
1235 1869 1303 1906 soli
1343 1869 1503 1905 altitudi-

853 1939 955 1972 nem,
987 1922 1151 1975 αὔξησις
1179 1925 1227 1960 ad
1259 1925 1418 1962 eiusdem
1449 1924 1504 1960 in-

853 1986 1072 2018 crementum
1105 1984 1253 2030 spectet.
1300 1980 1422 2023 Quare
1447 1980 1504 2016 ni-

854 2037 903 2074 hil
933 2037 1141 2074 mutandum
1168 2040 1291 2073 monet
1317 2035 1504 2073 Letronne

855 2093 999 2141 (Journ.
1019 2093 1054 2129 d.
1078 2093 1162 2129 Sav.
1197 2093 1305 2132 1817
1341 2104 1427 2142 pag.
1446 2092 1500 2132 48

854 2150 965 2199 seq),
994 2161 1073 2185 cum
1094 2148 1189 2185 idem
1208 2149 1285 2185 fere
1305 2148 1350 2184 sit
1375 2152 1502 2196 atque:

852 2202 971 2256 ἢν-
989 2203 1161 2243 ἐπιδιδοῖ
1174 2217 1213 2242 τε
1233 2201 1300 2241 καὶ
1319 2198 1502 2250 αὐξάνοι-

853 2276 897 2301 το
921 2260 961 2307 ἒς
979 2256 1087 2310 ὕψος
1107 2261 1181 2297 sive
1198 2255 1251 2309 ἢν
1267 2258 1442 2299 ἐπιδιδοῖ
1466 2257 1504 2305 ἔς

854 2331 895 2356 τε
920 2313 1029 2366 ὕψος
1051 2314 1119 2355 καὶ
1153 2312 1333 2366 αὔξησιν.
1355 2338 1410 2343 -α
1427 2315 1504 2352 Vo-

855 2373 954 2411 culae
983 2372 1024 2412 οἷ
1037 2367 1249 2424 Αἰγύπτιοι
1269 2375 1434 2422 spectant
1455 2372 1504 2408 ad

856 2430 988 2476 verba,
1025 2441 1118 2478 quae
1145 2428 1245 2465 initio
1279 2428 1419 2478 periodi
1452 2426 1504 2465 le-

857 2490 1009 2535 guntur:
1038 2483 1268 2536 Αἰγυπτίων
1297 2482 1339 2523 οἱ
1365 2482 1503 2534 ἔνερθε

857 2544 928 2592 τῆς
948 2541 1086 2592 λίμνης
1113 2542 1184 2590 τῆς
1202 2539 1379 2591 Μοίριος
1403 2537 1504 2578 οἰκέ-

860 2612 970 2644 οντες
989 2612 1023 2637 κ.
1048 2611 1079 2636 τ.
1101 2598 1133 2634 λ.
1153 2618 1207 2624 —-
1232 2595 1291 2632 Ad
1307 2596 1432 2633 verba:
1461 2592 1504 2634 τό

860 2652 903 2694 δὲ
921 2653 1012 2700 ἔπος
1035 2654 1150 2691 τοῦτο
1174 2650 1346 2691 ἐθέλει
1365 2650 1503 2702 λέγειν,

859 2710 990 2748 adhibe
1011 2708 1181 2746 Valcken.
1202 2712 1276 2745 not.
1292 2709 1338 2745 ad
1349 2707 1410 2754 IV,
1423 2709 1502 2749 131

860 2767 907 2804 de
924 2779 992 2802 usu
1007 2765 1107 2802 verbi
1132 2762 1304 2811 ἐθέλειν,
1324 2763 1504 2812 quodLa-

859 2822 924 2859 tini
941 2833 1085 2870 quoque
1103 2821 1259 2859 reddunt
1278 2820 1373 2857 velle.

918 2873 967 2918 ου’
987 2874 1061 2931 γοῖρ
1081 2872 1131 2928 δή
1152 2876 1225 2928 σφὶ
1255 2875 1333 2916 ἐστι
1358 2871 1503 2924 ὕδατος
