1909 3228
671 183 888 222 CLlO.
945 182 974 222 1.
1372 184 1457 225 375

201 292 367 338 τούτων
394 295 536 349 Κᾶρες
563 292 642 349 μὲν
670 291 896 349 ἀπιγμένοι
925 292 967 344 ἐς
995 290 1075 349 τὴν
1092 289 1273 349 ἤπειρον
1294 292 1341 337 ἐκ
1360 296 1449 337 τῶν

202 372 359 429 νήσων.
407 373 456 416 τὸ
487 371 570 429 γάρ
600 373 789 417 παλαιὸν
816 371 958 424 ἐόντες
998 373 1129 416 Μίνω
1157 388 1202 415 τε
1230 373 1451 430 κατήκοοι,

199 453 273 496 καὶ
300 451 552 509 καλεόμενοι
581 453 781 509 Λέλεγες,
826 450 941 508 εἶχον
977 451 1051 504 τὰς
1079 450 1262 509 νήσους,
1305 450 1451 508 φόρον

199 532 278 588 μὲν
318 531 479 576 οὐδένα
515 532 835 583 ὑποτελέοντες,
893 531 1001 576 ὅσον
1035 531 1107 576 καὶ
1146 530 1228 587 ἐγώ
1268 532 1452 584 δυνατός

200 612 285 666 εἰμι
312 612 583 667 μακρότατον
619 611 832 666 ἐξικέσθαι
862 610 995 667 ἀκοῇ·
1047 612 1092 655 οἵ
1120 611 1188 664 δὲ,
1219 610 1330 662 ὅκως
1359 613 1482 655 Μί-5

171 696 292 742 8νως
321 691 481 744 δέοιτο,
511 691 728 749 ἐπλήρουν
756 692 801 734 οἱ
827 689 903 742 τὰς
931 689 1041 742 νέας.
1073 689 1146 734 ἅτε
1177 690 1221 734 δὲ
1251 690 1304 748 δή
1324 693 1452 735 Μίνω

142 859 349 915 ἀπιγμένοι
369 864 409 912 ἐς
425 861 499 916 τὴν
521 861 690 916 ἤπειρον
707 882 741 906 κ.
753 882 790 905 τ.

140 921 189 966 λ.]
222 919 347 969 Cares,
377 935 468 971 quos
488 923 652 967 Graecae
669 924 791 974 stirpis

140 976 266 1014 volunt
297 991 398 1025 esse,
435 978 598 1028 primitus
624 992 645 1016 e
673 981 791 1017 Grae-

140 1033 195 1069 cia
211 1033 289 1082 ipsa
307 1036 488 1084 profectos
515 1034 654 1084 Aegaei
681 1036 788 1073 maris

141 1089 272 1127 insulas
305 1103 522 1140 occupasse,
558 1097 707 1130 narrant
733 1093 790 1130 hi-

141 1146 280 1188 storici,
313 1148 535 1196 eosdemque
556 1152 591 1185 et
609 1153 788 1186 mercatu-

139 1214 180 1237 ra
196 1206 231 1238 et
251 1202 445 1240 latrociniis
465 1204 649 1241 maritimis
677 1205 787 1254 incly-

140 1263 196 1294 tos
217 1258 328 1297 fuisse
354 1260 503 1297 addunt.
561 1260 701 1298 Primus
729 1262 784 1297 iu-

138 1326 225 1360 gum
245 1314 313 1351 illis
329 1315 544 1366 imposuisse
566 1317 696 1354 dicitur
714 1317 787 1354 Mi-

136 1382 224 1418 nos,
281 1371 344 1420 qui
383 1372 519 1422 primus
564 1373 786 1410 Graecorum

136 1425 249 1464 classe
271 1427 462 1476 plurimum
478 1428 605 1476 valuit,
630 1428 786 1465 nonnul-

134 1482 189 1519 los
207 1483 410 1531 subigendo
430 1484 574 1533 suisque
599 1485 786 1522 Cretensi-

135 1541 201 1576 bus
237 1540 460 1587 adiiciendo,
489 1540 598 1588 alios,
640 1541 701 1590 qui
728 1542 784 1578 iu-

134 1609 219 1644 gum
238 1597 333 1633 serre
347 1597 505 1644 nollent,
526 1597 715 1644 eiiciendo,
734 1598 785 1634 ita

135 1656 175 1688 ut
202 1652 326 1689 insulis
375 1653 504 1691 relictis
535 1655 584 1690 ad
619 1654 783 1704 proxima

135 1707 243 1745 Asiae
262 1707 368 1745 litora
383 1722 464 1747 sese
482 1710 697 1760 reciperent,
717 1710 784 1746 ibi-

135 1777 206 1812 que
224 1765 329 1802 sedes
352 1765 519 1814 figerent.
570 1765 682 1802 Unde
700 1769 783 1802 sunt

137 1833 259 1856 rursus
281 1819 377 1870 pulsi
396 1820 508 1857 multo
531 1824 615 1870 post
634 1821 784 1858 adveni-

135 1876 275 1913 entibus
305 1889 325 1913 e
350 1876 506 1914 Graecia
531 1876 699 1923 Ionibus,
737 1877 784 1914 de

134 1932 263 1981 quibus
283 1932 432 1969 vidimus
452 1932 500 1969 ad
517 1932 557 1978 I,
586 1935 676 1973 142.
724 1931 785 1968 Ad

134 1989 257 2038 priora
269 1993 434 2038 tempora
452 1989 552 2037 quod
575 1988 714 2035 attinet,
734 1988 783 2024 illi

134 2057 214 2081 cum
247 2044 482 2081 Cretensibus
508 2044 545 2080 in
573 2057 680 2081 unam
707 2045 784 2081 fere

134 2104 280 2149 gentem
319 2100 494 2138 coaluisse
526 2100 692 2149 adeoque
729 2099 783 2136 lo-

134 2156 270 2205 quendi
287 2169 400 2204 genus
411 2157 559 2193 istorum
572 2156 783 2193 assumsisse

134 2212 311 2250 videntur.
376 2211 521 2262 Leleges
565 2225 587 2249 a
627 2212 782 2249 Caribus

135 2281 209 2304 non
237 2269 368 2306 diversi
404 2274 466 2306 aut
502 2272 597 2307 certe
631 2281 709 2305 cum
739 2268 781 2305 iis

134 2324 183 2360 ita
202 2325 382 2374 permixti,
406 2330 443 2362 ut
464 2338 531 2376 pro
550 2337 622 2361 una
638 2325 784 2362 eadem-

136 2393 207 2428 que
238 2385 348 2429 gente
373 2383 500 2419 merito
536 2381 661 2418 haberi
695 2394 782 2431 pos-

138 2435 229 2482 sint,
256 2437 295 2472 id
315 2438 412 2485 quod
441 2441 585 2488 praeter
612 2437 782 2473 Herodo-

136 2496 213 2528 tum
257 2492 411 2540 Strabo,
446 2493 664 2539 Pausanias,
705 2492 783 2540 alii,

138 2551 312 2584 asserunt.
342 2548 403 2586 Tu
424 2550 495 2586 vid.
519 2548 678 2598 pluribus
696 2548 784 2586 haec

139 2607 378 2653 exponentem
412 2604 532 2642 Raoul
550 2625 569 2632 -
592 2604 783 2652 Rochette,

136 2659 298 2697 Histoire
315 2660 362 2698 de
379 2659 562 2698 l'etabliss.
582 2661 647 2697 des
665 2659 781 2698 colon.

142 2717 275 2764 Grecq.
294 2715 311 2752 Ι
332 2729 417 2766 pag.
435 2719 517 2758 378
534 2728 616 2765 sqq.
636 2715 716 2757 384
728 2729 783 2766 sq.

137 2772 224 2822 ibiq.
243 2772 415 2810 strabon.
435 2772 523 2810 XIV
541 2784 626 2825 pag.
650 2775 731 2815 976
754 2785 783 2810 s.

857 878 943 917 pag.
965 867 1043 907 661
1074 865 1131 904 ed.
1153 865 1310 903 casaub.
1333 865 1409 904 coll.
1419 865 1507 904 XIII-

857 936 894 973 p.
917 925 998 964 909
1037 935 1066 959 s.
1098 935 1185 973 pag.
1208 925 1287 963 611
1307 922 1391 959 Cas.

913 981 1038 1017 Μίνω
1059 993 1098 1017 τε
1120 973 1399 1029 κατήκοοι]1)ε
1411 982 1504 1016 stru—

856 1039 955 1072 ctura
975 1036 1068 1072 conf.
1089 1035 1136 1072 ad
1157 1034 1195 1082 I,
1219 1036 1308 1075 143.

915 1087 1019 1142 εἶχον
1050 1087 1120 1137 τὰς
1145 1087 1320 1140 νήσους]
1352 1090 1507 1127 Videtur

854 1147 1002 1197 obloqui
1023 1147 1257 1195 Thucydides
1280 1147 1317 1193 l,
1347 1146 1395 1192 4,
1430 1147 1505 1183 Ca-

854 1217 911 1241 res
931 1216 1082 1241 narrans
1106 1216 1128 1240 a
1144 1203 1269 1241 Minoe
1286 1202 1408 1239 insulis
1428 1203 1503 1252 Cy-

854 1260 1014 1298 cladibus
1036 1260 1168 1297 eiectos
1187 1273 1277 1297 esse.
1305 1259 1354 1296 Et
1371 1272 1507 1296 revera

851 1316 972 1366 potuit
988 1329 1050 1353 eos
1067 1315 1195 1353 eiicere
1214 1316 1333 1352 Minos
1345 1344 1354 1362 ,
1388 1316 1418 1351 si
1441 1316 1503 1364 qui

852 1372 965 1422 ipsius
992 1372 1180 1421 imperium
1210 1375 1416 1408 recusarent
1437 1371 1502 1407 ali-

851 1440 967 1476 osque
1002 1428 1040 1463 in
1077 1440 1200 1464 eorum
1226 1428 1341 1463 locum
1370 1427 1501 1464 ducere

850 1483 1021 1528 colonos,
1058 1482 1194 1532 reliqua
1220 1486 1316 1520 terra
1345 1483 1386 1519 iis
1416 1482 1499 1519 reli-

851 1544 930 1587 cta,
959 1539 1022 1588 qui
1045 1539 1231 1589 imperium
1252 1539 1362 1589 ipsius
1383 1551 1499 1586 agno-

850 1600 1002 1634 scerent.
1014 1595 1119 1632 ——In
1138 1595 1258 1632 verbis
1267 1595 1501 1643 sequentibus

851 1648 1016 1699 δυνατός
1035 1651 1114 1701 εἰμι
1124 1647 1367 1703 μακρότατον
1379 1666 1453 1689 mr.
1466 1654 1499 1688 λ.

849 1708 1038 1746 Werferus
1067 1709 1104 1745 in
1129 1707 1224 1745 Actt.
1253 1707 1386 1758 philoll.
1416 1707 1500 1743 Mo-

850 1777 949 1801 nacc.
970 1765 1037 1811 l‚2
1056 1777 1141 1814 pag.
1154 1764 1235 1805 244
1252 1769 1335 1801 ante
1357 1760 1499 1813 μακρό-

850 1834 968 1858 τατον
985 1820 1181 1857 inserivult
1204 1819 1287 1865 ἐπὶ,
1319 1820 1417 1867 quod
1446 1819 1497 1854 uti

852 1876 928 1912 aliis
947 1875 1033 1912 locis
1057 1876 1219 1912 additum
1244 1876 1433 1919 invenitur,
1448 1875 1498 1910 ita

850 1936 973 1968 tamen
995 1931 1064 1968 hoe
1093 1931 1171 1967 loco
1207 1943 1268 1966 cur
1295 1930 1498 1967 necessario

851 1987 1090 2024 adiiciendum
1110 1987 1179 2032 sit,
1198 1985 1293 2021 nulla
1313 1985 1396 2021 mihi
1417 1986 1495 2021 iilo—

850 2055 918 2080 nea
937 2046 1090 2091 apparet
1109 2053 1227 2078 causa.
1276 2041 1380 2077 Cous.
1404 2041 1497 2077 infra

848 2099 904 2145 II,
924 2100 976 2138 29
994 2098 1069 2134 init.
1099 2096 1299 2144 Schweigh.
1320 2097 1355 2132 in
1373 2096 1495 2134 Lexic.

849 2155 988 2192 Herod.
1006 2153 1039 2190 II
1056 2167 1091 2203 p.
1114 2152 1167 2195 84
1188 2153 1342 2190 eandem
1358 2155 1497 2202 profert

849 2211 1110 2261 suspicionem,
1140 2208 1368 2246 Herodotum
1391 2208 1496 2245 forsi-

848 2271 913 2304 tan
949 2267 1150 2316 scripsisse:
1190 2263 1274 2304 ἐπὶ
1311 2260 1497 2315 μακρότα-

850 2337 940 2371 τον;
970 2323 1086 2373 ipsum
1104 2334 1189 2358 vero
1208 2321 1322 2358 locum
1343 2321 1392 2357 sic
1411 2321 1495 2357 red-

848 2379 955 2416 didit:
992 2381 1198 2427 „quantum
1227 2390 1310 2424 ege,
1339 2379 1493 2426 superio-

849 2448 925 2472 rum
940 2440 1124 2484 temporum
1145 2435 1339 2469 memoriam
1359 2432 1494 2469 altissi-

849 2504 901 2529 me
925 2494 1096 2541 repetens,
1136 2489 1264 2527 audita
1296 2501 1496 2537 cognoscere

844 2549 987 2600 potui.“

905 2603 947 2643 οἱ
975 2600 1017 2642 δὲ
1045 2624 1100 2630 --
1125 2597 1321 2652 ἐπλήρουν
1349 2599 1393 2639 οἱ
1423 2596 1494 2646 τοὶς

849 2658 965 2707 νέας]
997 2658 1040 2698 οἵ
1064 2655 1113 2697 δὲ
1131 2680 1185 2685 —
1208 2653 1406 2706 ἐπλήρουν
1436 2657 1493 2693 di-

848 2717 920 2763 xit,
953 2729 995 2753 ac
1017 2715 1046 2752 si
1069 2719 1176 2752 antea
1197 2713 1391 2761 legeretur:
1422 2708 1495 2760 φό-

850 2787 923 2825 ρον
943 2769 1015 2824 μὲν
1036 2765 1182 2811 ου’δένα
1201 2767 1427 2817 ’ὑπετέλεονς
1448 2770 1498 2806 ita

1509 300 1548 329 «le
1575 308 1609 328 se
1639 299 1783 336 quomodo

1506 334 1645 362 tradant:
1673 335 1785 369 Iupiter

1510 368 1636 395 Uarius.-
1668 367 1784 402 Mysus,

1509 402 1620 436 Lydus,
1632 400 1705 435 Gar,
1724 406 1785 428 tres

1507 435 1621 464 fratros
1638 434 1784 469 germani.
