1877 3223
443 245 499 284 9-1
849 241 1312 279 HERODOTI

442 349 561 402 „65⁶5
581 352 665 406 εἰμι
683 355 797 404 παῖς,
828 349 1119 407 οὐνομάζομαι
1149 351 1193 394 δὲ
1221 348 1472 405 Ἄδρηστος·
1497 349 1714 405 φονεύσας

442 430 523 482 ,,δὲ
561 429 772 485 ἀδελφεὸν
811 430 1030 486 ἐμεωυτοῦ
1067 427 1224 479 ἀέκων,
1263 427 1436 484 πάρειμι
1475 428 1714 486 ἐξεληλαμέ-

441 526 551 561 ,,νος
588 526 632 552 τε
671 508 757 552 ὑπὸ
785 513 867 553 τοῦ
895 508 1059 564 πατρὸς
1089 508 1162 551 καὶ
1191 507 1469 564 ἐστερημένος
1497 506 1713 551 πάντων.“

416 589 631 643 5Κροῖσος
661 587 706 631 δέ
730 605 804 644 μιν
835 585 1031 644 ἀμείβετο
1059 589 1223 630 τοῖσδε·
1263 585 1475 640 ,Ἀνδρῶν
1503 603 1547 630 τε
1577 589 1717 642 φίλων

440 660 697 721 ,,τυγχάνεις
734 668 911 723 ἔκγονος
951 666 1060 718 ἐών,
1111 666 1184 710 καὶ
1221 664 1430 721 ἐλήλυθας
1469 664 1510 716 ἐς
1539 666 1716 720 φίλους·

438 746 583 796 ,,ἔνθα
617 743 899 803 ἀμηχανήσεις
928 745 1142 803 χρήματος
1163 742 1354 797 οὐδενὸς,
1387 744 1529 801 μένων
1550 744 1597 788 ἐν
1619 742 1764 801 ἡμε-75

350 945 354 959 1
394 926 588 978 pluresque
608 927 711 964 huius
739 927 893 963 nominis
922 940 1046 964 occur-

394 987 477 1020 runt
500 996 628 1032 reges,
658 983 718 1032 qui
739 984 825 1033 quin
849 983 1044 1021 facilecon-

395 1040 496 1076 fundi
525 1040 730 1089 potuerint,
779 1040 859 1089 quis
886 1052 1045 1089 negave-

395 1094 470 1132 rit?
510 1097 617 1133 Conf.
644 1096 811 1133 Bouhier.
844 1096 944 1134 Diss.
967 1096 1045 1133 He-

395 1152 502 1188 rodd.
539 1166 567 1189 c.
591 1154 616 1193 8
651 1166 687 1202 p.
718 1153 770 1194 85
803 1157 839 1189 et
864 1152 978 1190 Beck.
1007 1153 1044 1188 in

394 1207 547 1256 Allgem.
561 1209 781 1257 VVeltgesch.
793 1209 809 1245 I
821 1222 856 1259 p.
871 1208 953 1250 304
967 1221 1043 1258 seq.

394 1264 488 1301 Utut
511 1269 586 1312 est,
636 1265 761 1313 regiae
791 1266 912 1316 stirpis
946 1265 1044 1301 illum

394 1320 590 1357 Adrastum
609 1322 722 1359 fuisse
732 1351 742 1369 ‚
755 1321 1044 1359 verisimillimum

395 1377 436 1413 fit
452 1390 495 1414 ex
516 1377 582 1414 hac
602 1378 838 1426 genealogia3
867 1379 915 1414 ad
927 1378 1043 1415 Croe-

394 1446 473 1469 sum
501 1433 561 1470 ille
589 1434 771 1482 confugit,
802 1434 938 1483 quippe
970 1433 1044 1482 qui,

394 1488 574 1537 Phrygiae
594 1490 741 1537 regibus
761 1489 918 1526 subactis
929 1518 939 1535 ,
952 1489 1044 1526 hanc

393 1549 527 1581 terram
565 1546 690 1582 ditioni
723 1558 811 1582 suae
851 1546 1043 1583 addiderat

393 1601 710 1651 tributariamque‚
735 1602 844 1639 credo
859 1631 869 1649 ‚
888 1603 1042 1647 fecerat3

393 1658 438 1694 cf.
459 1657 497 1704 Ι,
515 1660 551 1698 6.
572 1660 637 1699 28.
695 1658 784 1695 Illud
813 1671 896 1695 vero
925 1658 1041 1706 magis

392 1714 611 1762 tenendum,
638 1714 786 1751 Adrasti
810 1727 941 1751 nomen
968 1725 1042 1750 non

392 1770 546 1819 amplius
590 1771 626 1807 in
668 1771 853 1820 Phrygum
893 1770 1043 1807 historia

393 1826 563 1875 reperiri,
594 1828 660 1864 sed
680 1827 791 1864 multo
813 1827 972 1864 crebrius
1006 1827 1042 1862 in

394 1882 616 1919 Graecorum
654 1884 762 1921 rebus
799 1884 967 1931 adeoque
1006 1882 1042 1918 in

393 1937 430 1973 T
433 1938 585 1983 roianis;
614 1951 688 1987 qua
708 1940 755 1976 de
786 1952 826 1976 re
858 1939 930 1975 vid.
967 1937 1043 1975 Ex-

394 2007 486 2031 curs.
507 1995 555 2031 ad
574 1994 609 2031 h.
629 1994 653 2032 l.

451 2069 652 2123 φονεύσας
681 2069 723 2111 δὲ
749 2067 940 2122 οἷὸελφεόν
960 2070 1042 2124 ἔμε-

394 2132 526 2168 ωυτοῦ
553 2125 704 2179 α’·έκων]
746 2128 885 2167 Fratris
910 2142 1042 2167 nomen

392 2187 514 2236 prodit
549 2185 777 2223 Ptolemaeus
812 2185 1040 2236 Hephaestio

391 2243 489 2291 apud
512 2242 677 2279 Photium
705 2256 741 2292 p.
760 2241 842 2284 472
869 2242 932 2292 (p.
955 2243 1039 2283 306

391 2300 449 2335 od.
471 2298 572 2347 Gal.)
601 2299 839 2347 Agutlwnem,
870 2299 931 2348 qui
952 2296 1042 2349 περὶ

392 2352 554 2407 ὄρτυγος
585 2357 823 2403 φιλονεικῶν
868 2367 891 2392 a
930 2355 1040 2392 fratre

390 2412 598 2448 interfectus
621 2412 737 2449 suerit.

447 2491 549 2530 ἔνθα
568 2485 832 2542 ἀμηχανήσεις
842 2484 1039 2541 χρήματος

390 2542 581 2598 οὐδενός]
623 2548 644 2583 i.
676 2560 708 2584 e.
747 2547 800 2583 ibi
826 2546 956 2583 nullius
987 2547 1041 2582 rei

388 2604 583 2652 indigebis,
624 2616 716 2652 quae
750 2602 884 2640 scilicet
913 2603 959 2638 ad
984 2601 1038 2637 vi-

391 2666 484 2697 ctum
503 2660 740 2698 necessarium
759 2660 925 2709 pertinet.
942 2657 1038 2695 Hinc

391 2721 476 2767 apte
497 2717 563 2754 hoc
582 2716 658 2752 loco
676 2729 761 2752 usus
780 2720 855 2762 est,
883 2726 1036 2751 monen-

389 2777 426 2809 te
447 2772 526 2820 Cr.,
547 2774 698 2820 Seguar.
721 2772 769 2808 ad
787 2770 1037 2820 explicandum

389 2828 476 2865 illud
531 2828 727 2865 Clementis
785 2827 1036 2864 Alexandrini:

390 2879 604 2936 ἀμηχανεῖν
624 2884 714 2935 βίον
744 2883 770 2921 i.
799 2896 830 2921 e.
860 2885 956 2920 victu
975 2895 1037 2919 ca-

1110 939 1182 963 rere
1202 927 1415 968 necessario5
1438 925 1510 962 vid.
1528 925 1576 962 ad
1594 924 1687 969 Quis
1707 923 1764 960 di-

1111 995 1173 1020 ves
1192 987 1259 1019 etc.
1280 995 1316 1032 p.
1339 982 1428 1022 185.

1167 1080 1298 1134 με’νων
1320 1080 1362 1121 ἐν
1385 1079 1451 1132 ήμ
1464 1095 1510 1120 ετ
1523 1080 1762 1134 έρουΠῙυΙ-

1111 1151 1159 1188 go
1181 1138 1224 1178 ἐν
1243 1136 1468 1189 ἡμετέροις,
1501 1139 1601 1187 quod
1632 1151 1651 1175 e
1682 1137 1765 1176 Me-

1111 1196 1213 1233 diceo
1235 1195 1385 1243 aliisque
1406 1207 1501 1231 nunc
1522 1198 1696 1231 mutatum
1708 1198 1765 1232 est

1111 1252 1147 1288 in
1170 1251 1212 1291 ἐν
1232 1250 1445 1302 ήμετέροι,
1466 1252 1515 1287 uti
1536 1250 1567 1287 V
1572 1250 1615 1296 ΙΙ,
1626 1252 1651 1291 8
1668 1248 1705 1300 ἓ.
1718 1250 1764 1290 4:

1109 1323 1157 1346 τα
1179 1303 1391 1376 τιμιώτατα
1425 1307 1621 1357 νομίζεται
1655 1305 1696 1344 ἐν
1718 1304 1765 1356 ἦ.

1111 1363 1350 1427 μετέρον,
1392 1364 1451 1400 ubi
1487 1367 1610 1399 tamen
1638 1362 1765 1399 itidem

1110 1421 1189 1457 libri
1210 1420 1358 1457 variant.
1416 1420 1512 1456 Hinc
1539 1419 1679 1455 Comes
1717 1418 1765 1454 ad

1110 1476 1298 1514 Heliodori
1310 1476 1502 1525 Aethiopp.
1515 1475 1578 1521 Vl,
1593 1477 1618 1515 2
1630 1487 1666 1524 p.
1682 1476 1762 1515 109

1110 1545 1188 1582 seq.
1227 1533 1334 1569 scribi
1372 1532 1471 1568 iubet
1500 1529 1542 1570 ἐν
1571 1528 1764 1584 ἡμετέρῳ,

1110 1602 1156 1626 ne
1179 1589 1314 1626 scilicet
1331 1587 1465 1638 duplex
1475 1587 1610 1637 ellipsis
1629 1586 1676 1623 sit
1687 1591 1764 1623 sta-

1109 1646 1246 1682 tuenda
1273 1644 1316 1684 ἕν
1345 1642 1538 1695 ἡμετέρου
1559 1642 1670 1681 οἴκου
1699 1641 1764 1680 οἴ-

1108 1716 1177 1754 κῳ.
1245 1701 1321 1738 Sed
1350 1700 1464 1737 simile
1502 1699 1688 1748 quoddam
1720 1711 1763 1735 ex

1108 1758 1304 1795 Homerico
1317 1757 1437 1805 hymn.
1449 1756 1485 1792 in
1495 1755 1650 1792 Mercur.
1663 1755 1759 1795 370:

1108 1807 1236 1865 ἦλθεν
1258 1812 1297 1859 ἐς
1326 1811 1585 1863 ’ἡμετέρου
1608 1806 1763 1860 διζήμε-

1110 1885 1180 1916 νος
1199 1869 1399 1914 εἰλίποδας
1415 1869 1515 1919 βοῦς
1537 1869 1608 1904 iam
1621 1867 1762 1917 priores

1109 1927 1325 1976 interpretes
1352 1925 1557 1962 attulerunt.
1606 1922 1763 1960 Mutavit

1109 1982 1306 2019 Barnesius
1344 1980 1383 2028 εἷς
1409 1979 1624 2033 ἡμέτερον,
1670 1992 1759 2030 pro-

1109 2038 1220 2076 bante
1266 2037 1404 2088 llgenio
1449 2039 1487 2074 in
1547 2036 1760 2074 Animadvv.

1109 2108 1146 2145 p.
1168 2094 1262 2136 443.
1321 2094 1404 2138 Quo
1436 2093 1573 2130 cautius
1601 2094 1637 2128 in
1661 2096 1760 2129 textu

1109 2150 1254 2199 reliquit
1285 2149 1324 2196 ἐς
1360 2148 1552 2200 ἡμετέρου
1584 2147 1760 2185 Matthiae

1108 2207 1157 2243 ad
1191 2211 1354 2242 nostrum
1395 2205 1511 2242 locum
1549 2204 1758 2253 respiciens.

1106 2262 1215 2312 Apud
1234 2263 1384 2298 Homer.
1406 2262 1542 2309 Ody.ss
1565 2260 1654 2306 Vll,
1677 2262 1757 2301 301

1107 2318 1217 2366 vulgo
1239 2318 1374 2355 editum
1396 2318 1571 2366 legimuS,
1600 2310 1697 2368 ἦγεν
1718 2314 1759 2362 ἐς

1105 2373 1378 2425 ημέτερονς
1408 2374 1506 2423 quod
1534 2373 1631 2410 idem
1651 2384 1759 2422 prae-

1105 2431 1168 2468 bet
1198 2431 1312 2467 codex
1330 2430 1570 2474 Harleianus;
1598 2429 1636 2464 in
1659 2440 1756 2464 mar-

1105 2487 1189 2536 gine
1207 2492 1329 2524 tamen
1347 2486 1585 2553 adscriptum
1580 2489 1653 2522 est:
1688 2497 1756 2523 ου-

1103 2557 1180 2589 τως
1209 2541 1424 2594 ἡμετέρου·
1455 2537 1612 2581 α’ττικόν
1638 2536 1681 2579 δὲ
1711 2537 1754 2580 τό

1105 2611 1233 2649 σχημα
1255 2597 1308 2645 (ὅς
1327 2599 1368 2647 ἐς
1391 2593 1643 2638 διδασκάλου.
1701 2595 1756 2634 Ac

1103 2661 1224 2693 tuetur
1245 2656 1332 2703 hoc,
1371 2660 1409 2692 ut
1436 2655 1688 2692 Herodoteum
1713 2651 1756 2699 ἐς

1103 2710 1309 2764 ημετέρον,
1320 2711 1531 2750 Bekkerus
1524 2723 1561 2747 m
1569 2709 1756 2760 Epheme-

1104 2769 1197 2805 ridd.
1237 2769 1399 2806 lenenss.
1442 2769 1551 2808 1809
1579 2779 1633 2803 nr.
1672 2765 1752 2807 247

1103 2838 1139 2875 p.
1170 2826 1270 2872 159,
1300 2825 1417 2862 causis
1444 2824 1548 2861 altius
1579 2822 1753 2872 repetitis,

1105 2893 1124 2919 e
1146 2882 1362 2930 cognatione
1381 2879 1527 2930 genitivi
1553 2876 1753 2930 personali-
