1909 3228
490 226 566 250 ·‘·'‘
683 224 975 266 cL10.1.

1374 226 1456 268 461

200 340 319 388 ,,λως
356 334 604 392 προθυμέαι
648 334 968 391 Μασσαγετέων
1003 336 1288 391 πειρηθῆναι,
1336 334 1456 389 φέρε,

198 448 223 466 ‚‚
234 415 405 471 μόχθον
430 414 530 470 μὲν,
560 415 639 459 τόν
660 415 765 472 ἔχεις
791 414 968 471 ζευγνύς
983 413 1061 457 τὸν
1080 411 1297 469 ποταμὸν,
1319 411 1452 469 ἄφες·

199 494 287 546 »σὺ
318 495 385 546 δὲ,
435 491 580 550 ἡμέων
619 493 996 551 ἀναχωρησάντων
1036 491 1122 536 ἀπό
1151 496 1229 536 τοῦ
1257 495 1457 548 ποταμοῦ

199 577 367 628 ,,τριῶν
400 570 596 630 ἡμερέων
634 572 765 626 ὁδόν,
810 572 1008 629 διάβαινε
1049 572 1090 623 ές
1118 570 1199 628 τήν
1235 571 1513 628 ἦμετέρην.35

171 654 278 703 4,,ειῖ
317 650 361 695 δ’
398 652 530 709 ἡμέας
576 652 755 709 βούλεαι
802 653 1054 704 ἐσδέξασθαι
1091 655 1258 707 μᾶλλον
1299 651 1342 702 ές
1379 649 1460 708 τὴν

171 738 192 772 5
204 765 229 784 ,,
241 731 451 788 ὑμετέρην
463 766 473 784 ,

532 731 586 775 σὺ
631 729 770 775 τώυτό
823 735 952 774 τοῦτο
993 732 1155 774 ποίεε.“
1226 734 1374 774 Ταῦτα
1412 730 1458 773 δὲ

199 809 393 861 ἀκούσας
424 809 447 854 ὁ
479 813 646 864 Κῦρος,
679 807 934 854 συνεκάλεσε
965 809 1168 864 Περσέων
1196 809 1300 860 τούς
1328 808 1457 863 πρω’-

198 905 323 941 τους’
371 890 630 944 συναγείρας
661 889 706 932 δὲ
735 887 941 941 τούτους,
980 889 1022 940 ές
1052 889 1186 945 μέσον
1216 900 1294 945 σφι
1323 904 1459 944 προε-

197 971 314 1013 τίθεε
341 968 389 1013 τὸ
419 973 618 1026 πρῆγμα,
663 967 1071 1025 συμβουλευόμενος
1107 967 1289 1023 ὁκότερα
1320 968 1459 1024 ποιέῃ.

172 1053 291 1093 ὁτῶν
321 1049 366 1092 δὲ
395 1047 505 1092 κατά
545 1047 682 1092 τώυτὸ
723 1050 770 1092 αἱ
806 1053 976 1105 γνῶμαι
1017 1047 1343 1100 συνεξέπιπτον,
1395 1050 1518 1091 κε-4Ο

199 1128 417 1173 λευόντων
457 1128 709 1172 ἐσδέκεσθαι
750 1127 945 1184 Τόμυρίν
981 1144 1025 1172 τε
1059 1128 1133 1171 καὶ
1168 1126 1247 1171 τὸν
1276 1125 1462 1181 στρατὸν

77 1211 177 1257 2οΊ
203 1206 337 1265 αὐτῆς
366 1207 407 1258 ές
436 1206 516 1263 τὴν
551 1206 707 1264 χώρην.
765 1207 949 1263 Παρεών
988 1208 1034 1251 δὲ
1072 1207 1148 1250 καὶ
1187 1206 1463 1262 μεμφόμενος
1519 1210 1595 1243 0⁰³1*
1630 1210 1760 1239 suaserit

1519 1247 1661 1274 croesus.

198 1288 278 1344 τὴν
305 1286 484 1343 γνώμην
511 1286 673 1343 ταύτην
703 1289 893 1342 Κροῖσος
922 1285 945 1330 ὁ
976 1285 1144 1339 Λυδὸς,
1176 1283 1459 1329 ἀπεδείκνυτο

199 1366 400 1422 ἐναντίην
427 1369 481 1423 τῇ
509 1366 774 1422 προκειμένῃ
810 1365 986 1423 γνώμῃ,
1031 1365 1169 1421 λέγων
1202 1363 1326 1408 τάδε·
1378 1359 1462 1416 »Ὧι

201 1448 442 1501 ,,βασιλεῦ,
474 1442 601 1488 εἶπον
629 1445 709 1501 μὲν
737 1444 811 1488 καὶ
840 1443 1052 1500 πρότερόν
1080 1461 1171 1498 τοι,
1201 1443 1268 1487 ὅτι
1297 1442 1387 1486 ἐπεί
1409 1459 1460 1499 με
1474 1445 1519 1484 45

200 1556 225 1575 ,,
237 1523 349 1575 Ζεύς
378 1523 509 1568 ἔδωκε’
535 1540 625 1576 τοι,
671 1522 720 1567 vd
748 1524 803 1566 ἂν
833 1521 924 1578 ὁρῶ
961 1521 1139 1579 σφάλμα
1169 1522 1240 1567 ἐὸν
1269 1523 1375 1582 οἴκῳ
1403 1525 1464 1579 τῷ
1521 1530 1576 1570 98

171 1606 324 1662 2,,σςὸ,
354 1602 464 1647 κατὰ
494 1602 682 1659 δύναμιν
711 1600 989 1657 ἀποτρέψειν·
1046 1601 1098 1646 τά
1131 1600 1176 1645 δέ
1214 1619 1290 1659 μοι
1317 1601 1464 1658 παθή-

172 1688 370 1739 3,,ματα,
402 1682 530 1727 ἐόντα
559 1680 764 1740 ἀχάριτα,
794 1680 1031 1740 μαθήματα
1058 1680 1241 1739 γεγόνεε.
1300 1682 1358 1724 Εἰ
1381 1681 1460 1739 μὲν

206 1865 322 1919 φέρε,
350 1862 506 1917 μόχθον
524 1889 579 1893 —
603 1863 726 1915 ἄφες·
751 1862 799 1905 σύ

149 1920 192 1962 δὲ
209 1945 265 1951 --
284 1920 491 1973 διάβαινε]
517 1923 726 1960 Pronomen
752 1919 800 1960 συ“

149 1981 188 2016 in
210 1980 397 2017 bimembri
413 1981 576 2016 oratione
596 1978 707 2016 semel
718 1983 801 2015 tan-

149 2040 224 2073 tum
260 2036 440 2085 positum,
479 2036 536 2072 hic
560 2048 675 2085 aeque
705 2037 800 2072 refe-

149 2093 301 2129 rendum
324 2093 373 2128 ad
392 2089 495 2141 ἄφες
514 2104 623 2140 quam
647 2093 694 2128 ad
714 2086 799 2129 διά-

150 2149 264 2200 βαινε
292 2153 416 2186 monet
446 2148 623 2185 Matthiae
644 2148 709 2184 Gr.
734 2148 799 2184 Gr.

148 2217 235 2256 pag.
256 2204 350 2245 865.
371 2226 427 2231 —
442 2204 502 2241 Ad
528 2204 734 2253 προετίθεε
764 2204 801 2240 in

149 2273 253 2310 seqq.
274 2262 368 2298 conf.
390 2261 475 2298 ibid.
507 2273 593 2311 pag.
611 2261 705 2301 401.

206 2313 367 2367 ὁκότερα
386 2315 524 2371 ποιέῃ]
539 2316 658 2365 Vulgo
676 2313 802 2355 ποιέει

152 2376 191 2410 et
215 2371 363 2422 ποιέοι,
393 2378 586 2422 utrumque
615 2374 801 2410 mendose.

151 2428 251 2466 Nam
269 2429 337 2466 loci
351 2430 528 2468 sententia
538 2429 801 2467 coniunctivum

154 2485 318 2533 flagitat,
355 2499 462 2535 quem
487 2485 803 2523 Schellershemia-

154 2552 223 2576 nus
240 2539 331 2577 liber
348 2555 428 2579 cum
453 2542 544 2578 binis
569 2542 647 2578 aliis
666 2541 802 2592 optime

157 2596 330 2645 suggerit.
397 2598 505 2634 Conf.
538 2610 649 2647 supra
688 2598 735 2634 ad
772 2597 801 2645 I,

155 2651 222 2693 53.
281 2651 342 2689 Tu
359 2658 478 2691 verte:
508 2654 674 2703 quidnam
698 2653 802 2703 faci-

153 2707 287 2746 undum
306 2710 353 2746 sit
381 2722 409 2746 s.
430 2709 594 2760 quidnam
602 2710 728 2760 facere
742 2709 802 2748 de-

155 2763 245 2801 beat.

323 2821 447 2885 qap.
488 2822 636 2861 ccvn.

222 2888 476 2928 μεμφομενος
519 2876 593 2931 τήν
640 2874 803 2932 γνώμην

867 1862 1042 1916 ταύτην]
1088 1865 1148 1904 De
1180 1870 1360 1904 structura
1395 1868 1520 1905 confer

867 1922 998 1959 Matth.
1028 1923 1093 1959 Gr.
1128 1923 1194 1959 Gr.
1224 1936 1309 1972 pag.
1324 1923 1428 1970 705,
1458 1924 1520 1972 qui

868 1978 964 2015 idem
989 1991 1076 2029 pag.
1099 1980 1178 2019 231
1210 1979 1257 2016 de
1286 1980 1402 2015 forma
1425 1974 1518 2029 ἀχά-

868 2049 974 2085 ριτα,
1016 2035 1063 2070 ad
1089 2046 1199 2082 quam
1232 2035 1386 2072 conferri
1418 2036 1521 2073 iube-

868 2104 947 2127 mus
985 2090 1024 2137 I,
1057 2090 1123 2131 41.
1185 2090 1267 2127 Alia
1299 2091 1519 2141 VVesseling.

868 2151 945 2183 tum
970 2146 1017 2183 ad
1053 2147 1088 2183 h.
1120 2145 1142 2182 l.
1180 2152 1256 2183 tum
1286 2147 1333 2183 ad
1365 2147 1520 2185 Diodor.

868 2202 977 2239 Sicul.
1018 2202 1161 2249 XVIII,
1209 2206 1275 2245 28.
1344 2202 1521 2241 Nonnulli

869 2259 965 2296 enim
993 2258 1073 2295 libri
1107 2253 1298 2308 ἀχάριστα
1327 2260 1379 2308 (i.
1398 2274 1428 2297 e.
1451 2256 1521 2311 ἀη-

869 2317 930 2363 θῆ
952 2320 1009 2361 ‚ut
1020 2314 1139 2351 Schol.
1159 2316 1204 2351 ad
1217 2316 1367 2353 Homer.
1381 2317 1517 2366 Odyss.

869 2371 975 2417 VIII,
996 2372 1075 2411 236
1095 2371 1383 2421 interpretatur).
1442 2374 1519 2411 Sed

869 2430 962 2464 conf.
981 2427 1119 2464 Herod.
1141 2427 1227 2474 Vll,
1248 2429 1340 2469 156.
1365 2428 1518 2467 Lucian.

869 2484 1030 2521 Merced.
1051 2484 1230 2521 Conduet.
1254 2485 1321 2525 30.
1360 2484 1440 2523 Nec
1460 2490 1519 2522 ta-

870 2554 952 2578 men
983 2552 1027 2577 ea
1064 2541 1285 2590 persuadere
1323 2545 1519 2591 potuerunt

869 2596 1148 2645 WVyttenbachio
1178 2597 1226 2633 ad
1256 2596 1351 2634 Plut.
1384 2597 1517 2636 Moral.

868 2653 886 2691 Ι
910 2665 996 2703 pag.
1017 2651 1110 2693 285.

926 2706 973 2747 τά
990 2706 1032 2746 δέ
1051 2723 1117 2758 μοι
1139 2702 1378 2759 παθήματα,
1401 2705 1518 2749 ἐόντα

870 2761 1057 2816 ἀχάριτα,
1099 2761 1315 2815 μαθήματα
1341 2762 1516 2818 γεγόνεε]

869 2822 969 2859 Inest
997 2821 1032 2857 in
1064 2820 1118 2858 his
1151 2823 1340 2859 verborum
1368 2823 1517 2871 quidam

869 2878 966 2916 lusus
979 2906 991 2925 ,
1008 2877 1069 2927 qui
1086 2878 1346 2929 proverbialem
1357 2879 1517 2916 indicare
