1909 3228
290 332 385 379 155

119 401 143 428 (“
147 409 248 429 roes-un
269 408 287 427 a
316 400 396 434 (ζγοτ

118 437 297 465 senitentiam
359 433 397 460 de

118 472 159 507 1,)
164 471 207 497 «lin
259 477 281 495 r«
285 470 393 502 gntus,

140 504 197 531 uod
206 503 234 530 ei
242 502 396 530 consilium

139 538 246 567 ederit.

445 225 529 266 352

858 220 1321 261 HERODOT1

555 330 814 388 Πυθόμενος
841 330 886 373 δὲ
915 328 1017 373 κατ’
1044 327 1151 373 ὁδόν
1180 333 1318 373 ταῦτα
1346 329 1371 373 ὁ
1401 334 1569 386 Κῦρος,
1603 330 1694 375 εἷπε

452 412 562 468 πρὸς
590 415 785 465 Κροῖσον
820 407 936 451 τάδε.

992 410 1214 462 ,,Κροῖσε,
1255 410 1298 452 τί
1329 409 1445 452 ἔσται
1486 410 1535 454 τό
1574 410 1696 462 τέλος

451 495 575 543 ,,τῶν
603 486 841 544 γινομένων
873 485 1042 530 τούτων
1063 487 1180 543 ἐμοί,
1210 487 1264 531 οὐ
1281 487 1524 531 παύσονται
1542 490 1697 541 Λυδοὶ,

447 568 537 621 „nis
566 569 729 618 οἴκασι,
757 565 988 621 πρήγματα
1016 566 1294 621 παρέχοντες,
1332 567 1405 610 καὶ
1434 565 1557 610 αὐτοὶ
1586 568 1699 623 ἔχον-

445 663 558 700 ,,τες.
589 646 832 702 φροντίζω,
879 644 936 701 μὴ
968 643 1148 700 ἄριστον
1182 641 1212 701 ᾗ
1252 644 1700 699 έξανδραποδίσασθαί

416 733 471 778 2„
484 736 632 781 σφεας.
682 723 844 781 ὁμοίως
870 722 952 779 γάρ
983 740 1058 779 μοι
1087 728 1172 768 νῦν
1206 740 1255 780 γε
1284 726 1497 780 φαίνομαι
1524 731 1755 781 πεποιη-61

449 803 629 857 ,,κέναι,
676 801 735 856 ὦς
764 805 804 848 εἴ
829 820 892 855 τις
919 803 1083 859 πατέρα
1112 801 1387 856 ἀποκτείνας,
1415 807 1505 847 τῶν
1531 804 1703 847 παίδων

447 883 623 938 ,,αὐτοῦ
680 883 898 940 φείσαιτο·
931 881 990 934 (ὃς
1019 882 1065 927 δὲ
1101 883 1175 927 καὶ
1209 882 1291 939 ἐγώ
1322 884 1482 926 Λυδῶν
1519 882 1606 926 τὸν.
1624 883 1703 938 μὲν

447 964 612 1017 ,,πλέον
641 979 684 1006 τι
711 961 740 1019 ἢ
766 961 931 1017 πατέρα
960 960 1086 1005 ἐόντα
1125 962 1170 1005 σὲ
1199 962 1347 1018 λαβών
1377 961 1492 1018 ἄγω,
1533 960 1704 1005 αὐτοῖσι

513 1045 523 1057 ἱ
686 1046 703 1054 ’ν
809 1040 819 1055 5
925 1040 934 1053 Ι
1134 1041 1142 1055 0
1372 1042 1382 1057 ἱ
1420 1042 1438 1057 ῚΙ

447 1077 473 1096 ,,
484 1045 530 1087 δε
558 1043 744 1086 Λυδοισι
772 1057 852 1098 την
877 1045 1006 1085 πολιν
1035 1042 1285 1096 παρεδωκα·
1315 1058 1388 1085 και
1417 1057 1561 1084 επειτα
1589 1046 1703 1084 θωυ-
1715 1048 1758 1083 65

416 1123 562 1180 3μοέζω
605 1123 646 1166 εἴ
678 1139 755 1178 μοι
792 1118 1055 1171 οἰπεστόισιςκ

1108 1118 1157 1164 Ὅ
1187 1121 1266 1176 μὲν
1297 1119 1348 1176 δή
1387 1119 1439 1164 τά
1478 1134 1558 1176 περ
1593 1119 1706 1173 νόεε,

448 1202 582 1258 ἔλεγε·
623 1200 647 1246 ὁ
678 1201 722 1245 δ’
752 1200 949 1257 ἀμείβετο
978 1200 1142 1252 τοῖσδε,
1181 1201 1323 1251 δείσας
1352 1198 1409 1255 μή
1440 1197 1706 1250 ἀναστάτους

447 1279 609 1338 ποιήσῃ
637 1280 712 1333 τὰς
740 1278 923 1337 Σάρδις·

594 1521 626 1560 C
639 1534 660 1560 a
669 1534 707 1573 p.
738 1516 852 1558 CLV.

455 1632 505 1676 οὕ
527 1629 752 1675 παύσονται
765 1653 822 1659 -
837 1626 1048 1683 πρήγματα

396 1690 655 1744 παρέχοντες,
692 1688 760 1728 καὶ
798 1684 910 1727 αὐτοὶ
938 1687 1048 1738 ἕχον-

397 1751 480 1796 τες]
511 1749 533 1785 i.
555 1761 585 1785 e.
614 1759 680 1783 non
699 1746 853 1782 ‹lesznent
877 1744 965 1780 νιιΙιί
984 1757 1044 1780 ne-

397 1807 498 1854 gotta
513 1804 689 1855 facessere
720 1805 752 1838 et
781 1800 850 1836 saba·
875 1802 946 1848 ipsi
971 1811 1044 1834 mo·-

398 1863 534 1898 Iestz'am
558 1871 683 1896 creare.
742 1857 847 1900 Quae
877 1855 924 1891 ad
945 1854 1045 1891 locu-

395 1919 534 1956 tionem
549 1910 758 1967 πράγματα
777 1909 961 1963 παρέχειν
979 1908 1046 1949 καὶ

397 1973 497 2025 ε’χειν
546 1970 796 2008 illustrandam
848 1967 1044 2017 pertinent,

398 2029 501 2068 citavi
518 2029 565 2065 ad
585 2027 678 2064 Plut.
704 2024 830 2074 Pyrrh
852 2036 939 2074 pag.
953 2023 1043 2064 174.

398 2109 454 2114 ——
472 2085 514 2122 In
540 2097 644 2133 seqq.
675 2080 891 2134 φροντίζω,
927 2076 980 2129 μὴ
1002 2075 1046 2116 ἅ-

400 2154 533 2193 ριστον
561 2142 587 2195 ᾖ
618 2139 748 2177 eodem
774 2137 884 2175 modo
913 2136 1047 2173 dictum

398 2212 471 2248 quo
494 2182 653 2236 δέδοικα
665 2211 742 2247 μη,
772 2194 840 2231 alia
858 2192 896 2229 id
917 2204 1045 2241 genuS,

399 2256 446 2292 de
467 2254 596 2303 quibus
617 2253 710 2290 conf.
731 2248 863 2288 Matth.
891 2248 956 2285 Gr.
981 2247 1047 2284 Gr.

400 2310 437 2362 ἓ
459 2311 552 2352 205.
580 2308 723 2346 Latini:
745 2317 885 2352 vereor,
903 2317 945 2340 ne
956 2304 1047 2354 opti-

397 2379 489 2404 mum
509 2368 556 2403 sit
574 2378 660 2417 pro:
676 2367 765 2415 puto
782 2363 945 2414 optimum
967 2372 1048 2397 esse.

456 2448 510 2497 ὥς
533 2448 634 2496 εἷ’τις
645 2445 793 2499 πατέρα
804 2441 1049 2490 ἀποκτείνας,

399 2509 480 2546 τῶν
510 2506 666 2545 παίδων
694 2501 820 2543 αὐτοῦ
843 2501 1043 2551 φείσαιτο]

400 2564 589 2601 Herodoto
609 2562 645 2598 in
659 2561 714 2598 his
725 2560 952 2597 obversatum
963 2568 1046 2593 esse

398 2619 621 2657 contendunt
655 2616 792 2654 Stasini
835 2612 1046 2651 versiculum

401 2675 517 2721 illum,
556 2674 717 2724 pluribus
742 2670 978 2715 celebratum,
1007 2672 1046 2704 nt

403 2731 438 2767 in
457 2730 685 2781 proverbium
704 2729 796 2766 adeo
818 2725 989 2763 cesserit:

458 2810 620 2865 νήπιος,
640 2809 682 2859 ὃς
701 2810 850 2862 πατέρα
869 2810 1046 2860 κτείνων,

544 2869 688 2916 παῖδας
707 2868 941 2907 καταλείπει.

984 1274 1066 1332 ,,Ὦ.
1101 1282 1306 1337 βασιλεῦ,
1352 1277 1404 1323 τοὶ
1440 1279 1519 1336 μὲν
1556 1276 1706 1322 οἰκότα

1115 1519 1198 1557 Vid.
1226 1519 1403 1558 Clement.
1432 1517 1625 1557 Alexandr.
1655 1518 1762 1555 Stro-

1114 1581 1200 1614 mat.
1218 1577 1268 1613 Vl
1286 1589 1372 1627 pag.
1394 1575 1473 1617 451
1498 1575 1597 1623 Sylb.
1618 1573 1761 1611 Aristo-

1114 1632 1174 1669 tel.
1196 1633 1346 1670 Rhetor.
1366 1632 1403 1680 l,
1428 1634 1491 1672 16.
1522 1630 1578 1677 ll,
1604 1634 1666 1672 17.
1687 1630 1760 1666 Po-

1112 1688 1184 1737 lyb.
1205 1689 1333 1735 xxu,
1358 1690 1394 1728 8.
1412 1708 1467 1716 -«
1491 1687 1534 1724 In
1552 1700 1656 1736 seqq.
1674 1690 1763 1723 nota

1112 1745 1250 1782 articuli
1290 1743 1612 1794 transpositionem
1647 1755 1762 1791 quan-

1113 1801 1198 1837 dam
1230 1800 1325 1837 bene
1361 1801 1589 1836 observatam
1616 1810 1639 1835 a
1667 1798 1764 1835 Mat.

1112 1856 1210 1893 thiae
1236 1856 1272 1892 in
1297 1855 1362 1892 Gr.
1383 1856 1449 1892 Gr.
1471 1853 1601 1906 §.275
1619 1858 1655 1904 px
1668 1854 1761 1896 560.

1111 1911 1244 1950 Dicere
1261 1912 1355 1949 enim
1375 1916 1656 1948 consentaneum
1669 1914 1762 1948 erat:

1115 1964 1170 2015 ὡς
1200 1965 1243 2007 δὲ
1272 1966 1338 2006 καὶ
1367 1964 1442 2019 ἐγω
1471 1965 1538 2015 σὲ,
1571 1981 1660 2006 τον
1690 1964 1763 2018 μὲν

1113 2023 1234 2064 πλέον
1249 2039 1286 2063 τι
1306 2020 1335 2074 ἢ
1355 2022 1502 2075 πατέρα
1523 2018 1675 2063 ἐόντα.

1169 2079 1237 2119 καὶ
1268 2079 1399 2119 ε’πειτα
1438 2075 1694 2129 θωυμαζω
1728 2078 1767 2118 εἴ

1113 2151 1182 2189 μοι
1218 2131 1428 2185 απεστᾶσι]
1471 2136 1680 2172 Gaisfordio
1719 2148 1763 2172 ex

1114 2206 1186 2230 uno
1233 2192 1582 2229 Schellershemiano
1640 2191 1761 2228 edenti

1114 2243 1290 2299 θωμάζω
1318 2261 1393 2284 non
1422 2248 1760 2297 obtemperavimus,

1115 2318 1196 2342 cum
1215 2304 1430 2353 reliquorum
1448 2303 1618 2340 librorum
1637 2308 1762 2340 aucto-

1114 2362 1202 2397 ritas
1222 2365 1368 2398 vetaret.
1397 2360 1456 2398 De
1480 2373 1546 2395 usu
1565 2360 1762 2409 particulae

1117 2416 1154 2456 εἰ
1182 2417 1268 2467 (pro
1283 2413 1384 2463 ὅτι),
1412 2416 1480 2453 hoc
1508 2415 1586 2452 loco
1614 2415 1761 2453 laudato

1116 2473 1281 2523 exposuit
1297 2473 1427 2510 Matth.
1444 2472 1509 2508 Gr.
1526 2472 1591 2509 Gr.
1619 2471 1655 2522 ἓ.
1678 2474 1760 2513 617

1113 2529 1345 2580 pag-1251.
1412 2529 1453 2564 ln
1483 2523 1568 2567 νόεε
1607 2529 1760 2566 observa

1113 2590 1345 2634 augmentum
1387 2584 1596 2633 syllabicam
1645 2585 1758 2620 rarius

1111 2641 1312 2689 neglectum
1324 2671 1334 2687 ,
1364 2644 1403 2677 ut
1417 2645 1539 2678 monet
1556 2641 1651 2678 idem
1661 2641 1760 2677 Mat-

1113 2698 1209 2735 thiae
1244 2697 1280 2749 ἓ.
1304 2699 1381 2738 160
1410 2709 1495 2747 pag.
1516 2698 1609 2738 292.
1669 2696 1757 2733 Inde

1113 2767 1186 2790 non
1208 2755 1332 2790 mirum
1345 2783 1355 2801 ,
1376 2752 1513 2802 aliquot
1532 2753 1674 2790 codices
1693 2765 1754 2790 ex-

1112 2810 1236 2847 hibere
1253 2805 1381 2854 ἐνόεε,
1411 2809 1526 2846 forma
1550 2808 1597 2846 ad
1627 2808 1754 2857 vulga-

1111 2870 1185 2902 tum
1206 2866 1347 2904 dicendi
1370 2878 1486 2914 genus
1505 2864 1652 2902 mutata.
