1909 3228
646 212 939 252 cL10.1.

1333 214 1417 254 255

144 327 325 366 3Ταῦτα
355 322 399 365 δὲ
426 322 521 377 περὶ
550 321 713 365 ἑωυτὸν
751 321 954 378 ἐσέμνυνε
991 322 1128 366 τῶνδε
1157 322 1337 374 εἵνεκεν,
1376 321 1418 365 6-

170 419 256 454 κως
285 401 340 445 ἂν
369 400 427 457 μή
459 400 643 456 ὁρῶντες
672 402 716 444 οἱ
744 399 966 458 ὁμήλικες,
1006 400 1145 451 ἐόντες
1174 401 1471 457 σύντροφοί75

171 497 216 525 τε
246 481 414 539 ἐκείνῳ,
446 481 518 524 καὶ
548 482 685 536 οἰκίης
715 479 768 523 οὐ
799 481 1116 536 φλαυροτέρης,
1147 477 1249 524 οὐδὲ
1278 482 1320 530 ἐς
1345 477 1418 523 άν-

171 561 418 616 δραγαθίην
436 558 702 615 λειπόμενοι,
733 561 962 603 λυπεοίατο
993 560 1064 602 καὶ
1085 558 1420 615 ἐπιβουλεύοιεν,

50 652 149 697 100
173 639 260 682 ἀλλ’
292 638 481 693 ἑτεροῖός
519 649 597 693 σφι
635 638 780 681 δοκέοι
811 636 920 681 εἶναι
950 636 1007 693 μή
1036 636 1178 692 ὁρῶσι.

171 717 217 760 δὲ
246 721 380 761 ταῦτα
410 714 679 772 διεκόσμησε,
732 718 804 760 καὶ
833 715 1039 772 ἐκράτυνε
1076 715 1241 759 ἑωυτόν
1270 721 1323 774 τῇ
1351 724 1478 760 τυ-80

171 797 363 850 ραννίδι,
395 790 449 851 ἦν
477 795 525 838 τό
551 796 722 839 δίκαιον
752 795 990 851 φυλάσσων
1017 794 1211 851 χαλεπός.
1248 796 1322 839 καὶ
1343 794 1422 848 τάς

169 890 214 917 τε
244 876 366 925 δίκας
403 873 671 930 γράφοντες,
722 876 822 918 ε’ίσω
859 874 958 929 παρ’
998 875 1163 918 ἐκεῖνον
1198 874 1420 930 ἐσεπὲμπε-

169 965 295 996 σκον·
338 954 410 996 καὶ
439 953 600 1005 ἐκεῖνος
630 955 867 1007 διακρίνων
902 953 979 1005 τοὶς
1007 953 1319 1010 ἐσφερομένας,
1350 954 1419 997 ἐκ·

139 1031 390 1087 ἓπέμπεσκε.
441 1036 575 1076 ταῦτα
604 1032 682 1089 μὲν
710 1033 818 1076 κατὰ
850 1032 925 1084 τάς
955 1034 1077 1083 δίκας
1105 1033 1263 1076 ἐποίεε·
1292 1031 1344 1075 τά
1375 1032 1421 1076 δὲ

169 1111 223 1168 δὴ
253 1110 361 1154 ἄλλα
386 1110 668 1168 ἐκεκοσμέατό
698 1112 754 1155 οἷ.
796 1113 836 1155 εἴ
862 1129 959 1155 τινα
988 1111 1264 1155 πυνθάνοιτο
1293 1111 1421 1168 ὑβρί-
1434 1120 1479 1154 85

169 1193 322 1243 ζοντα,
367 1195 527 1234 τοῦτον
566 1190 679 1242 ὅκως
716 1190 1059 1246 μεταπέμψαιτο,
1105 1188 1196 1233 κατ’
1225 1189 1348 1247 ἀξίην
1377 1191 1423 1234 ἕ·-

168 1268 333 1312 κάστου
362 1268 623 1326 ἀδικήματος
652 1269 860 1313 ἐδικαίευ·
901 1271 973 1313 καί
1003 1269 1046 1313 οἷ
1084 1268 1353 1313 κατάσκοποί
1377 1285 1423 1313 τε

163 1347 238 1390 καὶ
267 1347 476 1404 κατήκοοι
504 1342 617 1405 ἦσαν
647 1346 728 1392 ἀνά
760 1351 904 1392 πᾶσαν
932 1347 1010 1403 τήν
1037 1347 1184 1404 χώρην
1212 1352 1286 1405 τῆς
1307 1345 1422 1405 ἦρχε.

108 1565 197 1604 Mox
213 1566 404 1604 verborum
423 1565 586 1604 ordinem
604 1577 683 1604 cum
701 1577 760 1604 re-

110 1626 218 1660 centt.
238 1624 463 1660 mutavimus.
510 1622 647 1672 Vulgo:
670 1625 760 1661 τοῦ-

110 1676 155 1717 τό
191 1692 233 1729 γε
267 1675 379 1718 εἶναι.
435 1680 494 1717 De
530 1679 612 1729 ipso
650 1692 759 1727 argu-

111 1738 232 1771 mento
245 1736 449 1773 consulatur
459 1736 647 1772 Barnabas
657 1736 759 1772 Bris-

111 1791 235 1827 sonius
257 1790 279 1827 l.
294 1790 317 1828 l.
336 1792 389 1838 ll,
412 1794 489 1832 121
515 1791 591 1827 coll.
613 1791 669 1837 Il,
692 1793 759 1838 89,

112 1846 173 1895 qui
191 1847 238 1883 de
257 1846 323 1884 hac
344 1851 504 1884 veterum
514 1846 705 1884 Medorum
717 1860 759 1883 ac

111 1902 300 1940 Persarum
331 1902 518 1952 disciplina
545 1903 759 1951 scriptorum

110 1958 209 1995 locos
258 1959 411 2007 collegit.
477 1957 642 1995 Potiores
693 1957 761 1994 loci

111 2019 196 2051 sunt
210 2015 323 2064 ipsius
345 2014 524 2052 Herodoti
554 2014 591 2061 I,
614 2014 693 2054 133
723 2017 760 2050 et

110 2070 365 2120 Xenophontis
388 2071 424 2106 in
448 2070 534 2117 Cyri
561 2070 712 2106 institut.
729 2069 759 2116 I,

110 2130 158 2173 2,
181 2129 230 2168 16
251 2127 328 2163 coll.
350 2127 451 2163 Suid.
482 2139 510 2162 S.
533 2138 566 2162 v,
600 2123 758 2176 Κάρδα-

110 2197 176 2233 μα.
233 2180 348 2220 Addit
371 2183 434 2219 Cr.
466 2182 566 2230 quod
598 2182 644 2219 de
666 2182 758 2218 Ara-

110 2239 216 2276 bibus
243 2239 364 2276 scribit
385 2237 607 2276 Niebuhrius
635 2239 671 2274 in
703 2238 761 2274 iti-

109 2307 227 2332 nerar.
259 2295 275 2331 I
307 2308 392 2345 pag.
412 2295 466 2336 57
479 2322 489 2341 ‚
521 2298 558 2331 et
577 2307 670 2343 quae
690 2294 761 2330 alia

110 2350 165 2387 his
184 2352 288 2388 addit
308 2352 489 2389 Gesenius
514 2351 552 2387 in
564 2351 762 2388 Commen-

110 2410 177 2442 tar.
194 2408 242 2443 ad
261 2408 414 2445 Iesaiam
433 2421 487 2457 cp.
506 2406 551 2453 L,
573 2409 598 2448 6
617 2420 652 2458 p.
667 2407 760 2452 143,

110 2474 261 2499 monens
281 2476 425 2512 quoque
455 2463 500 2499 de
522 2462 619 2500 libris
638 2463 762 2509 sacris,

112 2531 133 2554 e
165 2518 294 2565 quibus
331 2523 367 2556 et
406 2519 495 2569 ipsis
524 2523 631 2568 turpe
667 2519 762 2555 indi-

111 2586 295 2622 gnumque
316 2574 439 2611 haberi
464 2574 708 2623 intelligimus,
726 2578 762 2611 et

111 2630 290 2678 adspuere
312 2629 467 2678 aliquem
496 2634 533 2667 et
562 2630 631 2666 alio
654 2643 761 2680 prae-

111 2689 214 2722 sente
254 2698 397 2735 spuere.
454 2686 575 2728 Quam
615 2686 652 2723 in
683 2699 759 2723 rem

109 2741 304 2806 praecipue
325 2742 459 2778 confer.
470 2741 546 2778 Iob
560 2741 681 2788 XXX,
694 2744 758 2783 10.

166 2792 271 2843 όκως
287 2793 337 2836 ἆυ
349 2812 401 2848 μη
416 2795 582 2850 ὁρῶντες
604 2797 645 2837 οἵ
663 2793 757 2849 ὁμή-

109 2854 211 2900 λικες
240 2868 274 2892 κ.
305 2867 336 2893 τ.
369 2855 402 2892 λ
418 2852 433 2904 ]
477 2851 645 2906 ὁρῶντες
678 2866 757 2892 cum

829 1565 1042 1604 Gaisfordio
1079 1566 1299 1616 scripsimus.
1364 1563 1479 1604 Prae-

827 1622 962 1659 bebaut
985 1623 1078 1660 enim
1091 1622 1278 1660 Mediceus
1297 1622 1385 1660 liber
1402 1621 1480 1659 alii-

827 1690 909 1727 que.
968 1679 1011 1715 In
1031 1680 1124 1716 binis
1155 1683 1271 1716 exstat
1291 1676 1480 1729 ὁρέοντες,

826 1734 863 1770 in
885 1735 1233 1773 Schellershemiano
1263 1735 1414 1784 aliisque
1443 1733 1480 1773 ὁ-

828 1788 869 1837 ρέ
884 1805 1019 1837 ωντες.
1067 1792 1150 1834 Quo
1173 1792 1300 1828 eodem
1323 1791 1481 1840 pertinet

828 1844 875 1895 ὁρ
890 1848 970 1885 ὦσι
1001 1847 1039 1883 in
1062 1847 1134 1884 fine
1152 1847 1278 1896 capitis
1291 1874 1302 1892 ‚
1333 1859 1355 1882 a
1374 1846 1480 1882 nobis

829 1902 964 1939 editum
981 1916 1060 1939 cum
1077 1903 1311 1948 Gaisfordio,
1341 1902 1401 1938 ubi
1422 1901 1482 1938 alii

830 1956 908 1992 libri
928 1956 1076 2009 ὁρὲωσι.
1106 1957 1217 1995 Verte
1238 1962 1275 1994 tu
1296 1953 1350 2007 μή
1370 1955 1478 2008 ὁρῶ-

829 2023 886 2051 σι.·
917 2016 950 2050 si
977 2026 1052 2050 eum
1079 2025 1145 2049 non
1173 2015 1420 2062 conqu‘cerent,
1449 2014 1483 2049 si

826 2073 863 2105 in
884 2083 997 2106 eorum
1020 2072 1233 2118 conspectum
1251 2082 1317 2106 non
1337 2071 1478 2106 veniret.

826 2145 881 2152 ——-
904 2126 963 2163 De
994 2120 1099 2171 ὅκως
1125 2121 1177 2164 ἂν
1209 2139 1288 2163 cum
1317 2125 1480 2177 optativo

825 2182 1027 2219 monuimus
1050 2182 1098 2218 ad
1118 2182 1156 2228 Ι,
1178 2181 1243 2222 75.

1061 2264 1174 2316 Cap.
1212 2265 1256 2306 C.

887 2346 932 2387 εἷ’
956 2363 1043 2387 τινα
1071 2344 1404 2388 πυνθάνοιτο
1435 2345 1480 2387 v‘-

831 2405 1012 2455 βρίζοντα
1040 2421 1074 2443 κ.
1105 2421 1137 2443 τ.
1157 2408 1188 2444 λ.
1203 2408 1215 2451 ]
1253 2405 1297 2444 εἰ
1324 2406 1481 2455 (μιοΐι“εε;

831 2462 915 2498 inde
934 2462 1135 2510 optativum
1153 2462 1262 2499 habet
1279 2463 1480 2506 adiectum3

829 2519 922 2554 conf.
943 2516 1072 2554 Matth.
1097 2516 1133 2569 ξ.
1146 2518 1247 2565 525,
1262 2517 1286 2559 5
1306 2531 1344 2568 p.
1360 2519 1480 2558 1019.

828 2572 908 2612 Nec
928 2573 998 2610 alio
1022 2575 1130 2610 modo
1154 2574 1359 2625 explicarim
1380 2569 1484 2619 ὅκως

826 2650 883 2657 ·—-
894 2628 1211 2680 μεταπέμψαιτο,·
1231 2631 1278 2668 de
1295 2643 1367 2679 quo
1386 2634 1481 2666 stru-

827 2690 949 2723 cturae
977 2699 1111 2734 genere
1138 2688 1234 2724 conf.
1264 2686 1302 2734 Ι,
1334 2688 1385 2728 11
1412 2685 1481 2722 ibi-

827 2755 897 2791 que
916 2746 1006 2779 nott.

881 2797 950 2837 καί
991 2796 1033 2837 οἱ
1072 2792 1399 2837 κατάσκοποί
1438 2811 1480 2836 τε

825 2853 893 2893 καὶ
939 2852 1065 2906 κατή
1077 2869 1193 2894 κοοι
1242 2855 1348 2906 ἦσαν
1397 2849 1479 2893 viva

1232 636 1348 680 Ἐπεί
1374 653 1419 681 τε
1473 650 1524 679 lua
1539 649 1612 678 dixit
1634 657 1749 678 severe.
