1909 3228
689 245 993 286 cL10.1.

1383 247 1468 288 383

210 358 414 415 βασσίης,
463 353 620 414 ἐούσης
647 372 693 401 τε
721 355 862 412 πάσης
888 358 963 412 τῆς
998 355 1195 412 Κνιδίης,
1240 356 1350 413 πλὴν
1379 353 1465 400 ὀλί-

208 454 308 494 γης,
347 435 586 492 περιρρόου
599 453 607 462 ·

673 436 753 490 (τὰ
790 436 868 492 μὲν
902 435 986 491 γὰρ
1027 432 1159 491 αὐτῆς
1187 434 1298 490 πρὸς
1326 438 1467 492 βορῆν

210 514 396 572 ἄνεμον,
428 514 450 558 ὁ
484 514 751 570 Κεραμεικὸς
779 514 943 565 κόλπος
973 512 1171 570 ἀπέργει·
1201 513 1254 557 τοὶ
1283 515 1328 558 δὲ
1357 516 1522 570 πρόςῖὸ

210 594 365 648 νότον,
396 593 422 651 ἡ
458 594 566 638 κατὰ
599 594 758 650 Σύμην
786 610 830 637 τε
858 593 932 637 καὶ
955 591 1110 636 Ῥόδον
1137 593 1374 651 θάλασσα)
1415 594 1464 639 τὸ

209 667 272 716 ὦν
301 673 353 729 δὴ
385 672 536 729 ὀλίγον
563 677 718 727 τοῦτο,
750 672 825 716 ἐόν
855 672 963 716 ὅσον
991 689 1033 716 τε
1062 672 1130 716 ἐπὶ
1157 673 1281 717 πέντε
1300 673 1465 727 στάδια,

210 751 414 806 ὤρυσσον
445 754 488 795 οἱ
524 753 716 803 Κνίδιοι,
758 752 805 795 ἐν
834 750 922 806 ὅσῳ
948 750 1166 808 Ἅρπαγος
1193 752 1273 809 τήν
1296 751 1466 811 Ἰωνίην

207 830 539 886 κατεστρέφετο,
586 830 847 888 βουλόμενοι
884 835 1022 887 νῆσον
1060 831 1141 888 τὴν
1173 832 1319 890 χώρην
1346 837 1467 891 ποιῆ-

178 911 297 952 4σαι.
347 909 468 962 ἐντός
497 911 544 955 δὲ
572 909 690 955 πᾶσά
719 922 799 968 σφι
827 910 1016 968 ἐγένετο·
1054 915 1109 968 τῇ
1137 911 1220 970 γάρ
1247 912 1275 970 ἡ
1304 915 1463 971 Κνιδίη
1476 922 1521 956 80

148 1095 196 1133 Is.
214 1095 365 1134 Vossius
394 1096 598 1134 coniecerat
625 1097 670 1134 ad
689 1096 801 1135 Pom-

148 1165 235 1202 pon.
255 1152 343 1191 Mel.
374 1153 412 1200 Ῐ,
443 1156 516 1199 16,
555 1155 606 1193 10
637 1154 799 1204 Βυβασ-

151 1209 251 1258 σίης.
286 1210 393 1246 Conf.
413 1209 565 1246 Diodor.
585 1209 657 1246 Sic.
680 1210 725 1256 V,
745 1213 798 1252 62

148 1265 234 1314 ibiq.
257 1265 476 1314 iVesseling.
504 1265 595 1301 Plin.
613 1265 663 1302 H.
680 1266 729 1302 N.
752 1265 797 1313 V,

148 1323 203 1362 28
239 1324 275 1359 et
313 1322 421 1358 ovid.
460 1321 703 1371 Metamorph.
731 1321 797 1369 ΙΧ,

148 1376 242 1417 642.
297 1377 451 1414 Sensum
472 1377 539 1414 loci
572 1381 669 1414 recte
692 1377 798 1414 intel-

145 1431 275 1470 lexisse
295 1433 436 1470 videtur
461 1432 686 1480 LarcheruS,
716 1446 797 1470 eum

145 1488 196 1525 ita
214 1489 355 1526 verba
346 1489 448 1537 iungi
475 1488 596 1526 vellet:
625 1491 697 1539 τῆς
718 1491 796 1527 Βυ-

146 1544 315 1610 βοισσίης
333 1540 529 1596 ἀργμένης
551 1543 592 1584 ἐκ
610 1546 682 1594 τῆς
698 1547 796 1597 Χερ-

147 1596 345 1651 σονήσουι
382 1602 406 1638 i.
440 1615 471 1639 e.
507 1614 583 1639 cum
611 1600 796 1638 Bubassus

145 1670 246 1706 regzo
267 1671 290 1695 a
310 1657 511 1695 Chersoneso
532 1659 720 1708 znciperet5
740 1659 796 1695 in-

146 1714 194 1752 de
215 1718 314 1751 extra
327 1715 595 1752 Chersonesum
616 1715 685 1751 sita
706 1718 797 1762 erat,

146 1782 240 1819 quae
257 1770 337 1820 ipsa
354 1774 432 1807 tota
451 1771 498 1807 ad
509 1770 722 1807 Cnidiorum
741 1771 798 1806 di-

145 1827 280 1863 tionem
299 1826 503 1876 pertinebat
524 1830 581 1873 et,
611 1826 641 1862 si
657 1827 703 1863 ab
723 1838 797 1863 una

148 1894 266 1930 eaque
299 1883 430 1930 exigua
455 1886 561 1932 parte
586 1882 795 1919 discesseris

147 1938 242 1985 (scil.
262 1937 326 1985 ea,
356 1939 427 1986 quai
447 1950 526 1974 cum
560 1939 658 1976 terra⁴
682 1938 797 1974 conti-

145 1994 248 2032 nenti
277 1994 466 2031 coniuncta
499 1996 626 2042 erat),
665 1994 795 2030 circum

145 2051 239 2088 circa
270 2051 385 2087 ferme
423 2050 514 2086 mari
552 2054 629 2087 erat
668 2050 795 2087 cincta.

144 2106 200 2144 Ibi
242 2106 376 2155 igitur,
416 2106 478 2142 ubi
532 2105 796 2153 Chersonesus,

144 2175 242 2212 quae
268 2166 346 2199 tota
367 2162 582 2200 Cnidiorum
602 2166 699 2210 erat,
729 2162 795 2199 de-

144 2219 225 2266 siit,
262 2218 457 2269 incipiebat
483 2219 520 2255 in
555 2223 652 2256 terra
678 2218 795 2255 conti-

143 2275 245 2312 nenti
288 2275 474 2311 Bubassus
519 2275 642 2324 ibique
687 2274 794 2312 etiam

142 2331 312 2368 isthmum
336 2331 530 2381 perfodere
566 2331 796 2368 instituerunt

145 2387 278 2424 Cnidii.
317 2385 350 2423 A
365 2389 613 2437 septentrione
635 2387 796 2424 Cherso-

144 2454 272 2480 nesum
295 2443 402 2480 istam
427 2443 528 2480 alluit
553 2444 652 2480 sinus
680 2443 795 2480 Cera-

145 2499 280 2545 micus,
319 2499 381 2547 qui
410 2512 504 2536 nunc
530 2500 658 2536 dicitur
682 2499 794 2536 Golfo

146 2554 185 2590 di
205 2553 327 2591 Castel
344 2554 546 2601 Marmora;
574 2560 697 2593 vetere
725 2568 793 2605 ap-

145 2609 342 2659 pellatione
372 2611 604 2660 probabiliter
638 2612 794 2649 deducta

145 2665 192 2701 ab
214 2665 303 2702 urbe
334 2666 512 2714 Ceramo,
550 2679 644 2716 quae
673 2668 721 2703 ad
750 2666 793 2703 il-

144 2720 218 2759 lum
258 2721 324 2758 suit
365 2726 563 2768 exstructa3
608 2722 794 2760 meridiem

143 2789 268 2814 versus
287 2789 399 2825 mare,
415 2779 514 2827 quod
537 2779 635 2815 iuxta
658 2779 794 2827 Symen

144 2836 181 2869 et
207 2831 378 2871 Rhodum
405 2838 482 2883 est,
527 2834 795 2874 Chersonesum

143 2887 349 2927 circumdat.

925 1112 972 1137 τα
1000 1094 1072 1148 μὲν
1098 1113 1172 1150 γαρ
1196 1093 1320 1148 αὐτῆς
1337 1114 1373 1138 κ.
1395 1115 1426 1137 τ.
1458 1102 1490 1139 λ.
1503 1103 1517 1146 ]

868 1148 993 1204 αυτῆς
1019 1154 1093 1190 scil.
1128 1151 1391 1206 χερσονήσου,
1421 1158 1520 1205 quod

865 1223 975 1261 prave
999 1210 1082 1247 olim
1117 1210 1220 1249 litera
1247 1211 1370 1248 initiali
1393 1226 1437 1249 m·
1431 1214 1520 1250 riori

866 1271 944 1303 erat
970 1267 1152 1316 scriptum.
1182 1288 1238 1294 —
1240 1263 1420 1334 ἀπέργει
1440 1283 1519 1307 cum

865 1322 982 1358 Gaisf.
1020 1323 1106 1359 dedi
1128 1336 1197 1374 pro
1225 1318 1420 1378 οἷπείργει,
1453 1327 1520 1362 ad-

864 1378 1063 1415 dicentibus
1091 1380 1205 1416 tribus
1229 1379 1339 1418 libris.
1379 1382 1519 1420 Confer

861 1433 899 1481 I,
928 1436 994 1474 72.

917 1486 947 1540 ἦ
965 1485 1065 1528 κατοέ
1092 1485 1238 1542 Σύμην
1273 1505 1315 1530 τε
1345 1489 1413 1531 καὶ
1441 1487 1518 1532 Ῥό-

862 1545 935 1584 δον
956 1542 1156 1594 θάλασσα]
1181 1547 1289 1598 Syme
1307 1548 1423 1586 insula
1438 1562 1516 1588 me-

861 1602 988 1639 ridiem
1015 1616 1141 1641 versus
1172 1616 1194 1641 a
1214 1604 1349 1642 Cnidia
1380 1606 1518 1644 ditione

863 1659 955 1705 sita,
985 1672 1053 1697 nec
1081 1660 1161 1711 ipsa
1189 1660 1295 1699 valde
1324 1666 1464 1699 remota
1494 1675 1517 1699 a

861 1718 959 1752 terra
978 1716 1196 1764 continenti,
1217 1717 1310 1755 inter
1332 1718 1462 1755 Chium
1480 1723 1517 1756 et

862 1770 1034 1808 Rhodum
1054 1773 1218 1810 insulam.
1275 1773 1398 1812 Hodie
1426 1775 1516 1812 dici-

863 1830 923 1862 tur
962 1826 1072 1878 Symo
1109 1842 1137 1865 s.
1165 1829 1300 1878 Symz’o.
1357 1830 1418 1867 Tu
1441 1831 1513 1868 vid.

864 1881 984 1919 Wass.
1014 1884 1062 1920 ad
1091 1884 1296 1933 Thucydid.
1325 1886 1431 1933 VIII,
1459 1886 1513 1928 41

865 1941 901 1974 et
926 1938 1057 1988 Poppo
1095 1940 1143 1976 ad
1176 1940 1382 1989 Thucydid.
1414 1942 1457 1990 I,
1486 1946 1515 1984 2

862 2006 948 2044 pag.
970 1994 1063 2034 471.

913 2046 1127 2100 ὤρυσσον]
1158 2050 1197 2087 id
1222 2054 1294 2089 est:
1330 2051 1514 2102 perfodere

862 2108 1113 2143 constituerunt
1120 2119 1134 2150 ;
1164 2107 1225 2143 ubi
1243 2107 1280 2143 in
1301 2108 1513 2158 imperfecto

860 2162 1055 2200 voluntatis
1076 2166 1185 2212 atque
1204 2168 1352 2201 conatus
1374 2165 1513 2214 signifi—

862 2219 956 2256 catio
982 2219 1086 2257 inest.
1146 2219 1252 2256 Conf.
1281 2220 1321 2267 I,
1343 2223 1397 2262 68
1421 2222 1509 2271 ibiq.

860 2279 938 2312 not.

919 2327 1031 2377 ἔντος
1058 2327 1100 2370 δὲ
1116 2326 1226 2370 πᾶσα
1245 2342 1316 2380 σφι
1336 2329 1508 2384 ἐγένετο]

862 2385 923 2424 Ad
953 2383 1062 2434 ἐντὸς
1089 2388 1217 2438 supple
1243 2390 1317 2427 τοῦ
1346 2388 1510 2454 ἰσθμοῦ,

860 2447 898 2482 et
923 2444 970 2480 ad
1007 2446 1115 2482 πᾶσα
1149 2443 1307 2493 intellige
1344 2459 1452 2497 χωρη
1482 2444 1511 2496 ἦ

861 2500 1020 2550 Κνιδίη.
1057 2529 1081 2547 ,,
1096 2500 1219 2537 Omnis
1239 2500 1435 2538 Cnidzorum
1452 2502 1508 2539 ἀι-

859 2558 911 2593 tio
930 2558 1027 2593 intra
1044 2557 1208 2594 isthmum
1224 2556 1324 2594 illum
1342 2562 1417 2594 erat
1427 2558 1508 2607 (qui

861 2611 935 2649 scil.
952 2612 1177 2663 peninsulam
1188 2616 1304 2650 terrae
1314 2615 1509 2652 continenti

859 2668 1074 2718 iungebat);
1104 2671 1158 2705 ita
1179 2672 1218 2706 ut
1237 2669 1288 2706 ibi
1308 2672 1509 2707 terminare-

861 2728 942 2772 tur,
981 2725 1043 2762 ubi
1079 2726 1226 2762 isthmus
1255 2725 1315 2762 ille
1349 2730 1508 2777 terraque

861 2780 968 2817 Asiae
987 2783 1161 2819 continens
1179 2782 1381 2831 z'nciperet.“
1403 2783 1507 2821 Haec

863 2837 893 2873 si
918 2841 1065 2886 teneas,
1094 2839 1152 2874 vix
1174 2837 1246 2875 ulla
1272 2851 1361 2888 opus
1385 2851 1507 2877 emen-

861 2892 1027 2941 datione3
1056 2906 1142 2932 nam
1163 2894 1325 2933 certatim
1347 2894 1413 2933 viri
1439 2896 1507 2933 do-
