1909 3228
523 175 1039 218 EUTERPE.11.

1316 183 1401 222 819

137 282 341 343 Διονύσῳ
373 283 419 327 δ’
448 283 646 341 ἐλάχιστα
676 285 868 330 τούτων·
900 287 973 331 καὶ
1002 288 1144 346 τούτῳ
1167 302 1398 335 πεντακισ-

133 364 246 418 χίλια
275 363 347 406 καὶ
377 364 513 419 μύρια
542 366 782 420 λογίζονται
821 364 933 410 εἶναι
975 367 1018 418 ἐς
1057 366 1240 424 ’Ἁμασιν
1269 371 1397 426 βασι-

106 449 126 482 3
139 443 225 485 λέα.
256 444 328 486 καὶ
358 447 493 487 ταῦτα
515 444 746 500 Αἰγύπτιοι
767 444 975 501 ἀτρεκέως
995 448 1103 504 φασὶ
1123 449 1393 503 ἐπίστασθαι,
1407 457 1453 492 70

134 523 218 565 αἰεί
246 538 290 565 τε
319 521 612 578 λογιζόμενοι,
641 524 714 567 καὶ
737 525 817 568 αιέὶ
837 523 1199 584 ἀπογραφόμενοι
1217 528 1269 573 τοὶ
1289 529 1395 573 ἔτεα.

103 600 340 658 4Διονύσῳ
378 602 458 657 μέν
494 619 580 645 νυν
615 606 676 660 τῷ
707 603 752 646 ἐκ
783 605 975 662 Σεμέλης
1003 610 1079 663 τῆς
1110 607 1297 664 Κάδμου
1325 613 1395 652 λδ-

131 680 300 737 γομὲνῳ
337 679 564 736 γενέσθαι,
617 682 729 726 κατὰ
772 682 974 735 ἑξακόσια
1020 685 1115 730 ἔτεα
1160 687 1235 730 καὶ
1279 688 1394 743 χίλια

131 757 314 814 μάλιστά
344 759 433 803 ἐστι
462 761 504 812 ἐς
531 760 625 817 ἐμέ·
653 761 857 815 Ἡρακλέϊ
875 763 920 808 δὲ
940 767 1002 821 τῷ
1027 762 1276 822 Ἀλκμήνης,
1306 783 1386 810 κα-
1447 765 1527 807 175

100 837 182 880 5τᾶ
211 836 436 882 εἰνακόσια
465 839 584 884 ἔτεα·
617 840 735 884 Πανὶ
763 841 810 886 δὲ
838 845 900 900 τῷ
929 843 976 888 ἐκ
1006 842 1292 901 Πηνελόπης,
1322 844 1446 902 (ἐκ75

126 1020 225 1062 nocto?
256 1018 497 1071 ἑξακόσια
534 1022 619 1063 ἔτεα
654 1023 723 1064 καὶ

70 1078 174 1129 χίλια
199 1074 366 1130 μάλιστα
387 1079 466 1118 ἔστι
494 1078 532 1126 ἐς
558 1079 648 1131 ἐμέ]
681 1081 722 1118 Ῐῐι

69 1135 166 1174 hisce
186 1138 344 1174 numeris
356 1137 481 1173 vitium
493 1136 607 1175 latere
616 1138 722 1176 Wes-

68 1192 196 1242 seling.
217 1192 348 1241 aliique
365 1194 602 1231 contendunt.
628 1195 722 1232 Cum

70 1249 164 1286 enim
182 1250 228 1286 ab
249 1249 404 1287 Hercule
424 1251 472 1286 ad
491 1250 721 1287 Herodotum

66 1306 151 1342 anni
166 1307 341 1353 nongenti
354 1307 429 1343 sere
448 1306 612 1353 abierint,
626 1307 722 1344 Her-

66 1361 165 1398 cules
193 1366 317 1398 autem
354 1375 375 1398 a
404 1362 546 1399 Baccho
576 1364 718 1399 nonnisi

65 1418 227 1466 quinque
259 1418 553 1466 generationibus
583 1419 719 1455 disiun-

65 1477 145 1510 ctus
174 1474 222 1510 sit
249 1474 388 1524 (prouti
416 1487 459 1511 ex
479 1472 716 1523 Apollodoro,

66 1529 250 1575 Diodoro,
270 1530 417 1567 aliunde
433 1530 616 1578 cognitum
636 1532 714 1579 sit),

64 1586 102 1623 in
122 1586 303 1624 Herodoti
331 1590 432 1624 textu
462 1587 715 1636 retingendum

64 1655 144 1680 esse
157 1656 171 1679 :-
195 1639 294 1681 κατοὶ
322 1639 513 1693 ἑξήκοντα
541 1643 627 1682 ἔτεα
648 1642 716 1683 καὶ

63 1699 168 1749 χίλια
197 1699 220 1735 ἰ.
243 1712 274 1737 e.
301 1712 409 1736 annos
429 1699 544 1750 ferme
570 1700 663 1737 mille
683 1705 715 1737 et

63 1757 275 1803 sexaginta3
295 1756 430 1805 quippe
448 1769 520 1804 quo
540 1768 717 1793 annorum

64 1824 213 1849 numero
233 1816 356 1848 exacte
370 1812 543 1849 reddatur
552 1825 717 1861 nongen-

62 1872 184 1905 torum
208 1880 383 1904 annorum
408 1868 563 1918 spatium
581 1870 715 1906 additis

63 1923 224 1973 quinque
252 1925 548 1972 generationibus
566 1953 579 1970 ‚
622 1938 716 1974 quae

64 1980 261 2017 secundum
291 1992 333 2017 ea
355 2007 367 2026 ,
414 1993 508 2029 quae
543 1981 597 2028 Π,
635 1982 715 2023 142

62 2036 272 2082 tradantur,
302 2040 447 2073 centum
464 2038 539 2074 sere
557 2042 594 2074 et
612 2050 714 2075 sexa-

63 2092 167 2141 ginta
191 2096 445 2129 consumment
466 2106 594 2130 annos.
652 2094 716 2131 Vi-

63 2150 168 2186 detur
194 2149 317 2197 utique
352 2149 548 2199 probabilis
583 2150 715 2188 haecce

62 2204 268 2242 emendatio
289 2232 300 2251 ‚
337 2217 358 2241 a
389 2204 551 2255 pluribus
583 2207 715 2256 cupide

61 2264 228 2310 arrepta3
258 2260 367 2297 laudo
389 2265 513 2298 tamen
544 2264 713 2312 equidem

60 2316 391 2364 Schweighaeuseri
408 2318 632 2366 religionem,
651 2320 713 2368 qui

60 2372 239 2420 vulgatam
259 2372 354 2409 libris
389 2375 529 2424 scriptis
547 2376 712 2413 omnibus

59 2429 273 2478 probatam,
307 2429 478 2466 intactam
508 2431 713 2480 relinquere

61 2484 207 2531 maluit,
237 2497 345 2533 quam
365 2486 402 2521 in
421 2486 624 2524 istiusmodi
645 2501 712 2525 nu-

80 2541 168 2577 meris
187 2541 385 2590 quidquam
405 2546 556 2581 mutare.
575 2565 632 2570 —
653 2545 710 2582 De

100 2603 129 2632 Νι
148 2598 427 2646 praepositionis
452 2596 551 2637 κατὰ
588 2601 711 2637 confer

100 2636 193 2689 lhth.
215 2653 280 2688 Gr.
302 2654 367 2689 Gr.
389 2666 475 2704 pag.
499 2655 616 2695 1154.

153 2706 298 2757 *οακλέϊ
321 2706 364 2747 δὲ
393 2712 448 2763 τῷ
479 2705 708 2761 Ἀλκμήνης,

108 2760 379 2804 κατ·-ἰνακόσια
397 2765 505 2816 ἔτεα]
539 2767 578 2802 Si
598 2768 711 2817 Spar-

111 2810 223 2858 taum,
267 2834 393 2870 regum
437 2822 710 2861 Heraclidarum

792 1027 1048 1075 generationes
1084 1032 1295 1078 computeS,
1337 1032 1445 1066 erunt

790 1085 926 1131 viginti
952 1088 984 1121 et
1006 1097 1102 1128 una;
1140 1097 1235 1134 quae
1263 1097 1306 1121 ex
1329 1083 1443 1135 ipsius

791 1139 972 1177 Herodoti
999 1148 1169 1190 computu
1188 1141 1350 1178 efficiunt
1373 1154 1442 1178 an-

789 1207 857 1232 nos
875 1199 1129 1246 septingentos,
1159 1210 1226 1234 nec
1247 1209 1333 1234 vero
1355 1211 1441 1235 non-

789 1256 930 1300 gentos,
960 1258 999 1290 ut
1025 1253 1059 1290 h.
1088 1252 1109 1289 l.
1135 1254 1304 1290 affirmat.
1363 1254 1440 1291 Sed

788 1308 987 1346 Niebuhrio
1006 1313 1153 1347 auctore
1167 1310 1277 1357 (iiber
1295 1309 1353 1347 die
1369 1309 1439 1346 Ar-

787 1377 882 1402 men.
915 1366 1079 1402 Chronik
1111 1366 1146 1402 d.
1165 1365 1301 1403 Euseb.
1330 1379 1365 1415 p.
1385 1367 1439 1406 48

787 1421 861 1457 sive
898 1420 1020 1458 kleine
1046 1422 1172 1458 histor.
1208 1421 1395 1459 Schriften
1425 1421 1440 1458 I

784 1488 872 1526 pag.
897 1478 1003 1525 196)
1032 1478 1245 1514 Herodotus
1275 1490 1349 1513 non
1377 1490 1437 1515 so-

783 1532 854 1569 lum
883 1533 1106 1571 Graecorum
1134 1534 1285 1571 heroum
1303 1534 1437 1584 stirpes

782 1590 952 1639 respicit,
982 1591 1047 1627 sed
1076 1590 1186 1627 etiam
1207 1590 1436 1638 Assyriorum

782 1658 889 1694 reges
901 1675 911 1692 ,
928 1646 1154 1696 primamque
1170 1646 1358 1694 Lydorum
1378 1659 1437 1684 re-

785 1714 871 1749 gum
891 1702 1094 1749 dynastiam
1116 1703 1229 1749 (conf.
1250 1702 1287 1749 Ι,
1310 1703 1371 1750 7),
1398 1706 1437 1739 et

783 1758 900 1807 ipsam
919 1758 1091 1794 Herculei
1111 1758 1266 1806 generis.
1323 1758 1436 1807 Atqui

783 1813 1001 1850 Heraclidae
1023 1827 1102 1850 cum
1128 1826 1193 1864 per
1215 1814 1435 1863 quingentos

783 1882 898 1906 annos
914 1869 1055 1917 Lydiae
1075 1870 1305 1920 imperarint,
1335 1869 1436 1907 Mer-

783 1926 940 1963 mnadae
973 1926 1154 1963 subsecuti
1187 1939 1339 1975 regnum
1378 1930 1434 1964 te·-

783 1995 894 2019 nuere
923 1994 988 2032 per
1027 1987 1172 2019 centum
1199 1983 1433 2032 septuaginta

782 2050 897 2074 annos
916 2066 927 2085 ‚
965 2050 987 2074 a
1015 2051 1087 2087 quo
1116 2042 1283 2089 tempore
1316 2052 1433 2088 usque

782 2095 831 2131 ad
847 2094 1028 2131 Herodoti
1046 2099 1205 2132 aetatem
1236 2099 1320 2132 sunt
1347 2109 1433 2132 cen-

781 2154 858 2187 tum
877 2151 1148 2200 duodetriginta
1169 2152 1271 2197 anni3
1301 2152 1431 2200 quibus

781 2207 947 2243 omnibus
977 2208 1214 2257 computatis,
1255 2207 1433 2256 simulque

780 2263 914 2300 additis
963 2264 1079 2300 tribus
1138 2264 1432 2313 generationibns

781 2321 855 2356 sive
874 2323 1016 2356 centum
1046 2320 1148 2357 annis
1173 2321 1270 2358 intra
1289 2320 1431 2357 Hercu-

780 2375 849 2413 lem
870 2375 989 2425 ipsum
1006 2379 1115 2425 atque
1136 2374 1335 2425 Agronem,
1356 2375 1431 2412 exi-

780 2433 842 2468 stit
857 2432 980 2480 utique
1001 2445 1140 2469 summa
1150 2445 1327 2469 annorum
1339 2444 1431 2468 non-

778 2491 969 2537 gentorum
990 2489 1096 2524 trium
1121 2489 1430 2536 Herodoteaeque

778 2544 1056 2593 computationis
1075 2548 1172 2581 certa
1195 2548 1268 2581 stat
1293 2544 1398 2581 ratio.

836 2598 943 2638 Πανὶ
973 2597 1015 2638 δὲ
1044 2602 1096 2653 τῷ
1128 2599 1170 2638 ἐκ
1198 2595 1428 2649 Πενελόπης

779 2670 813 2693 κ.
839 2671 869 2693 τ.
891 2654 940 2705 λ.]
981 2655 1083 2692 Pana
1115 2656 1284 2693 Mercurii
1312 2660 1426 2704 atque

779 2711 984 2762 Penelopae
1011 2711 1121 2748 filium
1152 2715 1328 2749 memorat
1349 2712 1425 2748 Cic.

779 2768 825 2804 de
848 2772 923 2804 nat.
940 2768 1041 2805 deor.
1062 2768 1133 2814 ΙΙΙ,
1151 2771 1227 2815 22,
1257 2768 1318 2804 ubi
1336 2767 1425 2805 alio-

776 2836 855 2860 rum
874 2824 1077 2861 testimonia
1097 2823 1295 2861 attulerunt
1311 2824 1426 2862 Davi-

1064 2877 1153 2918 52*
