1909 3228
426 226 517 267 622

841 220 1307 262 HERODOTI

428 334 509 391 τήν
537 333 698 388 θυσίην
726 329 886 382 πάντες
913 332 987 375 καὶ
1007 335 1163 380 πᾶσαι,
1189 331 1396 387 μυριάδες
1413 329 1552 387 κάρτα
1575 336 1683 376 πολ-

430 414 503 457 λαὶ
540 411 804 466 ἀνθρώπων.

371 622 482 659 hocce
514 621 673 665 festum,
712 618 810 667 quod
842 617 1018 654 Busiridis

372 679 409 714 in
450 677 538 714 urbe
568 676 651 713 lsidi
688 675 894 724 peragitur,
940 687 1020 712 esse

372 735 571 770 institutum
582 733 617 769 in
638 732 811 768 honorem
830 732 924 768 caesi
936 731 1022 768 Osi-

372 791 484 835 ridis,
520 802 592 838 quo
615 789 733 838 ipsum
756 788 853 824 urbis
876 800 1021 834 nomen,

373 846 702 895 quomodocunque
779 844 1023 894 explicaveris,

373 903 443 940 erit
465 903 694 939 referendum
713 901 803 949 (vid.
823 905 898 938 not.
916 902 963 937 ad
978 901 1023 948 ll,

373 960 458 1007 59).
518 959 635 995 Osiris
660 971 744 995 vero
765 971 844 994 cum
866 958 1025 994 domitor

373 1016 475 1053 bovis
513 1019 550 1052 et
579 1019 699 1052 arator
720 1015 823 1063 quasi
852 1015 1025 1064 primige-

372 1072 453 1109 nius
471 1072 683 1117 haberetur,
717 1076 752 1108 et
780 1070 926 1108 huiusce
947 1070 1024 1107 ani-

372 1129 473 1166 malis
499 1128 616 1178 capite
645 1127 701 1165 vel
737 1127 895 1173 exuviis,
927 1127 1023 1163 aliis-

374 1198 445 1234 que
466 1186 513 1221 ad
536 1184 790 1233 agriculturam
810 1183 1023 1234 pertinenti-

374 1242 440 1278 bus
464 1240 576 1290 signis
602 1245 750 1277 ornatus
768 1244 1022 1290 repraesenta-

375 1303 492 1344 retur,
542 1297 628 1335 inde
674 1298 761 1333 satis
799 1296 1023 1346 explicantur

372 1355 461 1391 ritus
478 1354 580 1390 huius
608 1354 710 1400 sesti,
741 1353 864 1402 quales
885 1366 1023 1390 memo-

373 1411 449 1448 riae
465 1411 669 1460 produntur
684 1423 705 1446 a
724 1409 862 1446 Nostro
890 1410 940 1455 ΙΙ,
954 1409 1021 1456 40,

372 1468 435 1504 ubi
466 1467 535 1502 vid.
576 1470 650 1502 not.
713 1466 744 1502 F
749 1466 873 1502 erebat
902 1470 1022 1502 autem

373 1524 470 1560 sama
498 1522 653 1559 Osiridis
684 1534 705 1557 a
724 1521 907 1571 Typhone
927 1521 1023 1558 caesi

373 1579 534 1616 membra
564 1578 609 1615 ab
644 1577 738 1614 Iside
776 1577 949 1623 collecta,
986 1578 1022 1614 in

373 1635 503 1672 bovem
533 1633 692 1682 ligneum
723 1634 901 1680 coniecta,
937 1634 1024 1681 bys-

375 1692 453 1728 sino
475 1690 748 1736 circumvoluta,
777 1690 834 1726 hic
852 1690 919 1726 loci
941 1702 1021 1726 esse

373 1747 544 1797 reposita.
602 1746 686 1783 vid.
716 1746 870 1783 Diodor.
899 1746 970 1781 Sic.
996 1745 1022 1791 Ι,

375 1804 441 1844 85.
471 1803 537 1839 Est
554 1803 686 1851 igitur,
705 1803 755 1837 uti
777 1801 873 1847 dixi,
890 1802 1023 1838 festum

373 1860 411 1896 in
432 1859 605 1896 honorem
631 1858 726 1895 caesi
745 1857 899 1894 Osiridis
921 1857 1023 1893 insti-

372 1920 491 1953 tutum
511 1915 558 1952 ad
588 1915 802 1951 servandam
833 1927 874 1951 ac
894 1927 1022 1951 conse-

374 1972 545 2010 crandam
584 1971 792 2008 memoriam
837 1970 1022 2007 institutae

374 2029 420 2066 ab
450 2028 598 2065 Osiride
623 2026 862 2075 agriculturae
889 2027 1023 2063 omnis-

374 2097 447 2134 que
467 2085 561 2121 vitae
579 2084 753 2121 cultioris.
802 2083 890 2120 Inde
908 2083 1021 2120 luctus

374 2147 410 2179 et
431 2141 615 2191 planctus,
641 2144 680 2177 ut
699 2153 783 2177 vere
804 2139 926 2176 scribit
943 2139 1023 2176 No-

374 2203 447 2234 ster
472 2197 626 2234 Osiridis
654 2210 809 2243 nomen,
841 2196 886 2233 ob
914 2209 1022 2245 quem

373 2254 459 2291 talia
476 2254 611 2290 fiebant
624 2282 633 2300 ,
662 2266 749 2303 prae
769 2252 943 2301 religione
964 2265 1024 2289 ce-

372 2310 464 2348 lans.
522 2310 632 2357 „Ubi
660 2310 753 2347 enim
782 2310 895 2356 (sunt
914 2309 1025 2346 verba

374 2366 547 2404 Creuzeri
566 2366 708 2403 Comm.
724 2366 863 2403 Herod.
885 2379 921 2416 p.
944 2365 1024 2406 183

377 2424 475 2472 seq.)
515 2423 698 2459 Osiridem
729 2422 895 2459 colebant
921 2420 1024 2471 plan-

375 2480 584 2529 gebantque
603 2480 810 2516 sacerdotes
823 2507 834 2525 ,
864 2478 937 2515 noli
953 2477 1023 2514 du-

376 2536 509 2582 bitare,
549 2549 611 2573 eos
638 2540 674 2573 et
702 2547 859 2571 annuum
880 2546 1023 2572 cursum

376 2591 459 2628 solis
477 2597 512 2629 et
531 2591 605 2628 Nili
624 2591 908 2638 vicissitudines,
929 2602 1023 2639 quae

377 2648 409 2684 ei
441 2648 557 2684 cursui
585 2649 869 2698 responderent,
902 2646 1023 2684 deela-

377 2716 456 2740 rare
472 2704 634 2741 voluisse.
692 2704 784 2740 Eam
804 2704 841 2740 in
871 2716 947 2740 rem
968 2702 1022 2740 ni—

377 2757 425 2794 hil
457 2758 665 2797 luculentius
697 2764 819 2809 potest
861 2759 1026 2808 cogitari,

379 2826 487 2862 quam
519 2815 615 2853 locus
648 2816 838 2853 Heliodori
871 2816 910 2853 in
949 2815 1023 2853 Ae-

378 2869 517 2920 thiopp.
536 2871 606 2933 ΙΧ,
626 2875 681 2913 22
709 2885 747 2922 p.
759 2873 841 2913 381
859 2872 918 2911 ed.
936 2872 1023 2910 Cor.

863 409 942 455 τὸν
981 410 1026 455 δὲ
1063 409 1320 464 τύπτονται,
1371 410 1426 455 οὕ
1453 429 1528 467 μοι
1556 410 1739 455 ὄσιόνΞΟ

1088 616 1275 655 Pertineut
1306 617 1470 654 nimirum
1493 616 1583 654 haec
1608 617 1655 653 ad
1680 629 1739 654 ra-

1087 675 1222 711 tionem
1235 687 1387 712 arcanae
1398 673 1618 723 disciplinae,
1631 685 1738 721 quam

1090 731 1315 768 orientalium
1333 736 1509 768 terrarum
1532 730 1694 766 homines
1716 741 1739 766 a

1089 787 1330 824 vetustissimo
1352 788 1437 824 inde
1463 799 1552 824 aevo
1572 786 1619 822 ad
1644 786 1740 822 hunc

1090 844 1186 882 diem
1215 857 1330 893 usque
1351 843 1489 880 arcanis
1516 844 1600 879 item
1616 841 1739 879 litera-

1089 914 1166 937 rum
1188 901 1282 937 notis
1301 900 1494 949 designare
1505 899 1632 936 solent.
1649 898 1740 936 Erat

1091 958 1157 994 illis
1180 957 1217 993 in
1236 957 1329 1003 oris,
1361 958 1389 993 si
1409 956 1533 1006 populi
1552 967 1659 992 sensa
1677 967 1740 992 ex-

1090 1014 1233 1064 plores,
1264 1013 1379 1050 Osiris
1409 1013 1512 1061 quasi
1544 1013 1620 1062 ipse
1643 1011 1739 1047 salu-

1092 1071 1156 1108 ber
1183 1070 1332 1116 fluvius,
1364 1069 1463 1106 cuius
1491 1069 1594 1117 vigor
1613 1067 1739 1105 condi-

1089 1131 1146 1164 tus
1170 1127 1270 1175 quasi
1288 1125 1468 1175 prosuudo
1488 1125 1523 1161 in
1537 1128 1645 1174 puteo
1666 1128 1740 1160 sta-

1089 1184 1135 1220 tis
1156 1183 1291 1219 vicibus
1314 1188 1350 1219 et
1378 1181 1586 1230 emergebat
1604 1185 1640 1217 et
1661 1193 1741 1216 rur-

1090 1253 1149 1277 sus
1197 1240 1398 1277 desidebat.
1474 1237 1654 1281 Quocirca
1688 1236 1739 1273 nil

1089 1297 1241 1344 mirum,
1271 1296 1412 1332 habitos
1441 1308 1521 1333 esse
1549 1292 1672 1330 Nilum
1701 1297 1740 1331 et

1092 1353 1202 1390 solem
1217 1381 1226 1399 ,
1256 1356 1446 1401 tantopere
1474 1352 1568 1387 inter
1588 1363 1627 1387 se
1649 1362 1737 1386 con-

1090 1413 1260 1458 gruentes
1293 1409 1363 1444 suis
1400 1412 1434 1444 et
1461 1407 1665 1444 accessibus
1700 1410 1738 1443 et

1089 1465 1289 1502 recessibus
1305 1492 1315 1510 ‚
1346 1477 1411 1513 pro
1436 1476 1507 1499 uno
1535 1464 1738 1510 eodemque

1091 1522 1183 1565 deo,
1213 1533 1319 1569 quem
1343 1524 1379 1556 et
1399 1519 1490 1555 mori
1512 1519 1674 1555 dicerent
1701 1522 1738 1556 et

1089 1577 1320 1622 reviviscere,
1350 1580 1527 1624 quatenus
1550 1574 1602 1611 sol
1634 1575 1738 1611 debi-

1086 1633 1208 1669 litatus
1228 1637 1263 1669 et
1273 1632 1441 1669 deficiens
1453 1633 1544 1668 vires
1565 1631 1737 1681 deinceps

1090 1690 1215 1738 recipit
1248 1701 1289 1725 ac
1323 1700 1437 1724 novus
1465 1688 1736 1736 quodammodo

1088 1747 1183 1781 redit
1211 1744 1320 1794 [conf.
1341 1748 1417 1780 not.
1438 1744 1485 1780 ad
1508 1743 1558 1789 ll,
1580 1741 1660 1793 28].
1680 1765 1738 1771 —

1088 1801 1199 1838 Unde
1221 1800 1340 1836 Horus
1360 1800 1450 1836 filius
1474 1799 1655 1836 vindicare
1672 1811 1740 1849 pa-

1087 1861 1177 1894 trem
1191 1856 1372 1893 Osiridem
1393 1869 1414 1892 a
1422 1855 1604 1905 Typhone
1621 1859 1657 1893 et
1673 1869 1739 1893 suo

1088 1914 1168 1963 ipso
1192 1914 1317 1961 vigore
1346 1925 1387 1949 ac
1414 1912 1543 1949 virtute
1572 1913 1739 1949 virtutem

1087 1970 1131 2005 xi«
1125 1982 1321 2018 goremque
1351 1970 1462 2018 patris
1491 1969 1627 2005 referre
1649 1968 1739 2005 dici-

1087 2029 1155 2063 tur
1160 2027 1183 2045 “
1222 2026 1280 2063 De
1297 2038 1368 2074 quo
1387 2026 1480 2062 conf.
1502 2024 1553 2072 ll,
1582 2023 1672 2066 144.

1146 2077 1358 2120 τύπτονται
1378 2078 1449 2131 μὲν
1470 2077 1544 2132 γὰρ
1567 2078 1614 2130 δὴ
1638 2077 1734 2130 μετὰ

1089 2135 1163 2189 τήν
1182 2138 1333 2188 θυσίην
1354 2153 1387 2176 κ.
1411 2152 1441 2174 τ.
1459 2136 1507 2187 L]
1542 2135 1740 2173 Particula-

1089 2208 1168 2232 rum
1202 2192 1274 2244 μὲν
1302 2198 1338 2231 et
1373 2191 1415 2232 δὲ
1446 2206 1546 2230 usum
1577 2193 1612 2229 iu
1640 2192 1737 2229 hisce

1091 2255 1257 2288 accurrate
1286 2253 1449 2299 exposuit
1483 2248 1668 2285 Werserus
1699 2249 1737 2284 in

1091 2312 1173 2344 actt.
1200 2306 1297 2357 phill.
1328 2306 1491 2342 Monacc.
1530 2304 1542 2341 Ι
1568 2318 1650 2354 pag.
1671 2306 1738 2346 93.

1089 2362 1194 2400 Licet
1226 2363 1319 2400 enim
1347 2361 1481 2411 duplex
1501 2367 1673 2410 sequatur
1695 2357 1738 2399 δέ

1091 2415 1196 2467 (ὅσοι
1219 2416 1270 2457 δὲ
1301 2423 1337 2456 et
1368 2413 1479 2457 οὗτοι
1497 2414 1590 2465 δὲ),
1615 2422 1737 2455 tamen

1091 2489 1164 2513 uno
1195 2473 1266 2525 μὲν
1296 2488 1354 2513 res
1379 2473 1597 2519 absolvitur3
1636 2473 1739 2523 quod

1091 2545 1137 2570 ne
1164 2531 1322 2579 mireris,
1353 2531 1462 2568 modo
1486 2530 1624 2579 cogites
1651 2529 1740 2566 scri·-

1090 2593 1192 2640 ptum
1212 2601 1308 2626 esse:
1344 2584 1432 2626 ὅσοι
1455 2602 1481 2637 μ
1495 2583 1545 2625 ὲν
1565 2582 1639 2638 γάρ
1665 2585 1738 2624 Αἶ-

1089 2641 1248 2709 γύπτιοι
1280 2642 1348 2682 καὶ
1385 2642 1598 2695 Αἰγυπτίαι
1636 2641 1734 2691 εἰσί,

1087 2697 1299 2740 τύπτονται
1328 2698 1428 2752 μέν.

1144 2754 1214 2797 τὸν
1242 2755 1285 2797 δὲ
1311 2753 1538 2806 τύπτονται]
1569 2754 1647 2792 Iam
1674 2767 1737 2792 su-

1088 2827 1156 2865 pra
1182 2814 1236 2862 ΙΙ,
1256 2813 1311 2855 42
1335 2813 1535 2852 invenimus
1567 2807 1736 2850 τύπτε-

1091 2870 1218 2911 caat
1236 2883 1373 2910 τιναε
1401 2882 1436 2908 se
1452 2870 1491 2907 in
1509 2868 1662 2906 alicuius
1679 2864 1738 2904 dei
