1877 3223
409 224 491 264 15⁰

818 222 1281 260 HERODOTI

411 347 517 386 ρον,
560 331 630 374 καὶ
678 329 856 387 εὐηθίης
893 331 1070 388 ἠλιθίου
1104 330 1431 386 ἀπηλλαγμένον
1471 336 1717 389 μᾶλλον“ἱ>5

411 412 447 453 εἰ
475 410 547 454 καὶ
575 408 670 452 τότε
698 427 744 466 γε
776 405 897 454 οὗτοι
926 410 973 453 ἐν
998 408 1292 466 Ἀθηναίοισι,
1321 415 1434 454 τοῖσι
1451 411 1663 466 πρώτοισι

414 488 680 545 λεγομένοισι
729 486 839 533 εἶναι
879 487 1094 546 Ἑλλήνων
1145 490 1333 544 σοφίην,
1390 496 1663 546 μηχανῶνται

384 567 576 612 5τοιάόε.

413 647 580 701 οὔνομα
620 639 675 700 ἦν
721 645 836 703 Φύη,

633 565 701 610 'Ev
737 572 797 625 τῷ
837 567 956 625 δήμῳ
997 571 1058 624 τῷ
1097 566 1298 610 Παιανιέι·
1336 563 1392 623 ἦν
1429 569 1561 625 γυνὴ,
1610 576 1663 628 τῇ

895 647 1085 703 μέγαθος
1126 645 1210 689 ἀπὸ
1250 645 1463 702 τεσσέρων
1496 649 1665 704 πηχέων

411 723 707 768 ἀπολείπουσα
745 731 856 781 τρεῖς
895 724 1157 777 δακτύλους,
1197 727 1270 770 καὶ
1309 726 1448 778 ἄλλως
1485 725 1662 784 εὐειδής.
1676 735 1722 770 30

385 803 577 858 δταύτην
596 801 675 858 τὴν
695 809 881 857 γυναῖκα
903 805 1188 856 σκευάσαντες
1208 807 1450 862 πανοπλίῃ,
1484 806 1527 857 ἐς
1550 806 1668 862 ἅρμα

413 880 737 938 ἐσβιβάσαντες,
768 884 841 926 καὶ
868 885 1150 938 προδέξαντες
1179 888 1316 940 σχῆμα
1341 881 1436 928 οἶόν
1461 902 1501 928 τι
1526 885 1668 942 ἔμελλε

359 1078 510 1118 ρουσιν,
541 1068 731 1106 τοσοῦτον
750 1069 830 1105 τῶν
852 1069 1004 1106 λοιπῶν

358 1119 513 1162 πόλεων
538 1122 567 1174 ἦ
582 1126 660 1162 τῶν
683 1118 907 1174 Ἀθηναίων
935 1139 1006 1162 πα-

359 1175 548 1232 ραλάττει.
617 1177 747 1227 „Add.
797 1181 1007 1231 ΟΙμιψίοά.

359 1236 444 1284 „ad
484 1235 791 1273 Pl·1t0n.Aleib.:
840 1234 1008 1289 πάτριον

359 1306 466 1343 »γαρ
494 1287 724 1342 Ἀθηναίοις
752 1295 878 1348 σοφιτῖ
893 1296 1010 1347 νικᾷν

360 1349 452 1398 ’,(Ρ·
477 1350 539 1389 12
563 1349 652 1388 144
678 1351 776 1395 168)
799 1354 834 1386 et
853 1363 973 1398 quae
963 1334 1010 1385 ad

359 1404 546 1452 „Homen
600 1404 736 1452 Odyss,
786 1405 887 1449 XXI,
929 1407 1009 1446 107

361 1458 481 1506 „(ubi
519 1459 757 1497 Telemachus
802 1460 1010 1511 Penelopen

361 1518 548 1564 „matrem
598 1516 749 1552 Graecis
803 1517 1010 1554 mulieribus

362 1571 546 1619 „omnino
570 1576 758 1622 praestare
784 1573 897 1621 dicit)
935 1578 1010 1610 tum

361 1626 464 1675 „alia
501 1627 692 1677 adscripsit
720 1627 885 1665 Eustath.
923 1642 1009 1679 paff.

361 1682 491 1731 ‚,752‚
505 1686 555 1723 16
572 1683 658 1719 Bas,
673 1688 777 1731 ‚lum
797 1698 882 1722 vero
903 1687 1010 1723 etiam

363 1738 504 1787 „haeez
557 1739 592 1777 εἰ
633 1740 770 1779 τοίνυν
802 1756 902 1791 προς
941 1739 1011 1792 μὲν

362 1808 464 1843 ,,τας
506 1791 732 1847 βαρβάρους
782 1792 1013 1848 α’σύγκριτος

363 1864 450 1898 „cog
476 1847 652 1901 Ἑλληνὶς
685 1849 803 1902 αὕτη,
852 1855 931 1891 τῶν
971 1853 1013 1892 δὲ

362 1934 388 1953 ,‚
397 1903 634 1955 Ἑλληνίδων
648 1903 847 1959 ου’δεμία’
831 1908 910 1948 εστι
931 1904 1013 1948 κατ’

363 1957 542 2012 ,,αυ’τὴν,
564 1966 703 2002 πασῶν
726 1967 876 2003 λοιπῶν
895 1980 1015 2017 υπερ-

364 2021 557 2066 »κεῖσθαι
577 2016 719 2072 λέγοι
694 2035 745 2058 αν
760 2019 780 2060 ὁ
801 2025 905 2068 παῖς.
908 2022 932 2041 “
949 2022 1016 2060 Cr

419 2073 486 2112 καὶ
511 2070 681 2126 εὕηθίης
707 2072 873 2127 ἠλιθίου
894 2073 1014 2128 α’πηλ-

363 2128 558 2182 λαγμὲνον
578 2132 742 2183 μᾶλλον]
776 2134 835 2171 Ad
866 2134 1016 2171 locutio-

363 2199 447 2224 nem
472 2188 566 2224 conf.
602 2188 781 2226 Plutarch.
813 2191 955 2228 Cimon.
989 2193 1015 2231 4

362 2256 400 2293 p.
441 2245 541 2283 110:
578 2241 815 2295 δεινότητός
862 2261 903 2286 τε
949 2246 1017 2286 καὶ

365 2299 584 2349 στωμυλίας
601 2298 772 2353 Ἀττικῆς
785 2299 884 2350 ὅλως
897 2298 1016 2354 οἷπηλ-

365 2350 525 2404 λαχθαι.
573 2356 631 2393 Ad
661 2362 877 2396 structuram
897 2373 1018 2409 gram-

366 2410 533 2447 maticam
569 2411 635 2449 Cr.
673 2414 798 2452 laudat
832 2416 1017 2454 Schaeseri

367 2467 652 2506 observationem
728 2472 778 2508 ad
849 2472 1017 2523 Apollon.

368 2522 487 2558 Rhod.
519 2524 627 2562 schol.
666 2539 702 2576 p.
734 2528 812 2569 165
845 2529 892 2565 de
930 2541 1017 2565 con-

368 2578 548 2616 iunctione
564 2582 740 2632 participii
765 2580 822 2623 ω“ν
844 2597 923 2621 cum
949 2584 1019 2621 alio

367 2634 568 2684 participio.
631 2637 770 2676 Nostro
813 2644 934 2678 tamen
978 2641 1014 2677 in

369 2689 447 2725 loco
465 2690 557 2727 hanc
577 2696 738 2731 structur
733 2708 789 2732 un
817 2696 934 2733 minus
951 2697 982 2733 h·
977 2709 1014 2733 ι-

370 2745 456 2781 bere
485 2747 718 2797 offensionis,
749 2764 856 2801 quam
881 2754 917 2789 in
939 2753 1016 2790 aliis

370 2799 613 2851 illic-laudatis,
631 2780 775 2846 minime
790 2809 906 2859 sugit'
898 2822 1016 2861 ipsum

370 2856 483 2894 virum
504 2858 659 2898 doctum.

1129 1061 1183 1118 ἦν
1200 1064 1315 1119 γυνή,
1329 1070 1379 1123 τῇ
1389 1063 1601 1121 οὕνομαῆν
1616 1066 1724 1120 Φύη]

1075 1124 1168 1161 Sunt
1194 1125 1269 1161 bini
1293 1125 1352 1161 alii
1372 1126 1461 1173 loci,
1491 1127 1552 1175 qui
1578 1126 1646 1162 huc
1674 1127 1729 1163 sa-

1077 1181 1194 1228 chmt,
1233 1181 1323 1218 alter
1352 1181 1527 1219 Athenaei
1555 1181 1664 1229 XIII,
1702 1185 1728 1224 9

1077 1250 1162 1288 pag.
1191 1239 1292 1285 609,
1321 1237 1411 1275 alter
1430 1238 1654 1288 Hermogen.
1682 1239 1729 1276 de

1078 1294 1212 1331 invent.
1250 1294 1288 1341 I,
1325 1294 1391 1341 42,
1423 1294 1483 1330 ubi
1508 1293 1730 1343 Phylarchus

1080 1354 1116 1387 et
1154 1349 1339 1387 Clidemus
1379 1351 1535 1387 citantur
1565 1355 1729 1387 auctores

1080 1406 1144 1453 (cf.
1167 1405 1321 1442 Clidemi
1350 1407 1491 1453 srgmm.
1525 1420 1561 1455 p.
1583 1406 1636 1446 46
1670 1406 1727 1443 ed.

1078 1461 1193 1498 Lenz.
1224 1466 1260 1498 et
1289 1461 1453 1509 Siebel.).
1491 1461 1592 1498 Alios
1631 1461 1730 1498 locos

1077 1530 1156 1554 cum
1178 1518 1274 1554 hisce
1303 1530 1375 1553 una
1399 1519 1584 1566 congessit
1605 1517 1730 1555 Meur-

1077 1573 1150 1609 sius
1180 1573 1216 1610 in
1243 1574 1421 1610 Pisistrat.
1451 1588 1506 1624 cp.
1538 1573 1575 1615 4.
1634 1574 1730 1611 Hine

1078 1630 1174 1666 enim
1194 1630 1363 1666 discimus
1383 1630 1475 1668 hanc
1493 1630 1676 1668 mulierem
1696 1634 1732 1667 et

1077 1686 1304 1736 perpulcram
1323 1686 1448 1733 fuisse,
1480 1691 1516 1723 et
1532 1687 1639 1723 filiam
1662 1686 1732 1722 So-

1079 1742 1186 1778 cratis
1216 1743 1422 1789 cuiusdam,
1452 1755 1622 1779 coronam
1644 1755 1733 1780 ven-

1081 1798 1251 1844 dentem,
1320 1803 1525 1849 posteaque
1581 1803 1732 1849 nuptam

1080 1853 1293 1902 Hipparcho
1331 1853 1513 1890 Pisistrati
1558 1855 1643 1892 filio.
1675 1875 1733 1882 -—-

1080 1908 1169 1946 Mox
1192 1909 1399 1960 scripsimus
1428 1923 1506 1947 cum
1523 1910 1601 1948 aliis
1620 1908 1732 1962 μέγα-

1082 1969 1160 2010 θος
1188 1978 1255 2015 pro
1282 1964 1450 2018 μέγεθος
1477 1968 1576 2016 quod
1607 1980 1734 2005 omnes

1081 2021 1162 2059 libri
1186 2035 1258 2058 uno
1281 2027 1431 2073 excepto
1453 2024 1620 2061 offerunt.

1139 2077 1397 2129 προδέξαντες
1428 2079 1557 2130 σχῆμα
1583 2075 1668 2118 οἷόν
1696 2094 1734 2118 τι

1083 2149 1119 2172 κ.
1141 2149 1171 2172 τ.
1192 2136 1240 2179 λ.]
1270 2136 1338 2171 vix
1364 2148 1457 2184 opus
1474 2136 1734 2173 emendationi-

1085 2191 1171 2236 bus,
1202 2190 1326 2238 quales
1353 2196 1438 2227 sunt
1454 2188 1735 2240 προσάψαντες

1085 2259 1114 2282 s.
1133 2242 1427 2295 προσδήσαντες
1451 2247 1534 2294 (Π,
1556 2248 1644 2289 195.
1670 2248 1733 2295 vl,

1087 2304 1209 2349 119)·,
1258 2308 1427 2351 reeteque
1454 2305 1603 2340 verbum
1630 2319 1735 2356 προ-

1085 2357 1263 2405 δέξαντες
1297 2359 1391 2408 (pro
1434 2359 1573 2408 vulgari
1620 2362 1736 2398 forma

1085 2414 1383 2464 προδείξαντες)
1412 2417 1521 2452 tuitus
1543 2421 1598 2454 est
1626 2417 1735 2455 uses-

1085 2471 1260 2519 selingius
1302 2472 1503 2521 explicans:
1545 2477 1734 2519 „ostenta-

1086 2530 1166 2563 runt
1186 2539 1267 2576 ergo
1287 2529 1511 2578 νιιιςιιζῙὶοαιη
1540 2528 1641 2566 illam
1658 2543 1734 2580 spe-

1087 2585 1193 2629 ciem,
1241 2587 1280 2620 ut
1337 2587 1496 2621 incautos
1527 2585 1735 2636 fallerent.“

1083 2639 1250 2689 Schwgh.
1280 2640 1340 2689 qui
1373 2645 1409 2677 et
1447 2641 1527 2691 ipse
1553 2643 1735 2692 vulgatam

1084 2700 1204 2742 tenet,
1234 2697 1335 2734 aliter
1354 2709 1432 2734 eam
1457 2698 1493 2733 in
1521 2698 1736 2750 iuterpreta-

1085 2751 1183 2789 tione
1199 2753 1393 2803 expressit:
1424 2755 1498 2801 „in
1521 2767 1660 2792 currum
1675 2770 1735 2793 su-

1086 2808 1261 2845 stulissent
1308 2809 1462 2847 edoctam
1506 2814 1610 2861 prius
1659 2823 1734 2849 eum

1087 2864 1264 2903 adsumere
1290 2865 1410 2904 vultus
1438 2871 1652 2918 corporis-sue
1667 2867 1732 2904 Ιια-
