1909 3228
537 165 957 204 EUTERPE.
1012 166 1057 204 11.

1330 170 1415 211 817

155 272 493 318 καταπαύσαντα
529 278 744 330 Τυφῶνα,
775 278 1029 332 βασιλεῦσαι
1057 273 1246 320 ὕστατον
1276 275 1412 332 Αἰγύ-

154 369 278 397 πτου.

152 437 364 489 γλῶσσαν.

97 615 312 655 sacerdotali
333 616 519 654 exhibetur
538 617 625 654 deus
646 618 745 654 iuve-

94 675 150 711 nis
179 674 336 722 optimae
363 674 440 722 spei
468 673 746 722 pulcherrimae-

96 743 167 779 que
186 730 287 765 faciei
304 742 516 777 morumque
532 730 744 778 probatissi-

94 799 233 823 morum
247 814 257 831 ,
279 790 318 821 ut
338 786 399 833 qui
418 786 529 835 patris
549 786 743 831 (Osiridis)

94 854 116 879 a
142 840 324 890 Typhone
350 842 445 878 caesi
473 842 604 877 vindex
633 843 743 879 exsti-

92 898 187 935 terit.
247 897 351 940 Quae
383 898 411 933 si
445 901 615 947 reputes,
655 899 742 947 quid

92 954 234 998 obstat,
265 966 338 1001 quo
368 954 484 990 minus
514 954 639 1001 Horo,
669 955 741 992 Ae-

91 1010 217 1059 gyptio
255 1010 325 1046 deo
343 1038 353 1056 ,
398 1023 477 1046 cum
517 1010 741 1048 Graecorum

90 1065 258 1115 Apolline
288 1067 497 1103 convenisse
523 1065 741 1104 credamus?

90 1122 192 1159 Duos
216 1126 335 1159 autem
354 1121 514 1171 Aegypti
533 1123 622 1159 deos
648 1123 743 1160 sola-

90 1191 148 1215 res
187 1178 235 1214 ad
279 1179 501 1215 Graecorum
541 1178 742 1228 Apollinem

88 1234 244 1272 valuisse
273 1234 474 1271 Creuzerus
504 1237 629 1271 statuit
661 1235 682 1271 l.
707 1236 743 1283 l.‚

89 1290 262 1337 alterum,
282 1290 430 1327 Vulcani
452 1291 512 1340 qui
534 1292 743 1340 perhibetur

88 1347 203 1393 filius,
224 1347 359 1395 quique
380 1348 427 1383 ad
447 1347 647 1396 Apollinem
671 1363 742 1386 πα-

87 1405 217 1456 τρῷον
245 1401 516 1439 Atheniensium
551 1404 742 1452 pertinuit3

88 1458 263 1504 alterum,
298 1458 441 1495 Horum
459 1487 469 1505 ‚
503 1459 564 1507 qui
592 1460 638 1495 ad
659 1460 741 1496 reli-

90 1527 243 1563 quarum
263 1514 439 1552 Graeciae
456 1516 615 1563 gentium
629 1515 740 1565 Apol-

87 1570 196 1608 linem
232 1570 352 1607 valuit.
422 1571 483 1607 Tu
519 1573 612 1607 conf.
645 1585 738 1620 quae

85 1627 165 1678 ipse
185 1626 268 1663 olim
290 1627 442 1664 disserui
464 1629 500 1663 in
523 1628 667 1665 dissert.
691 1629 738 1665 de

87 1682 254 1733 Apolline
268 1682 436 1731 Patricio,
446 1684 614 1721 Heidelb.
629 1685 737 1725 1820

86 1751 173 1790 pag.
197 1741 248 1780 16
277 1751 378 1788 seqq.

143 1852 309 1895 τοῦτον,
341 1845 648 1888 καταπαύσαντα
665 1853 737 1888 Τυ-

87 1905 221 1956 φῶνα]
252 1908 457 1944 Secundum
477 1907 567 1943 alios
585 1906 737 1955 Typho-

86 1976 168 2000 nem
205 1964 383 2000 interfecit
411 1963 553 2009 Horus‚
594 1968 734 2012 patrem

85 2032 228 2056 caesum
246 2019 399 2064 ulturus,
430 2020 626 2056 secundum
646 2019 733 2055 alios

85 2075 305 2125 Typhonem
332 2088 466 2124 regno,
508 2076 607 2124 quod
628 2088 734 2112 occu-

85 2135 258 2182 paverat,
290 2132 432 2168 deiecit.
506 2132 615 2168 Conf.
643 2130 732 2167 Dio-

84 2188 164 2224 dor.
185 2187 219 2233 l,
238 2190 302 2228 21.
324 2189 389 2228 88.
420 2186 598 2224 Plutarch.
621 2188 666 2223 de
687 2187 732 2224 Is.

85 2248 122 2280 et
136 2243 233 2280 Osir.
254 2257 289 2292 p.
306 2243 447 2290 380,D
473 2249 508 2281 et
524 2256 618 2293 quae
630 2243 733 2292 plura

85 2300 173 2336 citat
198 2299 379 2335 lablonsk.
405 2300 531 2349 panth.
562 2299 651 2347 Aeg.
680 2299 731 2336 11[

84 2368 121 2405 p.
144 2355 209 2395 40.
240 2355 337 2392 Add.
353 2356 449 2391 Hirt.
468 2357 557 2393 iiber
577 2356 729 2403 Gegen-

87 2411 217 2448 stande
248 2411 283 2447 d.
315 2411 437 2448 Kunst
463 2412 497 2448 b.
519 2413 554 2448 d.
577 2411 735 2461 Aegypt.

85 2466 108 2503 l.
138 2466 161 2503 1.
189 2479 274 2516 pag.
302 2468 380 2507 158
407 2480 482 2516 seq.
525 2467 604 2508 164
631 2481 732 2516 seqq.

86 2521 277 2559 Pertinent
305 2535 391 2559 vero
417 2523 504 2561 haec
534 2525 581 2560 ad
601 2524 735 2560 doctri-

85 2590 169 2614 nam
195 2578 290 2615 illam
319 2579 599 2626 sacerdotalem,
640 2592 734 2628 quae

85 2635 133 2670 ad
158 2634 331 2671 historiae
348 2635 498 2671 formam
514 2648 557 2672 ea
580 2636 734 2681 effinxit,

84 2702 180 2739 quae
202 2691 249 2727 ad
267 2690 431 2740 physicas
444 2719 454 2737 ,
475 2691 733 2727 astronomicas

83 2747 251 2795 adeoque
275 2746 540 2795 metaphysicas
567 2747 733 2784 notiones

84 2801 192 2851 vulgo
206 2803 418 2840 referuntur.
449 2801 570 2852 Atque
590 2803 733 2840 Horum

127 2858 337 2895 HEnono'r.
369 2858 398 2895 I.

351 353 521 410 ’Όσιρις
572 354 617 398 δέ
667 355 754 398 ἐστι
803 353 1023 406 Διόνυσος
1070 355 1178 400 κατοὶ
1225 353 1410 400 Ἑλλάδα

813 619 923 654 modo
964 618 1118 655 diximus
1158 631 1238 656 esse
1281 616 1392 655 solem
1424 617 1463 654 in

813 673 968 711 solstitio
987 675 1149 721 aestivo,
1180 674 1278 710 cuius
1306 674 1338 710 vi
1368 673 1464 710 salu-

811 731 917 767 tifera
936 742 1172 780 quaecunque
1191 731 1227 766 in
1248 734 1366 767 terrae
1384 729 1461 766 solo

811 785 947 823 inclusa
973 792 1164 831 tenentur,
1193 787 1228 822 in
1247 785 1362 823 lucem
1375 799 1463 836 pro-

810 843 975 879 feruntur
995 847 1032 880 et
1049 843 1097 879 ad
1117 842 1361 879 maturitatem
1379 855 1462 892 per-

809 899 998 935 ducuntur.
1056 899 1124 936 Cui
1140 911 1376 947 quaecunque
1392 898 1460 935 ob-

812 958 911 991 stant
938 955 975 991 in
1008 958 1104 992 terra
1134 960 1247 1003 atque
1276 956 1381 1000 aere,
1417 965 1461 991 ea

809 1010 1001 1061 Typhonis
1038 1010 1185 1048 nomine
1223 1022 1266 1046 ac
1311 1011 1462 1047 notione

810 1067 1164 1117 comprehenduntur
1200 1070 1237 1103 et
1268 1065 1460 1116 Typhonis

809 1124 845 1160 in
874 1124 1144 1160 daemoniacam
1170 1122 1328 1172 speciem
1355 1121 1460 1171 quasi

809 1179 1025 1217 coalescunt.
1093 1179 1183 1216 Inde
1216 1177 1375 1228 Typhon
1404 1179 1460 1214 in-

808 1240 1034 1286 temperatus
1064 1236 1179 1271 omnis
1206 1247 1325 1271 rerum
1353 1238 1459 1270 natu-

808 1292 933 1328 ralium
974 1304 1163 1335 excessus3
1212 1291 1298 1327 inde
1337 1291 1459 1336 ardor,

808 1350 947 1394 foetor,
979 1349 1114 1397 pestis,
1145 1359 1262 1394 angor
1282 1351 1318 1383 et
1336 1346 1458 1382 fatalis

809 1404 949 1449 obitus3
979 1404 1065 1440 inde
1085 1403 1141 1440 vel
1168 1403 1279 1438 animi
1308 1402 1458 1450 quaevis

807 1460 1022 1509 perversitas
1042 1487 1053 1505 ,
1088 1459 1270 1506 animique
1301 1457 1457 1506 quodvis

805 1517 953 1563 vitium,
983 1516 1101 1551 fausta
1125 1514 1245 1550 omnia
1265 1517 1376 1561 atque
1402 1513 1457 1549 in-

804 1573 936 1608 fausta.
992 1571 1095 1608 Haec
1120 1571 1182 1619 qui
1210 1574 1356 1616 teneat,
1384 1569 1458 1606 iam

806 1627 1009 1676 intelliget,
1040 1628 1128 1676 quid
1147 1626 1353 1664 sacerdotes
1373 1638 1458 1675 spe·

805 1684 934 1720 ctarint
963 1684 1135 1720 docentes
1163 1682 1381 1732 Typhonem
1410 1681 1456 1718 ab

804 1739 909 1775 Horo
928 1740 983 1777 vel
1012 1740 1245 1776 interemtum
1264 1736 1320 1774 vel
1340 1749 1456 1785 regno

805 1795 984 1831 deiectum
1008 1808 1098 1831 esse.
1156 1793 1265 1830 Plura
1284 1792 1455 1830 Creuzer.

805 1864 932 1887 comm.
960 1850 1125 1887 Herodd.
1150 1862 1234 1899 pag.
1260 1850 1364 1896 288,
1394 1848 1456 1897 qui

805 1919 900 1943 nune
922 1908 1023 1943 addit
1055 1907 1174 1942 Sturz.
1201 1906 1248 1941 ad
1276 1903 1456 1941 Hellanici

803 1964 931 2011 fragm.
951 1975 1036 2013 pag.
1058 1962 1124 2003 44.
1182 1961 1231 1998 Et
1245 1961 1338 1998 conf.
1359 1972 1455 2011 quae

803 2020 850 2056 ad
875 2019 907 2055 ΙΙ
918 2047 929 2066 ,
950 2022 1002 2060 61
1027 2022 1152 2055 notata
1172 2022 1267 2054 sunt.

868 2098 1197 2150 καταπαύσαντα]
1248 2099 1307 2137 De
1342 2099 1454 2137 verbo

801 2154 1044 2198 καταπαύειν
1067 2159 1191 2206 (regno
1217 2156 1372 2205 aliquem
1394 2156 1455 2193 de-

800 2216 931 2263 iicere)
964 2219 1089 2252 monet
1114 2213 1376 2261 W'esselingius
1405 2213 1454 2250 ad

800 2271 833 2309 h.
856 2272 877 2307 l.
901 2273 1013 2309 citans
1033 2271 1173 2308 Herod.
1193 2269 1267 2317 VI,
1281 2269 1348 2310 43.
1371 2268 1453 2316 Vll,

802 2328 893 2369 105.
923 2328 978 2374 II,
1000 2329 1091 2369 162.

845 2407 1001 2460 ’Όσιρις
1041 2407 1084 2448 δέ
1132 2407 1213 2448 ἔστι
1256 2402 1453 2454 Διόνυσος

802 2464 901 2505 nocto?
923 2463 1092 2505 Ἑλλάδα
1116 2461 1320 2515 γλῶσσαν]
1358 2463 1453 2501 Vide

802 2536 911 2572 supra
928 2523 981 2569 11,
1002 2523 1055 2563 42
1074 2522 1160 2569 ibiq.
1180 2524 1256 2556 not.
1277 2524 1314 2556 et
1335 2519 1381 2566 II,
1397 2520 1452 2560 50

801 2580 887 2627 ibiq.
907 2583 982 2615 not.
1024 2578 1082 2614 De
1100 2578 1180 2627 ipso
1203 2575 1358 2612 Osiridis
1382 2587 1452 2612 no-

802 2635 897 2671 mine
924 2634 1077 2684 plurima
1107 2632 1358 2682 suppeditabit
1394 2630 1452 2673 la,-

803 2690 942 2727 blonsk.
961 2690 1088 2740 panth.
1108 2688 1200 2737 Aeg.
1224 2687 1280 2735 ll,
1304 2689 1324 2728 1
1348 2683 1384 2736 ἓ
1400 2689 1451 2728 10

802 2759 879 2795 seq.
915 2746 965 2786 15
1003 2758 1079 2795 seq.
1136 2757 1234 2782 voce.
1275 2741 1449 2794 Aegyptt.

801 2815 886 2852 pag.
909 2803 998 2843 188.

1145 2856 1201 2895 52
