1909 3228
463 219 547 262 402
859 214 1327 255 HERODOTI

435 327 754 385 3τετροὶγωνον.
812 325 860 369 ἐν
886 324 1003 383 μέσῳ
1033 325 1079 369 δὲ
1106 329 1188 368 τοῦ
1217 325 1318 379 ἱροῦ
1352 322 1521 381 πύργος
1550 324 1721 382 στερεὸς

464 406 770 464 οἰκοδόμηται,
818 404 996 448 σταδίου
1025 403 1096 447 καὶ
1134 401 1184 447 τὸ
1222 406 1358 459 μῆκος
1394 404 1466 446 καὶ
1494 404 1542 448 τό
1574 399 1720 459 εὖρος·

461 485 534 531 καὶ
562 486 631 529 ἐπὶ
658 482 799 542 τούτῳ
828 486 890 539 τῷ
919 481 1071 540 πύργῳ
1111 480 1243 533 ἄλλος
1282 480 1448 537 πύργος
1477 482 1714 540 ἐπιβέβηκε,
1730 490 1776 523 80

460 564 534 608 καὶ
563 563 706 618 ἕτερος
735 561 851 620 μάλα
881 562 950 606 ἐπὶ
979 560 1142 618 τούτῳ,
1193 561 1336 617 μέχρις
1374 555 1429 604 οὗ
1471 559 1582 604 ὀκτώ
1611 562 1719 617 πύρ-

430 646 566 698 4γων.
627 640 841 699 ἀνάβασις
880 642 926 685 δὲ
967 640 1011 692 ἐς
1049 639 1212 691 αὐτούς
1252 640 1413 693 ἔξωθεν
1441 638 1586 698 κύκλῳ
1622 641 1720 696 περὶ

429 720 625 772 ᾶπαντας
661 719 764 772 τοὺς
799 719 998 776 πύργους
1027 720 1182 775 ἔχουσα
1210 720 1450 776 πεποίηται.
1512 723 1718 774 μεσοῦντι

456 797 502 842 δέ
531 816 615 842 κου
642 804 717 856 τῆς
746 798 1007 857 ἀναβάσιος,
1038 799 1127 843 ἔστι
1157 797 1384 855 καταγωγή
1413 814 1457 841 τε
1481 799 1553 841 καὶ
1574 801 1717 842 θῶκοι

455 876 795 936 ἀμπαυστήριοι,
845 879 892 923 ἐν
930 883 1045 922 τοῖσι
1083 879 1326 931 κατίζοντες
1366 875 1641 934 ἀμπαύονται
1672 878 1715 921 οἱ
1727 885 1771 919 85

429 955 785 1014 σᾶναβαίνοντες.
815 957 862 1002 έν
892 958 937 1002 δὲ
965 961 1026 1017 τῷ
1054 959 1280 1013 τελευταίῳ
1310 954 1463 1016 πύργῳ
1492 957 1597 1013 νηὸς
1625 956 1714 1000 ἔπε-

454 1046 522 1079 στι
560 1035 716 1093 μέγας·
777 1037 823 1082 ἐν
862 1037 909 1082 δὲ
937 1040 999 1096 τῷ
1028 1040 1120 1094 νηῷ
1149 1037 1274 1093 κλίνη
1303 1034 1464 1092 μεγάλη
1494 1036 1632 1080 κέεται
1662 1029 1711 1079 εὖ

396 1231 570 1270 ramidale
596 1237 740 1283 septum
768 1232 881 1271 fuisse
908 1234 1047 1272 dicitur.

397 1287 542 1331 Quodsi
571 1289 682 1337 igitur
728 1289 897 1327 Nimrodi
925 1304 1046 1328 arcem

396 1344 643 1382 existimemus
671 1346 750 1383 Beli
778 1346 975 1396 templum,
998 1347 1047 1384 ad

395 1400 647 1448 antiquissima
680 1402 879 1450 Babylonis
915 1403 1047 1440 rudera

395 1456 577 1506 pertinere
587 1457 717 1495 haecce
735 1458 812 1495 iure
831 1459 913 1495 hine
935 1459 1044 1495 nobis

395 1511 564 1560 colligere
590 1512 732 1550 videtur
760 1514 964 1551 Heerenius
995 1514 1045 1562 (l.

395 1566 417 1604 l.
445 1580 531 1617 pag.
566 1567 677 1616 179).
735 1568 816 1607 Nec
846 1570 1045 1619 quidquam

395 1623 566 1673 impedit,
593 1637 665 1673 quo
698 1625 817 1661 minus
845 1626 937 1663 hane
963 1639 1044 1664 esse

395 1680 521 1717 turrim
542 1680 784 1717 existimemus
806 1688 891 1731 post
914 1682 1044 1719 diluvi-

395 1747 454 1771 um
474 1735 520 1771 ab
541 1735 744 1773 hominibus
772 1741 857 1774 tunc
882 1739 1044 1775 nondum

394 1791 565 1828 seiunctis
600 1795 834 1840 exstructam,
869 1805 937 1830 nec
963 1794 1045 1830 fini-

394 1851 469 1884 tam
513 1847 643 1884 summi
678 1848 835 1884 numinis
881 1849 1042 1887 consilio.

394 1902 501 1946 Quae
522 1903 758 1953 probabiliter
777 1904 813 1941 in
829 1905 1043 1943 occidentali

392 1962 498 2009 parte
514 1959 585 1995 sita
603 1959 689 2007 suit,
720 1973 799 1997 cum
815 1961 900 1999 inde
921 1962 1042 2000 orien-

351 2009 354 2013 ’
392 2018 466 2051 tem
480 2027 605 2052 versus
623 2019 752 2064 gentes
764 2018 945 2067 profectas
958 2031 1040 2057 esse

391 2082 495 2107 sacra
528 2071 706 2121 scriptura
750 2074 891 2111 doceat.
957 2074 1040 2113 Nec

391 2126 562 2174 materia,
599 2140 709 2177 quam
753 2129 878 2168 ruinae
923 2131 1040 2168 adhuc

390 2183 607 2230 ostendunt,
653 2183 723 2221 alia
754 2190 866 2235 atque
892 2199 956 2235 ea,
994 2199 1039 2225 ex

391 2250 465 2288 qua
484 2239 612 2276 turrim
637 2242 839 2280 consectam
866 2255 948 2282 esse
964 2247 1039 2280 tra·

390 2294 445 2332 dit
463 2307 568 2334 sacra
585 2296 773 2348 scriptura.

446 2400 521 2447 δύο
542 2407 714 2448 σταδίων
725 2403 879 2461 πάντη,
900 2406 963 2450 ἐὸν
980 2424 1036 2450 τε-

388 2458 593 2514 τράγωνον
619 2480 657 2504 κ.
689 2480 720 2504 τ.
749 2469 797 2513 λ.]
849 2468 960 2510 Quod
985 2467 1036 2505 ita

388 2518 658 2569 intelligendum
671 2550 682 2568 ,
704 2526 742 2560 ut
762 2535 1033 2573 quaquaversus

388 2575 540 2613 duorum
558 2578 757 2616 stadiorum
780 2579 889 2617 fuerit
909 2580 1033 2630 templi

388 2632 554 2669 ambitus.
613 2634 718 2677 Quae
751 2641 950 2684 sequuntur
985 2637 1032 2674 de

387 2687 510 2736 templi
542 2690 718 2738 turribus,
767 2691 821 2729 his
859 2693 961 2742 paria
994 2692 1031 2729 in

387 2740 467 2777 aliis
485 2743 653 2783 Indorum
683 2748 824 2797 templis
856 2749 1030 2797 antiquis-

387 2797 484 2833 simis
499 2802 644 2848 reperiri
661 2809 783 2841 monet
803 2804 957 2842 Miinter.
971 2805 990 2841 Ι.
1005 2805 1026 2842 Ι.

386 2863 472 2901 pag.
491 2854 555 2894 50.

1173 1230 1305 1284 μέχρις
1347 1224 1398 1270 οὗ
1435 1225 1537 1271 ὄκτιδ
1575 1226 1765 1283 πύργων]

1115 1286 1248 1341 μέχρις
1282 1281 1331 1327 οὗ
1360 1301 1427 1338 pro
1456 1287 1611 1339 simplici
1635 1285 1768 1338 μέχρις

1113 1359 1251 1397 ponere
1272 1344 1365 1382 solet
1383 1343 1541 1393 Noster,
1569 1348 1609 1381 ut
1625 1343 1680 1392 ll,
1702 1345 1767 1384 19.

1114 1403 1179 1443 53.
1205 1402 1294 1443 173.
1325 1401 1398 1448 111,
1419 1400 1510 1442 104.
1567 1400 1610 1437 In
1630 1399 1761 1449 quibus

1115 1458 1226 1504 locis,
1256 1469 1327 1493 uno
1360 1461 1532 1506 excepte,
1562 1468 1641 1492 cum
1660 1455 1764 1504 lega-

1112 1518 1170 1550 tur
1191 1511 1300 1563 μέχρι
1322 1506 1370 1551 οὗ
1385 1541 1394 1558 ,
1424 1513 1493 1549 hoc
1516 1524 1663 1561 quoque
1682 1511 1762 1548 loco

1113 1582 1157 1607 ex
1191 1570 1350 1606 lonismo
1380 1569 1510 1605 rectius
1536 1569 1658 1604 forsan
1688 1567 1762 1616 legi

1114 1623 1224 1676 μέχρι
1259 1618 1308 1664 οὗ
1346 1625 1410 1661 viri
1448 1624 1543 1661 docfi
1586 1628 1760 1661 statuunt.

1111 1682 1193 1719 Nec
1212 1686 1334 1718 tamen
1354 1681 1521 1729 equidem
1543 1680 1579 1716 in
1600 1680 1654 1716 his
1675 1693 1762 1717 con-

1111 1741 1267 1774 stantem
1286 1737 1516 1773 Herodotum
1539 1735 1625 1772 mibi
1655 1749 1761 1786 repe-

1110 1792 1202 1830 risse
1229 1793 1378 1837 videor3
1411 1796 1451 1828 ut
1480 1791 1567 1828 nihil
1588 1791 1656 1829 hoc
1679 1791 1761 1829 loco

1110 1852 1250 1886 mutare
1269 1849 1434 1886 audeam.
1490 1848 1685 1886 Caeterum
1712 1848 1761 1885 de

1109 1904 1191 1955 ipsa
1217 1904 1397 1942 locutione
1414 1906 1509 1942 conf.
1530 1903 1638 1941 etiam
1657 1903 1758 1941 Mat-

1108 1961 1205 1999 thiae
1233 1961 1298 1998 Gr.
1328 1960 1395 1998 Gr.
1431 1959 1468 2012 §-
1489 1960 1595 2008 480,
1626 1960 1649 1998 b
1678 1964 1755 1998 not.

1106 2030 1192 2068 pag.
1210 2019 1304 2059 898.

1162 2131 1405 2180 μεσοῦντι
1430 2126 1473 2168 δέ
1500 2142 1574 2168 κου
1604 2129 1679 2180 τῆς
1707 2123 1752 2168 α’-

1105 2181 1318 2236 ναβοῖσιος]
1336 2185 1394 2223 De
1413 2184 1524 2222 dativi
1543 2185 1752 2236 participio-

1103 2254 1182 2278 rum
1203 2255 1270 2278 usu
1288 2241 1474 2278 admonuit
1488 2240 1664 2279 Matthiae
1683 2241 1750 2279 Gr.

1107 2297 1173 2334 Gr.
1204 2310 1290 2347 pag.
1322 2300 1426 2343 711,
1456 2309 1564 2347 quem
1593 2298 1749 2335 eundem

1102 2358 1254 2404 propter
1290 2354 1487 2403 genitivum
1521 2353 1631 2391 verbo
1680 2368 1747 2403 με-

1104 2411 1241 2448 σοῦντι
1251 2410 1429 2448 adiectum
1447 2409 1583 2446 consul.
1601 2422 1638 2459 p.
1652 2411 1748 2452 668.

1099 2494 1124 2514 ‚‚
1143 2468 1274 2505 θῶκοι
1320 2470 1548 2516 exponuntur
1595 2466 1747 2504 Graecis

1099 2521 1293 2575 καθέδραι
1303 2536 1316 2569 ;
1356 2523 1428 2559 vid.
1457 2521 1625 2572 Apollon.
1654 2521 1746 2560 Lex.

1099 2578 1247 2617 Homer.
1267 2591 1352 2629 pag.
1374 2577 1457 2620 354
1487 2578 1544 2616 ed.
1570 2577 1665 2615 Toll.
1690 2578 1745 2615 Ο-

1099 2636 1197 2683 dyss.
1215 2635 1259 2682 V,
1272 2639 1297 2676 3
1319 2635 1404 2684 ibiq.
1419 2634 1586 2672 Eustath.
1607 2647 1652 2672 ne
1663 2633 1744 2684 plu-

1097 2693 1174 2728 ra.“
1212 2691 1276 2729 Cr.
1317 2713 1372 2719 —
1417 2691 1458 2727 ln
1486 2703 1589 2739 seqq.
1619 2688 1743 2728 νύκτα

1094 2749 1338 2797 accipiendum
1360 2751 1486 2794 noctu,
1512 2747 1578 2783 <les
1590 2745 1741 2793 Nachts‚

1093 2804 1244 2841 docente
1255 2805 1383 2841 eodem
1397 2802 1523 2839 Matth.
1534 2802 1555 2839 l.
1567 2801 1587 2838 l.
1599 2815 1634 2851 p.
1647 2802 1740 2842 785.

1091 2880 1147 2887 -
1169 2860 1224 2897 De
1245 2856 1304 2899 ὅτι
1324 2856 1377 2911 μή
1409 2860 1501 2896 conf.
1531 2857 1578 2895 ad
1608 2858 1644 2903 1,
1673 2859 1736 2898 18.
