1909 3228
444 226 528 266 4⁰0

855 220 1321 261 HERODOTI

445 334 508 389 τῷ
537 326 614 388 ἦεν
638 331 691 374 τὰ
718 328 944 386 βασιλήϊα,
972 326 1189 386 περιβόλῳ
1221 327 1389 388 μεγάλῳ
1414 345 1457 373 τε
1485 329 1558 373 καὶ
1576 330 1696 384 ἰσχυ-

447 414 524 469 ρῷ·
556 409 603 453 ἐν
632 409 677 452 δὲ
706 412 766 464 τῷ
796 407 949 464 ἑτέρῳ,
978 407 1088 460 Διὸς
1113 407 1262 466 Βήλου
1291 406 1390 463 ἱρὸν
1407 407 1696 463 χαλκόπυλον,

392 612 537 669 ριβόλῳ
560 628 640 667 gesy.
655 628 695 654 τε
713 611 780 653 καὶ
799 612 946 666 ἰσχυρῷ
962 628 1041 652 cnm

391 672 593 720 Schweigh.
617 671 770 722 suppleo
783 670 1042 722 τετειχισμένα

391 744 439 766 sc.
466 725 512 766 τὰ
534 728 711 778 βασίλεια
725 757 735 775 ,
766 732 804 764 ut
824 741 952 764 sensus
974 728 1040 765 sit:

389 788 428 823 in
458 785 571 822 altera
612 784 746 834 quidem
773 784 916 835 (parte)
942 786 1043 832 regia

390 841 476 879 aula
506 841 575 887 (sc.
608 844 788 878 exstructa
815 846 910 888 erat)
939 844 1040 877 vasto

391 900 544 936 circuitu
563 897 759 946 validoque.
809 897 1040 933 Gaissordius

357 971 360 973 ⁴
391 959 556 1006 repetere
581 953 715 990 mavult
744 966 765 991 e
792 953 1041 1003 superioribus

391 1012 511 1062 ipsum
551 1010 756 1060 τετείχιστο
795 1010 953 1059 indeque
990 1010 1042 1046 sic

391 1068 509 1106 locum
528 1067 802 1117 interpretatur:
832 1068 870 1103 in
894 1070 1043 1115 utraque

392 1125 488 1162 urbis
505 1126 644 1172 regione
672 1124 884 1160 munimenta
903 1126 1042 1160 exstru-

393 1185 453 1218 cta
474 1184 593 1217 erant:
623 1182 660 1217 in
678 1193 719 1217 ea
737 1179 892 1226 scilicet,
913 1182 951 1217 in
973 1192 1044 1230 qua

391 1240 494 1286 regia
528 1237 636 1282 aula,
685 1238 932 1274 munimentum
969 1237 1045 1272 erat

393 1298 533 1332 vastam
561 1292 794 1343 validumque.
854 1294 960 1336 Quae
989 1293 1045 1329 in-

392 1350 606 1400 terpretatio
624 1350 708 1387 mihi
732 1349 877 1399 quidem
900 1350 945 1386 ab
966 1348 1045 1385 He-

393 1408 513 1444 rodoti
545 1419 655 1443 sensu
686 1407 856 1443 aberrare
888 1405 1044 1451 videtur,

394 1476 475 1500 cnm
508 1462 719 1499 Herodotus
748 1462 879 1498 denno
903 1465 1043 1497 tantum

394 1518 558 1556 aedificio
598 1518 699 1567 regio
734 1516 827 1553 vasti
867 1520 904 1554 et
933 1516 1044 1552 validi

395 1575 562 1612 circuitus
598 1573 781 1622 loquatur,
821 1572 917 1609 illam
957 1584 1043 1609 vero

395 1631 726 1680 interpretationem
745 1630 775 1664 si
790 1629 968 1678 sequariS,
991 1628 1045 1664 bi-

395 1700 443 1724 na
463 1686 636 1734 distingui
663 1686 841 1731 debeant,
872 1690 907 1722 et
926 1686 1044 1734 ipsum

394 1743 678 1789 munimentum,
729 1746 765 1779 et
803 1741 904 1789 regia
942 1740 1045 1786 aula,

395 1803 591 1847 utrumque
608 1799 645 1834 in
666 1810 737 1834 una
760 1797 963 1845 eademque
984 1808 1044 1831 ur—

394 1855 450 1892 bis
475 1855 626 1903 regione
670 1857 899 1892 exstructum.
957 1851 1046 1889 Dis-

395 1915 499 1961 putat
522 1923 667 1960 qnoque
694 1910 740 1947 de
767 1909 836 1946 hoc
858 1909 937 1945 loco
961 1920 1046 1944 cen-

395 1980 458 2004 sor
487 1967 525 2004 in
550 1966 702 2017 Ephem.
732 1965 896 2003 Ienenss.
936 1966 1044 2005 1817

395 2036 449 2060 nr.
477 2024 554 2064 165
584 2036 669 2073 pag.
690 2024 793 2069 383,
824 2022 878 2059 cui
907 2021 1047 2071 praeci-

395 2093 469 2130 pue
493 2080 611 2129 placet
641 2079 818 2116 Gronovii
837 2077 1045 2116 emendatio

395 2135 542 2173 voculae
559 2129 631 2187 ἦεν
652 2136 688 2172 in
709 2134 792 2186 μέν.

453 2191 495 2231 ἐν
516 2195 568 2246 τῷ
585 2186 656 2242 ἦεν
674 2189 721 2230 τοὶ
742 2184 945 2243 βασιλήϊα]
964 2189 1048 2227 Ρ16-

399 2262 552 2298 rumque
569 2249 734 2286 Diodoro
753 2253 898 2286 auctore
909 2247 929 2283 l.
944 2246 966 2283 l.
981 2246 1046 2283 has

397 2306 508 2343 aedes
528 2306 647 2354 regias
668 2306 703 2342 in
724 2303 936 2342 occidentali
949 2302 1047 2339 urbis

396 2366 502 2412 parte
542 2363 656 2399 fuisse
690 2366 852 2398 statuunt
887 2360 1045 2407 indeque

398 2418 595 2467 colligunt,
625 2417 704 2455 Beli
735 2417 907 2467 templum
930 2415 966 2452 in
993 2413 1046 2450 al-

397 2478 476 2511 tera
492 2479 615 2525 parte,
645 2487 739 2523 quae
767 2472 950 2511 orientalis
977 2474 1046 2518 est,

397 2531 557 2581 positum
577 2530 660 2567 olim
678 2532 801 2568 fuisse.
832 2529 951 2572 Quam
963 2540 1047 2565 sen-

398 2588 547 2624 tentiam
584 2586 640 2624 vel
680 2586 878 2624 Rennelius
917 2588 1048 2630 tuetur,

399 2655 483 2692 pag.
523 2643 605 2685 542
634 2657 760 2692 seqq.,
798 2645 1046 2692 impugnatam

399 2699 550 2746 posthac
571 2713 591 2736 a
607 2699 777 2746 Pon-tero,
799 2712 905 2748 quem
927 2696 1047 2744 sequi-

400 2759 458 2789 tnr
471 2755 640 2802 Hceren,
661 2756 730 2791 alia
743 2768 890 2804 qnoque
908 2754 1046 2790 addens

400 2817 611 2856 argumenta
643 2813 773 2857 (ldeen
794 2812 831 2857 I,
860 2815 886 2852 2
909 2825 943 2860 p.
968 2811 1047 2850 177

401 2872 526 2916 seqq.)
555 2872 663 2917 atque
682 2867 859 2905 Rhinton:
890 2868 950 2904 die
970 2866 1047 2904 Re-

1108 614 1171 664 lig.
1202 615 1237 652 d.
1259 612 1438 663 Babylon.
1465 626 1551 664 pag.
1567 611 1621 655 48
1639 626 1757 663 seqq.,

1110 673 1168 708 nbi
1191 672 1237 709 de
1257 671 1380 720 templi
1402 672 1535 717 forma,
1566 675 1695 707 ornatu
1715 682 1758 707 ac

1108 729 1191 766 satis
1204 728 1292 778 ipsis
1304 727 1406 777 plura
1419 732 1616 763 narrantur.
1647 725 1759 769 Quod

1110 785 1203 822 enim
1236 784 1420 821 Diodorus
1460 783 1606 830 scribit,
1636 782 1673 818 id
1705 782 1758 818 ita

1107 841 1356 891 explicandum
1377 839 1451 876 vult
1471 840 1645 886 Heeren.,
1669 838 1759 874 fuis-

1108 911 1148 935 se
1176 897 1322 946 quidem
1353 897 1391 932 in
1424 895 1634 933 occidentali
1660 893 1757 931 urbis

1108 958 1213 1004 parte
1251 953 1368 989 aulam
1405 953 1566 1001 regiam,
1604 962 1759 999 eamque

1107 1014 1267 1047 veterem
1288 1008 1401 1046 videri
1412 1022 1433 1045 a
1446 1008 1684 1045 Semiramide
1695 1019 1759 1045 ex-

1111 1070 1281 1103 structam
1303 1069 1388 1102 ante
1408 1064 1677 1101 Chaldaeorum
1697 1075 1759 1100 ae-

1110 1126 1243 1170 tatem,
1272 1122 1334 1171 qui
1355 1121 1504 1158 alteram
1529 1132 1647 1158 arcem
1662 1118 1761 1168 regi-

1113 1192 1171 1217 am
1193 1191 1278 1216 mox
1299 1179 1335 1214 in
1351 1177 1462 1214 altera
1481 1177 1504 1213 i.
1527 1190 1560 1214 e.
1582 1174 1761 1222 orientali,

1111 1235 1210 1273 urbis
1236 1239 1341 1285 parte
1366 1233 1625 1279 exstruxerint,
1660 1232 1761 1269 cuius

1113 1293 1221 1330 etiam
1249 1291 1431 1339 hodieque
1459 1290 1595 1326 maiora
1622 1292 1659 1327 et
1684 1300 1761 1326 am-

1111 1348 1227 1399 pliora
1242 1347 1425 1398 supersint
1442 1347 1573 1383 rudera
1591 1357 1699 1394 qnam
1709 1343 1763 1381 al-

1111 1405 1222 1442 terius
1255 1404 1346 1440 arcis
1376 1402 1589 1450 antiquioris
1611 1402 1648 1438 in
1668 1400 1762 1437 occi-

1113 1459 1248 1497 dentali
1263 1464 1365 1509 parte
1385 1462 1598 1495 exstructae.
1655 1457 1762 1493 Haec

1113 1517 1143 1552 si
1182 1515 1411 1566 perpendas,
1452 1518 1610 1559 statues,
1640 1512 1762 1550 Hero-

1113 1573 1238 1609 dotum
1256 1571 1312 1607 hic
1330 1571 1376 1607 de
1404 1583 1447 1608 ea
1475 1570 1576 1618 regia
1595 1568 1676 1605 aula
1706 1567 1761 1606 lo-

1112 1629 1290 1677 qui,quae
1313 1626 1505 1677 posteriori
1521 1630 1642 1663 aetate
1665 1630 1762 1661 stru-

1113 1691 1169 1721 cta
1205 1697 1286 1721 esse
1320 1683 1484 1720 videatur
1518 1682 1553 1718 in
1598 1680 1763 1718 orientali

1111 1744 1216 1790 parte
1229 1768 1239 1786 ,
1263 1752 1371 1787 quain
1389 1739 1498 1775 ctiam
1517 1737 1629 1787 priori
1651 1737 1762 1774 vasti-

1112 1809 1211 1832 orem
1238 1800 1274 1832 et
1306 1794 1518 1844 ampliorem
1539 1793 1677 1840 fuisse,
1705 1793 1765 1830 vix

1113 1852 1278 1889 dubitare
1316 1850 1409 1888 licet.
1485 1850 1605 1886 Huius
1638 1849 1763 1899 palatii

1112 1909 1244 1945 rudera
1266 1907 1301 1943 in
1323 1907 1424 1954 colle,
1443 1907 1499 1944 cni
1519 1919 1614 1943 nunc
1629 1918 1763 1943 nomen

1113 1963 1162 2002 M
1163 1963 1369 2001 aalsclaeella‘be
1405 1963 1580 2011 inveniri,
1613 1967 1763 2000 conten-

1111 2023 1165 2058 dit
1202 2020 1467 2058 recentissimns
1514 2018 1767 2069 peregrinator

1112 2077 1373 2125 Buckingham.
1392 2078 1428 2113 in
1457 2076 1613 2112 itinerar.
1633 2074 1762 2112 Meso-

1112 2138 1248 2184 potam.
1270 2132 1446 2179 (Berolin.
1474 2132 1599 2178 1828)
1620 2144 1656 2180 p-
1679 2129 1762 2171 477

1113 2189 1191 2227 6011.
1214 2189 1296 2230 472
1316 2201 1419 2237 seqq.
1441 2186 1523 2228 483
1537 2215 1547 2233 ‚
1579 2200 1658 2223 cnm
1677 2186 1762 2223 olim

1114 2258 1226 2297 prave
1253 2245 1290 2281 in
1317 2244 1386 2281 hoc
1411 2243 1500 2282 colle
1535 2243 1617 2281 Beli
1643 2255 1764 2281 arcem

1115 2302 1336 2353 posuissent.

1167 2355 1262 2404 Διὸς
1289 2352 1422 2407 Βήλου
1452 2351 1534 2408 ἱρὸν
1567 2350 1765 2406 χαλκόπυ-

1112 2413 1207 2465 λον]
1256 2414 1326 2451 Est
1355 2414 1479 2463 utique
1511 2412 1608 2450 Baal
1635 2426 1665 2449 s.
1695 2411 1765 2450 Bel

1111 2476 1238 2508 notum
1276 2471 1427 2508 deorum
1469 2469 1661 2507 multorum
1697 2481 1766 2520 per

1114 2527 1239 2565 Asiam
1279 2539 1481 2576 cognomen
1496 2556 1507 2573 ‚
1565 2538 1638 2575 quo
1676 2525 1764 2563 nihil

1115 2586 1229 2621 ferme
1246 2583 1343 2620 aliud
1362 2584 1431 2620 nisi
1453 2583 1628 2619 (lominum
1646 2582 1766 2632 expri-

1115 2641 1162 2678 mi
1180 2639 1288 2688 vulgo
1308 2645 1479 2677 statuunt.
1537 2638 1599 2676 Tu
1614 2639 1696 2675 vide
1717 2638 1764 2675 de

1114 2696 1183 2733 hoc
1213 2697 1363 2734 dem-um
1386 2708 1520 2745 genere
1543 2696 1765 2732 Creuzerum

1115 2753 1150 2789 in
1180 2754 1372 2801 Symbolic.
1402 2753 1431 2789 ll
1461 2765 1547 2802 pag.
1577 2753 1628 2793 85
1660 2763 1764 2799 seqq.

1116 2811 1169 2849 88
1190 2823 1292 2858 seqq.
1351 2810 1425 2846 lam
1451 2808 1660 2846 Herodotus
1692 2819 1764 2854 quo

1117 2867 1247 2902 Gracci
1259 2895 1269 2914 ,
1288 2867 1421 2916 quibus
1439 2865 1639 2911 scribebat,
1659 2861 1765 2899 intel-
