1909 3228
402 169 486 209 766
803 166 1282 205 HERODOTI

403 275 645 333 ἀνθρώπου
675 280 799 332 σῶμα
825 273 1061 332 γινόμενον
1090 273 1310 318 ἐσδύνειν·
1353 276 1431 331 τὴν
1459 276 1661 333 περιήλυ-

374 363 475 400 δσιν
505 357 550 400 δὲ
582 355 693 413 αὐτῇ
722 357 922 412 γίνεσθαι
962 354 1008 398 ἐν
1040 357 1310 410 τρισχιλίοισι
1350 355 1468 398 ἔτεσι.
1522 355 1662 413 τούτῳ
1674 364 1719 396 80

347 584 408 607 sus
438 569 483 606 ab
511 569 712 616 Hermete‚
754 582 862 618 quem
893 572 1000 617 caput

346 627 513 663 caninum
548 628 728 675 insignem
756 626 861 672 facit,
900 625 1000 661 Mer-

347 684 480 720 curium
498 683 593 720 illum
621 679 901 733 ψυχοπομπὸν,
921 681 1000 717 Ηυ-

345 753 445 776 mero
486 741 591 777 etiam
637 739 833 788 cognitum,
863 739 999 785 Odyss.

345 796 481 842 XXIV,
506 800 540 836 1.
578 796 767 833 Accedunt
785 795 872 840 alia,
907 806 1001 843 quae

346 854 394 889 ad
415 853 569 889 eandem
590 853 792 889 doctrinam
814 850 1002 887 declaran-

345 910 431 946 dam
450 910 651 958 pertinent,
681 921 747 945 nec
767 907 874 944 maris
895 907 1000 943 deest

348 966 588 1014 significatio,
621 978 688 1002 nec
706 976 901 1012 aquarum,
934 975 1000 999 nec

344 1022 451 1071 hydri
488 1023 563 1058 sive
611 1021 788 1071 serpentis
830 1019 999 1068 aquatici,

345 1091 413 1115 nec
443 1091 528 1115 aves
559 1078 738 1126 denique,
781 1089 875 1125 quae
909 1088 999 1123 qua-

345 1139 427 1171 tuor
474 1147 626 1172 numero
664 1146 821 1183 superne
858 1133 999 1182 positae

346 1195 446 1238 sunt,
485 1191 650 1240 virgineo
692 1190 812 1239 capite
848 1192 1000 1226 ornatae

345 1252 385 1286 et
401 1249 492 1284 vitta
514 1246 731 1284 sacerdotali
757 1246 831 1282 sive
850 1245 1000 1282 calanti—

345 1317 398 1342 ca.
439 1304 480 1341 In
500 1304 630 1353 quibus
645 1302 791 1351 singulis
811 1302 998 1339 illustran-

345 1361 402 1397 dis
421 1373 570 1411 operam
588 1360 776 1397 collocavit
795 1359 997 1396 Creuzerus

345 1431 382 1468 p.
402 1417 656 1463 342—352,
683 1416 743 1452 ubi
763 1416 801 1451 in
819 1416 892 1452 fine
912 1415 1000 1450 haec

347 1474 510 1523 scripsit:
552 1477 665 1520 „utut
698 1476 776 1518 est,
822 1471 890 1508 hoc
916 1469 1000 1506 reli-

346 1543 458 1578 quum
495 1533 552 1567 est
578 1542 620 1566 ac
655 1532 812 1565 certum:
841 1526 1000 1563 tabulam

345 1586 440 1623 hanc
458 1590 621 1622 nostram
645 1587 683 1621 in
704 1585 834 1620 mortui
856 1583 1002 1619 hominis

346 1644 437 1678 cista
461 1645 632 1692 repertam
665 1642 855 1688 imaginem
883 1642 1002 1675 sistere

346 1699 384 1735 in
404 1711 520 1747 eaque
536 1697 695 1746 conspici
713 1699 918 1747 εῖχερσαῖα
935 1693 1001 1732 καὶ

346 1751 394 1793 w*
412 1750 614 1792 θαλάσσια
646 1754 723 1799 ζῶα
749 1758 787 1789 et
816 1764 901 1787 vero
931 1763 997 1788 πε-

345 1807 456 1849 τεινὰ
476 1823 642 1859 quoque,
673 1821 767 1857 quae
784 1807 998 1843 Herodotus

346 1869 384 1904 in
404 1868 545 1904 animae
571 1865 847 1914 migrationibus
864 1876 1001 1900 memo-

347 1925 443 1961 rat.“
472 1923 574 1961 Idem
598 1921 660 1958 Cr.
682 1934 778 1957 nunc
797 1920 892 1956 hisce
913 1919 1000 1955 addi

347 1980 422 2017 vult
445 1979 642 2028 Inghirami
654 1977 881 2014 Monumenti
894 1975 1003 2011 Etru-

347 2037 421 2073 schi
448 2037 496 2073 ad
530 2036 604 2072 tab.
632 2038 686 2075 77
728 2033 826 2083 degli
860 2031 1003 2083 specchi

347 2093 478 2131 mistici
507 2105 592 2143 pag.
615 2093 708 2132 668.

404 2201 498 2255 τήν
527 2198 842 2255 περιήλυσιν
873 2198 916 2240 δὲ
936 2196 1003 2239 αὕ-

347 2264 398 2316 τῇ
413 2261 598 2313 γίνεσθαι
610 2260 652 2300 ἐν
670 2259 914 2311 τρισχιλίοισι
927 2257 1000 2297 ἕτε-

350 2321 411 2364 σι]
451 2318 587 2359 Glossa
636 2318 850 2354 Herodotea
894 2315 1001 2352 affert

348 2372 508 2425 ’ἤλυσινῑ
541 2373 711 2422 ἔφοδον,
733 2372 909 2424 πορείαν.
940 2372 998 2408 Cf.

350 2432 456 2469 etiam
483 2431 603 2468 Koen.
624 2431 673 2467 ad
698 2430 813 2478 Greg.
832 2427 999 2465 Corinth.

349 2501 436 2538 pag.
459 2488 552 2528 526.
611 2486 669 2524 Ad
698 2487 813 2536 ipsam
841 2498 916 2522 rem
945 2488 1000 2520 te-

350 2557 519 2591 neamus,
555 2557 649 2592 quae
677 2543 837 2593 pluribus
871 2541 1001 2590 legun-

351 2605 409 2637 tur
436 2601 603 2650 exposita
640 2600 738 2649 apud
766 2599 894 2636 Creuz.
924 2597 944 2633 l.
977 2596 998 2632 l.

351 2670 435 2706 pag.
455 2656 548 2698 324.
567 2657 648 2697 327
670 2668 771 2704 seqq.
793 2655 905 2692 videri
922 2654 1000 2690 sin-

353 2713 456 2760 gulos
495 2718 636 2750 meatus
681 2725 747 2762 per
797 2711 1001 2748 animalium

353 2781 506 2817 corpora
544 2769 761 2817 pertinuisse
800 2781 867 2818 per
906 2767 1003 2804 mille

353 2837 467 2861 annos
488 2824 598 2871 (Plat.
618 2838 692 2874 rep.
711 2825 766 2871 X,
791 2827 839 2865 11
866 2838 901 2874 p.
922 2823 1003 2864 615

1066 566 1222 604 Phaedr.
1263 581 1298 617 p.
1330 566 1411 608 249
1440 569 1539 615 etc).
1598 566 1720 615 Atque

1068 625 1238 673 quoniam
1267 625 1439 673 perpauci
1467 624 1719 661 tantummodo

1068 682 1103 717 in
1132 680 1335 717 Ameutlien
1364 680 1492 725 delati,
1534 681 1721 717 contineu-

1067 743 1122 775 ter
1149 738 1404 787 obtemperant
1430 736 1721 773 Osiridi-Pluto-

1067 795 1126 840 ni,
1157 794 1223 831 sed
1250 793 1390 843 plurimi
1415 793 1631 830 macularum
1662 805 1721 828 su-

1068 851 1211 902 periore
1230 851 1266 886 in
1278 851 1351 886 vita
1372 855 1635 887 contractarum
1656 847 1722 885 ali-

1068 907 1155 957 quid
1176 907 1354 952 retinent,
1375 905 1457 942 hinc
1474 906 1634 956 plurimis
1653 906 1720 941 mi-

1068 964 1246 1012 grandum
1262 967 1316 1000 est
1337 975 1401 1011 per
1417 962 1621 999 animalium
1640 975 1721 998 cor-

1067 1032 1158 1071 pora
1176 1020 1285 1068 idque
1303 1018 1415 1055 ternis
1437 1019 1592 1066 vicibus,
1625 1030 1720 1067 quae

1066 1077 1172 1113 trium
1193 1075 1341 1112 millium
1366 1087 1541 1111 annorum
1562 1075 1721 1125 spatium

1067 1132 1361 1183 complectuntur.
1404 1131 1525 1180 Atque
1543 1131 1638 1168 hunc
1656 1132 1722 1167 tri-

1067 1190 1133 1226 bus
1151 1201 1326 1225 annorum
1349 1187 1502 1224 millibus
1529 1188 1722 1224 absolven-

1067 1247 1152 1283 dum
1168 1245 1354 1282 circuitum
1372 1245 1582 1293 pronuntiat
1598 1244 1722 1281 Hero·
1752 1269 1755 1273 -

1065 1304 1196 1348 dotus·,
1246 1314 1313 1338 nec
1350 1300 1420 1337 alio
1458 1305 1597 1351 spectat
1633 1300 1722 1336 Pin-

1067 1359 1226 1396 daricum
1273 1357 1312 1403 ἐς
1366 1355 1451 1406 τρὶς
1502 1355 1721 1407 ἑκατέρωθι

1067 1415 1243 1464 (Olyinp.
1274 1414 1325 1459 ll,
1356 1416 1436 1453 122
1466 1414 1571 1462 seq.)
1610 1417 1720 1461 atque

1067 1471 1290 1508 Platonicum
1318 1465 1599 1519 τρισχιλιοστὸν
1627 1467 1719 1514 ἔπος

1069 1527 1204 1575 (1.1.).
1264 1526 1482 1574 Congruunt
1515 1539 1601 1563 vero
1631 1525 1720 1562 haec

1067 1583 1135 1620 tria
1160 1595 1335 1619 annorum
1356 1581 1465 1618 millia
1493 1595 1573 1618 cum
1589 1581 1719 1618 circulo

1068 1640 1240 1676 Sothiaco
1279 1651 1306 1674 s.
1337 1637 1525 1675 caniculari
1559 1642 1720 1674 veterum

1068 1696 1352 1744 Aegyptiorum,
1383 1693 1444 1742 qui
1475 1697 1511 1730 et
1537 1693 1616 1743 ipse
1635 1693 1722 1729 toti-

1068 1753 1150 1788 dem
1190 1762 1366 1786 annorum
1397 1748 1566 1785 solarium
1601 1748 1721 1799 spatio

1068 1806 1276 1845 absolvitur.
1337 1805 1421 1848 Quo
1449 1805 1637 1852 absoluto,
1666 1805 1722 1841 iu-

1068 1871 1206 1901 storum
1236 1867 1346 1911 atque
1379 1862 1574 1898 insontium
1606 1862 1724 1898 homi-

1069 1933 1155 1957 num
1174 1919 1315 1956 animae
1343 1918 1496 1955 redeunt
1519 1919 1568 1955 ad
1593 1931 1722 1968 supre-

1069 1990 1148 2014 mos
1171 1976 1261 2012 deos
1300 1975 1353 2021 (h.
1375 1987 1406 2012 e.
1432 1974 1583 2011 fixarum
1600 1974 1723 2012 stella-

1069 2047 1148 2070 rum
1167 2032 1387 2082 praesides),
1412 2043 1564 2080 quorum
1580 2032 1616 2067 in
1636 2031 1721 2067 cho-

1069 2103 1148 2126 rum
1176 2089 1416 2139 recipiuntur,
1446 2088 1561 2135 fitque
1585 2087 1643 2124 ille
1663 2100 1721 2124 re-

1071 2147 1168 2184 ditus
1189 2158 1255 2195 per
1282 2145 1420 2181 zodiaci
1448 2143 1621 2180 ambitum
1648 2143 1668 2178 i.
1688 2156 1718 2180 e.

1070 2215 1136 2254 per
1163 2214 1313 2250 gregem
1340 2199 1534 2236 bestiarum
1561 2200 1721 2237 siderea-

1065 2272 1164 2304 rum3
1193 2258 1371 2306 siquidem
1399 2257 1449 2292 dii
1479 2269 1559 2292 cum
1576 2254 1720 2293 lunares

1068 2320 1146 2352 tum
1184 2314 1392 2364 planetares
1433 2316 1547 2361 atque
1585 2313 1720 2349 solares

1066 2371 1359 2420 reliquarumque
1377 2368 1557 2406 stellariun
1570 2370 1720 2406 fixarum

1066 2428 1278 2478 praesides,
1308 2430 1392 2462 sunt
1416 2425 1557 2462 siderea
1577 2437 1721 2462 armen-

1066 2491 1124 2529 ta;
1155 2496 1307 2533 quorum
1336 2495 1402 2532 per
1428 2494 1563 2531 pascua
1595 2494 1722 2518 ascen-

1067 2543 1158 2578 dunt
1175 2541 1316 2576 animae
1328 2566 1339 2584 ,
1369 2538 1460 2575 aliae
1479 2538 1577 2574 aliud
1595 2539 1632 2574 in
1645 2543 1721 2574 sta-

1067 2598 1212 2642 bulum,
1241 2595 1434 2633 nobiliores
1454 2595 1491 2631 in
1516 2594 1595 2631 loca
1616 2595 1720 2631 nobi-

1067 2654 1280 2690 lissimorum
1299 2651 1505 2688 animalium
1534 2651 1609 2687 sive
1636 2650 1718 2687 solis

1069 2710 1240 2759 Siriique.
1300 2708 1396 2745 Hinc
1422 2707 1617 2744 bestiarum
1645 2706 1719 2743 cul-

1069 2772 1127 2803 tus
1152 2780 1217 2817 per
1231 2765 1461 2814 Aegyptum,
1482 2763 1564 2800 hinc
1584 2763 1719 2799 bestiae

1069 2824 1139 2860 rite
1166 2822 1336 2860 conditae
1372 2825 1409 2858 et
1437 2819 1640 2870 repositae,
1679 2823 1718 2854 ut
