1909 3228
465 201 550 241 584
878 196 1347 237 HERODOTI

465 306 692 362 ἐχρέωντο,
741 305 814 348 καὶ
851 299 963 361 ἦσαν
996 302 1214 361 Ἑλλήνων
1247 306 1358 356 τινες
1386 307 1601 350 ναυτίλοι·
1660 305 1716 357 ὥς

466 385 646 439 ἔλπομαί
674 398 718 426 τε
745 383 818 426 καὶ
849 381 926 438 ἐμὴ
958 381 1106 439 γνώμη
1137 383 1291 437 αἱρέει,
1331 383 1437 427 ὥστε
1467 385 1634 428 τούτων
1660 385 1715 428 ἂν

467 464 540 507 καὶ
589 465 754 517 μᾶλλον
798 465 887 504 τῶν
923 465 1042 504 θεῶν
1079 460 1132 504 τα
1181 460 1407 518 ου’νόματα
1451 463 1714 515 ἐξεπιστέατο

438 538 700 596 5Αἰγύπτιοι
730 538 759 596 ἦ
786 543 867 584 τοῦ
892 537 1139 595 Ἡρακλέος.
1179 538 1302 583 Ἀλλοέ
1335 557 1399 592 τις
1429 538 1605 596 ἀρχαῖός
1633 542 1720 586 ἐστι

465 617 570 669 θεὸς
598 619 875 674 Αἰγυπτίοισι
908 617 1163 675 Ἡρακλέης·
1213 617 1272 670 ὥς
1302 620 1347 664 δὲ
1377 619 1504 663 αὐτοὶ
1532 621 1771 675 λέγουσι,ᾶο

469 696 563 741 ἔτεα
593 697 682 741 ἐστι
720 696 1013 754 ἑπτακισχίλια
1041 698 1114 742 καὶ
1152 696 1288 753 μύρια
1317 699 1359 750 ἐς
1383 697 1570 755 ’Ἄμασιν
1598 702 1723 755 βασι-

466 775 706 829 λεύσαντα,
756 776 846 820 ἐπεί
874 792 918 820 τε
946 776 992 821 ἐκ
1020 781 1110 821 τῶν
1144 776 1255 821 ὀκτώ
1287 781 1406 821 θεῶν
1445 779 1489 821 οἱ
1527 776 1725 821 δυώδεκα

470 856 570 900 θεοὶ
602 855 826 912 ἐγένοντο,
871 859 960 899 τῶν
993 854 1205 912 Ἡρακλέα
1236 857 1311 900 ἕνα
1340 859 1577 914 νομίζουσι.
1636 857 1724 900 Καὶ

469 933 613 979 θέλων
643 935 689 979 δὲ
716 935 884 980 τούτων
913 936 1012 991 πέρι
1040 936 1177 991 σαφές
1204 954 1245 980 τι
1272 936 1431 980 εἰδέναι
1464 936 1506 988 ἐξ
1536 930 1597 979 ὧν
1627 932 1725 978 οἷόν

347 865 414 909 44

138 930 171 957 Ῑιι
214 930 287 957 urbe
328 929 413 964 Tyro

139 963 185 990 lle
188 972 218 990 rc
222 964 276 990 ulis
338 967 413 1002 tein-

138 997 197 1090 ἒζιυ
172 996 372 1090 ᾶέὃωεῗᾳ
332 1004 415 1102 ἐξΞιῐ
470 1029 514 1058 τε
542 1008 621 1071 ἦν,
662 1014 848 1059 ἔπλευσα
877 1015 951 1059 καὶ
980 1014 1023 1065 ἐς
1054 1013 1200 1070 Τύρον
1227 1019 1302 1071 τῆς
1338 1016 1567 1071 Φοινίκης,
1615 1031 1726 1058 πυν-

138 1072 217 1123 xiiiio
289 1096 337 1122 ΙῚι
329 1104 372 1123 ias
359 1095 413 1123 sii:

139 1131 220 1158 Um
224 1138 288 1164 um
314 1129 415 1166 ibique
469 1091 716 1150 θανόμενος
745 1092 907 1139 αὐτόθι
936 1091 1047 1138 εἶναι
1075 1095 1172 1152 ἱρὸν
1204 1093 1437 1152 Ἡρακλέος
1465 1093 1612 1151 ἅγιον·
1653 1093 1728 1138 καὶ
1739 1097 1778 1133 65

407 1322 482 1360 dem
504 1334 622 1361 revera
648 1336 767 1362 nomen
796 1323 856 1361 dei
878 1322 1061 1361 cuiusdam

406 1393 430 1416 a
443 1380 587 1427 Graecis
604 1383 813 1430 accepissent
832 1379 1061 1430 (Aegyptii),

410 1439 498 1472 certe
517 1435 635 1472 horum
655 1438 852 1473 memoriam
872 1448 975 1486 quam
986 1448 1061 1472 ma-

409 1493 502 1528 xime
524 1496 788 1529 conservassent.
817 1513 873 1520 ——
900 1491 959 1529 De
986 1492 1062 1528 for-

413 1547 509 1584 mula
530 1541 604 1585 οὐκ
625 1543 766 1597 ἥκιστα
785 1543 881 1587 cisso?
901 1543 1066 1598 μάλιστα

413 1603 510 1640 idem
530 1602 666 1640 consul.
683 1603 814 1641 Matth.
835 1601 871 1654 ᾗ.
891 1604 985 1644 463.
1008 1602 1067 1640 Ad

413 1656 601 1723 ἐχρέωντο
625 1664 746 1698 mente
775 1660 1068 1697 subaudiendum

417 1714 459 1753 οἱ
475 1710 700 1766 Αἰγύπτιοι.

472 1768 525 1815 ὥς
546 1769 714 1821 ἔλπομαί
729 1785 769 1810 τε
787 1768 854 1809 καὶ
874 1766 950 1820 ἐμῆ
969 1765 1069 1835 γνώ-

417 1840 472 1878 μη
495 1824 632 1878 αἱρέει]
663 1825 855 1864 Locutio'
839 1823 912 1876 εμή
931 1820 1069 1876 γνώμη

416 1880 539 1933 αἱρέει
569 1885 773 1920 sententiam
797 1882 994 1919 rationibus
1013 1883 1070 1918 ni-

414 1950 498 1975 xam
519 1939 697 1989 exprimit,
727 1938 832 1976 sicuti
860 1933 977 1990 λόγος
1007 1936 1072 1976 αἱ-

416 1992 518 2044 ρέει,
548 1994 638 2044 qaocl
666 1997 783 2032 sanior
807 1997 900 2031 ratio
924 2007 1071 2045 persua-

414 2051 491 2098 «let,
522 2050 585 2097 ΙΙΙ,
605 2050 670 2092 45.
689 2051 753 2099 IV,
776 2053 855 2092 127
883 2048 937 2100 [et
948 2051 975 2098 1,
991 2052 1071 2091 132

415 2107 477 2144 fin.
498 2106 553 2154 ΙΙ,
575 2108 652 2155 33,
674 2107 734 2145 ubi
755 2106 879 2157 conf.].
918 2107 1021 2144 Haec
1036 2110 1072 2143 et

414 2163 518 2215 plura
545 2162 764 2212 Wesseling.
791 2163 839 2200 ad
869 2163 903 2200 h.
932 2163 955 2200 l.
994 2163 1071 2199 Sed

417 2218 587 2269 ἔλπομαι
622 2219 830 2270 simpliciter
871 2223 928 2256 est
969 2222 1071 2269 puto,

416 2277 588 2313 existimo.
619 2297 675 2303 —
704 2276 745 2312 ln
762 2287 864 2324 seqq.
884 2288 952 2326 pro
973 2275 1070 2322 vulg.

416 2329 587 2371 τουτέων
629 2344 712 2369 cum
750 2331 936 2369 Gaisford.
975 2331 1074 2369 edidi

417 2383 580 2427 τούτων.

478 2439 575 2483 ἄλλά
598 2458 656 2490 τις
679 2437 842 2493 α’ρχαῖός
872 2441 952 2483 ἐστι
979 2439 1076 2488 θεός

422 2499 677 2552 Αἰγυπτίοισι
703 2497 938 2551 Ἡρακλέης]
980 2500 1078 2536 Hinc

420 2557 520 2606 apud
533 2556 748 2594 Ciceronem
767 2568 916 2605 quoque
942 2555 989 2592 de
1005 2559 1079 2592 nat.

422 2612 541 2649 deorr.
568 2612 640 2660 Ill,
664 2613 735 2652 16:
775 2611 894 2660 „alter
913 2611 1074 2658 (Hercu-

423 2668 496 2716 les)
516 2668 670 2705 traditur
686 2667 773 2706 Nilo
801 2672 923 2715 ortus,
951 2667 1076 2716 Aegy-

424 2723 557 2772 ptius.“
580 2724 740 2767 Quinam
757 2722 1020 2774 Aegyptiorum
1031 2724 1077 2760 sit

426 2779 625 2826 Hercules,
664 2780 817 2817 diximus
843 2780 892 2817 ad
925 2780 978 2827 ΙΙ,
1009 2780 1074 2821 42.

428 2833 537 2870 Unde
558 2847 702 2884 quoque
713 2839 881 2886 apparet,
894 2836 931 2873 in
951 2837 1076 2874 verbb.

1129 1336 1230 1373 seqq.
1262 1320 1441 1375 ἐγένοντο
1469 1323 1564 1362 bene
1590 1336 1613 1362 a
1636 1324 1780 1361 Grono-

1129 1380 1188 1417 vio
1218 1384 1255 1417 et
1283 1380 1486 1428 Schweigh.
1517 1381 1698 1417 redditum
1729 1380 1783 1416 su-

1130 1436 1225 1473 isse:
1253 1438 1460 1472 exstiterant
1486 1437 1561 1473 sive
1582 1441 1622 1473 ut
1638 1436 1722 1472 olim
1732 1435 1784 1471 H.

1129 1491 1337 1541 Stephanus
1366 1496 1572 1529 notaverat:
1615 1504 1685 1539 „ex
1711 1504 1783 1539 quo

1134 1560 1155 1584 e
1176 1548 1244 1583 diis
1264 1552 1344 1585 octo
1367 1548 1454 1585 facti
1483 1549 1628 1586 suerunt
1647 1547 1784 1584 duode-

1133 1603 1239 1640 cim.“

1191 1659 1231 1705 ἐς
1265 1656 1437 1709 ’Ἄμασιν
1476 1655 1784 1711 βασιλεύσαντα]

1135 1715 1269 1765 Coepit
1312 1729 1467 1765 regnare
1510 1716 1649 1752 Amasis
1690 1728 1786 1751 anno

1137 1771 1218 1812 570
1240 1783 1271 1807 a.
1292 1772 1376 1808 Chr.
1399 1784 1450 1818 11.‚
1472 1772 1578 1809 desiit
1595 1783 1675 1807 ann.
1692 1772 1788 1812 526.

1137 1827 1247 1864 Conf.
1273 1826 1445 1865 Lareher.
1467 1826 1638 1865 Chronol.
1666 1827 1699 1865 d’
1711 1827 1791 1865 He-

1136 1884 1216 1921 rod.
1241 1896 1278 1935 p.
1303 1885 1395 1925 117.
1422 1887 1517 1926 629.

1333 1995 1364 2033 C
1377 2009 1445 2047 ap.
1475 1995 1605 2033 XLIV.

1194 2077 1234 2126 ἒξ
1255 2074 1311 2118 ὧν
1331 2074 1415 2118 οἷον
1429 2094 1467 2119 τε
1477 2075 1553 2131 ἦν]
1578 2078 1790 2128 suspicatur

1138 2135 1273 2172 Struve
1293 2136 1315 2172 l.
1346 2136 1368 2172 l.
1390 2149 1472 2186 pag.
1499 2136 1576 2182 45,
1609 2135 1676 2171 hoc
1697 2134 1790 2180 loco,

1139 2196 1179 2227 ut
1195 2191 1223 2238 Ι,
1247 2191 1335 2232 125.
1368 2191 1411 2238 ΙΙ,
1430 2195 1494 2233 92.
1529 2190 1617 2232 154.
1645 2190 1714 2235 ΙΙΙ,
1738 2192 1792 2231 82

1141 2247 1366 2284 scribendum
1383 2261 1463 2285 esse
1486 2246 1503 2286 ἐ
1514 2262 1536 2285 κ
1556 2249 1618 2284 τῶ
1631 2261 1661 2284 ν.
1681 2246 1794 2295 Equi-

1141 2303 1226 2341 dem
1244 2302 1342 2340 libris
1362 2304 1480 2340 invitis
1502 2302 1588 2341 nihil
1616 2308 1765 2340 mutem.

1199 2381 1346 2426 αὐτόθι
1366 2383 1467 2426 εἶναι
1486 2383 1570 2436 ἱρὸν
1587 2383 1795 2437 Ἡρακλέος

1143 2440 1273 2494 ἅγιον]
1289 2443 1467 2481 Colebant
1488 2443 1688 2481 Phoenices
1702 2443 1795 2480 Her-

1144 2500 1258 2538 culem
1271 2529 1282 2546 ,
1313 2513 1487 2536 summum
1506 2501 1626 2546 deum,
1640 2498 1795 2536 solarem

1145 2556 1276 2606 opinor
1297 2557 1442 2605 genium
1463 2569 1530 2593 nec
1553 2555 1659 2593 alium
1683 2560 1796 2604 atque

1141 2611 1312 2662 Aegyptii
1331 2613 1446 2659 (cons.
1472 2617 1561 2649 nott.
1585 2612 1633 2649 ad
1657 2610 1700 2657 ll,
1721 2612 1794 2659 42)

1143 2668 1293 2717 eiusque
1308 2669 1439 2706 cultum
1459 2681 1524 2718 per
1547 2668 1635 2705 alias
1665 2667 1796 2704 multas

1143 2725 1312 2773 regiones
1356 2728 1617 2775 propagarunt.
1684 2723 1796 2766 Quod

1145 2781 1243 2817 illum
1289 2794 1354 2818 sua
1393 2781 1519 2829 lingua
1563 2779 1797 2830 appellabant

1149 2835 1349 2883 Melkarth,
1389 2837 1428 2873 id
1455 2835 1511 2874 vel
1542 2837 1638 2874 urbis
1668 2847 1794 2883 regem,
