1877 3223
297 599 362 645 16

89 664 251 699 Sndyattes
277 664 314 691 ab
333 671 362 692 a.

89 698 138 725 6²9
157 698 194 724 ad
212 698 271 724 ⁶17.
278 697 362 736 Aly-

87 736 197 796 anei-¹,
197 731 358 791 ‹pugiunc-

88 773 164 791 cessu
313 773 360 791 um

88 798 141 824 am
131 806 197 824 vers
202 806 234 824 us
270 798 358 824 wile-

88 831 148 858 sios
174 831 211 857 ab
236 839 271 856 (ο
298 839 359 858 mo-

86 869 151 892 tum
172 869 203 892 02
228 872 277 892 sex
304 872 358 892 au-

415 248 470 287 42

838 245 1302 284 HERODO'I'I

414 352 649 410 Κιμμέριοι
681 355 723 408 ἐξ
752 352 898 411 ἠθέων
925 353 1013 398 ’ὑπὸ
1044 355 1262 398 Σκυθέων
1288 359 1377 398 τῶν
1401 356 1623 410 Νομίδων
1642 356 1699 407 ἐξ·

415 432 696 486 αναστάντες,
729 433 934 478 ἀπικέατο
954 434 996 484 ἐς
1022 433 1102 490 τήν
1119 432 1283 490 Ἀσίην,
1315 435 1386 478 καὶ
1403 436 1566 490 Σάρδις
1586 433 1743 490 πλὴν35

413 515 489 568 τῆς
514 512 774 568 ἀκροπόλιος
799 512 923 557 εἷλον.

513 593 700 648 ’Ἄρδυος
719 593 765 636 δὲ
783 590 1118 648 βασιλεύσαντος
1152 592 1248 644 ἑνὸς
1277 593 1433 636 δέοντα
1463 591 1693 647 πεντήκον-

409 691 463 716 τα
490 673 604 724 ἔτεα,

409 754 602 795 σίλευσεν
636 751 730 795 ἔτεα
769 751 992 794 δυώδεκα·

371 922 595 959 Graecorum
628 918 747 970 poetis
799 917 1019 965 (vernaculo

370 982 579 1026 sermone),
619 976 679 1012 ubi
718 973 896 1011 Callinum
926 974 1021 1010 intra

368 1039 534 1071 octavum
562 1038 597 1069 et
620 1044 754 1068 nonum
777 1029 959 1067 saeculum
985 1043 1018 1066 a.

369 1092 457 1128 Chr.
480 1105 515 1128 n.
537 1091 668 1127 vixisse
688 1087 894 1132 contendit,
925 1088 1019 1136 conf.

367 1147 437 1195 (T.
456 1148 509 1194 ll)
535 1145 675 1197 p.415.
708 1144 799 1181 Utut
819 1148 887 1190 est,
917 1144 1019 1191 equi-

369 1206 454 1242 dem
470 1203 666 1253 persistere
687 1200 808 1236 malim
825 1200 860 1235 in
875 1212 918 1236 ea
934 1213 1018 1236 sen-

367 1261 499 1306 tentia,
530 1271 639 1307 quam
662 1257 710 1294 ad
732 1270 810 1306 cap.
829 1255 879 1291 w
899 1256 1020 1305 posui,

368 1316 598 1354 Herodotum
618 1314 664 1351 de
687 1325 759 1349 una
785 1313 896 1349 modo
917 1312 1018 1348 Cim-

367 1373 561 1410 meriorum
586 1370 772 1406 invasione
800 1368 917 1417 loqui,
951 1381 1017 1405 ne-

367 1442 440 1479 que
457 1428 604 1465 aliorum
621 1426 834 1475 scriptorum
852 1425 1017 1460 testimo-

367 1485 448 1532 nia,
488 1485 518 1520 si
553 1485 647 1519 sorte
687 1481 915 1528 discordant,
957 1484 1018 1516 aut

368 1555 415 1580 ne
457 1540 678 1577 concordent
715 1551 737 1574 a
779 1537 862 1573 viris
902 1537 1017 1572 doctis

366 1597 620 1642 sollicitantur,
677 1594 769 1630 illius
817 1593 1019 1629 auctoritati

366 1653 608 1704 praeferenda
664 1651 789 1687 videri.
866 1649 1018 1698 Lygda-

366 1711 492 1757 midiS,
543 1709 604 1757 qui
639 1709 711 1743 dux
739 1707 1015 1743 Cimmeriorum

365 1768 403 1803 in
446 1766 513 1803 hac
559 1764 808 1814 expeditione,
857 1768 936 1810 aut,
976 1765 1015 1798 ut

365 1822 567 1859 Franckius
594 1820 685 1865 vult,
715 1821 751 1856 in
771 1820 900 1869 priori,
931 1831 1016 1868 per-

365 1879 527 1924 hibetur,
551 1877 762 1914 Herodotus
781 1876 912 1912 nullam
930 1875 1018 1911 facit

364 1935 597 1972 mentionem.
638 1933 719 1969 vid.
752 1937 875 1969 tamen
906 1930 1016 1966 Calli-

365 1991 479 2028 mach.
527 1991 661 2038 Hpnn.
701 1989 737 2024 in
779 1989 885 2024 Dian.
923 1987 1016 2028 251.

365 2048 488 2084 Strab.
522 2047 534 2082 l
564 2060 602 2096 p.
640 2047 692 2086 61
723 2058 752 2080 s.
778 2047 856 2085 106
882 2048 917 2080 et
941 2044 1018 2080 He-

367 2103 465 2152 sych.
486 2116 515 2138 s,
536 2116 569 2138 v.
595 2102 625 2137 H
652 2115 686 2150 p.
713 2101 804 2141 502.
863 2099 922 2135 Ad
942 2099 1018 2147 Ly-

367 2160 465 2196 diam
482 2171 598 2207 usque
626 2162 662 2194 et
691 2157 825 2192 [oniam
852 2155 911 2191 ille
932 2168 1017 2204 pro-

368 2228 538 2266 gressus,
579 2214 709 2250 deinde
747 2213 922 2248 Sardibus
959 2224 1019 2247 ca-

367 2273 459 2323 ptis,
490 2272 525 2307 in
565 2269 688 2306 Cilicia
723 2269 857 2304 obiisse
896 2269 1018 2304 fertur.

368 2329 470 2365 Idem
488 2327 629 2364 Dianae
648 2325 829 2374 Ephesiae
845 2323 1018 2371 templum

367 2383 567 2422 combussit
588 2385 649 2417 aut
673 2384 768 2417 certe
786 2393 826 2416 se
845 2381 1019 2415 facturum

367 2454 450 2479 esse
498 2439 653 2476 minatus
709 2441 775 2473 est.
834 2436 890 2471 Cf.
939 2435 1020 2470 xirr.

368 2499 481 2534 doctt.
530 2495 579 2531 ad
625 2492 783 2540 Hesych.
837 2490 858 2526 l.
911 2491 933 2527 l.
984 2496 1019 2527 et

370 2552 525 2591 Franck.
551 2549 682 2587 Callia.
713 2562 749 2598 p.
776 2550 853 2588 111
879 2560 935 2595 sq.

428 2619 641 2672 Κιμιιέριοι
679 2618 716 2666 ἐξ
756 2613 896 2668 ἠθέων
943 2614 1022 2656 ’ὑπὸ

372 2678 568 2719 Σκυθέων
594 2691 675 2714 των
706 2670 910 2725 Λομάδων
936 2673 1018 2721 ἐξα-

372 2731 602 2780 ναστάντες]
642 2729 749 2782 ἤθεα
774 2746 803 2768 s,
833 2728 921 2782 νήθη
949 2731 1018 2767 iam

373 2793 535 2830 Homero
584 2795 667 2826 sunt
708 2788 908 2833 domzfflm,
962 2800 1019 2824 se-

376 2850 442 2886 des
463 2849 588 2898 fi.r‹1e,·
622 2846 719 2883 unde
757 2845 803 2881 ad
851 2844 1022 2881 Herodo-

379 2910 454 2943 tum
483 2903 646 2952 aliosque
669 2901 811 2940 Ionicos
831 2901 1023 2952 scriptores

648 672 862 724 ἐξεδέξατο
905 670 1161 727 Σαδυάττης
1192 670 1442 727 ὁἍρδυος,
1483 671 1556 714 καὶ
1592 671 1694 726 ἐβα-

1048 749 1310 796 Σαδυάττεω
1353 752 1410 804 δὲ,
1446 748 1692 806 Ἀλυάττης.

1087 920 1227 955 transiit
1253 919 1310 956 hic
1335 918 1432 955 vocis
1466 931 1575 965 usus,
1618 930 1639 954 a
1665 930 1737 966 quo

1088 988 1134 1011 ne
1153 973 1261 1011 Attici
1287 975 1433 1023 quidem
1451 987 1600 1023 prorsus
1624 974 1736 1010 absti-

1087 1033 1187 1067 nent.
1245 1030 1321 1067 Sed
1368 1031 1414 1067 de
1453 1031 1508 1066 his
1554 1030 1737 1079 copiosius

1087 1087 1273 1123 admonuit
1347 1087 1394 1121 G.
1461 1085 1488 1122 l.
1545 1085 1736 1122 Bekkerus

1086 1156 1189 1179 meus
1225 1143 1263 1178 in
1296 1141 1502 1192 Specimine
1541 1141 1738 1178 Philostra-

1086 1203 1170 1247 teo,
1217 1200 1317 1247 quod
1349 1199 1485 1248 prodiit
1520 1197 1738 1235 Heidelber-

1085 1268 1156 1303 gae
1183 1255 1487 1291 MDCCCXVIH
1533 1268 1568 1304 p.
1597 1255 1652 1294 30
1680 1266 1736 1302 sq.

1084 1312 1143 1349 Ad
1186 1324 1263 1348 rem
1290 1312 1384 1348 conf.
1415 1310 1551 1347 Herod.
1581 1310 1615 1357 I,
1645 1311 1735 1351 103.

1139 1422 1206 1462 καὶ
1231 1418 1381 1473 Σάρδις
1398 1443 1454 1450 -
1474 1418 1601 1468 εἷλον]
1633 1416 1737 1473 2029-

1086 1479 1166 1526 δις
1195 1480 1387 1516 accusativi
1418 1478 1564 1529 pluralis
1588 1482 1643 1515 est
1662 1479 1737 1514 sor-

1084 1549 1143 1574 ma
1171 1537 1311 1579 Ionica,
1365 1541 1403 1571 ut
1442 1530 1578 1581 πόλις,
1626 1530 1736 1581 ὄψις,

1083 1593 1153 1629 alia
1176 1594 1273 1642 apud
1298 1591 1493 1635 Nostrum,
1524 1592 1570 1628 de
1605 1591 1736 1639 quibus

1084 1650 1217 1686 consul.
1258 1648 1389 1685 Matth.
1429 1646 1466 1699 ἓ.
1505 1650 1558 1688 80
1597 1652 1671 1683 not.
1709 1648 1735 1687 6

1083 1719 1119 1756 p.
1151 1707 1241 1746 180.

1295 1804 1399 1855 Cap.
1431 1803 1529 1840 XVI.

1140 1882 1373 1937 Σαδυάττης
1404 1884 1635 1936 δ’Ἀρδυος]
1676 1884 1735 1924 De

1082 1946 1151 1982 hoc
1181 1958 1270 1992 rege
1301 1948 1418 1981 exstat
1451 1943 1609 1980 narratio
1635 1943 1734 1992 apud

1084 2002 1276 2039 Nicolaum
1308 2001 1525 2037 Damascen.
1554 2000 1610 2050 (p.
1631 1998 1734 2047 453)

1084 2073 1120 2108 p.
1152 2059 1206 2098 52
1233 2058 1290 2094 ed.
1329 2056 1465 2102 Orell.,
1513 2057 1574 2093 ubi
1612 2060 1733 2091 tamen

1085 2114 1251 2161 Alyattae
1278 2113 1372 2149 filius
1396 2113 1540 2155 dicitur,
1571 2111 1669 2160 quod
1690 2123 1733 2147 ex

1084 2170 1276 2206 Herodoto
1295 2168 1546 2214 corrigendum
1572 2166 1655 2203 mihi
1676 2167 1733 2202 vix

1085 2226 1234 2261 dubium
1263 2230 1329 2259 est.
1376 2223 1512 2259 ibidem
1554 2227 1620 2272 (p.
1649 2223 1732 2267 53)

1085 2281 1246 2329 sequitur
1292 2280 1449 2315 narratio
1488 2280 1534 2315 de
1574 2279 1733 2326 ,ΑΙ-13118,

1086 2336 1271 2384 ὃῑι(1)·ειίῐί5
1302 2336 1391 2381 silio,
1421 2335 1733 2372 imenclibidino-

1085 2406 1149 2437 so,
1187 2393 1262 2427 xiro
1287 2392 1439 2441 posthac
1465 2391 1734 2429 continentissi-

1086 2463 1164 2495 mo,
1195 2449 1255 2495 qui
1283 2450 1475 2496 Sm)rnam
1498 2448 1602 2499 cepit.
1659 2447 1733 2483 Eo-

1087 2506 1170 2541 dem
1203 2508 1385 2553 spectant,
1434 2516 1528 2554 quae
1564 2504 1734 2551 leguntur

1086 2562 1121 2596 in
1139 2561 1308 2597 Heerenii
1328 2560 1496 2597 Biblioth.
1522 2561 1558 2597 d.
1583 2560 1643 2597 alt.
1657 2559 1732 2597 Lit.

1087 2630 1120 2653 u.
1153 2618 1275 2653 kunst
1310 2617 1345 2662 1,
1382 2617 1431 2655 Vl
1478 2630 1514 2666 p.
1551 2619 1645 2664 20,-
1672 2616 1733 2653 ubi

1088 2674 1256 2709 laudatur
1291 2673 1539 2724 XenophiluS,
1576 2671 1733 2721 Lydica-

1086 2743 1164 2766 rum
1194 2742 1310 2766 rerum
1341 2731 1506 2780 scriptor.
1565 2730 1642 2767 Sed
1660 2728 1733 2776 illa,

1087 2798 1181 2834 quae
1211 2786 1382 2823 [Nicolaus
1418 2786 1546 2832 habet,
1585 2799 1605 2823 e
1631 2784 1731 2821 Xan-

1088 2843 1149 2878 tho
1190 2847 1225 2878 et
1260 2842 1342 2892 ipso
1371 2855 1488 2880 rerum
1514 2841 1731 2889 Lydicarum

1087 2903 1233 2937 auctore
1279 2899 1443 2937 desumta
1485 2911 1567 2936 esse
1599 2896 1733 2935 iudicat
