1909 3228
526 233 946 273 EUTERPE.
999 233 1044 271 ΙΙ.

1319 234 1374 273 87
1378 233 1404 273 5

149 342 343 388 τούτοισι
373 344 416 387 οἷ
445 345 565 399 φίλοι
596 341 757 395 αὐτοῦ,
786 342 1046 386 ἐνουθέτεον
1076 337 1230 392 αὐτὸν,
1259 340 1402 384 τοιάδε

150 423 366 479 λέγοντες·
409 418 482 474 ,ΪΩ
512 425 711 478 βασιλεῦ,
762 420 844 465 οὐκ
876 420 1021 475 ὀρθῶς
1050 423 1242 464 σεωυτοῦ
1270 419 1403 474 προέ-

149 516 340 559 „6anoess
352 535 362 553 ‚

425 501 467 552 ἐς
507 501 554 543 τό
596 500 706 556 ἄγαν
744 504 917 556 φαῦλον
953 498 1160 554 προάγων
1202 495 1402 542 σεωυτόν.

119 582 229 633 3,,σὲ
259 582 342 636 γὰρ
382 584 489 635 χρῆν
529 580 575 623 ἐν
615 579 763 638 θρόνῳ
804 581 948 635 σεμνῷ
978 578 1137 634 σεμνόν
1165 576 1403 628 θωκέοντα,

149 693 173 712 ,,
186 659 236 704 δι’
268 659 428 715 ἡμέρης
457 657 664 714 πρήσσειν
701 658 753 701 τὰ
791 655 1041 714 πρήγματα·
1082 657 1154 700 καὶ
1185 657 1298 700 οὕτω
1329 658 1404 699 Αἰ-

150 739 357 794 ,,γύπτιοί
395 737 429 781 τ’
460 737 514 780 ἂν
557 739 776 781 ἐπιστέατο
821 735 876 789 ὡς
906 736 978 780 ὑπ’
1016 735 1180 790 ἀνδρὸς
1210 735 1399 792 μεγάλου
1415 742 1459 776 55

121 815 418 872 4,,ὂὲρχονται,
467 817 540 860 καὶ
588 815 765 872 ἄμεινον
805 816 859 860 σὺ
905 815 960 859 ἂν
1005 815 1173 871 ἤκουες.

149 896 345 946 ,,ποιεέις
385 895 589 952 οὐδαμῶς
623 895 864 951 βασιλικά.“

1233 818 1316 857 νῦν
1359 814 1404 858 δὲ

927 894 976 938 Ὁ
1006 893 1043 939 δ’
1089 895 1285 950 ἀμείβετο
1315 910 1403 936 τοι-

150 976 240 1018 σίδε
271 973 453 1026 αὐτούς·
512 974 614 1027 „Tol
645 974 748 1027 τόξα
778 977 822 1018 οἱ
850 973 1126 1030 κεκτημένοι,
1165 971 1295 1017 ἐπεάν
1325 972 1403 1028 μὲν

148 1086 173 1105 ‚‚
187 1054 366 1097 δέωνται
394 1058 605 1110 χρᾶσθαι,
635 1053 944 1098 ἐνταννύουσι·
975 1054 1104 1097 ἐπεὰν
1135 1053 1181 1097 δὲ
1209 1051 1404 1109 χρήσων-

93 1249 292 1296 relaxaret,
322 1251 358 1287 in
387 1251 470 1287 vino
494 1251 744 1300 petulantiori-

94 1306 157 1342 bus
182 1306 386 1355 indulgebat
412 1310 518 1344 iocis:
559 1309 607 1345 sic
634 1309 744 1345 inter-

93 1367 217 1413 pretor
237 1363 458 1401 Herodotea.
529 1364 627 1407 Quia
647 1377 745 1401 com-

93 1419 281 1468 putoribus
310 1420 394 1469 ipsis
426 1420 521 1456 lusus
560 1421 617 1456 isti
646 1420 742 1468 regis

93 1487 252 1524 persona
270 1476 386 1511 minus
404 1476 610 1512 viderentur
631 1476 744 1524 digni,

95 1526 261 1581 μάταιος
290 1531 400 1567 fuisse
435 1532 561 1567 dicitur
591 1536 626 1568 et
649 1547 742 1569 παι-

94 1583 286 1638 γνιήμων.
345 1587 602 1624 Permutantur
620 1603 744 1637 ματα-

95 1643 192 1689 ΐζειν
225 1648 261 1680 et
290 1638 550 1693 α’σχημονεῖν,
601 1648 638 1680 et
672 1645 745 1680 for-

96 1703 192 1736 tasse
215 1698 320 1735 solita
348 1701 413 1736 sibi
443 1700 651 1736 castimonia
668 1701 746 1737 He-

97 1757 247 1792 rodotus
263 1759 366 1805 turpe
387 1757 475 1804 quid
494 1756 665 1804 ambigua
683 1769 745 1792 vo-

98 1825 139 1848 ce
155 1811 307 1857 velavit,
338 1817 377 1848 ut
406 1825 451 1849 ne
479 1812 525 1848 ab
557 1812 746 1849 obscoenis

98 1868 244 1917 quidem
263 1868 477 1905 abstinuisse
504 1868 589 1904 iocis
610 1868 747 1916 signifi-

98 1928 248 1961 caretur.
271 1923 477 1960 Deianiram
490 1923 629 1961 Nessus
642 1919 746 1972 ψαύ-

100 1994 134 2018 ει
156 1980 339 2030 ματαίαις
364 1979 493 2030 χερσὶν
520 1980 556 2016 in
577 1980 744 2030 Sophocl.

99 2035 231 2073 Trach.
252 2036 344 2077 574.
383 2036 480 2073 Nam
496 2033 539 2075 τό
555 2039 744 2087 παιγνιῶ-

101 2092 166 2138 δες
183 2093 344 2141 privatae
363 2093 470 2129 sortis
488 2094 645 2130 convivis
667 2093 744 2129 lau-

99 2148 137 2185 di
168 2148 384 2194 ducebatur3
415 2145 667 2200 παιγνιήμων
692 2150 748 2185 di-

101 2204 249 2241 cebatur
278 2206 477 2253 ingeniosus
512 2211 549 2242 et
580 2202 746 2255 εὐφυής,

102 2263 164 2311 qui
174 2263 258 2296 iocis
270 2261 412 2298 urbanis
428 2262 634 2310 indulgeret.
664 2262 748 2299 Pla-

103 2318 209 2354 cebat
232 2317 290 2353 J'el
311 2318 496 2354 cavillator
511 2319 678 2368 facetus,
696 2318 750 2355 vel

104 2375 252 2409 conviva
291 2374 481 2411 commodus
517 2375 577 2424 qui
618 2375 750 2412 dicitur

103 2428 233 2465 Plauto
253 2429 324 2466 mil.
345 2430 432 2478 glor.
451 2431 524 2478 Ill,
550 2434 585 2476 1,
606 2430 659 2471 47
683 2436 750 2468 etc.

105 2486 199 2522 etc.“
229 2506 284 2512 —
314 2486 403 2533 „Ita
428 2488 520 2523 enim
550 2486 751 2524 Arnobium

104 2554 278 2590 usurpare
306 2543 414 2578 verba
446 2542 608 2589 ludendi,
646 2543 752 2579 lasci-

104 2597 242 2644 viendi,
279 2597 446 2634 lasciviae
476 2600 642 2635 observat
671 2599 752 2635 He-

105 2653 225 2690 raldus
244 2655 291 2690 ad
323 2653 459 2690 Arnob.
479 2655 559 2690 adv.
585 2659 698 2703 gentt.
720 2654 752 2690 V

105 2709 180 2745 init.
202 2723 238 2760 p.
260 2712 340 2751 263
369 2710 426 2747 ed.
445 2710 555 2747 Orell.
575 2715 660 2747 tom.
681 2711 752 2747 Il.“

107 2764 170 2801 Cr.

161 2817 203 2860 σὲ
223 2817 297 2872 γάρ
320 2835 341 2871 χ
355 2819 470 2871 ρῆν]
489 2821 607 2870 Vulgo
624 2819 753 2872 ἐχρῆν.

106 2877 200 2915 Illud
220 2877 420 2927 Schweigh.
443 2878 574 2915 dedite
594 2878 752 2928 pluribus

812 1250 924 1296 libris,
947 1249 1076 1298 quibus
1096 1250 1203 1287 etiam
1223 1249 1362 1286 accedit
1374 1247 1462 1285 Flo-

812 1307 973 1343 rentinus
996 1307 1120 1343 codex.
1162 1307 1269 1343 Cous.
1292 1306 1345 1351 ll,
1372 1308 1462 1346 179.

812 1361 886 1409 ΙΙΙ,
908 1363 971 1403 65.
1006 1363 1091 1409 vll,
1120 1364 1185 1403 39.
1245 1362 1320 1409 „In
1345 1362 1462 1400 verbis

812 1420 975 1468 proxime
1019 1419 1252 1467 sequentibus
1309 1419 1464 1456 observa

813 1475 975 1510 ordinem
1006 1477 1134 1527 σεμνῷ
1166 1472 1330 1524 σεμνόν,·
1369 1487 1464 1523 quae

812 1535 898 1579 apte
931 1535 1115 1579 comparat
1141 1531 1354 1568 Schaeferus
1385 1543 1465 1567 cum

812 1586 981 1635 Sophocl.
1001 1587 1099 1623 verb.
1118 1586 1154 1622 in
1173 1586 1342 1624 Trachin.
1363 1588 1463 1628 613:

812 1644 973 1692 θυτῆρα
1002 1644 1164 1694 καινῷ
1207 1639 1393 1683 καινὸν
1423 1641 1464 1682 ἐν

812 1694 1083 1748 ammonam-‘⁶
1116 1698 1179 1735 Cr.

870 1750 934 1793 δι’
962 1752 1183 1806 ἡμέρης]
1213 1755 1234 1791 ἰ.
1259 1767 1289 1792 e.
1322 1767 1386 1804 per
1413 1759 1465 1792 to-

816 1814 889 1847 tum
920 1810 1029 1854 diem
1085 1824 1194 1859 quam
1235 1811 1464 1858 locutionem,

817 1867 995 1904 nonnullis
1029 1867 1199 1917 exemplis
1227 1867 1466 1904 alVesselin-

818 1924 878 1970 gio
910 1923 1143 1970 illustratam,
1178 1923 1299 1971 attigit
1318 1936 1465 1973 quoque

814 1979 944 2016 Matth.
976 1977 1012 2029 ἓ.
1032 1980 1132 2025 580,
1167 1992 1188 2016 a
1226 1992 1311 2030 pag.
1345 1980 1465 2021 1149.

814 2056 858 2064 -
888 2035 946 2072 Ad
965 2034 1166 2074 ἐπιστέατο
1186 2037 1279 2073 conf.
1300 2036 1353 2084 II,
1375 2039 1465 2077 166.

816 2095 907 2133 172.

872 2144 1035 2199 ἄμεινον
1063 2145 1111 2201 σύ
1139 2143 1190 2186 ἂν
1216 2145 1383 2197 ἤκουες]
1416 2143 1466 2187 ἂν

817 2205 985 2242 omissum
998 2218 1037 2259 ψ
1050 2204 1140 2241 binis
1161 2204 1260 2241 libris
1280 2205 1374 2242 bene
1386 2208 1467 2242 tue-

817 2266 875 2298 tur
895 2261 1182 2310 lVesaelingius,
1214 2274 1293 2298 cum
1320 2261 1466 2309 linguae

818 2331 903 2354 usus
943 2318 1027 2355 satis
1056 2319 1149 2355 serat
1185 2317 1374 2367 repetitum
1402 2313 1465 2364 ἕῖν,

819 2378 860 2410 ut
895 2373 959 2420 IX,
991 2377 1055 2415 27.
1103 2373 1227 2423 Eurip.
1256 2373 1338 2410 Hel.
1372 2372 1465 2414 955.

821 2432 927 2470 1017
950 2434 1015 2466 etc.
1043 2450 1099 2456 -
1128 2429 1185 2465 Ad
1211 2424 1394 2480 ἀμείβετο
1417 2451 1457 2455 -

821 2481 969 2532 αὐτούς
990 2486 1082 2523 conf.
1104 2485 1233 2522 Matth.
1258 2484 1294 2535 ἓ.
1315 2485 1410 2529 411,
1430 2483 1466 2525 5.

820 2542 972 2591 „Ipsum
1002 2541 1183 2577 Amasidis
1214 2542 1348 2577 dictum
1374 2541 1467 2577 conf.

821 2612 900 2635 cunl
930 2611 972 2634 eo
990 2626 1000 2644 ,
1039 2598 1139 2646 quod
1167 2597 1296 2646 legitur
1326 2598 1361 2632 in
1382 2597 1470 2633 Plu-

821 2653 931 2690 tarch.
955 2666 1039 2703 opp.
1062 2653 1094 2689 II
1122 2665 1207 2702 pag.
1228 2655 1331 2699 792,
1356 2653 1408 2697 C;
1432 2656 1469 2690 et

822 2710 869 2746 ad
891 2710 1083 2758 imaginem
1106 2710 1151 2746 de
1169 2721 1252 2745 arcu
1273 2709 1307 2745 h.
1320 2709 1340 2744 l.
1362 2708 1467 2746 adhi-

822 2766 932 2802 bitam
953 2767 1045 2802 conf.
1065 2765 1171 2802 Ovid.
1203 2765 1340 2802 heroid.
1362 2766 1466 2814 epist.

820 2821 884 2868 IV,
905 2824 960 2863 92
987 2822 1071 2871 ibiq.
1102 2820 1267 2872 Lennep.
1287 2834 1324 2872 p.
1349 2821 1467 2862 189.“

822 2877 853 2915 C
860 2890 886 2914 r.
