1877 3223
453 230 536 271 122

865 229 1329 271 HERODOTI

450 334 538 381 ὑπὸ
567 335 644 381 τόν
657 335 768 395 νηὸν
779 338 1066 383 κατακαέντα·
1096 336 1211 384 καὶὸ
1231 339 1312 395 μὲν
1328 338 1511 395 χρύσεος
1533 344 1669 384 κεῖται
1683 340 1730 385 ἐν

448 419 511 475 τῷ
519 418 826 473 Κλαζομενίων
835 422 1063 476 θησαυρῷ,
1074 417 1212 462 ἕλκων
1225 417 1422 474 σταθμόν
1443 419 1623 464 ἔννατον
1634 420 1727 476 ἡμι-

445 494 660 539 τάλαντον
680 496 754 539 καὶ
775 498 835 541 ἔτι
863 498 1061 543 δυώδεκα
1082 499 1232 554 μνέας·
1263 497 1286 542 ὁ
1318 499 1364 542 δὲ
1395 497 1629 554 ἀργύρεος,
1658 499 1771 545 ἐπὶ75

445 578 528 619 τοῦ
539 576 754 631 προνηίου
774 579 848 633 τῆς
859 579 1032 634 γωνίης,
1041 577 1216 634 χωρέων
1226 575 1452 634 ἀμφορέας
1464 577 1723 630 ἑξακοσίους.

422 651 712 707 3ἐπικίρναται
748 654 831 712 γὰρ
868 655 954 700 ὑπὸ
983 659 1168 712 Δελφῶν
1213 658 1510 713 Θεοφανίοισι.
1541 656 1651 712 φασὶ
1679 657 1726 700 δέ

444 747 519 786 μιν
546 733 719 788 Δελφοὶ
749 732 984 791 Θεοδώρου
1021 739 1101 780 τοῦ
1128 737 1304 794 Σαμίου
1334 736 1463 793 ἔργον
1491 734 1623 781 εἶναι·
1651 735 1726 780 καὶ

628 927 744 980 Cap.
771 927 836 968 LI.

451 1013 555 1056 v‘nd
594 1013 661 1057 τὸν
699 1015 802 1069 νηόν
841 1032 1053 1059 κατακα-

396 1070 545 1120 έντα]
586 1074 698 1111 Haud
741 1074 834 1113 male
873 1075 1052 1115 Matthiae

396 1128 434 1180 ς.
456 1129 538 1171 565
557 1134 631 1167 not.
655 1134 673 1172 1
700 1145 786 1182 pag.
810 1134 936 1173 1113:
960 1145 1049 1181 „ge-

398 1198 467 1233 gen
492 1186 548 1223 ‹Iz'e
578 1186 686 1236 Ζεῐί,
726 1188 774 1225 da
814 1187 874 1225 der
912 1188 1051 1238 Tempel

394 1241 646 1280 verbrannte.“
718 1245 829 1281 Conf.
874 1244 929 1292 ΙΙ,
979 1247 1045 1286 36.

393 1297 552 1338 Pausan.
581 1299 619 1348 I,
647 1301 701 1342 23
737 1299 775 1352 §.
796 1301 822 1342 3
852 1301 937 1352 ibiq.
967 1301 1048 1340 Sie-

392 1353 496 1392 belis.

448 1408 513 1449 ἐπὶ
535 1412 610 1449 τοῦ
627 1413 825 1462 προνηίου
841 1413 912 1463 τῆς
930 1413 1045 1465 γωνί-

390 1464 462 1516 ης]
493 1466 590 1503 Infra
613 1466 718 1514 VIII,
752 1471 833 1510 122
865 1470 912 1506 de
932 1469 1044 1519 Aegi-

389 1526 554 1560 netarum
582 1523 763 1572 donariis,
814 1538 908 1575 quae
931 1547 986 1553 —-
1008 1525 1042 1565 έ-

389 1579 505 1617 στᾶσι
535 1577 600 1617 ἐπὶ
629 1581 701 1630 τῆς
727 1582 945 1632 γωνίης,
977 1577 1041 1634 α’γ-

387 1648 537 1684 χοτατω
570 1637 645 1673 τοῦ
676 1633 859 1687 Κροίσεω
896 1641 1039 1690 κρητῆ-

387 1705 468 1741 ρος.
498 1711 554 1719 —
582 1690 624 1728 In
654 1694 949 1731 antecedentibus
984 1700 1040 1732 1-1t

385 1747 486 1784 tend.
516 1748 687 1784 orationis
714 1750 973 1788 abundantiam
1001 1751 1038 1788 in

385 1802 504 1839 verbis
523 1798 696 1853 μεγάθεϊ
707 1801 899 1856 μεγάλους
911 1837 922 1854 ,
955 1807 1034 1844 coll.

383 1857 442 1905 II,
465 1857 532 1899 74.
562 1858 624 1905 lV,
646 1860 701 1901 52
715 1865 751 1899 et
769 1862 905 1900 similes
923 1875 1035 1910 quos-

383 1914 469 1951 dam
479 1913 683 1952 Pausaniae
701 1916 799 1954 locos
811 1946 822 1964 ,
845 1931 936 1967 quos
955 1919 1036 1956 Sie-

381 1970 484 2007 belis.
512 1970 597 2007 citat
628 1972 676 2008 ad
710 1972 870 2011 Pausan.
897 1973 953 2020 ΙΙ,
978 1974 1033 2015 34

382 2024 421 2076 §
448 2028 512 2067 11
581 2026 653 2064 Pro
689 2025 862 2080 μεγάθει
893 2028 1033 2078 aliquot

381 2081 462 2118 libri
487 2080 662 2133 μεγέθει
685 2089 721 2121 et
741 2085 921 2137 μεγέθεϊ,
934 2087 1032 2134 quod

380 2136 508 2175 Ionum
519 2139 676 2175 sermoni
689 2141 805 2178 minus
817 2146 873 2180 est
890 2154 1031 2178 accom-

380 2194 587 2240 modatum3
608 2198 700 2233 conf.
724 2197 838 2247 Greg.
864 2197 1028 2235 Corinth.

379 2250 428 2287 de
447 2250 589 2289 dialect.
611 2251 719 2290 Ionic.
740 2252 777 2304 ᾗ.
799 2254 852 2296 59
878 2268 913 2305 p.
934 2252 1028 2294 468.

379 2305 557 2343 Herodot.
587 2306 625 2354 Ι,
664 2312 757 2351 202.
796 2312 899 2357 203,
937 2309 1028 2358 ‘alia‚

379 2373 474 2410 quae
504 2362 541 2398 in
568 2365 726 2402 medium
754 2366 905 2416 protulit
922 2365 1031 2403 W'es-

379 2417 509 2466 seling.
539 2440 596 2445 —
637 2419 695 2456 Ad
720 2421 934 2459 locutionem
964 2420 1028 2460 ἐπὶ

378 2470 487 2520 δεξια
517 2474 601 2522 (zur
620 2474 795 2526 Recleten)
817 2479 910 2515 conf.
931 2476 1029 2514 Mat-

377 2528 549 2567 thiaeGr.
561 2531 625 2567 Gr.
649 2530 684 2582 ἓ.
698 2535 802 2582 586,
822 2548 841 2571 c
859 2535 1027 2585 p.1169.

434 2583 679 2637 ε’πικιρναται
709 2604 785 2641 γαρ
816 2587 897 2629 ὕπο
932 2591 1027 2628 Δελ-

378 2653 471 2689 φων
501 2643 786 2695 Θεοφανίοισι]
818 2647 912 2683 Cum
937 2645 1025 2682 alias

375 2696 512 2733 mentio
544 2699 608 2735 fiat
646 2701 884 2750 Θεοξενίων,
931 2713 1025 2751 quae

374 2749 527 2803 Delphis
556 2755 688 2793 suerint
722 2763 891 2807 peracta,
927 2757 1024 2795 idem

373 2805 442 2844 hoc
460 2807 539 2846 loco
559 2810 642 2848 olim
662 2814 842 2852 exstitisse
863 2813 1025 2864 suspica-

372 2862 478 2902 batur
526 2865 760 2908 Valckenaer.
771 2898 784 2919 ‚
839 2873 1015 2908 mutatum

1124 933 1210 971 dein
1229 945 1252 969 a
1268 932 1423 971 librariis
1444 932 1658 980 christianis,
1688 932 1767 982 qui-

1122 988 1190 1025 bus
1210 989 1351 1025 notiora
1371 989 1503 1026 suerint
1531 986 1578 1027 τοὶ
1599 983 1768 1038 Θεοφᾶ·

1121 1058 1208 1083 νεια
1230 1045 1305 1082 sive
1326 1046 1457 1082 festum
1481 1045 1617 1081 Christi
1634 1044 1766 1082 natale.

1119 1099 1241 1150 Atque
1273 1097 1320 1139 τιέ
1354 1098 1541 1147 Θεοξένια
1572 1113 1646 1138 non
1677 1100 1768 1138 Del-

1118 1157 1200 1207 phis
1218 1157 1334 1194 solum
1345 1157 1524 1194 celebrata
1532 1156 1622 1205 (vid.
1635 1155 1767 1194 Athen.

1116 1213 1191 1261 lX,
1213 1215 1264 1255 13
1285 1214 1370 1263 ibiq.
1401 1214 1566 1263 Schweif„
1555 1214 1605 1252 h.
1635 1217 1671 1251 et
1692 1213 1767 1250 Ca-

1116 1271 1217 1307 saub.
1244 1270 1323 1307 coll.
1355 1271 1526 1308 Creuzer.
1545 1269 1708 1318 Symbol.
1731 1268 1766 1307 II

1113 1338 1152 1376 p.
1182 1329 1263 1367 296
1292 1330 1367 1363 not
1404 1328 1497 1373 16),
1534 1339 1656 1363 verum
1686 1325 1763 1362 aliis

1114 1382 1221 1419 etiam
1243 1382 1420 1419 Graeciae
1449 1382 1556 1429 locis,
1585 1386 1625 1418 ut
1649 1380 1764 1420 Athe-

1111 1438 1188 1484 nis,
1218 1437 1409 1486 Agrigenti
1431 1443 1517 1484 etc.;
1547 1450 1619 1487 qua
1646 1438 1693 1476 de
1723 1451 1763 1476 re

1111 1494 1274 1532 videatur
1314 1494 1494 1531 Pindarus
1535 1494 1680 1544 Olymp.
1710 1493 1761 1531 ΙΙΙ

1112 1550 1189 1587 init.
1209 1564 1288 1587 cum
1307 1551 1509 1601 interprett.
1548 1550 1680 1600 Neque
1697 1564 1760 1589 ve-

1109 1619 1148 1643 ro
1181 1607 1270 1644 haec
1307 1620 1350 1645 eo
1386 1607 1505 1645 valere
1532 1607 1758 1654 crediderim,

1108 1667 1147 1699 ut
1164 1662 1243 1700 loco
1267 1668 1437 1701 moveant
1466 1663 1655 1701 lectionem
1681 1663 1759 1700 He-

1107 1719 1226 1755 rodoti
1252 1719 1353 1756 libris
1380 1720 1546 1756 omnibus
1567 1720 1759 1756 confirma-

1106 1780 1193 1812 tam.
1251 1774 1347 1813 Nam
1363 1776 1463 1826 apud
1483 1775 1645 1813 Graecos
1664 1788 1756 1825 quo-

1106 1844 1177 1880 que
1201 1831 1440 1880 Θεοφανίων
1469 1832 1601 1868 festum
1630 1832 1755 1880 fuisse,

1104 1886 1314 1936 intelligitur
1346 1901 1366 1925 e
1395 1887 1530 1926 Pollue.
1558 1889 1752 1927 Onomast.

1102 1942 1140 1990 Ι,
1174 1947 1193 1984 1
1251 1942 1288 1994 ἓ.
1328 1943 1383 1985 34
1420 1943 1498 1981 coll.
1544 1943 1753 1982 Philostrat.

1101 1998 1177 2037 Vit.
1198 1998 1367 2049 Apollon.
1387 2000 1456 2048 IV,
1478 2002 1544 2041 31.
1601 1999 1682 2038 Alia
1698 2005 1753 2038 te-

1100 2056 1270 2092 stimonia
1309 2056 1415 2094 huius
1455 2057 1539 2094 sesti
1582 2057 1752 2108 Delphici

1101 2112 1273 2162 equidem
1295 2112 1437 2160 ignoro.

1153 2194 1254 2245 φασὶ
1279 2194 1322 2235 δέ
1338 2210 1406 2246 μιν
1426 2193 1578 2245 Δελφοὶ
1592 2193 1748 2236 Θεοδώ-

1099 2266 1171 2301 ρου
1191 2253 1267 2290 τοῦ
1289 2252 1446 2301 Σαμίου
1475 2251 1588 2302 ἔργον
1619 2249 1745 2305 εἶναι]

1100 2307 1208 2344 Plura
1227 2308 1273 2345 de
1297 2307 1485 2355 Theodoro.
1502 2309 1626 2346 Samio
1659 2311 1747 2347 arti-

1096 2363 1163 2400 fice
1183 2365 1343 2414 produnt
1367 2369 1529 2412 veteres,
1561 2378 1654 2414 quae
1689 2371 1745 2403 ta-

1095 2432 1182 2456 men
1209 2420 1267 2457 vix
1303 2422 1339 2457 iu
1378 2434 1487 2458 unum
1516 2422 1744 2471 eundemque

1094 2475 1209 2512 virum
1237 2478 1368 2514 cadere
1396 2490 1508 2528 posse
1543 2477 1742 2515 videantur.

1094 2531 1190 2569 Hinc
1208 2534 1273 2570 viri
1312 2534 1410 2570 docti
1444 2534 1549 2570 binos
1579 2538 1744 2572 statuunt

1093 2587 1196 2625 huius
1232 2590 1386 2626 nominis
1424 2590 1602 2637 artifices,
1650 2603 1742 2640 quo-

1094 2656 1170 2680 rum
1188 2645 1277 2683 alter
1293 2647 1407 2683 maior
1424 2650 1511 2682 natu
1531 2646 1649 2694 idem,
1677 2647 1739 2696 qui

1091 2698 1229 2738 Rhoeci
1257 2702 1458 2753 appellatur
1478 2701 1571 2739 filius
1592 2706 1629 2740 et
1658 2715 1738 2741 cum

1090 2755 1256 2794 Daedalo
1287 2758 1465 2809 Epeoque
1497 2758 1737 2808 coniungitur,

1090 2823 1270 2863 quemque
1320 2814 1497 2865 plasticen
1556 2815 1736 2853 invenisse

1088 2869 1199 2908 multo
1217 2874 1302 2909 ante
1319 2870 1543 2910 Bacchiadas
1558 2869 1734 2909 Corintho
