1909 3228
496 179 581 219 788

910 173 1378 213 HERODOTI

496 300 687 330 πτωνται
716 284 760 326 οἱ
789 282 1019 339 Αἰγύπτιοι
1058 281 1138 326 τὸν
1175 280 1260 326 οὐκ
1297 281 1622 339 ὀνομαζόμενον
1649 282 1756 328 θεὸν
1771 291 1813 324 15

441 471 547 495 πτιοι
573 452 643 494 τόν
683 450 758 494 οὔκ
793 449 1093 506 ὀνομαζόμενον

441 510 542 551 θεὸν
563 526 639 548 κ.τ.
653 509 700 559 λ.]
733 512 756 549 1.
780 524 810 548 e.
835 512 972 560 quando
986 512 1094 561 plan-

440 572 529 617 gunt
547 567 717 617 Aegyptii
732 567 832 604 (teum
850 567 950 605 illum
963 598 973 614 ,
993 571 1093 604 cuius

439 637 559 660 nomen
580 626 617 659 in
635 623 704 661 tali
721 637 758 660 re
773 623 866 661 edere
886 624 974 661 mz'laz'
989 623 1092 674 nefas

441 684 512 727 est,
551 683 624 717 tum
659 680 747 717 lianc
776 680 891 717 bovem
919 683 955 717 in
983 680 1093 716 lucem

435 736 634 787 proferunt.
681 737 739 773 Ad
759 740 973 774 structuram
993 737 1093 774 verbi

440 789 660 831 τύπτεσθαι
677 793 748 830 wid.
777 792 911 830 Matth.
935 793 1000 830 Gr.
1026 794 1091 829 Gr.

441 863 476 899 p.
496 849 578 890 758
611 852 649 885 et
675 850 769 886 conf.
799 862 909 899 supra
940 849 994 896 11,
1026 850 1092 890 42.

442 908 492 946 61
533 905 619 953 ibiq.
658 909 735 942 not.
783 905 862 944 coll.
904 905 958 953 ll,
997 907 1089 946 170.

442 961 548 1005 Quae
569 961 598 997 si
612 962 801 999 contuleris
821 962 892 998 una
913 974 991 998 cum
1008 962 1090 997 l'lu-

440 1017 554 1054 tarchi
575 1017 653 1054 loco
683 1018 729 1055 de
759 1018 845 1055 Isid.
875 1022 987 1068 atque
1006 1017 1091 1054 Osi-

440 1074 507 1110 rid.
539 1087 575 1123 p.
596 1076 678 1114 366
713 1088 741 1111 s.
771 1088 808 1124 p.
828 1074 909 1115 501
938 1088 1016 1125 cap.
1037 1076 1090 1115 39

441 1130 521 1177 (ubi
546 1132 710 1166 conferas
733 1131 987 1179 wyttenbach.
1014 1130 1092 1166 ani-

440 1186 599 1223 madeS.
631 1186 685 1233 ll,
708 1191 729 1227 1
759 1199 845 1236 pag.
867 1188 976 1235 225)
1006 1186 1092 1223 nihil

440 1242 611 1289 dubium,
640 1242 805 1279 hocloco
830 1243 952 1289 deum,
985 1256 1092 1292 quem

440 1300 551 1336 edere
577 1299 680 1335 nefas
713 1299 876 1345 videtur,
920 1299 1093 1336 Osin‘dem

441 1368 532 1392 esse.
590 1354 725 1391 Narrat
747 1356 842 1393 enim
867 1355 1093 1402 Plutarchus,

442 1411 641 1460 Aegyptios
679 1424 744 1459 pro
800 1412 895 1449 Iside
940 1412 1093 1449 coluisse

440 1480 570 1504 vaccae
602 1467 829 1504 simulacrum
863 1469 1093 1514 deauratum,

441 1524 542 1572 quod
575 1524 702 1560 annuis
727 1523 944 1560 solemnibus
961 1553 971 1571 ,
1011 1537 1091 1560 cum

441 1579 624 1615 Osiridem
645 1579 831 1627 lugerent,
859 1580 964 1628 nigro
983 1579 1091 1630 peplo

441 1636 647 1682 obtectum,
670 1637 805 1685 pompa
835 1637 969 1686 septies
1000 1637 1093 1673 circa

439 1691 611 1741 templum
648 1692 834 1728 ducerent.
912 1692 1094 1728 Osiridem

440 1760 526 1785 vero
550 1747 700 1796 periisse
728 1748 897 1784 dicebant
919 1748 1094 1784 eundem-

441 1817 513 1852 que
532 1803 724 1851 lugebant,
740 1804 887 1851 quando
907 1803 1012 1840 Nlus
1034 1817 1092 1840 re-

441 1860 558 1905 cedit,
588 1872 659 1895 nox
679 1859 822 1907 longior
840 1861 880 1896 sit
894 1888 904 1905 ‚
931 1859 1093 1908 lucisque

442 1915 568 1953 solaris
583 1916 633 1951 vis
655 1916 759 1964 quasi
778 1920 966 1965 superatur
983 1921 1018 1953 et
1036 1920 1093 1953 ta-

440 1972 566 2009 bescit.
605 1973 708 2016 Quae
728 1973 856 2009 eadem
877 1973 911 2008 in
933 1973 1092 2010 medium

440 2029 629 2079 proferens
677 2028 807 2077 Zoega
843 2029 890 2066 de
927 2029 1090 2066 obeliscc.

440 2097 526 2135 pag.
553 2084 654 2131 415,
701 2086 904 2121 universam
937 2086 983 2122 de
1009 2085 1093 2133 My-

441 2141 550 2178 cerini
567 2140 639 2177 filia
650 2142 894 2178 narrationem
917 2142 953 2178 in
973 2142 1094 2192 suspi-

440 2197 581 2235 cionem
607 2198 878 2246 quodammodo
905 2202 1011 2235 vocat
1027 2198 1094 2234 mi-

440 2254 610 2302 nimeque
640 2254 810 2291 credibile
836 2259 983 2301 censet,
1014 2267 1093 2291 mu-

441 2310 621 2347 lierculam
649 2309 746 2346 nullo
773 2311 932 2347 facinore
961 2310 1092 2347 claram

441 2367 532 2403 tanti
548 2366 708 2402 habitam
720 2366 832 2404 fuisse
851 2367 949 2416 apud
968 2370 1094 2416 poste-

441 2435 514 2459 ros.
571 2421 651 2459 Nos
681 2422 772 2459 haec
794 2423 940 2471 quidem
972 2423 1094 2459 mitta-

441 2492 542 2525 mus,
571 2478 817 2527 adponamus,
856 2491 951 2528 quae
976 2480 1093 2515 Creu-

442 2548 547 2571 zerus
573 2534 769 2584 disputavit
789 2539 995 2573 cominentt.
1010 2536 1089 2572 He-

442 2591 546 2627 rodd.
564 2603 650 2640 pag.
668 2594 746 2632 127
765 2604 866 2640 seqq.
882 2605 889 2628 ε
920 2620 944 2638 „
957 2591 1030 2628 lam
1061 2592 1090 2627 si

441 2659 596 2695 quaeras
615 2660 678 2683 cur
693 2647 978 2685 excellentiorem
997 2647 1091 2684 filiae

441 2702 663 2752 sepulturam
693 2703 729 2739 in
754 2704 886 2740 bucula
911 2705 1092 2741 censuerit

442 2757 648 2806 Mycerinus
668 2788 678 2805 ‚
725 2772 832 2808 quam
868 2760 905 2796 in
951 2760 1088 2797 arcula:

443 2814 610 2862 expedita
630 2815 700 2851 iam
722 2816 909 2866 responsio
933 2822 1010 2863 est,
1039 2817 1090 2852 vi-

1162 454 1293 492 delicet
1307 454 1416 492 haec:
1434 455 1605 504 quoniam
1621 456 1681 505 qui
1700 456 1736 493 in
1754 468 1814 493 ar-

1161 511 1239 548 cula
1277 506 1575 563 εἷνθρωποειδεῖ
1606 513 1814 550 condeban-

1161 572 1239 604 tur:
1271 567 1295 602 ii
1326 573 1363 605 et
1387 568 1457 618 ipsi
1487 568 1634 617 quidem
1660 567 1813 605 loculum

1159 623 1346 660 habebant
1362 624 1400 660 in
1423 624 1634 661 memoriam
1657 623 1812 661 Osiridis

1158 681 1292 717 factum
1310 708 1320 727 ,
1359 693 1478 729 neque
1517 685 1641 718 tamen
1680 681 1812 717 eodem

1159 749 1329 786 prorsus,
1350 749 1422 785 quo
1444 737 1584 783 Osiris,
1602 737 1714 773 modo
1726 748 1814 773 con-

1160 793 1360 839 debantur,
1387 797 1513 842 utpote
1532 793 1630 830 cuius
1649 793 1811 830 membra

1160 849 1197 885 in
1216 849 1279 884 box
1289 862 1343 886 em
1365 850 1523 886 immissa
1542 851 1695 887 fuerant.
1722 848 1814 885 Por-

1160 918 1201 941 ro
1234 906 1296 953 qui
1325 906 1359 941 in
1392 918 1494 943 sacro
1526 905 1727 943 conditorio
1754 918 1813 943 se-

1158 960 1249 1011 pulti
1283 966 1393 1008 sunt,
1441 966 1546 999 erant
1574 962 1623 998 illi
1665 962 1811 1011 quidem

1160 1013 1559 1069 όμόταφοιὈσίριδος
1579 1019 1709 1056 eodem
1730 1031 1810 1054 cum

1160 1074 1309 1111 Osiride
1341 1075 1477 1111 tumulo
1505 1075 1630 1124 potiti:
1659 1074 1725 1112 sed
1753 1073 1812 1110 illa

1159 1135 1281 1167 tamen
1312 1130 1431 1180 puella
1459 1131 1637 1168 sanctiore
1653 1131 1811 1179 quodam

1159 1186 1300 1223 viuculo
1327 1187 1394 1224 suit
1416 1187 1554 1224 Osiridi
1579 1187 1746 1236 copulata
1775 1191 1812 1224 et

1161 1244 1264 1292 quasi
1285 1248 1398 1293 nupta
1425 1243 1456 1280 ei
1488 1244 1570 1279 deo.
1627 1243 1736 1280 Hanc
1764 1243 1810 1279 ob

1161 1312 1306 1336 causam
1336 1304 1475 1349 patrem
1501 1303 1731 1346 exoraverat,
1770 1302 1811 1335 ut

1160 1355 1274 1393 semel
1302 1357 1337 1392 in
1374 1369 1470 1392 anno
1500 1357 1612 1394 solem
1641 1355 1709 1392 sibi
1744 1355 1811 1391 ad·-

1162 1413 1299 1462 spicere
1325 1412 1472 1458 liceret,
1513 1414 1719 1460 eductaque
1754 1414 1811 1448 est

1162 1481 1182 1505 e
1202 1467 1360 1504 conclavi
1383 1481 1426 1504 eo
1449 1469 1527 1515 die,
1559 1481 1630 1516 quo
1653 1467 1808 1517 populus

1159 1524 1359 1574 plangebat
1375 1525 1567 1561 Osiridem.
1627 1524 1709 1566 Quo
1728 1524 1809 1573 ipso

1161 1581 1220 1617 die
1241 1581 1340 1628 quod
1370 1581 1550 1630 suspicere
1572 1580 1717 1617 volebat
1750 1592 1809 1615 so-

1161 1636 1244 1681 lem,
1263 1636 1330 1672 hoc
1349 1637 1383 1672 in
1406 1650 1506 1686 spem
1523 1637 1634 1673 fiebat
1654 1636 1810 1673 redeun-

1161 1693 1206 1728 tis
1228 1692 1315 1728 lucis
1328 1721 1338 1739 ,
1355 1705 1461 1740 quam
1480 1694 1596 1742 ipsam
1621 1705 1722 1741 spem
1742 1692 1810 1729 hoc

1160 1751 1325 1797 tempore
1353 1749 1606 1798 concipiebant
1627 1749 1809 1798 Aegyptii.

1159 1803 1271 1839 Haud
1300 1805 1456 1840 absurde
1483 1805 1591 1853 igitur
1619 1805 1810 1854 suspiceris

1159 1859 1385 1908 Mycerinum
1403 1865 1477 1897 tam
1496 1861 1686 1897 ambitiosa
1706 1862 1811 1898 sune-

1160 1917 1298 1953 ratione
1316 1917 1408 1953 filiae
1428 1917 1512 1954 nihil
1532 1917 1627 1953 aliud
1648 1921 1811 1968 spectas-

1159 1985 1218 2019 se,
1248 1986 1356 2020 quam
1384 1974 1585 2022 apotheosin
1611 1974 1809 2022 quandam,

1160 2029 1234 2066 sive
1254 2030 1394 2066 divinos
1424 2030 1580 2067 honores
1600 2029 1691 2079 proli
1722 2042 1809 2066 suae

1159 2085 1431 2136 impertiendos.
1508 2084 1677 2134 Arguunt
1699 2085 1808 2123 etiam

1159 2141 1327 2179 lucernae
1354 2142 1453 2191 apud
1490 2142 1652 2178 buculam
1680 2155 1809 2179 accen-

1161 2210 1223 2234 sae
1241 2203 1276 2234 et
1297 2198 1578 2234 sussiuientorum
1599 2199 1808 2235 combusto-

1159 2267 1236 2290 rum
1266 2254 1501 2303 impendium.
1567 2254 1648 2303 Ego
1686 2258 1808 2292 tamen

1160 2309 1279 2346 malim
1309 2310 1482 2359 festorum
1511 2310 1674 2347 solemnia
1712 2312 1809 2359 cogi—

1158 2370 1245 2412 tare,
1267 2367 1363 2403 unde
1387 2367 1475 2403 haec
1496 2367 1612 2403 omnis
1632 2366 1809 2416 Mycerini

1160 2422 1307 2458 historia
1327 2427 1499 2459 exornata
1517 2423 1582 2470 sit,
1611 2437 1686 2460 non
1707 2423 1809 2460 aliter

1160 2491 1268 2527 quam
1294 2478 1428 2515 Minois
1461 2479 1610 2516 historia
1639 2485 1675 2517 et
1706 2479 1809 2517 Pasi-

1159 2535 1282 2584 phaes
1342 2535 1420 2571 Hoc
1433 2539 1538 2585 pacto
1556 2534 1806 2586 1119661Ἰήίῂ-

1158 2591 1230 2627 liae
1253 2596 1431 2628 sumtuosa
1467 2592 1649 2642 sepultura
1683 2592 1809 2642 efficta

1158 2650 1206 2683 sit
1241 2660 1257 2683 e
1294 2649 1395 2684 rebus
1430 2651 1574 2685 scenicis
1593 2677 1603 2695 ‚
1642 2652 1808 2685 autumno

1151 2706 1279 2753 peragi
1297 2706 1432 2751 solitis,
1462 2704 1602 2754 quando
1615 2701 1689 2756 τήν
1705 2699 1808 2742 Ὀσί-

1158 2761 1267 2808 ριδος
1287 2758 1493 2811 κάθειρξιν
1517 2761 1572 2806 εἰς
1598 2758 1671 2811 τήν
1691 2757 1807 2810 σορὸν

1157 2818 1179 2852 i.
1200 2830 1231 2853 e.
1253 2817 1425 2854 osiridem
1443 2821 1481 2854 in
1497 2830 1618 2854 arcam
1633 2816 1806 2854 inclusum
