1909 3228
664 228 879 268 CLIO.
937 230 965 269 I.

1350 234 1434 275 337

191 354 285 395 ρεα’
331 337 520 393 κατάπερ
549 342 634 383 νῦν
673 337 872 396 Ἀχαιῶν,
917 341 1006 384 τῶν
1033 337 1322 392 ἐξελασάντων
1341 341 1432 386 Ἴω-

162 425 291 469 wag,

190 620 377 676 Πελληνη
426 623 497 676 μέν
545 640 587 665 τε
641 625 776 679 πρώτη

132 678 258 731 πρός
289 681 519 732 Σικυῶνος]
565 682 663 720 Male
692 683 775 719 olim

131 734 229 788 πρὸ
264 740 480 784 Σικυωνος.
550 738 661 781 Quod
708 751 775 775 nos

133 807 210 830 cum
227 795 407 843 prioribus
425 795 775 843 edittreposuimus,

132 849 244 886 valet:
275 850 459 899 Sicyonem
485 863 611 886 versus.
670 851 778 887 Conf.

132 905 169 951 1,
201 904 255 945 84
282 909 392 954 atque
411 905 568 943 Pausan.
598 906 687 953 VH,
722 910 777 948 26

131 958 188 1016 §.
191 961 237 1001 5:
283 976 409 1011 προς
439 964 708 1009 Σικυῶνος
737 960 780 1001 δὲ

131 1017 279 1055 οὑτοι
309 1018 352 1066 (i.
379 1031 410 1055 e
432 1017 685 1067 Pellenenses)
711 1017 778 1058 καὶ

130 1073 272 1124 μοίρας
290 1075 361 1124 τῆς
377 1069 599 1125 Ἀργολίδος
612 1070 777 1125 Ἀχαιων

131 1128 374 1168 οἰκουσιν
405 1129 624 1180 ἔσχατοι.
652 1132 777 1168 -111

129 1198 234 1234 seqq.
257 1186 342 1223 dedi
361 1181 441 1224 ἀπ’
473 1183 592 1226 ὅτου
622 1201 702 1225 cum
718 1201 777 1226 re-

129 1246 237 1279 centt.
257 1254 324 1292 pro
344 1237 442 1282 circ&
470 1245 579 1291 τοῦ,
609 1245 708 1293 quod
734 1244 776 1280 li-

128 1298 203 1334 bris
244 1298 448 1336 melioribus
484 1299 603 1336 invitis
636 1301 778 1337 reduxit

127 1352 316 1392 Matthiae.
375 1355 451 1391 Sed
491 1357 585 1392 conf.
621 1360 696 1392 not.
727 1356 776 1392 ad

127 1409 167 1456 Ι,
190 1412 227 1450 7.
267 1410 386 1454 Quem
406 1410 476 1447 illic
504 1411 647 1448 laudavi
671 1412 776 1447 Stru-

125 1477 193 1512 ve,
221 1464 252 1501 is
279 1466 314 1502 h.
343 1465 365 1503 l.
395 1467 501 1503 scribi
530 1462 708 1505 vultoc’n'
737 1463 775 1506 ό-

125 1534 231 1569 τευ,
269 1535 349 1558 cuin
378 1535 422 1560 ex
449 1518 536 1561 ὅτεο
578 1526 695 1560 ortum
726 1523 774 1560 sit

125 1576 178 1625 (v.
198 1590 228 1614 c.
257 1577 293 1624 I,
324 1581 362 1619 7.
393 1580 472 1619 119
505 1579 658 1628 aliisque
684 1579 771 1616 locis

122 1633 343 1684 permultis),
371 1634 442 1686 Wd·
461 1648 546 1685 pag.
559 1635 624 1676 48.
653 1633 775 1684 Atque

125 1689 233 1726 etiam
270 1689 484 1728 Schaeferus
509 1692 560 1729 sic
597 1692 772 1729 ediderat.

182 1744 242 1782 De
273 1745 347 1782 situ
376 1747 539 1794 urbium,
575 1760 670 1796 quae
705 1747 774 1785 hoc

126 1800 206 1837 loco
224 1807 569 1849 commemorantur,
599 1803 774 1839 duumviri

126 1870 215 1906 prae
240 1858 368 1894 ceteris
390 1862 626 1906 monuerunt,
657 1859 699 1895 C.
725 1859 771 1896 O.

126 1912 269 1950 Miiller.
308 1913 344 1949 in
376 1913 481 1950 Dorr.
517 1913 551 1950 lI
585 1927 670 1964 pag.
690 1915 772 1955 427

126 1982 231 2018 seqq.
264 1972 301 2006 et
334 1969 500 2006 Siebelis.
532 1970 580 2006 ad
609 1970 773 2017 singulos

124 2024 329 2062 Pausaniae
354 2024 465 2061 locos.
522 2024 599 2062 Iam
623 2025 773 2073 Pellene,

127 2093 222 2129 quae
246 2082 363 2131 primo
393 2080 473 2118 loco
504 2082 670 2130 ponitur,
707 2083 773 2119 de-

123 2137 291 2173 scribitur
308 2150 329 2173 a
345 2136 526 2173 Pausania
543 2137 631 2183 VII,
654 2140 705 2178 26
718 2159 772 2165 —

124 2195 191 2234 27.
231 2192 331 2230 Urbs
361 2192 431 2229 sita
457 2193 550 2230 inter
579 2194 774 2241 Sicyonem

124 2252 161 2286 et
182 2246 375 2297 Aegiram,
396 2249 494 2285 cuius
515 2250 693 2297 quaedam
714 2263 773 2286 ru-

125 2305 214 2341 dera
230 2305 459 2342 inveniuntur
469 2306 505 2342 in
516 2304 595 2341 loco
611 2306 667 2342 cui
678 2318 774 2343 nunc

124 2373 257 2398 nomen
279 2360 314 2397 T
313 2360 439 2398 rz'kala.
487 2361 659 2410 Sequitur
679 2363 773 2399 occi-

124 2417 271 2454 dentem
290 2430 415 2454 versus
443 2418 529 2455 inde
549 2418 706 2465 Aegira,
736 2419 772 2455 in

125 2472 223 2508 cuius
234 2473 349 2510 locum
369 2486 464 2510 nunc
475 2474 693 2511 successisse
708 2487 772 2510 vo-

124 2527 201 2563 lunt
228 2528 499 2577 Pctlaeokccstro,
538 2528 615 2565 aliis
647 2534 769 2566 tamen

124 2584 228 2620 aliter
245 2586 481 2622 statuentibus
500 2584 614 2631 (conf.
636 2585 768 2622 Siebel.

124 2641 172 2675 ad
191 2639 347 2677 Pausan.
366 2641 446 2687 VH,
466 2643 519 2682 26
547 2639 583 2690 ἓ.
604 2644 638 2681 1.
662 2642 704 2678 C.
724 2642 771 2678 O.

124 2695 265 2732 Miiller.
293 2696 315 2733 l.
342 2695 364 2733 l.
405 2709 490 2746 pag.
515 2697 627 2743 428).
676 2697 774 2734 Hinc

123 2753 345 2789 occidentem
373 2765 497 2789 versus
531 2753 676 2789 Crathis
705 2755 772 2789 ssu-

123 2808 220 2854 vius3
268 2809 366 2845 iuxta
399 2821 504 2857 quem
547 2822 640 2856 quae
671 2809 771 2846 inve-

123 2865 268 2901 niuntur
287 2865 432 2910 ruinae,
462 2866 509 2902 ad
534 2866 651 2913 Aegas
673 2867 768 2902 refe-

166 2921 376 2958 HERoDoT.
408 2921 436 2958 l.

343 417 536 462 δυώδεκά
565 417 652 462 ἐστι
680 420 829 477 μέρεα·
878 417 1075 477 Πελλήνη
1110 420 1189 478 μέν
1213 437 1257 466 τε
1285 419 1434 478 πρώτη

843 630 936 664 runt.
1000 626 1140 665 Eadem
1180 628 1257 666 fere
1293 628 1489 667 directione

842 688 1058 734 pergentem
1079 684 1136 720 via
1156 685 1253 721 ducit
1268 684 1421 733 Buram,
1440 685 1488 722 de

843 753 916 788 qua
946 739 1143 776 Pausanias
1179 740 1270 789 VH,
1298 742 1351 782 25
1380 740 1417 792 §.
1447 741 1488 783 5.

844 795 949 838 Quae
969 796 1054 832 urbs
1072 800 1211 833 mature
1231 810 1356 836 eversa
1371 801 1489 835 terrae

846 855 965 899 motu,
988 852 1024 888 in
1050 852 1166 889 vicino
1196 852 1286 890 colle
1317 854 1401 891 dein
1429 866 1488 890 re-

845 921 931 945 cens
950 908 1017 944 suit
1034 908 1200 956 condita,
1228 909 1287 946 ubi
1310 910 1487 959 quaedam

845 964 964 1001 adhuc
995 968 1138 1001 exstant
1176 966 1319 1003 rudera.
1377 965 1488 1002 Unde

844 1020 1127 1070 septentrionem
1155 1033 1280 1059 versus
1301 1022 1349 1058 ad
1378 1021 1487 1058 maris

844 1076 984 1123 sinum,
1013 1077 1074 1125 qui
1094 1089 1189 1113 nunc
1215 1077 1344 1114 dicitur
1361 1076 1488 1114 Baka-

838 1132 966 1182 pln'ae,
995 1132 1119 1169 Helice
1142 1133 1210 1169 suit
1232 1133 1321 1180 sita,
1350 1134 1396 1171 de
1415 1146 1487 1182 qua

843 1188 1044 1225 Pausanias
1075 1188 1164 1235 Vll,
1201 1189 1255 1230 24
1274 1202 1378 1238 seqq.
1406 1190 1487 1237 (ubi

843 1245 888 1281 cf.
918 1244 1051 1283 Siebel.
1078 1259 1115 1295 p.
1148 1246 1260 1293 181).
1317 1246 1487 1289 Quadra-

843 1300 944 1348 ginta
965 1301 1082 1337 stadia
1106 1301 1188 1337 hinc
1213 1304 1389 1338 remotum
1418 1302 1488 1338 Ae-

841 1358 941 1404 gium
959 1356 1176 1405 Selinusque
1197 1358 1338 1394 fluvius.
1379 1357 1488 1395 Nunc

840 1415 988 1448 vocatur
1010 1411 1184 1448 I'ostz'zza.
1225 1412 1394 1461 Triginta
1412 1418 1488 1450 sta-

843 1468 902 1503 dia
917 1466 1003 1504 inde
1022 1468 1244 1504 occidentem
1258 1481 1384 1505 versus
1401 1481 1487 1518 pro-

840 1523 978 1572 gressis
1006 1522 1129 1573 Rypes
1153 1527 1260 1571 sunt,
1289 1525 1359 1561 iam
1392 1524 1488 1562 Pau-

840 1579 966 1616 saniae
988 1584 1106 1617 aetate
1136 1592 1284 1618 eversae
1306 1580 1406 1630 (VII,
1432 1584 1486 1622 23

841 1633 878 1685 §.
899 1634 985 1684 45).
1042 1635 1154 1673 Unde
1176 1635 1320 1685 longius
1348 1641 1487 1675 remota

841 1690 1082 1728 Patreensz'um
1117 1692 1224 1740 urbs,
1267 1692 1324 1730 vel
1360 1697 1488 1730 nostra

839 1752 960 1786 aetate
985 1749 1151 1796 cognita3
1186 1750 1233 1786 de
1259 1761 1332 1799 qua
1353 1749 1485 1786 multus

840 1808 898 1840 est
935 1804 1138 1840 Pausanias
1173 1804 1262 1851 VII,
1296 1807 1347 1845 18
1381 1818 1485 1854 seqq.

839 1859 953 1896 Vetus
975 1860 1059 1896 urbs
1078 1860 1126 1897 ad
1141 1872 1241 1898 mare
1261 1861 1378 1909 ipsum
1388 1861 1486 1896 haud

839 1915 906 1951 fuit
927 1919 1127 1961 exstructa,
1156 1916 1223 1952 sed
1238 1916 1426 1953 moenibus
1443 1929 1486 1952 ac

838 1973 946 2019 portu
965 1970 1084 2006 iuncta
1104 1971 1203 2006 mari.
1258 1969 1291 2006 A
1310 1971 1484 2007 Corintho

839 2025 967 2073 viginti
999 2025 1166 2062 horarum
1190 2026 1319 2063 itinere
1350 2027 1485 2064 distare

841 2094 937 2117 nunc
965 2082 1124 2118 scribunt
1148 2082 1385 2129 recentiores,
1414 2082 1485 2119 alia

841 2149 987 2185 quoque
1013 2138 1059 2173 de
1083 2137 1257 2174 hodierna
1282 2139 1380 2174 urbis
1398 2152 1484 2175 con-

841 2193 978 2230 ditione
997 2194 1221 2242 proferentes
1243 2193 1331 2240 (vid.
1347 2194 1482 2231 Siebel.

840 2250 888 2285 ad
909 2249 1064 2285 Pausan.
1087 2249 1108 2285 1.
1126 2249 1148 2285 l.
1167 2248 1307 2286 Miiller.
1327 2249 1349 2286 l.
1370 2249 1425 2297 1.).
1451 2249 1483 2286 A

839 2304 956 2341 Patris
977 2304 1161 2353 octoginta
1188 2305 1307 2341 stadia
1328 2306 1405 2342 fere
1426 2307 1483 2342 di-

840 2364 911 2397 stat
931 2360 1042 2396 Ritus
1058 2361 1183 2396 fluvius
1196 2389 1207 2407 ,
1225 2373 1320 2398 nunc
1339 2363 1482 2399 nomine

840 2416 1046 2453 Kamimtza
1066 2421 1192 2463 notus,
1223 2418 1271 2453 ad
1290 2430 1396 2465 quein
1416 2419 1482 2454 ad-

838 2473 955 2509 iacent
998 2472 1137 2509 Pleume
1183 2471 1383 2523 (Φαρέες,
1422 2473 1480 2510 alii

840 2530 986 2579 Φαρεῖς
1016 2534 1123 2577 atque
1159 2530 1365 2579 Φαραιεῖςς
1409 2530 1479 2566 vid.

839 2585 1004 2622 Siebelis.
1035 2586 1081 2620 ad
1117 2584 1273 2621 Pausan.
1308 2584 1393 2632 Vll,
1427 2589 1480 2627 22

840 2639 876 2690 §.
897 2643 955 2688 3).
1015 2641 1160 2677 Olenum
1177 2640 1272 2677 haud
1291 2640 1400 2689 longe
1416 2642 1480 2678 ab·

839 2697 952 2734 fuisse
977 2709 998 2733 a
1028 2697 1173 2733 flumine
1194 2696 1284 2732 Riro
1302 2701 1479 2734 testantur

837 2757 997 2799 veteres,
1021 2753 1241 2789 recentiores
1256 2753 1354 2789 urbis
1372 2754 1478 2789 rude-

838 2821 876 2845 ra
897 2821 1012 2858 prope
1023 2807 1309 2846 Palaeo-Achaia
1326 2812 1478 2858 ponunt,

836 2865 943 2902 trium
963 2865 1130 2902 horarum
1148 2868 1185 2902 et
1205 2864 1340 2901 dimidii
1358 2865 1477 2915 spatio

1180 2922 1235 2960 22
