<?xml version="1.0" encoding="UTF-8"?>
<!DOCTYPE html PUBLIC "-//W3C//DTD XHTML 1.0 Transitional//EN"
    "http://www.w3.org/TR/xhtml1/DTD/xhtml1-transitional.dtd">
<html xmlns="http://www.w3.org/1999/xhtml" xml:lang="en" lang="en">
 <head>
  <title>
</title>
<meta http-equiv="Content-Type" content="text/html;charset=utf-8" />
  <meta name='ocr-system' content='tesseract 3.04.00' />
  <meta name='ocr-capabilities' content='ocr_page ocr_carea ocr_par ocr_line ocrx_word'/>
</head>
<body>
  <div class='ocr_page' id='page_1' title='image "./musaeherodoto01hero_0170.png"; bbox 0 0 1877 3223; ppageno 0'>
   <div class='ocr_carea' id='block_1_1' title="bbox 317 999 442 1035">
    <p class='ocr_par' dir='ltr' id='par_1_1' title="bbox 317 999 442 1035">
     <span class='ocr_line' id='line_1_1' title="bbox 317 999 442 1035; baseline 0.016 -2"><span class='ocrx_word' id='word_1_1' title='bbox 317 999 319 1002; x_wconf 53' lang='lat'><em>⁴</em></span> <span class='ocrx_word' id='word_1_2' title='bbox 374 1002 442 1035; x_wconf 88' lang='lat' dir='ltr'>tur.</span> 
     </span>
    </p>
   </div>
   <div class='ocr_carea' id='block_1_2' title="bbox 437 257 520 298">
    <p class='ocr_par' dir='ltr' id='par_1_2' title="bbox 437 257 520 298">
     <span class='ocr_line' id='line_1_2' title="bbox 437 257 520 298; baseline 0.012 -1"><span class='ocrx_word' id='word_1_3' title='bbox 437 257 520 298; x_wconf 83' lang='lat'>156</span> 
     </span>
    </p>
   </div>
   <div class='ocr_carea' id='block_1_3' title="bbox 847 260 1310 301">
    <p class='ocr_par' dir='ltr' id='par_1_3' title="bbox 847 260 1310 301">
     <span class='ocr_line' id='line_1_3' title="bbox 847 260 1310 301; baseline 0.009 -4"><span class='ocrx_word' id='word_1_4' title='bbox 847 260 1310 301; x_wconf 90' lang='lat' dir='ltr'>HERODOTI</span> 
     </span>
    </p>
   </div>
   <div class='ocr_carea' id='block_1_4' title="bbox 433 363 1686 434">
    <p class='ocr_par' dir='ltr' id='par_1_4' title="bbox 433 363 1686 434">
     <span class='ocr_line' id='line_1_4' title="bbox 433 363 1686 434; baseline 0.008 -25"><span class='ocrx_word' id='word_1_5' title='bbox 433 363 666 421; x_wconf 75' lang='grc' dir='ltr'><strong><em>Ἀκαρνάν,</em></strong></span> <span class='ocrx_word' id='word_1_6' title='bbox 705 369 1002 426; x_wconf 79' lang='grc' dir='ltr'><strong><em>χρησμολόγος</em></strong></span> <span class='ocrx_word' id='word_1_7' title='bbox 1040 369 1171 427; x_wconf 73' lang='grc' dir='ltr'><em>ἀνὴρ,</em></span> <span class='ocrx_word' id='word_1_8' title='bbox 1210 371 1257 423; x_wconf 84' lang='grc' dir='ltr'>ὅς</span> <span class='ocrx_word' id='word_1_9' title='bbox 1295 373 1340 416; x_wconf 79' lang='grc' dir='ltr'>οἱ</span> <span class='ocrx_word' id='word_1_10' title='bbox 1377 374 1574 428; x_wconf 79' lang='grc' dir='ltr'><strong><em>προσιών</em></strong></span> <span class='ocrx_word' id='word_1_11' title='bbox 1600 378 1686 434; x_wconf 69' lang='grc' dir='ltr'>χρᾷ</span> 
     </span>
    </p>
   </div>
   <div class='ocr_carea' id='block_1_5' title="bbox 436 444 1223 509">
    <p class='ocr_par' dir='ltr' id='par_1_5' title="bbox 436 444 1223 509">
     <span class='ocr_line' id='line_1_5' title="bbox 436 444 1223 509; baseline 0.008 -21"><span class='ocrx_word' id='word_1_12' title='bbox 436 444 483 488; x_wconf 78' lang='grc' dir='ltr'>ἐν</span> <span class='ocrx_word' id='word_1_13' title='bbox 511 445 725 504; x_wconf 79' lang='grc' dir='ltr'><em>ἑξαμέτρῳ</em></span> <span class='ocrx_word' id='word_1_14' title='bbox 755 448 890 509; x_wconf 78' lang='grc' dir='ltr'><strong><em>τόνῳ,</em></strong></span> <span class='ocrx_word' id='word_1_15' title='bbox 934 450 1035 494; x_wconf 80' lang='grc' dir='ltr'><em>τάδε</em></span> <span class='ocrx_word' id='word_1_16' title='bbox 1065 451 1223 505; x_wconf 80' lang='grc' dir='ltr'><strong><em>λέγων·</em></strong></span> 
     </span>
    </p>
   </div>
   <div class='ocr_carea' id='block_1_6' title="bbox 507 522 1744 634">
    <p class='ocr_par' dir='ltr' id='par_1_6' title="bbox 507 522 1744 634">
     <span class='ocr_line' id='line_1_6' title="bbox 507 522 1526 571; baseline 0.01 -13"><span class='ocrx_word' id='word_1_17' title='bbox 507 522 700 569; x_wconf 75' lang='grc' dir='ltr'><strong><em>’Έῤῥιπται</em></strong></span> <span class='ocrx_word' id='word_1_18' title='bbox 720 525 752 562; x_wconf 79' lang='grc' dir='ltr'>δ’</span> <span class='ocrx_word' id='word_1_19' title='bbox 771 525 791 564; x_wconf 82' lang='grc' dir='ltr'>ὁ</span> <span class='ocrx_word' id='word_1_20' title='bbox 812 528 939 571; x_wconf 82' lang='grc' dir='ltr'><em>βόλος,</em></span> <span class='ocrx_word' id='word_1_21' title='bbox 961 527 1002 566; x_wconf 76' lang='grc' dir='ltr'>τὸ</span> <span class='ocrx_word' id='word_1_22' title='bbox 1022 529 1061 566; x_wconf 73' lang='grc' dir='ltr'>δὲ</span> <span class='ocrx_word' id='word_1_23' title='bbox 1084 532 1232 565; x_wconf 78' lang='grc' dir='ltr'><strong><em>ὁίκτυον</em></strong></span> <span class='ocrx_word' id='word_1_24' title='bbox 1251 529 1526 568; x_wconf 77' lang='grc' dir='ltr'><em>ἐκπεπέτασται·</em></span> 
     </span>
     <span class='ocr_line' id='line_1_7' title="bbox 514 582 1744 634; baseline 0.007 -17"><span class='ocrx_word' id='word_1_25' title='bbox 514 582 654 619; x_wconf 76' lang='grc' dir='ltr'><strong><em>θύννοι</em></strong></span> <span class='ocrx_word' id='word_1_26' title='bbox 676 583 716 619; x_wconf 89' lang='grc' dir='ltr'>δ’</span> <span class='ocrx_word' id='word_1_27' title='bbox 736 585 930 632; x_wconf 84' lang='grc' dir='ltr'><strong><em>οἰμήσουσι</em></strong></span> <span class='ocrx_word' id='word_1_28' title='bbox 955 589 1144 634; x_wconf 80' lang='grc' dir='ltr'><strong><em>σεληναίης</em></strong></span> <span class='ocrx_word' id='word_1_29' title='bbox 1165 588 1228 624; x_wconf 75' lang='grc' dir='ltr'>διὰ</span> <span class='ocrx_word' id='word_1_30' title='bbox 1255 587 1396 631; x_wconf 82' lang='grc' dir='ltr'><strong>νυκτός.</strong></span> <span class='ocrx_word' id='word_1_31' title='bbox 1699 592 1744 626; x_wconf 89' lang='grc'>85</span> 
     </span>
    </p>
   </div>
   <div class='ocr_carea' id='block_1_7' title="bbox 362 771 1025 2961">
    <p class='ocr_par' dir='ltr' id='par_1_7' title="bbox 373 771 1025 1162">
     <span class='ocr_line' id='line_1_8' title="bbox 378 771 1022 829; baseline 0.011 -20"><span class='ocrx_word' id='word_1_32' title='bbox 378 774 609 823; x_wconf 56' lang='lat' dir='ltr'>Gronox&#39;ius,</span> <span class='ocrx_word' id='word_1_33' title='bbox 665 779 703 812; x_wconf 91' lang='lat' dir='ltr'>ut</span> <span class='ocrx_word' id='word_1_34' title='bbox 747 771 939 829; x_wconf 75' lang='grc' dir='ltr'><strong><em>Ἀχαρνᾶν</em></strong></span> <span class='ocrx_word' id='word_1_35' title='bbox 994 793 1022 816; x_wconf 86' lang='lat' dir='ltr'>s.</span> 
     </span>
     <span class='ocr_line' id='line_1_9' title="bbox 375 825 1025 881; baseline 0.009 -14"><span class='ocrx_word' id='word_1_36' title='bbox 375 825 570 881; x_wconf 57' lang='grc' dir='ltr'>Ἀκαρνάν</span> <span class='ocrx_word' id='word_1_37' title='bbox 600 832 695 869; x_wconf 77' lang='lat' dir='ltr'>idem</span> <span class='ocrx_word' id='word_1_38' title='bbox 732 832 851 871; x_wconf 67' lang='lat' dir='ltr'>valere</span> <span class='ocrx_word' id='word_1_39' title='bbox 891 836 1025 873; x_wconf 83' lang='lat' dir='ltr'>diceret</span> 
     </span>
     <span class='ocr_line' id='line_1_10' title="bbox 374 883 1025 939; baseline 0.011 -18"><span class='ocrx_word' id='word_1_40' title='bbox 374 890 484 935; x_wconf 79' lang='lat' dir='ltr'>atque</span> <span class='ocrx_word' id='word_1_41' title='bbox 514 883 742 939; x_wconf 70' lang='grc' dir='ltr'><em>Ἀχαρνεύς,</em></span> <span class='ocrx_word' id='word_1_42' title='bbox 781 902 852 937; x_wconf 87' lang='lat' dir='ltr'>quo</span> <span class='ocrx_word' id='word_1_43' title='bbox 889 891 1025 928; x_wconf 88' lang='lat' dir='ltr'>Achar-</span> 
     </span>
     <span class='ocr_line' id='line_1_11' title="bbox 374 944 1024 995; baseline 0.009 -17"><span class='ocrx_word' id='word_1_44' title='bbox 374 944 497 979; x_wconf 86' lang='lat' dir='ltr'>nensis</span> <span class='ocrx_word' id='word_1_45' title='bbox 526 945 612 993; x_wconf 91' lang='lat' dir='ltr'>pagi</span> <span class='ocrx_word' id='word_1_46' title='bbox 639 945 734 982; x_wconf 80' lang='lat' dir='ltr'>cives</span> <span class='ocrx_word' id='word_1_47' title='bbox 755 944 813 982; x_wconf 89' lang='lat' dir='ltr'>ille</span> <span class='ocrx_word' id='word_1_48' title='bbox 834 947 1024 995; x_wconf 85' lang='lat' dir='ltr'>perhibea-</span> 
     </span>
     <span class='ocr_line' id='line_1_12' title="bbox 500 998 1024 1052; baseline 0.008 -17"><span class='ocrx_word' id='word_1_49' title='bbox 500 998 581 1036; x_wconf 83' lang='lat' dir='ltr'>Alia</span> <span class='ocrx_word' id='word_1_50' title='bbox 609 1002 654 1038; x_wconf 90' lang='lat' dir='ltr'>de</span> <span class='ocrx_word' id='word_1_51' title='bbox 684 1001 752 1039; x_wconf 91' lang='lat' dir='ltr'>hoc</span> <span class='ocrx_word' id='word_1_52' title='bbox 777 1006 860 1039; x_wconf 83' lang='lat' dir='ltr'>vate</span> <span class='ocrx_word' id='word_1_53' title='bbox 887 1016 1024 1052; x_wconf 86' lang='lat' dir='ltr'>suppe-</span> 
     </span>
     <span class='ocr_line' id='line_1_13' title="bbox 373 1055 1023 1096; baseline 0.008 -5"><span class='ocrx_word' id='word_1_54' title='bbox 373 1055 502 1092; x_wconf 82' lang='lat' dir='ltr'>ditabit</span> <span class='ocrx_word' id='word_1_55' title='bbox 540 1056 720 1095; x_wconf 88' lang='lat' dir='ltr'>Meursius</span> <span class='ocrx_word' id='word_1_56' title='bbox 766 1058 801 1094; x_wconf 89' lang='lat' dir='ltr'>in</span> <span class='ocrx_word' id='word_1_57' title='bbox 847 1058 1023 1096; x_wconf 80' lang='lat' dir='ltr'>Pisistrat.</span> 
     </span>
     <span class='ocr_line' id='line_1_14' title="bbox 373 1112 510 1162; baseline 0.015 -15"><span class='ocrx_word' id='word_1_58' title='bbox 373 1123 451 1162; x_wconf 81' lang='lat' dir='ltr'>cap.</span> <span class='ocrx_word' id='word_1_59' title='bbox 474 1112 510 1154; x_wconf 88' lang='lat'>5.</span> 
     </span>
    </p>

    <p class='ocr_par' dir='ltr' id='par_1_8' title="bbox 370 1163 1025 1487">
     <span class='ocr_line' id='line_1_15' title="bbox 427 1163 1024 1221; baseline 0.003 -15"><span class='ocrx_word' id='word_1_60' title='bbox 427 1163 708 1221; x_wconf 76' lang='grc' dir='ltr'><strong><em>χρησμολόγος]</em></strong></span> <span class='ocrx_word' id='word_1_61' title='bbox 740 1170 794 1207; x_wconf 86' lang='lat' dir='ltr'>Ita</span> <span class='ocrx_word' id='word_1_62' title='bbox 814 1175 958 1208; x_wconf 85' lang='lat' dir='ltr'>vocatur</span> <span class='ocrx_word' id='word_1_63' title='bbox 979 1172 1024 1221; x_wconf 83' lang='lat' dir='ltr'>is,</span> 
     </span>
     <span class='ocr_line' id='line_1_16' title="bbox 372 1225 1025 1276; baseline 0.008 -17"><span class='ocrx_word' id='word_1_64' title='bbox 372 1226 435 1273; x_wconf 79' lang='lat' dir='ltr'>qui</span> <span class='ocrx_word' id='word_1_65' title='bbox 460 1225 603 1262; x_wconf 85' lang='lat' dir='ltr'>oracula</span> <span class='ocrx_word' id='word_1_66' title='bbox 632 1225 720 1274; x_wconf 65' lang='lat' dir='ltr'>edit,</span> <span class='ocrx_word' id='word_1_67' title='bbox 752 1226 929 1276; x_wconf 84' lang='lat' dir='ltr'>Apollinis</span> <span class='ocrx_word' id='word_1_68' title='bbox 958 1242 1025 1264; x_wconf 93' lang='lat' dir='ltr'>nu-</span> 
     </span>
     <span class='ocr_line' id='line_1_17' title="bbox 371 1281 1022 1322; baseline 0.009 -6"><span class='ocrx_word' id='word_1_69' title='bbox 371 1281 467 1318; x_wconf 83' lang='lat' dir='ltr'>mine</span> <span class='ocrx_word' id='word_1_70' title='bbox 483 1282 639 1319; x_wconf 82' lang='lat' dir='ltr'>afflatus.</span> <span class='ocrx_word' id='word_1_71' title='bbox 696 1283 789 1320; x_wconf 86' lang='lat' dir='ltr'>Alibi</span> <span class='ocrx_word' id='word_1_72' title='bbox 806 1285 1022 1322; x_wconf 79' lang='lat' dir='ltr'>oraculorum</span> 
     </span>
     <span class='ocr_line' id='line_1_18' title="bbox 371 1339 1020 1388; baseline 0.008 -15"><span class='ocrx_word' id='word_1_73' title='bbox 371 1341 420 1374; x_wconf 77' lang='lat' dir='ltr'>est</span> <span class='ocrx_word' id='word_1_74' title='bbox 444 1339 629 1388; x_wconf 67' lang='lat' dir='ltr'>z’nteipreS,</span> <span class='ocrx_word' id='word_1_75' title='bbox 675 1344 714 1376; x_wconf 90' lang='lat' dir='ltr'>ut</span> <span class='ocrx_word' id='word_1_76' title='bbox 740 1339 770 1376; x_wconf 83' lang='lat' dir='ltr'><strong>V</strong></span> <span class='ocrx_word' id='word_1_77' title='bbox 776 1340 828 1388; x_wconf 85' lang='lat'>11,</span> <span class='ocrx_word' id='word_1_78' title='bbox 860 1343 896 1380; x_wconf 89' lang='lat'>6.</span> <span class='ocrx_word' id='word_1_79' title='bbox 942 1340 1020 1382; x_wconf 80' lang='lat'>142</span> 
     </span>
     <span class='ocr_line' id='line_1_19' title="bbox 370 1395 1019 1447; baseline 0.008 -18"><span class='ocrx_word' id='word_1_80' title='bbox 370 1397 408 1430; x_wconf 88' lang='lat' dir='ltr'>et</span> <span class='ocrx_word' id='word_1_81' title='bbox 428 1395 525 1443; x_wconf 89' lang='lat' dir='ltr'>apud</span> <span class='ocrx_word' id='word_1_82' title='bbox 549 1395 767 1433; x_wconf 76' lang='lat' dir='ltr'>Pausaniam</span> <span class='ocrx_word' id='word_1_83' title='bbox 788 1396 822 1442; x_wconf 84' lang='grc' dir='ltr'>Ι,</span> <span class='ocrx_word' id='word_1_84' title='bbox 845 1397 899 1438; x_wconf 81' lang='lat'>34</span> <span class='ocrx_word' id='word_1_85' title='bbox 920 1395 956 1447; x_wconf 60' lang='grc' dir='ltr'>ἓ.</span> <span class='ocrx_word' id='word_1_86' title='bbox 980 1398 1019 1445; x_wconf 87' lang='grc'>3,</span> 
     </span>
     <span class='ocr_line' id='line_1_20' title="bbox 370 1449 672 1487; baseline 0.003 -3"><span class='ocrx_word' id='word_1_87' title='bbox 370 1449 430 1485; x_wconf 83' lang='grc' dir='ltr'>1ὼί</span> <span class='ocrx_word' id='word_1_88' title='bbox 451 1450 521 1486; x_wconf 82' lang='lat' dir='ltr'>vid.</span> <span class='ocrx_word' id='word_1_89' title='bbox 540 1451 672 1487; x_wconf 88' lang='lat' dir='ltr'>Siebel.</span> 
     </span>
    </p>

    <p class='ocr_par' dir='ltr' id='par_1_9' title="bbox 362 1502 1019 2961">
     <span class='ocr_line' id='line_1_21' title="bbox 426 1502 1019 1558; baseline 0.007 -15"><span class='ocrx_word' id='word_1_90' title='bbox 426 1503 604 1554; x_wconf 69' lang='grc' dir='ltr'>ἕῤῥιπται</span> <span class='ocrx_word' id='word_1_91' title='bbox 624 1502 662 1545; x_wconf 84' lang='grc' dir='ltr'>δ’</span> <span class='ocrx_word' id='word_1_92' title='bbox 691 1504 713 1544; x_wconf 81' lang='grc' dir='ltr'>ὁ</span> <span class='ocrx_word' id='word_1_93' title='bbox 735 1502 872 1557; x_wconf 83' lang='grc' dir='ltr'><strong><em>βόλος]</em></strong></span> <span class='ocrx_word' id='word_1_94' title='bbox 903 1503 1019 1558; x_wconf 83' lang='grc' dir='ltr'><strong><em>βόλος</em></strong></span> 
     </span>
     <span class='ocr_line' id='line_1_22' title="bbox 369 1559 1019 1610; baseline 0.006 -13"><span class='ocrx_word' id='word_1_95' title='bbox 369 1565 409 1597; x_wconf 91' lang='lat' dir='ltr'>ut</span> <span class='ocrx_word' id='word_1_96' title='bbox 428 1559 640 1599; x_wconf 83' lang='lat' dir='ltr'>Latinorum</span> <span class='ocrx_word' id='word_1_97' title='bbox 660 1564 835 1610; x_wconf 76' lang='lat' dir='ltr'>iaculum,</span> <span class='ocrx_word' id='word_1_98' title='bbox 865 1564 921 1601; x_wconf 89' lang='lat' dir='ltr'>hic</span> <span class='ocrx_word' id='word_1_99' title='bbox 939 1566 1019 1601; x_wconf 92' lang='lat' dir='ltr'>bre-</span> 
     </span>
     <span class='ocr_line' id='line_1_23' title="bbox 369 1617 1017 1667; baseline 0.006 -14"><span class='ocrx_word' id='word_1_100' title='bbox 369 1617 447 1654; x_wconf 75' lang='lat' dir='ltr'>vius</span> <span class='ocrx_word' id='word_1_101' title='bbox 477 1619 564 1655; x_wconf 87' lang='lat' dir='ltr'>retis</span> <span class='ocrx_word' id='word_1_102' title='bbox 606 1632 721 1667; x_wconf 85' lang='lat' dir='ltr'>genus</span> <span class='ocrx_word' id='word_1_103' title='bbox 758 1620 843 1667; x_wconf 91' lang='lat' dir='ltr'>(ein</span> <span class='ocrx_word' id='word_1_104' title='bbox 878 1620 1017 1657; x_wconf 75' lang='lat' dir='ltr'>klcines</span> 
     </span>
     <span class='ocr_line' id='line_1_24' title="bbox 369 1673 1018 1724; baseline 0.008 -15"><span class='ocrx_word' id='word_1_105' title='bbox 369 1673 570 1723; x_wconf 88' lang='lat' dir='ltr'>Zugnetz)</span> <span class='ocrx_word' id='word_1_106' title='bbox 609 1675 742 1712; x_wconf 82' lang='lat' dir='ltr'>indicat</span> <span class='ocrx_word' id='word_1_107' title='bbox 777 1676 935 1724; x_wconf 79' lang='lat' dir='ltr'>indeque</span> <span class='ocrx_word' id='word_1_108' title='bbox 963 1678 1018 1714; x_wconf 89' lang='lat' dir='ltr'>di-</span> 
     </span>
     <span class='ocr_line' id='line_1_25' title="bbox 368 1730 1017 1781; baseline 0.012 -17"><span class='ocrx_word' id='word_1_109' title='bbox 368 1730 562 1778; x_wconf 81' lang='lat' dir='ltr'>stinguitur</span> <span class='ocrx_word' id='word_1_110' title='bbox 581 1731 626 1767; x_wconf 89' lang='lat' dir='ltr'>ab</span> <span class='ocrx_word' id='word_1_111' title='bbox 646 1745 710 1778; x_wconf 90' lang='lat' dir='ltr'>eo,</span> <span class='ocrx_word' id='word_1_112' title='bbox 735 1733 834 1781; x_wconf 85' lang='lat' dir='ltr'>quod</span> <span class='ocrx_word' id='word_1_113' title='bbox 857 1732 1017 1772; x_wconf 78' lang='grc' dir='ltr'><strong><em>δίκτυον</em></strong></span> 
     </span>
     <span class='ocr_line' id='line_1_26' title="bbox 367 1785 1015 1836; baseline 0.003 -14"><span class='ocrx_word' id='word_1_114' title='bbox 367 1785 504 1823; x_wconf 90' lang='lat' dir='ltr'>dicitur.</span> <span class='ocrx_word' id='word_1_115' title='bbox 534 1787 684 1824; x_wconf 84' lang='lat' dir='ltr'>Praeter</span> <span class='ocrx_word' id='word_1_116' title='bbox 700 1800 763 1835; x_wconf 87' lang='lat' dir='ltr'>ea,</span> <span class='ocrx_word' id='word_1_117' title='bbox 793 1801 886 1836; x_wconf 88' lang='lat' dir='ltr'>quae</span> <span class='ocrx_word' id='word_1_118' title='bbox 905 1788 1015 1825; x_wconf 83' lang='lat' dir='ltr'>Lexi-</span> 
     </span>
     <span class='ocr_line' id='line_1_27' title="bbox 366 1842 1017 1890; baseline 0.005 -12"><span class='ocrx_word' id='word_1_119' title='bbox 366 1854 410 1878; x_wconf 88' lang='lat' dir='ltr'>ca</span> <span class='ocrx_word' id='word_1_120' title='bbox 443 1842 621 1890; x_wconf 86' lang='lat' dir='ltr'>offerunt,</span> <span class='ocrx_word' id='word_1_121' title='bbox 659 1843 723 1880; x_wconf 84' lang='lat' dir='ltr'>Cr.</span> <span class='ocrx_word' id='word_1_122' title='bbox 765 1845 904 1881; x_wconf 85' lang='lat' dir='ltr'>confert</span> <span class='ocrx_word' id='word_1_123' title='bbox 927 1845 1017 1881; x_wconf 68' lang='lat' dir='ltr'>Bat-</span> 
     </span>
     <span class='ocr_line' id='line_1_28' title="bbox 366 1898 1014 1950; baseline 0.005 -16"><span class='ocrx_word' id='word_1_124' title='bbox 366 1898 471 1946; x_wconf 88' lang='lat' dir='ltr'>tiger.</span> <span class='ocrx_word' id='word_1_125' title='bbox 498 1899 535 1934; x_wconf 92' lang='lat' dir='ltr'>in</span> <span class='ocrx_word' id='word_1_126' title='bbox 560 1898 749 1936; x_wconf 85' lang='lat' dir='ltr'>Amalthea</span> <span class='ocrx_word' id='word_1_127' title='bbox 770 1900 800 1936; x_wconf 92' lang='lat' dir='ltr'>ll</span> <span class='ocrx_word' id='word_1_128' title='bbox 831 1913 915 1950; x_wconf 87' lang='lat' dir='ltr'>pag.</span> <span class='ocrx_word' id='word_1_129' title='bbox 934 1904 1014 1942; x_wconf 82' lang='lat'>307</span> 
     </span>
     <span class='ocr_line' id='line_1_29' title="bbox 364 1951 1014 2005; baseline 0.005 -15"><span class='ocrx_word' id='word_1_130' title='bbox 364 1958 440 1991; x_wconf 87' lang='lat' dir='ltr'>not.</span> <span class='ocrx_word' id='word_1_131' title='bbox 466 1952 566 1991; x_wconf 84' lang='lat' dir='ltr'>Alias</span> <span class='ocrx_word' id='word_1_132' title='bbox 591 1953 615 1993; x_wconf 83' lang='grc' dir='ltr'>ό</span> <span class='ocrx_word' id='word_1_133' title='bbox 638 1951 752 2005; x_wconf 85' lang='grc' dir='ltr'><strong><em>βόλος</em></strong></span> <span class='ocrx_word' id='word_1_134' title='bbox 780 1956 827 1993; x_wconf 89' lang='lat' dir='ltr'>de</span> <span class='ocrx_word' id='word_1_135' title='bbox 854 1957 1014 2005; x_wconf 82' lang='lat' dir='ltr'>piscibus</span> 
     </span>
     <span class='ocr_line' id='line_1_30' title="bbox 365 2011 1015 2062; baseline 0.003 -15"><span class='ocrx_word' id='word_1_136' title='bbox 365 2011 454 2060; x_wconf 82' lang='lat' dir='ltr'>ipsis</span> <span class='ocrx_word' id='word_1_137' title='bbox 481 2024 555 2047; x_wconf 88' lang='lat' dir='ltr'>uno</span> <span class='ocrx_word' id='word_1_138' title='bbox 583 2013 669 2048; x_wconf 87' lang='lat' dir='ltr'>retis</span> <span class='ocrx_word' id='word_1_139' title='bbox 695 2012 788 2048; x_wconf 86' lang='lat' dir='ltr'>iactu</span> <span class='ocrx_word' id='word_1_140' title='bbox 819 2014 933 2062; x_wconf 86' lang='lat' dir='ltr'>captis</span> <span class='ocrx_word' id='word_1_141' title='bbox 961 2014 1015 2050; x_wconf 89' lang='lat' dir='ltr'>di-</span> 
     </span>
     <span class='ocr_line' id='line_1_31' title="bbox 364 2066 1013 2118; baseline 0.003 -14"><span class='ocrx_word' id='word_1_142' title='bbox 364 2068 476 2111; x_wconf 68' lang='lat' dir='ltr'>citur,</span> <span class='ocrx_word' id='word_1_143' title='bbox 504 2072 543 2104; x_wconf 86' lang='lat' dir='ltr'>ut</span> <span class='ocrx_word' id='word_1_144' title='bbox 560 2067 595 2103; x_wconf 92' lang='lat' dir='ltr'>in</span> <span class='ocrx_word' id='word_1_145' title='bbox 612 2066 778 2117; x_wconf 73' lang='lat' dir='ltr'>Aeschyl.</span> <span class='ocrx_word' id='word_1_146' title='bbox 801 2068 901 2105; x_wconf 82' lang='lat' dir='ltr'>Pers.</span> <span class='ocrx_word' id='word_1_147' title='bbox 918 2069 1013 2118; x_wconf 80' lang='lat'>430,</span> 
     </span>
     <span class='ocr_line' id='line_1_32' title="bbox 364 2123 1015 2171; baseline 0.003 -12"><span class='ocrx_word' id='word_1_148' title='bbox 364 2123 425 2159; x_wconf 90' lang='lat' dir='ltr'>nbi</span> <span class='ocrx_word' id='word_1_149' title='bbox 446 2124 517 2160; x_wconf 90' lang='lat' dir='ltr'>vid.</span> <span class='ocrx_word' id='word_1_150' title='bbox 538 2123 740 2161; x_wconf 88' lang='lat' dir='ltr'>Blomfield.</span> <span class='ocrx_word' id='word_1_151' title='bbox 766 2125 802 2160; x_wconf 89' lang='lat' dir='ltr'>in</span> <span class='ocrx_word' id='word_1_152' title='bbox 828 2125 1015 2171; x_wconf 84' lang='lat' dir='ltr'>Glossar.;</span> 
     </span>
     <span class='ocr_line' id='line_1_33' title="bbox 364 2179 1013 2229; baseline 0.005 -14"><span class='ocrx_word' id='word_1_153' title='bbox 364 2179 420 2216; x_wconf 89' lang='lat' dir='ltr'>cui</span> <span class='ocrx_word' id='word_1_154' title='bbox 457 2180 520 2217; x_wconf 85' lang='lat' dir='ltr'>Cr.</span> <span class='ocrx_word' id='word_1_155' title='bbox 550 2180 652 2217; x_wconf 91' lang='lat' dir='ltr'>addit</span> <span class='ocrx_word' id='word_1_156' title='bbox 679 2180 931 2229; x_wconf 51' lang='lat' dir='ltr'>WJttenbach.</span> <span class='ocrx_word' id='word_1_157' title='bbox 966 2183 1013 2218; x_wconf 90' lang='lat' dir='ltr'>ad</span> 
     </span>
     <span class='ocr_line' id='line_1_34' title="bbox 364 2235 1012 2287; baseline 0.006 -17"><span class='ocrx_word' id='word_1_158' title='bbox 364 2235 543 2272; x_wconf 80' lang='lat' dir='ltr'>Plutarch.</span> <span class='ocrx_word' id='word_1_159' title='bbox 564 2237 705 2274; x_wconf 84' lang='lat' dir='ltr'>Morall.</span> <span class='ocrx_word' id='word_1_160' title='bbox 726 2237 805 2274; x_wconf 85' lang='lat' dir='ltr'>Vol.</span> <span class='ocrx_word' id='word_1_161' title='bbox 820 2237 853 2273; x_wconf 85' lang='lat' dir='ltr'>ll</span> <span class='ocrx_word' id='word_1_162' title='bbox 869 2251 904 2287; x_wconf 92' lang='lat' dir='ltr'>p.</span> <span class='ocrx_word' id='word_1_163' title='bbox 919 2240 1012 2279; x_wconf 79' lang='grc'><strong>633.</strong></span> 
     </span>
     <span class='ocr_line' id='line_1_35' title="bbox 364 2291 1015 2341; baseline 0.006 -15"><span class='ocrx_word' id='word_1_164' title='bbox 364 2291 460 2328; x_wconf 91' lang='lat' dir='ltr'>Hinc</span> <span class='ocrx_word' id='word_1_165' title='bbox 479 2293 513 2328; x_wconf 91' lang='lat' dir='ltr'>in</span> <span class='ocrx_word' id='word_1_166' title='bbox 534 2292 568 2329; x_wconf 87' lang='lat' dir='ltr'>T</span> <span class='ocrx_word' id='word_1_167' title='bbox 571 2293 716 2330; x_wconf 86' lang='lat' dir='ltr'>heocrit.</span> <span class='ocrx_word' id='word_1_168' title='bbox 736 2293 764 2341; x_wconf 92' lang='lat' dir='ltr'>I,</span> <span class='ocrx_word' id='word_1_169' title='bbox 796 2294 849 2334; x_wconf 84' lang='lat'>40</span> <span class='ocrx_word' id='word_1_170' title='bbox 869 2307 890 2330; x_wconf 86' lang='lat' dir='ltr'>a</span> <span class='ocrx_word' id='word_1_171' title='bbox 909 2294 1015 2330; x_wconf 80' lang='lat' dir='ltr'>seho-</span> 
     </span>
     <span class='ocr_line' id='line_1_36' title="bbox 364 2347 1010 2401; baseline 0.005 -18"><span class='ocrx_word' id='word_1_172' title='bbox 364 2347 419 2383; x_wconf 86' lang='lat' dir='ltr'>liis</span> <span class='ocrx_word' id='word_1_173' title='bbox 436 2348 631 2398; x_wconf 76' lang='lat' dir='ltr'>explicatur</span> <span class='ocrx_word' id='word_1_174' title='bbox 653 2347 772 2401; x_wconf 70' lang='grc' dir='ltr'><em>ἄγρα,</em></span> <span class='ocrx_word' id='word_1_175' title='bbox 804 2355 840 2388; x_wconf 90' lang='lat' dir='ltr'>et</span> <span class='ocrx_word' id='word_1_176' title='bbox 857 2350 1010 2388; x_wconf 87' lang='lat' dir='ltr'>Latinus</span> 
     </span>
     <span class='ocr_line' id='line_1_37' title="bbox 364 2404 1010 2454; baseline 0.006 -15"><span class='ocrx_word' id='word_1_177' title='bbox 364 2404 517 2454; x_wconf 80' lang='lat' dir='ltr'>scriptor</span> <span class='ocrx_word' id='word_1_178' title='bbox 534 2404 649 2441; x_wconf 86' lang='lat' dir='ltr'>Varro</span> <span class='ocrx_word' id='word_1_179' title='bbox 675 2407 847 2443; x_wconf 91' lang='lat' dir='ltr'>vocabulo</span> <span class='ocrx_word' id='word_1_180' title='bbox 869 2408 1010 2443; x_wconf 83' lang='lat' dir='ltr'>Graeco</span> 
     </span>
     <span class='ocr_line' id='line_1_38' title="bbox 364 2459 1010 2510; baseline 0.006 -15"><span class='ocrx_word' id='word_1_181' title='bbox 364 2459 449 2496; x_wconf 91' lang='lat' dir='ltr'>lucri</span> <span class='ocrx_word' id='word_1_182' title='bbox 474 2473 583 2497; x_wconf 86' lang='lat' dir='ltr'>sensu</span> <span class='ocrx_word' id='word_1_183' title='bbox 609 2463 717 2499; x_wconf 83' lang='lat' dir='ltr'>utitur</span> <span class='ocrx_word' id='word_1_184' title='bbox 741 2463 777 2499; x_wconf 88' lang='lat' dir='ltr'>in</span> <span class='ocrx_word' id='word_1_185' title='bbox 802 2463 875 2499; x_wconf 85' lang='lat' dir='ltr'>his:</span> <span class='ocrx_word' id='word_1_186' title='bbox 906 2491 930 2510; x_wconf 90' lang='lat'>„</span> <span class='ocrx_word' id='word_1_187' title='bbox 944 2462 1010 2499; x_wconf 88' lang='lat' dir='ltr'>sed</span> 
     </span>
     <span class='ocr_line' id='line_1_39' title="bbox 364 2517 1010 2569; baseline 0.008 -18"><span class='ocrx_word' id='word_1_188' title='bbox 364 2520 402 2551; x_wconf 94' lang='lat' dir='ltr'>ut</span> <span class='ocrx_word' id='word_1_189' title='bbox 422 2517 515 2554; x_wconf 92' lang='lat' dir='ltr'>hunc</span> <span class='ocrx_word' id='word_1_190' title='bbox 534 2518 645 2554; x_wconf 78' lang='lat' dir='ltr'>bolum</span> <span class='ocrx_word' id='word_1_191' title='bbox 672 2520 902 2569; x_wconf 79' lang='lat' dir='ltr'>perveniaS.“</span> <span class='ocrx_word' id='word_1_192' title='bbox 933 2518 1010 2565; x_wconf 85' lang='lat' dir='ltr'>(De</span> 
     </span>
     <span class='ocr_line' id='line_1_40' title="bbox 362 2571 1009 2625; baseline 0.009 -17"><span class='ocrx_word' id='word_1_193' title='bbox 362 2571 420 2609; x_wconf 80' lang='lat' dir='ltr'>Re</span> <span class='ocrx_word' id='word_1_194' title='bbox 446 2574 564 2610; x_wconf 85' lang='lat' dir='ltr'>rustic.</span> <span class='ocrx_word' id='word_1_195' title='bbox 592 2574 664 2621; x_wconf 83' lang='lat'>111,</span> <span class='ocrx_word' id='word_1_196' title='bbox 697 2578 743 2621; x_wconf 79' lang='lat'>2,</span> <span class='ocrx_word' id='word_1_197' title='bbox 776 2578 826 2616; x_wconf 85' lang='lat'>16</span> <span class='ocrx_word' id='word_1_198' title='bbox 855 2588 891 2625; x_wconf 91' lang='lat' dir='ltr'>p.</span> <span class='ocrx_word' id='word_1_199' title='bbox 927 2576 1009 2616; x_wconf 76' lang='lat'>278</span> 
     </span>
     <span class='ocr_line' id='line_1_41' title="bbox 362 2628 1009 2680; baseline 0.005 -17"><span class='ocrx_word' id='word_1_200' title='bbox 362 2628 551 2678; x_wconf 85' lang='lat' dir='ltr'>Schneid.)</span> <span class='ocrx_word' id='word_1_201' title='bbox 586 2629 791 2680; x_wconf 87' lang='lat' dir='ltr'>Respicitur</span> <span class='ocrx_word' id='word_1_202' title='bbox 821 2635 940 2669; x_wconf 76' lang='lat' dir='ltr'>autem</span> <span class='ocrx_word' id='word_1_203' title='bbox 973 2632 1009 2667; x_wconf 92' lang='lat' dir='ltr'>in</span> 
     </span>
     <span class='ocr_line' id='line_1_42' title="bbox 362 2685 1009 2737; baseline 0.006 -18"><span class='ocrx_word' id='word_1_204' title='bbox 362 2685 526 2732; x_wconf 85' lang='lat' dir='ltr'>oraculo,</span> <span class='ocrx_word' id='word_1_205' title='bbox 555 2688 653 2735; x_wconf 84' lang='lat' dir='ltr'>quod</span> <span class='ocrx_word' id='word_1_206' title='bbox 679 2687 712 2723; x_wconf 89' lang='lat' dir='ltr'>h.</span> <span class='ocrx_word' id='word_1_207' title='bbox 731 2687 753 2724; x_wconf 94' lang='lat' dir='ltr'>l.</span> <span class='ocrx_word' id='word_1_208' title='bbox 784 2688 935 2737; x_wconf 85' lang='lat' dir='ltr'>legitur,</span> <span class='ocrx_word' id='word_1_209' title='bbox 966 2699 1009 2724; x_wconf 80' lang='lat' dir='ltr'>ea</span> 
     </span>
     <span class='ocr_line' id='line_1_43' title="bbox 362 2740 1007 2792; baseline 0.008 -17"><span class='ocrx_word' id='word_1_210' title='bbox 362 2740 534 2790; x_wconf 83' lang='lat' dir='ltr'>piscatio,</span> <span class='ocrx_word' id='word_1_211' title='bbox 569 2756 662 2791; x_wconf 87' lang='lat' dir='ltr'>quae</span> <span class='ocrx_word' id='word_1_212' title='bbox 689 2744 774 2792; x_wconf 82' lang='lat' dir='ltr'>quia</span> <span class='ocrx_word' id='word_1_213' title='bbox 807 2749 910 2782; x_wconf 87' lang='lat' dir='ltr'>nocte</span> <span class='ocrx_word' id='word_1_214' title='bbox 944 2744 1007 2780; x_wconf 80' lang='lat' dir='ltr'>sie-</span> 
     </span>
     <span class='ocr_line' id='line_1_44' title="bbox 363 2797 1007 2849; baseline 0.006 -18"><span class='ocrx_word' id='word_1_215' title='bbox 363 2797 443 2843; x_wconf 85' lang='lat' dir='ltr'>bat,</span> <span class='ocrx_word' id='word_1_216' title='bbox 490 2797 764 2849; x_wconf 75' lang='grc' dir='ltr'><strong><em>νυκτερευτική</em></strong></span> <span class='ocrx_word' id='word_1_217' title='bbox 813 2801 1007 2845; x_wconf 83' lang='lat' dir='ltr'>dicebatur,</span> 
     </span>
     <span class='ocr_line' id='line_1_45' title="bbox 363 2853 1007 2901; baseline 0.005 -13"><span class='ocrx_word' id='word_1_218' title='bbox 363 2853 409 2889; x_wconf 92' lang='lat' dir='ltr'>de</span> <span class='ocrx_word' id='word_1_219' title='bbox 435 2866 506 2901; x_wconf 83' lang='lat' dir='ltr'>qua</span> <span class='ocrx_word' id='word_1_220' title='bbox 537 2855 603 2894; x_wconf 83' lang='lat' dir='ltr'>Cr.</span> <span class='ocrx_word' id='word_1_221' title='bbox 636 2857 721 2892; x_wconf 82' lang='lat' dir='ltr'>citat</span> <span class='ocrx_word' id='word_1_222' title='bbox 752 2856 842 2893; x_wconf 79' lang='lat' dir='ltr'>l‘lat.</span> <span class='ocrx_word' id='word_1_223' title='bbox 882 2858 919 2893; x_wconf 92' lang='lat' dir='ltr'>in</span> <span class='ocrx_word' id='word_1_224' title='bbox 938 2857 1007 2891; x_wconf 90' lang='lat' dir='ltr'>So-</span> 
     </span>
     <span class='ocr_line' id='line_1_46' title="bbox 362 2909 1004 2961; baseline 0.006 -17"><span class='ocrx_word' id='word_1_225' title='bbox 362 2909 469 2960; x_wconf 88' lang='lat' dir='ltr'>phist.</span> <span class='ocrx_word' id='word_1_226' title='bbox 499 2923 583 2961; x_wconf 88' lang='lat' dir='ltr'>pag.</span> <span class='ocrx_word' id='word_1_227' title='bbox 619 2915 724 2960; x_wconf 71' lang='grc'>220,</span> <span class='ocrx_word' id='word_1_228' title='bbox 759 2912 806 2959; x_wconf 89' lang='lat' dir='ltr'>D,</span> <span class='ocrx_word' id='word_1_229' title='bbox 835 2914 894 2950; x_wconf 87' lang='lat' dir='ltr'>ubi</span> <span class='ocrx_word' id='word_1_230' title='bbox 934 2913 1004 2949; x_wconf 77' lang='lat' dir='ltr'>vid.</span> 
     </span>
    </p>
   </div>
   <div class='ocr_carea' id='block_1_8' title="bbox 1075 776 1745 2962">
    <p class='ocr_par' dir='ltr' id='par_1_10' title="bbox 1075 776 1745 2398">
     <span class='ocr_line' id='line_1_47' title="bbox 1093 776 1744 830; baseline -0.006 -12"><span class='ocrx_word' id='word_1_231' title='bbox 1093 779 1285 818; x_wconf 80' lang='lat' dir='ltr'>Heindorf.</span> <span class='ocrx_word' id='word_1_232' title='bbox 1349 792 1434 830; x_wconf 88' lang='lat' dir='ltr'>pag.</span> <span class='ocrx_word' id='word_1_233' title='bbox 1494 781 1586 821; x_wconf 81' lang='lat'>287.</span> <span class='ocrx_word' id='word_1_234' title='bbox 1644 776 1744 815; x_wconf 87' lang='lat' dir='ltr'>Alias</span> 
     </span>
     <span class='ocr_line' id='line_1_48' title="bbox 1092 835 1745 886; baseline -0.005 -13"><span class='ocrx_word' id='word_1_235' title='bbox 1092 837 1308 885; x_wconf 67' lang='lat' dir='ltr'>thynnorum</span> <span class='ocrx_word' id='word_1_236' title='bbox 1363 836 1572 886; x_wconf 79' lang='lat' dir='ltr'>piscationis</span> <span class='ocrx_word' id='word_1_237' title='bbox 1620 835 1745 872; x_wconf 85' lang='lat' dir='ltr'>crebra</span> 
     </span>
     <span class='ocr_line' id='line_1_49' title="bbox 1093 891 1743 942; baseline -0.003 -14"><span class='ocrx_word' id='word_1_238' title='bbox 1093 894 1251 937; x_wconf 77' lang='lat' dir='ltr'>menti03</span> <span class='ocrx_word' id='word_1_239' title='bbox 1309 905 1403 941; x_wconf 85' lang='lat' dir='ltr'>quae</span> <span class='ocrx_word' id='word_1_240' title='bbox 1443 892 1656 942; x_wconf 88' lang='lat' dir='ltr'>plerumque</span> <span class='ocrx_word' id='word_1_241' title='bbox 1695 891 1743 926; x_wconf 86' lang='lat' dir='ltr'>ita</span> 
     </span>
     <span class='ocr_line' id='line_1_50' title="bbox 1093 947 1743 997; baseline -0.005 -12"><span class='ocrx_word' id='word_1_242' title='bbox 1093 949 1228 995; x_wconf 82' lang='lat' dir='ltr'>fiebat,</span> <span class='ocrx_word' id='word_1_243' title='bbox 1260 953 1298 984; x_wconf 89' lang='lat' dir='ltr'>ut</span> <span class='ocrx_word' id='word_1_244' title='bbox 1327 949 1407 997; x_wconf 88' lang='lat' dir='ltr'>quis</span> <span class='ocrx_word' id='word_1_245' title='bbox 1437 949 1473 984; x_wconf 90' lang='lat' dir='ltr'>in</span> <span class='ocrx_word' id='word_1_246' title='bbox 1494 948 1605 985; x_wconf 85' lang='lat' dir='ltr'>altum</span> <span class='ocrx_word' id='word_1_247' title='bbox 1627 947 1743 983; x_wconf 88' lang='lat' dir='ltr'>locum</span> 
     </span>
     <span class='ocr_line' id='line_1_51' title="bbox 1093 1004 1742 1052; baseline -0.003 -12"><span class='ocrx_word' id='word_1_248' title='bbox 1093 1005 1353 1051; x_wconf 79' lang='lat' dir='ltr'>adscenderet,</span> <span class='ocrx_word' id='word_1_249' title='bbox 1398 1005 1494 1041; x_wconf 86' lang='lat' dir='ltr'>unde</span> <span class='ocrx_word' id='word_1_250' title='bbox 1526 1004 1742 1052; x_wconf 55' lang='lat' dir='ltr'>thynnorum</span> 
     </span>
     <span class='ocr_line' id='line_1_52' title="bbox 1094 1059 1741 1109; baseline -0.003 -13"><span class='ocrx_word' id='word_1_251' title='bbox 1094 1073 1244 1109; x_wconf 77' lang='lat' dir='ltr'>gregem</span> <span class='ocrx_word' id='word_1_252' title='bbox 1267 1059 1529 1109; x_wconf 79' lang='lat' dir='ltr'>specularetur,</span> <span class='ocrx_word' id='word_1_253' title='bbox 1559 1073 1630 1108; x_wconf 87' lang='lat' dir='ltr'>quo</span> <span class='ocrx_word' id='word_1_254' title='bbox 1651 1059 1741 1105; x_wconf 83' lang='lat' dir='ltr'>viso,</span> 
     </span>
     <span class='ocr_line' id='line_1_53' title="bbox 1093 1114 1740 1166; baseline -0.006 -13"><span class='ocrx_word' id='word_1_255' title='bbox 1093 1118 1237 1165; x_wconf 85' lang='lat' dir='ltr'>signum</span> <span class='ocrx_word' id='word_1_256' title='bbox 1264 1116 1502 1166; x_wconf 65' lang='lat' dir='ltr'>piscatoribus</span> <span class='ocrx_word' id='word_1_257' title='bbox 1527 1116 1651 1161; x_wconf 86' lang='lat' dir='ltr'>daret,</span> <span class='ocrx_word' id='word_1_258' title='bbox 1681 1114 1740 1162; x_wconf 92' lang='lat' dir='ltr'>qui</span> 
     </span>
     <span class='ocr_line' id='line_1_54' title="bbox 1092 1170 1742 1221; baseline -0.005 -12"><span class='ocrx_word' id='word_1_259' title='bbox 1092 1174 1230 1211; x_wconf 83' lang='lat' dir='ltr'>retibus</span> <span class='ocrx_word' id='word_1_260' title='bbox 1258 1177 1373 1209; x_wconf 90' lang='lat' dir='ltr'>totum</span> <span class='ocrx_word' id='word_1_261' title='bbox 1402 1184 1551 1221; x_wconf 86' lang='lat' dir='ltr'>gregem</span> <span class='ocrx_word' id='word_1_262' title='bbox 1582 1170 1742 1208; x_wconf 90' lang='lat' dir='ltr'>include-</span> 
     </span>
     <span class='ocr_line' id='line_1_55' title="bbox 1092 1227 1741 1278; baseline -0.005 -12"><span class='ocrx_word' id='word_1_263' title='bbox 1092 1234 1183 1267; x_wconf 86' lang='lat' dir='ltr'>rent.</span> <span class='ocrx_word' id='word_1_264' title='bbox 1227 1229 1338 1272; x_wconf 83' lang='lat' dir='ltr'>Quod</span> <span class='ocrx_word' id='word_1_265' title='bbox 1371 1233 1456 1278; x_wconf 83' lang='lat' dir='ltr'>post</span> <span class='ocrx_word' id='word_1_266' title='bbox 1485 1227 1741 1264; x_wconf 84' lang='lat' dir='ltr'>Philostratum</span> 
     </span>
     <span class='ocr_line' id='line_1_56' title="bbox 1092 1283 1740 1334; baseline -0.006 -11"><span class='ocrx_word' id='word_1_267' title='bbox 1092 1288 1128 1323; x_wconf 93' lang='lat' dir='ltr'>in</span> <span class='ocrx_word' id='word_1_268' title='bbox 1149 1286 1245 1323; x_wconf 87' lang='lat' dir='ltr'>leon.</span> <span class='ocrx_word' id='word_1_269' title='bbox 1268 1285 1307 1331; x_wconf 86' lang='lat'>1,</span> <span class='ocrx_word' id='word_1_270' title='bbox 1339 1286 1390 1326; x_wconf 84' lang='lat'>13</span> <span class='ocrx_word' id='word_1_271' title='bbox 1415 1284 1561 1334; x_wconf 87' lang='lat' dir='ltr'>copiose</span> <span class='ocrx_word' id='word_1_272' title='bbox 1581 1296 1656 1321; x_wconf 90' lang='lat' dir='ltr'>rem</span> <span class='ocrx_word' id='word_1_273' title='bbox 1675 1283 1740 1320; x_wconf 93' lang='lat' dir='ltr'>de-</span> 
     </span>
     <span class='ocr_line' id='line_1_57' title="bbox 1088 1338 1740 1391; baseline -0.006 -13"><span class='ocrx_word' id='word_1_274' title='bbox 1088 1343 1302 1379; x_wconf 87' lang='lat' dir='ltr'>scribentem</span> <span class='ocrx_word' id='word_1_275' title='bbox 1331 1346 1416 1391; x_wconf 80' lang='lat' dir='ltr'>apte</span> <span class='ocrx_word' id='word_1_276' title='bbox 1450 1340 1588 1377; x_wconf 81' lang='lat' dir='ltr'>monuit</span> <span class='ocrx_word' id='word_1_277' title='bbox 1618 1338 1740 1375; x_wconf 90' lang='lat' dir='ltr'>Blom-</span> 
     </span>
     <span class='ocr_line' id='line_1_58' title="bbox 1088 1395 1739 1443; baseline -0.008 -8"><span class='ocrx_word' id='word_1_278' title='bbox 1088 1399 1182 1435; x_wconf 85' lang='lat' dir='ltr'>field.</span> <span class='ocrx_word' id='word_1_279' title='bbox 1212 1399 1233 1435; x_wconf 93' lang='lat' dir='ltr'>l.</span> <span class='ocrx_word' id='word_1_280' title='bbox 1261 1398 1307 1443; x_wconf 89' lang='lat' dir='ltr'>l.,</span> <span class='ocrx_word' id='word_1_281' title='bbox 1338 1397 1447 1434; x_wconf 86' lang='lat' dir='ltr'>multa</span> <span class='ocrx_word' id='word_1_282' title='bbox 1467 1396 1533 1433; x_wconf 84' lang='lat' dir='ltr'>alia</span> <span class='ocrx_word' id='word_1_283' title='bbox 1555 1395 1739 1443; x_wconf 89' lang='lat' dir='ltr'>colligens,</span> 
     </span>
     <span class='ocr_line' id='line_1_59' title="bbox 1087 1452 1739 1502; baseline -0.005 -11"><span class='ocrx_word' id='word_1_284' title='bbox 1087 1455 1185 1492; x_wconf 90' lang='lat' dir='ltr'>unde</span> <span class='ocrx_word' id='word_1_285' title='bbox 1236 1457 1333 1491; x_wconf 89' lang='lat' dir='ltr'>certe</span> <span class='ocrx_word' id='word_1_286' title='bbox 1373 1453 1440 1489; x_wconf 81' lang='lat' dir='ltr'>hoc</span> <span class='ocrx_word' id='word_1_287' title='bbox 1484 1452 1658 1502; x_wconf 80' lang='lat' dir='ltr'>probatur</span> <span class='ocrx_word' id='word_1_288' title='bbox 1700 1452 1739 1488; x_wconf 90' lang='lat' dir='ltr'>id</span> 
     </span>
     <span class='ocr_line' id='line_1_60' title="bbox 1085 1507 1738 1561; baseline -0.002 -16"><span class='ocrx_word' id='word_1_289' title='bbox 1085 1509 1248 1561; x_wconf 82' lang='lat' dir='ltr'>piscandi</span> <span class='ocrx_word' id='word_1_290' title='bbox 1271 1522 1386 1557; x_wconf 85' lang='lat' dir='ltr'>genus</span> <span class='ocrx_word' id='word_1_291' title='bbox 1413 1507 1738 1557; x_wconf 81' lang='lat' dir='ltr'>frequentissimum</span> 
     </span>
     <span class='ocr_line' id='line_1_61' title="bbox 1087 1564 1738 1613; baseline -0.003 -10"><span class='ocrx_word' id='word_1_292' title='bbox 1087 1567 1199 1603; x_wconf 69' lang='lat' dir='ltr'>fuisse</span> <span class='ocrx_word' id='word_1_293' title='bbox 1245 1565 1425 1613; x_wconf 71' lang='lat' dir='ltr'>valdeque</span> <span class='ocrx_word' id='word_1_294' title='bbox 1473 1565 1506 1602; x_wconf 84' lang='lat' dir='ltr'>ei</span> <span class='ocrx_word' id='word_1_295' title='bbox 1543 1564 1738 1601; x_wconf 83' lang='lat' dir='ltr'>indulsisse</span> 
     </span>
     <span class='ocr_line' id='line_1_62' title="bbox 1085 1621 1737 1671; baseline -0.003 -13"><span class='ocrx_word' id='word_1_296' title='bbox 1085 1628 1245 1668; x_wconf 65' lang='lat' dir='ltr'>xetereS,</span> <span class='ocrx_word' id='word_1_297' title='bbox 1275 1622 1436 1671; x_wconf 84' lang='lat' dir='ltr'>inprimis</span> <span class='ocrx_word' id='word_1_298' title='bbox 1463 1621 1601 1657; x_wconf 81' lang='lat' dir='ltr'>Atticos</span> <span class='ocrx_word' id='word_1_299' title='bbox 1623 1621 1737 1657; x_wconf 90' lang='lat' dir='ltr'>homi-</span> 
     </span>
     <span class='ocr_line' id='line_1_63' title="bbox 1085 1678 1738 1726; baseline -0.005 -11"><span class='ocrx_word' id='word_1_300' title='bbox 1085 1692 1161 1716; x_wconf 76' lang='lat' dir='ltr'>neS.</span> <span class='ocrx_word' id='word_1_301' title='bbox 1194 1679 1304 1715; x_wconf 70' lang='lat' dir='ltr'>Unde</span> <span class='ocrx_word' id='word_1_302' title='bbox 1325 1678 1529 1726; x_wconf 78' lang='lat' dir='ltr'>imaginem,</span> <span class='ocrx_word' id='word_1_303' title='bbox 1559 1689 1632 1725; x_wconf 86' lang='lat' dir='ltr'>qua</span> <span class='ocrx_word' id='word_1_304' title='bbox 1655 1688 1738 1713; x_wconf 86' lang='lat' dir='ltr'>ora-</span> 
     </span>
     <span class='ocr_line' id='line_1_64' title="bbox 1085 1733 1736 1782; baseline -0.003 -11"><span class='ocrx_word' id='word_1_305' title='bbox 1085 1735 1200 1772; x_wconf 86' lang='lat' dir='ltr'>culum</span> <span class='ocrx_word' id='word_1_306' title='bbox 1232 1735 1360 1781; x_wconf 83' lang='lat' dir='ltr'>utitur,</span> <span class='ocrx_word' id='word_1_307' title='bbox 1398 1746 1472 1769; x_wconf 89' lang='lat' dir='ltr'>non</span> <span class='ocrx_word' id='word_1_308' title='bbox 1499 1733 1608 1780; x_wconf 88' lang='lat' dir='ltr'>longe</span> <span class='ocrx_word' id='word_1_309' title='bbox 1632 1745 1736 1782; x_wconf 85' lang='lat' dir='ltr'>repe-</span> 
     </span>
     <span class='ocr_line' id='line_1_65' title="bbox 1084 1789 1737 1838; baseline -0.003 -12"><span class='ocrx_word' id='word_1_310' title='bbox 1084 1792 1187 1827; x_wconf 85' lang='lat' dir='ltr'>titam</span> <span class='ocrx_word' id='word_1_311' title='bbox 1216 1795 1250 1826; x_wconf 91' lang='lat' dir='ltr'>et</span> <span class='ocrx_word' id='word_1_312' title='bbox 1273 1790 1496 1838; x_wconf 69' lang='lat' dir='ltr'>quaesitam,</span> <span class='ocrx_word' id='word_1_313' title='bbox 1526 1789 1592 1826; x_wconf 90' lang='lat' dir='ltr'>sed</span> <span class='ocrx_word' id='word_1_314' title='bbox 1616 1801 1659 1826; x_wconf 86' lang='lat' dir='ltr'>ex</span> <span class='ocrx_word' id='word_1_315' title='bbox 1676 1801 1737 1824; x_wconf 87' lang='lat' dir='ltr'>so-</span> 
     </span>
     <span class='ocr_line' id='line_1_66' title="bbox 1083 1845 1736 1883; baseline -0.003 -1"><span class='ocrx_word' id='word_1_316' title='bbox 1083 1846 1192 1883; x_wconf 86' lang='lat' dir='ltr'>lemni</span> <span class='ocrx_word' id='word_1_317' title='bbox 1207 1845 1390 1881; x_wconf 87' lang='lat' dir='ltr'>hominum</span> <span class='ocrx_word' id='word_1_318' title='bbox 1409 1845 1606 1882; x_wconf 81' lang='lat' dir='ltr'>Atticorum</span> <span class='ocrx_word' id='word_1_319' title='bbox 1630 1858 1736 1882; x_wconf 91' lang='lat' dir='ltr'>occu-</span> 
     </span>
     <span class='ocr_line' id='line_1_67' title="bbox 1082 1901 1735 1953; baseline -0.003 -15"><span class='ocrx_word' id='word_1_320' title='bbox 1082 1902 1231 1953; x_wconf 84' lang='lat' dir='ltr'>patione</span> <span class='ocrx_word' id='word_1_321' title='bbox 1271 1902 1470 1939; x_wconf 88' lang='lat' dir='ltr'>desumtam</span> <span class='ocrx_word' id='word_1_322' title='bbox 1507 1914 1588 1939; x_wconf 83' lang='lat' dir='ltr'>esse</span> <span class='ocrx_word' id='word_1_323' title='bbox 1621 1901 1735 1950; x_wconf 83' lang='lat' dir='ltr'>quivis</span> 
     </span>
     <span class='ocr_line' id='line_1_68' title="bbox 1081 1957 1732 2008; baseline -0.003 -13"><span class='ocrx_word' id='word_1_324' title='bbox 1081 1958 1287 2008; x_wconf 89' lang='lat' dir='ltr'>perspiciet.</span> <span class='ocrx_word' id='word_1_325' title='bbox 1344 1957 1468 1994; x_wconf 85' lang='lat' dir='ltr'>Simile</span> <span class='ocrx_word' id='word_1_326' title='bbox 1492 1961 1612 1995; x_wconf 84' lang='lat' dir='ltr'>tamen</span> <span class='ocrx_word' id='word_1_327' title='bbox 1643 1957 1732 1994; x_wconf 81' lang='lat' dir='ltr'>effa-</span> 
     </span>
     <span class='ocr_line' id='line_1_69' title="bbox 1082 2013 1734 2052; baseline -0.005 0"><span class='ocrx_word' id='word_1_328' title='bbox 1082 2021 1159 2052; x_wconf 87' lang='lat' dir='ltr'>tum</span> <span class='ocrx_word' id='word_1_329' title='bbox 1191 2014 1336 2052; x_wconf 87' lang='lat' dir='ltr'>Helveti</span> <span class='ocrx_word' id='word_1_330' title='bbox 1364 2013 1502 2050; x_wconf 86' lang='lat' dir='ltr'>comitis</span> <span class='ocrx_word' id='word_1_331' title='bbox 1537 2014 1584 2050; x_wconf 87' lang='lat' dir='ltr'>ad</span> <span class='ocrx_word' id='word_1_332' title='bbox 1624 2013 1734 2051; x_wconf 83' lang='lat' dir='ltr'>Turi·</span> 
     </span>
     <span class='ocr_line' id='line_1_70' title="bbox 1082 2069 1732 2109; baseline -0.006 0"><span class='ocrx_word' id='word_1_333' title='bbox 1082 2084 1208 2109; x_wconf 83' lang='lat' dir='ltr'>censes</span> <span class='ocrx_word' id='word_1_334' title='bbox 1232 2084 1275 2108; x_wconf 80' lang='lat' dir='ltr'>ex</span> <span class='ocrx_word' id='word_1_335' title='bbox 1296 2071 1321 2107; x_wconf 91' lang='grc' dir='ltr'>Ι.</span> <span class='ocrx_word' id='word_1_336' title='bbox 1353 2070 1495 2106; x_wconf 84' lang='lat' dir='ltr'>Miilleri</span> <span class='ocrx_word' id='word_1_337' title='bbox 1518 2070 1614 2106; x_wconf 83' lang='lat' dir='ltr'>Hist.</span> <span class='ocrx_word' id='word_1_338' title='bbox 1643 2069 1732 2106; x_wconf 86' lang='lat' dir='ltr'>Hel-</span> 
     </span>
     <span class='ocr_line' id='line_1_71' title="bbox 1082 2125 1730 2176; baseline -0.006 -12"><span class='ocrx_word' id='word_1_339' title='bbox 1082 2132 1151 2164; x_wconf 89' lang='lat' dir='ltr'>vet.</span> <span class='ocrx_word' id='word_1_340' title='bbox 1180 2127 1195 2163; x_wconf 92' lang='lat' dir='ltr'>l</span> <span class='ocrx_word' id='word_1_341' title='bbox 1223 2141 1259 2176; x_wconf 91' lang='lat' dir='ltr'>p.</span> <span class='ocrx_word' id='word_1_342' title='bbox 1288 2127 1369 2167; x_wconf 74' lang='lat'>492</span> <span class='ocrx_word' id='word_1_343' title='bbox 1399 2127 1506 2162; x_wconf 84' lang='lat' dir='ltr'>affert</span> <span class='ocrx_word' id='word_1_344' title='bbox 1553 2126 1640 2172; x_wconf 86' lang='lat' dir='ltr'>Cr.,</span> <span class='ocrx_word' id='word_1_345' title='bbox 1671 2125 1730 2161; x_wconf 91' lang='lat' dir='ltr'>ubi</span> 
     </span>
     <span class='ocr_line' id='line_1_72' title="bbox 1080 2181 1728 2234; baseline 0 -16"><span class='ocrx_word' id='word_1_346' title='bbox 1080 2183 1305 2234; x_wconf 86' lang='lat' dir='ltr'>potissimum</span> <span class='ocrx_word' id='word_1_347' title='bbox 1325 2182 1472 2218; x_wconf 83' lang='lat' dir='ltr'>attende</span> <span class='ocrx_word' id='word_1_348' title='bbox 1493 2181 1581 2217; x_wconf 85' lang='lat' dir='ltr'>haec</span> <span class='ocrx_word' id='word_1_349' title='bbox 1602 2181 1728 2218; x_wconf 67' lang='lat' dir='ltr'>xerba:</span> 
     </span>
     <span class='ocr_line' id='line_1_73' title="bbox 1079 2238 1729 2286; baseline -0.003 -12"><span class='ocrx_word' id='word_1_350' title='bbox 1079 2239 1245 2286; x_wconf 84' lang='lat' dir='ltr'>„Ziirich</span> <span class='ocrx_word' id='word_1_351' title='bbox 1279 2239 1325 2275; x_wconf 82' lang='lat' dir='ltr'>ist</span> <span class='ocrx_word' id='word_1_352' title='bbox 1355 2251 1425 2273; x_wconf 74' lang='lat' dir='ltr'>von</span> <span class='ocrx_word' id='word_1_353' title='bbox 1451 2238 1593 2274; x_wconf 86' lang='lat' dir='ltr'>meinen</span> <span class='ocrx_word' id='word_1_354' title='bbox 1616 2238 1729 2273; x_wconf 89' lang='lat' dir='ltr'>Herr-</span> 
     </span>
     <span class='ocr_line' id='line_1_74' title="bbox 1077 2293 1729 2331; baseline -0.002 -1"><span class='ocrx_word' id='word_1_355' title='bbox 1077 2295 1240 2331; x_wconf 83' lang='lat' dir='ltr'>schaften</span> <span class='ocrx_word' id='word_1_356' title='bbox 1260 2296 1323 2331; x_wconf 69' lang='lat' dir='ltr'>ieie</span> <span class='ocrx_word' id='word_1_357' title='bbox 1340 2296 1394 2330; x_wconf 73' lang='lat' dir='ltr'>ein</span> <span class='ocrx_word' id='word_1_358' title='bbox 1410 2293 1515 2330; x_wconf 67' lang='lat' dir='ltr'>Fiscla</span> <span class='ocrx_word' id='word_1_359' title='bbox 1539 2306 1612 2331; x_wconf 80' lang='lat' dir='ltr'>vom</span> <span class='ocrx_word' id='word_1_360' title='bbox 1631 2294 1729 2331; x_wconf 84' lang='lat' dir='ltr'>Garn</span> 
     </span>
     <span class='ocr_line' id='line_1_75' title="bbox 1075 2350 1278 2398; baseline -0.015 -10"><span class='ocrx_word' id='word_1_361' title='bbox 1075 2350 1278 2398; x_wconf 66' lang='lat' dir='ltr'>umgebenf‘</span> 
     </span>
    </p>

    <p class='ocr_par' dir='ltr' id='par_1_11' title="bbox 1075 2402 1726 2962">
     <span class='ocr_line' id='line_1_76' title="bbox 1131 2402 1726 2457; baseline 0.002 -13"><span class='ocrx_word' id='word_1_362' title='bbox 1131 2402 1281 2445; x_wconf 79' lang='grc' dir='ltr'><strong><em>θύννοι</em></strong></span> <span class='ocrx_word' id='word_1_363' title='bbox 1301 2402 1338 2445; x_wconf 81' lang='grc' dir='ltr'>δ’</span> <span class='ocrx_word' id='word_1_364' title='bbox 1360 2403 1595 2457; x_wconf 76' lang='grc' dir='ltr'><strong><em>οἰμήσουσι]</em></strong></span> <span class='ocrx_word' id='word_1_365' title='bbox 1626 2402 1726 2445; x_wconf 82' lang='grc' dir='ltr'><strong>θύν-</strong></span> 
     </span>
     <span class='ocr_line' id='line_1_77' title="bbox 1077 2463 1726 2501; baseline -0.002 0"><span class='ocrx_word' id='word_1_366' title='bbox 1077 2477 1140 2501; x_wconf 81' lang='grc' dir='ltr'>νοι</span> <span class='ocrx_word' id='word_1_367' title='bbox 1171 2476 1212 2500; x_wconf 82' lang='lat' dir='ltr'>ex</span> <span class='ocrx_word' id='word_1_368' title='bbox 1251 2463 1596 2501; x_wconf 80' lang='lat' dir='ltr'>Schellershemiano</span> <span class='ocrx_word' id='word_1_369' title='bbox 1636 2463 1726 2500; x_wconf 89' lang='lat' dir='ltr'>libro</span> 
     </span>
     <span class='ocr_line' id='line_1_78' title="bbox 1078 2519 1725 2570; baseline 0.003 -16"><span class='ocrx_word' id='word_1_370' title='bbox 1078 2533 1157 2555; x_wconf 89' lang='lat' dir='ltr'>cum</span> <span class='ocrx_word' id='word_1_371' title='bbox 1215 2520 1425 2556; x_wconf 80' lang='lat' dir='ltr'>Gaissordio</span> <span class='ocrx_word' id='word_1_372' title='bbox 1468 2519 1725 2570; x_wconf 80' lang='lat' dir='ltr'>praetulimus3</span> 
     </span>
     <span class='ocr_line' id='line_1_79' title="bbox 1075 2573 1726 2624; baseline 0.003 -14"><span class='ocrx_word' id='word_1_373' title='bbox 1075 2575 1185 2624; x_wconf 67' lang='lat' dir='ltr'>xulgo</span> <span class='ocrx_word' id='word_1_374' title='bbox 1210 2577 1355 2623; x_wconf 84' lang='grc' dir='ltr'><strong><em>θῦυοι,</em></strong></span> <span class='ocrx_word' id='word_1_375' title='bbox 1397 2576 1454 2613; x_wconf 85' lang='lat' dir='ltr'>alii</span> <span class='ocrx_word' id='word_1_376' title='bbox 1484 2573 1619 2614; x_wconf 79' lang='grc' dir='ltr'><strong><em>θύνοι.</em></strong></span> <span class='ocrx_word' id='word_1_377' title='bbox 1676 2575 1726 2613; x_wconf 86' lang='lat' dir='ltr'>Et</span> 
     </span>
     <span class='ocr_line' id='line_1_80' title="bbox 1075 2632 1724 2682; baseline 0 -14"><span class='ocrx_word' id='word_1_378' title='bbox 1075 2632 1320 2669; x_wconf 78' lang='lat' dir='ltr'>Blomsieldius</span> <span class='ocrx_word' id='word_1_379' title='bbox 1352 2646 1519 2682; x_wconf 77' lang='lat' dir='ltr'>quoque,</span> <span class='ocrx_word' id='word_1_380' title='bbox 1559 2632 1620 2669; x_wconf 88' lang='lat' dir='ltr'>ubi</span> <span class='ocrx_word' id='word_1_381' title='bbox 1657 2645 1724 2668; x_wconf 89' lang='lat' dir='ltr'>no-</span> 
     </span>
     <span class='ocr_line' id='line_1_81' title="bbox 1075 2689 1723 2738; baseline 0.005 -16"><span class='ocrx_word' id='word_1_382' title='bbox 1075 2692 1185 2723; x_wconf 71' lang='lat' dir='ltr'>sirum</span> <span class='ocrx_word' id='word_1_383' title='bbox 1211 2689 1327 2725; x_wconf 77' lang='lat' dir='ltr'>locum</span> <span class='ocrx_word' id='word_1_384' title='bbox 1359 2690 1479 2738; x_wconf 86' lang='lat' dir='ltr'>attigit</span> <span class='ocrx_word' id='word_1_385' title='bbox 1510 2690 1545 2724; x_wconf 88' lang='lat' dir='ltr'>iu</span> <span class='ocrx_word' id='word_1_386' title='bbox 1571 2693 1723 2725; x_wconf 84' lang='lat' dir='ltr'>annota-</span> 
     </span>
     <span class='ocr_line' id='line_1_82' title="bbox 1077 2740 1720 2793; baseline 0.006 -15"><span class='ocrx_word' id='word_1_387' title='bbox 1077 2744 1174 2782; x_wconf 78' lang='lat' dir='ltr'>tione</span> <span class='ocrx_word' id='word_1_388' title='bbox 1193 2745 1356 2793; x_wconf 80' lang='lat' dir='ltr'>laudata,</span> <span class='ocrx_word' id='word_1_389' title='bbox 1386 2747 1460 2783; x_wconf 89' lang='lat' dir='ltr'>iure</span> <span class='ocrx_word' id='word_1_390' title='bbox 1478 2745 1599 2782; x_wconf 85' lang='lat' dir='ltr'>scribit</span> <span class='ocrx_word' id='word_1_391' title='bbox 1618 2740 1720 2782; x_wconf 76' lang='grc' dir='ltr'><strong>θύν-</strong></span> 
     </span>
     <span class='ocr_line' id='line_1_83' title="bbox 1076 2801 1720 2851; baseline -0.003 -13"><span class='ocrx_word' id='word_1_392' title='bbox 1076 2814 1157 2848; x_wconf 85' lang='grc' dir='ltr'><strong><em>νοι,·</em></strong></span> <span class='ocrx_word' id='word_1_393' title='bbox 1195 2803 1331 2851; x_wconf 87' lang='lat' dir='ltr'>quippe</span> <span class='ocrx_word' id='word_1_394' title='bbox 1357 2816 1450 2850; x_wconf 86' lang='lat' dir='ltr'>quae</span> <span class='ocrx_word' id='word_1_395' title='bbox 1475 2806 1531 2839; x_wconf 85' lang='lat' dir='ltr'>est</span> <span class='ocrx_word' id='word_1_396' title='bbox 1562 2801 1720 2849; x_wconf 84' lang='lat' dir='ltr'>legitima</span> 
     </span>
     <span class='ocr_line' id='line_1_84' title="bbox 1075 2858 1717 2907; baseline -0.002 -16"><span class='ocrx_word' id='word_1_397' title='bbox 1075 2858 1171 2893; x_wconf 67' lang='lat' dir='ltr'>xocis</span> <span class='ocrx_word' id='word_1_398' title='bbox 1184 2859 1370 2907; x_wconf 74' lang='lat' dir='ltr'>scriptura.</span> <span class='ocrx_word' id='word_1_399' title='bbox 1428 2858 1609 2894; x_wconf 85' lang='lat' dir='ltr'>ludicatur</span> <span class='ocrx_word' id='word_1_400' title='bbox 1633 2868 1717 2892; x_wconf 87' lang='lat' dir='ltr'>vero</span> 
     </span>
     <span class='ocr_line' id='line_1_85' title="bbox 1075 2912 1716 2962; baseline -0.002 -13"><span class='ocrx_word' id='word_1_401' title='bbox 1075 2914 1225 2951; x_wconf 71' lang='lat' dir='ltr'>{hunnus</span> <span class='ocrx_word' id='word_1_402' title='bbox 1263 2914 1408 2951; x_wconf 79' lang='lat' dir='ltr'>scomber</span> <span class='ocrx_word' id='word_1_403' title='bbox 1442 2913 1615 2960; x_wconf 86' lang='lat' dir='ltr'>Linnaei,</span> <span class='ocrx_word' id='word_1_404' title='bbox 1655 2912 1716 2962; x_wconf 91' lang='lat' dir='ltr'>qui</span> 
     </span>
    </p>
   </div>
  </div>
 </body>
</html>
