1909 3228
548 213 962 252 EUTERPE.
1024 213 1067 250 II.

1347 215 1430 254 707

168 325 270 366 δεκα
299 323 377 377 μὲν
408 324 619 373 Αἰθίοπες
660 317 792 379 ἦσαν,
852 324 928 377 μία
967 322 1012 365 δὲ
1049 321 1160 378 γυνὴ
1201 322 1424 377 ἐπιχωρίη·

142 405 219 446 3οἱ
249 403 294 446 δὲ
324 401 468 454 ἄλλοι,
501 402 654 456 ἄνδρες
687 402 928 457 Αἰγύπτιοι.
986 405 1039 458 τῇ
1071 401 1115 444 δὲ
1142 401 1317 456 γυναικὶ
1348 399 1425 443 οὔ-

167 499 282 537 νομα
332 477 386 538 ἦν
424 482 452 538 ἥ
490 499 552 533 τις
593 482 838 537 ἐβασίλευσε
883 479 1012 535 τόπερ
1054 487 1107 537 τῇ
1147 481 1429 535 Βαβυλωνίῃ,

138 563 398 615 4Νίτωκρις.
457 560 537 617 τὴν
566 561 713 616 ἔλεγον
742 561 1042 615 τιμωρέουσαν
1084 557 1302 618 ἀδελφεῷ,
1351 557 1485 601 nimo

167 641 401 696 Αἰγύπτιοι
431 639 717 696 βασιλεύοντα
748 639 894 695 σφέων
918 637 1193 682 ἀπέκτειναν·
1227 636 1427 681 ἀποκτεί-

167 737 318 771 ναντες
349 721 422 771 δὲ,
469 719 583 762 οὕτω
618 720 759 775 ἐκείνῃ
804 718 1022 762 ἀπέδοσαν
1059 717 1139 773 τὴν
1176 720 1426 773 βασιληίην·

167 799 307 857 τούτῳ
338 799 661 854 τιμωρέουσαν,
714 798 904 849 πολλούς
934 799 1184 852 Αἰγυπτίων
1224 799 1425 851 διαφθεῖ-

139 887 244 933 5ραι
272 877 396 933 δόλῳ.

109 1062 198 1099 haec
238 1061 473 1111 intelligenda
507 1067 631 1100 monet
672 1063 765 1101 Lar-

109 1118 247 1155 eherus.

167 1170 432 1214 ὀκτωκαίδεκα
463 1173 534 1226 μὲν
566 1175 764 1222 Αἰθίοπες

110 1225 238 1282 ἦσαν]
286 1232 361 1269 Iam
391 1233 482 1279 dixi,
521 1245 628 1269 unam
654 1246 763 1281 quam

109 1287 283 1325 Manetho
303 1290 442 1338 profert
451 1302 576 1337 regum
590 1289 762 1325 familiam

109 1350 277 1394 quartam
295 1372 305 1391 ,
336 1346 592 1394 septemdecim
613 1346 682 1381 dici
704 1359 762 1382 re-

110 1414 196 1449 gum
214 1413 366 1449 eamque
384 1402 627 1450 peregrinam.
691 1402 761 1437 [bi

108 1457 304 1507 Aethiopes
322 1457 577 1505 intelligendos
597 1470 676 1495 esse
695 1458 761 1493 du-

109 1514 168 1550 bio
199 1518 306 1550 caret.
375 1513 456 1550 Nec
485 1513 632 1557 mirum3
676 1526 759 1550 nam

110 1570 196 1606 satis
222 1575 444 1620 compertum
462 1569 648 1615 habemus,
666 1583 760 1619 quae

108 1626 321 1677 Aethiopiae
349 1631 459 1675 atque
486 1627 646 1676 Aegypti
676 1626 760 1663 olim

109 1683 217 1719 suerit
246 1684 461 1720 coniunctio.
522 1683 629 1719 conf.
660 1683 760 1720 Hee-

109 1752 185 1775 ren.
204 1739 317 1777 ldeen
335 1739 390 1786 II,
413 1744 438 1780 2
458 1753 494 1789 p.
517 1741 595 1780 118
616 1743 651 1777 et
668 1744 758 1776 nott.

110 1796 157 1831 ad
177 1795 316 1832 Herod.
338 1796 393 1842 H,
418 1798 483 1836 29.

203 1847 211 1859 Ι
350 1854 367 1861 ιν
596 1850 605 1864 Ι

167 1866 285 1900 τοπερ
318 1867 364 1903 τῃ
395 1851 656 1904 Βαβυλωνιῃ,
689 1851 761 1889 Nl-

110 1906 275 1957 τωκρις]
324 1907 454 1954 Nulla,
486 1908 513 1943 si
535 1908 622 1955 quid
643 1908 761 1954 video,

112 1964 365 2001 emendatione
382 1964 439 2000 hic
455 1969 538 2011 eget
554 1964 652 1999 locus
665 1993 675 2010 ,
695 1977 763 2001 nee

111 2020 339 2056 scribendum
371 2019 420 2058 ἐν
445 2023 505 2073 τῇ
528 2021 694 2070 Βαβνλ.,
724 2024 763 2055 ut

111 2077 256 2125 quidam
282 2075 361 2112 libri
380 2076 559 2122 offerunt,
588 2089 655 2113 nec
677 2074 762 2114 καὶ

113 2134 163 2186 τῇ
202 2132 276 2169 sive
314 2134 366 2185 τῇ
396 2132 438 2170 ἐν
458 2161 468 2180 ‚
508 2145 575 2169 nec
605 2133 762 2180 denique

109 2183 162 2238 ἦν
180 2190 248 2241 τῇ,
280 2193 320 2224 ut
345 2190 559 2237 quibusdum
581 2189 665 2225 viris
695 2190 762 2225 do-

109 2245 173 2281 ctis
208 2246 244 2280 in
271 2250 428 2282 mentem
459 2246 570 2281 venit.
610 2267 665 2271 —-
702 2244 761 2281 Ad

109 2306 363 2349 argumentum
389 2301 458 2338 loci
496 2302 566 2338 vid.
598 2301 637 2348 l,
668 2301 760 2342 185.

113 2359 204 2397 187.
261 2357 429 2405 Reginae
464 2371 598 2395 nomen
628 2358 762 2394 Erato-

113 2412 256 2449 sthenes
292 2414 550 2463 interpretatur
581 2409 760 2464 Ἀθηνᾶν

113 2465 356 2516 νικηφόρον,
378 2471 556 2519 probante
575 2470 759 2507 lablonsk.

112 2536 209 2559 voce.
227 2523 343 2571 Aegg.
363 2538 447 2574 pag.
464 2529 553 2567 162.
612 2526 670 2562 Ad
689 2527 762 2563 Ae.-

112 2579 275 2628 thiopum
302 2594 427 2628 regum
453 2582 621 2618 familiam
642 2588 762 2618 utrum

114 2635 172 2671 illa
189 2635 390 2684 pertineat,
421 2638 517 2674 haud
538 2643 663 2675 monet
684 2638 764 2675 'No-

113 2696 210 2737 ster,
257 2692 318 2740 qui
341 2693 391 2728 ita
415 2694 535 2741 potius
565 2695 611 2731 de
645 2707 688 2731 ea
713 2694 764 2729 lo-

114 2748 254 2796 quitur,
304 2752 343 2784 ut
389 2747 608 2798 Aegyptiam
654 2751 765 2787 fuisse

114 2804 317 2853 suspiceris.
374 2802 628 2854 Aethiopicam
645 2810 767 2843 tamen

115 2860 200 2898 dicit
214 2860 375 2898 Heeren.
396 2860 419 2897 l.
443 2860 464 2896 l.
495 2860 552 2909 11,
572 2864 594 2902 1
622 2862 766 2913 p.412‚

456 877 752 933 ποιησαμένην
782 876 864 933 γάρ
910 893 984 932 μιν
1015 879 1172 932 οἴκημα
1202 877 1430 931 περίμηκες

833 1062 895 1099 ubi
910 1067 1055 1110 monet,
1084 1063 1121 1099 in
1138 1061 1401 1111 Aegyptiorum
1426 1073 1484 1097 re-

832 1120 900 1156 bus
929 1120 1061 1156 nullam
1087 1118 1361 1155 commemorari
1386 1118 1483 1165 regi-

831 1189 916 1212 nam
942 1175 1147 1221 mulierem,
1185 1175 1250 1211 sed
1272 1174 1307 1210 in
1332 1173 1483 1222 anagly-

831 1232 912 1282 phis
931 1231 1152 1281 Aethiopicis
1179 1244 1304 1269 recens
1327 1231 1480 1267 detectis

830 1288 952 1339 plures
974 1289 1133 1337 conspici
1154 1289 1306 1324 seminas
1326 1287 1482 1335 reginas.

829 1344 889 1381 Ad
916 1357 1005 1393 quas
1036 1346 1142 1381 etiam
1172 1343 1388 1393 pertinuisse
1409 1343 1484 1379 vult

831 1398 997 1437 Nz'tocrz'n
1015 1400 1280 1437 Herodoteam.

886 1455 1159 1506 ποιησαμένην
1181 1451 1256 1507 γάρ
1288 1469 1356 1506 μιν
1377 1454 1484 1504 οἴκη-

831 1528 884 1562 μα
907 1512 1120 1563 περίμηκες
1149 1527 1183 1550 κ.
1211 1527 1242 1549 τ.
1264 1510 1319 1562 λ.]
1360 1511 1480 1559 Vulgo

829 1569 918 1606 haec
936 1570 989 1605 ita
1008 1569 1206 1619 accipiunt:
1225 1569 1390 1615 „fecisse
1413 1568 1482 1604 sci-

827 1625 910 1662 licet
937 1625 1106 1662 conclave
1128 1624 1367 1674 praelongum
1397 1624 1480 1660 sub-

827 1686 1055 1729 terraneum,
1093 1694 1224 1718 novum
1246 1682 1421 1730 quiddam
1442 1693 1482 1718 se

827 1738 946 1775 moliri
974 1739 1156 1775 dicentem
1177 1767 1188 1784 ,
1235 1738 1355 1774 animo
1384 1736 1482 1773 aliud

828 1796 1088 1842 cogitantem.“
1119 1794 1194 1830 Ubi
1215 1796 1384 1831 καινοῦν
1401 1806 1481 1828 cum

829 1850 952 1899 glossa
972 1851 1150 1887 Herodot.
1163 1853 1370 1899 exponunt:
1389 1844 1482 1900 χρή-

832 1910 980 1945 σασθαι
999 1901 1098 1959 λόγῳ
1124 1908 1252 1958 καινῷ
1278 1918 1366 1942 novo
1395 1918 1480 1954 quo-

829 1963 911 1999 dam
927 1975 1076 1999 sermone
1087 1965 1159 2008 uti,
1176 1962 1481 2011 quemadmodum

831 2020 929 2069 apud
963 2018 1169 2066 Thucydid.
1210 2018 1280 2065 ΙΙΙ,
1311 2020 1365 2059 82
1393 2032 1481 2055 και·

830 2078 1007 2114 νοῦσθαι
1034 2071 1104 2121 τὰς
1133 2074 1312 2119 διανοίας
1331 2103 1340 2121 ,
1371 2087 1480 2110 novas

829 2134 1053 2180 excogitatas
1081 2144 1151 2167 esse
1186 2132 1345 2167 rationes.
1403 2130 1481 2166 Sed

829 2188 1088 2226 Valckenarius
1101 2188 1210 2224 verbo
1228 2188 1395 2225 καινοῦν
1415 2199 1482 2222 (ιιι-

827 2245 1017 2294 spicandi,
1045 2243 1292 2292 inaugurandi
1322 2248 1361 2280 et
1385 2241 1483 2278 dedi-

831 2301 936 2338 candi
968 2301 1090 2338 tribuit
1125 2301 1334 2345 notionem,
1372 2311 1481 2347 quam

830 2359 985 2396 eandem
1003 2358 1039 2393 in
1062 2357 1171 2394 verbo
1196 2360 1374 2405 cognatae
1399 2355 1482 2390 stir-

829 2415 886 2465 pis
916 2427 958 2451 ac
993 2413 1265 2462 significationis
1291 2411 1481 2456 καινίζειν

829 2471 926 2507 idem
944 2470 1165 2520 comprobat.
1213 2468 1290 2505 Iam
1312 2469 1365 2520 τῷ
1380 2463 1479 2519 λόγῳ

829 2527 898 2564 erit
933 2526 1142 2576 oppositum
1187 2524 1352 2573 sequenti
1390 2519 1483 2575 νόῳ,

830 2582 1136 2631 quemadmodum
1161 2581 1251 2617 alias
1281 2580 1347 2617 sibi
1366 2592 1483 2630 oppo-

831 2644 964 2675 nuntur
1000 2633 1099 2690 λόγῳ
1134 2634 1275 2687 μὲν-
1295 2635 1393 2689 ἔργῳ
1425 2633 1480 2681 δὲ,

831 2694 902 2731 alia
930 2695 968 2730 id
991 2707 1128 2743 genus,
1159 2697 1195 2730 et
1215 2694 1314 2743 apud
1330 2691 1481 2728 Latinos

833 2751 933 2786 verbo
958 2771 1014 2777 —
1042 2763 1077 2786 re
1100 2762 1195 2786 vera.
1256 2749 1364 2785 Unde
1401 2760 1482 2784 eam

835 2820 916 2843 esse
936 2805 1011 2843 vult
1038 2807 1091 2842 vir
1105 2806 1233 2842 doctus
1250 2804 1319 2841 loci
1337 2807 1482 2840 senten-

835 2863 940 2900 tiam:
970 2861 1059 2912 quod
1082 2862 1170 2912 fieri
1194 2863 1378 2898 curaverat
1399 2874 1481 2910 spa-

1166 2918 1224 2958 45
1247 2919 1264 2938 *

1492 879 1568 920 149
