<?xml version="1.0" encoding="UTF-8"?>
<!DOCTYPE html PUBLIC "-//W3C//DTD XHTML 1.0 Transitional//EN"
    "http://www.w3.org/TR/xhtml1/DTD/xhtml1-transitional.dtd">
<html xmlns="http://www.w3.org/1999/xhtml" xml:lang="en" lang="en">
 <head>
  <title>
</title>
<meta http-equiv="Content-Type" content="text/html;charset=utf-8" />
  <meta name='ocr-system' content='tesseract 3.04.00' />
  <meta name='ocr-capabilities' content='ocr_page ocr_carea ocr_par ocr_line ocrx_word'/>
</head>
<body>
  <div class='ocr_page' id='page_1' title='image "./musaeherodoto01hero/musaeherodoto01hero_0380.png"; bbox 0 0 1909 3228; ppageno 0'>
   <div class='ocr_carea' id='block_1_1' title="bbox 435 266 521 305">
    <p class='ocr_par' dir='ltr' id='par_1_1' title="bbox 435 266 521 305">
     <span class='ocr_line' id='line_1_1' title="bbox 435 266 521 305; baseline 0 0"><span class='ocrx_word' id='word_1_1' title='bbox 435 266 521 305; x_wconf 78' lang='lat'><strong><em>360</em></strong></span> 
     </span>
    </p>
   </div>
   <div class='ocr_carea' id='block_1_2' title="bbox 832 262 1295 304">
    <p class='ocr_par' dir='ltr' id='par_1_2' title="bbox 832 262 1295 304">
     <span class='ocr_line' id='line_1_2' title="bbox 832 262 1295 304; baseline 0.006 -3"><span class='ocrx_word' id='word_1_2' title='bbox 832 262 1295 304; x_wconf 83' lang='lat' dir='ltr'>HERODOTI</span> 
     </span>
    </p>
   </div>
   <div class='ocr_carea' id='block_1_3' title="bbox 408 370 1744 430">
    <p class='ocr_par' dir='ltr' id='par_1_3' title="bbox 408 370 1744 430">
     <span class='ocr_line' id='line_1_3' title="bbox 408 370 1744 430; baseline 0.001 -16"><span class='ocrx_word' id='word_1_3' title='bbox 408 373 483 425; x_wconf 60' lang='lat'><strong><em>259</em></strong></span> <span class='ocrx_word' id='word_1_4' title='bbox 515 371 706 427; x_wconf 86' lang='grc' dir='ltr'><strong><em>Κύρνον.</em></strong></span> <span class='ocrx_word' id='word_1_5' title='bbox 762 370 809 414; x_wconf 82' lang='grc' dir='ltr'><strong><em>ἐν</em></strong></span> <span class='ocrx_word' id='word_1_6' title='bbox 838 370 921 426; x_wconf 70' lang='grc' dir='ltr'><strong><em>γάρ</em></strong></span> <span class='ocrx_word' id='word_1_7' title='bbox 951 374 1004 428; x_wconf 83' lang='grc' dir='ltr'><strong><em>τῇ</em></strong></span> <span class='ocrx_word' id='word_1_8' title='bbox 1039 372 1203 430; x_wconf 84' lang='grc' dir='ltr'><strong><em>Κύρνῳ</em></strong></span> <span class='ocrx_word' id='word_1_9' title='bbox 1235 375 1372 417; x_wconf 82' lang='grc' dir='ltr'><strong><em>εἴκοσι</em></strong></span> <span class='ocrx_word' id='word_1_10' title='bbox 1401 375 1509 419; x_wconf 77' lang='grc' dir='ltr'><strong><em>ἔτεσι</em></strong></span> <span class='ocrx_word' id='word_1_11' title='bbox 1540 373 1687 429; x_wconf 89' lang='grc' dir='ltr'><strong><em>πρότε-</em></strong></span> <span class='ocrx_word' id='word_1_12' title='bbox 1702 381 1744 415; x_wconf 86' lang='grc'><strong><em>15</em></strong></span> 
     </span>
    </p>
   </div>
   <div class='ocr_carea' id='block_1_4' title="bbox 437 449 1690 509">
    <p class='ocr_par' dir='ltr' id='par_1_4' title="bbox 437 449 1690 509">
     <span class='ocr_line' id='line_1_4' title="bbox 437 449 1690 509; baseline -0.002 -12"><span class='ocrx_word' id='word_1_13' title='bbox 437 469 519 509; x_wconf 91' lang='grc' dir='ltr'><strong><em>ρον</em></strong></span> <span class='ocrx_word' id='word_1_14' title='bbox 547 452 714 495; x_wconf 84' lang='grc' dir='ltr'><strong><em>τούτων</em></strong></span> <span class='ocrx_word' id='word_1_15' title='bbox 745 449 791 492; x_wconf 80' lang='grc' dir='ltr'><strong><em>ἐκ</em></strong></span> <span class='ocrx_word' id='word_1_16' title='bbox 827 451 1101 505; x_wconf 73' lang='grc' dir='ltr'><strong><em>θεοπροπίου</em></strong></span> <span class='ocrx_word' id='word_1_17' title='bbox 1139 450 1427 508; x_wconf 73' lang='grc' dir='ltr'><strong><em>ἀνεστήσαντο</em></strong></span> <span class='ocrx_word' id='word_1_18' title='bbox 1457 452 1607 505; x_wconf 81' lang='grc' dir='ltr'><strong><em>πόλιν,</em></strong></span> <span class='ocrx_word' id='word_1_19' title='bbox 1636 456 1690 507; x_wconf 86' lang='grc' dir='ltr'><strong><em>τῇ</em></strong></span> 
     </span>
    </p>
   </div>
   <div class='ocr_carea' id='block_1_5' title="bbox 437 523 935 586">
    <p class='ocr_par' dir='ltr' id='par_1_5' title="bbox 437 523 935 586">
     <span class='ocr_line' id='line_1_5' title="bbox 437 523 935 586; baseline -0.008 -11"><span class='ocrx_word' id='word_1_20' title='bbox 437 531 605 586; x_wconf 80' lang='grc' dir='ltr'><strong><em>οὕνομα</em></strong></span> <span class='ocrx_word' id='word_1_21' title='bbox 655 523 712 584; x_wconf 82' lang='grc' dir='ltr'><strong><em>ἦν</em></strong></span> <span class='ocrx_word' id='word_1_22' title='bbox 754 525 935 585; x_wconf 82' lang='grc' dir='ltr'><strong><em>Ἀλαλίη.</em></strong></span> 
     </span>
    </p>
   </div>
   <div class='ocr_carea' id='block_1_6' title="bbox 1005 528 1692 587">
    <p class='ocr_par' dir='ltr' id='par_1_6' title="bbox 1005 528 1692 587">
     <span class='ocr_line' id='line_1_6' title="bbox 1005 528 1692 587; baseline 0.001 -15"><span class='ocrx_word' id='word_1_23' title='bbox 1005 528 1321 585; x_wconf 72' lang='grc' dir='ltr'><strong><em>Ἀργανθώνιος</em></strong></span> <span class='ocrx_word' id='word_1_24' title='bbox 1366 531 1412 574; x_wconf 78' lang='grc' dir='ltr'><strong><em>δὲ</em></strong></span> <span class='ocrx_word' id='word_1_25' title='bbox 1457 535 1692 587; x_wconf 84' lang='grc' dir='ltr'><strong><em>τηνικαῦτα</em></strong></span> 
     </span>
    </p>
   </div>
   <div class='ocr_carea' id='block_1_7' title="bbox 407 605 1692 666">
    <p class='ocr_par' dir='ltr' id='par_1_7' title="bbox 407 605 1692 666">
     <span class='ocr_line' id='line_1_7' title="bbox 445 605 1559 624; baseline -0.004 3"><span class='ocrx_word' id='word_1_26' title='bbox 445 609 466 624; x_wconf 66' lang='grc' dir='ltr'><strong><em>ν</em></strong></span> <span class='ocrx_word' id='word_1_27' title='bbox 758 605 768 620; x_wconf 66' lang='lat' dir='ltr'><em>V</em></span> <span class='ocrx_word' id='word_1_28' title='bbox 1045 607 1055 620; x_wconf 87' lang='lat'><strong><em>¹</em></strong></span> <span class='ocrx_word' id='word_1_29' title='bbox 1238 609 1248 621; x_wconf 71' lang='lat' dir='ltr'>x</span> <span class='ocrx_word' id='word_1_30' title='bbox 1289 608 1300 622; x_wconf 70' lang='grc' dir='ltr'><strong>ν</strong></span> <span class='ocrx_word' id='word_1_31' title='bbox 1338 608 1347 624; x_wconf 61' lang='lat' dir='ltr'>s</span> <span class='ocrx_word' id='word_1_32' title='bbox 1425 608 1432 620; x_wconf 72' lang='grc' dir='ltr'>ι</span> <span class='ocrx_word' id='word_1_33' title='bbox 1549 608 1559 622; x_wconf 81' lang='lat' dir='ltr'>r</span> 
     </span>
     <span class='ocr_line' id='line_1_8' title="bbox 407 611 1692 666; baseline -0.002 -13"><span class='ocrx_word' id='word_1_34' title='bbox 407 613 520 666; x_wconf 78' lang='grc' dir='ltr'><strong><em>Βηδη</em></strong></span> <span class='ocrx_word' id='word_1_35' title='bbox 551 611 850 664; x_wconf 85' lang='grc' dir='ltr'><strong><em>τετελευτηκεε.</em></strong></span> <span class='ocrx_word' id='word_1_36' title='bbox 911 612 1181 664; x_wconf 86' lang='grc' dir='ltr'><strong><em>στελλομενοι</em></strong></span> <span class='ocrx_word' id='word_1_37' title='bbox 1209 611 1254 652; x_wconf 86' lang='grc' dir='ltr'><strong><em>δε</em></strong></span> <span class='ocrx_word' id='word_1_38' title='bbox 1284 625 1352 651; x_wconf 87' lang='grc' dir='ltr'><strong><em>επι</em></strong></span> <span class='ocrx_word' id='word_1_39' title='bbox 1381 625 1463 665; x_wconf 89' lang='grc' dir='ltr'><strong><em>την</em></strong></span> <span class='ocrx_word' id='word_1_40' title='bbox 1492 612 1692 663; x_wconf 87' lang='grc' dir='ltr'><strong><em>Κυρνον,</em></strong></span> 
     </span>
    </p>
   </div>
   <div class='ocr_carea' id='block_1_8' title="bbox 434 685 1694 744">
    <p class='ocr_par' dir='ltr' id='par_1_8' title="bbox 434 685 1694 744">
     <span class='ocr_line' id='line_1_9' title="bbox 434 685 1694 744; baseline -0.002 -12"><span class='ocrx_word' id='word_1_41' title='bbox 434 692 583 742; x_wconf 74' lang='grc' dir='ltr'><strong><em>πρῶτα</em></strong></span> <span class='ocrx_word' id='word_1_42' title='bbox 625 685 994 738; x_wconf 80' lang='grc' dir='ltr'><strong><em>καταπλεύσαντες</em></strong></span> <span class='ocrx_word' id='word_1_43' title='bbox 1035 687 1077 739; x_wconf 79' lang='grc' dir='ltr'><strong><em>ἐς</em></strong></span> <span class='ocrx_word' id='word_1_44' title='bbox 1114 688 1194 744; x_wconf 80' lang='grc' dir='ltr'><strong><em>τήν</em></strong></span> <span class='ocrx_word' id='word_1_45' title='bbox 1235 689 1465 743; x_wconf 81' lang='grc' dir='ltr'><strong><em>Φωκαίην,</em></strong></span> <span class='ocrx_word' id='word_1_46' title='bbox 1510 686 1694 742; x_wconf 85' lang='grc' dir='ltr'><strong><em>κατεφό-</em></strong></span> 
     </span>
    </p>
   </div>
   <div class='ocr_carea' id='block_1_9' title="bbox 434 764 1750 823">
    <p class='ocr_par' dir='ltr' id='par_1_9' title="bbox 434 764 1750 823">
     <span class='ocr_line' id='line_1_10' title="bbox 434 764 1750 823; baseline -0.004 -13"><span class='ocrx_word' id='word_1_47' title='bbox 434 777 599 810; x_wconf 91' lang='grc' dir='ltr'><strong><em>νευσαν</em></strong></span> <span class='ocrx_word' id='word_1_48' title='bbox 626 770 715 809; x_wconf 75' lang='grc' dir='ltr'><strong><em>τῶν</em></strong></span> <span class='ocrx_word' id='word_1_49' title='bbox 743 766 947 820; x_wconf 84' lang='grc' dir='ltr'><strong><em>Περσέων</em></strong></span> <span class='ocrx_word' id='word_1_50' title='bbox 977 766 1056 822; x_wconf 86' lang='grc' dir='ltr'><strong><em>τὴν</em></strong></span> <span class='ocrx_word' id='word_1_51' title='bbox 1087 767 1301 823; x_wconf 79' lang='grc' dir='ltr'><strong><em>φυλακήν,</em></strong></span> <span class='ocrx_word' id='word_1_52' title='bbox 1332 766 1359 823; x_wconf 82' lang='grc' dir='ltr'><em>ἢ</em></span> <span class='ocrx_word' id='word_1_53' title='bbox 1381 764 1594 822; x_wconf 77' lang='grc' dir='ltr'><strong><em>ἐφρούρεε</em></strong></span> <span class='ocrx_word' id='word_1_54' title='bbox 1616 771 1750 808; x_wconf 75' lang='grc' dir='ltr'><strong><em>ποι-20</em></strong></span> 
     </span>
    </p>
   </div>
   <div class='ocr_carea' id='block_1_10' title="bbox 406 842 1694 902">
    <p class='ocr_par' dir='ltr' id='par_1_10' title="bbox 406 842 1694 902">
     <span class='ocr_line' id='line_1_11' title="bbox 406 842 1694 902; baseline 0.001 -15"><span class='ocrx_word' id='word_1_55' title='bbox 406 845 704 901; x_wconf 78' lang='grc' dir='ltr'><strong><em>4ραδεξαμένη</em></strong></span> <span class='ocrx_word' id='word_1_56' title='bbox 734 844 852 901; x_wconf 80' lang='grc' dir='ltr'><strong><em>παροὶ</em></strong></span> <span class='ocrx_word' id='word_1_57' title='bbox 878 844 1100 902; x_wconf 74' lang='grc' dir='ltr'><strong><em>Ἁρπάγου</em></strong></span> <span class='ocrx_word' id='word_1_58' title='bbox 1128 846 1208 902; x_wconf 83' lang='grc' dir='ltr'><strong><em>τὴν</em></strong></span> <span class='ocrx_word' id='word_1_59' title='bbox 1237 846 1378 889; x_wconf 88' lang='grc' dir='ltr'><strong><em>πόλιν.</em></strong></span> <span class='ocrx_word' id='word_1_60' title='bbox 1410 845 1516 901; x_wconf 78' lang='grc' dir='ltr'><strong><em>μετὰ</em></strong></span> <span class='ocrx_word' id='word_1_61' title='bbox 1540 845 1608 898; x_wconf 75' lang='grc' dir='ltr'><strong><em>δὲ,</em></strong></span> <span class='ocrx_word' id='word_1_62' title='bbox 1635 842 1694 896; x_wconf 77' lang='grc' dir='ltr'><strong><em>ὥς</em></strong></span> 
     </span>
    </p>
   </div>
   <div class='ocr_carea' id='block_1_11' title="bbox 434 923 1696 981">
    <p class='ocr_par' dir='ltr' id='par_1_11' title="bbox 434 923 1696 981">
     <span class='ocr_line' id='line_1_12' title="bbox 434 923 1696 981; baseline -0.001 -14"><span class='ocrx_word' id='word_1_63' title='bbox 434 923 565 967; x_wconf 86' lang='grc' dir='ltr'><strong><em>τοῦτό</em></strong></span> <span class='ocrx_word' id='word_1_64' title='bbox 599 935 679 980; x_wconf 85' lang='grc' dir='ltr'><strong><em>σφι</em></strong></span> <span class='ocrx_word' id='word_1_65' title='bbox 708 923 954 980; x_wconf 79' lang='grc' dir='ltr'><strong><em>ἐξέργαστο,</em></strong></span> <span class='ocrx_word' id='word_1_66' title='bbox 1007 924 1267 980; x_wconf 80' lang='grc' dir='ltr'><strong><em>ἐποιήσαντο</em></strong></span> <span class='ocrx_word' id='word_1_67' title='bbox 1297 925 1476 981; x_wconf 81' lang='grc' dir='ltr'><strong><em>ἰσχυρὰς</em></strong></span> <span class='ocrx_word' id='word_1_68' title='bbox 1503 923 1696 979; x_wconf 79' lang='grc' dir='ltr'><strong><em>κατάρας</em></strong></span> 
     </span>
    </p>
   </div>
   <div class='ocr_carea' id='block_1_12' title="bbox 434 1000 1422 1062">
    <p class='ocr_par' dir='ltr' id='par_1_12' title="bbox 434 1000 1422 1062">
     <span class='ocr_line' id='line_1_13' title="bbox 434 1000 1422 1062; baseline 0 -16"><span class='ocrx_word' id='word_1_69' title='bbox 434 1006 496 1062; x_wconf 79' lang='grc' dir='ltr'><strong><em>τῷ</em></strong></span> <span class='ocrx_word' id='word_1_70' title='bbox 535 1000 865 1061; x_wconf 78' lang='grc' dir='ltr'><strong><em>ὑπολειπομένῳ</em></strong></span> <span class='ocrx_word' id='word_1_71' title='bbox 912 1003 1088 1047; x_wconf 76' lang='grc' dir='ltr'><strong><em>ἑωυτῶν</em></strong></span> <span class='ocrx_word' id='word_1_72' title='bbox 1124 1008 1204 1048; x_wconf 85' lang='grc' dir='ltr'><strong><em>τοῦ</em></strong></span> <span class='ocrx_word' id='word_1_73' title='bbox 1249 1003 1422 1047; x_wconf 88' lang='grc' dir='ltr'><strong><em>στόλου.</em></strong></span> 
     </span>
    </p>
   </div>
   <div class='ocr_carea' id='block_1_13' title="bbox 1493 1002 1694 1058">
    <p class='ocr_par' dir='ltr' id='par_1_13' title="bbox 1493 1002 1694 1058">
     <span class='ocr_line' id='line_1_14' title="bbox 1493 1002 1694 1058; baseline -0.005 -11"><span class='ocrx_word' id='word_1_74' title='bbox 1493 1003 1604 1058; x_wconf 80' lang='grc' dir='ltr'><strong><em>πρὸς</em></strong></span> <span class='ocrx_word' id='word_1_75' title='bbox 1648 1002 1694 1046; x_wconf 79' lang='grc' dir='ltr'><strong><em>δὲ</em></strong></span> 
     </span>
    </p>
   </div>
   <div class='ocr_carea' id='block_1_14' title="bbox 434 1079 1816 1140">
    <p class='ocr_par' dir='ltr' id='par_1_14' title="bbox 434 1079 1816 1140">
     <span class='ocr_line' id='line_1_15' title="bbox 434 1079 1816 1140; baseline -0.004 -14"><span class='ocrx_word' id='word_1_76' title='bbox 434 1079 638 1139; x_wconf 81' lang='grc' dir='ltr'><strong><em>ταύτῃσι,</em></strong></span> <span class='ocrx_word' id='word_1_77' title='bbox 676 1082 749 1127; x_wconf 81' lang='grc' dir='ltr'><strong><em>καὶ</em></strong></span> <span class='ocrx_word' id='word_1_78' title='bbox 779 1081 952 1138; x_wconf 86' lang='grc' dir='ltr'><strong><em>μύδρον</em></strong></span> <span class='ocrx_word' id='word_1_79' title='bbox 981 1081 1184 1140; x_wconf 76' lang='grc' dir='ltr'><strong><em>σιδήρεον</em></strong></span> <span class='ocrx_word' id='word_1_80' title='bbox 1219 1082 1576 1133; x_wconf 83' lang='grc' dir='ltr'><strong><em>κατεπόντωσαν,</em></strong></span> <span class='ocrx_word' id='word_1_81' title='bbox 1622 1080 1696 1124; x_wconf 80' lang='grc' dir='ltr'><strong><em>καὶ</em></strong></span> <span class='ocrx_word' id='word_1_82' title='bbox 1761 1080 1816 1120; x_wconf 90' lang='grc'><strong><em>79</em></strong></span> 
     </span>
    </p>
   </div>
   <div class='ocr_carea' id='block_1_15' title="bbox 439 1159 1752 1218">
    <p class='ocr_par' dir='ltr' id='par_1_15' title="bbox 439 1159 1752 1218">
     <span class='ocr_line' id='line_1_16' title="bbox 439 1159 1752 1218; baseline -0.003 -14"><span class='ocrx_word' id='word_1_83' title='bbox 439 1161 618 1217; x_wconf 78' lang='grc' dir='ltr'><strong><em>ὤμοσαν</em></strong></span> <span class='ocrx_word' id='word_1_84' title='bbox 667 1161 759 1218; x_wconf 62' lang='grc' dir='ltr'><strong><em>»μὴ</em></strong></span> <span class='ocrx_word' id='word_1_85' title='bbox 789 1161 893 1218; x_wconf 83' lang='grc' dir='ltr'><strong><em>πρὶν</em></strong></span> <span class='ocrx_word' id='word_1_86' title='bbox 930 1161 972 1212; x_wconf 80' lang='grc' dir='ltr'><strong><em>ἐς</em></strong></span> <span class='ocrx_word' id='word_1_87' title='bbox 1014 1163 1220 1218; x_wconf 79' lang='grc' dir='ltr'><strong><em>Φωκαίην</em></strong></span> <span class='ocrx_word' id='word_1_88' title='bbox 1248 1161 1385 1218; x_wconf 82' lang='grc' dir='ltr'><strong><em>ἥξειν,</em></strong></span> <span class='ocrx_word' id='word_1_89' title='bbox 1426 1161 1530 1215; x_wconf 88' lang='grc' dir='ltr'><strong><em>πρὶν</em></strong></span> <span class='ocrx_word' id='word_1_90' title='bbox 1561 1159 1590 1216; x_wconf 82' lang='grc' dir='ltr'><em>ἢ</em></span> <span class='ocrx_word' id='word_1_91' title='bbox 1618 1160 1752 1202; x_wconf 81' lang='grc' dir='ltr'><strong><em>τόν25</em></strong></span> 
     </span>
    </p>
   </div>
   <div class='ocr_carea' id='block_1_16' title="bbox 408 1237 1697 1298">
    <p class='ocr_par' dir='ltr' id='par_1_16' title="bbox 408 1237 1697 1298">
     <span class='ocr_line' id='line_1_17' title="bbox 408 1237 1697 1298; baseline -0.002 -14"><span class='ocrx_word' id='word_1_92' title='bbox 408 1239 644 1296; x_wconf 83' lang='grc' dir='ltr'><strong><em>5,,μύδρον</em></strong></span> <span class='ocrx_word' id='word_1_93' title='bbox 674 1244 832 1285; x_wconf 86' lang='grc' dir='ltr'><strong><em>τοῦτον</em></strong></span> <span class='ocrx_word' id='word_1_94' title='bbox 873 1239 1137 1298; x_wconf 82' lang='grc' dir='ltr'><strong><em>ἀναφῆναι.“</em></strong></span> <span class='ocrx_word' id='word_1_95' title='bbox 1193 1240 1500 1296; x_wconf 86' lang='grc' dir='ltr'><strong><em>Στελλομένων</em></strong></span> <span class='ocrx_word' id='word_1_96' title='bbox 1537 1239 1582 1282; x_wconf 84' lang='grc' dir='ltr'><strong><em>δὲ</em></strong></span> <span class='ocrx_word' id='word_1_97' title='bbox 1620 1237 1697 1282; x_wconf 82' lang='grc' dir='ltr'><strong><em>αύ-</em></strong></span> 
     </span>
    </p>
   </div>
   <div class='ocr_carea' id='block_1_17' title="bbox 434 1316 1697 1377">
    <p class='ocr_par' dir='ltr' id='par_1_17' title="bbox 434 1316 1697 1377">
     <span class='ocr_line' id='line_1_18' title="bbox 434 1316 1697 1377; baseline -0.002 -14"><span class='ocrx_word' id='word_1_98' title='bbox 434 1323 523 1363; x_wconf 79' lang='grc' dir='ltr'><strong><em>τῶν</em></strong></span> <span class='ocrx_word' id='word_1_99' title='bbox 568 1320 636 1363; x_wconf 79' lang='grc' dir='ltr'><strong><em>ἐπὶ</em></strong></span> <span class='ocrx_word' id='word_1_100' title='bbox 680 1319 760 1377; x_wconf 85' lang='grc' dir='ltr'><strong><em>τὴν</em></strong></span> <span class='ocrx_word' id='word_1_101' title='bbox 797 1318 1003 1375; x_wconf 85' lang='grc' dir='ltr'><strong><em>Κύρνον,</em></strong></span> <span class='ocrx_word' id='word_1_102' title='bbox 1065 1319 1172 1373; x_wconf 71' lang='grc' dir='ltr'><strong><em>ὑπὲρ</em></strong></span> <span class='ocrx_word' id='word_1_103' title='bbox 1204 1318 1382 1376; x_wconf 82' lang='grc' dir='ltr'><strong><em>ἡμίσεας</em></strong></span> <span class='ocrx_word' id='word_1_104' title='bbox 1418 1322 1506 1362; x_wconf 77' lang='grc' dir='ltr'><strong><em>τῶν</em></strong></span> <span class='ocrx_word' id='word_1_105' title='bbox 1553 1316 1697 1361; x_wconf 77' lang='grc' dir='ltr'><strong><em>ἀστῶν</em></strong></span> 
     </span>
    </p>
   </div>
   <div class='ocr_carea' id='block_1_18' title="bbox 435 1394 1696 1454">
    <p class='ocr_par' dir='ltr' id='par_1_18' title="bbox 435 1394 1696 1454">
     <span class='ocr_line' id='line_1_19' title="bbox 435 1394 1696 1454; baseline -0.002 -13"><span class='ocrx_word' id='word_1_106' title='bbox 435 1399 560 1454; x_wconf 75' lang='grc' dir='ltr'><strong><em>ἔλαβε</em></strong></span> <span class='ocrx_word' id='word_1_107' title='bbox 589 1397 730 1450; x_wconf 86' lang='grc' dir='ltr'><strong><em>πόθος</em></strong></span> <span class='ocrx_word' id='word_1_108' title='bbox 757 1415 803 1442; x_wconf 89' lang='grc' dir='ltr'><strong><em>τε</em></strong></span> <span class='ocrx_word' id='word_1_109' title='bbox 831 1399 906 1442; x_wconf 85' lang='grc' dir='ltr'><strong><em>καὶ</em></strong></span> <span class='ocrx_word' id='word_1_110' title='bbox 935 1397 1078 1449; x_wconf 81' lang='grc' dir='ltr'><strong><em>οἶκτος</em></strong></span> <span class='ocrx_word' id='word_1_111' title='bbox 1107 1402 1183 1454; x_wconf 84' lang='grc' dir='ltr'><strong><em>τῆς</em></strong></span> <span class='ocrx_word' id='word_1_112' title='bbox 1215 1398 1367 1449; x_wconf 90' lang='grc' dir='ltr'><strong><em>πόλιος</em></strong></span> <span class='ocrx_word' id='word_1_113' title='bbox 1395 1398 1576 1440; x_wconf 77' lang='grc' dir='ltr'><strong><em>καὶτῶν</em></strong></span> <span class='ocrx_word' id='word_1_114' title='bbox 1598 1394 1696 1452; x_wconf 82' lang='grc' dir='ltr'><strong><em>ἠθέ-</em></strong></span> 
     </span>
    </p>
   </div>
   <div class='ocr_carea' id='block_1_19' title="bbox 435 1475 1696 1533">
    <p class='ocr_par' dir='ltr' id='par_1_19' title="bbox 435 1475 1696 1533">
     <span class='ocr_line' id='line_1_20' title="bbox 435 1475 1696 1533; baseline 0 -14"><span class='ocrx_word' id='word_1_115' title='bbox 435 1492 500 1519; x_wconf 89' lang='grc' dir='ltr'><strong><em>ων</em></strong></span> <span class='ocrx_word' id='word_1_116' title='bbox 527 1480 602 1533; x_wconf 85' lang='grc' dir='ltr'><strong><em>τῆς</em></strong></span> <span class='ocrx_word' id='word_1_117' title='bbox 630 1476 790 1532; x_wconf 81' lang='grc' dir='ltr'><strong><em>χώρης·</em></strong></span> <span class='ocrx_word' id='word_1_118' title='bbox 829 1477 1083 1531; x_wconf 83' lang='grc' dir='ltr'><strong><em>ψευδόρκιοι</em></strong></span> <span class='ocrx_word' id='word_1_119' title='bbox 1119 1476 1164 1520; x_wconf 82' lang='grc' dir='ltr'><strong><em>δὲ</em></strong></span> <span class='ocrx_word' id='word_1_120' title='bbox 1193 1475 1441 1532; x_wconf 87' lang='grc' dir='ltr'><strong><em>γενόμενοι,</em></strong></span> <span class='ocrx_word' id='word_1_121' title='bbox 1482 1477 1696 1520; x_wconf 74' lang='grc' dir='ltr'><strong><em>ἀπέπλεον</em></strong></span> 
     </span>
    </p>
   </div>
   <div class='ocr_carea' id='block_1_20' title="bbox 405 1554 1042 1612">
    <p class='ocr_par' dir='ltr' id='par_1_20' title="bbox 405 1554 1042 1612">
     <span class='ocr_line' id='line_1_21' title="bbox 405 1554 1042 1612; baseline 0 -14"><span class='ocrx_word' id='word_1_122' title='bbox 405 1554 576 1599; x_wconf 77' lang='grc' dir='ltr'><strong><em>δόπίσω</em></strong></span> <span class='ocrx_word' id='word_1_123' title='bbox 617 1556 659 1606; x_wconf 82' lang='grc' dir='ltr'><strong><em>ἐς</em></strong></span> <span class='ocrx_word' id='word_1_124' title='bbox 704 1556 784 1611; x_wconf 71' lang='grc' dir='ltr'><strong><em>τὴν</em></strong></span> <span class='ocrx_word' id='word_1_125' title='bbox 824 1558 1042 1612; x_wconf 88' lang='grc' dir='ltr'><strong><em>Φωκαίην.</em></strong></span> 
     </span>
    </p>
   </div>
   <div class='ocr_carea' id='block_1_21' title="bbox 1108 1553 1695 1609">
    <p class='ocr_par' dir='ltr' id='par_1_21' title="bbox 1108 1553 1695 1609">
     <span class='ocr_line' id='line_1_22' title="bbox 1108 1553 1695 1609; baseline 0 -11"><span class='ocrx_word' id='word_1_126' title='bbox 1108 1558 1150 1598; x_wconf 80' lang='grc' dir='ltr'><strong><em>οἳ</em></strong></span> <span class='ocrx_word' id='word_1_127' title='bbox 1190 1555 1235 1598; x_wconf 82' lang='grc' dir='ltr'><strong><em>δὲ</em></strong></span> <span class='ocrx_word' id='word_1_128' title='bbox 1276 1553 1423 1598; x_wconf 73' lang='grc' dir='ltr'><strong><em>αὐτῶν</em></strong></span> <span class='ocrx_word' id='word_1_129' title='bbox 1459 1555 1507 1598; x_wconf 85' lang='grc' dir='ltr'><strong><em>τὸ</em></strong></span> <span class='ocrx_word' id='word_1_130' title='bbox 1542 1554 1695 1609; x_wconf 81' lang='grc' dir='ltr'><strong><em>ὅρκιον</em></strong></span> 
     </span>
    </p>
   </div>
   <div class='ocr_carea' id='block_1_22' title="bbox 434 1632 1752 1690">
    <p class='ocr_par' dir='ltr' id='par_1_22' title="bbox 434 1632 1752 1690">
     <span class='ocr_line' id='line_1_23' title="bbox 434 1632 1752 1690; baseline -0.002 -13"><span class='ocrx_word' id='word_1_131' title='bbox 434 1633 707 1690; x_wconf 83' lang='grc' dir='ltr'><strong><em>ἐφύλασσον,</em></strong></span> <span class='ocrx_word' id='word_1_132' title='bbox 746 1632 971 1690; x_wconf 67' lang='grc' dir='ltr'><strong><em>ἀερθέντες</em></strong></span> <span class='ocrx_word' id='word_1_133' title='bbox 1000 1634 1048 1678; x_wconf 83' lang='grc' dir='ltr'><strong><em>ἐκ</em></strong></span> <span class='ocrx_word' id='word_1_134' title='bbox 1084 1638 1173 1677; x_wconf 77' lang='grc' dir='ltr'><strong><em>τῶν</em></strong></span> <span class='ocrx_word' id='word_1_135' title='bbox 1213 1633 1490 1678; x_wconf 81' lang='grc' dir='ltr'><strong><em>Οἰνουσσέων</em></strong></span> <span class='ocrx_word' id='word_1_136' title='bbox 1523 1634 1752 1680; x_wconf 79' lang='grc' dir='ltr'><strong><em>ἔπλεον.30</em></strong></span> 
     </span>
    </p>
   </div>
   <div class='ocr_carea' id='block_1_23' title="bbox 383 1765 655 1775">
    <p class='ocr_par' dir='ltr' id='par_1_23' title="bbox 383 1765 655 1775">
     <span class='ocr_line' id='line_1_24' title="bbox 383 1765 655 1775; baseline 0 1453"><span class='ocrx_word' id='word_1_137' title='bbox 383 1765 655 1775; x_wconf 95' lang='lat' dir='ltr'><strong><em> </em></strong></span> 
     </span>
    </p>
   </div>
   <div class='ocr_carea' id='block_1_24' title="bbox 378 1833 1032 2622">
    <p class='ocr_par' dir='ltr' id='par_1_24' title="bbox 378 1833 1032 2622">
     <span class='ocr_line' id='line_1_25' title="bbox 433 1833 1028 1894; baseline -0.005 -16"><span class='ocrx_word' id='word_1_138' title='bbox 433 1841 484 1894; x_wconf 77' lang='grc' dir='ltr'><strong><em>τῇ</em></strong></span> <span class='ocrx_word' id='word_1_139' title='bbox 505 1836 660 1890; x_wconf 73' lang='grc' dir='ltr'><strong><em>οὕνομα</em></strong></span> <span class='ocrx_word' id='word_1_140' title='bbox 677 1833 731 1889; x_wconf 74' lang='grc' dir='ltr'><strong><em>ἦν</em></strong></span> <span class='ocrx_word' id='word_1_141' title='bbox 747 1833 918 1889; x_wconf 79' lang='grc' dir='ltr'><strong><em>Ἀλαλίη]</em></strong></span> <span class='ocrx_word' id='word_1_142' title='bbox 938 1838 1028 1876; x_wconf 80' lang='lat' dir='ltr'><strong><em>Ala-</em></strong></span> 
     </span>
     <span class='ocr_line' id='line_1_26' title="bbox 378 1895 1030 1946; baseline 0 -13"><span class='ocrx_word' id='word_1_143' title='bbox 378 1895 431 1933; x_wconf 80' lang='grc' dir='ltr'><strong><em>ίιά</em></strong></span> <span class='ocrx_word' id='word_1_144' title='bbox 449 1896 533 1933; x_wconf 86' lang='lat' dir='ltr'>urbs</span> <span class='ocrx_word' id='word_1_145' title='bbox 554 1896 706 1946; x_wconf 86' lang='lat' dir='ltr'>posthae</span> <span class='ocrx_word' id='word_1_146' title='bbox 727 1900 854 1932; x_wconf 80' lang='lat' dir='ltr'>vocata</span> <span class='ocrx_word' id='word_1_147' title='bbox 876 1900 930 1932; x_wconf 83' lang='lat' dir='ltr'>est</span> <span class='ocrx_word' id='word_1_148' title='bbox 948 1895 1030 1933; x_wconf 75' lang='lat' dir='ltr'><strong><em>Ale-</em></strong></span> 
     </span>
     <span class='ocr_line' id='line_1_27' title="bbox 378 1951 1029 2002; baseline -0.003 -12"><span class='ocrx_word' id='word_1_149' title='bbox 378 1955 453 1996; x_wconf 81' lang='lat' dir='ltr'><strong><em>ria,</em></strong></span> <span class='ocrx_word' id='word_1_150' title='bbox 483 1953 620 2002; x_wconf 81' lang='lat' dir='ltr'><strong>quippe</strong></span> <span class='ocrx_word' id='word_1_151' title='bbox 637 1964 710 2001; x_wconf 85' lang='lat' dir='ltr'><strong><em>quo</em></strong></span> <span class='ocrx_word' id='word_1_152' title='bbox 726 1951 827 2000; x_wconf 83' lang='lat' dir='ltr'>Sylla</span> <span class='ocrx_word' id='word_1_153' title='bbox 852 1951 1029 1989; x_wconf 82' lang='lat' dir='ltr'>coloniam</span> 
     </span>
     <span class='ocr_line' id='line_1_28' title="bbox 379 2008 1029 2056; baseline -0.003 -10"><span class='ocrx_word' id='word_1_154' title='bbox 379 2009 501 2056; x_wconf 83' lang='lat' dir='ltr'>duxit,</span> <span class='ocrx_word' id='word_1_155' title='bbox 539 2009 575 2044; x_wconf 87' lang='lat' dir='ltr'><strong><em>in</em></strong></span> <span class='ocrx_word' id='word_1_156' title='bbox 600 2008 719 2046; x_wconf 81' lang='lat' dir='ltr'>media</span> <span class='ocrx_word' id='word_1_157' title='bbox 759 2021 824 2044; x_wconf 85' lang='lat' dir='ltr'><strong><em>ora</em></strong></span> <span class='ocrx_word' id='word_1_158' title='bbox 862 2008 1029 2045; x_wconf 77' lang='lat' dir='ltr'>orientali</span> 
     </span>
     <span class='ocr_line' id='line_1_29' title="bbox 379 2064 1031 2114; baseline 0 -13"><span class='ocrx_word' id='word_1_159' title='bbox 379 2066 460 2102; x_wconf 82' lang='lat' dir='ltr'>sita.</span> <span class='ocrx_word' id='word_1_160' title='bbox 505 2064 686 2102; x_wconf 89' lang='lat' dir='ltr'>Mendose</span> <span class='ocrx_word' id='word_1_161' title='bbox 709 2064 807 2114; x_wconf 84' lang='lat' dir='ltr'>apud</span> <span class='ocrx_word' id='word_1_162' title='bbox 826 2064 1031 2101; x_wconf 86' lang='lat' dir='ltr'>Diodorum</span> 
     </span>
     <span class='ocr_line' id='line_1_30' title="bbox 379 2120 1030 2167; baseline -0.002 -9"><span class='ocrx_word' id='word_1_163' title='bbox 379 2120 488 2158; x_wconf 88' lang='lat' dir='ltr'>Sicul.</span> <span class='ocrx_word' id='word_1_164' title='bbox 518 2121 564 2167; x_wconf 85' lang='lat' dir='ltr'><strong><em>V,</em></strong></span> <span class='ocrx_word' id='word_1_165' title='bbox 594 2122 645 2162; x_wconf 85' lang='lat'><strong><em>13</em></strong></span> <span class='ocrx_word' id='word_1_166' title='bbox 683 2121 847 2157; x_wconf 84' lang='lat' dir='ltr'><strong>scribitur</strong></span> <span class='ocrx_word' id='word_1_167' title='bbox 881 2121 1030 2158; x_wconf 79' lang='lat' dir='ltr'><strong><em>Calarz&#39;s.</em></strong></span> 
     </span>
     <span class='ocr_line' id='line_1_31' title="bbox 379 2176 1032 2226; baseline -0.002 -12"><span class='ocrx_word' id='word_1_168' title='bbox 379 2177 429 2214; x_wconf 90' lang='lat' dir='ltr'>Et</span> <span class='ocrx_word' id='word_1_169' title='bbox 454 2178 576 2215; x_wconf 88' lang='lat' dir='ltr'>confer</span> <span class='ocrx_word' id='word_1_170' title='bbox 604 2190 749 2226; x_wconf 89' lang='lat' dir='ltr'>quoque</span> <span class='ocrx_word' id='word_1_171' title='bbox 788 2176 965 2215; x_wconf 84' lang='lat' dir='ltr'>Senecam</span> <span class='ocrx_word' id='word_1_172' title='bbox 995 2177 1032 2213; x_wconf 88' lang='lat' dir='ltr'><strong><em>in</em></strong></span> 
     </span>
     <span class='ocr_line' id='line_1_32' title="bbox 380 2232 1032 2280; baseline -0.003 -10"><span class='ocrx_word' id='word_1_173' title='bbox 380 2233 567 2270; x_wconf 79' lang='lat' dir='ltr'><strong><em>consolat.</em></strong></span> <span class='ocrx_word' id='word_1_174' title='bbox 588 2234 636 2270; x_wconf 86' lang='lat' dir='ltr'><strong><em>ad</em></strong></span> <span class='ocrx_word' id='word_1_175' title='bbox 654 2232 821 2270; x_wconf 82' lang='lat' dir='ltr'>Helviam</span> <span class='ocrx_word' id='word_1_176' title='bbox 840 2246 869 2270; x_wconf 90' lang='lat' dir='ltr'><strong><em>c.</em></strong></span> <span class='ocrx_word' id='word_1_177' title='bbox 892 2235 917 2274; x_wconf 88' lang='lat'>8</span> <span class='ocrx_word' id='word_1_178' title='bbox 930 2262 940 2280; x_wconf 81' lang='lat'>,</span> <span class='ocrx_word' id='word_1_179' title='bbox 971 2233 1032 2270; x_wconf 87' lang='lat' dir='ltr'><strong><em>ubi</em></strong></span> 
     </span>
     <span class='ocr_line' id='line_1_33' title="bbox 379 2289 1032 2328; baseline -0.005 -1"><span class='ocrx_word' id='word_1_180' title='bbox 379 2289 584 2328; x_wconf 85' lang='lat' dir='ltr'>Phocaeam</span> <span class='ocrx_word' id='word_1_181' title='bbox 607 2302 686 2326; x_wconf 88' lang='lat' dir='ltr'><strong><em>cum</em></strong></span> <span class='ocrx_word' id='word_1_182' title='bbox 698 2289 857 2327; x_wconf 88' lang='lat' dir='ltr'><strong>Phocide</strong></span> <span class='ocrx_word' id='word_1_183' title='bbox 879 2290 1032 2326; x_wconf 84' lang='lat' dir='ltr'>confun-</span> 
     </span>
     <span class='ocr_line' id='line_1_34' title="bbox 379 2345 1031 2384; baseline -0.003 -1"><span class='ocrx_word' id='word_1_184' title='bbox 379 2346 434 2383; x_wconf 85' lang='lat' dir='ltr'><strong><em>dit</em></strong></span> <span class='ocrx_word' id='word_1_185' title='bbox 452 2346 524 2384; x_wconf 87' lang='lat' dir='ltr'>ille.</span> <span class='ocrx_word' id='word_1_186' title='bbox 581 2345 711 2383; x_wconf 88' lang='lat' dir='ltr'>Incidit</span> <span class='ocrx_word' id='word_1_187' title='bbox 736 2345 804 2382; x_wconf 92' lang='lat' dir='ltr'><strong><em>hoc</em></strong></span> <span class='ocrx_word' id='word_1_188' title='bbox 836 2345 874 2382; x_wconf 90' lang='lat' dir='ltr'><strong><em>in</em></strong></span> <span class='ocrx_word' id='word_1_189' title='bbox 899 2358 1031 2382; x_wconf 87' lang='lat' dir='ltr'>annum</span> 
     </span>
     <span class='ocr_line' id='line_1_35' title="bbox 380 2401 1031 2452; baseline -0.005 -12"><span class='ocrx_word' id='word_1_190' title='bbox 380 2404 464 2444; x_wconf 83' lang='lat'><strong><em>562</em></strong></span> <span class='ocrx_word' id='word_1_191' title='bbox 491 2415 524 2440; x_wconf 85' lang='lat' dir='ltr'><strong><em>a.</em></strong></span> <span class='ocrx_word' id='word_1_192' title='bbox 563 2401 650 2438; x_wconf 84' lang='lat' dir='ltr'><strong><em>Chr.</em></strong></span> <span class='ocrx_word' id='word_1_193' title='bbox 690 2415 718 2439; x_wconf 90' lang='lat' dir='ltr'><strong><em>s.</em></strong></span> <span class='ocrx_word' id='word_1_194' title='bbox 747 2401 896 2452; x_wconf 92' lang='lat' dir='ltr'><strong>Olymp.</strong></span> <span class='ocrx_word' id='word_1_195' title='bbox 927 2401 1031 2452; x_wconf 54' lang='lat'><strong><em>5433</em></strong></span> 
     </span>
     <span class='ocr_line' id='line_1_36' title="bbox 379 2456 1030 2509; baseline -0.002 -15"><span class='ocrx_word' id='word_1_196' title='bbox 379 2458 451 2495; x_wconf 84' lang='lat' dir='ltr'><strong><em>vid.</em></strong></span> <span class='ocrx_word' id='word_1_197' title='bbox 464 2457 636 2495; x_wconf 89' lang='lat' dir='ltr'>Schultzii</span> <span class='ocrx_word' id='word_1_198' title='bbox 647 2456 823 2509; x_wconf 87' lang='lat' dir='ltr'>Apparat.</span> <span class='ocrx_word' id='word_1_199' title='bbox 838 2463 902 2495; x_wconf 85' lang='lat' dir='ltr'>etc.</span> <span class='ocrx_word' id='word_1_200' title='bbox 914 2471 951 2508; x_wconf 89' lang='lat' dir='ltr'><strong><em>p.</em></strong></span> <span class='ocrx_word' id='word_1_201' title='bbox 963 2459 1030 2498; x_wconf 86' lang='lat'><strong><em>38.</em></strong></span> 
     </span>
     <span class='ocr_line' id='line_1_37' title="bbox 380 2513 1032 2555; baseline -0.006 -1"><span class='ocrx_word' id='word_1_202' title='bbox 380 2516 445 2555; x_wconf 84' lang='lat'><strong><em>39.</em></strong></span> <span class='ocrx_word' id='word_1_203' title='bbox 476 2513 572 2551; x_wconf 90' lang='lat' dir='ltr'><strong><em>Add.</em></strong></span> <span class='ocrx_word' id='word_1_204' title='bbox 595 2514 639 2551; x_wconf 92' lang='lat' dir='ltr'><strong><em>C.</em></strong></span> <span class='ocrx_word' id='word_1_205' title='bbox 672 2515 719 2551; x_wconf 89' lang='lat' dir='ltr'><strong><em>O.</em></strong></span> <span class='ocrx_word' id='word_1_206' title='bbox 753 2513 895 2552; x_wconf 76' lang='lat' dir='ltr'>Milller.</span> <span class='ocrx_word' id='word_1_207' title='bbox 923 2514 960 2550; x_wconf 89' lang='lat' dir='ltr'><strong><em>in</em></strong></span> <span class='ocrx_word' id='word_1_208' title='bbox 981 2513 1032 2550; x_wconf 89' lang='lat' dir='ltr'><strong><em>E-</em></strong></span> 
     </span>
     <span class='ocr_line' id='line_1_38' title="bbox 379 2570 813 2622; baseline -0.002 -14"><span class='ocrx_word' id='word_1_209' title='bbox 379 2574 507 2608; x_wconf 84' lang='lat' dir='ltr'>truscc.</span> <span class='ocrx_word' id='word_1_210' title='bbox 528 2570 545 2607; x_wconf 97' lang='lat' dir='ltr'>I</span> <span class='ocrx_word' id='word_1_211' title='bbox 576 2583 613 2622; x_wconf 94' lang='lat' dir='ltr'><strong><em>p.</em></strong></span> <span class='ocrx_word' id='word_1_212' title='bbox 636 2572 714 2612; x_wconf 85' lang='grc'><strong><em>181</em></strong></span> <span class='ocrx_word' id='word_1_213' title='bbox 736 2582 813 2620; x_wconf 86' lang='lat' dir='ltr'><strong><em>seq.</em></strong></span> 
     </span>
    </p>
   </div>
   <div class='ocr_carea' id='block_1_25' title="bbox 380 2676 1031 2943">
    <p class='ocr_par' dir='ltr' id='par_1_25' title="bbox 380 2676 1031 2943">
     <span class='ocr_line' id='line_1_39' title="bbox 436 2676 1029 2734; baseline 0 -15"><span class='ocrx_word' id='word_1_214' title='bbox 436 2679 502 2720; x_wconf 75' lang='grc' dir='ltr'><strong><em>καὶ</em></strong></span> <span class='ocrx_word' id='word_1_215' title='bbox 522 2677 674 2732; x_wconf 75' lang='grc' dir='ltr'><strong><em>μύδρον</em></strong></span> <span class='ocrx_word' id='word_1_216' title='bbox 706 2676 891 2734; x_wconf 81' lang='grc' dir='ltr'><strong><em>σιδήρεον</em></strong></span> <span class='ocrx_word' id='word_1_217' title='bbox 921 2693 1029 2719; x_wconf 83' lang='grc' dir='ltr'><strong><em>κατε-</em></strong></span> 
     </span>
     <span class='ocr_line' id='line_1_40' title="bbox 380 2731 1031 2789; baseline -0.002 -15"><span class='ocrx_word' id='word_1_218' title='bbox 380 2731 613 2787; x_wconf 83' lang='grc' dir='ltr'><strong><em>πόντωσαν]</em></strong></span> <span class='ocrx_word' id='word_1_219' title='bbox 650 2733 801 2789; x_wconf 83' lang='grc' dir='ltr'><strong><em>μύδρος</em></strong></span> <span class='ocrx_word' id='word_1_220' title='bbox 831 2741 886 2775; x_wconf 82' lang='lat' dir='ltr'><strong><em>est</em></strong></span> <span class='ocrx_word' id='word_1_221' title='bbox 914 2749 1031 2774; x_wconf 84' lang='lat' dir='ltr'>massa</span> 
     </span>
     <span class='ocr_line' id='line_1_41' title="bbox 382 2788 1030 2844; baseline 0.006 -16"><span class='ocrx_word' id='word_1_222' title='bbox 382 2794 525 2840; x_wconf 73' lang='lat' dir='ltr'><strong><em>quaevis</em></strong></span> <span class='ocrx_word' id='word_1_223' title='bbox 563 2796 702 2842; x_wconf 78' lang='lat' dir='ltr'>ignita,</span> <span class='ocrx_word' id='word_1_224' title='bbox 746 2795 843 2831; x_wconf 86' lang='lat' dir='ltr'>unde</span> <span class='ocrx_word' id='word_1_225' title='bbox 880 2788 1030 2844; x_wconf 77' lang='grc' dir='ltr'><strong><em>μύδρος</em></strong></span> 
     </span>
     <span class='ocr_line' id='line_1_42' title="bbox 382 2844 1029 2899; baseline 0 -14"><span class='ocrx_word' id='word_1_226' title='bbox 382 2844 564 2899; x_wconf 73' lang='grc' dir='ltr'><strong><em>σιδήρεος</em></strong></span> <span class='ocrx_word' id='word_1_227' title='bbox 578 2849 714 2898; x_wconf 80' lang='lat' dir='ltr'>ferrmn</span> <span class='ocrx_word' id='word_1_228' title='bbox 734 2850 881 2887; x_wconf 81' lang='lat' dir='ltr'><strong><em>candens</em></strong></span> <span class='ocrx_word' id='word_1_229' title='bbox 903 2864 930 2886; x_wconf 85' lang='lat' dir='ltr'><strong><em>s.</em></strong></span> <span class='ocrx_word' id='word_1_230' title='bbox 948 2849 1029 2899; x_wconf 84' lang='lat' dir='ltr'><strong><em>fer-</em></strong></span> 
     </span>
     <span class='ocr_line' id='line_1_43' title="bbox 380 2905 1027 2943; baseline 0.005 -4"><span class='ocrx_word' id='word_1_231' title='bbox 380 2905 416 2940; x_wconf 76' lang='lat' dir='ltr'><strong><em>ri</em></strong></span> <span class='ocrx_word' id='word_1_232' title='bbox 440 2916 557 2942; x_wconf 81' lang='lat' dir='ltr'>massa</span> <span class='ocrx_word' id='word_1_233' title='bbox 593 2905 727 2942; x_wconf 63' lang='lat' dir='ltr'><strong><em>ardens.</em></strong></span> <span class='ocrx_word' id='word_1_234' title='bbox 785 2906 868 2943; x_wconf 78' lang='lat' dir='ltr'><strong><em>vid.</em></strong></span> <span class='ocrx_word' id='word_1_235' title='bbox 893 2905 1027 2943; x_wconf 86' lang='lat' dir='ltr'>Blomf.</span> 
     </span>
    </p>
   </div>
   <div class='ocr_carea' id='block_1_26' title="bbox 1096 1838 1758 2955">
    <p class='ocr_par' dir='ltr' id='par_1_26' title="bbox 1097 1838 1753 2450">
     <span class='ocr_line' id='line_1_44' title="bbox 1099 1838 1750 1889; baseline 0.003 -14"><span class='ocrx_word' id='word_1_236' title='bbox 1099 1839 1136 1876; x_wconf 85' lang='lat' dir='ltr'><strong><em>in</em></strong></span> <span class='ocrx_word' id='word_1_237' title='bbox 1170 1838 1333 1877; x_wconf 83' lang='lat' dir='ltr'>Glossar.</span> <span class='ocrx_word' id='word_1_238' title='bbox 1372 1839 1420 1877; x_wconf 85' lang='lat' dir='ltr'><strong><em>ad</em></strong></span> <span class='ocrx_word' id='word_1_239' title='bbox 1454 1838 1619 1889; x_wconf 75' lang='lat' dir='ltr'><strong><em>Aeschyl.</em></strong></span> <span class='ocrx_word' id='word_1_240' title='bbox 1657 1838 1750 1877; x_wconf 86' lang='lat' dir='ltr'>Pro-</span> 
     </span>
     <span class='ocr_line' id='line_1_45' title="bbox 1097 1895 1752 1938; baseline 0.002 -6"><span class='ocrx_word' id='word_1_241' title='bbox 1097 1895 1206 1933; x_wconf 85' lang='lat' dir='ltr'>meth.</span> <span class='ocrx_word' id='word_1_242' title='bbox 1243 1897 1350 1933; x_wconf 87' lang='lat' dir='ltr'>vinct.</span> <span class='ocrx_word' id='word_1_243' title='bbox 1386 1909 1438 1933; x_wconf 81' lang='lat' dir='ltr'><strong><em>vs.</em></strong></span> <span class='ocrx_word' id='word_1_244' title='bbox 1466 1896 1560 1938; x_wconf 80' lang='lat'><strong>374.</strong></span> <span class='ocrx_word' id='word_1_245' title='bbox 1618 1895 1752 1934; x_wconf 86' lang='lat' dir='ltr'><strong>Postea</strong></span> 
     </span>
     <span class='ocr_line' id='line_1_46' title="bbox 1097 1952 1752 2003; baseline 0.003 -15"><span class='ocrx_word' id='word_1_246' title='bbox 1097 1965 1244 2001; x_wconf 86' lang='lat' dir='ltr'>quoque</span> <span class='ocrx_word' id='word_1_247' title='bbox 1266 1953 1313 1990; x_wconf 87' lang='lat' dir='ltr'><strong><em>de</em></strong></span> <span class='ocrx_word' id='word_1_248' title='bbox 1333 1965 1450 1989; x_wconf 83' lang='lat' dir='ltr'>massa</span> <span class='ocrx_word' id='word_1_249' title='bbox 1469 1952 1607 2003; x_wconf 80' lang='lat' dir='ltr'><strong><em>lapidea</em></strong></span> <span class='ocrx_word' id='word_1_250' title='bbox 1627 1965 1752 1990; x_wconf 91' lang='lat' dir='ltr'>occur-</span> 
     </span>
     <span class='ocr_line' id='line_1_47' title="bbox 1097 2008 1751 2057; baseline 0.003 -13"><span class='ocrx_word' id='word_1_251' title='bbox 1097 2009 1165 2054; x_wconf 80' lang='lat' dir='ltr'>rit3</span> <span class='ocrx_word' id='word_1_252' title='bbox 1198 2021 1306 2057; x_wconf 82' lang='lat' dir='ltr'>quam</span> <span class='ocrx_word' id='word_1_253' title='bbox 1327 2009 1434 2046; x_wconf 87' lang='lat' dir='ltr'>etiam</span> <span class='ocrx_word' id='word_1_254' title='bbox 1454 2009 1522 2046; x_wconf 92' lang='lat' dir='ltr'><strong><em>hoc</em></strong></span> <span class='ocrx_word' id='word_1_255' title='bbox 1542 2009 1578 2045; x_wconf 84' lang='lat' dir='ltr'><strong><em>in</em></strong></span> <span class='ocrx_word' id='word_1_256' title='bbox 1597 2008 1675 2046; x_wconf 88' lang='lat' dir='ltr'>loeo</span> <span class='ocrx_word' id='word_1_257' title='bbox 1695 2009 1751 2046; x_wconf 84' lang='lat' dir='ltr'><strong><em>in·</em></strong></span> 
     </span>
     <span class='ocr_line' id='line_1_48' title="bbox 1098 2064 1752 2116; baseline 0.005 -16"><span class='ocrx_word' id='word_1_258' title='bbox 1098 2064 1279 2102; x_wconf 54' lang='lat' dir='ltr'>tellexisse</span> <span class='ocrx_word' id='word_1_259' title='bbox 1299 2065 1441 2101; x_wconf 85' lang='lat' dir='ltr'>videtur</span> <span class='ocrx_word' id='word_1_260' title='bbox 1451 2065 1623 2102; x_wconf 81' lang='lat' dir='ltr'>Horatius</span> <span class='ocrx_word' id='word_1_261' title='bbox 1631 2065 1752 2116; x_wconf 87' lang='lat' dir='ltr'>Epod.</span> 
     </span>
     <span class='ocr_line' id='line_1_49' title="bbox 1099 2119 1752 2166; baseline 0.002 -10"><span class='ocrx_word' id='word_1_262' title='bbox 1099 2119 1206 2166; x_wconf 81' lang='lat' dir='ltr'>XVI,</span> <span class='ocrx_word' id='word_1_263' title='bbox 1247 2120 1311 2162; x_wconf 78' lang='lat'><strong><em>25.</em></strong></span> <span class='ocrx_word' id='word_1_264' title='bbox 1369 2120 1484 2156; x_wconf 89' lang='lat' dir='ltr'>Simili</span> <span class='ocrx_word' id='word_1_265' title='bbox 1525 2121 1752 2158; x_wconf 85' lang='lat' dir='ltr'>iurisiurandi</span> 
     </span>
     <span class='ocr_line' id='line_1_50' title="bbox 1099 2175 1753 2224; baseline 0.002 -11"><span class='ocrx_word' id='word_1_266' title='bbox 1099 2189 1236 2224; x_wconf 83' lang='lat' dir='ltr'><strong>genere</strong></span> <span class='ocrx_word' id='word_1_267' title='bbox 1269 2189 1354 2212; x_wconf 82' lang='lat' dir='ltr'>usus</span> <span class='ocrx_word' id='word_1_268' title='bbox 1386 2180 1441 2213; x_wconf 84' lang='lat' dir='ltr'>est</span> <span class='ocrx_word' id='word_1_269' title='bbox 1472 2175 1672 2223; x_wconf 86' lang='lat' dir='ltr'>Aristides,</span> <span class='ocrx_word' id='word_1_270' title='bbox 1713 2181 1753 2214; x_wconf 85' lang='lat' dir='ltr'>ut</span> 
     </span>
     <span class='ocr_line' id='line_1_51' title="bbox 1100 2232 1750 2270; baseline 0.003 -3"><span class='ocrx_word' id='word_1_271' title='bbox 1100 2232 1135 2267; x_wconf 90' lang='lat' dir='ltr'><strong><em>in</em></strong></span> <span class='ocrx_word' id='word_1_272' title='bbox 1167 2233 1242 2269; x_wconf 87' lang='lat' dir='ltr'>eius</span> <span class='ocrx_word' id='word_1_273' title='bbox 1282 2233 1355 2268; x_wconf 82' lang='lat' dir='ltr'>vita</span> <span class='ocrx_word' id='word_1_274' title='bbox 1393 2233 1504 2269; x_wconf 80' lang='lat' dir='ltr'><strong>refert</strong></span> <span class='ocrx_word' id='word_1_275' title='bbox 1541 2232 1750 2270; x_wconf 84' lang='lat' dir='ltr'><strong>Plutarchus</strong></span> 
     </span>
     <span class='ocr_line' id='line_1_52' title="bbox 1102 2287 1752 2337; baseline 0.006 -14"><span class='ocrx_word' id='word_1_276' title='bbox 1102 2300 1180 2336; x_wconf 82' lang='lat' dir='ltr'><strong><em>cap.</em></strong></span> <span class='ocrx_word' id='word_1_277' title='bbox 1205 2287 1310 2324; x_wconf 85' lang='lat' dir='ltr'><strong><em>XXV</em></strong></span> <span class='ocrx_word' id='word_1_278' title='bbox 1330 2301 1415 2337; x_wconf 80' lang='lat' dir='ltr'><strong><em>pag.</em></strong></span> <span class='ocrx_word' id='word_1_279' title='bbox 1441 2287 1542 2335; x_wconf 78' lang='lat'>334,</span> <span class='ocrx_word' id='word_1_280' title='bbox 1566 2287 1609 2325; x_wconf 86' lang='lat' dir='ltr'><strong><em>A.</em></strong></span> <span class='ocrx_word' id='word_1_281' title='bbox 1642 2289 1752 2327; x_wconf 78' lang='lat' dir='ltr'>Unde</span> 
     </span>
     <span class='ocr_line' id='line_1_53' title="bbox 1099 2343 1752 2392; baseline 0.008 -13"><span class='ocrx_word' id='word_1_282' title='bbox 1099 2343 1154 2381; x_wconf 72' lang='lat' dir='ltr'><strong><em>vel</em></strong></span> <span class='ocrx_word' id='word_1_283' title='bbox 1174 2344 1209 2379; x_wconf 89' lang='lat' dir='ltr'><strong><em>in</em></strong></span> <span class='ocrx_word' id='word_1_284' title='bbox 1229 2345 1458 2392; x_wconf 75' lang='lat' dir='ltr'>proverbium</span> <span class='ocrx_word' id='word_1_285' title='bbox 1484 2345 1571 2381; x_wconf 75' lang='lat' dir='ltr'>abiit</span> <span class='ocrx_word' id='word_1_286' title='bbox 1595 2343 1752 2384; x_wconf 83' lang='grc' dir='ltr'><strong><em>Φωκαέ-</em></strong></span> 
     </span>
     <span class='ocr_line' id='line_1_54' title="bbox 1101 2395 1693 2450; baseline 0 -12"><span class='ocrx_word' id='word_1_287' title='bbox 1101 2413 1156 2438; x_wconf 89' lang='grc' dir='ltr'><strong><em>ων</em></strong></span> <span class='ocrx_word' id='word_1_288' title='bbox 1185 2395 1274 2450; x_wconf 78' lang='grc' dir='ltr'><strong><em>οἷρά.</em></strong></span> <span class='ocrx_word' id='word_1_289' title='bbox 1333 2400 1583 2437; x_wconf 66' lang='lat' dir='ltr'>Yid.S11idam</span> <span class='ocrx_word' id='word_1_290' title='bbox 1612 2415 1640 2438; x_wconf 92' lang='lat' dir='ltr'><strong><em>s.</em></strong></span> <span class='ocrx_word' id='word_1_291' title='bbox 1661 2414 1693 2438; x_wconf 88' lang='lat' dir='ltr'><strong><em>v.</em></strong></span> 
     </span>
    </p>

    <p class='ocr_par' dir='ltr' id='par_1_27' title="bbox 1096 2452 1758 2955">
     <span class='ocr_line' id='line_1_55' title="bbox 1156 2452 1752 2508; baseline 0.003 -14"><span class='ocrx_word' id='word_1_292' title='bbox 1156 2455 1251 2507; x_wconf 85' lang='grc' dir='ltr'><strong><em>πρὶν</em></strong></span> <span class='ocrx_word' id='word_1_293' title='bbox 1281 2452 1309 2507; x_wconf 78' lang='grc' dir='ltr'><em>ἢ</em></span> <span class='ocrx_word' id='word_1_294' title='bbox 1337 2453 1406 2495; x_wconf 84' lang='grc' dir='ltr'><strong><em>τὸν</em></strong></span> <span class='ocrx_word' id='word_1_295' title='bbox 1433 2452 1585 2508; x_wconf 85' lang='grc' dir='ltr'><strong><em>μύδρον</em></strong></span> <span class='ocrx_word' id='word_1_296' title='bbox 1608 2459 1752 2496; x_wconf 84' lang='grc' dir='ltr'><strong><em>τοῦτον</em></strong></span> 
     </span>
     <span class='ocr_line' id='line_1_56' title="bbox 1100 2507 1752 2564; baseline 0.002 -14"><span class='ocrx_word' id='word_1_297' title='bbox 1100 2507 1332 2562; x_wconf 66' lang='grc' dir='ltr'><strong><em>ἀναφῆναι]</em></strong></span> <span class='ocrx_word' id='word_1_298' title='bbox 1374 2508 1582 2564; x_wconf 76' lang='grc' dir='ltr'><strong><em>οἷναφῆναι</em></strong></span> <span class='ocrx_word' id='word_1_299' title='bbox 1609 2514 1667 2551; x_wconf 86' lang='lat' dir='ltr'><strong><em>hic</em></strong></span> <span class='ocrx_word' id='word_1_300' title='bbox 1695 2515 1752 2551; x_wconf 91' lang='lat' dir='ltr'><strong><em>in-</em></strong></span> 
     </span>
     <span class='ocr_line' id='line_1_57' title="bbox 1099 2569 1750 2619; baseline 0.003 -14"><span class='ocrx_word' id='word_1_301' title='bbox 1099 2569 1286 2606; x_wconf 73' lang='lat' dir='ltr'><strong><em>transitive</em></strong></span> <span class='ocrx_word' id='word_1_302' title='bbox 1313 2570 1471 2619; x_wconf 78' lang='lat' dir='ltr'>positum</span> <span class='ocrx_word' id='word_1_303' title='bbox 1509 2569 1670 2617; x_wconf 73' lang='lat' dir='ltr'>videtur,</span> <span class='ocrx_word' id='word_1_304' title='bbox 1700 2570 1750 2607; x_wconf 83' lang='lat' dir='ltr'><strong><em>ita</em></strong></span> 
     </span>
     <span class='ocr_line' id='line_1_58' title="bbox 1098 2626 1750 2676; baseline 0.003 -15"><span class='ocrx_word' id='word_1_305' title='bbox 1098 2628 1137 2661; x_wconf 84' lang='lat' dir='ltr'>nt</span> <span class='ocrx_word' id='word_1_306' title='bbox 1178 2638 1251 2662; x_wconf 88' lang='lat' dir='ltr'><strong><em>non</em></strong></span> <span class='ocrx_word' id='word_1_307' title='bbox 1291 2638 1382 2676; x_wconf 85' lang='lat' dir='ltr'>opus</span> <span class='ocrx_word' id='word_1_308' title='bbox 1424 2627 1469 2663; x_wconf 90' lang='lat' dir='ltr'>sit</span> <span class='ocrx_word' id='word_1_309' title='bbox 1498 2626 1750 2664; x_wconf 83' lang='lat' dir='ltr'><strong><em>emendatione</em></strong></span> 
     </span>
     <span class='ocr_line' id='line_1_59' title="bbox 1098 2677 1750 2732; baseline 0 -13"><span class='ocrx_word' id='word_1_310' title='bbox 1098 2677 1368 2732; x_wconf 72' lang='grc' dir='ltr'><strong><em>εἷναφανῆναι.</em></strong></span> <span class='ocrx_word' id='word_1_311' title='bbox 1408 2682 1595 2721; x_wconf 83' lang='lat' dir='ltr'>Pertinere</span> <span class='ocrx_word' id='word_1_312' title='bbox 1611 2682 1679 2720; x_wconf 89' lang='lat' dir='ltr'><strong><em>huc</em></strong></span> <span class='ocrx_word' id='word_1_313' title='bbox 1696 2683 1750 2719; x_wconf 89' lang='lat' dir='ltr'><strong><em>vi-</em></strong></span> 
     </span>
     <span class='ocr_line' id='line_1_60' title="bbox 1098 2738 1758 2787; baseline 0.002 -14"><span class='ocrx_word' id='word_1_314' title='bbox 1098 2738 1204 2774; x_wconf 86' lang='lat' dir='ltr'>detur</span> <span class='ocrx_word' id='word_1_315' title='bbox 1216 2738 1555 2787; x_wconf 84' lang='lat' dir='ltr'>Schweighaeusero</span> <span class='ocrx_word' id='word_1_316' title='bbox 1575 2738 1758 2787; x_wconf 80' lang='lat' dir='ltr'>Hesychii·</span> 
     </span>
     <span class='ocr_line' id='line_1_61' title="bbox 1098 2789 1748 2845; baseline 0.006 -16"><span class='ocrx_word' id='word_1_317' title='bbox 1098 2793 1240 2841; x_wconf 84' lang='lat' dir='ltr'>glossa:</span> <span class='ocrx_word' id='word_1_318' title='bbox 1272 2789 1503 2845; x_wconf 81' lang='grc' dir='ltr'><strong><em>α’ναφῆναι·</em></strong></span> <span class='ocrx_word' id='word_1_319' title='bbox 1541 2789 1748 2843; x_wconf 68' lang='grc' dir='ltr'><strong><em>ἀναφανῆ-</em></strong></span> 
     </span>
     <span class='ocr_line' id='line_1_62' title="bbox 1096 2849 1744 2903; baseline -0.002 -16"><span class='ocrx_word' id='word_1_320' title='bbox 1096 2864 1174 2888; x_wconf 81' lang='grc' dir='ltr'><strong><em>ναι.</em></strong></span> <span class='ocrx_word' id='word_1_321' title='bbox 1221 2849 1464 2889; x_wconf 87' lang='lat' dir='ltr'>Vertendum:</span> <span class='ocrx_word' id='word_1_322' title='bbox 1492 2862 1680 2903; x_wconf 81' lang='lat' dir='ltr'>apparere,</span> <span class='ocrx_word' id='word_1_323' title='bbox 1709 2862 1744 2886; x_wconf 84' lang='lat' dir='ltr'><strong><em>e-</em></strong></span> 
     </span>
     <span class='ocr_line' id='line_1_63' title="bbox 1096 2917 1256 2955; baseline 0.013 -14"><span class='ocrx_word' id='word_1_324' title='bbox 1096 2917 1256 2955; x_wconf 79' lang='lat' dir='ltr'><strong><em>mergere.</em></strong></span> 
     </span>
    </p>
   </div>
  </div>
 </body>
</html>
