1909 3228
422 190 505 231 3⁰4
835 188 1299 228 HERODOTI

395 300 727 356 2,,βασιληΐης.“
756 296 780 341 ὁ
812 297 858 341 δέ
887 312 963 353 μιν
990 296 1214 353 προσιδών
1242 296 1476 354 ἀντείρετο,
1510 303 1547 345 εἰ
1579 301 1681 346 ἑωυ-

395 381 505 422 3τοῦ
542 377 732 422 ποιέεται
768 375 817 419 τό
858 375 1014 430 Κύρου
1053 375 1194 432 ἔργον.
1240 375 1459 433 ’Ἅρπαγος
1499 379 1545 424 δὲ
1583 380 1678 436 ἔφη,
1693 385 1737 420 95

425 455 556 508 αὐτός
583 455 668 512 γάρ
698 453 890 511 γράψαι,
932 454 982 498 τὸ
1010 459 1189 511 πρῆγμα
1220 455 1387 500 ἑωυτοῦ
1425 456 1477 513 δὴ
1508 460 1682 510 δικαίως

395 535 552 580 4εἶναι.
589 532 826 590 Ἀστυάγης
855 533 902 578 δέ
930 551 1006 590 μιν
1035 532 1248 591 ἀπέφαινε
1277 538 1339 592 τῷ
1366 533 1482 592 λόγῳ
1520 549 1683 587 ,,σκαι-

423 612 614 667 ,,ότατόν
640 628 686 656 τε
722 612 796 655 καὶ
833 611 1103 657 ἀδικώτατον
1140 613 1267 657 ἐόντα
1298 612 1473 656 πάντων
1502 611 1683 669 ἀνθρώ-

423 726 447 745 ,,
459 707 574 736 πων·
605 691 866 736 σκαιότατον
892 693 971 748 μέν
999 709 1068 748 γε,
1098 694 1134 736 εἰ
1160 691 1326 748 παρεὸν
1357 691 1477 752 αὐτῷ
1507 693 1685 750 βασιλέα

422 771 683 829 ,,γενέσθαι,
734 772 772 815 εἰ
802 772 854 828 δή
887 769 937 815 δι’
970 771 1136 815 ἑωυτοῦ
1173 788 1220 828 γε
1250 771 1444 828 ἐπρήχθη
1473 770 1526 815 τοὶ
1553 788 1686 827 παρε-

422 850 592 904 ,,όντα,
624 849 737 908 ἄλλῳ
766 851 996 908 περιέθηκε
1024 849 1074 894 τὸ
1104 849 1287 905 κράτος·
1330 849 1598 895 ἀδικώτατον
1625 852 1685 905 δὲ,

422 929 528 982 „Su
565 932 648 973 τοῦ
702 930 884 974 δείπνου
935 931 1099 974 εἵνεκεν
1140 929 1330 987 Μήδους
1368 930 1711 974 κατεδούλωσε.1

394 1017 450 1062 5,,
463 1011 500 1053 εἰ
528 1008 610 1065 γὰρ
643 1007 696 1067 δή
728 1009 831 1053 δέον
857 1008 1031 1060 πάντως
1068 1013 1313 1063 περιθεῖναι
1347 1008 1460 1069 ἄλλῳ
1496 1008 1578 1065 τέῳ
1606 1009 1686 1066 τὴν

422 1091 710 1146 ,,βασιλη“ι’ἠν,
740 1091 815 1134 καὶ
842 1088 901 1146 μή
932 1086 1070 1132 αὐτὸν
1099 1088 1230 1144 ἔχειν,
1272 1086 1546 1143 δικαιότερον
1574 1086 1686 1131 εἶναι

421 1200 448 1220 ,,
465 1166 634 1225 Μήδων
661 1168 743 1225 τέῳ
775 1170 1024 1225 περιβαλεῖν
1062 1171 1196 1212 τοῦτο
1235 1165 1284 1210 τὸ
1314 1165 1486 1223 ἀγαθόν
1515 1166 1543 1224 ἢ
1574 1171 1685 1222 Περ-

395 1245 588 1300 6,,σέων.
617 1251 703 1292 νῦν
732 1246 778 1292 δὲ
809 1246 998 1304 Μήδους
1027 1246 1128 1303 μὲν,
1157 1244 1381 1297 ἀναιτίους
1400 1245 1562 1290 τούτου
1587 1245 1714 1290 ἐόν-5

424 1343 560 1380 ,,τας,
599 1327 787 1380 δούλους
812 1326 909 1371 α’ντὶ
946 1325 1191 1371 δεσποτέων
1217 1325 1460 1383 γεγονέναι·
1513 1325 1686 1382 Πέρσας

368 1546 487 1584 ribus:
527 1542 648 1598 εἴρετό
675 1559 754 1596 μιν.
823 1546 1019 1585 Caeterum

367 1616 435 1653 pro
468 1602 645 1642 ἑθοίνισε
676 1603 750 1640 bini
777 1604 882 1640 codd.
912 1602 1020 1642 ἐθοί-

367 1671 483 1709 νησε,
512 1660 691 1710 probante
703 1658 943 1697 Valckenario
963 1663 1019 1696 at-

368 1727 439 1765 que
458 1715 666 1753 Schaesero.

425 1767 543 1817 αὕτὸς
564 1768 638 1823 γὰρ
664 1766 844 1822 γράψαι]
875 1770 935 1808 De
952 1769 1021 1806 hu-

367 1827 566 1865 iuscemodi
596 1827 790 1865 enuntiatis
817 1840 883 1877 per
904 1826 1020 1877 parti-

367 1882 481 1920 culam
504 1880 579 1935 70²9
611 1884 767 1920 orationi
797 1882 1019 1933 interpositis

367 1941 462 1978 conf.
480 1940 529 1977 ad
551 1939 587 1986 Ι,
610 1939 665 1982 24
684 1940 792 1977 dicta.

421 1992 467 2036 τό
495 1998 661 2048 πρῆγμα
696 1994 850 2034 ἑωυτοῦ
872 1990 929 2045 δή
959 1993 1020 2034 δι-

367 2052 491 2099 καίως
527 2049 654 2098 εἶναι]
704 2052 811 2090 Hanc
836 2052 1020 2090 meliorem

368 2109 558 2147 verborum
590 2109 755 2147 ordinem
794 2121 874 2146 eum
913 2108 1022 2145 Gais-

368 2166 488 2203 sordio
528 2166 751 2204 reduximus.
817 2164 938 2214 Vulgo
969 2159 1019 2214 δὴ

368 2223 574 2273 ponebatur
610 2226 696 2259 ante
733 2220 906 2268 ἓωυτοῦ,
958 2220 1020 2270 qui

369 2279 549 2328 genitivus
591 2279 714 2316 stricte
749 2278 850 2327 iungi
889 2277 1021 2314 debeat

367 2335 480 2373 verbo
497 2331 612 2374 εἶναι.
651 2334 749 2372 Nam
768 2335 902 2371 factum
922 2332 1020 2369 istud

369 2391 446 2429 iure
486 2404 594 2429 suum
629 2391 699 2429 dici
733 2390 929 2440 haberique
961 2387 1020 2426 ille

369 2449 567 2486 contendit.

427 2503 464 2543 εἰ
484 2500 632 2557 παρεὸν
654 2497 764 2557 αὐτῷ
783 2498 944 2554 βασιλέα
958 2513 1018 2552 γε-

370 2558 537 2609 νέσθαι,
567 2561 603 2600 εἰ
619 2556 668 2611 δὴ
683 2575 718 2599 κ.
732 2575 766 2598 τ.
780 2557 826 2610 λ..]
856 2558 1018 2595 Primum

372 2616 408 2655 εἰ
427 2629 572 2654 causam
592 2617 650 2655 hic
669 2617 809 2663 reddit,
839 2613 1019 2664 explican-

370 2672 530 2721 dumque
544 2674 620 2711 fere
639 2677 679 2710 ut
699 2669 759 2712 ὅτι
771 2671 889 2722 (quod
901 2670 1018 2720 ipsum

371 2728 481 2777 paulo
527 2733 613 2778 post
656 2729 827 2778 legitur),
874 2729 1020 2763 auctore

370 2783 547 2821 Matthiae
563 2785 601 2821 in
623 2785 784 2823 Gramm.
810 2784 875 2821 Gr.
888 2781 1020 2833 §.617

370 2852 457 2892 pag.
481 2840 600 2883 1252.
646 2841 808 2879 Alterum
838 2839 873 2879 εἰ
901 2835 1020 2890 δή·-

1085 1559 1128 1598 γε
1157 1549 1213 1583 est
1243 1547 1277 1583 si
1303 1544 1437 1595 quidem
1468 1556 1497 1581 s,
1523 1543 1742 1594 quandoqui-

1084 1603 1171 1640 dem.
1203 1624 1259 1629 —-
1289 1598 1536 1651 περιτιθέναι
1565 1600 1622 1638 hic
1653 1602 1744 1638 sim-

1085 1659 1225 1710 pliciter
1244 1662 1317 1696 est:
1341 1659 1510 1703 tribuere,
1526 1659 1739 1706 permittere,

1087 1720 1126 1751 ut
1144 1715 1237 1750 infra
1266 1714 1338 1760 ΙΙΙ,
1364 1716 1429 1755 81.
1464 1715 1545 1755 142
1572 1717 1609 1750 et
1639 1714 1739 1765 apud

1087 1770 1180 1807 alios
1202 1775 1379 1808 auctores,

1145 1825 1181 1865 εἰ
1206 1823 1281 1877 γαρ
1309 1823 1359 1877 δή
1379 1824 1472 1865 δέον
1491 1819 1652 1872 πάντως
1675 1839 1742 1866 πε-

1087 1885 1265 1934 ριθεῖναι
1283 1897 1321 1921 κ.
1344 1897 1377 1921 τ.
1398 1884 1453 1928 λ.]
1485 1882 1672 1920 Orationis
1701 1895 1742 1920 a-

1086 1938 1350 1986 nacoluthiam,
1403 1952 1484 1976 cum
1515 1939 1742 1976 desideretur

1086 1996 1235 2032 verbum
1263 1995 1424 2043 finitum,
1464 2008 1536 2044 quo
1564 1996 1741 2032 referatur

1087 2051 1262 2101 particula
1310 2051 1367 2100 εἰ,
1432 2051 1525 2089 bene
1577 2051 1741 2100 expediit

1087 2107 1217 2144 Matth.
1227 2107 1249 2143 l.
1262 2106 1284 2144 l.
1298 2106 1334 2158 ἓ.
1347 2107 1428 2148 556
1439 2111 1515 2144 not.
1527 2109 1553 2148 2
1564 2119 1602 2157 p.
1617 2105 1738 2148 1094.

1088 2163 1258 2211 Namque
1285 2164 1416 2208 docet,
1445 2166 1531 2212 post
1557 2161 1594 2200 εἰ
1616 2166 1738 2200 mente

1088 2218 1330 2269 supplendum
1352 2232 1452 2256 esse:
1484 2215 1588 2270 ἄλλῳ
1610 2216 1738 2269 περιέ-

1087 2279 1190 2325 θηκε
1209 2271 1253 2313 τό
1280 2270 1425 2325 κράτος
1439 2303 1449 2321 ,
1480 2279 1516 2312 et
1534 2272 1626 2313 δέον
1647 2275 1733 2313 inde

1087 2332 1362 2380 interpretatur:
1393 2332 1477 2381 quia
1504 2333 1737 2380 oportuisset,-

1086 2388 1135 2424 ita
1159 2393 1197 2424 :it
1217 2387 1324 2437 plane
1351 2389 1479 2425 eadem
1498 2388 1544 2424 sit
1559 2392 1738 2424 structura

1086 2444 1259 2481 orationis
1288 2448 1397 2493 atque
1417 2444 1527 2494 priori
1559 2444 1596 2480 in
1619 2450 1736 2494 parte,

1085 2500 1146 2537 ubi
1173 2504 1243 2538 est:
1279 2499 1313 2539 εἰ
1327 2497 1471 2551 παρεὸν
1496 2495 1605 2554 αὐτῷ
1626 2500 1736 2549 βασι-

1086 2555 1154 2595 λέα
1184 2571 1219 2595 κ.
1242 2571 1274 2594 τ.
1303 2559 1336 2595 λ.
1393 2556 1488 2593 Add.
1510 2556 1669 2595 VVerser.
1697 2556 1737 2594 in

1086 2612 1178 2650 Actt.
1201 2612 1297 2662 phill.
1320 2612 1483 2650 Monacc.
1504 2613 1522 2651 I
1541 2625 1627 2664 pag.
1642 2615 1734 2654 112.

1085 2689 1141 2697 —-
1161 2669 1220 2707 De
1242 2682 1310 2706 usu
1331 2669 1598 2720 participiorum
1618 2682 1736 2720 παρε·

1089 2722 1134 2764 ὃν
1155 2730 1192 2763 et
1218 2724 1308 2765 δέον
1337 2739 1485 2764 monere
1513 2725 1611 2762 haud
1629 2738 1735 2775 opus.

1087 2781 1127 2818 In
1154 2782 1214 2818 fin.
1236 2783 1342 2833 capit.
1364 2776 1554 2828 δεσπότας
1581 2782 1653 2818 iam
1673 2791 1736 2818 ex-

1088 2838 1272 2875 citavimus
1298 2850 1409 2889 supra
1428 2836 1528 2884 adl,
1555 2839 1647 2879 111.
