1877 3223
627 215 841 255 CLIO.
899 217 925 255 1.

1321 217 1400 256 133

149 329 288 378 ἔθνος.
335 325 408 370 καὶ
443 325 491 370 τὸ
521 325 621 382 μὲν,
660 324 832 382 οὐδαμῆ
872 341 934 370 κω
965 321 1218 381 ἐξεχώρησε*
1258 320 1307 364 τὸ
1341 322 1455 375 δὲ,45

92 505 147 538 est
186 513 265 538 cum
300 514 364 547 eo,
422 500 521 549 quod
558 498 736 547 Pelasgos

87 568 272 605 nunquam
298 557 411 592 solum
438 559 619 603 mutasse,
648 556 737 593 Hel-

92 612 192 650 lenes
224 627 308 650 vero
339 612 488 650 multum
517 617 736 662 pervagatos

89 682 171 705 esse
199 670 369 715 tradunt3
396 668 496 717 quod
525 669 642 716 ipsum
664 669 736 706 iam

87 725 137 761 ad
159 726 362 762 universam
377 724 472 760 illam
495 724 541 760 de
560 724 734 773 Pelasgo—

86 793 165 817 rum
186 785 295 829 atque
322 780 515 818 Hellenum
534 781 734 828 originibus

85 837 338 884 quaestionem
361 836 538 886 pertinet,
590 837 636 874 de
664 850 736 886 qua

84 893 219 930 referre
243 893 393 940 longum
425 896 502 939 est,
532 893 619 930 certi
647 893 734 941 quid

84 949 236 986 definire
275 948 534 986 difficillimum.
610 949 735 992 Quare

83 1017 177 1053 quae
197 1005 244 1041 ad
261 1006 447 1054 scriptoris
467 1005 582 1041 nostri
604 1004 734 1042 intelli-

82 1061 244 1109 gentiam
264 1061 424 1097 nonnihil
442 1062 560 1098 facere
579 1062 733 1111 possint,

84 1129 127 1153 ea
147 1129 262 1167 pauca
282 1117 338 1153 hic
357 1118 620 1154 adnotabimus.
660 1118 733 1160 Qui

82 1173 237 1222 primum
259 1173 393 1210 diserte
425 1178 570 1220 mouet,
600 1174 732 1210 diversi

82 1230 228 1276 generis
241 1242 323 1266 esse
334 1229 510 1278 Pelasgos
522 1234 631 1278 atque
640 1228 730 1266 Hel-

80 1285 202 1330 lenes·‚
230 1285 268 1320 in
297 1298 369 1333 quo
397 1290 528 1335 postea
556 1287 729 1322 adversa-

82 1345 140 1377 tus
168 1345 224 1378 est
258 1340 305 1376 illi
337 1341 536 1389 Dionysius
564 1341 728 1377 Halicar-

78 1410 177 1434 naSS.
223 1394 372 1445 Antiqq.
419 1397 563 1434 Romm.
599 1396 638 1444 Ι,
677 1398 728 1437 17

79 1467 116 1504 p.
138 1451 191 1493 45
216 1453 272 1490 ed.
291 1453 418 1490 Reisk.
438 1453 527 1490 haec
546 1453 728 1490 scribens:

78 1503 131 1560 ἦν
150 1505 224 1561 γοέρ
244 1505 292 1559 δὴ
315 1507 382 1548 καὶ
413 1506 458 1548 τό
488 1511 569 1547 τῶν
603 1511 727 1548 Πελα-

80 1567 184 1617 σγῶν
235 1563 348 1617 γένος
395 1562 644 1615 Ἑλληνικὸν,
686 1563 728 1604 ἐκ

81 1618 395 1673 Πελοποννήσου
414 1619 458 1661 τό
477 1618 653 1675 ἀρχαῖον.
675 1620 728 1658 Ac

80 1678 204 1729 plures
230 1679 297 1714 viri
331 1679 433 1715 docti
463 1678 532 1716 hoc
560 1677 728 1726 Dionysii

79 1734 323 1771 testimonium
342 1735 455 1771 secuti
473 1738 574 1782 sunt,
597 1736 634 1771 in
647 1734 727 1782 qui-

79 1791 148 1826 bus
167 1790 363 1839 praecipue
390 1791 511 1827 Vater.
546 1791 594 1826 ad
626 1790 725 1827 Ade-

81 1845 181 1894 lung.
206 1845 405 1882 Mithridat.
423 1847 457 1882 II
475 1860 511 1896 p.
529 1848 612 1887 382
622 1859 725 1894 seqq.

80 1904 164 1943 392
183 1915 260 1951 seq.
280 1902 419 1938 consuli
443 1902 518 1938 vult
549 1902 614 1938 Cr.
629 1931 639 1948 ‚
671 1907 725 1937 at-

80 1971 152 2007 que
187 1958 356 1995 Herbert.
390 1957 507 1994 Marh.
544 1957 581 1992 in
617 1958 725 1992 Horr.

78 2014 250 2062 Pelasgg.
266 2014 496 2061 (Cantabrig.
512 2014 651 2059 1815),
664 2012 724 2060 qui

78 2071 204 2107 itidem
222 2070 398 2118 Pelasgos
419 2074 454 2107 et
472 2069 643 2106 Hellenes
655 2080 722 2117 pro

78 2138 151 2163 una
192 2127 395 2174 eademque
441 2126 553 2175 stirpe
600 2124 723 2161 haberi

79 2183 273 2220 contendit.
303 2182 443 2225 Quibus
455 2180 723 2230 quodammodo

79 2239 260 2276 accenseri
268 2239 401 2290 poterit
409 2237 725 2274 Raoul-Rochette

82 2294 251 2341 (Histoir.
271 2296 316 2332 de
334 2294 529 2330 l'Etabliss.
551 2294 585 2329 d.
608 2292 722 2329 colon.

84 2351 215 2399 Grecq.
237 2351 253 2387 I
271 2364 307 2400 p.
339 2352 424 2398 11),
454 2350 514 2386 ubi
532 2348 724 2386 discrimen

84 2406 175 2443 inter
195 2411 382 2455 utramque
401 2410 547 2454 gentem
568 2418 641 2441 non
650 2404 725 2441 tale

86 2474 167 2498 esse
203 2467 345 2508 monet,
389 2463 495 2511 quale
542 2461 724 2511 plerisque

85 2515 257 2553 videatur.
310 2517 360 2554 Et
386 2519 455 2555 alio
483 2518 562 2555 loco
583 2517 686 2564 (ibid.
707 2516 723 2552 I

85 2586 122 2621 p⁵
154 2571 228 2612 141
247 2574 350 2621 seq.)
394 2574 570 2622 Pelasgos
600 2572 724 2608 statuit

84 2628 295 2676 indigenam
352 2629 525 2666 Graeciae
578 2632 722 2676 gentem

86 2698 168 2721 esse
194 2684 250 2721 vel
276 2688 370 2722 certe
395 2698 496 2732 eam,
527 2685 623 2721 cuius
648 2685 723 2733 pri-

84 2753 166 2777 mae
200 2740 239 2776 in
267 2740 440 2787 Graecia,
477 2740 723 2789 antiquissimo

84 2800 180 2834 certe
205 2809 316 2843 aem,
346 2797 410 2833 fiat
438 2797 582 2833 mentio.
641 2796 724 2840 Quo

85 2852 222 2890 cautius
237 2853 284 2890 de
300 2852 357 2889 his
375 2853 536 2904 disputat
559 2852 669 2890 Beck.
688 2853 724 2890 in

804 497 1017 548 Allgemein.
1036 494 1258 544 Weltgesch.
1277 493 1293 531 I
1312 492 1451 545 p.348.

805 556 886 596 807
905 556 963 592 ed.
982 553 1128 591 secund.
1187 551 1259 595 Qui
1287 551 1451 601 primitus

804 612 951 660 quidem
978 609 1111 647 diversi
1142 608 1286 657 generis
1317 610 1453 643 utram-

803 681 874 716 que
895 667 1007 704 fuisse
1027 669 1171 714 gentem
1182 663 1344 701 concedit
1354 662 1452 700 Titt-

803 736 924 761 mann.
945 723 1012 770 (de
1029 721 1304 771 Amphictyonn.
1321 733 1357 769 p.
1370 721 1450 759 113

805 781 941 828 seqq),
982 782 1113 829 postea
1149 782 1270 814 tamen
1305 779 1450 812 mutuae

803 836 1030 884 cognationis
1051 834 1148 870 haud
1163 844 1279 883 pauca
1297 831 1451 879 vestigia

803 892 952 941 reperiri
975 890 1170 927 contendit.
1210 888 1330 932 Quum
1353 888 1448 924 enim

802 949 901 996 prius
923 947 1159 995 Pelasgorum
1169 945 1267 994 ‘gens
1282 956 1371 993 prae
1391 956 1448 980 re-

802 1004 908 1053 liquis
958 1002 1163 1041 excelluerit
1210 1000 1443 1047 eiusdemque

801 1073 935 1097 nomen
961 1059 1144 1109 plerisque
1171 1058 1251 1094 fere
1270 1055 1446 1092 Graeciae

801 1117 970 1164 gentibus
984 1115 1090 1152 fuerit
1101 1125 1289 1151 commune
1297 1116 1447 1162 ,postea

798 1172 991 1210 Hellenum
1009 1183 1143 1208 nomen
1159 1168 1351 1206 invaluisse
1362 1180 1445 1204 cen-

798 1237 856 1266 set
882 1241 956 1264 non
992 1228 1110 1263 minus
1142 1226 1177 1262 vi
1200 1229 1308 1274 atque
1336 1224 1444 1260 armis

798 1297 907 1333 quain
937 1283 1197 1321 consuetudine
1248 1284 1444 1328 mutuoque

797 1341 1028 1385 commerci03
1066 1339 1103 1375 in
1128 1351 1201 1386 quo
1226 1337 1307 1386 ipso
1335 1337 1444 1372 vesti-

797 1397 895 1444 gium
913 1407 1092 1444 apparere
1114 1393 1262 1441 linguae
1280 1391 1444 1439 Pelasgi-

798 1465 859 1488 cae
877 1456 987 1500 atque
1005 1449 1214 1487 Hellenicae
1242 1460 1316 1484 non
1338 1447 1443 1484 valde

797 1508 973 1545 diversae.
1020 1506 1113 1543 Utut
1134 1509 1212 1552 est,
1242 1504 1327 1541 mihi
1345 1507 1442 1541 certe

794 1564 915 1614 potior
932 1564 1073 1600 videtur
1090 1561 1271 1599 Herodoti
1287 1560 1442 1597 auctori-

794 1625 851 1657 tas
889 1632 978 1670 prae
1013 1618 1202 1666 Dionysii,
1239 1617 1300 1666 qui
1326 1616 1438 1653 multo

793 1680 879 1728 post
895 1676 1001 1722 vixit,
1024 1674 1233 1712 testimonio
1252 1673 1441 1710 Hellenes-

794 1746 865 1781 que
883 1733 967 1770 inde
995 1736 1031 1768 et
1050 1731 1228 1779 Pelasgos
1248 1730 1363 1780 probe
1384 1730 1439 1765 di-

792 1789 1031 1836 stinguendos
1070 1801 1151 1824 esse
1181 1799 1322 1824 censeo,
1379 1785 1439 1822 Tu

792 1845 863 1880 vid.
911 1844 1115 1891 Thucydid.
1157 1843 1194 1888 I,
1223 1844 1260 1882 3.
1308 1842 1437 1878 Kruse.

792 1900 919 1936 Hellas
955 1900 970 1935 I
997 1912 1083 1948 pag.
1101 1898 1192 1938 403-
1222 1897 1304 1937 414
1332 1909 1436 1944 seqq·

793 1955 886 1995 416.
909 1954 1002 1994 453.
1024 1953 1105 1994 461
1123 1966 1203 2000 sqq.
1232 1965 1274 1988 ac
1302 1953 1348 1988 de
1369 1952 1438 1989 Pe-

793 2010 976 2059 lasgorum
996 2009 1141 2045 nomine
1159 2008 1246 2044 ibid.
1266 2007 1409 2058 p.437.

846 2064 912 2104 καὶ
936 2062 980 2104 τό
1001 2061 1088 2115 μὲν,
1103 2059 1260 2115 ου’δαμῆ
1285 2078 1343 2101 κω
1361 2063 1436 2110 ἑξε-

791 2117 964 2174 χώρησε]
1006 2121 1108 2158 Haec
1142 2121 1252 2157 verba
1291 2120 1338 2157 de
1365 2121 1436 2158 Pe-

790 2179 903 2226 lasgis
941 2177 1196 2225 intelligenda,
1240 2177 1435 2213 admodum

794 2238 1026 2272 exercuerunt
1044 2234 1139 2269 »isos
1169 2233 1314 2279 doctos,
1355 2246 1434 2270 cum

793 2291 905 2328 multa
926 2290 1024 2339 apud
1048 2294 1187 2326 veteres
1216 2290 1348 2325 tradita
1376 2303 1432 2326 re-

791 2348 974 2398 periamus
1000 2346 1045 2382 de
1075 2345 1310 2393 Pelasgorum
1337 2358 1433 2383 com-

791 2402 1064 2451 migrationibus
1078 2430 1087 2448 ,
1107 2414 1200 2450 quae
1219 2401 1338 2437 omnia
1347 2415 1433 2451 pro-

792 2461 885 2496 serre
912 2458 1076 2508 putidum
1098 2462 1163 2495 est.
1219 2457 1343 2495 Unum
1371 2470 1432 2494 ex—

792 2516 908 2552 citabo
920 2515 1134 2550 Strabonem
1144 2542 1156 2561 ‚
1173 2514 1233 2562 qui
1252 2514 1431 2562 Pelasgos

790 2577 895 2608 vocat
922 2566 1176 2609 πολύπλανοι)
1208 2568 1328 2616 ἔθνος
1364 2568 1433 2607 καὶ

790 2625 884 2679 ταχὺ
915 2623 1014 2678 πρός
1049 2621 1280 2672 ἀναστάσεις
1317 2626 1432 2675 (ΧΙΙΙ

789 2699 826 2735 p-
858 2686 934 2725 621
967 2696 996 2718 S·
1025 2686 1119 2728 922,
1141 2682 1221 2731 C);
1258 2683 1313 2719 cui
1330 2683 1432 2718 addit

792 2741 855 2777 Cr.
894 2739 1072 2775 Eustathii
1104 2738 1221 2775 locum
1253 2739 1430 2786 insignem

789 2798 836 2833 ad
852 2796 1002 2832 Homeri
1018 2795 1153 2843 Odyss.
1174 2793 1264 2831 XIX
1281 2807 1317 2844 p.
1335 2797 1430 2840 690,

790 2855 846 2895 30
872 2852 929 2890 ed.
956 2851 1066 2889 Basil.
1105 2846 1357 2904 περιώνυμον
1387 2847 1430 2889 ὸὲ
