1877 3223
681 228 900 267 CLIO.

961 230 984 266 Ι.
1441 237 1468 274 ζ,

159 339 291 396 wael
322 338 525 394 γενέσθαι
553 340 626 395 τῆς
653 339 880 395 διαφορῆς.
911 338 1095 391 τούτους
1123 339 1225 396 γάρ,
1267 339 1353 386 α’πὸ
1392 347 1505 401 τῆςιι

147 568 338 615 Φοίνικας
369 566 520 615 αἰτίους
557 565 655 616 φασὶ
690 566 794 622 γενέ-

145 629 242 665 σθαι
271 628 340 675 τῆς
365 625 573 673 διαφορῆς.

199 678 363 728 τούτους
389 680 462 733 yslo
486 677 562 719 οἷπὸ
585 682 654 731 τῆς
676 675 794 732 Ἐρυ-

143 741 251 790 θρῆς
286 736 523 788 καλεομένης
562 732 790 786 θαλάσσης]

142 796 241 831 Satis
260 796 353 831 inter
372 807 496 830 omnes
516 798 669 840 constat,
696 795 794 830 rubri

139 854 248 888 muris
279 851 522 901 appellatione
557 851 706 886 indicari
739 851 791 887 la-

139 908 221 944 tiori
260 921 368 945 sensu
416 920 559 944 omnem
604 907 790 944 Oceanum

138 962 362 1011 Australem,
394 964 479 999 solis
497 964 644 999 orientis
666 964 789 1010 radiis,

137 1021 286 1069 opinor,
347 1021 502 1070 primum
543 1019 788 1056 collustratmn

135 1077 294 1125 indeque
313 1078 573 1121 rubescentem,
604 1080 666 1111 aut
692 1078 788 1112 saxis

134 1133 342 1169 rubicundis
363 1133 399 1169 in
422 1133 525 1169 litore
544 1133 650 1168 rubro
667 1132 786 1169 colore

132 1189 433 1238 resplendentem.
496 1189 619 1231 Quare
687 1190 785 1237 quod

132 1246 438 1282 mediterraneum
473 1249 528 1281 est
564 1256 685 1290 mare,
735 1245 782 1281 illi

130 1301 233 1349 quasi
263 1301 491 1350 oppositum,
531 1313 552 1335 a
582 1300 617 1336 T
620 1301 713 1336 urcis
742 1314 784 1337 ac

127 1356 249 1393 Persis
280 1357 396 1393 album
424 1357 493 1392 dici
526 1360 683 1392 monent.
735 1356 781 1391 ll-

127 1412 195 1448 lius
221 1427 305 1451 vero
335 1426 415 1450 cum
435 1413 559 1449 crebra
581 1412 679 1461 apud
699 1412 779 1447 No-

125 1474 239 1507 strum
276 1470 339 1506 fiat
375 1470 510 1506 mentio
547 1481 626 1504 cum
661 1467 777 1505 latiori

125 1530 200 1562 tum
224 1526 366 1563 arctiori
386 1539 517 1572 sensu,
548 1524 701 1572 singulis
723 1524 777 1560 lo-

123 1583 173 1619 cis
240 1583 437 1620 accuratius
510 1581 774 1629 inquirendum.

122 1638 294 1688 Namque
332 1639 474 1675 arctiori
503 1651 615 1675 sensu
648 1642 772 1686 partes

122 1696 301 1744 quaedam
323 1696 414 1731 illius
432 1695 540 1731 maris
563 1695 690 1731 eadem
708 1695 772 1731 de-

121 1752 311 1799 signantur
365 1751 629 1802 appellatione,
696 1754 773 1787 tum

122 1809 222 1856 quod
241 1822 335 1845 nunc
363 1809 491 1844 dicitur
510 1820 601 1844 utare
622 1807 771 1854 rubrum,

121 1865 197 1901 sive
245 1867 342 1901 sinus
392 1864 582 1910 Arabicus,
628 1860 772 1909 κολπὸς

119 1915 345 1971 Ἀραβικός,
375 1934 468 1968 quae
492 1921 619 1957 eadem
645 1919 770 1968 appel-

119 1977 205 2013 latio
241 1978 337 2026 apud
378 1976 555 2012 Nostrum
595 1976 773 2011 invenitur

117 2034 165 2079 (l,
199 2035 288 2075 102.
317 2033 372 2080 H,
400 2035 436 2073 8.
471 2033 559 2072 158.
592 2033 681 2072 159.
709 2031 772 2078 lv,

118 2089 183 2130 41.
213 2089 282 2125 Th.
307 2089 373 2125 Ch.
392 2089 555 2136 Breiger.
574 2088 769 2123 Commen-

116 2150 179 2182 tat.
201 2147 246 2183 de
263 2145 452 2181 difficilior.
471 2145 638 2193 quibusd.
660 2143 770 2179 Asiae

117 2202 257 2239 Herod.
306 2202 471 2249 Gotting.
513 2200 618 2241 1795
647 2213 682 2249 p.
716 2200 767 2239 13

118 2257 230 2306 sqq.)
271 2262 371 2304 tum,
436 2257 496 2306 qni
534 2259 630 2292 siuns
679 2256 767 2291 dici-

116 2317 175 2350 tur
218 2313 390 2351 Persicus.
435 2313 518 2349 vid.
557 2313 720 2360 Breiger.
741 2311 763 2348 l.

115 2369 138 2407 l.
169 2384 204 2420 p.
242 2373 288 2411 11
321 2384 402 2419 sqq.
444 2370 569 2418 Hcyse
596 2370 762 2412 Quaestt.

114 2440 151 2476 p.
177 2426 265 2466 104.
295 2427 376 2463 Hoc
392 2426 471 2462 loco
494 2426 555 2474 qui
576 2425 764 2461 Arabicum

116 2483 320 2531 intelligunt
360 2483 495 2528 sinum,
540 2481 762 2518 Phoenicum

113 2539 221 2575 sedes
242 2540 440 2588 primitivas
471 2539 518 2574 ad
547 2538 639 2574 illius
664 2538 763 2574 sinas

113 2594 241 2642 litora,
289 2596 337 2631 ad
389 2595 592 2631 Aelanitem
632 2595 763 2640 sinum,

112 2652 299 2698 referunt,
371 2652 562 2701 ipsamque
617 2655 764 2699 gentem

113 2706 305 2743 Arabicam
352 2721 432 2745 esse
480 2707 763 2753 Homeritarum,

113 2764 344 2799 contendunt.
402 2764 475 2806 Qui
514 2762 690 2799 Persicum
715 2764 764 2798 si-

114 2832 199 2855 num
224 2820 282 2855 hic
299 2819 498 2868 intelligere
516 2820 651 2866 malint,
664 2821 765 2856 Stra-

116 2875 211 2912 bone
244 2876 473 2927 potissimmn
501 2880 648 2914 utuntur
672 2880 766 2914 teste

852 569 886 618 (l
909 584 946 621 p.
976 569 1031 612 42
1052 583 1083 607 S.
1103 571 1168 617 73,
1190 569 1233 608 A.
1261 571 1347 609 XVI
1364 586 1400 622 p.
1421 575 1501 613 734·

850 640 880 663 s.
920 628 1042 673 1131,
1073 625 1116 664 A.
1156 628 1198 664 B.
1244 630 1328 665 add.
1379 629 1499 666 lustin.

850 683 983 729 XVHI,
1000 685 1038 723 3.
1067 683 1225 732 Hesych.
1245 686 1312 721 sub
1333 699 1365 722 v.
1385 682 1500 724 Σιδό-

849 754 930 778 νιοι
960 742 1066 786 eto),
1098 740 1157 788 qui
1186 740 1386 778 Phoenices
1413 756 1433 778 e
1452 743 1499 777 si-

848 809 896 832 nu
922 796 1067 833 Persico
1095 798 1146 832 ad
1171 810 1271 834 mare
1288 798 1499 835 mediterra—

846 866 954 889 neum
974 853 1233 900 commigrasse
1256 854 1388 890 scribit.
1423 855 1499 890 Un—

847 910 895 946 de
922 908 1079 957 vulgaris
1117 913 1196 945 orta
1235 910 1415 946 sententia
1452 911 1498 947 de

844 965 1065 1002 Phoenicum
1102 966 1248 1002 sedibus
1274 966 1497 1016 principibus

844 1022 892 1057 ad
924 1022 1042 1057 sinum
1070 1021 1279 1069 Persicum,
1315 1023 1412 1058 unde
1441 1023 1495 1058 vel

842 1081 941 1114 recta
975 1079 1036 1113 via
1063 1078 1114 1113 ad.
1143 1091 1245 1115 mare
1284 1078 1495 1115 mediterra-

842 1147 949 1170 neum
978 1134 1189 1182 migrarint,
1229 1133 1285 1172 vel
1316 1135 1414 1183 prius
1447 1136 1495 1172 ad

840 1190 959 1226 sinum
999 1189 1190 1226 Arabicum
1221 1191 1372 1240 profecti
1409 1191 1494 1228 inde

840 1246 985 1283 demum
1008 1247 1055 1282 ad
1074 1246 1165 1282 illius
1185 1247 1294 1282 maris
1309 1260 1391 1282 oras
1408 1260 1492 1296 per·

837 1303 1010 1339 vene-rint.
1061 1302 1165 1345 Quae
1201 1315 1298 1338 nune
1328 1302 1490 1352 pluribus

837 1370 1020 1406 exponere
1073 1371 1146 1393 non
1199 1362 1311 1394 vacat.
1380 1358 1490 1394 Plura

834 1413 945 1450 Beck.
974 1413 1235 1460 WVeltgesehl
1262 1427 1300 1463 p·-
1322 1414 1403 1454 258
1431 1427 1485 1463 sq.

835 1473 871 1506 et
889 1470 1018 1507 Ritter.
1040 1469 1243 1505 Erdkunde
1269 1469 1302 1505 ll
1335 1483 1370 1518 p.
1395 1471 1483 1510 163.

833 1524 892 1562 Ad
910 1526 1139 1563 Herodotum
1159 1530 1391 1572 revertamur,
1411 1527 1486 1574 qui,

832 1583 862 1618 si
890 1585 1005 1619 simun
1035 1581 1214 1618 Persicum
1242 1583 1340 1618 rubri
1375 1583 1483 1618 maris

830 1639 1074 1689 appellatione
1109 1638 1303 1685 intellexit,
1334 1639 1483 1687 egregie

830 1696 987 1732 firmabit
1016 1695 1112 1731 illam
1140 1695 1378 1741 sententiam,
1409 1708 1481 1743 qua

827 1752 1026 1789 Phoenices
1067 1752 1234 1801 primitus
1284 1752 1332 1787 ad
1372 1751 1480 1787 istum

827 1809 944 1844 sinum
967 1809 1216 1854 habitaverint,
1245 1820 1267 1844 a
1288 1807 1480 1853 Strabone,

829 1864 906 1901 aliis
935 1864 1135 1913 prolatam,
1173 1864 1328 1913 ipsoque
1358 1863 1478 1899 Heroa

828 1922 914 1957 doto
932 1921 1125 1957 indicatam
1146 1920 1225 1965 VH,
1257 1922 1320 1959 89.
1379 1918 1477 1954 Nam

829 1978 875 2013 de
900 1976 1051 2012 Arabico
1085 1978 1163 2011 sinu
1189 1975 1286 2011 haud
1313 1974 1476 2022 cogitan-

827 2033 915 2068 dum
943 2044 1026 2068 esse
1048 2034 1172 2068 monet
1195 2030 1410 2066 Dalilmann.
1440 2044 1477 2080 p.

829 2090 892 2129 82.
921 2089 984 2128 83,
1017 2088 1079 2135 qui
1105 2088 1205 2136 quod
1226 2086 1343 2122 latiori
1364 2099 1474 2123 sensu

826 2143 883 2179 hic
912 2144 1051 2179 rubrum
1083 2156 1176 2179 nuere
1201 2143 1349 2190 intelligi
1386 2142 1474 2188 vult,

824 2200 921 2235 haud
952 2213 1101 2250 prorsus
1130 2205 1251 2236 tamen
1274 2199 1474 2235 sententiae

822 2256 929 2304 vulgo
948 2260 1114 2305 receptae
1128 2257 1349 2292 adversatur.
1365 2255 1471 2291 Cren-

820 2325 921 2348 zerus
946 2312 1044 2349 hisce
1076 2311 1287 2361 adscripsit:
1325 2312 1470 2358 „Confi

817 2367 980 2405 Itinerar.
1034 2367 1225 2405 Alexandr.
1279 2368 1335 2404 ed.
1381 2367 1469 2403 Mai.

820 2425 1043 2472 (Mediolan.
1092 2425 1225 2471 1017)
1279 2422 1315 2473 ᾗ
1372 2426 1470 2464 110τί

818 2482 971 2530 „„lpsa
1005 2480 1145 2529 (india)
1178 2493 1263 2516 vero
1295 2480 1470 2516 extrinse-

818 2551 880 2574 cus
900 2538 1034 2585 ubique
1057 2538 1205 2574 Oceano
1225 2536 1394 2582 munitur,
1415 2536 1471 2571 in-

818 2595 947 2631 terssuo
966 2594 1056 2630 mari
1072 2592 1228 2643 Hippalo
1249 2593 1363 2639 (Cod.
1377 2592 1470 2640 Hip-

820 2649 959 2700 pallo),
992 2650 1091 2686 cuius
1122 2650 1224 2687 sinus
1254 2649 1387 2685 Persas
1416 2648 1471 2683 in-

818 2706 996 2743 cludit.‘⁶“
1034 2705 1214 2743 Nimirum
1251 2717 1344 2741 mare
1370 2703 1468 2753 Ery,-

820 2764 979 2799 thraeum
1019 2761 1237 2812 appellatum
1272 2762 1380 2798 etiam
1415 2764 1471 2797 est

821 2833 915 2856 nuere
937 2819 1141 2869 Hippalum.
1180 2819 1212 2854 V
1216 2818 1263 2853 id.
1286 2818 1472 2854 Letronne

824 2877 861 2913 in
899 2875 1048 2913 Journal
1092 2876 1128 2913 d.
1164 2875 1305 2912 Savans
1353 2875 1470 2914 1818-
