1909 3228
644 258 943 300 cL10.1.

1327 263 1410 303 243

167 368 246 412 οὐκ
273 366 438 412 ἀνιέναι
465 367 513 411 τὸ
543 368 702 422 κακόν,
751 367 848 412 ἀλλ’
878 369 946 412 ἐπὶ
974 371 1138 425 μᾶλλον
1176 368 1238 412 ἔτι
1274 369 1465 426 &vige-75

167 453 294 497 σθαι,
326 448 440 491 οὕτω
475 447 527 504 δή
558 447 636 492 τόν
664 448 840 505 βασιλέα
861 447 1024 498 αὐτῶν,
1056 446 1136 491 δύο
1157 450 1312 504 μοίρας
1332 451 1411 493 διε-

166 526 298 570 λόντα
328 531 488 571 Λυδῶν
517 527 713 579 πάντων,
744 531 989 585 κληρῶσαι,
1029 527 1111 584 τὴν
1139 527 1216 583 μὲν
1244 528 1311 571 ἐπὶ
1340 545 1413 584 μο-

140 610 251 662 7νῇ,
291 606 370 662 τὴν
402 607 445 649 δὲ
475 607 542 650 ἐπὶ
573 606 703 664 ἐξόδῳ
741 607 787 650 ἐκ
823 612 898 663 τῆς
932 607 1083 664 χώρης.
1138 607 1211 650 καὶ
1240 606 1305 650 ἐπὶ
1336 608 1413 663 μὲν

168 689 220 742 τῇ
250 684 393 739 μένειν
423 685 560 729 αὐτοῦ
591 685 864 742 λαγχανούσῃ
894 691 982 729 τῶν
1024 685 1212 742 μοιρέων
1251 685 1414 729 ἑωυτὸν

169 764 246 807 τὸν
274 765 450 820 βασιλέα
480 764 786 818 προστάσσειν·

850 766 917 808 ἐπὶ
947 765 992 809 δὲ
1020 770 1072 822 τῇ
1102 764 1471 821 ἆπαλλασσομέ-Βο

168 860 246 898 νῃ,
278 842 355 886 τόν
383 843 547 886 ἑωυτοῦ
575 846 731 896 παῖδα,
761 848 822 900 τῷ
852 842 1023 900 οὕνομα
1045 843 1155 887 εἶναι
1180 843 1415 901 Τυρσηνόν.

140 920 380 976 8λαχόντας
410 922 454 966 δὲ
486 922 631 966 αὐτῶν
658 923 760 974 τοὺς
789 922 961 978 ἑτέρους
989 922 1142 976 ἐξιέναι
1171 923 1218 966 ἐκ
1243 927 1317 979 τῆς
1334 922 1416 978 χώ-

173 1015 271 1055 ρης,
329 1004 572 1058 καταβῆναι
609 1001 650 1052 ές
688 999 925 1058 Σμύρνην,
980 1003 1053 1046 καὶ
1091 1000 1418 1058 μηχανήσασθαι

166 1083 321 1131 πλοῖα,
352 1080 394 1130 ἐς
423 1079 473 1123 τά
513 1080 772 1136 ἐσθεμένους
800 1080 852 1124 τα
884 1079 1026 1124 πάντα
1050 1080 1130 1124 ὅσα
1153 1092 1232 1135 σφι
1251 1076 1306 1136 ἦν
1323 1098 1419 1137 χρη-

175 1156 253 1199 στοὶ
285 1158 485 1210 ἐπίπλοα,
526 1157 758 1203 ἀποπλέειν
786 1159 894 1203 κατὰ
932 1162 1032 1216 βίου
1070 1177 1113 1204 τε
1150 1160 1223 1204 καὶ
1251 1164 1330 1216 γῆς
1359 1158 1476 1215 ζή-85

171 1247 316 1292 τησιν·
367 1237 409 1288 ἐς
443 1237 490 1290 ὃ,
532 1238 662 1282 ἔθνεα
698 1237 838 1282 πολλοὶ
867 1238 1298 1295 παραμειψαμένους,
1329 1236 1421 1281 ἀπι-

169 1315 323 1359 κέσθαι
365 1316 407 1367 ἐς
442 1315 703 1373 Ὀμβρικούς
713 1330 724 1342 ⁸

783 1318 892 1360 ἔνθα
941 1318 1076 1373 σφέας
1113 1316 1425 1372 ἐνιδρύσασθαι

142 1393 346 1445 9πόλιας,
377 1395 450 1439 καὶ
480 1396 635 1439 οἰκέειν
664 1393 713 1440 τὸ
741 1395 863 1453 μέχρι
891 1398 1033 1440 τοῦδε.
1064 1394 1159 1439 ἀντὶ
1188 1396 1234 1439 δὲ
1261 1397 1421 1439 Λυδῶν

115 1613 198 1651 dem
221 1611 398 1651 Matthiae
417 1611 454 1664 ἓ.
475 1613 556 1656 419
579 1626 663 1665 pag.
677 1615 761 1655 767

114 1670 253 1707 consuli
285 1670 448 1707 volumus
480 1671 528 1706 ad
564 1671 675 1708 verba
706 1683 765 1708 se-

116 1726 286 1774 quentia:
338 1721 428 1765 δύο
468 1726 652 1779 μοίρας
690 1727 765 1765 διε-

116 1777 237 1820 λόντα
267 1782 440 1829 Λυδῶν,
482 1783 544 1818 ubi
576 1783 766 1819 accusativi

119 1838 295 1875 rationem
322 1842 409 1888 post
444 1838 627 1875 dividendi
655 1839 767 1875 verba

121 1894 298 1941 explicuit.
336 1894 477 1931 Eodem
500 1894 577 1931 iure
596 1894 766 1931 dixisses:

123 1947 179 1993 εἰς
204 1943 277 1986 δύο
310 1950 447 2002 μοίρας
469 1946 648 1988 διελόντα
684 1952 769 1987 Λυ-

123 2000 220 2049 δούς
240 2000 404 2049 πάντας.
446 2006 551 2048 Quae
571 2010 770 2054 sequuntur

122 2061 220 2110 apud
260 2059 487 2096 Herodotum
500 2088 511 2106 ‚
567 2063 720 2098 citantur
748 2073 770 2098 a

121 2116 275 2163 Dionys.
298 2115 481 2152 Halicarn.
500 2115 515 2151 I
533 2129 568 2165 p.
592 2119 656 2157 21.

178 2167 259 2210 ἄλλ’
289 2170 375 2210 ε’πὶ
396 2173 588 2222 μᾶλλον
609 2171 662 2210 ἔτι
685 2166 771 2222 βιά-

124 2228 283 2274 ζεσθαι]
342 2227 472 2265 Monet
511 2227 698 2266 W‘erserus
736 2228 773 2264 in

125 2283 218 2321 Actt.
239 2283 513 2335 phill.Monacc‚
534 2284 563 2331 Ι,
583 2288 609 2325 2
632 2298 666 2335 p.
679 2285 774 2331 238,

125 2352 171 2377 ne
190 2341 271 2389 quis
299 2339 364 2379 ἐπὶ
396 2341 444 2377 ad
469 2340 618 2377 verbum
640 2337 773 2391 βιάζε-

128 2399 225 2434 σθαι
245 2397 400 2443 referat,
428 2398 533 2433 tmesi
557 2397 603 2433 ab
623 2397 694 2433 isto
714 2410 774 2433 se-

127 2452 295 2488 iunctum.
353 2452 539 2490 Pertinere
560 2452 654 2490 enim
672 2454 780 2490 docet

129 2506 193 2546 ἒπὶ
223 2508 271 2543 ad
301 2510 472 2558 μᾶλλον,
510 2512 551 2545 ut
577 2508 682 2558 plura
708 2508 778 2545 alia

130 2568 331 2600 monstrant
359 2563 543 2613 exempla,
580 2577 622 2601 ac
651 2564 778 2600 similis

132 2618 274 2655 dicendi
291 2620 442 2656 formula
459 2617 521 2658 ἐπὶ
542 2618 675 2658 πλέον.

187 2674 406 2724 καταβῆναι
420 2674 458 2720 ἐς
474 2671 682 2725 Σμύρνην]
693 2673 779 2712 Μο-

134 2730 264 2768 lestum
282 2728 349 2768 καὶ
369 2734 452 2766 ante
462 2732 686 2779 καταβῆναι
699 2743 779 2768 cum

133 2790 281 2823 recentt.
319 2799 339 2823 e
379 2785 649 2823 Schellershem,
689 2786 781 2822 libro

135 2843 331 2880 omisimus.

192 2894 267 2938 ὅσα
286 2910 359 2949 σφι
371 2891 424 2949 ἦν
437 2893 583 2952 χρηστοὶ
602 2895 784 2942 ἐπίπλοα]

834 1614 934 1651 citat
952 1613 1042 1651 haee
1064 1612 1190 1650 Pollux
1212 1613 1403 1651 Onomast.
1433 1611 1482 1658 Χ,

835 1672 899 1711 10.
938 1692 977 1697 —
1025 1665 1216 1709 Ἐπίπλοα
1252 1683 1282 1707 S.
1319 1668 1482 1714 ἔπιπλα,

833 1726 1107 1776 suppellectilia,
1145 1726 1305 1773 mobilia,
1343 1725 1483 1774 aliquo-

833 1784 902 1820 ties
932 1784 1030 1832 apud
1055 1783 1285 1819 Herodotum
1318 1781 1357 1827 Ι,
1391 1781 1481 1821 150-

838 1838 919 1879 164
940 1843 1006 1875 etc.
1051 1838 1133 1874 Vid.
1160 1838 1295 1875 Lexica
1326 1840 1363 1873 et
1390 1836 1482 1872 conf.

836 1893 999 1944 inprimis
1047 1894 1203 1941 Gregor.
1248 1891 1409 1929 Corinth.
1439 1891 1486 1927 de

836 1949 977 1986 dialect.
1007 1963 1044 1999 p.
1064 1949 1145 1989 516
1169 1961 1245 1996 seq.
1267 1949 1324 1985 ed.
1342 1947 1484 1984 Sehaef.

836 2005 921 2054 ibiq.
957 2008 1079 2041 annot.
1137 2004 1315 2040 Dicuntur
1341 1998 1487 2054 χρηστοὶ

836 2061 858 2097 i.
900 2073 931 2097 e.
981 2055 1153 2110 χρήσιμα
1205 2059 1335 2108 (quod
1379 2058 1486 2095 etiam

839 2129 882 2154 ex
919 2116 1240 2166 interpretamento
1279 2127 1370 2151 unus
1398 2114 1487 2150 liber

840 2173 903 2209 dat
928 2172 1002 2219 Ill,
1031 2172 1112 2219 78)
1150 2170 1279 2217 utilia,
1313 2169 1361 2207 ad
1392 2172 1488 2206 vitae

839 2240 939 2265 usum
961 2227 1154 2270 commoda5
1194 2239 1310 2275 quae,
1338 2229 1488 2262 notante

842 2284 1183 2333 Schweighaeusero
1213 2283 1260 2319 ad
1277 2281 1406 2319 Athen.
1438 2280 1489 2317 ΙΙΙ

842 2355 878 2391 p.
903 2340 1006 2387 114,
1028 2340 1085 2385 D,
1113 2339 1281 2387 sequiore
1302 2337 1490 2374 Graecita-

843 2397 890 2432 tis
930 2408 1019 2434 aevo
1059 2391 1273 2446 χρηστήρια
1309 2392 1491 2444 appellata

845 2456 941 2488 sunt.

902 2503 1115 2546 ἐπικέσθαι
1155 2504 1195 2552 ἐς
1232 2499 1488 2556 Ὀμβρικούς]

848 2563 992 2600 Umbros
1013 2564 1120 2610 dicit,
1149 2562 1286 2612 quippe
1302 2574 1393 2610 quos
1407 2564 1491 2597 ante

843 2620 1077 2657 Etmscorum
1097 2618 1296 2669 potentiam
1323 2628 1491 2665 magnam

844 2676 1012 2713 Etruriae
1046 2679 1185 2724 partem
1218 2672 1378 2710 tenuisse
1406 2682 1492 2707 con-

845 2735 930 2768 stat.
988 2731 1084 2767 Hine
1116 2730 1212 2778 Lydi
1239 2726 1409 2776 profecti,
1443 2726 1490 2762 ad

846 2787 1066 2822 Umbrorum
1088 2789 1218 2820 terram
1232 2783 1255 2818 i.
1267 2796 1297 2819 e.
1319 2784 1367 2819 ad
1376 2781 1490 2818 Etru—

853 2842 942 2878 riam
969 2839 1152 2889 appellere
1177 2839 1350 2874 dicuntur.
1407 2838 1490 2874 vid.

851 2897 896 2935 C.
910 2897 958 2934 O.
979 2895 1109 2933 Muller
1123 2894 1305 2943 (Etrusc.)
1321 2893 1386 2945 Ip.
1400 2895 1490 2936 102.

1184 2952 1239 2990 16
1259 2951 1277 2971 *
