1909 3228
553 214 972 255 EUTERPE.
1024 218 1069 254 11.

1343 221 1429 260 483

174 340 218 368 τε
246 324 318 368 καὶ
345 324 570 380 ἀγάλματα
599 327 672 369 καὶ
700 325 836 383 νηοὺς
860 332 1004 371 θεοῖσι
1033 324 1262 382 ἀπονεῖμαι
1292 326 1427 382 σφέας

172 402 396 459 πρώτους,
426 405 498 447 καὶ
529 408 613 457 ζῶα
643 405 689 448 ἐν
717 408 881 449 λίθοισι
910 404 1132 462 ἐγγλύψαι.
1160 406 1234 449 καὶ
1262 403 1427 449 τούτων
1439 413 1482 446 70

173 483 252 537 μέν
293 499 376 526 νυν
424 482 476 526 τοὶ
514 484 627 527 πλέω
668 485 777 542 ἔργῳ
819 483 1000 541 ἐδήλουν
1048 483 1163 528 οὕτω
1203 482 1424 540 γενόμενα.

144 566 437 606 6Βασιλεῦσαι
467 564 512 606 δὲ
542 567 716 618 πρῶτον
745 561 970 619 Αἰγύπτου
1001 563 1248 619 ἀνθρώπων
1282 563 1426 619 ἔλεγον

142 645 322 697 ΊΜῆνα.
351 641 420 685 ἐπὶ
449 642 630 694 τούτου,
661 642 774 698 πλὴν
803 647 883 686 τοῦ
906 646 1127 699 Θηβαϊκοῦ
1156 646 1312 700 νομοῦ,
1341 645 1423 686 πᾶ-

168 835 236 876 καὶ
269 838 350 884 ζῶα
378 835 421 876 ἐν
449 836 600 876 λίθοισι
631 832 765 889 ἐγγλύ-

111 890 216 944 ψαι]
247 895 325 940 ζῶα
344 906 430 932 cave
448 895 571 931 credas
594 894 766 932 animalia

112 962 205 986 esse.
263 950 356 986 Sunt
383 951 477 987 enim
503 951 648 1000 quaevis
672 954 764 988 ima-

110 1007 231 1053 gines,
253 1007 418 1055 figurae,
447 1020 536 1055 quas
568 1009 604 1043 iu
623 1007 760 1057 lapides

110 1062 267 1099 incidere
286 1063 445 1099 omnium
459 1064 563 1112 primi
583 1064 761 1101 invenisse

112 1117 280 1154 dicuntur
309 1118 489 1168 Aegyptii.
558 1120 685 1168 Itaque
714 1120 761 1157 ad

112 1173 390 1223 hieroglyphicas
416 1178 516 1211 notas
534 1175 624 1212 haec
647 1177 761 1226 potis-

111 1230 238 1267 simum
261 1232 461 1268 referenda.
520 1232 627 1268 Conf.
648 1232 675 1279 I,
692 1235 757 1273 70.

114 1289 207 1328 203.
240 1286 291 1333 ll,
317 1287 406 1328 124.
431 1287 510 1328 148
532 1288 592 1324 sin.
612 1292 648 1324 et
666 1300 759 1336 quae

107 1342 267 1379 laudavit
281 1342 452 1380 Creuzer.
464 1344 500 1380 in
511 1344 653 1380 Annali.
668 1344 757 1381 Hei-

108 1399 298 1447 delbergg.
328 1400 434 1440 1823
455 1413 507 1436 nr.
524 1402 573 1440 10
604 1414 639 1450 p.
666 1400 755 1440 153.

106 1453 202 1491 Add.
228 1455 329 1491 Rose
358 1455 538 1505 Inscriptt.
568 1468 653 1505 pag.
677 1457 757 1496 188

107 1515 144 1548 et
171 1510 359 1548 Letronne
383 1511 608 1549 Recherches
639 1526 666 1548 5.
683 1510 758 1547 1’-Ε

107 1571 209 1617 gipt
230 1579 315 1617 pag·
335 1567 438 1615 455,
469 1568 530 1617 qui
555 1567 758 1620 ζωγραφία

107 1627 144 1660 et
169 1624 248 1670 ζῶα
275 1619 446 1674 γράφειν
476 1625 524 1661 ad
568 1625 605 1663 id
634 1626 756 1672 refert,

105 1680 205 1728 quod
233 1679 347 1716 Gallis
386 1680 533 1718 dicitur:
581 1680 757 1730 „peinclre

108 1734 156 1771 les
175 1735 385 1784 sculptures,
415 1736 500 1773 c'est
527 1751 549 1774 a
575 1738 653 1775 dire
681 1737 756 1774 d'e'-

106 1792 236 1828 tendre
256 1804 316 1827 sur
338 1796 457 1829 toutes
476 1792 528 1830 les
542 1793 677 1841 figures
696 1806 755 1830 ces

106 1845 269 1884 couleurs
291 1848 427 1884 variees
455 1852 491 1885 et
519 1848 639 1895 vives,
667 1849 758 1884 dont

108 1902 223 1939 l’eclat
253 1902 339 1939 s’est
369 1904 540 1941 conserve
569 1904 591 1940 ἒι
618 1908 755 1940 travers

106 1958 158 1996 les
190 1958 352 1996 siecles.“
409 1958 530 1996 ἶειὴει
555 1956 689 2010 γλυφη
721 1963 757 1997 et

108 2009 319 2067 ἅναγλυφη
345 2015 393 2051 ad
421 2027 464 2052 ea
492 2016 625 2063 refert,
663 2027 756 2064 quae

106 2070 215 2119 vulgo
263 2071 429 2108 dicuntur
474 2070 551 2107 Bas
580 2093 597 2099 -
627 2071 758 2120 relzefs,

106 2127 293 2176 aptissima
327 2126 459 2164 scilicet
495 2127 671 2164 vocabula
710 2127 758 2164 ad

105 2183 306 2220 istiusmodi
337 2182 537 2232 sculpturas
558 2183 759 2234 Aegyptia·-

106 2252 166 2276 cas
195 2239 454 2288 designandas.

145 2296 392 2362 βασιλεῦσαι
421 2293 462 2334 δὲ
499 2296 656 2346 πρῶτον
685 2293 757 2332 AE-

105 2345 259 2402 γύπτου
328 2346 555 2403 ἄνθρώπων
623 2349 756 2402 ἔλεγον

109 2409 200 2458 Mo?
212 2423 234 2447 v
247 2405 293 2457 α]
316 2407 509 2445 Consentit
525 2407 709 2444 Diodorus
726 2407 755 2454 I,

109 2462 163 2502 45
194 2463 269 2500 init.
295 2476 465 2500 enarrans
493 2463 640 2500 Menem
670 2467 756 2513 post

108 2518 197 2555 deos
217 2519 274 2566 (ut
293 2520 411 2567 aiunt)
430 2520 583 2569 primum
595 2518 755 2568 Aegypti

107 2586 233 2623 regem
249 2574 381 2623 fuisse,
412 2575 640 2623 eundemque
663 2575 752 2612 deos

107 2630 303 2667 venerandi
332 2642 374 2666 ac
406 2643 482 2668 rem
510 2631 668 2667 divinam
698 2631 754 2667 fa-

108 2686 225 2723 ciendi
242 2685 415 2723 rationem
434 2686 571 2736 populo
582 2685 754 2722 tradidis-

108 2755 159 2779 se.
218 2741 259 2778 In
276 2741 420 2779 nomine
447 2742 528 2792 ipso
550 2741 645 2789 regis
668 2741 754 2778 scri-

106 2797 228 2835 bendo
244 2798 383 2834 variant
403 2797 483 2834 libri
505 2798 603 2847 apud
612 2797 755 2834 Diodo-

106 2866 185 2891 rum
207 2853 394 2903 aliosque3
423 2866 490 2891 nec
509 2854 545 2890 in
562 2853 754 2890 Herodoto

834 838 901 875 sibi
931 838 1017 874 satis
1043 841 1230 885 constant,
1261 849 1477 887 quamquam

832 895 997 932 meliores
1024 894 1117 931 bene
1146 895 1314 932 exhibent
1332 896 1475 943 Μῆυα,

831 951 867 987 in
889 964 961 1000 quo
982 951 1038 987 hic
1052 950 1362 999 acquiescendum.
1392 950 1477 986 Plu-

830 1020 871 1043 ra
907 1009 954 1044 de
992 1006 1168 1057 scriptura
1200 1005 1475 1054 lVesselingius,

830 1063 891 1112 qui
935 1076 978 1101 ex
1013 1062 1178 1111 catalogo
1225 1062 1473 1099 Eratosthenis

829 1119 927 1169 apud
961 1118 1164 1167 Syncellum
1198 1118 1287 1156 haec
1318 1119 1428 1155 verba
1453 1132 1474 1156 a

827 1175 1035 1212 Iablonskio
1080 1176 1270 1212 emendata
1315 1187 1367 1224 pr
1361 1175 1472 1211 >tert

828 1227 982 1282 ΒῙηνης
1008 1247 1027 1270 o
1063 1232 1259 1282 Θηβαῖος,
1302 1229 1322 1269 ὁ
1357 1228 1473 1281 ἕομη-

826 1283 917 1326 vev'c
906 1302 983 1326 ται
1005 1302 1028 1325 α
1041 1286 1055 1325 ι’
1068 1283 1098 1325 ω’
1113 1302 1135 1326 ν
1148 1302 1161 1326 ι
1174 1302 1193 1326 o
1207 1303 1236 1333 ς.
1279 1287 1389 1330 Quod
1407 1301 1474 1323 no-

825 1357 910 1381 men
939 1344 976 1380 in
1006 1357 1153 1391 regern,
1183 1344 1246 1392 qui
1267 1343 1474 1392 antiquissi-

825 1413 904 1436 mus
927 1399 1084 1436 omnium
1102 1400 1367 1447 fertur,utique
1386 1412 1473 1436 con-

825 1456 971 1493 veniens
1005 1459 1072 1492 est.
1131 1454 1242 1492 Unde
1273 1455 1401 1502 Zo'ega
1425 1456 1472 1492 de

825 1511 991 1549 obeliscc.
1030 1523 1115 1561 pag.
1150 1513 1198 1552 11
1233 1510 1281 1547 ad
1312 1509 1472 1547 Mnevim

823 1570 952 1615 refert,
1010 1567 1094 1604 solis
1129 1571 1270 1604 taurum
1314 1566 1473 1616 solisque

823 1626 901 1662 fere
924 1624 1067 1673 signum
1080 1637 1107 1660 s.
1123 1623 1321 1672 symbolum
1344 1623 1379 1659 in
1399 1627 1472 1661 ter-

823 1681 884 1718 ris.
942 1680 1061 1717 Maius
1088 1685 1144 1718 est
1176 1679 1206 1717 si
1233 1680 1279 1717 de
1307 1685 1472 1729 tempore

824 1750 978 1786 quaeras
991 1766 1002 1784 ,
1034 1750 1106 1785 quo
1123 1736 1181 1774 ille
1200 1735 1328 1773 Menes
1341 1736 1472 1773 vixisse

824 1794 1025 1830 censendus
1051 1793 1106 1829 sit.
1163 1792 1261 1829 Nam
1291 1792 1471 1829 Herodoti

825 1849 854 1885 si
882 1861 1075 1897 sequamur
1104 1847 1278 1893 calculos,
1316 1860 1470 1895 regnum

823 1903 943 1941 Menis
964 1904 1160 1940 adscendet
1190 1915 1305 1952 usque
1325 1904 1372 1939 ad
1405 1916 1470 1939 an-

823 1972 908 1996 num
932 1958 1065 2000 12356
1087 1971 1118 1995 a.
1140 1958 1226 1995 Chr.
1247 1971 1300 2003 n.;
1329 1958 1471 1995 Diodo—

824 2028 902 2052 rum
921 2015 950 2051 si
969 2019 1098 2052 testem
1116 2016 1361 2065 praeferamus
1374 2042 1385 2060 ,
1411 2028 1470 2052 re-

825 2085 936 2121 gnum
956 2070 1134 2120 incepisse
1156 2070 1290 2111 14878
1319 2083 1351 2107 a.
1381 2070 1468 2108 Chr.

825 2141 860 2164 11.
885 2126 1014 2164 Menes
1035 2127 1216 2176 putandus
1242 2130 1306 2163 est.
1359 2126 1467 2163 Conf.

824 2183 994 2220 Larcher.
1014 2183 1087 2219 tab.
1111 2182 1320 2231 chronolog.
1348 2195 1384 2232 p.
1400 2185 1466 2223 79.

826 2240 879 2281 53
896 2243 982 2275 tom.
1002 2238 1081 2275 VH.
1110 2238 1221 2275 Plura
1237 2238 1348 2275 nolim
1367 2239 1468 2286 equi-

825 2296 909 2333 dem
946 2295 999 2331 his
1036 2294 1215 2340 adiicere,
1253 2295 1300 2332 de
1336 2294 1466 2343 quibus

822 2351 970 2388 laudant
999 2351 1106 2399 vulgo
1142 2350 1308 2387 Perizon.
1335 2351 1466 2398 Origg.

820 2406 994 2458 Aegyptt.
1014 2421 1069 2457 cp.
1089 2406 1126 2448 5.
1155 2405 1235 2444 Nec
1251 2407 1345 2443 enim
1362 2407 1467 2454 quid-

822 2476 930 2512 quam
947 2464 1077 2501 certius
1098 2463 1146 2499 ad
1169 2461 1338 2500 historiae
1358 2467 1467 2510 atque

819 2519 1074 2568 chronologiae
1112 2519 1221 2556 fidem
1254 2518 1335 2554 hinc
1373 2518 1466 2555 effici

818 2588 944 2625 posse,
975 2575 1087 2624 quivis
1113 2573 1298 2622 intelliget.

875 2628 980 2681 πλήν
994 2633 1066 2669 τοῦ
1088 2631 1297 2680 Θηβαϊκοῦ
1313 2628 1464 2680 νομοῦ]

819 2686 1067 2734 „Laudamur
1092 2685 1181 2724 haec
1217 2686 1256 2722 in
1283 2685 1463 2737 Descript.

821 2743 868 2780 de
889 2743 1048 2792 l’Egypt.
1061 2742 1197 2791 antiqq.
1211 2742 1226 2778 Ι
1248 2755 1317 2779 sec.
1332 2742 1463 2779 livrais.

820 2811 856 2848 p.
877 2800 953 2845 88,
990 2798 1050 2835 ubi
1077 2798 1330 2848 comprobatur
1359 2799 1463 2835 variis

821 2855 1064 2903 argumentis,
1104 2867 1177 2890 non
1209 2854 1321 2891 solum
1345 2854 1464 2907 plani-

1155 2911 1250 2951 31*
