1877 3223
443 248 499 287 96
845 245 1308 285 HERODOTI

420 356 755 411 Ξδιαφθείρεσκε.
811 353 994 398 πολλάκι
1024 354 1069 398 δὲ
1097 355 1139 399 οἱ
1167 356 1320 397 Μυσοὶ
1349 353 1408 398 ἐπ’
1439 353 1577 400 αὐτὸν
1605 355 1717 407 ἐξελ-

443 433 616 486 θόντες,
645 432 869 477 ποιέεσκον
898 433 976 488 μὲν
1005 431 1132 476 οὐδὲν
1150 431 1307 484 καλὸν,
1339 432 1521 489 ἔπασχον
1543 435 1587 478 δὲ
1606 433 1718 488 πρός

446 513 593 556 αὐτοῦ.
650 512 769 563 τέλος
799 513 865 564 δὲ,
896 510 1148 568 ἀπικόμενοι
1176 509 1293 565 παρα
1321 511 1397 554 τὸν
1417 515 1611 568 Κροῖσον
1630 517 1719 556 τῶν

422 595 615 635 3Μυσῶν
644 588 827 646 ἄγγελοι,
858 591 1006 645 ἔλεγον
1034 590 1155 634 τάδε·
1188 587 1262 642 „³52
1287 593 1489 646 βασιλεῦ,
1518 589 1597 642 ὑὸς
1625 595 1721 647 χρῆ-

445 687 539 726 „poc
566 669 764 724 μέγιστον
793 666 988 725 ἀνεφάνη
1016 669 1120 727 ἡμῖν
1149 669 1195 713 ἐν
1221 673 1274 724 τῇ
1302 668 1442 725 χώρῃ,
1474 669 1523 721 ὃς
1548 669 1600 713 τὰ
1623 670 1768 724 ἔργα85

445 749 737 803 ,,διαφθεὶρει.
794 753 953 794 τοῦτον
993 747 1345 805 προθυμεόμενοι
1382 748 1538 803 ἑλέειν,
1569 747 1623 793 οὐ
1655 750 1727 791 δυ-

420 827 661 882 4,,νάμεθα.
719 831 803 871 νῦν
834 823 896 871 ὦν
925 827 1227 883 προσδεόμεθά
1257 839 1354 879 σευ,
1386 826 1465 870 τὸν
1493 830 1628 872 παῖδα
1653 828 1728 870 καὶ

443 904 670 962 ,,λογάδας
707 908 878 962 νεηνίας
913 908 985 950 καὶ
1022 906 1159 958 κύνας
1198 907 1449 963 συμπέμψαι
1491 907 1612 963 ἡμῖν,
1670 904 1730 956 ὥς

421 1004 469 1038 5,,
482 983 537 1029 ἄν
564 1001 640 1042 μιν
669 984 875 1041 ἐξέλωμεν
910 985 957 1029 ἐκ
984 991 1060 1042 τῆς
1087 984 1272 1041 χώρης.“
1332 988 1385 1028 Οἱ
1420 985 1497 1041 μὲν
1536 984 1588 1041 δὴ
1629 984 1729 1028 τού-

444 1081 532 1108 των
561 1062 743 1108 έδέοντο.
794 1067 986 1120 Κροῖσος
1015 1064 1083 1117 δὲ,
1120 1064 1407 1120 μνημονεύων
1442 1068 1521 1107 τοῦ
1552 1061 1774 1118 ὀνείρου9ο

443 1143 497 1187 τοὶ
535 1144 660 1192 ἔπεα,
701 1142 814 1199 ἔλεγέ
849 1155 928 1200 σφι
963 1142 1088 1187 τάδε·
1143 1145 1347 1195 ,,Παιδο“ς
1393 1143 1471 1200 μὲν
1510 1142 1609 1196 πέρι
1650 1144 1731 1185 τοῦ

443 1223 587 1279 ,,έμοῦ
622 1220 680 1280 μὴ
718 1226 939 1279 μνησθῆτε
979 1222 1058 1266 ἔπ’
1106 1221 1160 1267 οὐ
1192 1223 1275 1280 γάρ
1312 1223 1367 1266 ἂν
1403 1222 1508 1278 ὑμῖν
1537 1219 1731 1277 συμπέμ-

443 1310 628 1358 ,,ψαιμι·
669 1299 883 1358 νεόγαμός
919 1318 964 1345 τε
1003 1301 1089 1359 γάρ
1128 1302 1245 1355 ἐστι,
1286 1301 1359 1346 καὶ
1393 1300 1528 1345 ταῦτά
1570 1302 1614 1344 οῖ
1648 1304 1732 1344 νῦν

423 1391 470 1433 6,,
481 1382 608 1437 μέλει.

401 1576 635 1620 augmentum
685 1573 794 1623 vulgo
849 1575 986 1622 omitti,
1014 1573 1058 1612 F.

402 1628 446 1664 A.
473 1628 579 1665 Wolf.
612 1643 756 1679 quoque
787 1635 891 1668 notat
927 1632 1058 1680 (Prae-

403 1685 467 1721 sat.
491 1686 538 1721 ad
559 1685 659 1722 Iliad.
694 1700 732 1737 p.
750 1685 933 1736 LXVIII)
964 1688 1057 1724 cons.

402 1739 437 1786 I,
469 1742 558 1782 100.
596 1741 650 1789 II,
694 1742 774 1783 174
807 1743 927 1792 ibique
965 1747 1054 1780 nott.

403 1795 510 1832 Unus
537 1796 626 1834 liber
652 1811 765 1848 prave
793 1798 937 1837 exhibet
962 1799 1058 1838 διε-

405 1853 642 1904 φθείρεσκε.

464 1928 517 1977 οἷς
541 1927 594 1969 ἄν
619 1946 688 1981 μιν
713 1931 901 1984 ἐξέλωμεν
925 1931 967 1971 ἐκ
989 1934 1060 1983 τῆς

405 1981 560 2037 χώρης]
602 1991 677 2035 „ut
727 1989 827 2026 illam
865 1989 1008 2025 bestiam
1043 2001 1060 2025 e

407 2046 499 2079 terra
530 2043 692 2080 tollamus
735 2059 765 2082 s.
797 2045 914 2082 tollere
944 2046 1060 2095 possi-

406 2101 519 2135 mus.“
555 2099 613 2137 De
630 2098 682 2146 ὥς
699 2097 749 2141 ἂν
773 2106 949 2151 sequente
974 2114 1059 2138 con-

408 2155 561 2192 iunctivo
593 2159 686 2193 cons.
718 2171 829 2208 supra
848 2158 885 2205 I,
910 2160 973 2198 11.
1003 2177 1060 2185 -·

407 2210 575 2262 ἐξαιρεῖν
595 2213 651 2249 hie
680 2213 749 2261 (ut
775 2218 882 2252 antea
904 2213 1059 2265 αἱρεῖν)

407 2268 580 2304 wimondi
599 2270 861 2318 significatione
884 2270 1059 2320 accipien-

409 2325 506 2360 dum.
563 2324 620 2361 De
645 2338 717 2374 qua
739 2326 803 2363 Cr.
821 2327 992 2363 amandat
1012 2325 1059 2362 ad

408 2380 591 2417 Schaefer.
615 2382 662 2418 ad
684 2382 855 2433 Sophocl.
873 2381 1058 2432 Oedip.R.

466 2510 603 2560 παιδός
625 2513 695 2565 μὲν
721 2515 841 2569 πέρι
868 2530 937 2555 του
959 2513 1062 2566 ἐμοῦ

411 2565 464 2619 μὴ
494 2573 697 2621 μνησθῆτε
720 2571 796 2623 ἔτι]
837 2574 1060 2611 Structuram

410 2626 509 2662 verbi
537 2628 717 2676 μνᾶσθαι
756 2642 836 2666 cum
872 2628 1061 2678 praeposi-

410 2681 508 2718 tione
527 2681 636 2732 περὶ,
665 2683 742 2721 loco
765 2684 936 2734 simplicis
959 2683 1062 2732 geni-

411 2737 484 2783 tivi,
507 2750 549 2775 ex
567 2738 633 2775 hoc
651 2738 729 2777 loco
740 2741 890 2789 aliisque
912 2740 1062 2777 adnotat

412 2792 539 2830 Matth.
567 2792 602 2844 ἓ.
621 2796 703 2836 347
721 2801 797 2834 not.
824 2800 843 2836 1
863 2810 899 2846 p.
912 2797 1004 2837 656-

466 2859 534 2901 καὶ
576 2858 697 2901 ταῦτά
747 2863 789 2903 οἱ
822 2865 898 2902 νῦν
933 2860 1059 2915 μέλει]

674 1382 837 1425 Λυδῶν
873 1381 1022 1437 μέντοι
1060 1381 1248 1437 λογάδας
1276 1381 1348 1425 καὶ
1383 1379 1432 1424 vd
1473 1380 1732 1436 κυνηγέσιον

1125 1577 1250 1615 ταῦτα
1273 1577 1294 1612 i.
1312 1589 1343 1613 e.
1364 1571 1412 1614 τὰ
1433 1576 1505 1615 τοῦ
1516 1570 1659 1628 γάμου,
1677 1575 1778 1624 quod

1126 1646 1169 1670 ex
1190 1632 1506 1669 antecedentibus:
1527 1627 1724 1683 νεόγαμός
1736 1645 1775 1669 τε

1125 1684 1202 1740 γάρ
1227 1688 1305 1728 ἐστι
1327 1692 1448 1725 mente
1461 1688 1698 1738 repetendum
1710 1691 1776 1724 est.

1125 1745 1167 1782 In
1183 1758 1285 1794 seqq.
1319 1758 1339 1782 e
1367 1743 1713 1781 Schellershemiauo
1736 1743 1779 1780 li-

1127 1801 1190 1838 bro
1212 1814 1292 1837 cum
1314 1799 1480 1848 Schwgh.
1502 1805 1539 1837 et
1553 1800 1670 1836 Gaisf.
1689 1799 1780 1836 scri-

1125 1858 1262 1907 psimus
1289 1853 1526 1902 συνεξελέειν
1559 1855 1651 1905 (pro
1690 1867 1780 1895 συν-

1128 1912 1297 1960 εξελεῖν)
1329 1913 1445 1949 sonna
1488 1912 1606 1961 magis
1646 1912 1780 1959 Ionica,

1127 1969 1242 2017 qualis
1269 1981 1377 2018 supra
1407 1965 1543 2007 ἕλεέιν.
1602 1967 1781 2006 Matthiae

1127 2024 1164 2061 in
1181 2029 1281 2061 textu
1299 2024 1442 2072 reliquit
1465 2024 1695 2072 συνεξελεῖν.
1724 2044 1780 2053 -·

1127 2077 1172 2119 τό
1190 2096 1212 2118 κ
1224 2096 1247 2119 υ
1260 2095 1282 2119 ν
1292 2095 1317 2130 η
1330 2096 1351 2132 γ
1365 2079 1382 2118 έ
1394 2092 1416 2119 σ
1427 2095 1440 2119 ι
1452 2095 1472 2118 ο
1485 2096 1508 2120 ν
1527 2081 1707 2129 significat
1717 2093 1780 2117 ve-

1127 2137 1284 2174 naticum
1305 2149 1411 2173 omne
1430 2136 1687 2184 ministerium,
1716 2149 1778 2173 ve-

1127 2197 1273 2230 natores
1296 2205 1375 2228 cum
1395 2192 1556 2228 canibus.
1599 2192 1640 2228 In
1668 2193 1780 2229 verbo

1129 2248 1151 2286 ὃ
1167 2263 1179 2285 ι
1191 2263 1214 2285 α
1227 2244 1435 2297 κελεύομαι
1469 2249 1779 2297 praepositionem

1127 2304 1398 2352 significationis
1419 2305 1611 2352 augendae
1638 2309 1674 2342 et
1704 2317 1782 2341 am-

1126 2359 1296 2410 pliandae
1320 2372 1427 2396 causa
1464 2361 1642 2397 adiectam
1673 2365 1780 2410 puta-

1126 2430 1219 2452 muS.
1279 2416 1308 2452 C
1313 2416 1447 2453 onserri
1490 2420 1661 2466 poterunt
1687 2429 1780 2452 non-

1126 2471 1222 2508 nulla
1247 2484 1290 2509 ex
1331 2472 1373 2508 iis
1387 2501 1398 2519 ‚
1439 2484 1534 2520 quae
1573 2472 1620 2508 ad
1652 2471 1777 2521 Viget.

1126 2528 1255 2565 adiecit
1269 2527 1385 2565 Zeuu.
1400 2541 1439 2577 p.
1452 2527 1534 2568 589
1552 2532 1588 2565 et
1600 2528 1773 2565 Abresch.

1127 2584 1175 2621 ad
1197 2584 1347 2621 Cattieri
1382 2584 1632 2633 Gazophylac.
1661 2597 1698 2634 p.
1724 2582 1779 2625 75

1128 2652 1232 2688 seqq.
1288 2639 1422 2689 Neque
1445 2641 1541 2677 enim
1565 2640 1622 2677 hic
1639 2638 1705 2679 διοὶ
1716 2653 1779 2677 va-

1128 2695 1177 2732 let
1206 2698 1374 2740 invicem3
1405 2695 1451 2733 de
1490 2708 1563 2745 qua
1591 2696 1780 2747 praeposi-

1128 2752 1234 2788 tionis
1268 2752 1306 2789 in
1352 2753 1613 2803 compositione
1641 2752 1676 2789 vi
1711 2751 1776 2789 Cr.

1129 2809 1281 2845 conferri
1312 2808 1410 2846 iubet
1435 2807 1609 2846 Valcken.
1635 2808 1683 2846 ad
1699 2808 1776 2845 He-

1128 2864 1205 2900 rod.
1227 2864 1273 2912 V,
1298 2865 1361 2905 18.
