1909 3228
477 217 561 257 552

868 211 1331 250 HERODOTI

473 322 560 378 γάρ
597 318 790 374 ποταμός
829 318 1067 374 ἀρξάμενος
1113 319 1159 362 ἐκ
1198 322 1371 361 Κελτῶν
1408 321 1480 363 καὶ
1518 320 1780 376 Πυρήνηςὸὃ

448 399 650 450 ὅπόλιος,
680 397 765 452 ῥέει
794 398 928 454 μέσην
949 400 1101 453 σχίζων
1118 397 1195 453 τήν
1217 395 1451 454 Εὐρώπην.
1483 401 1525 441 οῖ
1548 399 1592 442 ὁὲ
1614 402 1723 442 Κελ-

423 618 549 656 seqq.‚
585 605 682 642 unde
708 604 947 654 proficiscitur
972 603 1068 641 Pau-

422 661 541 698 sanias
563 660 608 708 V,
631 664 667 701 7.
700 660 807 698 Plura
823 661 961 698 dabant
983 660 1069 697 Pin-

421 717 499 754 dari
527 717 754 766 interpretes.

463 769 614 824 Ἴστρος
622 787 662 810 τε
674 770 746 823 γάρ
765 769 939 822 ποταμός
955 766 1067 821 ἐρξά-

423 843 540 881 μενος
563 828 604 868 ἐκ
640 826 804 867 Κελτῶν
833 827 899 866 καὶ
933 823 1069 878 Πυρή-

420 900 495 935 νης
523 880 686 934 πόλιος]
726 884 869 935 Pyrene
899 884 984 921 urbs
1012 885 1069 920 vix

420 940 566 979 aliunde
590 944 689 979 nota.
749 942 841 977 Cum
868 953 953 977 vero
982 940 1068 977 satis

421 1001 584 1044 constet,
618 997 749 1034 Istrum
774 1010 846 1034 non
874 997 910 1032 in
938 997 1070 1033 monti-

421 1053 488 1090 bus
509 1053 704 1102 Pyrenaeis
723 1053 814 1102 (quo
836 1053 982 1101 quidem
1003 1053 1070 1089 du-

422 1110 471 1146 cit
491 1110 704 1146 Herodotea
723 1111 807 1146 urbs
818 1109 994 1158 Pyrene),
1008 1121 1070 1145 ve-

420 1178 498 1203 rum
511 1166 547 1201 in
559 1165 715 1203 Abnoba
732 1169 854 1203 monte
864 1165 1071 1212 (Schwarz-

421 1220 543 1269 wald)
582 1222 729 1268 exoriri,
767 1222 814 1258 ad
848 1234 929 1259 eum
954 1221 1071 1271 ipsum

421 1281 585 1316 montem
622 1277 857 1327 eiusdemque
896 1278 973 1314 sere
1009 1280 1072 1313 aut

422 1334 567 1382 cognati
607 1333 762 1370 nominis
799 1334 922 1371 urbem
952 1333 1072 1370 Hero-

422 1389 500 1426 doti
519 1384 717 1440 Πυρήνην
749 1389 911 1426 nonnulli
939 1390 1072 1426 referre

422 1445 650 1482 studuerunt.
707 1444 876 1482 Afferunt
906 1444 1070 1480 nimirum

422 1499 527 1546 illud,
556 1513 671 1550 prope
694 1500 777 1537 Istri
792 1502 912 1537 fontes
933 1501 1004 1536 duo
1025 1501 1072 1535 ri-

423 1568 486 1593 vos
507 1555 652 1605 Brygen
687 1570 713 1593 s.
742 1555 879 1604 Pregen
900 1555 1072 1592 scaturire

423 1615 460 1649 et
485 1624 565 1648 cum
591 1612 682 1648 Istro
712 1612 873 1658 misceri,
903 1611 1072 1648 vicinam-

423 1679 495 1716 que
522 1667 590 1704 illis
611 1669 796 1716 regionem
823 1667 1012 1716 Pregz'nam
1043 1681 1069 1703 5.

424 1722 621 1772 Prygz’nam
643 1723 841 1773 adpellari,
869 1724 967 1760 uude
997 1723 1072 1759 fieri

422 1779 602 1830 potuisse,
635 1783 674 1814 ut
695 1779 878 1815 Herodoti
903 1775 1071 1828 Πυρήνη

423 1835 472 1870 sit
489 1838 578 1871 orta.
603 1834 742 1878 Quibus
755 1833 825 1870 noli
835 1838 876 1870 tu
893 1834 1073 1879 assentiri,

423 1890 606 1928 Herodoti
631 1890 725 1927 enim
755 1890 958 1927 universam
990 1903 1074 1927 nar-

422 1946 599 1984 rationem
627 1950 666 1983 et
694 1947 935 1993 sententiam,
964 1959 1072 1995 quam

423 2003 470 2040 de
496 2001 581 2039 Nilo
611 2006 723 2051 atque
749 2002 841 2039 Istro
877 2016 920 2040 ex
943 2002 1072 2039 iisdem

422 2058 584 2096 fontibus
610 2060 816 2108 profluente
842 2059 1072 2107 eundemque

422 2127 563 2152 cursum
600 2114 672 2162 (ex
702 2115 872 2164 opposito
898 2115 1067 2163 quidem)

423 2174 572 2208 tenente
624 2171 775 2220 protulit
792 2199 802 2218 ,
870 2171 1071 2208 accuratius

423 2226 665 2264 consideranti
691 2227 750 2263 vix
785 2227 956 2274 dubium,
986 2227 1074 2276 quin

423 2281 691 2332 Pyrenaeorum
710 2284 887 2320 montium
906 2284 1073 2332 regiones

424 2337 662 2385 intellexerit,
692 2338 815 2388 ibique
848 2339 928 2375 lstri
953 2340 1073 2376 sontes

425 2393 663 2432 collocaverit.
695 2395 777 2438 Quo
797 2408 918 2433 errore
939 2408 981 2433 eo
998 2407 1075 2432 ma-

426 2450 482 2498 gis
516 2451 583 2487 erit
612 2452 861 2498 excusandus,
908 2464 978 2500 quo
1007 2451 1075 2487 hae

424 2506 595 2555 regiones
621 2506 733 2556 ipsius
775 2511 898 2544 aetate
928 2520 1075 2557 prorsus

425 2561 631 2610 incognitae
652 2563 816 2611 suerunt,
846 2565 996 2614 ipseque
1022 2563 1076 2598 hi-

425 2617 559 2655 storiae
578 2622 682 2668 pater
703 2631 746 2655 eo
775 2632 889 2668 usque
914 2619 950 2655 in
971 2619 1077 2655 itine-

427 2672 526 2709 ribus
564 2674 636 2710 suis
668 2676 858 2724 pervenire
883 2675 979 2711 haud
1009 2687 1077 2724 po—

428 2728 547 2764 tuerit.
606 2729 714 2766 Conf.
746 2731 852 2768 etiam
879 2729 1077 2768 Dahlman-

430 2794 514 2818 num
533 2783 568 2818 in
587 2783 763 2822 Herodot.
783 2788 882 2836 p.89
899 2787 1077 2824 Herodoti

427 2835 569 2887 lapsum
590 2839 625 2875 iu
652 2840 703 2876 his
721 2847 972 2891 exponentem.
1020 2841 1077 2880 De

1136 603 1282 653 reliquis
1305 604 1397 641 conf.
1424 602 1572 640 Aristot.
1593 602 1781 642 Meteorol.

1136 659 1173 706 Ι,
1195 661 1258 701 13.
1281 659 1490 711 Dalecamp.
1514 660 1560 697 ad
1582 659 1780 697 Plin.Hist.

1136 715 1184 753 N.
1204 716 1264 763 lV,
1288 720 1350 757 12.

1193 772 1233 811 οἱ
1251 770 1293 810 a&
1317 770 1457 810 Κελτοί
1487 769 1561 809 εἶσι
1583 770 1654 818 ἔξω
1672 769 1783 822 Ἡρα-

1134 829 1285 877 κληΐων
1335 825 1525 877 στηλέων]
1579 827 1785 865 Maluerunt

1137 885 1303 933 quidam:
1327 883 1378 922 ἔσ
1395 899 1423 921 ω
1440 881 1683 933 Ἡρακληῖὼν
1696 895 1782 934 στη-

1136 939 1234 979 λέων
1247 972 1258 989 ,
1288 953 1366 977 cum
1387 940 1534 987 Celtae,
1554 953 1706 989 quorum
1718 952 1784 976 no-

1135 997 1232 1034 mine
1270 996 1471 1047 Hispaniae
1506 995 1644 1033 incolae
1671 996 1786 1033 conti-

1135 1057 1310 1099 neantur,
1346 1056 1446 1089 extra
1475 1052 1658 1089 columnas
1687 1052 1786 1089 Her-

1138 1108 1257 1146 culeas
1289 1108 1426 1145 censeri
1456 1111 1650 1157 nequeant.
1708 1107 1786 1145 Sed

1139 1165 1231 1202 bene
1248 1170 1370 1202 monet
1382 1164 1655 1213 Wesselingius,
1666 1164 1788 1200 omnia

1139 1226 1240 1259 extra
1266 1219 1430 1258 Herculis
1458 1222 1588 1257 fretum
1615 1221 1650 1257 in
1669 1219 1787 1257 Ocea-

1138 1290 1225 1314 num
1237 1289 1342 1314 versa
1353 1276 1438 1313 inde
1458 1288 1479 1313 a
1490 1276 1603 1327 Calpe
1613 1288 1787 1327 promon-

1139 1334 1253 1380 torio,
1284 1332 1344 1370 ubi
1372 1332 1575 1371 Herculeae
1602 1332 1787 1369 columnae

1139 1390 1232 1426 fixae
1259 1389 1518 1436 credebantur,
1556 1393 1655 1425 extra
1680 1388 1786 1423 hasce

1139 1445 1321 1481 columnas
1342 1444 1432 1489 dici3
1452 1449 1491 1480 ut
1512 1457 1586 1481 v.c.
1606 1449 1641 1481 et
1659 1442 1785 1480 Gades

1141 1505 1176 1537 et
1192 1505 1384 1537 extremam
1409 1499 1618 1536 Lusitaniae
1646 1503 1786 1549 partem

1139 1557 1176 1592 in
1209 1556 1393 1592 Oceanum
1427 1556 1700 1606 porrigentem,
1751 1558 1787 1592 et

1137 1613 1289 1649 fortasse
1315 1611 1515 1659 veteribus,
1553 1612 1615 1661 qui
1643 1623 1788 1648 accura-

1139 1668 1221 1704 tiori
1237 1667 1339 1704 huius
1360 1672 1478 1705 terrae
1505 1668 1711 1715 cognitione
1728 1678 1788 1703 ca·-

1139 1724 1289 1769 rebant,
1310 1723 1515 1760 ulteriorem
1533 1724 1667 1770 visam,
1680 1734 1788 1772 quam

1139 1791 1270 1828 reapse
1295 1783 1362 1816 est.
1401 1779 1483 1815 Vid.
1505 1779 1625 1816 Strab.
1644 1779 1659 1815 l
1681 1792 1717 1829 p.
1733 1779 1789 1819 82

1142 1849 1169 1871 s.
1191 1837 1256 1875 47.
1286 1847 1322 1884 p.
1345 1836 1425 1876 112
1444 1848 1472 1871 s·
1494 1834 1559 1875 64.
1589 1835 1639 1871 111
1658 1848 1694 1885 p.
1707 1835 1789 1876 256

1141 1905 1169 1928 s.
1201 1891 1291 1931 168.
1351 1890 1545 1928 Praeterea
1583 1890 1704 1929 Celtas
1739 1890 1789 1927 ad

1140 1949 1275 1985 ssumeu
1294 1945 1409 1983 Anam
1432 1951 1467 1984 et
1476 1946 1686 1984 Lusitaniae
1704 1959 1790 1997 pro-

1139 2003 1359 2041 montorium
1391 2003 1540 2040 Sacrum
1569 2007 1606 2041 et
1623 2002 1787 2049 Nerium,

1140 2060 1195 2097 cui
1217 2065 1253 2096 et
1265 2059 1401 2096 Celtico
1419 2072 1563 2106 nomen,
1584 2060 1689 2096 sedes
1706 2058 1788 2095 olim

1139 2116 1328 2161 habuisse,
1357 2115 1453 2152 idem
1481 2119 1632 2152 testatur
1657 2115 1790 2151 Strabo

1141 2172 1193 2209 Ill
1216 2185 1251 2221 p.
1273 2172 1375 2217 230,
1395 2171 1425 2207 B
1447 2184 1474 2207 s.
1495 2183 1578 2220 pag.
1604 2172 1682 2212 153
1703 2170 1789 2207 Cas.

1142 2227 1216 2270 Qui
1235 2226 1361 2263 Celtae
1389 2240 1461 2276 quo
1487 2227 1603 2263 minus
1625 2226 1693 2263 hoc
1711 2226 1789 2263 loeo

1141 2282 1400 2331 intelligantur,
1432 2281 1516 2318 nihil
1535 2288 1630 2320 certe
1651 2283 1790 2328 obstat3

1143 2339 1243 2388 quod
1282 2340 1399 2388 ipsum
1445 2339 1660 2376 documento
1709 2339 1789 2385 erit,

1142 2394 1309 2443 Pyrenen
1351 2395 1600 2432 Herodoteam
1637 2407 1710 2431 non
1752 2395 1790 2431 in

1144 2450 1342 2487 Germania
1370 2451 1434 2487 sed
1465 2451 1556 2488 circa
1575 2450 1790 2501 Hispaniam

1143 2511 1356 2554 montesque
1384 2507 1590 2555 Pyrenaeos
1615 2519 1791 2556 quaeren-

1144 2564 1227 2599 dum
1248 2576 1338 2599 esse.
1361 2562 1418 2600 De
1437 2562 1551 2600 Celtis
1568 2565 1661 2600 cons.
1682 2563 1789 2600 etjam

1144 2618 1207 2665 IV,
1223 2621 1276 2658 49
1302 2624 1337 2655 et
1354 2619 1396 2655 C.
1409 2619 1454 2655 Ο.
1469 2618 1608 2656 Miiller.
1628 2619 1788 2656 Etruscc.

1143 2675 1156 2710 l
1179 2688 1262 2724 pag.
1285 2675 1362 2715 151
1377 2703 1387 2721 ,
1417 2676 1478 2723 qui
1509 2688 1588 2711 cum
1612 2675 1792 2712 Herodoti

1146 2731 1257 2767 Celtis
1276 2731 1647 2780 comparatHerodoti
1664 2730 1790 2777 Gletes,

1145 2800 1223 2823 cuin
1263 2787 1402 2824 Graeca
1440 2787 1587 2824 nomina
1629 2785 1788 2832 Κελτοὶ,

1148 2846 1184 2880 Γ
1182 2839 1317 2882 alchon
1334 2871 1344 2888 ,
1393 2844 1538 2892 Γλῆτες
1584 2843 1631 2880 ad
1682 2854 1788 2878 unam
