1877 3223
603 212 896 252 CL10.1.
1338 220 1393 260 35

105 337 178 378 χος
207 319 231 364 ὁ
264 320 452 376 Πάριος,
498 322 607 364 κατὰ
647 321 726 366 τόν
765 322 903 367 αὐτὸν
943 322 1106 379 χρόνον
1148 323 1391 381 γενόμενος,

0 396 60 441 13
105 400 152 443 ἐν
200 398 341 456 ἰάμβῳ
382 401 592 458 τριμέτρῳ
632 402 891 459 ἐπεμνήσθη.
940 401 1064 458 Ἔσχε
1091 402 1138 447 δὲ
1165 403 1245 460 τήν
1273 408 1392 460 βασι·

103 481 250 534 λη’ίήν,
290 480 364 522 καὶ
402 479 673 537 ἐκρατύνθη,
703 481 750 525 ἐκ
779 486 858 525 τοῦ
888 481 935 524 ἐν
965 487 1178 538 Δελφοῖσι
1207 496 1391 539 χρηστη-

61 636 264 691 τὸγένος,
294 640 379 680 ἐπεὶ
409 657 463 692 μη
494 638 606 693 τύχοι
641 644 713 694 τῆς

62 694 239 747 ἑταίρας,
270 693 343 736 ov’x
362 693 598 749 ἀνεχόμενος
621 695 713 751 βρό-

63 767 117 817 χῳ
145 750 283 792 ἑαυτὸν
304 766 524 805 ανηρτησε·
559 753 621 794 διο
638 771 716 805 φυ-

63 806 263 856 λάξασθαι
303 825 355 856 ως
386 807 558 861 οἷπεχθὲς
588 812 714 851 εἰπεῖν

63 862 105 904 τό
130 868 201 916 τῆς
230 865 419 914 Νυσίας
409 865 534 918 ὄνομα
559 864 715 921 Ἡρόδο-

62 936 145 960 τον.
162 923 187 942 “
221 921 367 960 Nomen
392 925 526 963 Νυσίας
554 939 583 962 S.
609 928 716 964 Νυσ-

63 977 130 1017 σία
151 982 269 1015 utrum
291 992 313 1016 a
333 975 467 1019 νύσσω
500 982 543 1023 (i.
563 995 594 1020 e.
622 984 718 1019 exci-

64 1035 118 1083 to)
147 1047 194 1072 an
214 1048 237 1072 a
255 1032 383 1075 νύσσα
415 1037 554 1086 (arbor)
586 1039 632 1075 sit
660 1051 717 1075 re-

63 1092 281 1141 petendum,
339 1093 448 1130 nolim
496 1096 715 1131 discernere.

67 1147 126 1184 Cf.
146 1147 315 1185 Creuzer.
331 1150 490 1198 symbol.
505 1151 554 1187 ΙΙΙ
571 1165 608 1201 p.
624 1152 715 1191 137.

75 1203 258 1243 Τουδοῦν
296 1204 405 1253 illud,
444 1219 466 1243 a
495 1207 716 1244 nominativo

71 1256 207 1297 Τουδώ
254 1262 466 1309 formatum,
524 1264 717 1300 Etruscum

65 1316 153 1364 quid
173 1320 234 1352 aut
261 1316 474 1354 Umbricum
504 1332 635 1357 sonare
663 1320 717 1356 vi-

63 1371 178 1408 detur.
206 1372 291 1409 vid.
321 1372 439 1410 Lanzi
464 1375 500 1411 in
532 1376 647 1423 Sagg.
680 1375 717 1411 di

62 1426 171 1476 Ling.
200 1428 340 1465 Etrusc.
366 1430 399 1467 II
426 1444 463 1480 p.
499 1430 589 1471 146.
623 1430 715 1471 149.

63 1483 141 1525 151
175 1485 265 1533 (ubi
298 1484 388 1522 Tute
414 1487 435 1522 i.
460 1500 493 1524 e.
536 1483 716 1535 Τυδεύς)

60 1539 111 1577 ΙΙΙ
140 1554 175 1589 p.
207 1543 288 1582 808
319 1542 513 1591 (Tuticus,
546 1542 673 1580 Tutere
694 1544 718 1580 i.

61 1609 93 1634 e.
127 1596 275 1646 Tuder).
322 1598 420 1637 Add.
462 1599 506 1637 C.
538 1601 586 1638 O.
619 1599 717 1637 Mill-

60 1652 123 1689 ler.
159 1653 322 1692 Etrusco.
365 1655 413 1693 T.
443 1655 469 1691 I.
508 1669 597 1707 pag.
633 1655 717 1697 334

61 1721 139 1757 seq.
168 1709 266 1748 Nam
296 1710 502 1750 Tuscorum
531 1714 619 1750 urbs
640 1726 718 1751 me—

60 1769 222 1803 moratur
251 1766 380 1806 Tuder.

116 1851 191 1889 τοῦ
220 1849 288 1890 καὶ
318 1848 537 1904 Ἀοχίλοχος
572 1852 596 1893 ὁ
631 1850 717 1893 Ποῖ-

61 1920 146 1957 ριος
186 1904 286 1946 κατὰ
319 1924 388 1948 τον
423 1907 543 1949 αυτὸν
572 1907 717 1961 χρόνον

59 1958 273 2014 γενόμενος
307 1964 349 2004 ἓν
376 1961 507 2020 ἰάμβῳ
528 1965 717 2017 τριμέτοῳ

59 2016 309 2071 ἐπεμνήσθη]
361 2022 465 2059 Haec
496 2023 607 2059 verba
629 2035 650 2058 a
674 2022 717 2057 li-

61 2075 199 2112 brario'
209 2078 369 2125 quodam
396 2079 621 2115 Herodoteis
650 2079 716 2114 ad-

60 2131 153 2168 iecta
181 2134 434 2183 suspicabatur
473 2134 695 2182 wesseling.
707 2163 718 2180 ,

61 2189 228 2237 adeoque
273 2191 456 2240 persuasit
502 2190 630 2228 Reizio
681 2191 719 2226 in

62 2243 219 2282 Praefat.
254 2258 292 2296 p.
321 2246 422 2282 XIX.
453 2247 530 2284 Sed
560 2247 718 2284 retinen-

62 2302 121 2336 tur
150 2299 211 2337 illa
237 2302 283 2338 ab
312 2303 478 2339 omnibus
509 2303 608 2339 libris
639 2315 718 2339 ma-

63 2357 275 2407 nuscriptis,
316 2372 384 2396 nec
415 2360 506 2395 ratio
536 2359 623 2396 mihi
652 2372 718 2409 ap—

63 2416 167 2462 paret
203 2413 316 2462 iusta,
371 2427 432 2452 cur
474 2415 718 2462 Herodotum,

65 2467 128 2515 qui
179 2469 326 2507 aliorum
377 2473 567 2522 poetarum
615 2471 719 2509 testi-

67 2523 188 2559 monia
231 2527 368 2574 passim
422 2529 562 2565 adferat
617 2528 717 2575 (vid.

66 2578 398 2628 Schweighaeuser.
436 2584 484 2620 ad
514 2584 550 2620 h.
576 2583 598 2619 l.
632 2584 717 2620 add.

66 2634 112 2681 ll,
146 2636 235 2676 156.
265 2637 327 2685 ΙΙΙ,
356 2640 421 2679 38.
449 2642 540 2680 121.
564 2639 609 2686 V,
631 2639 718 2687 95),

65 2690 122 2726 hic
150 2691 248 2729 idem
277 2694 405 2732 fecisse
435 2708 577 2743 negem.
608 2694 720 2744 Legit

68 2746 226 2796 denique
275 2748 365 2786 haec
411 2752 522 2788 verba
567 2763 633 2787 suo
681 2753 718 2789 in

66 2802 190 2841 codice
246 2804 401 2842 Rufinus
454 2807 718 2844 Grammaticus

66 2871 103 2908 p-
125 2862 234 2900 2713
262 2862 321 2898 ed.
349 2861 494 2899 Putsch.
525 2867 561 2899 et
590 2864 718 2900 coufir-

784 644 873 680 mari
900 644 1069 681 videntur
1091 644 1150 681 illa
1175 645 1337 696 repetitis
1359 658 1438 684 ver—

784 701 840 737 bis
871 700 973 736 initio
1004 701 1130 751 capitis
1165 714 1244 750 sq.:

782 753 857 807 τὴν
887 757 1122 808 βασιληΐην,
1161 770 1255 806 quae
1275 758 1436 807 alioquin

783 813 971 850 abundare
1000 814 1076 851 iure
1112 814 1256 851 dixeris.
1326 815 1436 858 Quod

783 882 870 906 vero
905 871 952 906 ad
982 869 1185 907 Archilochi
1205 874 1361 908 aetatem
1382 877 1438 908 at-

783 926 897 973 tinet,
945 931 1085 963 veteres
1123 926 1317 976 scriptores
1362 940 1437 963 non

784 983 873 1018 satis
897 982 989 1020 inter
1011 996 1051 1020 se
1077 983 1317 1029 concordant3
1347 996 1437 1032 quo-

783 1051 863 1074 rum
912 1052 932 1075 e
975 1038 1192 1076 testimoniis
1243 1038 1298 1075 vel
1347 1040 1439 1076 circa

785 1094 994 1143 Olympiad.
1015 1094 1141 1131 XXIII
1166 1094 1225 1132 vel
1245 1095 1318 1131 XV
1347 1097 1439 1146 poc-

783 1154 821 1187 ta
843 1150 982 1189 vixerit.
1013 1151 1117 1188 Haec
1146 1150 1177 1186 si
1202 1163 1346 1198 sumas,
1377 1151 1439 1188 Ci-

784 1219 915 1244 cerone
969 1207 1199 1258 potissimum
1254 1211 1349 1244 teste
1403 1208 1440 1243 in

785 1263 820 1301 T
824 1262 982 1300 usculan.
1013 1263 1167 1307 Quaest.
1198 1262 1235 1311 I,
1271 1266 1307 1310 1,
1336 1276 1442 1300 accu-

785 1323 862 1356 rate
885 1320 1053 1357 convenit
1082 1333 1161 1356 cum
1192 1332 1235 1357 eo
1263 1323 1442 1369 tempore,

786 1387 858 1423 quo
892 1374 1039 1423 Gygem
1071 1377 1121 1412 ad
1163 1387 1317 1423 regnum
1358 1388 1442 1412 eve-

786 1434 884 1467 ctum
893 1431 998 1481 ponit
1008 1430 1214 1468 Larcherus
1226 1430 1441 1481 Oljffnpiad.

785 1486 874 1523 XVI
913 1500 942 1523 S.
981 1486 1062 1527 715
1095 1499 1126 1523 a.
1160 1487 1245 1523 Chr.
1277 1487 1352 1526 vid.
1393 1487 1441 1524 T.

785 1541 853 1579 VH
872 1556 909 1593 p.
932 1544 1026 1584 212.
1049 1542 1143 1584 599.
1173 1542 1265 1579 Illud
1285 1544 1315 1579 si
1333 1556 1443 1593 prae-

784 1600 904 1645 feras,
934 1599 1032 1635 haud
1053 1603 1150 1637 certe
1169 1603 1271 1636 tanta
1292 1605 1348 1637 est
1369 1600 1442 1636 dis-

785 1656 960 1703 serentia,
999 1655 1086 1704 quin
1126 1656 1245 1704 Gygis
1280 1655 1443 1705 aequalis

785 1715 895 1762 poeta
933 1712 1002 1748 dici
1039 1713 1179 1762 possit,
1226 1713 1442 1763 praesertim

787 1769 818 1805 si
846 1781 970 1806 verum
997 1773 1074 1815 est,
1115 1769 1240 1818 quod,
1270 1773 1443 1806 monente

789 1824 820 1862 C
829 1837 883 1872 ππ,
912 1825 1100 1862 contendit
1128 1824 1304 1863 Niebuhr.
1327 1825 1438 1863 Rom.

787 1881 921 1918 Gesch.
953 1881 969 1916 I
1003 1895 1040 1932 p.
1073 1880 1127 1922 44
1165 1886 1243 1918 not.
1286 1882 1339 1921 53
1377 1882 1437 1918 ed.

786 1937 915 1987 prior.‚
946 1949 1133 1974 numerum
1163 1949 1353 1982 annorum,
1373 1949 1440 1986 per

786 2005 879 2041 quos
915 2005 1068 2039 regnum
1096 1992 1277 2029 tenuerint
1312 1990 1440 2040 Lydo-

786 2061 866 2084 rum
897 2061 1029 2096 reges,
1071 2047 1176 2083 nimis
1214 2052 1358 2084 auctum
1387 2048 1440 2085 vi-

786 2104 875 2140 deri.
917 2104 976 2141 De
996 2103 1208 2140 Archilocho
1231 2103 1331 2141 Idem
1355 2104 1441 2141 citat

785 2159 924 2197 Liebel.
966 2160 1014 2196 ad
1063 2159 1265 2197 Archiloch.
1304 2160 1439 2210 reliqq.

785 2228 874 2266 pag.
928 2219 994 2256 60.
1047 2218 1112 2256 61.
1156 2217 1299 2253 Fabric.
1344 2217 1439 2254 Bibl.

787 2273 920 2310 Graec.
944 2272 977 2308 II
998 2286 1037 2322 p.
1061 2275 1141 2312 107
1162 2286 1242 2321 sqq.
1264 2273 1322 2309 ed.
1341 2273 1441 2309 Har-

786 2329 852 2366 les.
876 2329 1049 2366 senarius
1085 2329 1187 2378 ipse,
1217 2341 1290 2378 quo
1322 2329 1440 2380 respi-

786 2398 868 2423 cere
891 2386 1032 2422 videtur
1054 2385 1266 2421 Herodotus
1280 2414 1290 2432 ‚
1321 2391 1440 2424 exstat

786 2442 886 2492 apud
926 2440 1109 2478 Aristotel.
1154 2441 1326 2478 Rhetorr.
1378 2441 1443 2488 III,

789 2501 841 2539 17
885 2497 963 2536 coll.
998 2496 1178 2535 Plutarch.
1230 2497 1365 2536 Moral.
1409 2497 1443 2533 ΙΙ

787 2567 825 2605 p.
845 2553 940 2601 470,
961 2554 1005 2590 B.
1029 2553 1141 2590 Unde
1161 2553 1296 2591 relatus
1323 2558 1380 2592 est
1406 2555 1443 2590 in

785 2611 957 2648 Brunckii
980 2609 1084 2646 Anal.
1108 2608 1157 2646 T.
1178 2609 1195 2646 I
1226 2624 1263 2661 p.
1284 2610 1352 2659 42,
1382 2611 1443 2647 ubi

786 2667 869 2704 vide
896 2666 1050 2704 Iacobsii
1070 2664 1337 2705 Animadverss.
1363 2665 1442 2704 An-

786 2723 872 2760 thol.
897 2723 943 2760 T.
968 2722 984 2759 Ι
1006 2735 1044 2773 p.
1072 2722 1173 2764 155:

847 2804 907 2845 Οὕ
936 2822 1003 2858 μοι
1031 2803 1079 2844 τοέ
1110 2802 1245 2858 Γύγεω
1267 2810 1341 2846 τοῦ
1371 2821 1439 2846 πο-

1009 2858 1206 2913 λυχρύσου
1233 2862 1349 2914 μέλει.

1084 2917 1142 2958 3*

1284 701 1368 753 ἔσχε
1394 701 1437 741 δὲ
1510 747 1520 755 ,
