1909 3228
464 209 548 250 894

875 205 1337 246 HERODOTI

465 316 585 371 παρὰ
613 317 666 360 τὰ
686 316 861 371 ἔσχατα,
897 313 1109 371 οἰκήματα
1138 314 1396 369 μουνόκωλα
1425 316 1620 373 ἔδειμαν,
1653 332 1716 361 τε-

463 396 683 452 τραμμένα
712 395 754 444 ἐς
782 392 964 450 ἄλληλα·
1017 393 1065 436 τὸ
1097 393 1228 448 μέσον
1260 394 1306 436 δὲ
1343 397 1430 436 τῶν
1466 396 1715 453 οἰκημάτων

434 476 614 519 δὲ’λιπον
650 473 872 531 τεθρίππῳ
923 473 1183 527 περιέλασιν.

1250 472 1385 516 πύλαι
1430 474 1476 517 δὲ
1525 475 1717 518 ἐνεστᾶσι

462 553 583 607 πέριξ
611 555 694 594 τοῦ
721 552 880 605 τείχεος
909 550 1085 604 ἑκατὸν,
1124 550 1298 608 χάλκεαι
1327 555 1481 595 πᾶσαι·
1522 554 1592 597 καὶ
1623 561 1774 598 στα-50

434 632 573 686 6θμοί
602 645 646 673 τε
675 631 746 674 καὶ
774 629 1008 686 ὑπέρθυρα
1038 629 1253 682 ὡσαύτως.

1315 631 1403 674 ἔστι
1426 630 1471 674 δὲ
1503 629 1608 688 ἄλλη
1641 631 1718 675 πό-

461 714 527 761 λις
559 708 777 766 ἀπέχουσα
806 707 919 754 ὀκτώ
949 708 1144 767 ἡμερέων
1174 710 1281 756 ὁδόν
1311 709 1395 755 ἀπὸ
1427 714 1715 768 Βαβυλῶνος·

404 938 453 981 τα
475 939 636 993 ἔσχατα]
666 941 688 979 ἰ.
709 953 740 980 e.
761 954 872 992 super
888 954 989 978 muro
1010 942 1059 980 ad

404 998 502 1050 ipsas
522 999 597 1037 eius
615 1002 794 1036 extremas
816 1002 941 1048 partes
971 1012 998 1036 s.
1020 1000 1057 1036 in

406 1055 573 1093 extremis
605 1055 679 1093 eius
698 1055 884 1106 partibus,
901 1055 938 1092 in
957 1059 1057 1093 utra-

404 1124 477 1162 que
496 1113 589 1150 muri
605 1112 680 1149 ora.

462 1219 658 1276 οἰκήματα
698 1220 935 1276 μουνόκωλα
962 1223 1059 1264 ἔδει·

405 1297 507 1334 μαν,
544 1279 787 1332 τετραμμένα
817 1280 857 1328 ἐς
883 1278 1055 1331 ἄλληλα]

403 1338 598 1388 Sequimur
607 1338 643 1374 in
653 1338 706 1375 his
719 1338 938 1389 explicandis
951 1338 1056 1387 Wyt-

403 1394 633 1433 tenbachium
669 1393 692 1431 l.
723 1394 745 1431 l.
776 1408 812 1444 p.
834 1394 916 1436 354
945 1396 1057 1432 inter-

403 1454 607 1502 pretantem
621 1463 631 1495 3
650 1450 815 1500 aedificia
828 1453 933 1487 unius
954 1464 1055 1487 mem-

404 1508 480 1554 bri,
528 1508 634 1542 unius
674 1508 871 1554 conclavis,
911 1520 1055 1556 quorum

397 1563 517 1614 facies
546 1562 595 1610 (i.
615 1575 647 1599 e.
676 1563 875 1600 anteriores
902 1564 1053 1612 partes)

403 1620 573 1657 adversae
601 1621 704 1667 sunt,
732 1619 755 1656 i.
774 1632 806 1656 e.
836 1618 884 1656 ad
906 1632 940 1656 se
961 1621 1056 1656 invi-

404 1689 476 1714 cem
495 1687 686 1712 conversae.
745 1676 808 1712 Sic
828 1675 912 1712 olim
945 1671 1055 1724 οἶκή·

404 1747 507 1784 ματα
528 1727 763 1782 μουνόκωλα
781 1731 851 1768 iam
868 1736 1057 1781 acceperat

405 1787 612 1827 Gronovius
629 1816 639 1834 ,
668 1798 736 1824 nec
755 1787 860 1825 aliter
874 1788 950 1824 sere
960 1787 1054 1823 Lar-

404 1845 529 1883 cherus
550 1847 662 1880 turres
681 1845 785 1880 unius
807 1844 982 1880 conclavis
1002 1843 1057 1879 in-

403 1901 589 1949 telligens;
619 1913 641 1937 a
660 1913 732 1949 quo
757 1913 831 1937 non
858 1900 963 1937 valde
991 1899 1057 1936 ab·

403 1958 554 1996 horrent
581 1955 798 1994 Laurentius
817 1956 920 1993 Valla
947 1959 1056 2004 atque

403 2013 576 2052 Aemilius
615 2012 770 2060 Portus,
815 2013 944 2061 quibus
974 2016 1057 2048 sunt

404 2069 631 2108 domunculae
647 2072 751 2106 unius
770 2070 1054 2118 contignationis·

405 2127 587 2171 Quoniam
607 2139 693 2163 vero
711 2127 839 2164 κῶλον
867 2126 977 2175 vulgo
998 2124 1053 2161 la-

404 2188 462 2221 tus
497 2183 697 2231 significet,
737 2182 1055 2231 Schweighaeuse-

404 2254 464 2278 rus
493 2238 628 2277 mavult
652 2238 803 2287 intelligi
829 2238 1055 2277 domunculas

404 2308 510 2335 unum
545 2297 745 2332 continuum
783 2295 896 2343 latus,
948 2307 1054 2332 unam

404 2355 603 2391 continuam
630 2353 841 2402 superficiem
866 2352 1056 2401 offerentes,

405 2411 444 2447 id
470 2414 547 2457 est,
586 2411 772 2458 contiguas
796 2413 829 2446 et
852 2422 920 2446 uno
943 2412 1054 2445 tenore

405 2469 639 2503 continuatas.
703 2465 814 2508 Quod
851 2465 936 2503 mihi
979 2476 1054 2500 non

405 2522 596 2574 persuasit.
653 2521 764 2559 Italus
794 2523 970 2572 interpres
992 2533 1054 2558 ex-

406 2579 559 2630 pressit:
590 2578 739 2628 casz’pole
756 2579 861 2615 d’uua
878 2577 953 2615 sola
965 2576 1053 2626 sac-

407 2637 463 2672 cia
475 2664 485 2682 ‚
514 2635 624 2684 idque
641 2639 791 2686 propter
807 2635 862 2682 ΙΙ,
881 2636 972 2679 126,
993 2633 1054 2669 ubi

406 2693 536 2729 κῶλον
563 2692 691 2729 eodem
711 2692 822 2729 modo
840 2690 1053 2737 inveniatur,

406 2750 527 2783 tuetur
549 2751 674 2784 contra
695 2761 819 2786 eorum
836 2747 1052 2797 interpreta-

408 2802 564 2848 tionem,
605 2803 666 2852 qui
703 2804 750 2842 de
783 2817 855 2841 uno
894 2800 1050 2840 conclavi

408 2857 578 2906 cogitant.
596 2859 842 2909 ‚‚Piutt0st0,“
861 2860 948 2898 haec
967 2861 1049 2898 sunt

1128 942 1204 979 eius
1220 941 1350 989 verba,
1379 941 1478 990 „qui
1504 940 1539 978 lo
1562 940 1695 978 storico
1715 952 1776 978 ac-

1126 1011 1242 1036 cenna
1260 998 1313 1035 ch'
1331 1011 1411 1035 esse
1433 1010 1506 1035 non
1526 1001 1775 1035 contenevano

1123 1067 1259 1092 nessun
1287 1053 1410 1091 cortile
1441 1068 1462 1092 e
1499 1066 1574 1090 non
1612 1065 1774 1091 avevano

1123 1110 1190 1149 che
1216 1123 1287 1147 una
1311 1110 1502 1148 faeciata.“

1183 1164 1229 1206 τό
1249 1165 1369 1217 μέσον
1384 1164 1427 1204 δὲ
1446 1168 1528 1205 τῶν
1547 1161 1776 1217 οἰκημάτων

1129 1245 1178 1252 --
1194 1220 1444 1273 περιέλασιν]
1472 1223 1527 1259 Ex
1546 1223 1675 1261 eodem
1698 1221 1797 1275 Ta<

1124 1281 1278 1319 vernerii
1294 1280 1476 1317 itinerario
1497 1280 1563 1328 (ll,
1575 1280 1620 1327 8)
1637 1278 1777 1316 hic'ad-

1125 1338 1247 1375 scribit
1263 1336 1479 1384 Schweigh.,
1496 1336 1533 1373 in
1554 1348 1598 1373 ea
1612 1335 1776 1384 regione,

1125 1394 1185 1430 ubi
1204 1393 1288 1429 olim
1311 1392 1476 1440 Babylon
1504 1393 1589 1429 urbs
1622 1392 1774 1438 steterit,

1123 1450 1215 1486 muri
1236 1449 1403 1498 reliquias
1423 1448 1581 1498 conspici
1611 1460 1655 1485 ea
1675 1459 1774 1485 cras-

1124 1506 1305 1551 situdine,
1345 1509 1384 1540 ut
1414 1517 1477 1542 sex
1505 1503 1675 1542 vehiculis
1701 1516 1774 1540 una

1123 1563 1243 1599 fronte
1268 1562 1489 1598 currentibus
1515 1560 1672 1610 spatium
1695 1561 1775 1597 sue-

1124 1619 1191 1665 rit,
1221 1618 1349 1654 lateres
1376 1622 1566 1666 praeterea
1591 1616 1677 1664 igne
1713 1628 1774 1653 co-

1124 1678 1201 1711 ctos
1238 1674 1415 1710 denorum
1453 1686 1534 1711 esse
1567 1673 1703 1722 pedum
1736 1672 1773 1708 in

1122 1730 1387 1778 longitudinem
1403 1733 1439 1766 et
1456 1729 1693 1778 latitudinem,
1710 1728 1776 1765 tri-

1122 1799 1182 1822 um
1203 1786 1336 1835 pedum
1355 1784 1554 1822 altitudine.

1179 1838 1303 1880 πύλαι
1339 1838 1382 1880 δὲ
1411 1840 1588 1880 ἐνεστᾶσι
1610 1862 1658 1869 --
1681 1841 1772 1891 χαλ-

1123 1895 1210 1937 κὲαι
1233 1900 1385 1944 πᾶσαι]
1419 1897 1535 1936 Affert
1556 1896 1695 1935 lesaiae
1718 1896 1772 1934 lo-

1123 1968 1202 1992 cum
1236 1954 1360 2002 XLV,
1389 1957 1415 1996 2
1449 1953 1675 2000 Larcherus‚
1712 1953 1774 1991 ubi

1122 2011 1247 2050 itidem
1265 2023 1400 2048 aeneae
1426 2015 1555 2060 portae
1571 2022 1762 2048 memoren-

1120 2071 1190 2105 tur.
1248 2067 1345 2105 Nam
1365 2066 1576 2103 Eustathius
1590 2096 1601 2114 ‚
1631 2065 1692 2115 qui
1711 2077 1772 2103 ea-

1122 2124 1205 2161 dem
1223 2125 1354 2169 refert,
1385 2123 1614 2160 Herodotum
1641 2121 1772 2158 exscri-

1120 2181 1239 2230 psisse
1263 2180 1404 2217 videtur
1432 2180 1498 2223 (ad
1526 2179 1678 2226 Dionys.
1697 2177 1769 2215 Pe-

1121 2237 1247 2285 rieget.
1268 2249 1320 2272 vs,
1346 2237 1466 2282 1005,
1486 2236 1533 2272 ad
1557 2235 1704 2271 Homer.
1727 2233 1767 2270 ll.

1120 2293 1173 2330 ῙΧ
1192 2307 1227 2343 p.
1248 2292 1351 2338 758,
1373 2293 1522 2337 15).—
1543 2288 1715 2340 σταθμοὶ
1732 2291 1770 2327 ἱῐι

1121 2362 1224 2398 seqq.
1246 2352 1329 2385 sunt
1343 2352 1458 2396 postes
1469 2352 1591 2398 portae
1603 2376 1613 2394 ‚
1625 2350 1771 2384 auctore

1121 2405 1267 2443 Polluce
1297 2405 1486 2442 onomast.
1532 2405 1547 2441 l
1585 2402 1622 2455 §.
1651 2405 1705 2444 76
1734 2407 1772 2441 et

1119 2461 1278 2510 Hesych.
1305 2475 1332 2498 s.
1346 2474 1377 2497 v.
1420 2459 1447 2500 ’ὑ
1458 2477 1486 2500 π
1499 2458 1516 2499 ε’
1528 2475 1548 2510 ρ
1560 2464 1653 2511 θυρ
1666 2475 1690 2498 α
1710 2472 1771 2496 su-

1120 2519 1263 2570 periora
1295 2522 1423 2568 portae
1450 2517 1594 2564 limina,
1623 2515 1770 2566 superli-

1121 2576 1273 2612 minaria
1286 2604 1296 2621 ,
1343 2579 1384 2611 ut
1427 2574 1512 2611 dicit
1554 2572 1770 2622 thtenba-

1121 2631 1220 2669 chius
1242 2630 1398 2679 (selectt.
1412 2630 1588 2667 historice.
1600 2643 1636 2679 p.
1650 2628 1768 2676 354),

1119 2689 1204 2737 quia
1234 2691 1318 2725 sunt
1345 2686 1467 2725 limina
1493 2686 1701 2737 superiora,
1728 2684 1767 2721 id

1119 2749 1193 2791 est,
1221 2748 1429 2781 transversa
1450 2755 1557 2794 pars,
1587 2753 1682 2791 quae
1699 2741 1765 2777 du-

1117 2813 1158 2837 os
1181 2804 1304 2850 postes
1320 2812 1475 2852 superne
1499 2798 1635 2848 iungit,
1655 2794 1764 2836 limini

1114 2857 1295 2909 opposita.
