1909 3228
602 208 966 250 >cL10.12

1360 213 1445 254 405

159 316 433 374 Ξοῖμφότεραι
472 317 518 362 δὲ
556 311 683 362 αὗται
722 317 920 375 λέγονται
952 317 1128 374 ἀνδρῶν
1166 315 1375 377 οὐδαμῶν
1401 323 1442 373 ἐς

187 396 359 453 ὁμιλίην
383 400 564 453 φοιτᾶν·
594 400 667 441 καὶ
694 397 881 454 κατάπερ
911 398 959 443 ἐν
986 398 1226 456 Πατάροισι
1248 404 1322 457 τῆς
1345 403 1416 444 Λυ

183 477 279 533 κίης
306 474 334 532 ἡ
362 475 600 532 πρόμαντις
628 482 710 521 τοῦ
738 481 872 530 θεοῦ,
902 477 1034 522 ἐπεάν
1051 478 1248 535 γένηται·
1282 477 1336 523 οὐ
1356 478 1440 535 γὰρ

184 550 248 600 ὧν
277 557 360 599 αἰεί
388 555 477 600 ἐστι
504 554 764 613 χρηστήριον
793 554 970 600 αὐτόθι·
1021 556 1149 601 ἐπεάν
1179 558 1225 602 δὲ
1252 560 1438 616 γένηται,

181 633 278 679 τότε
308 629 371 679 ὧν
401 637 784 692 συγκατακληΐεται
800 635 877 688 τας
897 634 1058 688 νύκτας
1079 636 1162 681 ἔσω
1180 636 1228 682 ἐν
1248 641 1309 696 τῷ
1331 640 1462 695 ‘mail

122 842 163 867 se
184 843 216 866 z.
239 829 372 879 Temp.
394 829 430 866 d.
449 830 594 880 Jupiter
614 829 772 869 Ammon

119 898 156 936 p.
178 888 269 927 121.
300 886 369 922 Hic
385 886 479 923 enim
498 886 535 922 in
557 887 682 937 templi
698 887 773 925 Ae-

119 942 301 991 gyptiaci,
332 942 431 991 quod
459 942 611 980 Karlzalc
641 945 678 980 in
710 957 771 980 ru-

117 998 264 1034 deribus
294 1004 372 1045 est,
402 998 596 1047 imaginem
622 999 770 1048 invenit,

117 1054 178 1091 ubi
204 1054 303 1091 iuxta
331 1067 456 1103 regem
488 1057 770 1104 sacerdotesque

116 1110 261 1160 puellae
298 1123 443 1160 quoque
479 1112 768 1162 conspiciuntur3

117 1167 156 1203 id
182 1166 283 1215 quod
310 1167 406 1203 haud
430 1167 559 1204 iniuria
578 1169 624 1204 ad
644 1168 768 1205 huius-

116 1223 215 1260 modi
241 1226 368 1273 stupra
398 1236 500 1260 sacra
525 1223 674 1261 relatum
702 1238 767 1261 vo-

115 1278 214 1326 lunt,
241 1279 339 1316 haud
356 1279 585 1330 improbante
596 1280 765 1319 Miintero

114 1334 137 1372 l.
165 1334 187 1372 l.
218 1347 303 1384 pag.
321 1338 386 1377 72.

170 1393 357 1441 κοιμᾶται
391 1390 434 1430 ἒν
470 1392 528 1444 τςὸ
560 1392 634 1429 τοῦ
661 1388 764 1439 Διο“ς

110 1449 183 1486 τοῦ
200 1445 394 1498 Θηβαιέος
413 1444 516 1499 γυνή
527 1446 539 1496 ]
574 1447 644 1484 His
666 1448 762 1486 adde

109 1504 300 1540 Strabonis
321 1503 438 1541 locum
455 1503 559 1540 XVII
591 1516 628 1553 p.
651 1506 758 1545 1171

109 1560 224 1609 (pag.
257 1562 360 1608 816,
395 1561 428 1598 D
476 1560 534 1598 ed.
566 1560 758 1607 Casaub.).

108 1616 189 1653 Alia
212 1618 352 1667 profert
372 1616 659 1665 VVesselingiuQ
679 1615 757 1652 lau-

108 1673 201 1709 dans
246 1673 442 1723 praecipue
491 1672 673 1710 Clericum
709 1673 758 1710 ad

106 1728 262 1766 Hesiod.
283 1729 318 1766 Τ
321 1729 477 1777 heogon.
497 1742 550 1765 vs,
569 1728 662 1769 940.

164 1779 322 1835 ἀνδρῶν
356 1781 542 1839 οὐδαμῶν
574 1783 613 1829 ἐς
653 1781 713 1833 όμ
727 1797 756 1822 ι-

107 1840 225 1891 λίην
273 1839 487 1890 φοιτᾶν]
542 1841 689 1888 φοιτᾶν
717 1839 754 1875 in

106 1897 214 1934 rebus
237 1898 401 1934 venereis
418 1901 494 1933 tuin
520 1896 567 1933 de
584 1896 659 1931 xdro
679 1899 756 1931 tum

107 1954 154 1991 de
175 1954 308 1990 femina
325 1953 518 1998 usitatum,
546 1950 671 2001 plures
700 1955 756 1988 te-

106 2009 348 2054 stanturloci3
378 2009 450 2045 vid.
472 2008 528 2054 II,
560 2009 649 2047 111.
675 2006 756 2047 115

105 2066 228 2114 ibique
251 2066 413 2102 Gronov.
433 2069 469 2102 et
479 2062 755 2111 SchweithV,

107 2124 130 2162 1
152 2122 239 2171 ibiq.
255 2121 470 2158 Valckenar.
496 2119 637 2162 Quibus
658 2118 754 2155 aliud

107 2177 173 2215 Cr.
207 2178 330 2214 adiicit
369 2175 571 2225 exemplum
613 2188 634 2213 e
666 2174 754 2211 Plu-

102 2234 215 2271 tarch.
234 2234 424 2284 Symposs.
451 2232 535 2269 VIII
558 2243 646 2281 pag.
670 2232 752 2271 718

103 2303 189 2340 pag.
218 2293 299 2331 960
327 2289 513 2338 IVyttenb.
543 2309 599 2315 -
620 2286 752 2324 Fuisse

103 2351 225 2383 autem
254 2346 318 2382 has
349 2345 518 2383 mulieres
554 2356 676 2381 earum
705 2355 749 2380 ex

105 2414 238 2449 genere
249 2430 264 2448 ,v
300 2415 395 2450 quae
417 2395 656 2453 ἷεροδούλῳν
684 2412 751 2435 no-

103 2457 199 2494 mine
217 2471 283 2507 per
299 2457 431 2494 multas
458 2457 627 2505 regiones
643 2454 754 2493 Asiae

106 2517 217 2560 atque
228 2514 341 2562 ipsius
355 2513 529 2550 Graeciae
550 2515 752 2559 occurrunt,

103 2568 204 2605 haud
236 2569 364 2616 negari
396 2570 538 2619 poterit.
594 2567 653 2605 De
680 2580 752 2615 qua

104 2637 145 2662 re
181 2637 226 2661 eo
263 2625 380 2660 minus
413 2625 600 2674 disputare
635 2622 752 2670 velim,

104 2693 177 2729 quo
197 2680 314 2717 acrius
333 2684 458 2716 nostra
476 2679 671 2716 admodum
690 2691 753 2716 ae-

104 2740 181 2773 tate
207 2740 264 2773 est
299 2736 538 2785 disceptatum
568 2735 661 2774 inter
684 2735 753 2771 do-

102 2796 182 2829 ctos
208 2790 476 2829 Betolinenses.
532 2790 624 2839 Hic,
659 2803 753 2840 quae

103 2860 184 2886 cum
228 2848 453 2886 Herodoteis
488 2850 752 2899 comparentur,

838 832 994 882 paucula
1043 834 1257 872 adscribam.
1337 833 1491 873 Faciunt

840 889 935 926 enim
964 889 1033 927 huc
1063 886 1281 940 ἱερόδουλοι
1306 889 1489 928 Anaitidis

837 943 1052 993 Armeniae,
1090 947 1136 984 de
1164 948 1295 996 quibus
1327 947 1488 985 Creuze-

837 1013 898 1036 rus
937 1002 1105 1039 disseruit
1139 1003 1176 1040 in
1222 1003 1416 1052 Symbolic.
1452 1004 1487 1040 II

836 1070 921 1107 pag.
939 1061 1015 1104 26,
1050 1058 1250 1108 itidemque
1280 1060 1487 1096 comanen-

835 1126 894 1150 ses
920 1111 1135 1165 ἱερόδουλοι
1162 1128 1226 1152 sex
1248 1114 1345 1152 mille
1380 1116 1485 1162 (ibid.

833 1182 870 1218 p.
892 1172 945 1210 28
968 1171 1106 1219 seqq),
1136 1171 1206 1208 alia
1247 1184 1340 1220 quae
1367 1172 1486 1220 attigit

833 1225 930 1262 idem
952 1227 1152 1264 Creuzerus
1171 1227 1194 1265 I.
1216 1226 1238 1264 l.
1259 1227 1275 1264 I
1296 1240 1382 1277 pag.
1401 1231 1483 1269 250

833 1286 909 1318 not.
944 1285 1016 1329 13,
1059 1287 1096 1319 ut
1131 1283 1272 1320 Isiacae
1306 1286 1485 1320 sacrariae

833 1337 928 1373 lenae
951 1338 988 1374 in
1020 1340 1108 1376 urbe
1128 1339 1318 1387 Romana,
1349 1340 1482 1376 Corin-

831 1393 987 1429 thiorum
1006 1394 1166 1431 instituta
1181 1394 1426 1445 ἵεροδουλίας
1445 1400 1482 1433 et

829 1448 1069 1486 Hetaerarum
1095 1451 1248 1488 societas
1278 1449 1430 1488 Athenis
1459 1464 1482 1487 a

828 1504 966 1543 Solone
985 1506 1192 1544 constituta.
1233 1506 1338 1550 Quae
1359 1507 1481 1544 omnia

827 1561 865 1597 id
885 1574 994 1598 unum
1014 1562 1277 1609 evincunt‚non
1297 1563 1480 1611 singulare

826 1618 1012 1666 quoddam
1042 1618 1157 1656 videri
1178 1618 1247 1655 hoc
1276 1619 1479 1657 institutum

824 1674 871 1710 do
889 1673 1095 1711 mulieribus
1116 1675 1227 1712 sacris
1248 1674 1284 1710 in
1296 1675 1479 1712 Belitem-

822 1729 906 1779 plo,
935 1743 1057 1767 verum
1088 1743 1130 1767 ex
1158 1731 1336 1767 communi
1359 1732 1478 1779 genti-

823 1798 883 1821 um
918 1787 1113 1836 praecipue
1145 1785 1384 1823 Asiaticarum
1415 1800 1477 1823 su<

821 1842 1055 1890 pemtstione,
1109 1854 1182 1890 qua
1226 1842 1385 1890 virgines
1423 1843 1475 1879 ita

823 1897 891 1933 diis
921 1901 1148 1933 consecratas
1178 1897 1378 1945 voluerint,
1404 1897 1474 1935 hoc

823 1964 905 1989 esse
922 1953 1171 2002 repetendum.

878 2005 998 2046 ἐπεοὶν
1021 2005 1062 2046 δὲ
1080 2005 1254 2058 γένηται]
1273 2005 1364 2058 senff
1380 2003 1473 2059 πρό-

823 2078 981 2114 μαντις,·
1010 2063 1146 2113 quando
1165 2064 1297 2100 scilicet
1309 2064 1472 2114 fatidica

821 2119 919 2156 adest
955 2120 1113 2156 sacerdos
1150 2120 1356 2169 maculaque
1387 2120 1470 2158 edit.

820 2175 949 2213 Refert
975 2177 1068 2213 enim
1097 2176 1244 2213 Servius
1274 2176 1320 2212 ad
1340 2177 1467 2225 virgil.

819 2230 910 2269 Aen.
935 2232 997 2279 IV,
1031 2231 1131 2279 143,
1172 2231 1374 2282 Apollinem
1404 2245 1468 2270 sex

818 2288 1002 2324 mensibus
1028 2287 1240 2324 hiemalibus
1268 2289 1367 2338 apud
1392 2288 1466 2324 Pa-

817 2348 918 2391 tara,
962 2343 1097 2392 Lyciae
1134 2344 1334 2390 civitatem,
1379 2345 1466 2381 dare

816 2413 1006 2449 responsa,
1023 2401 1120 2437 unde
1139 2399 1337 2436 Pataraeus
1350 2398 1465 2448 Apol-

819 2455 854 2492 lo
876 2456 1035 2503 dicatur,
1065 2468 1128 2493 sex
1150 2456 1333 2494 mensibus
1354 2456 1465 2492 aesti-

818 2512 873 2548 vis
903 2513 1001 2562 apud
1029 2511 1172 2549 Delum.
1227 2510 1286 2548 De
1305 2511 1465 2560 Apolline

819 2567 937 2617 Lycio
976 2567 1110 2604 consul.
1157 2567 1377 2604 Creuzerum
1424 2567 1464 2605 in

819 2623 980 2672 Symbol.
1019 2624 1079 2670 ll,
1112 2624 1192 2663 136
1229 2635 1333 2672 seqq·
1370 2618 1462 2674 πρό-

819 2694 956 2730 μαντις
976 2681 1103 2717 eadem
1127 2678 1276 2728 Delphis
1297 2679 1460 2726 occurrit,

818 2748 886 2774 nec
905 2735 1025 2772 differt
1053 2734 1315 2783 significatione
1333 2747 1355 2770 a
1372 2747 1461 2772 voce

818 2794 1038 2841 προφῆτις,
1068 2802 1284 2839 quamquam
1311 2789 1368 2827 alii
1402 2791 1460 2826 di-

819 2848 955 2897 stingui
969 2847 1192 2886 contendunt
1211 2845 1304 2884 inter
1323 2849 1458 2884 utram-
