1909 3228
549 216 972 256 EUTERPE.
1025 217 1072 256 II.

1345 220 1429 261 539

145 325 276 370 ὅέστί.
321 325 512 370 οἰκέουσι
541 326 587 370 δὲ
615 326 667 370 τά
699 324 784 370 οΞπὸ
809 325 1115 383 Ἐλεφαντίνης
1152 324 1241 369 ἄνω
1270 328 1428 371 Αἰθίο-

171 421 246 456 πες
274 404 381 461 ἤδη,
427 406 501 449 καὶ
528 409 604 462 τῆς
633 405 772 463 νήσου
809 405 858 449 τὸ
899 405 1050 462 ἥμισυ·
1108 404 1156 449 τὸ
1197 405 1242 449 δὲ
1279 406 1427 462 ἥμισυ,

172 483 414 540 Αἰγύπτιοι.
471 484 606 541 ἔχεται
636 486 682 530 δὲ
707 489 782 542 τῆς
810 485 949 543 νήσου
978 487 1107 542 λίμνη
1134 484 1318 542 μεγάλη,
1347 485 1427 542 τήν

171 666 345 708 οἰκέουσι
367 665 408 707 δὲ
426 664 471 706 rc}
485 663 563 708 (Ξπό
579 664 762 717 Ἐλεφαν-

112 723 226 775 τίνης
246 722 330 763 ἅνω
358 740 392 763 κ.
415 740 445 761 τ.
473 723 525 774 λ.]
556 726 762 774 Adscripsit

115 780 178 818 Cr.
210 782 390 818 Eustathii
412 781 528 817 locum
555 782 603 817 ad
625 782 760 830 Odyss.

112 837 175 885 IV,
195 837 248 879 84
267 851 302 887 p.
323 838 394 877 151
420 837 500 873 infr.
519 841 555 873 et
576 838 655 877 152
666 850 761 886 supr.

112 893 197 930 Bas.
236 893 304 930 Est
321 897 440 929 autem
457 893 610 941 insignis
632 893 689 930 hic
713 894 766 930 lo-

113 963 175 986 cus
186 978 196 996 ,
227 950 255 985 si
275 950 322 986 de
333 949 592 998 Aegyptiorum
606 954 765 986 veterum

113 1006 310 1054 originibus
330 1018 497 1054 quaeras,
528 1019 617 1054 quas
638 1019 681 1042 ex
694 1007 765 1043 Ae-

111 1062 248 1112 thiopia
259 1062 478 1111 repetendas
497 1075 577 1098 esse
596 1075 690 1099 nunc
702 1076 764 1100 ne-

111 1131 172 1155 mo
192 1120 268 1155 fere
289 1119 441 1154 dubitat.
474 1118 555 1161 Qua
569 1119 614 1154 de
632 1132 683 1164 re,
700 1132 765 1156 no-

113 1174 349 1211 strumlociun
361 1175 568 1224 respicienS,
580 1174 667 1212 haec
680 1177 765 1212 scri-

112 1232 187 1281 psit
216 1231 346 1267 Creuz.
377 1231 413 1266 in
435 1231 654 1267 Cominentt.
685 1232 765 1269 He-

111 1287 244 1324 rodd.I
262 1300 297 1336 p.
318 1288 396 1327 180
413 1300 516 1335 seqq.
530 1301 537 1324 ε
553 1288 763 1334 „Historiae

111 1347 216 1393 pater
236 1343 389 1379 insulam
416 1343 649 1393 Tachompso
678 1358 763 1393 par-

109 1400 174 1436 tim
197 1399 244 1435 ab
270 1399 527 1448 Aethiopibus,
555 1401 685 1448 partim
714 1402 760 1437 ab

109 1455 301 1504 Aegyptiis
320 1455 472 1491 habitari
490 1456 621 1504 prodit.
652 1456 762 1499 Quod

110 1512 206 1548 idem
224 1511 260 1547 in
271 1511 491 1547 Philensium
512 1511 627 1548 insula
645 1512 761 1548 locum

109 1567 243 1604 habere
282 1568 368 1604 dicit
404 1567 560 1615 Strabo,
607 1581 761 1617 quocum

110 1623 257 1672 egregie
282 1624 368 1660 facit
393 1623 627 1660 Heliodorus.
684 1625 760 1661 Iam

109 1680 336 1729 Champollio
349 1679 402 1729 (Ρ-
418 1682 516 1728 157)
533 1681 672 1718 elevare
686 1685 761 1718 stu-

110 1737 172 1772 det
183 1737 429 1773 testimonium
445 1737 648 1784 Strabonis,
662 1750 760 1774 eam-

109 1805 181 1840 que
192 1805 416 1828 communem
426 1793 684 1829 habitationem
702 1807 760 1829 so-

109 1848 133 1884 li
152 1848 290 1884 insulae
307 1848 539 1897 Tachompso
567 1849 761 1886 arbitratur

108 1905 386 1950 reservandam,
425 1917 506 1940 cum
530 1908 652 1941 tamen
683 1905 762 1941 He-

107 1961 261 1997 rodotus
283 1960 417 1996 ibidem
438 1960 515 2007 (ll,
534 1963 606 2005 29)
627 1964 760 1998 terram

109 2029 219 2066 supra
235 2016 500 2065 Elephantinen
519 2017 565 2053 ab
576 2017 760 2066 Aethiopi-

109 2073 175 2109 bus
205 2073 360 2109 habitari
381 2077 417 2109 et
438 2073 515 2121 ipse
535 2073 758 2122 profiteatur.

109 2129 186 2165 Sed
204 2133 243 2164 ut
261 2129 310 2164 ad
327 2129 577 2177 antiquissima
594 2134 760 2178 tempora

109 2185 323 2231 redeamus,
354 2185 484 2233 quibus
507 2185 612 2222 latius
634 2198 760 2235 porre-

110 2246 207 2278 ctam
224 2241 263 2277 in
281 2241 466 2278 meridiem
482 2240 688 2290 Aegyptum
706 2242 761 2277 fa-

111 2298 161 2334 cit
181 2297 439 2343 Philostratus,
468 2298 546 2347 ipse
566 2297 762 2347 Champol-

110 2353 157 2389 lio
178 2353 213 2400 (l
228 2367 264 2402 p.
284 2353 337 2394 57
360 2355 457 2402 seq.)
486 2354 562 2390 eius
581 2355 632 2390 rei
654 2354 762 2391 vesti-

113 2409 174 2457 gia
191 2409 344 2445 offendit
364 2411 401 2445 in
417 2410 676 2447 recentioribus
703 2411 761 2447 iti-

113 2465 280 2511 nerariis,
308 2465 346 2501 in
364 2467 495 2514 quibus
510 2471 761 2503 monumento-

112 2532 192 2555 rum
228 2519 494 2570 Aegyptiorum
533 2523 668 2558 mentio
707 2523 760 2570 fit,

113 2587 207 2624 quae
234 2575 343 2623 longe
366 2590 472 2626 supra
489 2578 609 2613 Philas
637 2591 760 2615 versus

113 2632 300 2668 meridiem
321 2638 530 2681 appareant.
571 2634 674 2676 Quae
700 2647 758 2671 res

115 2688 142 2723 si
165 2688 364 2724 accuratius
384 2693 421 2725 et
440 2691 487 2724 ad
497 2694 629 2725 certain
651 2690 759 2728 fidem

113 2743 285 2781 historiae
305 2744 522 2793 exploretur:
552 2746 693 2793 possint
704 2747 759 2782 in-

113 2800 235 2836 didem
244 2800 356 2837 multa
366 2801 546 2850 explicari,
561 2814 653 2849 quae
665 2815 759 2840 nunc

112 2856 258 2904 quidem
293 2869 360 2894 nos
399 2857 591 2907 impeditos
622 2862 757 2896 tenent.

829 668 950 706 Nemo
969 670 1064 707 enim
1085 683 1158 708 non
1176 671 1296 717 videt,
1326 669 1483 719 origines

829 725 1026 775 Aegyptias
1059 740 1257 776 omnesque
1295 740 1353 763 res
1385 731 1484 764 vetu-

832 783 982 818 stiorum
1011 782 1239 819 pharaonum
1273 783 1359 819 alias
1390 796 1483 830 esse,

833 839 883 885 si,
913 842 999 888 post
1022 844 1233 888 occupatam
1255 851 1275 875 a
1292 840 1418 888 priscis
1443 839 1483 875 il-

833 893 875 930 lis
907 894 1042 931 colonis
1069 894 1300 945 Aegyptum,
1336 896 1485 932 Aethio-

831 964 916 1000 pum
945 964 1024 998 res,
1053 964 1165 1001 opeS,
1196 951 1338 1000 aliaque
1369 952 1483 1000 proti-

831 1020 898 1043 nus
922 1007 1080 1044 seiuncta
1100 1020 1248 1044 censeas
1270 1021 1291 1043 a
1309 1007 1417 1044 rebus
1430 1008 1484 1043 in-

831 1064 1007 1100 stitutisve
1033 1063 1245 1114 Aegyptiis:
1285 1063 1370 1099 alias
1397 1077 1483 1100 con-

831 1124 908 1166 tra,
940 1120 968 1155 si
989 1119 1090 1169 plura
1109 1133 1173 1169 per
1191 1119 1332 1158 saecula
1353 1124 1389 1157 et
1408 1120 1482 1158 Ae-

832 1176 978 1225 gyptios
1018 1176 1181 1213 homines
1221 1181 1257 1214 et
1285 1176 1483 1225 Aethiopes

832 1233 1030 1270 eorundem
1047 1246 1173 1281 regum
1191 1232 1341 1282 imperio
1359 1233 1484 1269 subdi-

831 1293 888 1325 tos
905 1290 1097 1336 existimes,
1121 1301 1163 1326 ac
1181 1294 1303 1325 mutuo
1325 1289 1484 1326 omnium

831 1358 948 1382 rerum
970 1347 1180 1383 commercio
1192 1346 1285 1381 inter
1304 1358 1385 1382 sese
1397 1358 1484 1381 con-

830 1401 1012 1436 iunctos.“
1041 1401 1083 1436 In
1102 1406 1189 1437 nota
1207 1401 1367 1437 subiecta
1386 1401 1483 1439 idem

831 1457 892 1492 Cr.
913 1455 1016 1505 plura
1037 1462 1162 1494 monet
1182 1457 1228 1494 de
1248 1456 1482 1504 religionibus

829 1513 1018 1560 utriusque
1046 1512 1193 1562 populi,
1233 1524 1326 1561 quae
1357 1513 1386 1549 si
1409 1513 1484 1551 Ae-

830 1569 977 1618 gyptios
987 1568 1205 1618 Aethiopum
1225 1568 1371 1605 colonos
1383 1569 1482 1606 dieas

829 1624 894 1676 [uti
913 1624 1064 1662 Diodor.
1086 1625 1195 1662 Sicul.
1223 1624 1295 1671 ΙΙΙ,
1315 1623 1354 1675 3]
1368 1654 1378 1671 ,
1407 1638 1484 1662 non

827 1686 997 1732 poterant
1021 1680 1127 1719 valde
1148 1682 1295 1719 differre
1320 1681 1481 1730 itemque

826 1743 1061 1774 monumenta
1099 1739 1272 1784 advocat,
1330 1737 1480 1788 templa,

826 1793 944 1839 idola,
974 1794 1044 1829 alia
1065 1794 1102 1829 id
1120 1807 1257 1841 genus,
1287 1806 1380 1841 quae
1408 1793 1482 1830 Ae-

829 1849 1007 1898 gyptiacis
1023 1848 1130 1898 plane
1152 1853 1368 1897 congruunt.

886 1903 1008 1954 ἔχεται
1033 1902 1074 1942 δὲ
1101 1907 1172 1954 τῆς
1204 1901 1329 1954 νήσου
1360 1904 1480 1955 λίμνη

829 1956 977 2011 μεγάλη
1002 1976 1036 1998 κ.
1059 1975 1091 1998 τ.
1113 1964 1170 2005 λ.]
1201 1960 1332 1997 Nullus
1353 1960 1482 1998 hodie-

828 2029 899 2064 que
934 2017 1113 2054 invcnitur
1144 2016 1211 2053 illic
1240 2017 1361 2063 lacus,
1410 2017 1480 2053 nisi

827 2073 943 2122 ipsum
968 2072 1090 2109 Nilum
1116 2073 1361 2109 inundationis
1388 2077 1481 2110 tem-

826 2142 916 2178 pore
940 2129 1035 2166 lacus
1053 2130 1175 2177 magni
1195 2129 1351 2179 speciem
1371 2142 1480 2179 prae-

827 2185 913 2222 bere
943 2186 1121 2222 existimes
1155 2198 1271 2233 eoque
1298 2185 1480 2222 Herodoti

827 2242 961 2278 referas
980 2242 1099 2278 verba.
1130 2242 1252 2277 Potuit
1270 2242 1375 2277 etiam
1393 2242 1479 2279 inde

828 2298 873 2334 ab
889 2297 945 2334 illa
957 2302 1074 2335 aetate
1085 2298 1213 2334 mutari
1224 2297 1379 2346 regionis
1392 2311 1480 2334 con-

828 2354 937 2401 ditio,
975 2353 1144 2402 lacusque
1183 2353 1266 2390 olim
1304 2354 1365 2402 qui
1395 2354 1477 2400 fuit,

829 2422 939 2447 arena
975 2410 1167 2460 compleri,
1214 2409 1333 2460 potuit
1371 2411 1478 2446 etiam

828 2466 925 2502 haud
963 2472 1127 2504 accurate
1162 2467 1209 2503 de
1242 2466 1295 2502 his
1328 2466 1477 2503 edoctus

830 2535 909 2560 esse
927 2522 1072 2559 Noster.
1106 2524 1269 2566 Quorum
1291 2523 1379 2570 quid
1402 2527 1477 2558 sta-

827 2580 1001 2616 tuendum
1025 2580 1090 2626 sit,
1124 2578 1234 2615 nolim
1261 2579 1476 2616 discernere.

827 2634 909 2672 vid.
922 2636 1078 2672 Heeren.
1097 2636 1119 2672 l.
1137 2636 1159 2672 l.
1177 2648 1262 2684 pag.
1281 2635 1374 2674 359.
1406 2636 1475 2670 Su-

827 2692 983 2741 spicatur
1002 2692 1205 2729 Maltebrun
1225 2691 1340 2733 (cuius
1359 2691 1474 2727 locum

826 2748 1070 2796 adscripscrat
1095 2748 1182 2794 Cr.‚
1212 2747 1376 2784 Nouvell.
1398 2749 1474 2784 An-

826 2804 897 2840 nal.
929 2804 964 2840 d.
1004 2804 1145 2854 Voyag.
1190 2805 1295 2844 1820
1334 2804 1403 2841 vol.
1440 2803 1474 2841 V

824 2874 861 2910 p.
884 2860 1006 2909 403),
1036 2862 1232 2913 planitiem,
1260 2874 1353 2911 quae
1378 2875 1472 2900 nunc
