1909 3228
569 156 1085 196 EUTERPE.II.
1363 159 1449 200 785

63 268 162 314 129

304 265 427 309 Meto}
458 266 504 310 δὲ
530 270 713 318 τοῦτον,
752 269 1005 323 βασιλεῦσαι
1034 265 1259 322 Αἰγύπτου
1290 271 1440 312 Μυκε-
1452 276 1775 344 7οῗ3ξὲεητᾶιιὶιθεζϋαὲἓ.

1497 345 1620 379 quitatis
1654 353 1677 371 c
1680 345 1773 371 nens:

1496 382 1643 404 mortuam
1683 378 1774 405 tiliam

1499 412 1529 438 in
1565 411 1638 438 bove
1673 412 1775 450 lignea

1499 452 1572 474 cava
1588 445 1717 481 sepeliit.

185 347 310 399 ρῖνον
336 346 504 401 ἔλεγον,
545 346 715 397 Χέοπος
742 348 1012 403 παῖδα·τῷ
1040 345 1092 389 τὰ
1129 346 1208 402 μὲν
1245 350 1327 390 τοῦ
1355 362 1439 390 πα-

182 424 283 479 τρὸς
314 424 416 479 ἔργα
447 423 650 468 ἀπαδεῖν·
695 425 772 468 τὸν
802 424 847 468 δὲ
877 424 930 468 τά
961 441 1004 468 τε
1034 426 1108 480 ἱρὰ
1138 423 1331 478 ἀνοῖξαι,
1370 426 1443 469 καὶ

183 502 262 547 τὸν
301 504 410 546 λεών
446 504 707 559 τετρυμένον
747 504 789 555 ές
817 503 867 547 τὸ
898 504 1077 560 ἔσχατον
1106 507 1247 548 κακοῦ
1275 501 1444 548 α’νεῖναι

185 582 298 638 πρὸς
328 583 431 638 ἔργα
459 599 503 626 τε
533 583 607 626 καὶ
635 584 813 633 θυσίας·
845 584 967 634 δίκας
997 584 1042 626 δέ
1067 595 1147 639 σφι
1166 582 1343 626 πάντων
1363 585 1444 639 βα-

156 661 344 704 Ξσιλέων
384 661 656 712 δικαιοτάτας
691 663 871 717 κρίνειν.
930 661 1040 706 κατὰ
1078 666 1208 706 τοῦτο
1248 662 1328 718 μέν
1363 679 1447 705 νυν

184 741 231 785 τὸ
263 742 414 797 ἔργον,
446 738 653 783 ἁπάντων
684 739 779 783 ὅσοι
809 740 892 798 ἤδη
922 740 1116 797 βασιλέες
1145 740 1344 796 ἐγένοντο
1364 742 1444 784 Αιῖ-
1456 748 1501 783 75

182 821 398 875 γυπτίων,
430 819 626 863 αἰνέουσι
655 818 839 874 μάλιστα
867 824 1048 864 τοῦτον·
1079 819 1132 862 τά
1161 836 1205 863 τε
1235 819 1341 863 ἄλλα
1360 818 1445 875 γάρ

183 916 258 954 μιν
297 900 460 953 κρίνειν
496 893 566 951 εὖ,
625 899 698 941 καὶ
744 898 795 956 δὴ
834 900 907 944 καὶ
945 903 1003 956 τῷ
1034 898 1365 956 ἐπιμεμφομένῳ
1395 899 1444 943 ἐκ
1504 907 1581 947 166

181 981 256 1034 τῆς
290 980 411 1035 δίκης
439 976 546 1033 παρ’
579 977 745 1022 ἑωυτοῦ
781 977 959 1023 διδόντα
990 977 1121 1032 ἄλλα,
1169 976 1444 1034 ἀποπιμπλά-

153 1064 260 1101 3ναι
297 1056 434 1102 αὐτοῦ
470 1057 549 1101 τὸν
586 1057 750 1114 θυμόν.
809 1057 947 1102 Ἐόντι
976 1058 1022 1102 δὲ
1058 1056 1173 1116 ἠπίῳ
1203 1060 1264 1115 τῷ
1292 1061 1445 1102 Μυκε-

184 1139 292 1194 ρίνῳ
322 1137 433 1181 κατὰ
470 1137 575 1190 τούς
604 1138 832 1194 πολιήτας,
873 1138 946 1182 καὶ
975 1141 1113 1181 ταῦτα
1142 1135 1441 1193 ἐπιτηδεύοντι
1454 1146 1498 1179 80

180 1221 358 1271 πρῶτον
403 1222 552 1262 κακῶν
593 1218 718 1274 ἄρξαι
756 1217 835 1274 τὴν
872 1217 1094 1273 θυγατέρα
1125 1215 1444 1261 ἀποθανοῦσαν

123 1403 318 1440 Herodoto
339 1402 420 1452 ipsi,
439 1407 479 1440 ut
499 1404 680 1453 opinatur,
705 1415 778 1439 non

124 1459 211 1496 satis
236 1458 475 1506 intellectam,
506 1460 554 1496 ad
574 1459 664 1495 illud
687 1464 779 1496 tem-

122 1529 215 1567 pus,
271 1527 344 1564 quo
383 1514 606 1552 Phoenicum
649 1520 778 1564 gentes

122 1572 335 1622 pastoritiae
378 1571 569 1621 imperium
620 1571 780 1623 Aegypti

126 1629 329 1674 tenuerint,
357 1628 509 1665 relatam
526 1627 611 1665 vult.

293 1711 605 1762 cap.cxx1x.

182 1796 412 1846 βασιλεῦσαι
442 1790 652 1846 Αἰγύπτου
686 1798 781 1834 Μυ-

123 1851 297 1903 κερῖνον]
320 1851 431 1902 Apud
450 1851 704 1899 DiodorumI,
725 1852 779 1894 64

126 1923 188 1946 rex
225 1910 353 1945 dicitur
387 1910 497 1957 ΗΙεχε
483 1911 632 1958 ερῖνοςς
679 1910 779 1957 quod

124 1967 300 2002 sermonis
320 1965 464 2013 Coptici
486 1978 556 2014 ope
573 1965 704 2013 Zoega
731 1966 779 2002 de

124 2021 229 2058 obell.
256 2035 292 2071 p.
311 2020 393 2060 415
421 2020 575 2071 explieat
605 2021 779 2071 tranquil-

123 2078 205 2114 lum.
265 2078 431 2121 Quocum
469 2079 638 2115 convenit
677 2091 778 2125 sane,

123 2134 223 2183 quod
243 2130 368 2184 ἤπιον
396 2134 551 2171 eundem
577 2147 701 2183 regem
722 2135 778 2170 di-

122 2191 171 2228 cit
191 2190 414 2227 Herodotus.
452 2188 623 2228 Larcher.
644 2191 690 2238 (t.
708 2190 777 2228 Vll

123 2261 159 2297 p.
181 2249 246 2287 91.
270 2246 381 2294 587)
411 2246 538 2294 viginti
566 2259 682 2284 annos
710 2247 776 2283 im-

123 2302 215 2353 perii
245 2302 326 2338 huic
352 2302 430 2350 regi
455 2302 601 2350 tribuit,
638 2303 702 2352 qui
728 2304 774 2340 ad

122 2371 275 2407 regnum
295 2363 437 2395 evectus
456 2371 551 2396 anno
564 2361 642 2400 107
646 2363 673 2401 2
692 2363 778 2397 ante

124 2415 234 2461 Chr.,
265 2414 302 2450 id
324 2414 471 2452 cesserit
499 2415 631 2465 Asychi
667 2417 777 2457 1052

124 2482 158 2508 a.
180 2470 265 2507 Chr.

180 2524 248 2565 καὶ
287 2522 357 2565 τόν
396 2522 497 2565 λεών
541 2526 777 2579 τετρυμένον

124 2597 159 2620 κ.
181 2598 212 2620 τ.
235 2581 284 2632 λ.]
330 2582 389 2618 Ad
417 2582 653 2634 τετρυμένον
683 2586 777 2622 conf.

124 2638 160 2687 I,
184 2642 237 2680 22
257 2639 342 2687 ibiq.
366 2643 441 2675 not.
501 2640 541 2676 In
560 2654 663 2690 seqq.
686 2639 778 2692 ἔργα

123 2696 271 2743 quaevis
308 2708 390 2732 esse
429 2702 586 2745 possunt
634 2700 778 2745 negotia

123 2750 331 2797 domestica,
362 2754 495 2788 rustica
515 2753 645 2803 opinor
665 2755 778 2804 inpri-

122 2807 210 2854 mis,
240 2821 261 2844 a
283 2808 413 2856 quibus
436 2810 575 2846 avocati
595 2814 697 2847 erant
728 2811 776 2847 ad

144 2862 354 2901 Hssflono'r.
387 2865 414 2901 1.

847 1402 1055 1452 1›)Tami‹les
1085 1403 1278 1440 struendas
1306 1405 1372 1440 sub
1399 1404 1499 1454 prio-

847 1471 925 1494 rum
943 1470 1067 1507 regum
1085 1459 1249 1508 imperio.
1290 1460 1372 1496 Hoc
1390 1473 1499 1497 sensu

849 1512 942 1566 ε’ργα
962 1515 1164 1552 imenimus
1186 1514 1200 1551 I
1215 1517 1321 1562 ,36‚
1353 1516 1499 1552 ub1v1d

903 1568 973 1609 καὶ
994 1568 1044 1620 δη
1067 1569 1135 1609 καὶ
1163 1573 1216 1625 τῷ
1236 1570 1501 1622 ἐπιμεμφομέ-

850 1641 908 1680 νῳ
928 1626 970 1666 ἐκ
992 1629 1064 1677 τῆς
1095 1627 1207 1678 δίκης
1236 1623 1325 1680 παρ’
1348 1627 1501 1667 ἑωυτοῦ

850 1668 1014 1723 διδόντα
1040 1681 1162 1733 ἄλλα]
1203 1685 1226 1721 ἰ.
1255 1698 1287 1722 e.
1318 1688 1391 1721 tum
1419 1697 1501 1721 vero

849 1742 976 1785 etiam,
1001 1742 1034 1776 si
1061 1753 1139 1790 ques
1163 1740 1201 1776 ob
1229 1743 1432 1778 sententzam
1454 1741 1500 1779 ab

849 1798 923 1846 ipso
953 1796 1065 1832 latam
1090 1801 1367 1845 conquereretur,
1396 1800 1429 1834 εἰ
1458 1797 1500 1834 (le

850 1865 912 1889 suo
948 1852 1081 1889 dedisse
1108 1852 1203 1900 alia,
1244 1853 1368 1903 quibus
1395 1855 1501 1891 istius

846 1911 939 1946 iram
957 1909 1106 1958 expleret
1124 1922 1150 1945 s.
1175 1911 1365 1958 mitigaret.
1393 1910 1501 1953 Quae

848 1966 978 2003 eadem
1005 1966 1055 2002 sic
1079 1966 1240 2003 reddidit
1264 1966 1449 2003 Diodorus
1470 1966 1501 2014 I,

848 2021 923 2063 64:
954 2043 1009 2048 —
1031 2018 1130 2060 κατά
1161 2019 1202 2060 δὲ
1231 2019 1325 2069 τους
1353 2037 1500 2073 χρημα-

846 2074 1011 2128 τισμούς
1039 2078 1081 2125 (ἰ.
1101 2091 1132 2115 e.
1162 2080 1199 2115 in
1226 2081 1302 2116 iure
1330 2077 1501 2127 dicundo)

847 2130 1074 2173 α’ναλίσκειν
1100 2130 1311 2185 χρημάτων
1327 2137 1498 2185 πλῆθος,

847 2186 1006 2230 διδόντα
1024 2188 1175 2242 δωρεας
1205 2193 1284 2230 τῶν
1313 2189 1500 2230 ἐπιεικων

844 2251 927 2294 τοῖς
947 2246 1172 2286 δοκοῦσιν’
1155 2262 1197 2286 εν
1218 2251 1304 2294 ταῖς
1323 2248 1500 2300 κρίσεσιν

846 2320 899 2354 μη
923 2301 1021 2342 κατα
1042 2298 1192 2354 τρόπον
1228 2281 1498 2343 εἷπαλλαττειν

844 2360 886 2397 In
912 2361 1107 2397 Herodoto
1131 2361 1243 2398 verba
1272 2359 1314 2399 ἐκ
1340 2362 1411 2409 τῆς
1441 2360 1498 2399 δι’-

844 2432 917 2466 κης
934 2430 1013 2453 cum
1023 2416 1266 2465 Wesselingio
1285 2417 1498 2467 explicanda

846 2478 947 2511 sunt:
979 2473 1017 2509 ob
1046 2472 1158 2509 latam
1184 2475 1388 2510 sententiam
1398 2502 1410 2522 ,
1441 2472 1497 2511 vel

846 2530 953 2567 etiam
971 2533 1050 2578 post
1068 2528 1249 2565 iudicium.
1280 2529 1371 2565 lllud
1391 2541 1499 2579 prae·-

844 2587 940 2623 serre
962 2586 1104 2622 videtur
1117 2584 1247 2622 Matth.
1266 2598 1352 2635 pag.
1376 2585 1496 2626 1134.

844 2641 903 2678 De
922 2641 1104 2678 locutione
1126 2656 1155 2680 π
1171 2657 1195 2680 α
1209 2636 1250 2692 ρ’
1281 2639 1433 2680 ἑωυτοῦ
1456 2641 1498 2678 de

845 2710 907 2733 suo
936 2698 958 2734 i.
977 2711 1008 2734 e.
1034 2697 1074 2733 de
1098 2699 1169 2734 suis
1189 2700 1350 2747 pecuniis
1372 2699 1498 2735 confer

844 2753 975 2790 Matth.
1001 2753 1066 2790 Gr.
1087 2754 1152 2790 Gr.
1175 2767 1211 2804 p.
1236 2756 1354 2796 1172.
1384 2753 1498 2791 Lam-

844 2810 935 2848 bert.
957 2810 1044 2847 Bos.
1066 2809 1181 2861 ellips.
1211 2810 1234 2846 l.
1254 2810 1318 2847 Gr.
1348 2823 1384 2861 p.
1401 2809 1494 2852 582.
