1909 3228
0 776 9 828 J

567 239 1093 279 EUTERPE.n.
1375 240 1461 280 619

178 353 385 404 4ῗδρυται
425 349 470 393 δὲ
506 348 533 406 ἡ
572 349 698 401 πόλις
737 349 846 406 αὕτη
884 352 959 405 τῆς
997 347 1225 404 Αἰγύπτου
1261 347 1309 391 ἐν
1347 348 1462 408 μέσῳ

175 434 269 488 5τῷ
299 430 454 473 Δέλτα.
502 428 607 481 Ἴσις
637 430 681 472 δέ
712 429 798 472 ἐστι
827 428 936 472 κατοὶ
969 428 1048 485 τήν
1080 427 1295 484 Ἑλλήνων
1322 432 1462 484 γλῶσ-

207 523 289 554 σαν
322 508 545 566 Δημήτηρ.
584 511 706 562 τρίτα
737 507 778 552 δ’
811 509 852 560 ἐς
882 508 996 551 Σάϊν
1025 507 1154 550 πόλιν
1182 511 1234 563 τῇ
1260 505 1463 564 Ἀθηναίῃ
1476 514 1520 549 95

205 593 566 645 πανηγυρίζουσι·
586 589 762 641 τέταρτα
783 588 846 638 δὲ,
871 587 912 637 ἐς
935 586 1217 630 ἹΙλιούπολιν
1234 591 1292 644 τῷ
1311 586 1462 643 ‘HMcp‘

204 671 371 726 πέμπτα
403 668 470 720 δὲ,
515 668 558 719 ἐς
587 670 788 711 Βουτοῦν
822 665 950 710 πόλιν
988 671 1038 724 τῇ
1074 672 1228 722 Λητοῖ·
1276 666 1376 709 ἔκτα
1407 666 1464 715 δὲ,

82 746 149 792 60
206 748 248 800 ἐς
291 749 523 804 Πάπρημιν
562 746 691 791 πόλιν
730 750 791 803 τῷ
819 745 952 801 ’Ἀρεὶζ
1010 745 1076 797 Ἐς
1113 747 1192 801 μέν
1229 763 1314 789 νυν
1345 744 1462 789 Βού-

148 928 267 960 entem
289 923 449 961 societat.
472 926 498 959 t.
516 922 549 958 ΙΙ
569 935 653 972 pag.
684 924 803 963 118.“

155 978 432 1028 lVesselz'ng.
489 979 622 1015 Verum
643 979 709 1015 hae
731 980 804 1015 rui-

146 1048 217 1073 nae
239 1064 250 1083 ,
300 1036 425 1085 utique
475 1035 801 1085 splendidisaimaQ

147 1104 242 1142 quae
262 1093 405 1129 minime
424 1093 595 1140 fugerunt
614 1093 801 1129 doctorum

148 1149 336 1187 Gallorum
374 1149 611 1194 industriam,
649 1161 723 1184 non
753 1150 799 1185 ad

146 1204 297 1243 Busirin¹
327 1206 509 1255 pertinere
550 1219 645 1242 nuuc
677 1206 801 1241 dicun-

147 1266 224 1307 tur,
265 1262 331 1299 sed
362 1262 408 1297 ad
438 1260 547 1297 Isidis
580 1261 741 1311 oppidum
771 1276 799 1299 s.

148 1317 285 1365 Iseiun,
315 1319 415 1366 quod
447 1317 554 1367 paulo
584 1318 730 1355 inferius
753 1319 801 1354 ad

149 1376 301 1412 eandem
330 1374 523 1410 Phatnitiei
562 1375 644 1410 ostii
684 1374 800 1422 ripam

150 1432 256 1467 situm
274 1430 384 1467 fuisse
403 1431 535 1475 fertur,
556 1443 651 1466 nunc
673 1430 799 1478 cogni-

145 1491 221 1524 tum
239 1487 384 1523 nomine
403 1485 556 1522 Balebez't
579 1500 606 1522 s.
627 1485 800 1532 Balebazr,

148 1543 311 1592 Copticis
332 1543 368 1578 in
388 1542 487 1578 libris
507 1542 674 1592 scriptum
688 1540 802 1579 Naesz'

149 1613 177 1637 s.
197 1597 328 1646 Naisi,
362 1599 462 1647 quod
483 1599 622 1648 ipsum,
655 1612 799 1636 sensum

148 1657 178 1694 si
220 1660 361 1706 spectes
381 1683 392 1702 ,
434 1656 570 1705 optime
607 1656 798 1693 convenire

147 1726 226 1750 cum
253 1713 397 1749 Graeca
423 1716 459 1749 et
484 1711 617 1748 Latina
637 1712 799 1762 appella-

146 1770 246 1806 tione
283 1768 472 1804 contendit
499 1768 702 1817 Champoli.
734 1769 756 1805 l.
777 1769 800 1805 l.

147 1837 232 1875 pag.
257 1827 335 1865 193
364 1836 441 1872 seq.
484 1825 562 1865 195
588 1837 690 1873 seqq.
722 1824 800 1861 coll.

149 1881 422 1917 Schlichthorst.
451 1879 473 1916 l.
494 1879 516 1916 l.
542 1892 627 1929 pag.
648 1883 702 1920 70
724 1893 800 1929 seq.

148 1936 301 1974 Rennel.
324 1935 345 1972 l.
366 1936 388 1972 l.
418 1949 454 1985 p.
476 1937 558 1977 593
577 1950 652 1984 seq.
674 1941 748 1972 not.
767 1949 798 1972 a.

150 1992 260 2030 Isidis
282 1997 401 2029 autem
421 1992 583 2041 oppidum
603 1992 801 2042 Champol-

148 2049 234 2087 lioni
262 2050 388 2086 eadem
418 2049 559 2086 videtur
587 2050 673 2085 urbs
706 2049 756 2095 (l.
778 2048 800 2085 l.

148 2106 182 2142 11
210 2118 295 2155 pag.
315 2106 440 2151 200),
480 2118 575 2153 quae
607 2106 799 2143 Herodoto

148 2167 296 2199 vocatur
318 2163 448 2211 Anysis
479 2162 534 2207 H,
575 2164 665 2202 137.
724 2162 801 2198 Sed

150 2219 195 2255 ab
226 2218 365 2255 illorum
400 2219 555 2254 virorum
588 2219 802 2255 auctoritate

150 2275 286 2312 recedit
309 2275 491 2312 Mannert.
515 2275 652 2323 Geogr.
676 2276 711 2311 d.
734 2275 800 2311 Gr.

149 2343 184 2367 u.
216 2330 321 2367 Rom.
349 2330 405 2378 X,
439 2335 460 2371 1
500 2344 586 2381 pag.
619 2331 700 2372 574
723 2343 799 2379 seq.

151 2386 249 2423 Nam
295 2386 443 2423 Busirin
477 2388 727 2425 Herodoteam
764 2391 801 2424 et

150 2441 256 2478 Isidis
283 2444 457 2492 oppidum
477 2457 550 2480 una
578 2458 658 2481 cum
681 2444 803 2494 splen-

154 2498 247 2534 didis
267 2499 336 2535 illis
354 2500 541 2536 ruderibus
565 2514 631 2550 pro
652 2513 723 2536 una
742 2513 804 2537 ea-

154 2554 310 2602 demque
340 2555 449 2592 habet
475 2557 583 2603 urbe,
614 2570 708 2605 quae
729 2557 804 2592 Bu-

154 2610 232 2646 siris
252 2615 354 2647 vetus
375 2611 422 2647 sit
451 2612 615 2649 dicenda.
673 2612 725 2649 Ac
746 2626 805 2649 re-

154 2666 380 2703 centissimus
440 2667 567 2704 harum
612 2669 801 2717 regionum

152 2723 427 2773 peregrinator,
448 2723 636 2771 Minutoli,
666 2729 702 2762 et
722 2725 801 2775 ipse

151 2779 273 2815 ruinas
291 2793 408 2829 prope
430 2779 587 2817 Bahbait
608 2781 656 2817 ad
675 2782 800 2818 urbem

150 2834 298 2871 Busirin
321 2837 455 2873 referre
471 2837 626 2883 mavult,
643 2837 801 2887 indeque

153 2892 355 2942 suspicatur
381 2890 497 2931 Iseion
523 2906 553 2931 s.
573 2892 683 2932 Isidis
702 2896 800 2946 oppi-

871 922 952 960 dum
974 923 1127 960 fortasse
1142 921 1266 972 templi
1285 920 1397 971 ipsius
1411 919 1522 958 fuisse

870 980 1172 1029 appellationem;
1200 979 1271 1015 vid.
1307 978 1418 1015 Reise
1438 990 1522 1014 zum

871 1036 1026 1086 Tempel
1046 1040 1113 1073 etc.
1133 1048 1218 1085 pag.
1242 1036 1337 1075 301.

916 1089 1011 1138 ’Ίσις
1043 1092 1084 1131 δέ
1110 1091 1189 1131 ἐστι,
1215 1111 1271 1119 -·
1301 1085 1520 1141 Δημήτηρ]

870 1148 941 1185 Pro
967 1146 1066 1194 Ἵσις
1097 1148 1261 1185 Siebelis.
1286 1148 1334 1184 ad
1365 1147 1522 1184 Pausan.

868 1205 916 1251 X,
938 1209 992 1247 32
1023 1205 1058 1256 ξ.
1087 1208 1112 1246 9
1143 1205 1372 1242 scribendum
1400 1206 1525 1240 censet

860 1255 963 1308 Ἶσις.
1023 1262 1131 1298 conf.
1159 1261 1300 1298 Herod.
1330 1261 1388 1308 Π,
1430 1260 1521 1301 156.

868 1318 927 1355 Ad
966 1318 1033 1355 loci
1072 1323 1324 1366 argumentum
1373 1316 1524 1364 faciunt,

869 1388 964 1423 quae
992 1376 1040 1411 ad
1069 1374 1126 1420 ll,
1147 1377 1199 1415 50
1228 1374 1273 1410 de
1294 1373 1349 1409 his
1371 1373 1523 1409 deorum

868 1430 1176 1480 appellationibus
1198 1430 1409 1466 monuimus.
1448 1428 1522 1466 Ae-

868 1487 1004 1536 gyptiis
1026 1488 1121 1524 enim
1150 1499 1228 1522 cum
1257 1485 1325 1521 Isis
1358 1488 1458 1522 esset
1485 1488 1523 1522 et

867 1547 964 1580 terra
981 1547 1017 1580 et
1033 1543 1125 1579 alma
1138 1543 1296 1579 omnium
1307 1555 1426 1578 rerum
1445 1553 1523 1577 ma-

866 1603 922 1636 ter
942 1613 985 1636 ac
1016 1599 1171 1648 genitrix
1210 1599 1330 1646 (conf.
1363 1602 1453 1634 nott.
1473 1597 1522 1634 ad

866 1656 899 1693 II
913 1684 923 1703 ,
936 1656 1021 1705 41),
1038 1668 1116 1693 cum
1138 1656 1272 1692 Cerere
1291 1655 1415 1704 utique
1434 1666 1523 1691 con-

866 1714 984 1760 venit,
1016 1725 1110 1762 quae
1133 1713 1284 1749 Graecis
1304 1716 1341 1749 et
1362 1712 1443 1762 ipsa
1461 1723 1523 1748 co-

866 1769 1010 1806 lebatur
1031 1774 1131 1805 terra
1151 1770 1381 1817 omniumque
1402 1780 1522 1804 rerum

867 1826 1095 1862 terrestrium
1133 1830 1251 1861 mater
1287 1837 1329 1860 ac
1376 1836 1523 1873 parens,

868 1882 967 1918 unde
1008 1882 1127 1930 ipsum
1166 1881 1360 1917 deductum
1390 1892 1526 1916 nomen

868 1934 1086 1987 Δημήτηρ,
1118 1949 1140 1972 a
1164 1936 1346 1973 veteribus
1376 1936 1447 1972 iam
1468 1948 1528 1973 re-

869 1998 925 2030 cte
968 1995 1017 2029 ita
1051 1993 1286 2041 explicatum,
1329 1996 1372 2028 ut
1411 1995 1526 2029 terrae

868 2053 1011 2086 matrem
1042 2049 1229 2086 indicaret.
1296 2047 1377 2085 Nec
1405 2049 1524 2085 minus

868 2106 957 2142 Isidi
993 2106 1152 2142 scribunt
1178 2118 1382 2153 cognomen
1411 2105 1525 2142 fuisse

871 2161 1020 2208 Moutlt,
1051 2162 1153 2211 quod
1186 2166 1328 2198 matrem
1356 2161 1522 2209 (mundi)

870 2223 1066 2268 exponunt.
1117 2218 1201 2254 Yid.
1223 2219 1394 2256 Creuzer.
1414 2218 1524 2267 Sym-

870 2276 938 2312 bol.
972 2275 1019 2311 lV
1049 2288 1084 2325 p.
1112 2276 1194 2315 303
1224 2288 1300 2323 seq.
1336 2278 1411 2310 not.
1424 2276 1520 2314 492.

869 2332 901 2368 ΙΙ
922 2344 1006 2381 pag.
1023 2335 1047 2371 7
1077 2344 1167 2380 seq.‚
1199 2332 1259 2380 qui
1283 2331 1338 2367 hic
1360 2330 1523 2380 inprimis

870 2388 1023 2425 conferri
1048 2387 1123 2423 vult
1151 2387 1318 2437 Apollod.
1351 2387 1407 2432 ll,
1431 2390 1475 2433 1,
1496 2387 1523 2427 3

871 2446 931 2481 fin.
951 2445 1034 2492 ibiq.
1055 2444 1173 2493 Heyn.
1188 2445 1365 2480 Observv.
1378 2457 1413 2492 p.
1430 2445 1521 2483 104.

871 2501 1060 2537 Sufficiant
1081 2500 1169 2537 haec
1189 2501 1237 2536 ad
1247 2499 1427 2537 Herodoti
1439 2512 1523 2536 sen-

871 2558 1020 2595 tentiam
1040 2557 1224 2593 tuendam.

928 2614 1036 2662 τρίτα
1069 2608 1109 2651 δ’
1144 2612 1183 2659 ἐς
1213 2608 1317 2650 Σάϊν
1339 2627 1374 2651 κ.
1402 2626 1434 2650 τ.
1472 2609 1522 2661 λ.]

871 2670 980 2707 Plura
1011 2670 1056 2706 de
1085 2669 1138 2706 his
1176 2669 1248 2706 vid.
1278 2668 1331 2715 ΙΙ,
1377 2671 1443 2710 62.
1469 2670 1523 2710 63

869 2727 957 2776 ibiq.
983 2729 1077 2763 nott.

1081 2809 1190 2861 cap.
1220 2808 1302 2847 Lx.

926 2892 965 2942 ἐς
985 2891 1058 2946 μέν
1069 2909 1146 2935 νυν
1157 2889 1384 2946 Βούβαστιν
1401 2887 1523 2934 πόλιν

1520 738 1636 765 Dianae
1655 738 1764 765 festum

1518 772 1743 801 Bubastitiuum.
