<?xml version="1.0" encoding="UTF-8"?>
<!DOCTYPE html PUBLIC "-//W3C//DTD XHTML 1.0 Transitional//EN"
    "http://www.w3.org/TR/xhtml1/DTD/xhtml1-transitional.dtd">
<html xmlns="http://www.w3.org/1999/xhtml" xml:lang="en" lang="en">
 <head>
  <title>
</title>
<meta http-equiv="Content-Type" content="text/html;charset=utf-8" />
  <meta name='ocr-system' content='tesseract 3.04.00' />
  <meta name='ocr-capabilities' content='ocr_page ocr_carea ocr_par ocr_line ocrx_word'/>
</head>
<body>
  <div class='ocr_page' id='page_1' title='image "./musaeherodoto01hero/musaeherodoto01hero_0223.png"; bbox 0 0 1877 3223; ppageno 0'>
   <div class='ocr_carea' id='block_1_1' title="bbox 21 652 87 698">
    <p class='ocr_par' dir='ltr' id='par_1_1' title="bbox 21 652 87 698">
     <span class='ocr_line' id='line_1_1' title="bbox 21 652 87 698; baseline -0.015 0"><span class='ocrx_word' id='word_1_1' title='bbox 21 652 87 698; x_wconf 79' lang='lat'>83</span> 
     </span>
    </p>
   </div>
   <div class='ocr_carea' id='block_1_2' title="bbox 614 214 1390 256">
    <p class='ocr_par' dir='ltr' id='par_1_2' title="bbox 614 214 1390 256">
     <span class='ocr_line' id='line_1_2' title="bbox 614 214 1390 256; baseline 0.005 -4"><span class='ocrx_word' id='word_1_2' title='bbox 614 214 825 254; x_wconf 90' lang='lat' dir='ltr'>CLIO.</span> <span class='ocrx_word' id='word_1_3' title='bbox 886 216 913 253; x_wconf 89' lang='grc' dir='ltr'>Ι.</span> <span class='ocrx_word' id='word_1_4' title='bbox 1308 217 1390 256; x_wconf 77' lang='lat'>209</span> 
     </span>
    </p>
   </div>
   <div class='ocr_carea' id='block_1_3' title="bbox 144 324 1388 380">
    <p class='ocr_par' dir='ltr' id='par_1_3' title="bbox 144 324 1388 380">
     <span class='ocr_line' id='line_1_3' title="bbox 144 324 1388 380; baseline -0.002 -11"><span class='ocrx_word' id='word_1_5' title='bbox 144 326 220 369; x_wconf 80' lang='grc' dir='ltr'><em>τόν</em></span> <span class='ocrx_word' id='word_1_6' title='bbox 250 324 294 368; x_wconf 79' lang='grc' dir='ltr'>δὲ</span> <span class='ocrx_word' id='word_1_7' title='bbox 324 324 401 368; x_wconf 78' lang='grc' dir='ltr'><em>ἕνα</em></span> <span class='ocrx_word' id='word_1_8' title='bbox 429 325 602 379; x_wconf 79' lang='grc' dir='ltr'><em>λέγουσι</em></span> <span class='ocrx_word' id='word_1_9' title='bbox 639 324 715 369; x_wconf 80' lang='grc' dir='ltr'><em>τόν</em></span> <span class='ocrx_word' id='word_1_10' title='bbox 742 324 1071 380; x_wconf 73' lang='grc' dir='ltr'><em>περιλειφθέντα</em></span> <span class='ocrx_word' id='word_1_11' title='bbox 1100 327 1186 366; x_wconf 79' lang='grc' dir='ltr'><em>τῶν</em></span> <span class='ocrx_word' id='word_1_12' title='bbox 1215 339 1388 378; x_wconf 88' lang='grc' dir='ltr'><em>τριηκο-</em></span> 
     </span>
    </p>
   </div>
   <div class='ocr_carea' id='block_1_4' title="bbox 145 401 1389 461">
    <p class='ocr_par' dir='ltr' id='par_1_4' title="bbox 145 401 1389 461">
     <span class='ocr_line' id='line_1_4' title="bbox 145 401 1389 461; baseline -0.002 -13"><span class='ocrx_word' id='word_1_13' title='bbox 145 406 275 456; x_wconf 84' lang='grc' dir='ltr'><em>σίων,</em></span> <span class='ocrx_word' id='word_1_14' title='bbox 330 404 597 461; x_wconf 78' lang='grc' dir='ltr'><em>Ὀθρυάδην,</em></span> <span class='ocrx_word' id='word_1_15' title='bbox 662 404 975 460; x_wconf 83' lang='grc' dir='ltr'><em>αἰσχυνόμενον</em></span> <span class='ocrx_word' id='word_1_16' title='bbox 1022 401 1299 446; x_wconf 75' lang='grc' dir='ltr'><em>ἀπονοστέειν</em></span> <span class='ocrx_word' id='word_1_17' title='bbox 1346 403 1389 453; x_wconf 81' lang='grc' dir='ltr'>ἐς</span> 
     </span>
    </p>
   </div>
   <div class='ocr_carea' id='block_1_5' title="bbox 145 479 1448 541">
    <p class='ocr_par' dir='ltr' id='par_1_5' title="bbox 145 479 1448 541">
     <span class='ocr_line' id='line_1_5' title="bbox 145 479 1448 541; baseline -0.002 -15"><span class='ocrx_word' id='word_1_18' title='bbox 145 482 378 541; x_wconf 77' lang='grc' dir='ltr'><em>Σπάρτην,</em></span> <span class='ocrx_word' id='word_1_19' title='bbox 423 488 510 528; x_wconf 79' lang='grc' dir='ltr'><em>τῶν</em></span> <span class='ocrx_word' id='word_1_20' title='bbox 540 487 582 528; x_wconf 85' lang='grc' dir='ltr'><em>οἱ</em></span> <span class='ocrx_word' id='word_1_21' title='bbox 611 483 890 540; x_wconf 81' lang='grc' dir='ltr'><em>συλλοχιτέων</em></span> <span class='ocrx_word' id='word_1_22' title='bbox 917 483 1270 537; x_wconf 68' lang='grc' dir='ltr'><em>διεφθαρμένων,</em></span> <span class='ocrx_word' id='word_1_23' title='bbox 1310 479 1388 524; x_wconf 81' lang='grc' dir='ltr'><em>αὐ·</em></span> <span class='ocrx_word' id='word_1_24' title='bbox 1406 488 1448 522; x_wconf 83' lang='lat'>10</span> 
     </span>
    </p>
   </div>
   <div class='ocr_carea' id='block_1_6' title="bbox 143 559 1390 621">
    <p class='ocr_par' dir='ltr' id='par_1_6' title="bbox 143 559 1390 621">
     <span class='ocr_line' id='line_1_6' title="bbox 143 559 1390 621; baseline -0.002 -16"><span class='ocrx_word' id='word_1_25' title='bbox 143 567 224 605; x_wconf 88' lang='grc' dir='ltr'>τοῦ</span> <span class='ocrx_word' id='word_1_26' title='bbox 259 579 334 618; x_wconf 87' lang='grc' dir='ltr'>μιν</span> <span class='ocrx_word' id='word_1_27' title='bbox 372 564 418 606; x_wconf 81' lang='grc' dir='ltr'>ἐν</span> <span class='ocrx_word' id='word_1_28' title='bbox 456 568 552 621; x_wconf 77' lang='grc' dir='ltr'><em>τῇσι</em></span> <span class='ocrx_word' id='word_1_29' title='bbox 593 563 780 620; x_wconf 80' lang='grc' dir='ltr'><em>Θυρέῃσι</em></span> <span class='ocrx_word' id='word_1_30' title='bbox 827 559 1177 618; x_wconf 63' lang='grc' dir='ltr'><em>καταχρήσασθαι</em></span> <span class='ocrx_word' id='word_1_31' title='bbox 1214 560 1390 604; x_wconf 74' lang='grc' dir='ltr'><em>ἑωυτόν.</em></span> 
     </span>
    </p>
   </div>
   <div class='ocr_carea' id='block_1_7' title="bbox 151 639 1700 699">
    <p class='ocr_par' dir='ltr' id='par_1_7' title="bbox 151 639 1700 699">
     <span class='ocr_line' id='line_1_7' title="bbox 151 639 1700 699; baseline -0.002 -15"><span class='ocrx_word' id='word_1_32' title='bbox 151 641 372 685; x_wconf 89' lang='grc' dir='ltr'><em>Τοιούτων</em></span> <span class='ocrx_word' id='word_1_33' title='bbox 409 642 454 685; x_wconf 81' lang='grc' dir='ltr'>δὲ</span> <span class='ocrx_word' id='word_1_34' title='bbox 490 647 601 685; x_wconf 87' lang='grc' dir='ltr'><em>τοῖσι</em></span> <span class='ocrx_word' id='word_1_35' title='bbox 635 642 932 699; x_wconf 83' lang='grc' dir='ltr'><em>Σπαρτιήτῃσι</em></span> <span class='ocrx_word' id='word_1_36' title='bbox 977 639 1239 684; x_wconf 78' lang='grc' dir='ltr'><em>ἐνεστεώτων</em></span> <span class='ocrx_word' id='word_1_37' title='bbox 1276 655 1390 696; x_wconf 87' lang='grc' dir='ltr'><em>πρη-</em></span> <span class='ocrx_word' id='word_1_38' title='bbox 1447 641 1603 690; x_wconf 50' lang='lat' dir='ltr'>Spartanis</span> <span class='ocrx_word' id='word_1_39' title='bbox 1620 641 1700 668; x_wconf 55' lang='grc' dir='ltr'>ΝΜ</span> 
     </span>
    </p>
   </div>
   <div class='ocr_carea' id='block_1_8' title="bbox 1446 675 1715 744">
    <p class='ocr_par' dir='ltr' id='par_1_8' title="bbox 1446 675 1715 736">
     <span class='ocr_line' id='line_1_8' title="bbox 1446 675 1713 710; baseline -0.004 -8"><span class='ocrx_word' id='word_1_40' title='bbox 1446 685 1488 702; x_wconf 80' lang='grc' dir='ltr'>τι.</span> <span class='ocrx_word' id='word_1_41' title='bbox 1514 683 1598 710; x_wconf 74' lang='lat' dir='ltr'>opem</span> <span class='ocrx_word' id='word_1_42' title='bbox 1623 675 1713 702; x_wconf 76' lang='lat' dir='ltr'>latum</span> 
     </span>
     <span class='ocr_line' id='line_1_9' title="bbox 1446 710 1715 744; baseline -0.004 -9"><span class='ocrx_word' id='word_1_43' title='bbox 1446 710 1468 735; x_wconf 79' lang='lat'>(¹</span> <span class='ocrx_word' id='word_1_44' title='bbox 1474 717 1539 735; x_wconf 70' lang='lat' dir='ltr'>roes</span> <span class='ocrx_word' id='word_1_45' title='bbox 1542 717 1579 744; x_wconf 85' lang='lat' dir='ltr'>o,</span> <span class='ocrx_word' id='word_1_46' title='bbox 1596 710 1688 735; x_wconf 59' lang='lat' dir='ltr'>nuntia</span> <span class='ocrx_word' id='word_1_47' title='bbox 1684 718 1715 734; x_wconf 64' lang='lat' dir='ltr'>us</span> 
     </span>
    </p>
   </div>
   <div class='ocr_carea' id='block_1_9' title="bbox 143 715 1714 777">
    <p class='ocr_par' dir='ltr' id='par_1_9' title="bbox 143 715 1714 777">
     <span class='ocr_line' id='line_1_10' title="bbox 143 715 1714 777; baseline 0 -14"><span class='ocrx_word' id='word_1_48' title='bbox 143 719 337 775; x_wconf 73' lang='grc' dir='ltr'><em>γμάτων.</em></span> <span class='ocrx_word' id='word_1_49' title='bbox 370 715 443 776; x_wconf 80' lang='grc' dir='ltr'><em>ἧκε</em></span> <span class='ocrx_word' id='word_1_50' title='bbox 473 721 496 764; x_wconf 89' lang='grc' dir='ltr'>ὁ</span> <span class='ocrx_word' id='word_1_51' title='bbox 522 720 769 777; x_wconf 78' lang='grc' dir='ltr'><em>Σαρδιηνὸς</em></span> <span class='ocrx_word' id='word_1_52' title='bbox 799 720 951 777; x_wconf 67' lang='grc' dir='ltr'><em>κῆρυξ,</em></span> <span class='ocrx_word' id='word_1_53' title='bbox 982 718 1183 776; x_wconf 84' lang='grc' dir='ltr'><em>δεόμενος</em></span> <span class='ocrx_word' id='word_1_54' title='bbox 1213 720 1388 776; x_wconf 82' lang='grc' dir='ltr'><em>Κροίσῳ</em></span> <span class='ocrx_word' id='word_1_55' title='bbox 1445 743 1546 775; x_wconf 56' lang='lat' dir='ltr'>vemt</span> <span class='ocrx_word' id='word_1_56' title='bbox 1573 749 1640 770; x_wconf 84' lang='lat' dir='ltr'>eum</span> <span class='ocrx_word' id='word_1_57' title='bbox 1656 751 1714 768; x_wconf 58' lang='lat' dir='ltr'>la„</span> 
     </span>
    </p>
   </div>
   <div class='ocr_carea' id='block_1_10' title="bbox 143 799 729 855">
    <p class='ocr_par' dir='ltr' id='par_1_10' title="bbox 143 799 729 855">
     <span class='ocr_line' id='line_1_11' title="bbox 143 799 729 855; baseline -0.002 -14"><span class='ocrx_word' id='word_1_58' title='bbox 143 799 343 855; x_wconf 78' lang='grc' dir='ltr'><em>βοηθέειν</em></span> <span class='ocrx_word' id='word_1_59' title='bbox 370 800 729 855; x_wconf 78' lang='grc' dir='ltr'><em>πολιορκεομένῳ.</em></span> 
     </span>
    </p>
   </div>
   <div class='ocr_carea' id='block_1_11' title="bbox 1444 763 1713 810">
    <p class='ocr_par' dir='ltr' id='par_1_11' title="bbox 1444 763 1713 810">
     <span class='ocr_line' id='line_1_12' title="bbox 1444 763 1713 810; baseline 0 -8"><span class='ocrx_word' id='word_1_60' title='bbox 1444 763 1561 810; x_wconf 63' lang='lat' dir='ltr'>captuin</span> <span class='ocrx_word' id='word_1_61' title='bbox 1571 783 1655 802; x_wconf 81' lang='lat' dir='ltr'>esse:</span> <span class='ocrx_word' id='word_1_62' title='bbox 1665 784 1691 802; x_wconf 75' lang='lat' dir='ltr'>a</span> <span class='ocrx_word' id='word_1_63' title='bbox 1686 785 1713 802; x_wconf 90' lang='grc' dir='ltr'>ι</span> 
     </span>
    </p>
   </div>
   <div class='ocr_carea' id='block_1_12' title="bbox 779 797 1715 854">
    <p class='ocr_par' dir='ltr' id='par_1_12' title="bbox 779 797 1715 854">
     <span class='ocr_line' id='line_1_13' title="bbox 779 797 1715 854; baseline -0.006 -12"><span class='ocrx_word' id='word_1_64' title='bbox 779 816 819 842; x_wconf 95' lang='grc' dir='ltr'>οι</span> <span class='ocrx_word' id='word_1_65' title='bbox 848 799 892 842; x_wconf 76' lang='grc' dir='ltr'>δὲ</span> <span class='ocrx_word' id='word_1_66' title='bbox 922 799 1056 854; x_wconf 78' lang='grc' dir='ltr'><em>ὅμως,</em></span> <span class='ocrx_word' id='word_1_67' title='bbox 1097 798 1188 841; x_wconf 80' lang='grc' dir='ltr'><em>ἐπεί</em></span> <span class='ocrx_word' id='word_1_68' title='bbox 1215 813 1258 840; x_wconf 83' lang='grc' dir='ltr'>τε</span> <span class='ocrx_word' id='word_1_69' title='bbox 1288 797 1389 840; x_wconf 80' lang='grc' dir='ltr'><em>ἐπύ-</em></span> <span class='ocrx_word' id='word_1_70' title='bbox 1444 817 1482 835; x_wconf 82' lang='lat' dir='ltr'>no</span> <span class='ocrx_word' id='word_1_71' title='bbox 1525 808 1630 836; x_wconf 67' lang='lat' dir='ltr'>mdem</span> <span class='ocrx_word' id='word_1_72' title='bbox 1666 811 1715 836; x_wconf 68' lang='grc' dir='ltr'><em>ειιι.</em></span> 
     </span>
    </p>
   </div>
   <div class='ocr_carea' id='block_1_13' title="bbox 1443 845 1584 872">
    <p class='ocr_par' dir='ltr' id='par_1_13' title="bbox 1443 845 1584 872">
     <span class='ocr_line' id='line_1_14' title="bbox 1443 845 1584 872; baseline -0.008 -1"><span class='ocrx_word' id='word_1_73' title='bbox 1443 845 1584 872; x_wconf 78' lang='lat' dir='ltr'>extremo.</span> 
     </span>
    </p>
   </div>
   <div class='ocr_carea' id='block_1_14' title="bbox 115 874 1392 936">
    <p class='ocr_par' dir='ltr' id='par_1_14' title="bbox 115 874 1392 936">
     <span class='ocr_line' id='line_1_15' title="bbox 115 874 1392 936; baseline 0.001 -17"><span class='ocrx_word' id='word_1_74' title='bbox 115 882 280 920; x_wconf 67' lang='lat' dir='ltr'>wovvo</span> <span class='ocrx_word' id='word_1_75' title='bbox 310 882 390 922; x_wconf 86' lang='grc' dir='ltr'>τοῦ</span> <span class='ocrx_word' id='word_1_76' title='bbox 415 877 628 936; x_wconf 75' lang='grc' dir='ltr'><em>κήρυκος,</em></span> <span class='ocrx_word' id='word_1_77' title='bbox 659 877 842 936; x_wconf 82' lang='grc' dir='ltr'><em>ὁρμέατο</em></span> <span class='ocrx_word' id='word_1_78' title='bbox 871 878 1084 934; x_wconf 77' lang='grc' dir='ltr'><em>βοηθέειν.</em></span> <span class='ocrx_word' id='word_1_79' title='bbox 1111 879 1184 921; x_wconf 81' lang='grc' dir='ltr'><em>καί</em></span> <span class='ocrx_word' id='word_1_80' title='bbox 1213 887 1291 932; x_wconf 72' lang='grc' dir='ltr'>σφι</span> <span class='ocrx_word' id='word_1_81' title='bbox 1309 874 1392 933; x_wconf 80' lang='grc' dir='ltr'><em>ἤδη</em></span> 
     </span>
    </p>
   </div>
   <div class='ocr_carea' id='block_1_15' title="bbox 85 1061 737 2949">
    <p class='ocr_par' dir='ltr' id='par_1_15' title="bbox 85 1061 734 1338">
     <span class='ocr_line' id='line_1_16' title="bbox 85 1061 732 1102; baseline 0.006 -4"><span class='ocrx_word' id='word_1_82' title='bbox 85 1061 304 1100; x_wconf 86' lang='lat' dir='ltr'>Boissonad.</span> <span class='ocrx_word' id='word_1_83' title='bbox 369 1063 508 1101; x_wconf 80' lang='lat' dir='ltr'>Contra</span> <span class='ocrx_word' id='word_1_84' title='bbox 537 1066 582 1102; x_wconf 89' lang='lat' dir='ltr'>de</span> <span class='ocrx_word' id='word_1_85' title='bbox 611 1064 732 1102; x_wconf 76' lang='lat' dir='ltr'>Laeo-</span> 
     </span>
     <span class='ocr_line' id='line_1_17' title="bbox 87 1118 734 1169; baseline 0.008 -15"><span class='ocrx_word' id='word_1_86' title='bbox 87 1119 167 1154; x_wconf 84' lang='lat' dir='ltr'>nica</span> <span class='ocrx_word' id='word_1_87' title='bbox 184 1118 283 1167; x_wconf 83' lang='lat' dir='ltr'>lege,</span> <span class='ocrx_word' id='word_1_88' title='bbox 314 1132 407 1168; x_wconf 82' lang='lat' dir='ltr'>quae</span> <span class='ocrx_word' id='word_1_89' title='bbox 423 1125 620 1169; x_wconf 69' lang='lat' dir='ltr'>mystacem</span> <span class='ocrx_word' id='word_1_90' title='bbox 638 1121 734 1159; x_wconf 86' lang='lat' dir='ltr'>alere</span> 
     </span>
     <span class='ocr_line' id='line_1_18' title="bbox 88 1176 730 1222; baseline 0.006 -12"><span class='ocrx_word' id='word_1_91' title='bbox 88 1176 252 1222; x_wconf 80' lang='lat' dir='ltr'>vetabat,</span> <span class='ocrx_word' id='word_1_92' title='bbox 294 1177 471 1214; x_wconf 84' lang='lat' dir='ltr'>Plutarch.</span> <span class='ocrx_word' id='word_1_93' title='bbox 499 1178 546 1213; x_wconf 83' lang='lat' dir='ltr'>de</span> <span class='ocrx_word' id='word_1_94' title='bbox 579 1178 658 1214; x_wconf 82' lang='lat' dir='ltr'>Ser.</span> <span class='ocrx_word' id='word_1_95' title='bbox 683 1178 730 1214; x_wconf 88' lang='lat' dir='ltr'>N.</span> 
     </span>
     <span class='ocr_line' id='line_1_19' title="bbox 86 1231 730 1281; baseline 0.003 -14"><span class='ocrx_word' id='word_1_96' title='bbox 86 1231 194 1267; x_wconf 87' lang='lat' dir='ltr'>Vind.</span> <span class='ocrx_word' id='word_1_97' title='bbox 227 1245 262 1281; x_wconf 88' lang='lat' dir='ltr'>p.</span> <span class='ocrx_word' id='word_1_98' title='bbox 283 1232 389 1279; x_wconf 82' lang='lat'>550,</span> <span class='ocrx_word' id='word_1_99' title='bbox 417 1233 471 1279; x_wconf 88' lang='grc' dir='ltr'>Β,</span> <span class='ocrx_word' id='word_1_100' title='bbox 506 1233 567 1270; x_wconf 81' lang='lat' dir='ltr'>ubi</span> <span class='ocrx_word' id='word_1_101' title='bbox 594 1233 730 1270; x_wconf 82' lang='lat' dir='ltr'>consul.</span> 
     </span>
     <span class='ocr_line' id='line_1_20' title="bbox 87 1286 532 1338; baseline 0 -14"><span class='ocrx_word' id='word_1_102' title='bbox 87 1286 341 1335; x_wconf 54' lang='lat' dir='ltr'>IVjttenbach.</span> <span class='ocrx_word' id='word_1_103' title='bbox 361 1301 445 1338; x_wconf 81' lang='lat' dir='ltr'>pag.</span> <span class='ocrx_word' id='word_1_104' title='bbox 468 1289 532 1330; x_wconf 76' lang='lat'>25.</span> 
     </span>
    </p>

    <p class='ocr_par' dir='ltr' id='par_1_16' title="bbox 85 1340 737 2737">
     <span class='ocr_line' id='line_1_21' title="bbox 141 1340 731 1395; baseline 0.005 -15"><span class='ocrx_word' id='word_1_105' title='bbox 141 1340 210 1381; x_wconf 83' lang='grc' dir='ltr'>τόν</span> <span class='ocrx_word' id='word_1_106' title='bbox 233 1341 275 1381; x_wconf 81' lang='grc' dir='ltr'>δὲ</span> <span class='ocrx_word' id='word_1_107' title='bbox 297 1343 366 1382; x_wconf 77' lang='grc' dir='ltr'><em>ἕνα</em></span> <span class='ocrx_word' id='word_1_108' title='bbox 398 1343 552 1395; x_wconf 83' lang='grc' dir='ltr'><em>λέγουσι</em></span> <span class='ocrx_word' id='word_1_109' title='bbox 579 1341 646 1383; x_wconf 83' lang='grc' dir='ltr'><em>τὸν</em></span> <span class='ocrx_word' id='word_1_110' title='bbox 667 1359 731 1383; x_wconf 84' lang='grc' dir='ltr'><em>πε-</em></span> 
     </span>
     <span class='ocr_line' id='line_1_22' title="bbox 85 1398 730 1451; baseline 0.003 -14"><span class='ocrx_word' id='word_1_111' title='bbox 85 1398 342 1451; x_wconf 80' lang='grc' dir='ltr'><em>ριλειφθέντα</em></span> <span class='ocrx_word' id='word_1_112' title='bbox 369 1416 450 1439; x_wconf 88' lang='grc' dir='ltr'><em>των</em></span> <span class='ocrx_word' id='word_1_113' title='bbox 472 1400 730 1450; x_wconf 74' lang='grc' dir='ltr'><em>τριηκοσίων]</em></span> 
     </span>
     <span class='ocr_line' id='line_1_23' title="bbox 85 1455 732 1504; baseline 0 -11"><span class='ocrx_word' id='word_1_114' title='bbox 85 1455 144 1493; x_wconf 87' lang='lat' dir='ltr'>De</span> <span class='ocrx_word' id='word_1_115' title='bbox 190 1455 401 1504; x_wconf 75' lang='lat' dir='ltr'>Othryadae</span> <span class='ocrx_word' id='word_1_116' title='bbox 443 1457 538 1494; x_wconf 86' lang='lat' dir='ltr'>exitu</span> <span class='ocrx_word' id='word_1_117' title='bbox 587 1458 732 1494; x_wconf 70' lang='lat' dir='ltr'>diversa</span> 
     </span>
     <span class='ocr_line' id='line_1_24' title="bbox 85 1513 732 1561; baseline 0.003 -13"><span class='ocrx_word' id='word_1_118' title='bbox 85 1516 286 1549; x_wconf 84' lang='lat' dir='ltr'>narrantur.</span> <span class='ocrx_word' id='word_1_119' title='bbox 334 1513 466 1549; x_wconf 76' lang='lat' dir='ltr'>Suidas</span> <span class='ocrx_word' id='word_1_120' title='bbox 487 1527 515 1549; x_wconf 67' lang='grc' dir='ltr'>ε.</span> <span class='ocrx_word' id='word_1_121' title='bbox 539 1526 571 1549; x_wconf 78' lang='lat' dir='ltr'>v.</span> <span class='ocrx_word' id='word_1_122' title='bbox 594 1513 732 1561; x_wconf 65' lang='lat' dir='ltr'>Othry-</span> 
     </span>
     <span class='ocr_line' id='line_1_25' title="bbox 85 1568 735 1616; baseline 0 -11"><span class='ocrx_word' id='word_1_123' title='bbox 85 1568 192 1605; x_wconf 82' lang='lat' dir='ltr'>adem</span> <span class='ocrx_word' id='word_1_124' title='bbox 211 1570 277 1605; x_wconf 90' lang='lat' dir='ltr'>sub</span> <span class='ocrx_word' id='word_1_125' title='bbox 295 1569 444 1606; x_wconf 83' lang='lat' dir='ltr'>mortuis</span> <span class='ocrx_word' id='word_1_126' title='bbox 462 1569 644 1616; x_wconf 85' lang='lat' dir='ltr'>latentem,</span> <span class='ocrx_word' id='word_1_127' title='bbox 657 1582 735 1606; x_wconf 81' lang='lat' dir='ltr'>cum</span> 
     </span>
     <span class='ocr_line' id='line_1_26' title="bbox 85 1625 736 1675; baseline 0.003 -15"><span class='ocrx_word' id='word_1_128' title='bbox 85 1625 210 1672; x_wconf 79' lang='lat' dir='ltr'>Argivi</span> <span class='ocrx_word' id='word_1_129' title='bbox 251 1638 292 1662; x_wconf 88' lang='lat' dir='ltr'>se</span> <span class='ocrx_word' id='word_1_130' title='bbox 326 1625 570 1675; x_wconf 78' lang='lat' dir='ltr'>recepissent,</span> <span class='ocrx_word' id='word_1_131' title='bbox 614 1626 736 1662; x_wconf 87' lang='lat' dir='ltr'>scribit</span> 
     </span>
     <span class='ocr_line' id='line_1_27' title="bbox 86 1681 732 1731; baseline 0.005 -15"><span class='ocrx_word' id='word_1_132' title='bbox 86 1681 298 1731; x_wconf 80' lang='lat' dir='ltr'>provenisse</span> <span class='ocrx_word' id='word_1_133' title='bbox 325 1694 368 1718; x_wconf 84' lang='lat' dir='ltr'>ac</span> <span class='ocrx_word' id='word_1_134' title='bbox 396 1682 479 1719; x_wconf 89' lang='lat' dir='ltr'>dein</span> <span class='ocrx_word' id='word_1_135' title='bbox 508 1686 627 1719; x_wconf 85' lang='lat' dir='ltr'>erecto</span> <span class='ocrx_word' id='word_1_136' title='bbox 656 1686 732 1719; x_wconf 86' lang='lat' dir='ltr'>tro-</span> 
     </span>
     <span class='ocr_line' id='line_1_28' title="bbox 88 1737 732 1787; baseline 0.003 -15"><span class='ocrx_word' id='word_1_137' title='bbox 88 1749 204 1786; x_wconf 89' lang='lat' dir='ltr'>pae0,</span> <span class='ocrx_word' id='word_1_138' title='bbox 234 1737 368 1774; x_wconf 86' lang='lat' dir='ltr'>obiisse</span> <span class='ocrx_word' id='word_1_139' title='bbox 398 1751 440 1775; x_wconf 88' lang='lat' dir='ltr'>eo</span> <span class='ocrx_word' id='word_1_140' title='bbox 471 1739 552 1787; x_wconf 90' lang='lat' dir='ltr'>ipso</span> <span class='ocrx_word' id='word_1_141' title='bbox 584 1739 619 1774; x_wconf 89' lang='lat' dir='ltr'>in</span> <span class='ocrx_word' id='word_1_142' title='bbox 641 1738 732 1775; x_wconf 89' lang='lat' dir='ltr'>loco.</span> 
     </span>
     <span class='ocr_line' id='line_1_29' title="bbox 88 1791 733 1843; baseline 0.005 -16"><span class='ocrx_word' id='word_1_143' title='bbox 88 1791 182 1828; x_wconf 93' lang='lat' dir='ltr'>Eum</span> <span class='ocrx_word' id='word_1_144' title='bbox 193 1793 295 1841; x_wconf 87' lang='lat' dir='ltr'>sequi</span> <span class='ocrx_word' id='word_1_145' title='bbox 306 1794 445 1830; x_wconf 81' lang='lat' dir='ltr'>videtur</span> <span class='ocrx_word' id='word_1_146' title='bbox 453 1794 621 1831; x_wconf 77' lang='lat' dir='ltr'>Theseus</span> <span class='ocrx_word' id='word_1_147' title='bbox 633 1795 733 1843; x_wconf 89' lang='lat' dir='ltr'>apud</span> 
     </span>
     <span class='ocr_line' id='line_1_30' title="bbox 88 1848 733 1898; baseline 0.003 -14"><span class='ocrx_word' id='word_1_148' title='bbox 88 1848 285 1885; x_wconf 84' lang='lat' dir='ltr'>Stobaeum</span> <span class='ocrx_word' id='word_1_149' title='bbox 310 1848 333 1886; x_wconf 96' lang='grc'>1.</span> <span class='ocrx_word' id='word_1_150' title='bbox 355 1849 378 1885; x_wconf 88' lang='lat' dir='ltr'>l.</span> <span class='ocrx_word' id='word_1_151' title='bbox 413 1850 450 1884; x_wconf 90' lang='lat' dir='ltr'>in</span> <span class='ocrx_word' id='word_1_152' title='bbox 474 1849 620 1898; x_wconf 84' lang='lat' dir='ltr'>reliquis</span> <span class='ocrx_word' id='word_1_153' title='bbox 653 1862 733 1886; x_wconf 85' lang='lat' dir='ltr'>cum</span> 
     </span>
     <span class='ocr_line' id='line_1_31' title="bbox 86 1903 732 1953; baseline 0.003 -13"><span class='ocrx_word' id='word_1_154' title='bbox 86 1903 277 1941; x_wconf 87' lang='lat' dir='ltr'>Herodoto</span> <span class='ocrx_word' id='word_1_155' title='bbox 306 1905 467 1953; x_wconf 84' lang='lat' dir='ltr'>quamvis</span> <span class='ocrx_word' id='word_1_156' title='bbox 490 1906 732 1942; x_wconf 80' lang='lat' dir='ltr'>consentiens·</span> 
     </span>
     <span class='ocr_line' id='line_1_32' title="bbox 89 1960 735 2010; baseline 0 -14"><span class='ocrx_word' id='word_1_157' title='bbox 89 1960 254 2003; x_wconf 85' lang='lat' dir='ltr'>Quocum</span> <span class='ocrx_word' id='word_1_158' title='bbox 292 1961 399 1998; x_wconf 86' lang='lat' dir='ltr'>etiam</span> <span class='ocrx_word' id='word_1_159' title='bbox 444 1966 610 1998; x_wconf 72' lang='lat' dir='ltr'>convenit</span> <span class='ocrx_word' id='word_1_160' title='bbox 645 1961 735 2010; x_wconf 83' lang='lat' dir='ltr'>Epi-</span> 
     </span>
     <span class='ocr_line' id='line_1_33' title="bbox 88 2016 736 2064; baseline 0.002 -13"><span class='ocrx_word' id='word_1_161' title='bbox 88 2029 251 2064; x_wconf 82' lang='lat' dir='ltr'>gramma</span> <span class='ocrx_word' id='word_1_162' title='bbox 284 2016 460 2055; x_wconf 81' lang='lat' dir='ltr'>Nicandri</span> <span class='ocrx_word' id='word_1_163' title='bbox 493 2018 531 2053; x_wconf 92' lang='lat' dir='ltr'>in</span> <span class='ocrx_word' id='word_1_164' title='bbox 562 2016 736 2053; x_wconf 84' lang='lat' dir='ltr'>Brunckii</span> 
     </span>
     <span class='ocr_line' id='line_1_34' title="bbox 87 2072 735 2122; baseline 0.002 -14"><span class='ocrx_word' id='word_1_165' title='bbox 87 2072 262 2109; x_wconf 89' lang='lat' dir='ltr'>Analectt.</span> <span class='ocrx_word' id='word_1_166' title='bbox 298 2072 345 2109; x_wconf 91' lang='lat' dir='ltr'>T.</span> <span class='ocrx_word' id='word_1_167' title='bbox 380 2073 411 2109; x_wconf 89' lang='lat' dir='ltr'>II</span> <span class='ocrx_word' id='word_1_168' title='bbox 442 2086 478 2122; x_wconf 90' lang='lat' dir='ltr'>p.</span> <span class='ocrx_word' id='word_1_169' title='bbox 501 2077 527 2114; x_wconf 81' lang='lat'>2</span> <span class='ocrx_word' id='word_1_170' title='bbox 559 2073 636 2109; x_wconf 82' lang='lat' dir='ltr'>coll.</span> <span class='ocrx_word' id='word_1_171' title='bbox 665 2073 735 2110; x_wconf 86' lang='lat' dir='ltr'>alio</span> 
     </span>
     <span class='ocr_line' id='line_1_35' title="bbox 87 2127 735 2177; baseline 0.006 -15"><span class='ocrx_word' id='word_1_172' title='bbox 87 2127 357 2177; x_wconf 85' lang='lat' dir='ltr'>Epigrammate</span> <span class='ocrx_word' id='word_1_173' title='bbox 374 2129 591 2175; x_wconf 80' lang='lat' dir='ltr'>Simonidis,</span> <span class='ocrx_word' id='word_1_174' title='bbox 621 2133 660 2165; x_wconf 89' lang='lat' dir='ltr'>ut</span> <span class='ocrx_word' id='word_1_175' title='bbox 680 2130 735 2166; x_wconf 84' lang='lat' dir='ltr'>fe-</span> 
     </span>
     <span class='ocr_line' id='line_1_36' title="bbox 87 2184 733 2235; baseline 0.002 -16"><span class='ocrx_word' id='word_1_176' title='bbox 87 2190 190 2231; x_wconf 86' lang='lat' dir='ltr'>runt,</span> <span class='ocrx_word' id='word_1_177' title='bbox 215 2185 301 2221; x_wconf 88' lang='lat' dir='ltr'>ibid.</span> <span class='ocrx_word' id='word_1_178' title='bbox 323 2184 340 2221; x_wconf 92' lang='lat' dir='ltr'>I</span> <span class='ocrx_word' id='word_1_179' title='bbox 359 2199 395 2235; x_wconf 89' lang='lat' dir='ltr'>p.</span> <span class='ocrx_word' id='word_1_180' title='bbox 418 2186 508 2225; x_wconf 79' lang='lat'>130.</span> <span class='ocrx_word' id='word_1_181' title='bbox 554 2184 594 2220; x_wconf 88' lang='lat' dir='ltr'>In</span> <span class='ocrx_word' id='word_1_182' title='bbox 614 2185 733 2221; x_wconf 87' lang='lat' dir='ltr'>omnia</span> 
     </span>
     <span class='ocr_line' id='line_1_37' title="bbox 89 2239 733 2287; baseline 0.003 -13"><span class='ocrx_word' id='word_1_183' title='bbox 89 2239 158 2275; x_wconf 86' lang='lat' dir='ltr'>alia</span> <span class='ocrx_word' id='word_1_184' title='bbox 172 2241 246 2277; x_wconf 89' lang='lat' dir='ltr'>abit</span> <span class='ocrx_word' id='word_1_185' title='bbox 264 2241 465 2277; x_wconf 78' lang='lat' dir='ltr'>Pausanias</span> <span class='ocrx_word' id='word_1_186' title='bbox 487 2241 519 2277; x_wconf 86' lang='lat' dir='ltr'>II</span> <span class='ocrx_word' id='word_1_187' title='bbox 533 2271 543 2287; x_wconf 85' lang='lat'>,</span> <span class='ocrx_word' id='word_1_188' title='bbox 564 2243 628 2281; x_wconf 76' lang='grc'>20.</span> <span class='ocrx_word' id='word_1_189' title='bbox 664 2240 733 2276; x_wconf 90' lang='lat' dir='ltr'>Ar-</span> 
     </span>
     <span class='ocr_line' id='line_1_38' title="bbox 89 2296 732 2346; baseline 0.003 -15"><span class='ocrx_word' id='word_1_190' title='bbox 89 2296 145 2343; x_wconf 84' lang='lat' dir='ltr'>gis</span> <span class='ocrx_word' id='word_1_191' title='bbox 166 2297 322 2346; x_wconf 86' lang='lat' dir='ltr'>conspici</span> <span class='ocrx_word' id='word_1_192' title='bbox 339 2301 461 2333; x_wconf 85' lang='lat' dir='ltr'>narrat</span> <span class='ocrx_word' id='word_1_193' title='bbox 481 2302 635 2333; x_wconf 86' lang='lat' dir='ltr'>statuam</span> <span class='ocrx_word' id='word_1_194' title='bbox 666 2297 732 2333; x_wconf 79' lang='lat' dir='ltr'>hu-</span> 
     </span>
     <span class='ocr_line' id='line_1_39' title="bbox 88 2351 732 2401; baseline 0.002 -14"><span class='ocrx_word' id='word_1_195' title='bbox 88 2351 143 2387; x_wconf 90' lang='lat' dir='ltr'>ius</span> <span class='ocrx_word' id='word_1_196' title='bbox 168 2353 281 2401; x_wconf 83' lang='lat' dir='ltr'>ipsius</span> <span class='ocrx_word' id='word_1_197' title='bbox 315 2353 549 2401; x_wconf 76' lang='lat' dir='ltr'>Othryadae,</span> <span class='ocrx_word' id='word_1_198' title='bbox 580 2366 602 2389; x_wconf 83' lang='lat' dir='ltr'>a</span> <span class='ocrx_word' id='word_1_199' title='bbox 628 2353 732 2390; x_wconf 86' lang='lat' dir='ltr'>Peri-</span> 
     </span>
     <span class='ocr_line' id='line_1_40' title="bbox 89 2406 732 2458; baseline 0.005 -16"><span class='ocrx_word' id='word_1_200' title='bbox 89 2406 147 2443; x_wconf 88' lang='lat' dir='ltr'>lao</span> <span class='ocrx_word' id='word_1_201' title='bbox 168 2408 352 2445; x_wconf 85' lang='lat' dir='ltr'>Alcenoris</span> <span class='ocrx_word' id='word_1_202' title='bbox 382 2410 503 2456; x_wconf 85' lang='lat' dir='ltr'>(istius</span> <span class='ocrx_word' id='word_1_203' title='bbox 516 2409 654 2458; x_wconf 82' lang='lat' dir='ltr'>Argivi,</span> <span class='ocrx_word' id='word_1_204' title='bbox 671 2410 732 2457; x_wconf 87' lang='lat' dir='ltr'>qui</span> 
     </span>
     <span class='ocr_line' id='line_1_41' title="bbox 90 2464 732 2513; baseline 0.005 -15"><span class='ocrx_word' id='word_1_205' title='bbox 90 2475 111 2499; x_wconf 89' lang='lat' dir='ltr'>e</span> <span class='ocrx_word' id='word_1_206' title='bbox 136 2476 260 2512; x_wconf 81' lang='lat' dir='ltr'>pugna</span> <span class='ocrx_word' id='word_1_207' title='bbox 287 2464 404 2501; x_wconf 81' lang='lat' dir='ltr'>salvus</span> <span class='ocrx_word' id='word_1_208' title='bbox 430 2466 619 2513; x_wconf 81' lang='lat' dir='ltr'>evaserat)</span> <span class='ocrx_word' id='word_1_209' title='bbox 659 2466 732 2502; x_wconf 81' lang='lat' dir='ltr'>filio</span> 
     </span>
     <span class='ocr_line' id='line_1_42' title="bbox 89 2518 734 2568; baseline 0.008 -15"><span class='ocrx_word' id='word_1_210' title='bbox 89 2518 275 2555; x_wconf 85' lang='lat' dir='ltr'>interfecti.</span> <span class='ocrx_word' id='word_1_211' title='bbox 330 2519 504 2558; x_wconf 79' lang='lat' dir='ltr'>Miillerus</span> <span class='ocrx_word' id='word_1_212' title='bbox 535 2520 649 2568; x_wconf 80' lang='lat' dir='ltr'>(Dor.</span> <span class='ocrx_word' id='word_1_213' title='bbox 670 2525 694 2559; x_wconf 90' lang='lat' dir='ltr'>t.</span> <span class='ocrx_word' id='word_1_214' title='bbox 717 2521 734 2558; x_wconf 90' lang='grc' dir='ltr'>Ι</span> 
     </span>
     <span class='ocr_line' id='line_1_43' title="bbox 91 2575 735 2623; baseline 0.005 -13"><span class='ocrx_word' id='word_1_215' title='bbox 91 2587 127 2623; x_wconf 88' lang='lat' dir='ltr'>p.</span> <span class='ocrx_word' id='word_1_216' title='bbox 152 2575 229 2616; x_wconf 87' lang='lat'>158</span> <span class='ocrx_word' id='word_1_217' title='bbox 258 2579 331 2611; x_wconf 92' lang='lat' dir='ltr'>not.</span> <span class='ocrx_word' id='word_1_218' title='bbox 352 2577 406 2621; x_wconf 83' lang='lat'><strong><em>5)</em></strong></span> <span class='ocrx_word' id='word_1_219' title='bbox 436 2576 473 2612; x_wconf 89' lang='lat' dir='ltr'>in</span> <span class='ocrx_word' id='word_1_220' title='bbox 502 2577 569 2613; x_wconf 82' lang='lat' dir='ltr'>hac</span> <span class='ocrx_word' id='word_1_221' title='bbox 596 2576 735 2613; x_wconf 84' lang='lat' dir='ltr'>Pausa-</span> 
     </span>
     <span class='ocr_line' id='line_1_44' title="bbox 91 2630 737 2670; baseline 0.006 -5"><span class='ocrx_word' id='word_1_222' title='bbox 91 2630 172 2666; x_wconf 85' lang='lat' dir='ltr'>niae</span> <span class='ocrx_word' id='word_1_223' title='bbox 201 2632 405 2668; x_wconf 79' lang='lat' dir='ltr'>narratione</span> <span class='ocrx_word' id='word_1_224' title='bbox 439 2631 583 2669; x_wconf 81' lang='lat' dir='ltr'>fabulae</span> <span class='ocrx_word' id='word_1_225' title='bbox 622 2633 737 2670; x_wconf 84' lang='lat' dir='ltr'>eonti-</span> 
     </span>
     <span class='ocr_line' id='line_1_45' title="bbox 90 2687 667 2737; baseline 0.007 -16"><span class='ocrx_word' id='word_1_226' title='bbox 90 2689 223 2722; x_wconf 84' lang='lat' dir='ltr'>nuatae</span> <span class='ocrx_word' id='word_1_227' title='bbox 246 2687 399 2735; x_wconf 81' lang='lat' dir='ltr'>vestigia</span> <span class='ocrx_word' id='word_1_228' title='bbox 417 2688 667 2737; x_wconf 83' lang='lat' dir='ltr'>deprehendit.</span> 
     </span>
    </p>

    <p class='ocr_par' dir='ltr' id='par_1_17' title="bbox 91 2740 735 2906">
     <span class='ocr_line' id='line_1_46' title="bbox 157 2740 733 2793; baseline 0.01 -15"><span class='ocrx_word' id='word_1_229' title='bbox 157 2743 238 2779; x_wconf 78' lang='grc' dir='ltr'>τῶυ</span> <span class='ocrx_word' id='word_1_230' title='bbox 281 2740 322 2780; x_wconf 84' lang='grc' dir='ltr'><em>οἱ</em></span> <span class='ocrx_word' id='word_1_231' title='bbox 362 2742 615 2793; x_wconf 80' lang='grc' dir='ltr'><em>συλλοχιτέων</em></span> <span class='ocrx_word' id='word_1_232' title='bbox 658 2744 733 2784; x_wconf 84' lang='grc' dir='ltr'><em>διε-</em></span> 
     </span>
     <span class='ocr_line' id='line_1_47' title="bbox 91 2795 735 2849; baseline 0.006 -15"><span class='ocrx_word' id='word_1_233' title='bbox 91 2795 360 2847; x_wconf 85' lang='grc' dir='ltr'><em>φθαρμένων]</em></span> <span class='ocrx_word' id='word_1_234' title='bbox 406 2798 623 2849; x_wconf 80' lang='grc' dir='ltr'><em>συλλοχιταὶ</em></span> <span class='ocrx_word' id='word_1_235' title='bbox 652 2805 735 2838; x_wconf 85' lang='lat' dir='ltr'>sunt</span> 
     </span>
     <span class='ocr_line' id='line_1_48' title="bbox 91 2850 733 2906; baseline 0.011 -18"><span class='ocrx_word' id='word_1_236' title='bbox 91 2853 153 2902; x_wconf 88' lang='lat' dir='ltr'>qui</span> <span class='ocrx_word' id='word_1_237' title='bbox 169 2854 215 2889; x_wconf 88' lang='lat' dir='ltr'>ad</span> <span class='ocrx_word' id='word_1_238' title='bbox 235 2854 389 2891; x_wconf 82' lang='lat' dir='ltr'>eundem</span> <span class='ocrx_word' id='word_1_239' title='bbox 412 2850 524 2906; x_wconf 80' lang='grc' dir='ltr'><em>λόχον</em></span> <span class='ocrx_word' id='word_1_240' title='bbox 541 2856 733 2906; x_wconf 85' lang='lat' dir='ltr'>pertinent.</span> 
     </span>
    </p>

    <p class='ocr_par' dir='ltr' id='par_1_18' title="bbox 147 2908 414 2949">
     <span class='ocr_line' id='line_1_49' title="bbox 147 2908 414 2949; baseline 0.011 -4"><span class='ocrx_word' id='word_1_241' title='bbox 147 2908 353 2947; x_wconf 75' lang='lat' dir='ltr'>HERonoT.</span> <span class='ocrx_word' id='word_1_242' title='bbox 386 2910 414 2949; x_wconf 88' lang='grc' dir='ltr'>Ι.</span> 
     </span>
    </p>
   </div>
   <div class='ocr_carea' id='block_1_16' title="bbox 796 1062 1456 2628">
    <p class='ocr_par' dir='ltr' id='par_1_19' title="bbox 796 1062 1447 1677">
     <span class='ocr_line' id='line_1_50' title="bbox 802 1062 1445 1110; baseline -0.006 -9"><span class='ocrx_word' id='word_1_243' title='bbox 802 1066 966 1108; x_wconf 84' lang='lat' dir='ltr'>Quorum</span> <span class='ocrx_word' id='word_1_244' title='bbox 984 1063 1147 1099; x_wconf 86' lang='lat' dir='ltr'>interitus</span> <span class='ocrx_word' id='word_1_245' title='bbox 1169 1077 1212 1100; x_wconf 90' lang='lat' dir='ltr'>eo</span> <span class='ocrx_word' id='word_1_246' title='bbox 1231 1062 1375 1110; x_wconf 80' lang='lat' dir='ltr'>gravior</span> <span class='ocrx_word' id='word_1_247' title='bbox 1393 1063 1445 1098; x_wconf 83' lang='lat' dir='ltr'>vi-</span> 
     </span>
     <span class='ocr_line' id='line_1_51' title="bbox 800 1119 1446 1167; baseline -0.003 -10"><span class='ocrx_word' id='word_1_248' title='bbox 800 1122 878 1158; x_wconf 91' lang='lat' dir='ltr'>deri</span> <span class='ocrx_word' id='word_1_249' title='bbox 898 1120 1054 1158; x_wconf 81' lang='lat' dir='ltr'>debebat</span> <span class='ocrx_word' id='word_1_250' title='bbox 1075 1119 1307 1167; x_wconf 75' lang='lat' dir='ltr'>Othryadae,</span> <span class='ocrx_word' id='word_1_251' title='bbox 1336 1131 1446 1167; x_wconf 86' lang='lat' dir='ltr'>quum</span> 
     </span>
     <span class='ocr_line' id='line_1_52' title="bbox 801 1174 1445 1227; baseline -0.005 -12"><span class='ocrx_word' id='word_1_252' title='bbox 801 1174 904 1227; x_wconf 77' lang='grc' dir='ltr'><em>λόχοι</em></span> <span class='ocrx_word' id='word_1_253' title='bbox 931 1176 1195 1225; x_wconf 80' lang='lat' dir='ltr'>Spartanorum</span> <span class='ocrx_word' id='word_1_254' title='bbox 1229 1188 1303 1211; x_wconf 87' lang='lat' dir='ltr'>non</span> <span class='ocrx_word' id='word_1_255' title='bbox 1343 1175 1445 1212; x_wconf 82' lang='lat' dir='ltr'>unice</span> 
     </span>
     <span class='ocr_line' id='line_1_53' title="bbox 799 1231 1444 1281; baseline -0.006 -11"><span class='ocrx_word' id='word_1_256' title='bbox 799 1234 847 1270; x_wconf 88' lang='lat' dir='ltr'>ad</span> <span class='ocrx_word' id='word_1_257' title='bbox 868 1232 996 1270; x_wconf 85' lang='lat' dir='ltr'>bellum</span> <span class='ocrx_word' id='word_1_258' title='bbox 1014 1231 1231 1281; x_wconf 71' lang='lat' dir='ltr'>pertinuisse</span> <span class='ocrx_word' id='word_1_259' title='bbox 1243 1231 1444 1278; x_wconf 80' lang='lat' dir='ltr'>videantur,</span> 
     </span>
     <span class='ocr_line' id='line_1_54' title="bbox 796 1287 1443 1337; baseline -0.005 -11"><span class='ocrx_word' id='word_1_260' title='bbox 796 1302 919 1326; x_wconf 86' lang='lat' dir='ltr'>verum</span> <span class='ocrx_word' id='word_1_261' title='bbox 936 1289 1043 1325; x_wconf 82' lang='lat' dir='ltr'>etiam</span> <span class='ocrx_word' id='word_1_262' title='bbox 1057 1288 1104 1324; x_wconf 87' lang='lat' dir='ltr'>ad</span> <span class='ocrx_word' id='word_1_263' title='bbox 1123 1288 1233 1324; x_wconf 85' lang='lat' dir='ltr'>vitam</span> <span class='ocrx_word' id='word_1_264' title='bbox 1255 1287 1443 1337; x_wconf 87' lang='lat' dir='ltr'>privatam,</span> 
     </span>
     <span class='ocr_line' id='line_1_55' title="bbox 797 1342 1443 1393; baseline -0.005 -12"><span class='ocrx_word' id='word_1_265' title='bbox 797 1349 837 1381; x_wconf 87' lang='lat' dir='ltr'>ut</span> <span class='ocrx_word' id='word_1_266' title='bbox 855 1345 916 1393; x_wconf 91' lang='lat' dir='ltr'>qui</span> <span class='ocrx_word' id='word_1_267' title='bbox 934 1345 971 1379; x_wconf 86' lang='lat' dir='ltr'>iu</span> <span class='ocrx_word' id='word_1_268' title='bbox 992 1344 1121 1381; x_wconf 84' lang='lat' dir='ltr'>eadem</span> <span class='ocrx_word' id='word_1_269' title='bbox 1145 1344 1222 1381; x_wconf 86' lang='lat' dir='ltr'>acie</span> <span class='ocrx_word' id='word_1_270' title='bbox 1242 1342 1345 1379; x_wconf 85' lang='lat' dir='ltr'>simul</span> <span class='ocrx_word' id='word_1_271' title='bbox 1373 1356 1443 1393; x_wconf 88' lang='lat' dir='ltr'>pu-</span> 
     </span>
     <span class='ocr_line' id='line_1_56' title="bbox 798 1399 1447 1449; baseline -0.006 -12"><span class='ocrx_word' id='word_1_272' title='bbox 798 1404 972 1449; x_wconf 83' lang='lat' dir='ltr'>gnarent,</span> <span class='ocrx_word' id='word_1_273' title='bbox 1021 1401 1130 1436; x_wconf 79' lang='lat' dir='ltr'>etiam</span> <span class='ocrx_word' id='word_1_274' title='bbox 1168 1399 1265 1435; x_wconf 88' lang='lat' dir='ltr'>domi</span> <span class='ocrx_word' id='word_1_275' title='bbox 1304 1399 1447 1435; x_wconf 87' lang='lat' dir='ltr'>arctiori</span> 
     </span>
     <span class='ocr_line' id='line_1_57' title="bbox 796 1454 1447 1494; baseline -0.006 0"><span class='ocrx_word' id='word_1_276' title='bbox 796 1456 934 1494; x_wconf 74' lang='lat' dir='ltr'>vinculo</span> <span class='ocrx_word' id='word_1_277' title='bbox 956 1455 1135 1491; x_wconf 88' lang='lat' dir='ltr'>coniuncti</span> <span class='ocrx_word' id='word_1_278' title='bbox 1165 1454 1271 1491; x_wconf 84' lang='lat' dir='ltr'>simul</span> <span class='ocrx_word' id='word_1_279' title='bbox 1297 1454 1447 1491; x_wconf 84' lang='lat' dir='ltr'>ederent</span> 
     </span>
     <span class='ocr_line' id='line_1_58' title="bbox 799 1510 1445 1551; baseline -0.008 0"><span class='ocrx_word' id='word_1_280' title='bbox 799 1527 841 1551; x_wconf 88' lang='lat' dir='ltr'>ac</span> <span class='ocrx_word' id='word_1_281' title='bbox 860 1513 1029 1549; x_wconf 82' lang='lat' dir='ltr'>viverent.</span> <span class='ocrx_word' id='word_1_282' title='bbox 1060 1511 1168 1547; x_wconf 72' lang='lat' dir='ltr'>Conf.</span> <span class='ocrx_word' id='word_1_283' title='bbox 1182 1511 1335 1548; x_wconf 88' lang='lat' dir='ltr'>eundem</span> <span class='ocrx_word' id='word_1_284' title='bbox 1349 1510 1445 1546; x_wconf 68' lang='lat' dir='ltr'>Min-</span> 
     </span>
     <span class='ocr_line' id='line_1_59' title="bbox 799 1566 1445 1616; baseline -0.006 -10"><span class='ocrx_word' id='word_1_285' title='bbox 799 1570 912 1607; x_wconf 85' lang='lat' dir='ltr'>lerum</span> <span class='ocrx_word' id='word_1_286' title='bbox 929 1568 1019 1605; x_wconf 90' lang='lat' dir='ltr'>Dor.</span> <span class='ocrx_word' id='word_1_287' title='bbox 1039 1566 1073 1603; x_wconf 87' lang='lat' dir='ltr'>II</span> <span class='ocrx_word' id='word_1_288' title='bbox 1093 1581 1128 1616; x_wconf 90' lang='lat' dir='ltr'>p.</span> <span class='ocrx_word' id='word_1_289' title='bbox 1140 1570 1220 1609; x_wconf 75' lang='lat'>237</span> <span class='ocrx_word' id='word_1_290' title='bbox 1239 1580 1317 1616; x_wconf 86' lang='lat' dir='ltr'>seq</span> <span class='ocrx_word' id='word_1_291' title='bbox 1337 1571 1445 1604; x_wconf 76' lang='lat' dir='ltr'>etsu-</span> 
     </span>
     <span class='ocr_line' id='line_1_60' title="bbox 799 1623 1278 1677; baseline -0.011 -14"><span class='ocrx_word' id='word_1_292' title='bbox 799 1639 866 1677; x_wconf 90' lang='lat' dir='ltr'>pra</span> <span class='ocrx_word' id='word_1_293' title='bbox 886 1625 933 1661; x_wconf 91' lang='lat' dir='ltr'>ad</span> <span class='ocrx_word' id='word_1_294' title='bbox 955 1623 1134 1661; x_wconf 74' lang='lat' dir='ltr'>He1·.o‹10t</span> <span class='ocrx_word' id='word_1_295' title='bbox 1154 1624 1191 1671; x_wconf 87' lang='lat' dir='ltr'>I,</span> <span class='ocrx_word' id='word_1_296' title='bbox 1213 1623 1278 1664; x_wconf 88' lang='grc'>65.</span> 
     </span>
    </p>

    <p class='ocr_par' dir='ltr' id='par_1_20' title="bbox 798 1676 1456 2628">
     <span class='ocr_line' id='line_1_61' title="bbox 856 1676 1449 1744; baseline -0.003 -24"><span class='ocrx_word' id='word_1_297' title='bbox 856 1676 982 1720; x_wconf 84' lang='grc' dir='ltr'><em>αυτοῦ</em></span> <span class='ocrx_word' id='word_1_298' title='bbox 1007 1694 1074 1730; x_wconf 87' lang='grc' dir='ltr'>μιν</span> <span class='ocrx_word' id='word_1_299' title='bbox 1102 1679 1144 1719; x_wconf 82' lang='grc' dir='ltr'>ἐν</span> <span class='ocrx_word' id='word_1_300' title='bbox 1163 1682 1254 1733; x_wconf 77' lang='grc' dir='ltr'><em>τῇσι</em></span> <span class='ocrx_word' id='word_1_301' title='bbox 1271 1677 1449 1744; x_wconf 83' lang='grc' dir='ltr'><em>Θυρέῃσι</em></span> 
     </span>
     <span class='ocr_line' id='line_1_62' title="bbox 799 1720 1448 1804; baseline -0.006 -27"><span class='ocrx_word' id='word_1_302' title='bbox 799 1732 1127 1804; x_wconf 76' lang='grc' dir='ltr'><em>καταχρησασθαι</em></span> <span class='ocrx_word' id='word_1_303' title='bbox 1156 1720 1330 1786; x_wconf 74' lang='grc' dir='ltr'><em>ἑωυτόν]</em></span> <span class='ocrx_word' id='word_1_304' title='bbox 1391 1735 1448 1773; x_wconf 85' lang='lat' dir='ltr'>De</span> 
     </span>
     <span class='ocr_line' id='line_1_63' title="bbox 800 1789 1448 1841; baseline -0.009 -8"><span class='ocrx_word' id='word_1_305' title='bbox 800 1789 924 1833; x_wconf 71' lang='grc' dir='ltr'><em>αὐτοῦ</em></span> <span class='ocrx_word' id='word_1_306' title='bbox 944 1794 1014 1830; x_wconf 54' lang='lat' dir='ltr'>adi</span> <span class='ocrx_word' id='word_1_307' title='bbox 1017 1792 1136 1838; x_wconf 88' lang='lat' dir='ltr'>erbi0,</span> <span class='ocrx_word' id='word_1_308' title='bbox 1167 1793 1266 1841; x_wconf 92' lang='lat' dir='ltr'>quod</span> <span class='ocrx_word' id='word_1_309' title='bbox 1289 1792 1448 1841; x_wconf 86' lang='lat' dir='ltr'>ponitur,</span> 
     </span>
     <span class='ocr_line' id='line_1_64' title="bbox 800 1847 1445 1899; baseline -0.005 -12"><span class='ocrx_word' id='word_1_310' title='bbox 800 1850 963 1899; x_wconf 80' lang='lat' dir='ltr'>quamvis</span> <span class='ocrx_word' id='word_1_311' title='bbox 983 1849 1064 1899; x_wconf 85' lang='lat' dir='ltr'>ipse</span> <span class='ocrx_word' id='word_1_312' title='bbox 1091 1848 1192 1884; x_wconf 87' lang='lat' dir='ltr'>locus</span> <span class='ocrx_word' id='word_1_313' title='bbox 1209 1852 1293 1898; x_wconf 84' lang='lat' dir='ltr'>post</span> <span class='ocrx_word' id='word_1_314' title='bbox 1310 1847 1445 1884; x_wconf 88' lang='lat' dir='ltr'>indice-</span> 
     </span>
     <span class='ocr_line' id='line_1_65' title="bbox 800 1904 1450 1953; baseline -0.008 -10"><span class='ocrx_word' id='word_1_315' title='bbox 800 1911 880 1953; x_wconf 86' lang='lat' dir='ltr'>tur,</span> <span class='ocrx_word' id='word_1_316' title='bbox 924 1905 972 1942; x_wconf 89' lang='lat' dir='ltr'>ad</span> <span class='ocrx_word' id='word_1_317' title='bbox 1007 1905 1205 1941; x_wconf 79' lang='lat' dir='ltr'>orationem</span> <span class='ocrx_word' id='word_1_318' title='bbox 1243 1904 1450 1950; x_wconf 81' lang='lat' dir='ltr'>augendam</span> 
     </span>
     <span class='ocr_line' id='line_1_66' title="bbox 801 1958 1449 2011; baseline -0.005 -14"><span class='ocrx_word' id='word_1_319' title='bbox 801 1962 932 2011; x_wconf 86' lang='lat' dir='ltr'>opinor</span> <span class='ocrx_word' id='word_1_320' title='bbox 959 1963 996 1997; x_wconf 82' lang='lat' dir='ltr'>et</span> <span class='ocrx_word' id='word_1_321' title='bbox 1023 1960 1256 2005; x_wconf 84' lang='lat' dir='ltr'>firmandam,</span> <span class='ocrx_word' id='word_1_322' title='bbox 1292 1958 1365 1994; x_wconf 87' lang='lat' dir='ltr'>dixi</span> <span class='ocrx_word' id='word_1_323' title='bbox 1402 1958 1449 1994; x_wconf 88' lang='lat' dir='ltr'>ad</span> 
     </span>
     <span class='ocr_line' id='line_1_67' title="bbox 802 2014 1448 2065; baseline -0.006 -10"><span class='ocrx_word' id='word_1_324' title='bbox 802 2017 929 2065; x_wconf 74' lang='lat' dir='ltr'>Pyrrh.</span> <span class='ocrx_word' id='word_1_325' title='bbox 959 2027 1045 2065; x_wconf 79' lang='lat' dir='ltr'>pag.</span> <span class='ocrx_word' id='word_1_326' title='bbox 1068 2014 1147 2055; x_wconf 75' lang='lat'>144</span> <span class='ocrx_word' id='word_1_327' title='bbox 1175 2028 1253 2063; x_wconf 87' lang='lat' dir='ltr'>seq.</span> <span class='ocrx_word' id='word_1_328' title='bbox 1313 2015 1448 2052; x_wconf 79' lang='lat' dir='ltr'>Caete-</span> 
     </span>
     <span class='ocr_line' id='line_1_68' title="bbox 803 2070 1448 2121; baseline -0.006 -11"><span class='ocrx_word' id='word_1_329' title='bbox 803 2087 880 2110; x_wconf 87' lang='lat' dir='ltr'>rum</span> <span class='ocrx_word' id='word_1_330' title='bbox 916 2071 1090 2121; x_wconf 70' lang='lat' dir='ltr'>Tleyream</span> <span class='ocrx_word' id='word_1_331' title='bbox 1117 2071 1186 2108; x_wconf 90' lang='lat' dir='ltr'>dici</span> <span class='ocrx_word' id='word_1_332' title='bbox 1225 2075 1261 2108; x_wconf 88' lang='lat' dir='ltr'>et</span> <span class='ocrx_word' id='word_1_333' title='bbox 1290 2070 1448 2121; x_wconf 70' lang='lat' dir='ltr'>Tlcyreas</span> 
     </span>
     <span class='ocr_line' id='line_1_69' title="bbox 801 2127 1448 2176; baseline -0.005 -10"><span class='ocrx_word' id='word_1_334' title='bbox 801 2130 891 2166; x_wconf 84' lang='lat' dir='ltr'>satis</span> <span class='ocrx_word' id='word_1_335' title='bbox 924 2132 1084 2174; x_wconf 76' lang='lat' dir='ltr'>constat,</span> <span class='ocrx_word' id='word_1_336' title='bbox 1123 2140 1340 2176; x_wconf 82' lang='lat' dir='ltr'>quamquam</span> <span class='ocrx_word' id='word_1_337' title='bbox 1375 2127 1448 2164; x_wconf 86' lang='lat' dir='ltr'>fre-</span> 
     </span>
     <span class='ocr_line' id='line_1_70' title="bbox 801 2183 1446 2234; baseline -0.003 -13"><span class='ocrx_word' id='word_1_338' title='bbox 801 2198 917 2234; x_wconf 76' lang='lat' dir='ltr'>quens</span> <span class='ocrx_word' id='word_1_339' title='bbox 937 2186 972 2220; x_wconf 90' lang='lat' dir='ltr'>in</span> <span class='ocrx_word' id='word_1_340' title='bbox 991 2184 1059 2220; x_wconf 78' lang='lat' dir='ltr'>hac</span> <span class='ocrx_word' id='word_1_341' title='bbox 1078 2197 1165 2220; x_wconf 82' lang='lat' dir='ltr'>voce</span> <span class='ocrx_word' id='word_1_342' title='bbox 1192 2183 1355 2220; x_wconf 88' lang='lat' dir='ltr'>lectionis</span> <span class='ocrx_word' id='word_1_343' title='bbox 1383 2195 1446 2219; x_wconf 81' lang='lat' dir='ltr'>va-</span> 
     </span>
     <span class='ocr_line' id='line_1_71' title="bbox 798 2238 1456 2288; baseline -0.006 -10"><span class='ocrx_word' id='word_1_344' title='bbox 798 2243 907 2279; x_wconf 75' lang='lat' dir='ltr'>rietas</span> <span class='ocrx_word' id='word_1_345' title='bbox 928 2241 1094 2288; x_wconf 85' lang='lat' dir='ltr'>adeoque</span> <span class='ocrx_word' id='word_1_346' title='bbox 1112 2240 1286 2276; x_wconf 88' lang='lat' dir='ltr'>confusio.</span> <span class='ocrx_word' id='word_1_347' title='bbox 1338 2238 1456 2275; x_wconf 55' lang='lat' dir='ltr'>Conf.</span> 
     </span>
     <span class='ocr_line' id='line_1_72' title="bbox 799 2294 1445 2344; baseline -0.005 -10"><span class='ocrx_word' id='word_1_348' title='bbox 799 2298 938 2335; x_wconf 84' lang='lat' dir='ltr'>Duker.</span> <span class='ocrx_word' id='word_1_349' title='bbox 982 2297 1028 2333; x_wconf 87' lang='lat' dir='ltr'>ad</span> <span class='ocrx_word' id='word_1_350' title='bbox 1063 2295 1266 2344; x_wconf 70' lang='lat' dir='ltr'>Thucydid.</span> <span class='ocrx_word' id='word_1_351' title='bbox 1289 2294 1356 2342; x_wconf 90' lang='lat' dir='ltr'>IV,</span> <span class='ocrx_word' id='word_1_352' title='bbox 1391 2295 1445 2335; x_wconf 87' lang='grc'>56</span> 
     </span>
     <span class='ocr_line' id='line_1_73' title="bbox 800 2351 1448 2401; baseline -0.005 -11"><span class='ocrx_word' id='word_1_353' title='bbox 800 2353 964 2401; x_wconf 88' lang='lat' dir='ltr'>aliosque</span> <span class='ocrx_word' id='word_1_354' title='bbox 981 2352 1074 2388; x_wconf 83' lang='lat' dir='ltr'>viros</span> <span class='ocrx_word' id='word_1_355' title='bbox 1095 2353 1221 2388; x_wconf 82' lang='lat' dir='ltr'>doctos</span> <span class='ocrx_word' id='word_1_356' title='bbox 1242 2351 1407 2387; x_wconf 79' lang='lat' dir='ltr'>laudatos</span> <span class='ocrx_word' id='word_1_357' title='bbox 1426 2363 1448 2387; x_wconf 88' lang='lat' dir='ltr'>a</span> 
     </span>
     <span class='ocr_line' id='line_1_74' title="bbox 800 2407 1446 2458; baseline -0.005 -12"><span class='ocrx_word' id='word_1_358' title='bbox 800 2409 953 2446; x_wconf 77' lang='lat' dir='ltr'>Mullero</span> <span class='ocrx_word' id='word_1_359' title='bbox 965 2408 1002 2444; x_wconf 90' lang='lat' dir='ltr'>in</span> <span class='ocrx_word' id='word_1_360' title='bbox 1011 2407 1193 2456; x_wconf 77' lang='lat' dir='ltr'>Aeginett.</span> <span class='ocrx_word' id='word_1_361' title='bbox 1207 2422 1242 2458; x_wconf 86' lang='lat' dir='ltr'>p.</span> <span class='ocrx_word' id='word_1_362' title='bbox 1256 2409 1308 2448; x_wconf 84' lang='lat'>46</span> <span class='ocrx_word' id='word_1_363' title='bbox 1320 2410 1393 2443; x_wconf 78' lang='lat' dir='ltr'>not.</span> <span class='ocrx_word' id='word_1_364' title='bbox 1406 2409 1446 2447; x_wconf 86' lang='lat'>9.</span> 
     </span>
     <span class='ocr_line' id='line_1_75' title="bbox 800 2465 1447 2516; baseline -0.009 -11"><span class='ocrx_word' id='word_1_365' title='bbox 800 2488 856 2493; x_wconf 91' lang='lat'>—</span> <span class='ocrx_word' id='word_1_366' title='bbox 876 2468 1128 2516; x_wconf 76' lang='grc' dir='ltr'><em>καταχρώμαι</em></span> <span class='ocrx_word' id='word_1_367' title='bbox 1143 2465 1334 2501; x_wconf 82' lang='lat' dir='ltr'>Herodoto</span> <span class='ocrx_word' id='word_1_368' title='bbox 1353 2475 1447 2509; x_wconf 84' lang='lat' dir='ltr'>esse,</span> 
     </span>
     <span class='ocr_line' id='line_1_76' title="bbox 800 2518 1448 2571; baseline -0.006 -13"><span class='ocrx_word' id='word_1_369' title='bbox 800 2523 900 2571; x_wconf 88' lang='lat' dir='ltr'>quod</span> <span class='ocrx_word' id='word_1_370' title='bbox 927 2518 1086 2570; x_wconf 77' lang='grc' dir='ltr'><em>φονεύω</em></span> <span class='ocrx_word' id='word_1_371' title='bbox 1117 2520 1218 2567; x_wconf 85' lang='lat' dir='ltr'>aliis,</span> <span class='ocrx_word' id='word_1_372' title='bbox 1255 2524 1318 2556; x_wconf 85' lang='lat' dir='ltr'>aut</span> <span class='ocrx_word' id='word_1_373' title='bbox 1341 2519 1448 2556; x_wconf 84' lang='lat' dir='ltr'>etiam</span> 
     </span>
     <span class='ocr_line' id='line_1_77' title="bbox 802 2575 1446 2628; baseline -0.008 -12"><span class='ocrx_word' id='word_1_374' title='bbox 802 2580 1039 2628; x_wconf 78' lang='grc' dir='ltr'><em>διαχρῶμαι,</em></span> <span class='ocrx_word' id='word_1_375' title='bbox 1078 2580 1182 2613; x_wconf 88' lang='lat' dir='ltr'>notat</span> <span class='ocrx_word' id='word_1_376' title='bbox 1201 2577 1269 2612; x_wconf 88' lang='lat' dir='ltr'>hoc</span> <span class='ocrx_word' id='word_1_377' title='bbox 1297 2588 1340 2613; x_wconf 81' lang='lat' dir='ltr'>ex</span> <span class='ocrx_word' id='word_1_378' title='bbox 1367 2575 1446 2612; x_wconf 89' lang='lat' dir='ltr'>loeo</span> 
     </span>
    </p>
   </div>
   <div class='ocr_carea' id='block_1_17' title="bbox 801 2633 1304 2767">
    <p class='ocr_par' dir='ltr' id='par_1_21' title="bbox 801 2633 1304 2767">
     <span class='ocr_line' id='line_1_78' title="bbox 801 2633 1304 2683; baseline -0.008 -11"><span class='ocrx_word' id='word_1_379' title='bbox 801 2634 964 2672; x_wconf 88' lang='lat' dir='ltr'>Thomas</span> <span class='ocrx_word' id='word_1_380' title='bbox 985 2633 1085 2682; x_wconf 79' lang='lat' dir='ltr'>Mag.</span> <span class='ocrx_word' id='word_1_381' title='bbox 1105 2645 1190 2683; x_wconf 82' lang='lat' dir='ltr'>pag.</span> <span class='ocrx_word' id='word_1_382' title='bbox 1210 2634 1304 2674; x_wconf 68' lang='lat'>224.</span> 
     </span>
     <span class='ocr_line' id='line_1_79' title="bbox 950 2715 1296 2767; baseline -0.006 -13"><span class='ocrx_word' id='word_1_383' title='bbox 950 2717 1059 2767; x_wconf 86' lang='lat' dir='ltr'>Cap.</span> <span class='ocrx_word' id='word_1_384' title='bbox 1088 2715 1296 2753; x_wconf 89' lang='lat' dir='ltr'>LXXXIII.</span> 
     </span>
    </p>
   </div>
   <div class='ocr_carea' id='block_1_18' title="bbox 802 2797 1449 2952">
    <p class='ocr_par' dir='ltr' id='par_1_22' title="bbox 802 2797 1449 2952">
     <span class='ocr_line' id='line_1_80' title="bbox 857 2797 1448 2852; baseline -0.005 -12"><span class='ocrx_word' id='word_1_385' title='bbox 857 2799 1024 2852; x_wconf 75' lang='grc' dir='ltr'><em>ὁρμέατο</em></span> <span class='ocrx_word' id='word_1_386' title='bbox 1043 2797 1257 2851; x_wconf 79' lang='grc' dir='ltr'><em>βοηθέειν]</em></span> <span class='ocrx_word' id='word_1_387' title='bbox 1281 2797 1448 2851; x_wconf 75' lang='grc' dir='ltr'><em>ὁρμέατο</em></span> 
     </span>
     <span class='ocr_line' id='line_1_81' title="bbox 802 2854 1449 2909; baseline -0.005 -15"><span class='ocrx_word' id='word_1_388' title='bbox 802 2857 1196 2909; x_wconf 82' lang='lat' dir='ltr'>plusquamperfectum</span> <span class='ocrx_word' id='word_1_389' title='bbox 1209 2885 1219 2904; x_wconf 87' lang='lat'>,</span> <span class='ocrx_word' id='word_1_390' title='bbox 1257 2859 1297 2892; x_wconf 87' lang='lat' dir='ltr'>ut</span> <span class='ocrx_word' id='word_1_391' title='bbox 1341 2854 1449 2906; x_wconf 86' lang='lat' dir='ltr'>paulo</span> 
     </span>
     <span class='ocr_line' id='line_1_82' title="bbox 1123 2914 1178 2952; baseline 0 0"><span class='ocrx_word' id='word_1_392' title='bbox 1123 2914 1178 2952; x_wconf 73' lang='grc' dir='ltr'><strong>Η</strong></span> 
     </span>
    </p>
   </div>
  </div>
 </body>
</html>
