1909 3228
559 211 982 253 EUTERPE.
1032 213 1077 251 ΙΙ.

1355 213 1440 253 639

148 325 540 379 Ξχειμεριωτάτους
579 329 719 381 μῆνας
758 323 962 377 τέσσερας
991 323 1127 366 ἐσθίει
1157 320 1304 366 οὐδέν.
1361 321 1437 364 ἐόν
1451 328 1496 363 26

178 403 224 447 δὲ
252 404 522 459 τετράπουν,
562 409 765 460 χερσαῖον
801 402 874 446 καὶ
910 408 1112 459 λιμναῖον
1141 401 1249 445 ἐστί’
1307 401 1438 444 τίκτει

117 612 210 650 liter.
228 613 347 651 fascic.
366 613 399 650 II
430 613 522 662 (len.
546 614 673 662 1801)
694 613 770 651 init.

117 670 278 707 Primum
299 670 414 707 locum
435 672 573 708 obtinet
592 671 774 708 Aristote-

121 727 195 772 les,
226 731 339 764 totam
370 729 447 765 fere
473 727 656 764 Herodoti
682 740 771 764 nar-

119 784 297 820 rationem
329 788 516 833 repetens,
546 784 625 821 hist.
649 797 706 821 an.
725 784 771 831 ll,

122 843 186 880 10.
218 840 262 887 Y,
290 841 344 881 33
375 840 452 877 coll.
484 840 588 886 Vlll,
619 841 669 882 15
701 844 769 878 etc.

121 896 286 939 Quocum
323 897 424 945 iung.
452 896 608 934 Diodor.
642 898 679 944 I,
705 897 772 939 35.

118 952 297 989 Ammian.
342 952 500 990 Marcell.
553 954 679 1001 XXII,
723 953 772 995 15

120 1007 156 1059 ἓ.
183 1008 233 1049 15
255 1023 357 1059 seqq.
391 1010 500 1057 alios,
531 1012 591 1060 qui
621 1011 676 1048 vel
696 1011 774 1049 He-

118 1067 289 1103 rodotum
317 1066 373 1104 vel
400 1066 634 1105 Aristotelem
665 1067 774 1117 plane

119 1128 331 1171 sequuntur.
392 1124 488 1160 Inter
516 1138 599 1170 eos,
634 1125 695 1173 qui
716 1138 775 1162 re-

119 1179 270 1216 centiori
299 1185 418 1217 aetate
448 1181 483 1216 in
507 1180 597 1218 haec
624 1182 775 1230 inquisi-

119 1240 249 1273 verunt
262 1265 271 1283 ,
284 1237 446 1286 inprimis
464 1237 601 1274 consuli
615 1238 773 1275 debent:

120 1293 254 1329 Camus
282 1293 329 1329 ad
352 1293 503 1330 Aristot.
534 1294 615 1331 hist.
631 1294 774 1331 animal.

119 1351 323 1386 versionem
354 1350 548 1396 Gallicam,
586 1355 687 1387 tomo
719 1365 776 1389 se-

119 1407 258 1450 cund03
289 1406 530 1443 Schneiderus
553 1408 600 1442 ad
620 1407 772 1444 Aristot.

118 1462 202 1498 hist.
227 1475 284 1499 an.
306 1462 359 1509 V,
381 1466 432 1503 27
463 1467 486 1499 t.
500 1462 549 1499 IV
572 1476 657 1512 pag.
675 1463 769 1504 415.

119 1518 224 1565 416,
249 1523 286 1555 et
316 1519 352 1554 in
380 1518 469 1555 libro
489 1518 636 1555 laudato
658 1520 772 1556 histo-

118 1575 193 1612 riae
237 1575 532 1625 amphibiorum3
570 1576 769 1624 Geoffroy:

118 1660 142 1679 „
159 1632 412 1669 observations
430 1645 490 1669 sur
508 1632 559 1669 les
577 1632 770 1670 habitudes

119 1689 314 1744 attrQbueIes
367 1702 433 1738 par
474 1689 664 1727 Herodote
702 1702 771 1726 aux

119 1745 314 1782 crocodiles
344 1746 393 1782 (lu
423 1745 532 1793 Nil,“
570 1747 606 1782 in
635 1746 768 1783 annall.

119 1802 170 1837 du
212 1802 332 1838 musee
368 1801 488 1838 d’hist.
525 1807 599 1838 nat.
636 1803 769 1848 (Paris.

121 1859 249 1904 1807)
281 1862 305 1894 t.
329 1857 379 1893 IX
412 1871 446 1906 p.
468 1859 550 1898 373
578 1872 704 1907 seqqx,
735 1862 771 1896 et

119 1914 262 1951 Cuvier.
280 1927 366 1960 „sur
379 1914 429 1950 les
443 1915 652 1951 differentes
665 1916 772 1964 espe-

119 1983 178 2007 ces
203 1971 250 2007 de
271 1970 472 2007 crocodils“
503 1971 619 2017 (ibid.
642 1971 675 2006 X
692 1986 727 2020 p.
747 1974 772 2012 8

120 2028 265 2075 seqq),
310 2026 479 2063 Miuutoli
501 2026 714 2076 Nachtriige
738 2041 771 2065 z.

117 2083 231 2120 Reise
252 2097 333 2119 zum
356 2083 511 2133 Tempel
533 2088 600 2121 etc.
630 2098 665 2133 p.
693 2084 772 2125 154

119 2153 223 2188 seqq.
282 2139 478 2176 Praeterea
512 2141 667 2176 maxima
693 2155 772 2178 cum

118 2195 271 2233 utilitate
293 2196 482 2232 adhibebis
495 2196 711 2246 peculiarem
725 2199 772 2235 de

118 2252 308 2289 crocodilis
326 2252 485 2289 libellum
500 2282 510 2299 ,
541 2254 602 2302 qui
622 2253 691 2290 hoc
704 2267 770 2290 no-

117 2309 214 2346 mine
226 2310 343 2346 editus
355 2314 412 2346 est
424 2323 431 2345 :
443 2309 773 2358 Naturgeschichte

119 2366 186 2402 der
213 2365 430 2414 Amphibien
458 2379 529 2402 von
548 2367 608 2403 Fr.
632 2366 771 2405 Tiede-

119 2434 249 2467 mann,
279 2421 330 2457 M.
361 2421 482 2471 Oppel
506 2424 582 2458 und
612 2422 638 2459 I.
660 2423 773 2461 Libo-

122 2477 245 2513 schitz.
279 2480 380 2518 lstes
394 2478 484 2514 Heft
514 2479 770 2528 (Heidelberg.

123 2534 263 2580 1817).
320 2534 388 2570 Est
417 2547 528 2582 vero,
562 2540 603 2571 ut
628 2549 671 2573 ex
701 2537 772 2574 hoc

121 2588 211 2625 libro
241 2589 377 2638 optime
406 2590 638 2639 intelligitur,
670 2594 771 2643 apud

119 2644 348 2683 Herodotum
368 2646 602 2694 cogitandum
629 2648 675 2685 de
697 2661 770 2685 cro-

120 2701 233 2737 codilo
254 2701 400 2750 vulgari
431 2715 458 2738 s.
482 2701 660 2750 Nilotico,
697 2717 770 2753 quo

120 2757 266 2795 nomine
293 2758 338 2795 ab
375 2757 452 2795 aliis
484 2758 634 2796 aliarum
658 2765 773 2797 terra-

118 2826 197 2850 rum
224 2814 414 2853 crocodilis
454 2814 562 2864 vulgo
599 2816 773 2867 distingui

120 2869 226 2909 solet.

897 609 991 659 τούς
1018 605 1341 663 χειμεριωτάτους
1366 612 1494 662 μῆνας

840 667 1022 719 τέσσερας
1046 669 1172 708 ἐσθίει
1193 665 1334 719 οὐδέν]
1357 668 1493 706 Plinius

842 726 922 763 hist.
951 732 1024 763 nat.
1043 726 1151 773 UH,
1177 727 1229 767 525
1260 739 1327 776 per
1350 739 1492 763 menses

840 783 1011 820 hibernos
1059 783 1260 820 crocodilos
1300 783 1337 819 in
1381 782 1493 819 antris

839 839 953 878 latere
985 841 1081 877 dicit.
1141 840 1252 883 Quod
1280 839 1493 876 Herodotus

842 898 985 943 scribit,
1017 897 1236 935 crocodilum
1254 909 1320 946 per
1340 900 1495 945 quatuor

841 967 984 992 menses
1005 955 1176 992 hibernos
1197 953 1414 999 nihiledere,
1428 953 1496 989 mi-

840 1024 918 1048 rum
958 1012 1084 1060 utique
1122 1010 1324 1057 videbitur,
1364 1022 1493 1058 quam-

842 1080 951 1117 quam
969 1068 1090 1118 ipsum
1102 1081 1167 1118 per
1188 1080 1227 1103 se
1242 1079 1317 1102 non
1339 1065 1495 1103 alienum

844 1129 901 1161 est
924 1138 946 1161 a
963 1124 1144 1174 reptilium
1164 1128 1306 1160 natura.
1348 1122 1401 1160 Ac
1420 1124 1496 1159 sor-

845 1194 909 1218 san
927 1181 1127 1218 crocodilos
1147 1181 1183 1216 in
1207 1179 1318 1217 Delta
1336 1180 1496 1230 respexit

844 1242 990 1285 auctor,
1011 1238 1091 1286 qui,
1113 1237 1212 1275 coelo
1229 1240 1265 1273 et
1286 1238 1370 1273 aere
1390 1237 1496 1285 frigi-

845 1295 947 1332 diore
975 1295 1127 1331 forsitan
1156 1294 1284 1343 sopiti,
1315 1293 1494 1331 alimentis

843 1352 961 1387 minus
980 1351 1214 1399 indigebant3
1235 1349 1342 1398 quale
1359 1351 1406 1387 de
1423 1350 1494 1386 alio

843 1420 978 1456 genere
1008 1407 1271 1444 crocodilorum
1301 1406 1337 1442 in
1354 1406 1495 1444 Ameri-

840 1476 903 1501 cae
925 1463 1132 1512 regionibus
1151 1463 1401 1511 frigidioribus
1430 1477 1494 1513 pe-

839 1520 1084 1568 regrinatores
1107 1520 1230 1557 testati
1251 1523 1344 1556 sunt.
1384 1519 1495 1557 Nunc

839 1577 1006 1626 quidem,
1038 1577 1099 1613 ubi
1119 1577 1299 1614 rarissime
1326 1576 1364 1612 in
1387 1576 1495 1615 Delta

838 1634 1001 1670 invenias
1037 1633 1259 1680 crocodilos,
1297 1633 1358 1682 qui
1376 1627 1495 1684 >supe-

837 1691 991 1726 rioribus
1019 1694 1160 1727 tantum
1189 1690 1277 1727 locis
1306 1691 1495 1740 reperiun-

838 1751 916 1793 tur,
955 1760 1028 1783 non
1056 1747 1207 1794 mirum,
1249 1746 1382 1784 multos
1416 1760 1495 1784 cro-

839 1802 975 1839 codilos
999 1803 1055 1839 vel
1074 1805 1253 1851 gregatim
1277 1804 1438 1853 conspici
1456 1804 1493 1840 in

838 1858 912 1896 Nli
933 1872 1043 1895 arena
1062 1860 1220 1897 iacentes
1243 1873 1309 1909 per
1325 1860 1494 1906 hiemem,

840 1916 938 1964 quod
951 1920 1103 1952 testatur
1114 1915 1280 1952 Minutoli
1293 1915 1314 1951 l.
1327 1916 1348 1952 l.
1363 1930 1398 1965 p.
1413 1917 1493 1958 156

842 1985 917 2020 seq.
938 1971 1016 2008 coll.
1034 1972 1212 2020 Ge'offroy
1230 1985 1314 2022 pag.
1327 1973 1421 2014 375.
1444 1973 1494 2010 Et

840 2033 965 2064 nostra
985 2040 1131 2076 quoque
1149 2033 1268 2066 aetate
1287 2029 1403 2066 virum
1426 2030 1494 2066 do-

840 2089 936 2121 ctum
964 2085 1214 2132 contendisse,
1242 2085 1364 2134 plures
1391 2099 1494 2123 men-

843 2154 900 2178 ses
939 2141 1156 2178 crocodilum
1196 2142 1273 2178 sine
1315 2141 1493 2180 alimentis

841 2198 959 2234 vivere
978 2210 1109 2247 posse,
1140 2197 1304 2246 intelligo
1334 2212 1377 2236 ex
1405 2200 1494 2237 Tie-

841 2254 1011 2290 demanni
1043 2254 1135 2291 libro
1160 2253 1182 2290 l.
1214 2267 1299 2304 pag.
1321 2257 1397 2301 36,
1432 2257 1493 2292 ubi

841 2311 938 2347 aliud
959 2311 1158 2360 exemplum
1178 2311 1346 2348 laudatur
1367 2325 1493 2349 croco-

841 2367 923 2414 dili,
954 2367 1015 2416 qui
1042 2380 1108 2417 per
1134 2369 1390 2416 septemdecim
1413 2369 1491 2407 dies

842 2424 918 2460 siue
970 2423 1040 2459 ullo
1086 2424 1306 2461 nutrimento
1351 2425 1489 2463 vixerit.

840 2480 922 2517 Vid.
953 2479 1039 2516 ibid.
1069 2492 1154 2528 pag.
1176 2482 1242 2520 69.

894 2535 1012 2574 τίκτει
1039 2533 1111 2586 μὲν
1150 2533 1225 2587 γάρ
1259 2530 1320 2574 ωἐὶ
1352 2535 1395 2576 ἐν
1424 2539 1491 2592 γῇ,

837 2590 906 2630 καὶ
936 2590 1111 2642 ἐκλέπει]
1142 2591 1293 2631 ἐκλέπει
1320 2593 1342 2630 i.
1366 2607 1397 2631 e.
1428 2607 1491 2631 ex-

839 2648 950 2685 cludit
972 2661 1048 2685 ουα.
1106 2648 1148 2685 In
1175 2662 1214 2686 re
1245 2650 1327 2699 ipsa
1357 2663 1491 2689 conve-

839 2706 942 2742 niunt
965 2708 1115 2742 nostrae
1140 2706 1268 2742 aetatis
1294 2705 1360 2742 viri
1389 2707 1489 2744 docti

840 2765 951 2809 atque
1001 2761 1306 2811 peregrinatores.
1392 2763 1490 2802 Vide

842 2816 1084 2855 Tiedemann.
1108 2817 1130 2854 l.
1153 2817 1175 2854 l.
1196 2831 1283 2868 pag.
1301 2817 1367 2860 53.
1395 2819 1488 2857 Illud

841 2886 952 2912 unum
982 2874 1200 2914 recentiores
1236 2876 1488 2926 peregrinato-
