1909 3228
336 926 352 987 *f

342 996 346 1013 l

437 208 520 249 248

845 197 1302 240 HERODOTI

407 314 575 359 Ξέποίεε
631 312 787 358 τοιάδε.
844 306 1182 364 Κατοικημένων
1229 307 1316 348 τῶν
1362 301 1531 359 Μήδων
1574 302 1682 346 κατὰ

442 391 608 449 κώμοις,
654 392 700 435 ἐν
728 393 781 446 τῇ
826 387 991 432 ἑωυτοῦ
1029 383 1112 429 ἐών
1148 383 1221 428 καὶ
1248 379 1463 436 πρότερον
1492 378 1682 436 δόκιμος,

442 472 514 516 καὶ
541 467 706 526 μᾶλλόν
741 485 782 512 τι
817 467 891 511 καὶ
932 462 1263 520 προθυμότερον
1292 459 1572 515 δικαιοσύνην
1599 459 1685 503 ἐπι-

442 549 625 604 θέμενος
652 545 798 603 ἤσκεε*
838 544 910 589 καὶ
937 546 1072 586 ταῦτα
1101 540 1270 597 μέντοι,
1317 537 1472 594 ἐούσης
1505 537 1682 593 ἀνομίης
1701 545 1744 578 10

445 630 606 682 πολλῆς
636 622 720 668 ἀνά
752 627 898 667 πᾶσαν
935 621 1014 678 τὴν
1049 618 1280 676 Μηδικὴν,
1321 618 1482 669 ἐποίεε,
1525 616 1691 661 ἐπιστά-

445 720 575 761 μενος
605 701 671 746 ὅτι
697 705 758 761 τῷ
787 703 940 761 δικαίῳ
969 700 1019 744 τὸ
1049 699 1201 744 ἄδικον
1230 694 1436 753 πολέμιόν
1464 695 1564 740 ἐστι.
1594 696 1637 739 οἷ
1656 692 1692 738 δ’

449 783 495 826 ἐκ
523 785 599 838 τῆς
635 778 768 836 αὐτῆς
805 778 953 837 κώμης
990 779 1161 834 Μῆδοι,
1212 776 1396 833 ὁρῶντες
1427 774 1564 819 αὐτοῦ
1592 773 1695 824 τούς

447 859 657 914 τρόπους,
697 859 901 914 δικαστήν
931 875 1006 914 μιν
1035 857 1205 901 ἑωυτῶν
1233 854 1441 910 αἱρέοντο.
1501 854 1525 899 ὁ
1555 855 1600 898 δὲ
1628 853 1697 909 δή,

425 935 529 983 δοῖα
550 937 796 995 μνεώμενος
826 935 984 993 ἀρχὴν,
1016 933 1117 986 ἰθύς
1146 951 1190 979 τε
1218 935 1291 978 καὶ
1321 935 1488 984 δίκαιος
1506 929 1573 989 ἦν.
1603 948 1696 976 ποι-
1711 938 1752 973 16

452 1020 537 1061 έων
566 1033 610 1062 τε
640 1020 796 1068 ταῦτα,
842 1016 1021 1059 ἔπαινον
1057 1012 1140 1068 εἶχε
1180 1012 1262 1057 οὐκ
1299 1012 1446 1068 ὀλίγον
1474 1011 1583 1067 πρὸς
1611 1015 1700 1055 τῶν

451 1094 682 1149 πολιτέων,
723 1093 836 1140 οὕτω
867 1094 975 1138 ὥστε
1003 1091 1328 1148 πυνθανόμενοι
1358 1093 1402 1135 οἱ
1430 1092 1476 1135 ἐν
1503 1095 1603 1148 τῇσι
1630 1088 1700 1134 ἅλ-

455 1178 556 1231 λῃσι
585 1173 756 1231 κώμῃσι
786 1172 845 1226 ὥς
871 1171 1064 1229 Δηϊόκης
1091 1173 1155 1227 εἰἠ
1180 1169 1291 1227 οἷνὴρ
1319 1175 1484 1226 μοῦνος
1518 1169 1627 1214 κατοὶ
1655 1170 1703 1213 τὸ

456 1251 598 1309 ὀρθὸν
635 1253 846 1307 δικάζων.
897 1250 1113 1307 πρότερον
1152 1251 1478 1305 περιπίπτοντες
1517 1249 1706 1293 ἀδίκοισι

456 1330 673 1389 γνώμῃσι,
708 1331 803 1376 τότε
832 1332 923 1375 ἐπεί
952 1347 995 1374 τε
1023 1329 1244 1387 ἤκουσαν,
1296 1329 1477 1384 ἄσμενοι
1507 1329 1763 1384 ἑφοίτεονΞΟ

459 1409 578 1466 παρὰ
605 1410 683 1454 τὸν
710 1409 898 1467 Δηῖόκεκ
925 1409 999 1453 καὶ
1029 1409 1154 1453 αὐτοὶ
1184 1407 1481 1463 δικασόμενοι·
1510 1407 1631 1459 τέλος
1648 1407 1707 1459 δὲ,

408 1604 655 1645 Dschemscleid
684 1602 844 1652 (Annall.
856 1603 987 1643 Vienn.
999 1604 1054 1643 IX

408 1677 445 1715 p.
467 1665 518 1703 10
537 1674 640 1711 seqq.
666 1663 717 1702 13
738 1661 862 1709 nott).
901 1661 960 1700 De
981 1675 1055 1712 quo

410 1718 578 1769 equidem
599 1717 685 1754 nihil
704 1717 907 1755 decernam.

434 1790 445 1802 ¹
465 1768 727 1822 δικαιοσύνην
754 1771 989 1823 ἐπιθέμενος
1012 1768 1060 1822 ἥ-

412 1828 522 1880 σκεε]
570 1828 629 1866 Ad
662 1826 898 1879 ἐπιθέμενος
938 1833 1059 1866 mente

413 1885 656 1936 supplendum
679 1881 934 1939 δικαιοσύνῃ,
965 1897 1059 1931 cum,

413 1942 513 1991 quod
548 1941 653 1978 adest
691 1936 970 1991 δικαιοσύνην,
1011 1941 1060 1978 ad

414 1994 532 2048 ἤσκεε
554 1997 744 2046 pertineat.
783 1996 852 2034 Est
867 1998 960 2034 enim
981 1995 1062 2036 ε’πι-

415 2052 605 2093 τίθεσθαί
621 2067 698 2091 τινι
726 2065 860 2102 operam
886 2053 971 2090 clare
989 2052 1060 2089 ali-

418 2112 495 2156 cui,
524 2108 676 2158 aggredi
690 2108 849 2158 aliquid,
879 2109 940 2146 ubi
959 2122 1064 2146 accu-

417 2166 569 2202 sativum
588 2165 643 2202 vel
665 2166 821 2202 reflexivi
840 2165 1064 2215 pronominis

418 2221 475 2259 vel
507 2221 660 2258 nominis
686 2223 782 2267 νοῦς
803 2220 859 2259 vel
883 2221 973 2258 alius
1003 2233 1064 2257 cu-

419 2276 563 2315 iuslibet
599 2277 754 2314 nominis
778 2277 973 2326 cogitando
999 2276 1065 2313 ad·-

421 2334 510 2370 dere
537 2333 669 2383 possis.
733 2333 817 2381 Sic,
845 2337 887 2369 ut
912 2333 983 2370 alia
1010 2337 1066 2369 ta-

422 2401 544 2436 ceam,
592 2401 705 2439 supra
733 2388 771 2437 Ι,
805 2391 841 2430 1.
889 2388 963 2437 111,
998 2389 1066 2428 76.

422 2444 518 2482 Hine
546 2445 745 2482 accuratius
782 2445 936 2482 vertenti
979 2444 1067 2481 erit:

425 2502 646 2547 „iustitiam‚
698 2502 758 2537 cui
793 2500 898 2538 valde
934 2511 1068 2551 operam

426 2555 541 2603 dedit,
569 2556 785 2594 exercebatf‘

482 2607 740 2663 ἐπιστάμενος
767 2609 826 2653 ’ὅτι
853 2614 905 2666 τῷ
932 2610 1069 2665 δικαίῳ

430 2662 471 2705 τό
489 2664 627 2706 ἄδικον
648 2665 835 2719 πολέμιόν
852 2668 946 2714 ἔστι]
977 2669 1072 2705 Sen-

431 2721 578 2759 tentiam
602 2724 774 2762 trivialem
809 2737 852 2762 ac
873 2724 978 2761 nimis
994 2722 1070 2760 vul-

433 2789 557 2826 garem
594 2777 738 2816 habent.
799 2779 889 2816 Inde
923 2778 1073 2816 Fontei-

435 2832 537 2880 nius,
568 2834 745 2884 probante
768 2834 973 2884 Larehem,
1001 2834 1073 2885 legi

1121 1604 1196 1643 vult
1212 1599 1273 1644 ὅτι
1299 1605 1350 1658 τῇ
1372 1599 1551 1658 ἀδικίῃ
1578 1600 1631 1643 τό
1660 1597 1686 1642 ἆ
1702 1603 1768 1642 δι-

1122 1678 1147 1701 κ
1161 1676 1176 1700 ε
1188 1657 1208 1700 ό
1223 1677 1249 1711 μ
1261 1675 1309 1699 εν
1321 1678 1340 1699 ο
1351 1676 1374 1699 ν
1428 1655 1620 1710 πολέμιόν
1676 1658 1770 1706 ἐστι,

1125 1718 1232 1755 simili
1251 1717 1399 1753 laudata
1421 1716 1608 1767 Euripidis
1623 1720 1771 1753 senten-

1126 1776 1176 1812 tia
1197 1774 1233 1809 in
1251 1772 1441 1810 Phoeniss.
1465 1773 1558 1814 541.
1588 1772 1668 1810 Nec
1686 1784 1772 1809 vero

1125 1830 1206 1867 libri
1222 1828 1493 1877 suffragantur,
1524 1842 1591 1867 nec
1616 1829 1697 1879 ipsa
1715 1840 1772 1864 ra—

1126 1887 1176 1924 tio
1198 1886 1344 1932 suadet,
1355 1889 1396 1921 ut
1415 1897 1459 1922 ea
1472 1891 1661 1928 mutemus,
1678 1895 1773 1933 quae

1127 1941 1214 1991 quin
1229 1942 1346 1977 minus
1362 1941 1455 1980 bene
1474 1943 1520 1979 de
1532 1941 1676 1979 Deiocis
1688 1952 1774 1978 con-

1128 1998 1207 2034 silio
1228 1998 1297 2034 dici
1311 2002 1445 2046 queant
1456 2026 1467 2044 ‚
1496 1996 1628 2034 nullam
1642 1997 1773 2032 iustam

1129 2053 1296 2102 equidem
1314 2053 1494 2103 perspicio
1512 2066 1666 2091 causam.
1694 2051 1776 2089 Nec

1128 2109 1274 2157 longius
1303 2109 1506 2157 disputem,
1549 2113 1667 2145 utrum
1698 2107 1776 2144 He-

1129 2166 1300 2210 rodotus,
1318 2177 1411 2212 quae
1420 2164 1604 2201 Fonteinii
1626 2169 1681 2201 cst
1692 2175 1776 2200 sen-

1130 2220 1243 2258 tentia
1254 2248 1265 2266 ‚
1297 2232 1428 2269 reapse
1457 2220 1493 2256 in
1518 2225 1637 2258 mente
1664 2220 1779 2256 habu-

1132 2277 1201 2314 erit
1223 2275 1369 2311 Solonis
1399 2275 1484 2313 illud
1511 2273 1554 2315 το·
1583 2273 1671 2315 ἴσον
1703 2269 1777 2314 πό-

1131 2334 1249 2382 λεμον
1274 2326 1322 2369 ου’
1341 2335 1465 2380 ποιεῐ,·
1494 2333 1590 2383 apud
1601 2332 1693 2370 Plut.
1707 2332 1778 2369 vit.

1132 2387 1207 2425 Sol.
1223 2387 1298 2434 85,
1314 2387 1362 2425 D.
1392 2409 1447 2415 ———
1474 2388 1516 2425 In
1544 2402 1647 2438 seqq.
1680 2404 1732 2439 μν
1743 2401 1779 2426 ε-

1135 2439 1295 2494 ώμενος
1326 2444 1377 2491 (a
1402 2445 1612 2494 μνᾶσθαι)
1650 2445 1780 2482 eodem

1134 2502 1245 2538 modo
1266 2500 1421 2537 effictum
1433 2530 1443 2548 ‚
1461 2514 1532 2550 quo
1550 2497 1782 2553 χρεώμενος,

1136 2556 1207 2594 alia
1227 2556 1331 2593 huius
1363 2559 1519 2605 generis.
1577 2557 1675 2595 Male
1701 2557 1781 2594 libri

1137 2613 1285 2662 quidem
1306 2609 1533 2663 μνώμενος,
1563 2615 1678 2651 forma
1703 2611 1783 2650 vul-

1138 2669 1227 2717 gari.
1266 2667 1457 2717 Leguutur
1468 2699 1478 2716 ,
1507 2682 1601 2718 quae
1620 2670 1783 2720 proxime

1139 2725 1374 2772 antecedunt,
1389 2738 1446 2774 ap.
1464 2725 1643 2762 Plutarch.
1655 2726 1702 2763 de
1717 2738 1782 2762 no-

1142 2780 1199 2816 bil.
1214 2780 1259 2817 T.
1271 2780 1321 2816 lV
1335 2794 1370 2830 p.
1386 2783 1465 2822 190
1484 2780 1661 2819 Analectt.
1672 2780 1783 2818 Wolf.

1196 2835 1263 2876 καὶ
1280 2832 1394 2877 αὐτοὶ
1424 2833 1781 2888 δικασόμενοι]

1763 863 1816 904 50
