1909 3228
541 217 1066 258 EUTERPE.II.
1338 217 1422 257 657

161 329 209 373 ἐκ
246 329 336 371 τῶν
377 326 570 383 ὀλυρέων
610 331 836 379 ποιεῦντες
878 326 1059 381 ἄρτους,
1115 323 1219 376 τοὺς
1265 324 1422 368 ἐκεῖνοι

133 408 391 463 6κυλλήστις
422 407 700 464 ὀνομάζουσι.
732 409 837 464 οἴνῳ
869 405 910 450 δ’
941 406 988 449 ἐκ
1018 405 1210 459 κριθέων
1237 419 1419 460 πεποιη-

160 487 275 544 μένῳ
317 487 625 543 διαχρέωνται·
680 484 733 530 οὐ
769 484 852 542 γάρ
893 487 972 542 σφί
1010 487 1090 529 εἰσι
1126 484 1173 528 ἐν
1207 486 1261 541 τῇ
1299 482 1419 539 χώρῃ

102 672 206 710 Haec
252 686 363 722 quum
402 686 562 722 congrua
610 686 757 722 prorsus

105 729 175 766 sint
202 730 266 776 iis,
297 743 390 778 quae
413 743 455 767 ex
478 730 663 766 Hecataeo
687 729 758 765 Mi-

103 786 191 822 lesio
205 787 341 836 profert
353 786 560 823 Athenaeus
570 786 603 821 X
613 799 648 835 p.
660 785 756 833 447,

103 842 134 878 C
167 847 202 879 et
229 843 333 888 418,
354 842 411 888 E,
450 842 548 878 haud
578 842 754 878 immerito

102 898 293 944 coniicias,
321 898 496 935 Hecataei
516 898 645 934 librum
673 898 754 934 No-

100 958 174 990 stro
197 955 426 991 obversatum
456 958 492 991 et
520 955 565 990 ab
590 968 633 991 eo
652 954 753 991 lecti-

99 1014 214 1046 tatum
257 1011 383 1047 suisse.
459 1010 540 1047 Vid.
583 1011 752 1048 Creuzer.

98 1066 262 1115 sragmm.
290 1067 433 1103 historr.
462 1080 548 1116 pag.
571 1069 635 1108 23.

154 1120 248 1170 τούς
261 1122 405 1162 ἐκεῖνοι
418 1126 511 1161 κυλλ
522 1119 547 1173 η’
561 1136 642 1168 στις
664 1118 751 1162 o’vo-

99 1175 294 1229 μάζουσι]
354 1180 494 1216 Eadem
542 1180 751 1217 Athenaeus

97 1240 173 1272 tum
197 1236 219 1272 l.
240 1236 262 1272 l.
292 1240 369 1272 tum
390 1236 438 1271 111
458 1249 543 1285 pag.
560 1236 660 1282 114,
691 1236 751 1272 ubi

100 1293 265 1328 scribitur
293 1287 422 1330 κυλλά
439 1304 538 1339 στις,
577 1293 751 1341 quemad-

98 1350 245 1384 modum
269 1350 376 1385 etiam
399 1350 435 1384 in
458 1348 641 1396 Hesychio
669 1362 696 1384 s.
715 1361 748 1385 v.

98 1405 140 1440 V.
159 1405 205 1441 D.
235 1409 477 1451 ctu-rexerunt.
526 1405 606 1441 Nec
631 1405 750 1441 minor

96 1462 132 1497 in
150 1461 245 1497 vocis
267 1461 441 1510 scriptura
453 1461 637 1497 dissensus
649 1461 748 1510 apud

95 1516 234 1553 Polluc.
275 1517 312 1552 in
350 1517 540 1553 Onomast.
580 1517 652 1563 VI,
694 1518 743 1556 11

96 1571 133 1623 §.
166 1576 243 1620 73,
290 1573 350 1609 ubi
385 1574 456 1609 vid.
493 1573 746 1622 Iungermauu.

93 1629 260 1679 Explicat
290 1642 376 1666 vero
416 1629 625 1667 Athenaeus
675 1625 745 1668 τόν

93 1683 330 1732 ὑποξίζοντα
361 1682 482 1736 ἄρτον
513 1687 561 1733 (i.
583 1700 612 1723 e.
638 1686 745 1722 suba-

95 1742 209 1778 ciclum
222 1743 386 1791 panem),
400 1742 584 1779 Nicander
603 1743 647 1778 ab
664 1743 744 1791 ipso

94 1799 278 1835 laudatus:
316 1796 381 1837 τὸν
419 1797 461 1836 ἐκ
501 1801 570 1848 τῆς
597 1800 745 1847 κριθῆς

96 1851 217 1901 ἄρτον
250 1850 471 1905 γινόμενον.
544 1854 745 1902 Hesychius

96 1911 322 1947 Athenaeum
363 1915 504 1947 secutus
543 1911 668 1956 addit,
701 1923 744 1947 ex

97 1967 288 2003 Herodoto
315 1968 466 2016 opinor,
498 1979 540 2004 ex
567 1966 667 2015 olyra
690 1968 744 2002 fa-

96 2028 193 2059 ctum
215 2036 295 2060 esse
321 2036 464 2072 panem.
522 2023 597 2059 Sed
620 2022 746 2058 Pollux

96 2080 143 2116 ad
157 2081 308 2115 formam
330 2080 444 2127 magis
465 2084 610 2116 revocat
631 2079 746 2116 deno-

94 2136 349 2181 minationem,
391 2141 429 2172 ut
465 2148 579 2185 panes
615 2135 746 2172 intelli-

94 2197 226 2240 gantur
248 2191 444 2241 fastigiati
475 2191 532 2228 vel
560 2192 744 2238 turbinati,

95 2248 142 2285 acl
162 2250 275 2284 instar
292 2249 487 2294 sorborum,
509 2252 550 2284 ut
566 2248 743 2298 interpre-

94 2309 190 2341 tatur
210 2305 447 2341 Casaubonus
470 2304 517 2340 ad
538 2304 668 2341 Athen.
682 2304 703 2340 1.
717 2304 739 2340 1.

94 2360 145 2396 111
167 2374 253 2410 pag.
274 2361 364 2401 114.
421 2361 566 2397 Profert
580 2361 668 2398 haec
685 2360 743 2396 Ia-

94 2417 281 2453 blonskius
300 2430 395 2453 voce.
410 2416 585 2466 Aegyptt.
598 2430 633 2467 p.
648 2419 739 2463 117,

94 2472 173 2520 ipse
205 2473 395 2509 subiiciens
416 2502 426 2519 ,
463 2486 556 2521 quae
583 2486 667 2510 vera
697 2473 742 2509 sit

94 2527 340 2577 Aegyptiacae
386 2530 481 2565 vocis
527 2529 742 2577 originatio,

98 2597 134 2619 se
154 2585 270 2621 adhuc
291 2585 436 2633 assequi
464 2597 537 2621 non
566 2584 741 2634 potuisse.

93 2640 151 2677 De
170 2639 269 2689 olyra
292 2642 383 2676 conf.
403 2641 454 2686 ΙΙ,
477 2644 542 2681 36.

151 2696 247 2749 οἴνῳ
264 2696 283 2734 ὅ
296 2691 304 2706 ’
321 2695 361 2735 ἐκ
381 2695 553 2747 κριθέων
574 2710 740 2746 πεποιη-

93 2750 198 2805 μένῳ
223 2750 497 2803 διαχρέωνται]
528 2752 631 2789 Haec
649 2765 740 2800 quo-

92 2821 164 2857 que
192 2822 236 2846 ex
260 2809 446 2846 Hecataeo
470 2808 612 2845 Milesio
649 2808 740 2856 (qui

91 2868 184 2902 teste
210 2865 396 2902 Athenaeo
424 2865 448 2902 1.
477 2864 500 2901 l.
539 2863 739 2915 Aegyptios

149 2920 358 2959 Hauonor.
389 2921 418 2958 I.

826 671 963 708 hordea
975 671 1022 707 ad
1042 673 1168 720 potum
1181 669 1350 717 frangere
1369 681 1474 706 euar-

824 727 984 774 raverat)
1014 728 1230 776 deprompta
1260 738 1341 763 esse
1359 725 1474 762 videri

823 788 986 834 possunt.
1026 782 1134 832 Apud
1152 781 1366 830 Aeschylum
1388 795 1474 831 sup-

822 840 966 890 plemm.
983 842 1064 880 900
1095 839 1272 875 iuvenitur
1300 837 1403 888 μέθυ
1431 836 1473 876 ἐκ

821 898 991 947 κριθῶν.
1051 896 1127 932 Sed
1143 895 1259 943 magis
1279 895 1348 931 huc
1362 895 1473 944 perti-

821 957 883 990 net
908 952 1060 990 Diodori
1084 951 1184 989 locus
1215 951 1250 998 Ι,
1272 953 1326 991 20
1359 954 1396 987 et
1416 949 1472 991 34

821 1009 896 1055 fin.,
928 1009 988 1046 ubi
1020 1008 1107 1045 haec
1134 1008 1325 1056 leguntur:
1354 1021 1472 1044 κατα-

822 1063 1053 1112 σκευάζουσι
1070 1062 1112 1103 δὲ
1134 1063 1201 1103 καὶ
1225 1062 1266 1102 ἐκ
1286 1064 1365 1101 τῶν
1388 1077 1471 1114 κρι-

820 1124 909 1161 θῶν
941 1117 1154 1172 Αἰγύπτιοι
1180 1115 1308 1170 πόμα,
1332 1114 1471 1158 λειπό-

821 1193 941 1229 μενον
971 1174 1019 1217 ου’
1048 1174 1151 1216 πολύ
1178 1179 1250 1227 τῆς
1277 1174 1367 1227 περὶ
1399 1172 1470 1215 τόν

821 1231 932 1274 οἶνον
955 1230 1144 1281 εὐωδίας,
1175 1230 1199 1272 ὃ
1217 1235 1382 1272 καλοῦσι
1405 1233 1469 1279 ζῦ-

818 1296 906 1337 θος.
937 1291 1032 1328 Add.
1044 1291 1164 1327 Strab.
1179 1290 1281 1326 XVII
1297 1303 1332 1339 p.
1348 1291 1469 1335 1179,

819 1349 850 1384 C
867 1353 902 1385 et
920 1360 1013 1396 quae
1038 1346 1107 1384 alia
1126 1347 1233 1383 affert
1246 1345 1467 1393 wesseling.

817 1405 865 1440 ad
901 1403 1055 1441 Diodori
1093 1402 1222 1439 locum.
1278 1401 1469 1438 Admonet

818 1459 883 1496 Cr.
916 1460 1020 1496 Iesai.
1046 1458 1158 1504 XIX,
1192 1460 1266 1504 10,
1296 1458 1356 1494 ubi
1383 1460 1468 1493 sunt

815 1516 875 1565 qui
897 1516 1051 1552 eundem
1072 1515 1256 1551 cerevisiae
1274 1514 1323 1561 (si
1344 1513 1395 1549 ita
1412 1512 1468 1549 lo-

814 1573 875 1621 qui
895 1573 950 1608 fas
974 1572 1055 1619 est)
1091 1574 1219 1620 potum
1248 1569 1466 1617 intelligant,

812 1629 1031 1678 reprobante
1053 1627 1214 1665 Gesenio
1239 1625 1464 1673 (commentt.

812 1698 899 1735 pag.
922 1685 1036 1733 615),
1068 1685 1130 1733 qui
1152 1686 1332 1720 caeterum
1354 1682 1466 1719 Hart-

812 1754 933 1777 maun.
971 1742 1056 1778 citat
1092 1741 1145 1777 in:
1183 1738 1463 1776 Erdbeschreib.

813 1810 884 1834 von
908 1797 1068 1846 Aegypt.
1096 1810 1133 1845 p.
1157 1798 1236 1835 177
1267 1796 1465 1832 etiamnum

813 1854 1006 1890 cerevisiae
1046 1851 1230 1901 quoddam
1267 1864 1381 1899 genus
1420 1862 1465 1887 ex

813 1909 940 1958 Spelta
958 1909 992 1945 in
1006 1908 1173 1957 Aegypto
1192 1907 1312 1956 parari
1330 1908 1464 1944 docen-

811 1969 895 2001 tem.
919 1965 966 2001 Et
986 1964 1237 2014 pervulgatum
1257 1963 1354 2013 apud
1374 1961 1463 1998 alias

814 2026 942 2069 gentes
963 2020 1187 2069 antiquitatis
1209 2019 1306 2055 haud
1326 2030 1463 2068 paucas

812 2078 881 2114 hoc
919 2077 1078 2127 potionis
1116 2089 1253 2125 genus;
1294 2075 1341 2112 de
1376 2087 1462 2123 quo,

811 2138 981 2170 monente
1012 2134 1141 2170 eodem
1183 2131 1268 2175 Cr„
1308 2130 1462 2180 plurima

810 2190 952 2238 collegit
965 2189 1213 2236 Lindenbrog.
1225 2187 1271 2223 ad
1282 2186 1460 2223 Ammian.

809 2246 968 2283 Marcell.
989 2245 1132 2290 XXVI,
1156 2246 1180 2284 8
1211 2242 1247 2293 ἓ
1270 2247 1297 2284 2
1319 2257 1355 2293 p.
1381 2243 1461 2283 158

810 2316 887 2352 seq.
917 2307 942 2339 t.
961 2302 1012 2338 111
1035 2302 1092 2339 ed.
1113 2299 1248 2348 lVagn.
1270 2299 1349 2336 coll.
1373 2299 1459 2335 Chr.

811 2360 966 2396 Gruner.
993 2359 1042 2394 ad
1071 2357 1257 2393 Zosimum
1282 2353 1459 2404 Panopol.

810 2417 856 2452 de
874 2415 1076 2463 Zythorum
1096 2412 1319 2450 confectione
1341 2425 1377 2461 p.
1391 2412 1458 2451 30.

808 2471 866 2507 Ex
881 2470 1119 2507 Burckhardt.
1136 2468 1317 2505 itinerario
1337 2469 1460 2504 monet

810 2528 837 2564 I.
859 2528 905 2564 de
928 2528 1111 2563 Hammer.
1134 2525 1189 2572 (in
1208 2523 1459 2561 annall.Vien-

810 2597 929 2620 nenss.
953 2582 1022 2619 vol.
1045 2581 1148 2618 XLV
1179 2594 1215 2630 p.
1237 2582 1310 2628 67)
1329 2579 1458 2616 hodie-

810 2653 882 2688 que
923 2638 1126 2688 Aegyptios
1165 2636 1227 2673 tali
1268 2637 1458 2682 fermento,

807 2696 906 2744 quod
934 2695 1037 2732 Basa
1062 2692 1269 2744 appellent,
1306 2692 1460 2729 maxime

807 2752 988 2789 delectari.

864 2802 912 2845 ου’
938 2803 1012 2859 γάρ
1036 2806 1108 2856 σφί
1129 2805 1204 2845 εἶσι
1223 2803 1264 2844 ἐν
1284 2805 1334 2857 τῇ
1349 2797 1457 2855 χώρῃ

809 2860 997 2914 ἄμπελοι]
1032 2863 1091 2901 De
1120 2865 1335 2910 argumento
1361 2860 1455 2897 conf.

1128 2920 1184 2958 42
