1909 3228
675 177 977 219 cL10.1.

1367 178 1448 218 301

193 291 431 347 προτεραίῃ
461 287 597 346 εἶχον,
642 288 673 346 ἢ
700 288 753 333 τά
781 288 999 344 παρεόντα
1027 296 1107 342 σφι
1135 286 1200 342 εἴη
1230 284 1449 340 αἱρετώτε-

163 377 183 412 5
196 387 265 426 ρα.

327 370 372 413 οἱ
401 368 447 413 δὲ
476 369 670 425 ἔφασαν,
710 367 876 412 πολλὸν
904 365 1016 411 εἶναι
1047 364 1193 410 αὐτῶν
1222 364 1272 408 τό
1302 365 1447 421 μέσον.
1461 370 1504 405 55

190 449 272 506 τὴν
300 449 380 505 μὲν
408 447 491 505 γὰρ
512 447 726 504 προτέρην
745 445 911 503 ἡμέρην
929 446 1070 490 πάντα
1091 458 1170 502 σφι
1190 444 1302 489 κακὰ
1326 445 1448 500 ἔχειν·

160 527 273 585 6τὴν
311 528 357 572 δὲ
400 527 497 572 τότε
536 530 806 583 παρεοῦσαν,
851 523 991 568 πάντα
1031 523 1188 580 ἀγαθοί.
1248 527 1449 580 Παραλα-

189 606 283 664 βὼν
322 606 369 650 δὲ
405 610 535 649 τοῦτο
574 606 622 649 vo*
662 607 763 656 ἔπος
812 602 836 647 ὁ
878 608 1028 657 Κῦρος
1061 602 1341 660 παρεγύμνου
1370 602 1448 647 τὸν

189 684 332 730 πάντα
361 683 517 741 λόγον,
549 684 708 739 λέγων·
740 682 941 735 ,ξἈνδρες
972 682 1162 737 Πέρσαι,
1194 682 1308 726 οὕτω
1339 680 1447 738 ὑμῖν

186 766 317 820 ,,ἓ’χει.
374 763 685 820 βουλομένοισι
713 762 792 817 μὲν
821 761 919 817 έμέο
946 764 1199 813 πείθεσθαι,
1231 761 1318 804 ἔστι
1347 761 1505 805 τάδεδο

349 842 359 858 ἱ
403 841 423 855 5!
634 842 643 856 Ι
716 839 726 855 2
835 839 844 853 ἱ
961 838 970 853 9
1007 839 1021 864 ’ζ
1163 839 1172 852 Ι

185 859 262 895 „ts
291 860 365 886 και
394 846 503 885 αλλα
532 858 673 897 μυρια
703 845 874 896 αγαθα,
918 842 1079 884 ουδενα
1114 856 1254 883 πονον
1294 841 1449 883 δουλο-

184 920 386 977 ,,πρεπέα
409 921 576 977 ἔχουσι·
601 919 659 976 μὴ
686 918 995 976 βουλομένοισι
1017 919 1062 962 δὲ
1084 918 1180 974 ἐμέο
1200 920 1447 972 πείθεσθαι,

185 1002 303 1052 »εἰσὶ
332 999 441 1056 ὑμῖν
468 999 599 1044 πόνοι
627 1002 690 1055 τῷ
718 1003 849 1055 χθιζῷ
886 996 1177 1055 παραπλήσιοι
1206 996 1448 1055 ἀναρίθμη-

154 1084 212 1131 7,,
225 1096 304 1123 τοι.
363 1083 447 1122 νῦν
478 1074 541 1122 ὦν
570 1078 669 1134 έμέο
699 1077 978 1134 πειθόμενοι,
1008 1079 1182 1134 γίνεσθε
1211 1077 1446 1132 ἐλεύθεροι.

185 1156 358 1210 ,,αυ’το’ς
396 1174 442 1201 τε
477 1157 562 1214 γὰρ
603 1157 740 1201 δοκέω
776 1159 876 1214 θείῃ
914 1155 1022 1214 τύχῃ
1054 1156 1244 1213 γεγονὼς
1272 1155 1374 1200 τάδε
1403 1156 1446 1207 ές

183 1242 359 1294 ,,χεῖρας
389 1236 574 1295 ἄγεσθαι
586 1252 598 1265 ·

178 1419 325 1462 πολλὸν
345 1418 445 1462 εἶναι
462 1417 519 1461 αὖ
532 1437 553 1461 τ
565 1423 629 1461 οἷν
647 1419 691 1462 vo*
713 1419 778 1473 μέ-

123 1482 219 1525 σον]
259 1473 394 1517 αὐτῶν
423 1493 503 1517 cum
530 1480 648 1516 Gaisf.
673 1478 778 1516 dedi-

122 1548 204 1573 mus
222 1548 289 1586 pro
310 1531 412 1574 αὕτέ
423 1551 490 1575 ων.
519 1536 561 1572 In
583 1549 688 1585 seqq.
703 1550 777 1574 πα«

123 1593 357 1642 ραγυμνοῦν
389 1589 492 1641 (τόν
514 1587 663 1644 λόγον)
690 1593 713 1629 i.
742 1605 775 1629 e.

121 1647 273 1695 nudare,
299 1649 521 1699 patefacere,
552 1651 685 1697 aperire
695 1662 708 1692 ,-
735 1652 778 1685 ut

122 1704 221 1753 apud
238 1703 421 1741 Plotinum
441 1718 527 1755 pag.
542 1707 622 1746 162
639 1734 649 1751 ,
666 1705 697 1740 Β
717 1705 776 1742 ed.

121 1759 233 1797 Basil.
250 1789 261 1807 ,
298 1761 347 1797 ad
375 1773 486 1808 quem
519 1760 636 1797 locum
671 1759 778 1810 plura

121 1816 227 1854 nobis
248 1816 350 1853 dabit
371 1816 586 1854 Creuzerus.

171 1897 447 1951 βουλομένοισι
468 1896 540 1950 μὲν
560 1895 676 1949 ε’μέο
693 1896 777 1938 πεί-

121 1954 297 2006 θεσθαι]
336 1955 470 1993 Rarior
500 1956 600 1993 verbi
637 1955 776 1993 πείθε-

123 2016 222 2052 σθαι
238 2016 415 2049 structura
441 2025 523 2048 cum
542 2011 701 2061 genitivo
720 2010 775 2047 lo-

120 2081 165 2106 co
205 2068 317 2105 dativi
358 2080 406 2105 ne
450 2081 558 2116 quem
597 2068 772 2105 offendat.

119 2123 293 2162 Laudant
323 2123 419 2160 enirn
443 2124 573 2160 similia
602 2137 622 2161 e
645 2127 772 2160 nostro

119 2181 298 2231 scriptore
324 2179 379 2226 V,
412 2180 478 2220 33.
518 2179 587 2227 VI,
619 2182 682 2221 12.
723 2178 771 2226 V,

120 2238 188 2278 29.
227 2236 289 2274 Tu
303 2236 387 2274 vide
403 2236 454 2272 sis
470 2235 602 2274 Matth.
623 2235 660 2287 ἓ.
675 2237 772 2284 362,

122 2291 150 2333 4
165 2305 252 2344 pag.
275 2295 368 2335 677.

178 2373 302 2415 δοκέω
340 2375 458 2430 θείῃ
500 2370 626 2431 τύχῃ
663 2389 772 2427 γεγο-

122 2427 224 2478 νῶς]
261 2431 356 2486 θείῃ
390 2431 486 2486 τύχῃ
529 2437 585 2471 est
618 2432 773 2469 formula

123 2500 199 2524 non
230 2487 336 2525 valde
365 2489 489 2540 dispar
517 2489 564 2525 ab
583 2501 646 2537 ea,
677 2501 771 2538 quae

122 2543 163 2591 I,
191 2546 266 2584 111
298 2543 429 2593 legitur
454 2541 553 2583 κατοέ
585 2544 768 2594 δαίμονα,

123 2604 163 2638 et
182 2599 228 2636 ab
255 2598 333 2636 aliis
354 2599 459 2636 huius
481 2601 645 2649 generis,
675 2613 770 2649 quae

123 2656 254 2693 excitat
290 2654 503 2693 Valckenar.
539 2657 588 2693 ad
630 2655 771 2694 Herod.

121 2710 195 2759 ΙΠ,
235 2710 338 2758 153,
380 2708 479 2751 nocto?
513 2708 633 2759 θεὸν,
670 2709 770 2752 κατοέ

121 2762 248 2818 τύχην
265 2781 299 2805 κ.
322 2782 353 2806 τ.
376 2769 410 2807 λ.
456 2766 625 2817 Namque
643 2780 687 2807 ex
708 2781 771 2807 ve-

122 2827 239 2862 terum
257 2823 460 2873 sententia,
488 2828 528 2862 ut
544 2825 594 2863 ait
615 2823 770 2864 Valcke-

658 1236 732 1282 καὶ
769 1235 906 1293 ὑμέας
941 1235 1106 1293 ἥγημαι
1143 1234 1308 1292 ἄνδρας
1345 1235 1502 1292 Μή-65

844 1421 968 1458 narius
991 1420 1013 1458 l.
1036 1419 1059 1457 l.
1088 1420 1264 1472 providae
1295 1419 1355 1458 dei
1392 1431 1499 1457 curae

845 1478 992 1515 suberat
1013 1478 1123 1515 etiam
1136 1506 1146 1525 ,
1179 1490 1274 1527 quae
1293 1475 1384 1513 Fors
1402 1477 1501 1514 dice-

843 1534 971 1581 batur,
1027 1535 1104 1571 sive
1145 1532 1329 1579 Fortuna,
1387 1527 1500 1583 τύχη.

845 1590 953 1627 Conf.
975 1590 1114 1629 Herod.
1134 1590 1185 1627 IV
1199 1619 1210 1638 ,
1230 1592 1267 1631 8.
1297 1589 1344 1637 V,
1365 1591 1405 1630 3.
1430 1592 1497 1630 92.

845 1650 882 1684 ct
896 1646 1043 1684 Livium
1071 1647 1109 1694 I,
1130 1646 1156 1687 4
1200 1646 1321 1696 (forte
1347 1645 1502 1696 quadam

843 1702 1061 1752 divinitus),
1090 1704 1152 1740 ubi
1182 1703 1253 1739 vid.
1276 1703 1305 1739 Ι.
1332 1703 1377 1741 F.
1402 1702 1501 1738 Gro-

843 1759 1000 1796 novium.
1031 1779 1087 1786 —
1126 1759 1250 1796 Verba
1285 1758 1498 1807 sequentia:

843 1810 939 1852 τάδε
959 1813 997 1861 ές
1021 1817 1152 1865 χεῖρας
1172 1812 1342 1866 ἄγεσθαι
1375 1818 1497 1851 verte:

843 1874 885 1906 ut
910 1870 995 1907 haec
1024 1870 1215 1918 adgrediar
1251 1874 1357 1919 atque
1386 1871 1499 1906 susci-

838 1927 961 1975 piam,
993 1940 1022 1962 s.
1045 1926 1161 1974 magis
1185 1926 1235 1963 ad
1254 1926 1424 1963 verbum:
1454 1929 1495 1963 ut

843 1981 927 2018 haec
956 1983 994 2018 in
1031 1994 1154 2018 manus
1190 1995 1283 2019 meas
1311 1982 1496 2029 abducam,

841 2038 864 2074 i.
878 2051 909 2075 e.
939 2039 976 2074 in
990 2041 1197 2088 potestatem
1214 2050 1323 2075 meam
1341 2039 1498 2088 redigere

841 2106 950 2130 coner.
1007 2095 1175 2132 Recurrit
1193 2095 1302 2133 dictio
1328 2094 1398 2143 IV,
1426 2097 1493 2137 79.

839 2149 907 2187 VII
918 2179 929 2198 ‚
951 2151 989 2192 8.

896 2260 964 2301 καὶ
984 2259 1109 2313 ’ὑμέας
1127 2257 1261 2314 ἤγημ
1273 2276 1323 2302 αι
1347 2259 1494 2315 ἄνδρας

837 2331 873 2356 κ.
901 2332 934 2357 τ.
962 2317 1019 2369 λ-]
1062 2315 1155 2371 ἥγη
1169 2335 1231 2368 μα
1245 2333 1258 2357 ι
1292 2321 1493 2370 perfectum

836 2373 896 2411 hie
915 2388 982 2425 pro
1001 2376 1186 2426 praesenti
1213 2379 1380 2426 tempore
1399 2377 1493 2413 acci-

837 2430 1009 2481 piendum
1030 2435 1153 2468 monet
1179 2430 1310 2468 Matth.
1337 2431 1402 2468 Gr.
1424 2432 1492 2469 Gr.

839 2484 878 2537 ἓ.
902 2487 995 2529 505.
1023 2488 1075 2524 ΙΙΙ
1093 2500 1179 2543 szg.
1202 2488 1296 2529 959.
1315 2509 1372 2514 --
1396 2488 1493 2525 For-

836 2543 971 2581 mulam
1011 2542 1064 2590 οὸς
1106 2544 1162 2582 ὠν
1202 2539 1367 2594 ἐχόντων
1413 2538 1491 2583 ὦδε

837 2598 946 2649 (quae
967 2612 1044 2636 cum
1065 2602 1118 2637 ita
1140 2601 1233 2647 sint,
1263 2613 1292 2636 s.
1306 2612 1386 2646 vos,
1406 2613 1491 2650 per-

839 2669 978 2702 suasos,
1010 2655 1098 2693 Ιιαησ
1120 2669 1189 2693 esse
1205 2668 1317 2693 rerum
1337 2657 1487 2705 statum)

837 2711 988 2749 illustrat
1003 2711 1267 2761 I‘Vesselingius
1285 2712 1362 2749 aliis
1383 2711 1486 2760 locis,

836 2766 945 2817 VIII,
968 2766 1060 2810 144.
1097 2769 1271 2821 Sophoel.
1287 2768 1345 2807 Ai.
1363 2768 1458 2810 915.
