1909 3228
445 215 530 256 55⁰

838 207 1303 247 HERoDoTl

446 356 470 375 „
483 323 611 366 πόλιν
646 321 759 374 ῥέειν
787 318 981 372 ποταμὸν
1009 317 1162 372 μέγαν·
1197 315 1309 370 ῥέειν
1337 315 1382 358 δὲ
1411 314 1496 358 ἀπὸ
1520 315 1697 371 ἑσπέρης

446 400 615 452 ,,αυ’τόν
645 397 756 452 πρός
793 396 917 452 ἥλιον
955 394 1262 439 ἀνατέλλοντα·
1311 396 1546 449 φαίνεσθαι
1576 395 1621 438 δὲ
1650 394 1698 437 ἐν

391 610 468 642 tum
498 605 592 640 inter
615 603 709 640 viros
733 603 880 648 doctos,
907 601 1037 638 fluvius

390 661 459 697 iste
490 659 551 708 qui
579 659 697 696 suerit.
755 659 831 696 Sed
851 658 907 694 vix
933 658 1038 694 dubi-

390 716 564 761 tandum,
595 714 751 764 Nigrum
771 728 851 752 esse
877 715 950 752 sive
980 712 1039 750 Io-

391 772 482 817 lz'ba,
512 772 612 820 quod
640 772 738 822 apud
763 771 952 818 indigenas
973 772 1038 806 tlu-

390 828 437 864 vii
459 832 515 864 est
537 840 688 874 nomen,
720 827 892 876 quodque
923 827 1040 876 ipsum

391 883 572 932 significat
598 885 755 934 fluvium
783 895 947 930 ”ragnum
978 895 1041 919 seu

391 952 521 989 aquam
542 951 716 988 magnam.
774 938 871 976 Nam
902 939 938 974 in
960 951 1041 975 eum

391 1008 499 1033 unum
519 997 735 1033 conveniunt
762 995 944 1032 Herodoti
961 1007 1041 1031 ver-

391 1053 458 1097 ba,
489 1052 631 1100 ipsique
655 1050 823 1089 crocodili
845 1052 882 1087 in
906 1064 948 1087 eo
968 1051 1042 1087 sre-

391 1112 545 1156 quentes
587 1120 667 1145 esse
704 1107 883 1144 dicuntur.
950 1106 1042 1144 Vide

390 1164 547 1200 Heeren.
567 1163 588 1200 l.
612 1164 634 1200 l.
656 1164 708 1210 ΙΙ,
732 1167 751 1203 1
774 1176 810 1212 p.
832 1164 923 1204 201.
954 1161 999 1208 Il,
1016 1166 1042 1203 2

390 1233 426 1270 p.
439 1219 519 1261 439
549 1220 626 1256 coll.
649 1219 801 1257 Rennel.
822 1218 877 1256 l.l.
898 1232 934 1268 p.
948 1219 1042 1259 573.

390 1275 523 1312 Ritter.
554 1276 757 1313 Erdkunde
790 1275 808 1312 I
848 1287 934 1325 pag.
960 1274 1043 1315 472

393 1344 496 1380 seqq.
526 1331 611 1373 492
634 1345 738 1381 seqq.
782 1332 936 1368 Gravius
958 1330 1044 1366 illud

392 1392 466 1433 est,
497 1388 595 1436 quod
615 1400 689 1424 non
718 1388 834 1424 miuus
865 1388 960 1424 inter
979 1399 1044 1424 ve-

393 1447 513 1490 teres,
550 1456 659 1491 quam
696 1444 788 1480 inter
822 1443 1042 1480 recentiores

391 1499 618 1549 potissimum
663 1499 902 1548 disceptatiun
963 1501 1042 1543 est,

392 1558 510 1591 utruni
544 1554 601 1590 hic
640 1555 791 1601 fluvius,
830 1566 937 1602 quem
973 1552 1042 1589 Ni-

392 1621 497 1658 grum
529 1622 610 1646 esse
641 1610 818 1656 diximus,
848 1622 928 1646 cum
955 1608 1041 1645 Nilo

391 1665 608 1711 cohaereat,
630 1666 796 1714 adeoque
816 1678 906 1701 unus
926 1665 1042 1701 idern-

391 1733 463 1770 que
487 1722 533 1757 sit
555 1723 694 1758 fluvius.
754 1721 962 1758 Praefracte
978 1733 1043 1757 ne-

391 1781 458 1825 gat
477 1776 674 1813 chnelius
697 1777 719 1813 l.
742 1777 764 1812 l.
784 1789 872 1825 pag.
892 1777 971 1816 573
987 1788 1041 1823 sq.

391 1845 458 1870 nec
497 1832 643 1868 omnino
680 1832 782 1869 aliter
811 1831 1044 1868 statuendum

391 1888 481 1934 erit,
499 1889 528 1924 si
547 1889 665 1938 ipsum
678 1887 784 1936 Nigri
803 1900 946 1923 cursum
959 1899 1046 1923 con-

392 1945 529 1981 sideres
570 1944 819 1992 montiumque
863 1943 1044 1980 interioris

391 2000 534 2037 Africae
581 2004 756 2046 tractum,
813 2003 849 2037 et
896 2003 1046 2045 terram,

391 2068 500 2105 quam
526 2055 633 2094 Nilus
664 2060 847 2105 permeat,
878 2055 1044 2092 altiorem

392 2112 458 2158 eii,
490 2125 600 2162 quam
630 2112 748 2160 Niger
780 2113 931 2160 irrigat,
961 2111 1044 2158 alia,

392 2180 486 2217 quac
517 2169 563 2205 ab
593 2169 854 2206 recentioribus
880 2167 1043 2217 peregri-

391 2224 576 2261 natoribus
613 2225 828 2271 observata,
858 2224 952 2261 bene
977 2236 1043 2260 no-

391 2284 515 2316 tarunt
538 2280 743 2317 Heerenius
763 2281 815 2327 ll,
840 2283 859 2320 1
881 2293 966 2329 pag.
992 2279 1041 2321 15

393 2348 469 2385 seq.
500 2336 664 2373 Ritterus
689 2336 712 2373 l.
734 2336 757 2373 l.
776 2336 791 2373 I
812 2335 939 2386 p.49l
964 2348 1045 2385 sqq.

393 2392 475 2433 506
499 2405 601 2441 seqq.
621 2392 701 2433 511
723 2405 826 2441 seqq·
856 2393 1045 2438 523-26,

393 2447 455 2496 qui
490 2449 600 2486 iidem
629 2461 673 2486 ex
705 2449 903 2486 eorundem
941 2461 1047 2498 pere-

395 2505 619 2552 grinatorum
640 2505 859 2541 testimoniis
882 2505 969 2541 satis
981 2516 1046 2554 pa-

395 2565 471 2597 tere
522 2561 713 2607 adiiciunt,
756 2561 854 2610 apud
898 2560 1045 2596 istarum

396 2620 571 2652 terrarum
592 2616 728 2660 incolas
753 2617 906 2654 eandem
921 2615 1047 2653 hodie-

398 2684 469 2718 que
507 2673 590 2708 serri
617 2674 769 2710 faniam:
799 2672 954 2721 Nigrum
982 2685 1046 2708 co-

398 2725 545 2764 haerere
575 2741 653 2764 cum
680 2728 764 2766 Nilo
784 2758 795 2775 ‚
835 2729 909 2766 sive
937 2741 1047 2765 unum

401 2794 482 2819 csse
501 2783 729 2833 eundemque
750 2785 906 2822 fluvium.
937 2785 1046 2821 Couf.

1105 599 1322 637 Dahlmann.
1343 599 1378 634 in
1391 597 1571 635 Herodot.
1588 610 1671 647 pag.
1686 599 1751 640 86.

1106 655 1282 693 Bennelio
1302 655 1437 691 diserte
1459 653 1666 702 obloquitur
1676 653 1753 690 Du-

1107 725 1193 749 reau
1226 712 1272 748 de
1301 711 1334 747 la
1354 710 1464 747 Malle
1493 710 1755 758 (Geograpliie

1107 769 1283 819 phys-ique
1306 772 1372 803 etc.
1402 779 1437 816 p.
1464 768 1548 814 79)
1577 765 1756 803 communi

1108 826 1225 861 suinae
1247 823 1470 872 antiquitatis
1502 834 1618 872 acque
1639 834 1680 858 ac
1700 834 1757 858 re-

1109 881 1304 918 centiorum
1347 884 1550 928 temporum
1585 878 1758 914 insisten-

1110 937 1195 973 dum
1226 940 1327 972 ratus
1361 948 1512 983 eamque
1550 946 1756 984 proponens

1111 993 1347 1037 sententiam,
1378 996 1418 1026 ut
1447 990 1550 1027 Nilus
1581 996 1618 1028 et
1643 990 1758 1038 Niger

1110 1061 1175 1099 per
1205 1048 1310 1084 aliurn
1331 1047 1475 1083 fluvium
1505 1046 1758 1083 intermedium

1110 1105 1214 1154 quasi
1227 1103 1338 1140 iuncti
1350 1104 1614 1149 existimentur,
1629 1115 1758 1150 quem-

1111 1161 1307 1198 admodum
1334 1172 1366 1196 v.
1386 1172 1415 1195 c.
1444 1159 1479 1195 in
1507 1158 1673 1196 America
1701 1170 1762 1194 se-

1110 1216 1342 1268 ptentrionali
1372 1216 1530 1252 Orinoco
1561 1215 1688 1252 fluvius
1721 1217 1761 1251 et

1111 1273 1338 1310 Amazonum
1365 1272 1495 1308 fluvius
1524 1272 1633 1308 iuncti
1661 1271 1761 1307 inve-

1112 1330 1258 1366 niantur
1299 1329 1408 1364 fluvio
1447 1328 1518 1365 Rio
1539 1326 1698 1375 -Negro
1725 1329 1762 1362 et

1112 1385 1354 1433 Cassiquiare.
1383 1384 1649 1421 Recentissima
1671 1394 1761 1430 quo·

1111 1442 1158 1477 ad
1183 1441 1256 1477 scio
1280 1441 1486 1477 testimonia
1506 1440 1683 1488 praebent
1701 1438 1761 1473 iti-

1111 1497 1252 1534 neraria
1289 1495 1399 1544 Angli
1441 1496 1539 1531 docti
1574 1500 1611 1531 et
1651 1493 1760 1530 Galli.

1111 1553 1274 1595 Quorum
1295 1551 1370 1598 ille,
1399 1551 1482 1587 Fitz
1513 1551 1709 1595 Clarence,
1739 1562 1761 1585 a

1110 1613 1310 1645 mercatore
1345 1606 1488 1654 Arabe,
1530 1607 1590 1655 qui
1627 1606 1760 1656 pluries

1110 1666 1182 1700 iarn
1212 1664 1298 1700 inde
1325 1676 1347 1699 a
1366 1663 1458 1699 Fetz
1487 1664 1535 1699 ad
1556 1662 1762 1698 Tornbuctu

1111 1720 1178 1757 iter
1203 1721 1362 1765 fecerat,
1393 1718 1484 1755 haec
1509 1719 1671 1767 accepit:
1702 1730 1764 1753 ur-

1112 1775 1194 1812 bem
1225 1775 1361 1811 distare
1391 1774 1531 1810 duabus
1561 1775 1642 1811 viae
1664 1773 1763 1810 horis

1112 1831 1158 1867 ab
1179 1829 1318 1878 Nigro,
1349 1830 1410 1878 qui
1435 1830 1611 1867 orientem
1635 1841 1762 1866 versus

1111 1888 1227 1923 fluens
1256 1887 1292 1922 in
1322 1898 1492 1934 magnum
1514 1886 1626 1923 dulcis
1647 1897 1764 1934 aquae

1112 1941 1227 1979 lacurn
1244 1943 1318 1979 sive
1337 1955 1437 1979 mare
1457 1943 1614 1989 desinat,
1636 1943 1765 1978 inme·

1113 1999 1173 2035 dia
1192 1998 1312 2035 Africa
1334 1998 1440 2035 situm
1469 2000 1616 2036 nomine
1644 1997 1765 2035 Balar-

1113 2054 1272 2098 saman,-
1292 2055 1388 2091 unde
1408 2055 1467 2103 qui
1487 2056 1532 2092 ab
1555 2054 1666 2092 altera
1679 2065 1765 2103 par-

1110 2115 1148 2148 te
1181 2115 1286 2148 exeat
1325 2111 1452 2146 ssuvius
1473 2139 1485 2157 ‚
1526 2123 1607 2147 esse
1640 2109 1764 2146 Nilum

1109 2166 1331 2216 Aegyptium
1357 2166 1479 2214 (conf.
1498 2166 1623 2203 Revue
1644 2166 1764 2212 Ency-

1111 2222 1202 2272 clop.
1223 2227 1248 2258 t.
1262 2221 1310 2258 lV
1331 2224 1445 2271 p.57,
1464 2222 1579 2259 xeme
1598 2221 1761 2265 livrais.).

1111 2279 1333 2321 Quibuscum
1386 2279 1462 2315 fere
1516 2279 1763 2323 consentiunt,

1114 2347 1208 2383 quae
1241 2334 1414 2371 Mollieno
1447 2334 1643 2371 sciscitanti
1673 2346 1765 2370 non-

1114 2389 1202 2426 nulli
1229 2391 1416 2427 dixerunt:
1455 2390 1612 2439 Nigrum
1640 2388 1764 2439 procul

1114 2447 1160 2482 ab
1182 2447 1270 2483 urbe
1291 2446 1498 2483 'l'ombuctu
1529 2447 1626 2484 exire
1655 2446 1691 2482 in
1714 2445 1766 2482 la-

1115 2515 1194 2538 cum
1233 2503 1468 2549 immensum,
1524 2503 1621 2539 cuius
1654 2502 1764 2552 ipsius

1114 2571 1232 2607 aquae
1255 2560 1456 2596 defluentes
1485 2559 1522 2596 in
1549 2558 1672 2595 Nilum
1701 2559 1766 2595 de-

1115 2614 1331 2652 labcrentur.
1391 2615 1472 2651 vid.
1508 2614 1660 2664 Voyage
1698 2618 1762 2652 etc.

1117 2677 1143 2707 t.
1174 2671 1185 2706 l
1216 2684 1302 2721 pag.
1327 2673 1419 2713 219.
1460 2676 1484 2708 t.
1515 2670 1548 2708 ll
1577 2684 1660 2721 pag.
1683 2673 1762 2712 291

1115 2740 1191 2776 seq.
