1909 3228
454 231 537 271 olo

845 225 1314 266 HERODOTI

457 335 715 394 ποιήσαντες
742 335 976 391 θεογονίην
991 332 1190 390 Ἕλλησι,
1222 332 1295 378 καὶ
1322 337 1433 378 τοῖσι
1461 340 1605 381 θεοῖσι
1632 335 1709 388 τὰς

403 511 539 547 dudum
580 506 720 544 monuit
756 505 804 542 G.
847 504 1048 544 Hermann.

405 566 582 614 (Homer.
611 562 722 600 Brief.
750 574 836 611 pag.
856 564 939 612 11).
998 562 1050 600 Ac

403 623 481 659 iure
500 620 643 670 quidem
660 619 696 654 in
716 618 859 665 dativo,
889 619 950 668 qui
970 631 1050 656 ver-

403 679 451 715 bo
472 679 599 715 ποιεῖν
620 675 779 712 adiectus
798 678 874 722 est,
902 675 950 711 W
953 688 1052 713 esse-

404 733 598 781 lingianam
635 731 665 768 si
699 731 831 780 probes
863 732 1052 779 rationem,

403 790 530 826 haeret
556 787 667 824 Wolf.
689 786 861 835 Prolegg.
882 788 1051 825 Homerr.

404 857 490 895 pag.
527 843 624 881 LIV.
688 842 798 893 Apud
834 843 1053 881 Pausaniam

405 901 484 938 loco
503 900 572 946 IX,
600 901 676 946 27,
701 902 728 940 2
759 899 856 936 haud
876 899 1055 946 dissimili,

407 970 514 1006 quem
549 956 752 993 Creuzerus
783 956 920 1006 profert
945 956 1055 1003 (Ho-

406 1026 494 1051 mer.
511 1013 622 1049 Brief.
642 1025 678 1061 p.
700 1013 776 1058 27,
794 1012 854 1048 ubi
873 1013 978 1059 vid),
1003 1012 1055 1049 le-

407 1070 544 1118 gimus:
584 1063 740 1113 Λύκιος
771 1064 813 1106 δὲ
840 1063 986 1116 Ὠλήν,
1012 1064 1056 1114 ὃς

407 1125 475 1164 καὶ
494 1120 586 1170 τούς
605 1120 760 1175 ὕμνους
786 1122 880 1171 τούς
903 1120 1057 1175 ἀρχαιο-

407 1177 550 1227 τάτους
587 1179 674 1219 ἕπο
687 1179 827 1230 ιἠσεν
855 1177 1056 1232 ‘'Eunom-

409 1237 445 1275 Τ
448 1250 591 1275 acemus
611 1237 721 1284 alios,
750 1237 811 1286 qui
836 1237 952 1274 locum
979 1237 1059 1275 He-

409 1294 529 1332 rodoti
545 1296 766 1340 tractarunt,
796 1306 818 1330 a
833 1294 1016 1331 Creuzero
1033 1293 1056 1330 l.

409 1351 433 1388 l.
464 1350 501 1386 in
523 1354 598 1386 not.
637 1349 763 1386 allatos
782 1377 793 1395 ‚
830 1363 909 1387 cum
936 1351 1056 1400 ipsum

409 1407 558 1444 verbum
575 1408 705 1443 ποιεῖν
722 1405 855 1442 nullam
877 1406 983 1443 aliam
1001 1407 1056 1442 in-

410 1461 709 1512 terpretationem
728 1461 784 1497 hic
798 1462 981 1509 admittat,
1001 1462 1057 1497 ni-

416 1519 446 1555 si
476 1530 578 1564 eam,
616 1529 689 1565 qua
704 1517 709 1522 ’
716 1519 846 1566 primos
865 1517 1058 1554 Hesiodum

413 1577 519 1622 atque
575 1572 761 1610 Homerum
821 1572 1056 1621 Theogoniam

413 1630 560 1668 Graecis
579 1628 770 1665 condidisse
788 1628 958 1666 dicamus.
978 1629 1059 1666 Un—

415 1686 462 1722 de
480 1686 550 1721 iam
575 1685 719 1733 gravior
746 1684 865 1722 existit
885 1686 1062 1734 quaestio,

415 1753 487 1790 quo
505 1742 581 1778 iure
601 1746 637 1778 et
660 1753 731 1789 quo
752 1754 859 1778 sensu
878 1742 1060 1778 Homerus

416 1801 525 1845 atque
568 1796 753 1834 Hesiodus
795 1798 986 1833 inventores
1026 1800 1064 1834 et

415 1852 605 1889 conditores
643 1852 867 1900 theogoniae
899 1853 1063 1890 Graecae

416 1909 600 1955 dicantur,
648 1921 727 1945 cum
755 1912 839 1946 ante
874 1913 1064 1958 utrumque

416 1968 562 2015 poetam
602 1963 691 2000 alios
738 1964 809 2000 iam
846 1965 957 2002 fuisse
996 1977 1063 2015 per

418 2020 609 2058 Graeciam
636 2024 786 2070 poetaS,
820 2022 965 2059 minime
1000 2034 1064 2058 ne-

419 2078 497 2125 gari
512 2080 632 2125 queat.
663 2076 748 2113 Vult
756 2077 922 2127 Heynius
933 2078 1066 2126 (Com-

418 2137 579 2170 mentatt.
591 2132 723 2170 Societ.
734 2133 899 2183 Gotting.
910 2147 942 2170 a.
958 2136 1062 2174 1779

419 2189 489 2225 vol.
514 2188 547 2225 ΙΙ
574 2202 610 2239 p.
642 2190 762 2237 132),
791 2202 855 2237 ea,
885 2203 980 2239 quae
1000 2202 1065 2226 an-

419 2249 479 2283 tea
501 2245 661 2294 pluribus
694 2246 908 2283 carminibus
929 2246 1065 2296 passim

421 2302 468 2339 de
485 2302 554 2338 ‹liis
586 2314 783 2350 eorumque
810 2303 958 2350 formis,
987 2315 1066 2338 mu-

419 2357 564 2395 neribus
583 2361 649 2395 etc.
670 2358 836 2408 exposita
855 2363 920 2396 aut
940 2371 1067 2395 narra-

420 2414 519 2451 tione
541 2413 715 2450 maiorum
735 2426 776 2451 ac
795 2417 893 2452 sama
914 2414 1064 2452 diversis

421 2469 507 2507 locis
533 2470 673 2507 diverse
694 2483 821 2520 sparsa
840 2483 882 2508 ac
903 2471 1067 2508 dissemi-

421 2530 508 2563 nata
526 2527 697 2572 fuissent,
727 2539 799 2563 uno
815 2528 972 2565 carmine
989 2526 1067 2564 He-

422 2582 562 2619 siodum
597 2582 911 2632 comprehendisse
952 2583 1067 2620 diser-

422 2638 569 2687 tiusque
599 2639 832 2688 exposuisse3
869 2640 1067 2677 Homerum

424 2706 509 2731 vero
528 2695 672 2743 mythos
694 2695 741 2732 de
758 2696 826 2732 diis
844 2695 1010 2744 vulgatos
1019 2696 1067 2733 ad

425 2749 561 2797 epicam
577 2751 753 2788 rationem
782 2753 983 2790 traduxisse
1010 2755 1066 2789 at-

426 2816 497 2851 que
523 2805 573 2841 ita
606 2818 779 2855 ornasse,
809 2812 846 2845 et
863 2809 911 2845 ad
929 2811 1065 2846 certam

426 2860 602 2898 rationem
629 2863 880 2912 constituisse,
917 2869 958 2902 ut
977 2864 1064 2903 inde

1115 519 1182 557 pro
1219 505 1367 544 modulo
1395 518 1437 544 ac
1467 507 1593 556 regula
1621 507 1766 546 fabulae

1116 564 1333 600 haberentur
1344 563 1440 612 apud
1453 568 1629 611 posteros.
1647 564 1767 608 Quam

1118 620 1331 656 sententiam
1359 619 1536 668 amplians
1559 623 1596 656 et
1625 620 1768 657 uberius

1120 688 1304 725 exponens
1325 675 1527 712 Creuzerus
1550 677 1586 712 in
1606 675 1767 723 Symbol.

1119 732 1151 768 Il
1175 744 1261 781 pag.
1273 731 1351 771 451
1375 744 1451 780 seq.
1473 732 1567 769 hunc
1588 731 1692 768 huius
1711 731 1768 768 lo-

1119 788 1150 825 ci
1166 801 1311 825 sensum
1332 800 1411 824 esse
1433 788 1575 825 statuit:
1605 787 1771 833 „Homer

1119 845 1195 880 und
1214 844 1356 880 Hesiod
1384 844 1518 880 sanderi
1546 845 1611 881 das
1633 842 1770 891 Mittel,

1119 901 1158 937 iu
1191 900 1306 937 einem
1339 912 1456 937 neuen
1476 902 1773 949 Rittergesange,

1120 958 1179 994 fuir
1197 956 1274 993 Alle
1292 957 1468 1005 passerul,
1502 956 1604 993 Allen
1635 969 1680 992 zu
1698 957 1772 992 sin-

1123 1026 1194 1061 gen
1212 1026 1276 1048 zur
1289 1013 1464 1060 Genstge,
1490 1012 1610 1049 indem
1632 1014 1682 1049 sie
1705 1013 1772 1049 das

1123 1069 1351 1105 Geheimniss
1365 1069 1594 1116 entdeckten‚
1608 1069 1666 1108 die
1677 1068 1774 1105 Got-

1122 1129 1178 1163 ter
1203 1125 1279 1162 rein
1318 1124 1533 1161 menschlich
1563 1138 1608 1160 zu
1635 1124 1775 1161 behan-

1125 1181 1231 1227 ‹leln,
1272 1194 1317 1216 zu
1343 1180 1775 1230 anthropomorphisiren,

1126 1238 1162 1274 d.
1184 1237 1218 1273 h.
1241 1237 1361 1273 indem
1380 1237 1430 1273 sie
1452 1250 1490 1273 es
1509 1236 1683 1274 nichtnur
1694 1248 1776 1273 ver-

1126 1293 1280 1330 standen
1298 1321 1308 1339 ‚
1368 1293 1484 1330 einem
1535 1292 1776 1341 allgemeinen

1124 1349 1347 1387 Grundtrieb
1396 1349 1462 1386 der
1508 1348 1775 1386 menschlichen

1122 1405 1245 1443 Natur
1293 1406 1458 1454 gemiiss,
1509 1406 1580 1443 den
1619 1405 1776 1442 Gottern

1124 1461 1298 1498 sinnliche
1322 1461 1624 1509 Eigenschasten‚
1646 1461 1777 1498 Kraste

1123 1517 1199 1553 und
1236 1516 1458 1565 Neigungen
1495 1530 1540 1553 zu
1579 1516 1775 1562 verleihen,

1127 1573 1285 1610 sondern
1316 1573 1367 1609 sie
1400 1573 1489 1608 auch
1522 1573 1558 1609 in
1579 1574 1683 1610 einen
1704 1572 1777 1609 sol-

1127 1629 1218 1666 chen
1238 1628 1345 1665 Kreis
1378 1641 1449 1664 von
1466 1629 1711 1677 Handlungen
1730 1641 1776 1665 zu

1125 1689 1315 1722 versetzen
1327 1713 1337 1731 ‚
1354 1685 1426 1721 den
1445 1685 1504 1722 die
1516 1685 1778 1734 Einbildungs-

1128 1741 1226 1777 kraft
1243 1741 1308 1776 des
1330 1741 1574 1788 griechischen
1598 1741 1711 1777 Volks
1730 1753 1777 1777 zu

1128 1797 1310 1833 umfassen
1328 1796 1531 1842 vermocht3
1560 1799 1677 1833 wamit
1702 1796 1778 1834 also

1130 1852 1186 1889 (lie
1197 1850 1487 1901 Persomficatz'on
1506 1852 1565 1889 cler
1581 1853 1780 1890 Gottlwiten

1129 1921 1227 1958 ganz
1283 1907 1551 1945 volkstleiimlick
1609 1909 1779 1947 vollendet

1131 1965 1246 2001 war.“
1303 1966 1411 2002 Conf.
1436 1967 1590 2004 eundem
1619 1967 1780 2004 Creuze-

1130 2034 1208 2058 rum
1254 2021 1291 2057 in
1328 2020 1473 2058 Annall.
1516 2022 1780 2072 Heidelbergg.

1138 2076 1243 2119 1825
1280 2091 1365 2127 pag·
1390 2077 1490 2124 104,
1526 2079 1589 2127 qui
1620 2080 1668 2116 ad
1687 2083 1780 2118 θεο-

1133 2134 1274 2185 γονίην
1307 2134 1486 2170 Herodoti
1522 2135 1559 2171 in
1585 2134 1664 2172 loco
1692 2147 1779 2172 con·
1819 2136 1826 2142 ‘

1131 2190 1216 2227 ferri
1237 2189 1312 2227 vult
1330 2189 1443 2226 Procl.
1473 2189 1509 2227 in
1533 2189 1691 2227 Platonis
1712 2190 1780 2228 Ti-

1131 2258 1272 2283 maeum
1294 2259 1330 2296 p.
1347 2246 1428 2286 315
1457 2245 1516 2283 lin.
1539 2248 1590 2287 18
1618 2259 1720 2296 seqq.
1743 2250 1781 2284 et

1132 2302 1342 2351 scriptorem
1366 2302 1591 2340 Platonicum
1624 2303 1660 2339 in
1689 2302 1781 2353 Epi-

1132 2358 1280 2395 nomide
1309 2372 1344 2407 p.
1365 2359 1469 2406 980,
1503 2359 1535 2396 C
1564 2360 1623 2397 ed.
1649 2359 1779 2409 Steph.

1134 2418 1172 2451 et
1190 2414 1274 2450 add.
1288 2414 1398 2451 Rink.
1418 2415 1454 2451 in
1473 2414 1616 2452 Annall.
1628 2414 1781 2453 Heidel-

1131 2471 1261 2519 bergg.
1282 2474 1389 2512 1828
1411 2484 1463 2508 nr.
1480 2472 1533 2513 75
1561 2484 1647 2522 pag.
1671 2473 1782 2514 1192

1134 2539 1210 2575 seq.
1276 2527 1335 2563 Ad
1363 2540 1466 2565 usum
1503 2528 1604 2566 verbi
1637 2531 1782 2576 ποιεῖν,

1132 2583 1193 2620 ubi
1214 2580 1309 2630 ἔπος
1330 2585 1523 2631 omittitur,
1540 2584 1675 2622 faciunt
1689 2597 1781 2634 quo-

1133 2652 1205 2688 que
1234 2652 1298 2687 ea,
1328 2652 1422 2689 quae
1449 2641 1612 2679 Siebelis.
1643 2641 1783 2678 notavit

1132 2695 1182 2732 ad
1223 2695 1463 2745 Pausan.11,
1493 2700 1519 2739 6
1558 2695 1595 2748 ὃ.
1624 2701 1663 2739 2.
1716 2696 1780 2735 Cr.

1131 2753 1272 2789 confert
1309 2751 1563 2801 wyttenbach.
1593 2753 1644 2792 ad
1681 2752 1780 2792 Plut.

1130 2807 1272 2846 Morall.
1292 2807 1308 2846 I
1326 2822 1364 2860 p.
1385 2811 1479 2851 180.
