1909 3228
410 173 494 213 278

801 163 1270 205 HERODOTl

412 279 440 336 ἡ
469 280 537 332 δὲ,
577 277 635 330 ὥς
669 274 752 321 εἶδε
780 274 830 316 τὸ
859 274 1035 316 παιδίον
1064 272 1172 329 μέγα
1201 287 1244 314 τε
1283 272 1356 314 καὶ
1398 271 1555 323 εὐειδὲς
1585 271 1670 322 ἐὸν,

414 356 690 413 δακρύσασα,
737 353 810 398 καὶ
849 350 1068 408 λαβομένη
1106 354 1195 393 τῶν
1234 349 1461 405 γουνάτων
1488 354 1569 394 τοῦ
1600 350 1670 393 άν-

388 437 552 492 Ξδρὸς,
583 436 725 490 ἔχρῃζε
752 432 939 487 μηδεμιῇ
967 428 1091 485 τέχνῃ
1121 428 1316 472 ἐκθεῖναί
1343 446 1429 485 μιν.
1459 427 1482 473 ὁ
1515 430 1560 473 δὲ
1591 428 1673 474 οὐκ

418 517 502 572 ἔφη
531 512 621 563 οἷός
649 527 694 554 τε
724 507 836 554 εἶναι
864 509 1001 559 ἄλλως
1030 506 1140 551 αὐτά
1169 507 1349 551 ποιέειν·
1381 507 1675 564 ἐπιφοιτήσειν

421 596 505 650 γὰρ
535 587 839 639 κατασκόπους
877 587 920 641 ἐξ
960 586 1180 643 Ἁρπάγου
1211 585 1525 642 ἐποψομένους·
1575 585 1732 631 ἀπο-70

419 671 592 717 λέεσθαί
629 684 674 712 τε
713 665 921 721 κάκιστα,
978 667 1035 723 ἦν
1074 665 1131 723 μή
1163 677 1274 721 σφεα
1303 665 1479 723 ποιήσῃ.

1541 666 1601 718 ὥς
1631 666 1678 710 δὲ

420 749 504 795 οὐκ
533 749 677 793 ἔπειθε
705 746 788 803 ἄρα
816 747 896 791 τόν
926 745 1089 802 ἄνδρα,
1142 744 1321 800 δεύτερα
1361 745 1473 802 λέγει
1510 743 1538 802 ἦ
1568 744 1680 802 γυνὴ

394 828 549 873 3τάδε·
592 825 741 879 ,,Ἐπεὶ
767 828 921 870 τοίνυν
950 825 1005 871 ου’
1036 824 1227 881 δύναμαί
1257 837 1302 869 σε
1331 828 1500 869 πείθειν
1528 824 1586 881 μή
1612 825 1683 869 ἐκ-

423 942 450 961 ,,
461 912 607 952 θεῖναι
621 940 633 960 ,
664 906 719 950 σύ
750 908 795 950 δὲ
826 902 910 950 ὦδε
938 907 1122 961 ποίησον
1136 938 1146 956 ,
1178 906 1213 948 εἰ
1235 904 1287 961 δὴ
1307 905 1424 948 πᾶσά
1445 921 1494 961 γε
1515 902 1684 960 ἀνάγκη

426 984 657 1043 ,,όφθῆναι
687 985 957 1039 ἐκκείμενον·
991 984 1143 1027 τέτοκα
1171 982 1256 1039 γάρ
1287 984 1361 1027 καὶ
1390 983 1499 1039 ἐγώ,
1535 982 1742 1026 τέτοκα75

397 1070 457 1119 4„
469 1066 514 1110 δὲ
541 1064 738 1116 τεθνεός·
764 1068 895 1108 τοῦτο
925 1061 1005 1118 μὲν
1035 1062 1184 1118 φέρων
1213 1062 1403 1117 πρόθες,
1431 1061 1508 1105 τὸν
1538 1062 1585 1106 δὲ
1613 1066 1689 1119 τῆς

427 1143 718 1201 »Ἀστυάγεος
756 1140 980 1198 θυγατρός
1024 1143 1159 1185 παῖδα
1200 1139 1259 1193 ὠς
1300 1142 1341 1194 ἐξ
1377 1141 1523 1198 ἡμέων
1561 1140 1690 1186 ἐόντα

432 1257 458 1276 ‚‚
469 1224 698 1280 τρέφωμεν
709 1237 719 1247 ·

781 1222 856 1266 καὶ
893 1220 1010 1266 οὕτω
1048 1221 1149 1265 οὔτε
1187 1220 1241 1265 σύ
1280 1218 1466 1265 ἁλώσεαι
1504 1220 1691 1266 ἀδικέων

429 1302 570 1356 „tofis
606 1300 845 1355 δεσπότας,
903 1300 1006 1345 οὔτε
1043 1299 1148 1358 ἡμῖν
1187 1304 1333 1352 κακῶς
1371 1301 1694 1357 βεβουλευμένα

401 1382 601 1433 5,,ἕσται.
661 1381 686 1425 ὅ
715 1397 760 1424 τε
788 1380 873 1437 γὰρ
914 1379 1101 1431 τεθνεώς
1139 1382 1366 1436 βασιληΐης
1394 1384 1535 1435 ταφῆς
1562 1379 1693 1435 κυρή-
1705 1387 1750 1421 80

434 1471 557 1512 ,,σει,
617 1459 692 1504 καὶ
739 1458 763 1503 ὁ
815 1458 1001 1514 περιεών
1050 1458 1133 1502 οὐκ
1177 1456 1350 1501 οἷπολέει
1387 1457 1469 1515 τήν
1508 1457 1695 1514 ψυχήν.“

282 1548 381 1595 113
437 1537 591 1594 Κάρτα
619 1554 663 1582 τε
691 1538 808 1590 ἔδοξε
836 1542 897 1597 τῷ
926 1537 1126 1594 βουκόλῳ
1165 1536 1274 1590 πρὸς
1310 1536 1362 1580 τὰ
1400 1535 1618 1592 παρεόντα
1646 1532 1695 1580 εὖ

408 1617 576 1674 Ξλέγειν
604 1615 631 1674 ἡ
659 1616 795 1673 γυνὴ,
843 1617 915 1661 καὶ
945 1614 1098 1660 αὐτίκα
1128 1615 1266 1660 ἐποίεε
1294 1619 1444 1659 ταῦτα.
1503 1615 1582 1660 τόν
1619 1615 1699 1672 μὲν

383 1801 420 1853 §.
443 1801 523 1844 565
551 1806 628 1839 not.
647 1803 673 1843 3
705 1813 790 1851 pag.
815 1800 921 1842 1114
952 1801 1032 1838 coll.

383 1857 422 1910 ᾗ.
446 1861 528 1900 620
560 1870 646 1908 pag.
671 1857 804 1903 1257,
843 1858 904 1906 qui
933 1858 1035 1906 quod

383 1915 420 1952 in
430 1914 644 1952 Herodoteo
663 1913 741 1950 loco
753 1913 935 1950 laudando
953 1918 1038 1964 post

385 1970 428 2010 δὲ
446 1970 640 2020 adscripsit
662 1984 703 2007 τε
734 1969 834 2007 uncis
860 1970 1037 2007 inclusum

386 2032 424 2065 et
444 2028 613 2077 apposito
640 2026 888 2075 interrogandi
917 2027 1038 2075 signo,

385 2084 454 2120 hoc
474 2095 547 2131 quo
565 2083 714 2128 tendat,
743 2095 818 2118 non
848 2083 936 2119 satis
955 2096 1039 2133 per-

386 2139 513 2189 spicio.
569 2137 628 2176 An
661 2138 775 2175 voluit
820 2152 892 2185 τε,
939 2139 1041 2188 quod

387 2208 455 2246 pro
477 2191 520 2233 δὲ
548 2195 586 2231 in
609 2199 745 2232 textum
763 2195 985 2245 recipiatur?

447 2248 578 2305 ἔχρῃζε
595 2251 769 2305 μηδεμιῇ
790 2249 932 2305 τέχνῃ]
965 2251 986 2288 i.
1008 2264 1040 2289 e.

388 2307 617 2355 vehementer,
655 2310 760 2344 etiam
799 2312 904 2358 atque
937 2309 1044 2344 etiam

390 2364 604 2411 (maritum)
633 2363 805 2412 rogabat,
845 2376 887 2400 ue
913 2375 1043 2414 pueru-

389 2419 463 2456 {um
499 2423 688 2469 exponeret.
757 2420 955 2457 Admonuit
997 2419 1044 2456 de

389 2474 568 2513 locutione
594 2471 703 2531 πάσῃ
733 2474 849 2531 τέχνῃ
880 2488 923 2514 ac
945 2474 1044 2512 simi-

390 2531 482 2568 libus
520 2531 744 2581 wesseling.
779 2533 828 2570 ad
871 2530 1042 2584 Sophocl.

391 2585 489 2624 Aiac.
512 2587 595 2629 743
626 2588 684 2627 ed.
703 2588 780 2626 Erf.

450 2641 486 2680 εἰ
503 2640 555 2693 δή
573 2640 684 2684 πᾶσά
710 2659 753 2697 γε
774 2640 953 2695 α’νάγκη]
984 2642 1046 2681 Sic

394 2695 557 2746 plerique
577 2699 668 2737 libri.
719 2701 750 2738 A
771 2700 938 2739 Mediceo
956 2699 1044 2737 alio-

394 2765 467 2801 que
500 2754 590 2791 libro
640 2756 746 2794 abest
781 2755 955 2807 particula
988 2770 1045 2808 γε,

397 2808 510 2846 eiecta
542 2810 627 2849 inde
649 2824 672 2849 a
700 2813 910 2862 Gronovio,
946 2812 1046 2862 quod

1102 1801 1269 1852 probavit
1287 1800 1524 1851 lVesseling„
1548 1800 1640 1838 alios
1657 1800 1757 1839 locos

1104 1863 1141 1895 et
1158 1857 1286 1895 Nostri
1306 1857 1382 1904 (ll,
1406 1861 1471 1898 22.
1491 1858 1556 1899 35.
1586 1857 1650 1905 IV,
1664 1860 1756 1899 179.

1103 1914 1150 1960 V,
1162 1915 1236 1961 32)
1255 1914 1449 1951 etaliorum
1460 1915 1674 1964 scriptorum
1685 1914 1760 1952 col-

1105 1970 1282 2016 laudans,
1320 1970 1381 2007 ubi
1412 1971 1450 2007 in
1479 1970 1545 2007 hac
1578 1971 1760 2008 locutione

1106 2026 1335 2064 desideratur
1356 2026 1528 2077 particula
1550 2041 1604 2078 γε.
1641 2028 1762 2071 Quam

1106 2087 1227 2120 tamen
1254 2088 1378 2119 nostro
1415 2082 1494 2119 loco
1527 2083 1763 2133 aptissimam,

1107 2139 1287 2187 bonisque
1307 2139 1405 2175 libris
1425 2139 1603 2175 firmatam
1616 2152 1694 2175 cum
1707 2152 1764 2176 re-

1109 2199 1218 2233 centt.
1240 2195 1341 2231 editt.
1373 2195 1562 2232 restituere
1588 2208 1661 2231 non
1696 2196 1764 2231 du-

1109 2251 1310 2288 bitavimus.
1350 2251 1390 2287 ln
1412 2264 1516 2300 seqq.
1532 2252 1641 2288 miror
1655 2251 1765 2288 Gais-

1109 2307 1265 2345 sordium
1293 2319 1313 2344 e
1344 2308 1526 2344 Saum-osti
1569 2307 1661 2344 libro
1689 2320 1764 2344 non

1110 2364 1370 2401 rescribentem
1425 2359 1650 2415 Ἀστυάγεω
1697 2377 1765 2414 pro

1111 2419 1259 2467 vulgata
1277 2420 1496 2469 reliquorum
1515 2421 1621 2457 codd.
1641 2420 1766 2458 lectio-

1112 2489 1158 2513 ne
1174 2471 1415 2527 Ἀστυάγεος.
1474 2477 1577 2514 Idem
1597 2481 1685 2527 post
1709 2490 1767 2514 re-

1112 2533 1259 2583 scripsit
1290 2529 1485 2579 ὁεσπότας
1512 2534 1608 2583 (pro
1629 2532 1766 2572 δεσπό-

1112 2590 1234 2637 τεας),
1270 2590 1370 2639 quod
1387 2590 1616 2628 adscivimus.
1657 2589 1767 2628 Cous.

1112 2644 1149 2691 1,
1183 2647 1272 2687 111.

1309 2735 1372 2773 oa
1383 2749 1421 2786 p.
1453 2734 1587 2773 cxm.

1173 2810 1240 2853 τόν
1264 2811 1357 2864 μὲν
1380 2813 1496 2866 ἔφερε
1519 2809 1766 2855 θανατώσων
