1909 3228
637 181 943 222 cL10.1.

171 294 369 344 καίουσι,
425 291 654 348 μέλλοντες
689 291 837 336 θύειν·

1339 184 1422 224 311

900 289 956 336 ού
994 292 1164 351 σπονδῇ
1200 290 1423 348 χρέωνται,

135 379 158 413 2
211 370 221 386 ³
254 373 263 388 ἱ
346 370 356 385 2
403 375 422 383 u
514 369 523 384 3
615 371 623 385 1
867 368 920 395 ’.ἱ
998 367 1008 381 9
1049 373 1067 382 u
1214 374 1232 382 u
1320 370 1330 383 Q
1386 369 1397 383 t·

169 389 269 416 ουκι
299 375 442 427 αυλῳ,
471 388 525 414 ου
555 383 784 427 στεμμασι,
826 387 924 414 ovat
956 374 1122 428 ουλῃσι.
1171 387 1260 413 των
1292 373 1337 414 δε
1365 387 1423 421 ως

164 451 329 508 ἑκάστῳ
359 449 488 494 θύειν
517 450 655 501 θέλει,
688 450 730 501 ἐς
765 453 908 506 χῶρον
936 449 1138 504 καθαρὸν
1167 447 1345 508 α’γαγώυ
1372 447 1479 492 τὸ4ο

164 534 346 586 κτῆνος,
396 529 539 572 καλέει
567 528 645 572 τὸν
673 528 801 577 θεὸν,
843 528 1191 585 ἐστεφανωμένος
1219 528 1297 572 τὸν
1326 526 1422 571 τιά-

135 616 254 664 3ραν
291 609 481 665 μυρσίνῃ
511 607 706 664 μάλιστα.
766 608 914 666 ἑωυτῷ
951 607 1031 663 μὲν
1070 608 1122 665 δὴ
1160 612 1220 664 τῷ
1260 605 1422 651 θύοντι

167 690 256 746 ἰδίῃ
285 687 436 745 μούνῳ
472 686 525 729 οὔ
557 688 600 728 οἱ
628 686 836 741 ἐγγίνεται
871 684 1065 741 ἀρᾶσθαι
1095 684 1261 741 ἀγαθά·
1320 684 1343 729 ὁ
1376 685 1422 729 δὲ

163 771 267 810 πᾶσι
296 771 407 809 τοῖσι
435 764 628 820 Πέρσῃσι
657 764 903 821 κατεύχεται
934 760 982 809 εὖ
1010 766 1233 820 γίνεσθαι,
1264 765 1421 821 καὶτῷ

163 912 212 956 ού
237 915 393 969 σπονδῇ
423 910 636 965 χρέωνται,
669 909 760 952 ου’κὶ

108 967 240 1026 αὐλῷ,
271 967 320 1011 ου’
342 969 551 1021 στέμμασι,
583 965 672 1009 ου’κὶ
694 965 760 1008 ου’-

107 1031 219 1083 λῇσι]
259 1028 332 1064 Pro
363 1027 552 1078 στέμμασι
590 1025 758 1076 (infulis,

106 1086 225 1133 vittis)
246 1084 505 1122 Valckenarius
526 1083 650 1120 maluit
661 1081 758 1134 πέμ-

107 1154 202 1193 μασι
229 1140 370 1189 (libis),
400 1144 440 1176 ut
467 1141 561 1177 infra
577 1139 708 1188 legitur
727 1139 756 1187 I,

109 1201 189 1240 160
226 1197 478 1246 Xenophontis
516 1209 662 1245 quoque
715 1208 758 1233 ac

105 1253 297 1291 Strabonis
319 1253 405 1290 locis
426 1252 756 1302 comprobantibus,

105 1311 168 1360 qui
185 1310 313 1347 Persas
335 1313 524 1345 coronatos
538 1308 757 1346 sacrificasse

104 1371 291 1404 testantur.
326 1364 359 1401 V
362 1365 410 1402 id.
433 1365 595 1401 Brisson.
615 1365 662 1401 de
680 1377 756 1411 reg.

103 1423 205 1461 Pers.
223 1421 374 1472 princip.
396 1421 429 1457 ΙΙ
451 1419 487 1471 §.
500 1421 555 1462 40
573 1434 650 1469 seq.
681 1420 757 1457 Sed

104 1479 315 1517 Herodotus
339 1477 488 1514 Graecis
518 1478 589 1514 suis
623 1477 758 1514 scribe-

107 1536 186 1582 bat,
216 1547 291 1571 non
311 1534 453 1571 Graeco
473 1547 573 1571 more
594 1545 695 1570 sacra
711 1533 756 1569 fi-

107 1592 159 1630 eri
180 1604 203 1628 a
221 1590 362 1636 Persis,
391 1603 460 1627 nec
476 1589 670 1637 libatione,
689 1601 758 1626 nec

107 1647 220 1694 tibia,
249 1659 315 1684 nec
337 1645 478 1694 infulis,
506 1660 574 1684 nec
594 1645 692 1682 mola
707 1645 755 1682 ad

109 1704 333 1740 Graecorum
381 1715 518 1739 morem
559 1702 754 1748 utentibus,

110 1759 175 1797 sed
195 1758 308 1805 tiara,
346 1757 520 1805 singulari
546 1757 631 1807 pilei
665 1770 758 1805 quo-

109 1816 193 1853 dam
209 1827 344 1863 genere
357 1843 367 1860 ,
385 1814 501 1850 tectis.
561 1813 671 1856 Quod
692 1813 758 1848 mi-

108 1885 176 1909 nus
198 1874 362 1907 accurate
395 1870 674 1919 interpretantes
702 1881 760 1905 re-

108 1927 194 1978 liqui
206 1930 382 1971 auctores,
402 1929 592 1962 coronatos
613 1929 649 1961 et
660 1925 759 1973 ipsos

109 1996 212 2021 sacra
227 1984 346 2020 facere
375 1982 506 2020 Persas
528 1981 758 2030 scripserunt.

111 2040 192 2078 Nec
207 2038 298 2075 ullus
318 2038 409 2075 liber
424 2038 561 2074 addicit
578 2037 759 2074 coniectu-

110 2109 173 2134 rae
190 2095 511 2132 Valckenarianae.

165 2153 246 2190 τῶν
269 2148 312 2190 δὲ
331 2149 385 2196 ὥς
397 2145 545 2203 ἑκάστῳ
559 2144 681 2188 θύειν
693 2146 760 2187 θέ-

112 2207 190 2259 λει]
222 2208 244 2244 i.
258 2221 289 2245 e.
316 2211 420 2257 prout
439 2220 553 2243 eorum
570 2206 758 2254 (deorum)

111 2267 233 2314 cuique
251 2277 354 2301 sacra
365 2263 489 2313 facere
508 2265 584 2312 quis
606 2263 694 2299 vult.
717 2262 760 2297 ln

111 2322 241 2371 quibus
292 2321 521 2357 observamus
563 2318 760 2356 subiectum

112 2378 213 2426 quod
231 2377 330 2413 aiunt
344 2377 547 2425 neglectum
558 2405 569 2422 ,
589 2388 632 2412 ex
649 2375 760 2411 verbo

113 2434 192 2483 ipso
212 2433 466 2482 repetendum,
506 2430 526 2470 ὅ
548 2428 665 2470 θύων
695 2445 723 2467 s.
744 2427 764 2469 ὁ

114 2484 268 2538 θυτήρ,
296 2492 336 2524 ut
352 2488 444 2525 infra
462 2488 516 2535 ΙΙ,
539 2488 593 2528 47
613 2487 765 2535 aliisque

116 2546 152 2582 in
168 2545 255 2581 locis
274 2572 285 2590 ,
309 2557 398 2592 quos
417 2544 571 2591 explicat
587 2542 765 2579 Matthiae

116 2603 280 2638 Gramm.
301 2600 365 2637 Gr.
387 2600 423 2649 ᾖ.
437 2602 517 2641 295
539 2614 575 2649 p.
589 2601 669 2640 589
686 2612 762 2647 seq.

172 2655 492 2705 ἐστεφανωμένος
520 2653 589 2694 τὸν
625 2651 765 2705 τιάραν

119 2714 288 2765 μυρσίνῃ
315 2708 504 2762 μάλιστα]
533 2708 696 2763 τιάραν,
723 2711 766 2748 li-

120 2772 192 2808 bris
210 2769 416 2807 melioribus
437 2769 553 2806 invitis
579 2768 671 2806 male
689 2781 766 2805 mu·-

120 2832 231 2864 tatum
249 2827 286 2863 in
306 2822 466 2876 τιήρην,
497 2831 539 2862 ut
551 2825 673 2862 Ionica
690 2838 766 2862 ma-

828 915 884 964 gis
908 919 1005 953 esset
1024 915 1161 962 forma,
1187 913 1335 960 reduxi,
1355 913 1476 962 Hesy-

827 972 907 1008 chio
933 984 1079 1020 quoque
1107 975 1275 1017 auctore,
1304 969 1365 1018 qui
1386 983 1414 1006 s.
1439 981 1474 1006 v.

828 1029 874 1065 de
894 1027 1090 1064 masculino
1111 1027 1215 1064 huius
1243 1025 1338 1063 vocis
1361 1038 1476 1075 geue-

826 1097 865 1122 re
884 1083 1269 1130 admonet,Her0doti
1288 1094 1362 1118 non
1385 1081 1476 1118 obli-

824 1145 893 1177 tus.
952 1139 1049 1177 Nam
1079 1139 1165 1176 alias
1190 1139 1383 1176 foeminino
1410 1151 1476 1186 ge-

824 1210 911 1234 nere
933 1197 1062 1233 dicitur
1082 1193 1111 1247 ή
1128 1190 1256 1246 τιάρα.
1316 1194 1389 1237 Qui
1408 1194 1476 1242 igi-

824 1257 881 1289 tur
913 1252 1084 1289 hocloco
1115 1252 1272 1288 afferunt
1303 1247 1376 1300 τήν
1408 1262 1475 1300 pro

824 1306 914 1356 τὸν,
941 1308 1092 1345 minime
1107 1308 1155 1343 illi
1175 1311 1278 1344 erunt
1292 1306 1474 1343 audiendi.

825 1365 935 1401 Conf.
963 1364 1141 1401 Herodot.
1185 1363 1256 1409 ΙΙΙ,
1290 1366 1354 1403 12.
1395 1361 1475 1408 Vll,

826 1423 891 1462 61.
922 1419 1029 1467 Vlll,
1051 1422 1141 1460 120.
1177 1419 1246 1455 Est
1264 1431 1349 1455 vero
1376 1420 1474 1454 tiara

824 1476 952 1527 capitis
970 1480 1218 1524 tegumentum
1245 1474 1365 1511 Persis
1386 1486 1473 1524 pro-

823 1534 942 1584 prium
980 1545 1023 1569 ac
1061 1531 1257 1578 familiare,
1295 1530 1475 1568 diversum

823 1603 891 1641 pro
911 1587 1135 1637 singulorum
1159 1589 1276 1637 gradu
1296 1590 1333 1624 et
1353 1586 1474 1635 digni-

822 1650 909 1683 tate.
967 1645 1117 1682 Rectam
1136 1646 1231 1682 enim
1249 1645 1378 1681 tiaram
1395 1655 1475 1679 sur-

825 1715 978 1750 sumque
1001 1700 1151 1748 elatam,
1182 1701 1284 1751 apice
1301 1700 1337 1736 in
1364 1698 1474 1735 subli-

825 1771 882 1794 me
904 1762 1044 1803 erecto,
1065 1757 1130 1793 soli
1150 1770 1255 1804 reges
1268 1756 1473 1804 gestabant,

826 1813 951 1861 reliqui
993 1813 1155 1849 homines
1195 1813 1363 1849 deorsum
1393 1823 1474 1847 ver-

826 1875 973 1917 gentem
987 1872 1022 1905 et
1040 1869 1075 1904 iu
1091 1870 1245 1904 frontem
1261 1867 1473 1911 ‹leductam3

827 1938 894 1962 nec
914 1925 1037 1961 differt
1054 1924 1110 1960 illa
1133 1925 1208 1960 fere
1228 1924 1273 1959 ab
1291 1922 1408 1958 cidari
1436 1926 1472 1959 et

826 1981 1027 2031 promiscue
1064 1993 1145 2016 cuni
1183 1991 1227 2016 ea
1269 1983 1471 2027 usurpatur.

826 2036 1080 2074 Vid.B1-isson.
1102 2036 1148 2072 de
1160 2048 1234 2082 reg.
1244 2034 1343 2071 Pers.
1359 2035 1471 2083 princ.

827 2093 843 2129 I
871 2091 907 2143 ξ.
927 2092 992 2132 46.
1023 2091 1225 2128 Blomfield.
1252 2091 1289 2127 in
1308 2090 1470 2127 Glossar.
1507 2087 1511 2090 ⁴

827 2149 875 2186 ad
894 2147 1056 2196 Aeschyl.
1084 2147 1184 2184 Pers.
1203 2149 1284 2188 667
1315 2150 1352 2183 et
1379 2158 1473 2195 quae

827 2205 910 2241 olim
935 2205 1014 2254 ipse
1050 2204 1197 2240 excitavi
1236 2203 1272 2239 in
1302 2202 1473 2240 Creuzeri

827 2261 967 2298 Melett.
988 2260 1039 2296 ΙΙΙ
1063 2261 1222 2309 pag.81.
1252 2258 1359 2295 Nunc
1375 2258 1472 2294 addo

827 2318 1012 2354 Hanuuer.
1046 2317 1082 2352 in
1112 2315 1262 2352 WViener
1277 2313 1471 2351 Jahrbiich.

828 2373 882 2410 lx
900 2386 984 2423 pag.
1006 2372 1184 2413 61.—-ln
1204 2371 1361 2408 clausula
1372 2371 1475 2406 Stra-

830 2431 935 2467 bonis
982 2430 1238 2474 admonemus,
1296 2427 1357 2474 qui
1404 2425 1474 2463 XV

831 2501 867 2536 p.
891 2487 997 2526 1065
1019 2486 1178 2521 victimas
1208 2483 1349 2532 myrtho
1372 2495 1474 2519 coro-

833 2547 935 2579 natas
960 2542 1069 2578 fuisse
1096 2540 1235 2586 scribit,
1264 2552 1338 2575 non
1359 2539 1474 2575 homi-

832 2612 897 2636 nes
919 2599 1017 2647 ipsos
1049 2597 1109 2645 qui
1130 2595 1369 2632 sacrificarint.
1399 2594 1474 2632 Sed

833 2659 954 2706 potest
974 2655 1009 2690 iu
1034 2653 1120 2702 ipsis
1142 2653 1331 2689 Strabonis
1357 2651 1475 2688 verbis

832 2712 1003 2749 mendum
1020 2711 1178 2746 subesse.

889 2761 1139 2815 κατεύχεται]
1177 2764 1199 2801 i.
1237 2777 1270 2802 e.
1305 2763 1475 2809 ardenter,

835 2836 962 2872 magno
983 2835 1058 2859 cum
1076 2821 1192 2859 studio
1206 2824 1388 2873 precatur,
1409 2833 1476 2856 no-
