1909 3228
304 315 399 360 181

133 379 270 406 Amicitia
293 381 320 406 et
342 379 404 406 foe-

133 412 187 438 dus
220 421 283 439 cum
312 412 405 447 Cyre-

131 446 233 484 naei-g:
254 454 324 472 mor
341 446 402 485 Cy·
612 472 631 487 ,Ι
659 468 670 484 ,
707 470 718 484 ,
881 469 889 481 ,
993 469 1004 484 <-
1155 473 1189 488 ,ᾳ
1441 473 1448 484 2
1551 474 1569 489 ,Ι
1695 474 1704 489 ς

131 479 403 539 {323350313‘3'3‘2}
457 478 561 523 θεν,
591 487 651 514 ειτ
701 475 970 525 επιθυμησας
1001 475 1243 527 Ελληνιοος
1271 489 1498 526 γυναικος,
1531 489 1611 516 ειτε
1635 490 1710 516 και

132 546 197 571 neri
236 545 345 572 sactum
371 549 401 573 et

132 578 315 605 exsolutum:
351 588 402 605 ea-

132 611 198 638 dem
210 617 311 646 postea
319 612 405 639 Cam-

133 645 208 685 bysq
230 646 345 686 victorq
375 647 406 673 in

133 682 259 713 patriam
272 687 406 708 remlssa.

461 208 547 247 886

870 204 1331 243 HERODOTI

569 313 858 369 Κυρηναίοισι
901 312 947 355 δὲ
980 311 1161 367 ’Ἄμασις
1191 311 1399 368 φιλότητά
1428 330 1472 357 τε
1501 315 1573 358 καὶ
1603 325 1766 372 συμ-65

459 394 615 451 μαχίην
644 389 929 446 συνεθήκατο.
960 392 1182 435 ἐδικαίωσε
1212 391 1257 435 δὲ
1295 392 1368 434 καὶ
1404 392 1540 448 ’γῆμαι
1580 393 1709 438 αὐτό-

430 549 601 600 emtas
631 547 861 605 φιλότητος
890 549 1158 605 Κυρηναίων
1188 552 1341 593 εἵνεκα.
1381 551 1527 606 γαμέει
1559 548 1601 594 δ’
1633 546 1710 603 ὦν,

465 630 507 671 οἱ
536 627 613 683 μὲν
641 627 815 683 λέγουσι
846 627 1038 680 Boiam,
1071 631 1113 672 οἱ
1138 628 1173 672 δ’
1199 628 1444 683 Ἀρκεσίλεω
1473 630 1708 684 θυγατέρα,
1722 638 1767 670 70

463 708 507 750 οῖ
535 707 600 758 δὲ,
639 706 962 762 Κριτοβούλου,
1001 707 1165 762 ἀνδρὸς
1201 712 1288 752 τῶν
1324 708 1468 752 ἀστῶν
1506 711 1710 765 δοκίμου’

432 789 518 842 3τῇ
556 785 725 842 οὔνομα
763 782 818 843 ἦν
847 787 1024 843 Λαδίκη.
1082 791 1134 843 τῇ
1176 787 1265 831 ἐπεί
1303 804 1347 831 τε
1382 790 1656 844 συγκλίνοιτο
1685 786 1710 832 ὁ

403 992 629 1031 datissimum
656 1007 698 1031 ex
728 993 900 1044 Aegypto
920 1006 1051 1044 prove·

408 1050 486 1087 nire
504 1050 702 1099 dicebatur,
720 1051 921 1101 proximum
941 1049 1052 1087 eMe-

402 1105 439 1142 lo
467 1106 594 1143 insula.
651 1106 780 1144 Monet
813 1119 899 1144 vero
930 1106 1052 1143 Beck-

400 1173 522 1199 mann.
553 1163 599 1199 ad
619 1162 804 1201 Aristotel.
826 1163 872 1199 de
901 1163 1052 1199 mirabb.

403 1230 484 1267 cap.
510 1220 588 1259 139
621 1232 658 1268 p.
677 1222 755 1260 281
783 1219 914 1265 salem,
944 1232 1052 1267 quem

401 1286 469 1311 nos
504 1274 669 1311 aluminis
700 1274 872 1323 (Alaun)
906 1275 1053 1311 nomine

402 1330 565 1367 novimus
590 1359 601 1376 ,
658 1336 798 1368 veteres
850 1331 1052 1379 ignorasse,

403 1398 556 1434 quorum
596 1386 739 1424 alumen
779 1401 806 1424 s.
836 1386 1052 1436 στυπτηρία

403 1441 502 1478 haud
525 1443 634 1480 dubie
650 1443 758 1479 suerit
771 1443 966 1480 vitrioleum
988 1445 1052 1478 im-

396 1510 524 1547 purum
572 1498 761 1546 (unrez'nes
807 1498 1051 1544 Ez'senvz'trz‘ol,

401 1553 509 1602 quale
529 1567 549 1591 e
568 1554 748 1604 lapidibus
773 1555 954 1591 dissolutis
975 1558 1049 1590 sta-

402 1609 600 1646 lactitarum
612 1611 648 1646 in
659 1610 806 1646 modum
822 1611 906 1646 oriri
925 1610 1050 1657 solet).

398 1665 498 1702 Idem
529 1666 618 1702 citat
650 1665 814 1702 aluminis
851 1666 1049 1711 historiam,

401 1733 510 1769 quam
530 1722 670 1758 dederit
688 1722 724 1756 in
745 1725 953 1758 commentt.
976 1734 1048 1757 soc.

401 1778 505 1813 Gott.
525 1777 541 1813 I
566 1781 605 1814 et
623 1776 832 1814 Geschicht‚
852 1777 886 1812 d.
908 1777 1047 1812 Erfind.

399 1833 433 1870 ΙΙ
450 1846 486 1882 p.
503 1835 569 1874 92.
629 1833 722 1879 Qui,
752 1833 804 1868 uti
823 1832 974 1879 videtur,
1006 1843 1049 1868 ex

398 1889 631 1937 Bergmanno
670 1901 736 1926 sua
762 1888 911 1934 sumsit,
950 1888 1048 1925 cuius

400 1945 517 1981 locum
547 1945 755 1995 primarium
783 1948 944 1993 (opuscc.
967 1945 1050 1981 che-

400 2002 480 2038 mic.
500 2004 536 2038 et
556 2001 660 2051 phys.
682 2001 698 2038 Ι
726 2015 762 2050 p.
785 2001 886 2047 281)
912 2013 1050 2038 mecum

399 2058 673 2094 communicavit
689 2057 915 2094 doctissimus
938 2058 1053 2094 Gme-

399 2113 524 2161 linius,
548 2113 602 2150 vir
619 2113 746 2150 harum
765 2126 883 2150 rerum
905 2113 1052 2163 peritis-

403 2170 526 2206 simus.
586 2169 809 2206 Graecorum
840 2169 934 2207 enim
966 2181 1051 2207 στυ-

400 2225 570 2275 πτηρία,
611 2230 653 2262 ut
680 2225 901 2274 Bergmann.
935 2226 1054 2271 docet,

401 2286 440 2318 et
472 2282 720 2318 Romanorum
756 2282 895 2319 alumen
935 2282 1055 2318 nativa

402 2342 481 2374 erat
501 2338 653 2375 materia
671 2342 709 2375 et
733 2350 756 2374 a
774 2338 848 2376 sale
862 2367 873 2386 ,
903 2339 964 2386 qui
989 2351 1055 2374 no-

403 2394 484 2430 stris
520 2394 648 2431 diebus
682 2393 751 2431 hoc
788 2407 920 2432 nomen
950 2395 1054 2443 gerit,

403 2450 555 2486 multum
601 2450 805 2487 differebat.
863 2450 922 2487 Ad
948 2450 1057 2487 stala-

403 2506 570 2542 ctitarum
585 2520 700 2554 genus
719 2507 936 2557 pertinuisse
955 2507 1056 2543 vide-

404 2566 483 2607 tur,
514 2566 552 2598 et
573 2563 601 2598 si
620 2563 706 2611 quid
733 2563 896 2600 aluminis
918 2563 1057 2609 habuit,

403 2616 472 2653 hoc
494 2618 621 2655 saltem
653 2619 850 2655 admodum
879 2619 945 2656 suit
969 2631 1056 2669 par-

405 2685 483 2708 cum
502 2678 537 2709 et
556 2674 727 2711 vitriolica
739 2676 888 2712 materia
905 2688 948 2712 ex
958 2675 1055 2711 omni

404 2733 508 2777 parte
544 2729 755 2768 involutum.
814 2730 1054 2777 Fuctztekium,

407 2784 508 2831 quod
530 2787 662 2821 nostris
682 2788 901 2837 temporibus
920 2787 1057 2824 alumen

406 2840 528 2885 audit,
564 2841 600 2876 in
618 2842 756 2880 oriente
782 2844 841 2889 (ut
856 2845 951 2881 idem
973 2856 1054 2894 per-

1119 995 1173 1043 git
1200 994 1440 1043 Bergmann.)
1478 996 1632 1045 primum
1664 996 1768 1032 inno-

1119 1051 1212 1097 tuit,
1242 1051 1307 1088 sed
1336 1052 1504 1099 quando,
1535 1052 1596 1088 ubi
1623 1055 1658 1088 et
1679 1064 1770 1100 quo-

1119 1107 1249 1154 modo,
1278 1106 1378 1144 latet.
1425 1108 1484 1144 Ob
1505 1108 1698 1157 stypticam
1716 1109 1771 1144 sa-

1120 1163 1289 1200 cultatem
1314 1176 1490 1211 usumque
1511 1164 1546 1199 in
1567 1168 1644 1201 arte
1667 1163 1771 1201 chro-

1120 1219 1254 1255 matica
1271 1224 1306 1256 et
1324 1220 1476 1255 coriaria
1491 1219 1640 1256 similem
1657 1232 1771 1256 novus

1121 1275 1172 1312 sal
1193 1276 1325 1311 veteris
1356 1275 1501 1312 retinuit
1526 1288 1679 1323 nomen,
1709 1277 1772 1324 qui

1122 1332 1205 1368 dein
1217 1331 1325 1379 Misy,
1344 1331 1436 1379 Sor)v
1457 1330 1511 1367 vel
1532 1336 1772 1369 atramentum

1121 1387 1295 1423 sutorium
1314 1387 1516 1436 appellatus
1535 1388 1614 1424 suit.
1673 1389 1772 1425 Con-

1118 1447 1191 1480 stat
1215 1456 1298 1479 vero
1318 1443 1480 1479 aluminis
1507 1444 1686 1491 coquendi
1713 1456 1771 1480 ar·-

1117 1503 1191 1535 tem
1219 1500 1275 1535 vix
1303 1499 1472 1536 trecentis
1505 1499 1634 1535 abhinc
1666 1500 1769 1535 annis

1118 1566 1140 1590 a
1168 1555 1274 1602 Syria
1310 1555 1358 1591 ad
1399 1554 1588 1605 Europam
1624 1554 1770 1593 allatam

1119 1622 1209 1647 esse.

1287 1748 1350 1784 ea
1358 1761 1395 1799 p.
1427 1747 1630 1786 CLXXXI.

1173 1831 1439 1883 Κυρηναίοισι
1479 1829 1529 1870 δὲ
1555 1829 1682 1884 ’Ἁμα
1695 1845 1772 1880 σις

1118 1884 1311 1938 φιλότητά
1352 1887 1417 1939 τε]
1481 1889 1603 1926 Secuti
1651 1903 1771 1928 sumus

1117 1945 1320 1993 Schweigh.
1342 1949 1381 1982 et
1403 1945 1517 1982 Gaisf.
1535 1946 1586 1982 ita
1605 1946 1771 1994 edentes,

1118 2014 1185 2051 pro
1213 2001 1309 2051 vulg.
1342 2001 1610 2052 Κυρηναίοισι
1650 1998 1693 2041 δ’
1724 2002 1772 2049 ἐς

1120 2052 1392 2107 ἀλλήλους,
1436 2070 1530 2106 quae
1561 2071 1605 2095 ex
1634 2058 1773 2107 glosse-

1118 2119 1217 2151 mate
1236 2115 1272 2151 in
1292 2118 1429 2151 textum
1445 2114 1632 2164 irrepsisse
1645 2115 1771 2153 viden-

1119 2174 1190 2206 tur.

1179 2224 1220 2264 οἱ
1246 2222 1317 2275 μὲν
1341 2223 1497 2276 λέγουσι
1517 2222 1693 2273 Boin-sm,
1730 2225 1772 2266 οἵ

1122 2276 1161 2321 δ’
1184 2277 1410 2332 Ἀρκεσίλεω
1433 2281 1655 2334 θυγατέρα]
1687 2283 1770 2320 Bini

1123 2338 1223 2385 libri,
1252 2338 1447 2375 accedente
1481 2338 1605 2376 Vallae
1634 2340 1772 2376 versio-

1122 2407 1190 2440 ne,
1220 2394 1392 2431 afferunt:
1424 2391 1580 2433 Ba'zvsw
1600 2397 1672 2434 τοῦ
1689 2390 1770 2444 Ἀρ-

1121 2451 1280 2489 κεσίλεω
1299 2449 1423 2497 Batti,
1450 2451 1626 2488 Arcesilai
1649 2451 1770 2499 (filii),

1124 2507 1224 2555 quod
1252 2507 1368 2543 verius
1400 2512 1503 2556 putat
1536 2507 1770 2556 wesseling„

1124 2576 1204 2600 cum
1245 2563 1381 2612 optime
1409 2567 1445 2599 et
1477 2576 1532 2600 res
1565 2568 1601 2600 et
1628 2568 1770 2613 teinpus

1124 2623 1322 2667 congruat,
1353 2619 1381 2655 si
1405 2619 1549 2666 quidem
1568 2620 1696 2656 Battus
1715 2620 1772 2658 ille

1123 2674 1293 2724 aequales
1339 2674 1502 2711 habuerit
1547 2674 1694 2725 Apriem
1734 2680 1772 2713 et

1123 2730 1271 2767 Amasin
1285 2730 1421 2767 Nostro
1441 2735 1586 2768 auctore
1602 2731 1663 2777 1V,
1679 2732 1772 2776 159,

1122 2787 1222 2824 Batti
1242 2800 1324 2824 vero
1343 2787 1453 2823 filium
1470 2787 1690 2825 Arcesilaum
1705 2788 1771 2825 mi-

1123 2856 1190 2880 nor
1208 2848 1308 2880 aetas
1329 2843 1506 2880 excludat.
