1909 3228
547 212 578 249 E
611 213 645 250 U
676 212 711 250 T
740 213 772 250 E
801 213 836 250 R
866 213 895 250 P
924 212 968 250 E.
1022 213 1067 250 ΙΙ.
1343 215 1426 254 535

139 329 269 374 3,,σι,
309 323 370 378 τῷ
399 320 498 375 μὲν,
539 324 720 376 Κρῶφι,
761 324 820 379 τῷ
851 322 919 372 δὲ,
950 324 1104 375 [Μῶφι.
1162 320 1239 372 τὰς
1278 316 1340 364 ὦν
1373 322 1425 377 61)

166 399 336 456 »πηγάς
365 404 443 442 τοῦ
473 402 659 454 Νείλου,
692 400 849 451 ἐούσας
879 398 1123 456 ἀβύσσους,
1164 400 1211 443 ἐκ
1240 403 1320 443 τοῦ
1349 401 1422 454 μζ-

109 606 157 642 ad
181 607 362 643 Herodoti
386 607 504 644 locum
535 610 651 645 miuus
677 622 759 658 per-

108 663 235 698 tint-nt.
296 665 366 706 Qui
388 665 415 699 si
434 678 541 700 unam
562 665 670 700 modo
693 677 759 700 110-

110 725 209 755 verat
226 720 503 768 Elephantinen,
524 733 632 768 quam
646 721 689 765 ll,
706 723 757 760 17

109 780 379 822 commemorat,
410 776 507 811 haud
521 777 688 824 equidem
704 778 759 811 iu-

108 831 249 878 telligo,
283 832 464 879 quomodo
484 831 539 868 ille
560 833 605 868 ab
629 833 757 868 erroris

109 888 308 936 suspicione
329 887 471 924 liberari
495 891 626 935 queat,
657 889 759 936 quod

108 943 143 980 h.
154 943 175 978 1.
195 945 301 979 istam
319 943 472 979 insulam
484 957 565 980 cum
576 944 758 980 Philarum

106 999 233 1045 insula,
264 1012 359 1047 quae
380 1000 689 1037 nonnihilremota
702 1005 758 1037 est

106 1056 151 1092 ab
161 1056 400 1104 Elephantine
415 1057 597 1093 meridiem
620 1070 758 1102 versus,

106 1112 320 1148 confuderit.
351 1112 447 1148 Nam
471 1112 608 1158 Philae,
630 1118 668 1148 ut
679 1113 759 1149 Sal—

105 1168 207 1205 masii
228 1172 310 1204 utar
326 1169 444 1205 verbis
466 1169 617 1215 (Exere.
640 1169 757 1206 Plinn.

105 1237 139 1274 p.
162 1225 383 1272 310 311),
402 1238 511 1274 supra
524 1226 757 1262 novissimum

105 1284 347 1327 catarracten,
392 1286 608 1317 catarractes
649 1294 756 1330 supra

104 1337 275 1385 Syenen,
305 1338 361 1373 cui
382 1338 549 1386 opposita
573 1338 756 1387 Elephan-

104 1393 178 1429 tine
196 1393 262 1428 sub
290 1393 409 1442 ipsum
436 1397 659 1430 catarracten
689 1395 757 1429 sita

104 1453 178 1494 est,
210 1461 319 1497 supra
359 1462 467 1496 quem
505 1448 629 1485 Philae
660 1454 754 1485 sunt.

103 1505 175 1541 Hic
208 1508 332 1555 autem
360 1504 513 1540 insulam
550 1504 755 1552 intelligen-

104 1561 188 1597 dam
209 1574 310 1608 esse,
340 1574 435 1610 quae
465 1573 576 1610 supra
596 1565 755 1598 catarra—

104 1622 186 1654 cten
215 1618 283 1653 sita
314 1622 394 1664 est,
424 1631 490 1654 nee
522 1617 614 1653 iufra
644 1616 753 1664 illum,

104 1674 214 1710 dubio
234 1674 294 1709 vix
320 1677 427 1711 caret.
486 1673 594 1710 Plura
622 1673 753 1711 Ritter.

103 1729 268 1766 Erkund.
288 1730 302 1765 I
320 1743 403 1779 pag.
426 1732 517 1770 680.
539 1733 630 1770 631.

160 1787 213 1838 τῷ
235 1782 318 1832 μὲν,
339 1783 500 1834 Κρῶφι,
514 1787 567 1836 τῷ
583 1783 635 1829 δὲ,
656 1788 754 1823 Μῶ-

105 1843 177 1890 φι]
208 1842 344 1887 „Hunc
358 1841 474 1876 locum
497 1845 531 1876 et
552 1841 595 1884 ll,
610 1844 674 1881 29.
688 1843 753 1880 30.

105 1899 169 1938 42.
189 1897 253 1937 94.
277 1900 365 1936 172.
387 1897 430 1932 A.
452 1897 499 1932 G.
520 1896 698 1943 Schlegel.
718 1897 755 1932 in

105 1953 276 2002 exemplis
307 1954 430 2001 posuit
459 1952 756 1988 indeclinabiliter

103 2023 125 2046 a
136 2010 286 2046 Graecis
299 2014 548 2057 usurpatorum
559 2009 754 2054 nominum,

103 2068 139 2102 in
157 2066 311 2101 Indisch.
324 2065 494 2100 Biblioth.
518 2065 558 2110 ll,
570 2065 595 2103 3
613 2078 646 2113 p.
660 2066 755 2110 316,

103 2122 257 2170 iniquius
276 2126 417 2166 tamen,
452 2125 490 2156 ut
512 2121 677 2168 saepius,
708 2120 755 2156 de

103 2177 296 2214 Herodoto
313 2177 516 2213 iudicans.“
548 2176 612 2212 Cr.
643 2176 755 2219 Quod

104 2235 198 2272 enim
221 2234 275 2269 vir
300 2233 528 2269 doctissimus
563 2232 754 2269 Herodoto

103 2291 214 2327 verba
225 2290 370 2326 dedisse
390 2290 514 2325 statuit
531 2289 756 2324 sacerdotem

102 2347 340 2394 Aegyptium,
370 2358 498 2396 parum
526 2345 754 2394 perspexisse

105 2403 245 2438 videtur
268 2414 372 2438 sacra
392 2401 677 2450 Aegyptiorum,
708 2401 755 2435 de

105 2458 237 2506 quibus
257 2458 415 2494 dicemus
439 2458 487 2494 ad
515 2457 558 2502 ll,
580 2460 643 2497 61.
673 2456 755 2492 Μο-

107 2518 167 2550 net
184 2525 269 2549 vero
281 2514 479 2563 Champoll.
499 2514 656 2562 l'Egypt.
671 2525 754 2548 sous

106 2571 127 2606 l.
148 2569 248 2618 phar.
268 2569 283 2604 I
302 2583 337 2618 p.
365 2571 462 2616 114,
492 2570 627 2606 nullum
649 2569 755 2604 alium

107 2627 163 2662 hic
190 2625 341 2673 intelligi
367 2638 476 2675 posse
508 2625 647 2670 locum,
687 2624 755 2660 nisi

108 2695 203 2727 eum,
235 2681 297 2729 qui
316 2682 415 2730 apud
428 2681 689 2730 Elephantinen
709 2680 757 2716 sit

108 2737 281 2783 insulam,
313 2738 373 2774 ubi
398 2739 497 2773 fluvii
523 2739 623 2786 ripae
640 2737 756 2772 utrin-

109 2807 181 2843 que
203 2798 398 2841 assurgant
430 2794 522 2830 saxis
554 2792 758 2842 praecipiti-

108 2851 178 2888 bus
189 2878 200 2895 ,
231 2862 327 2898 quae
344 2850 444 2888 unda
463 2849 574 2887 alluat
590 2861 758 2897 quaeque

827 609 924 643 notis
953 606 1228 655 11i‹›r‹)gl)pl1icis
1260 609 1330 644 sint
1356 609 1479 644 inseri*

827 667 913 713 pta,
944 676 1011 699 nec
1048 667 1171 699 tamen
1210 665 1389 712 gurgitem
1419 669 1481 700 aut

829 719 942 755 simile
979 719 1069 766 quid
1111 732 1192 755 esse
1228 721 1478 769 conspicumn,

828 776 962 811 nedum
984 774 1057 811 hili
1080 775 1213 810 sontes.
1255 776 1365 818 Quod
1386 777 1479 812 benc

828 832 1007 867 credimus
1022 831 1097 866 viro
1122 830 1253 877 (111610,
1283 845 1364 867 611111
1382 827 1479 867 veros

827 887 900 924 Nili
928 888 1046 923 fontes
1067 898 1173 922 nemo
1195 885 1252 922 hic
1272 887 1475 935 quaesierit.

829 942 979 992 IlIoupln'
995 956 1022 978 5.
1045 941 1174 991 Mopln'
1193 942 1375 992 Aegyptio
1403 957 1479 980 ser-

826 1013 934 1036 mone
961 1000 1057 1035 idem
1091 999 1281 1035 contendit
1311 1012 1410 1036 esse:
1440 999 1477 1036 la

826 1057 949 1103 bonne,
980 1059 1017 1092 et
1038 1054 1188 1104 Cleropln·
1206 1068 1289 1092 esse
1314 1055 1351 1093 la
1379 1068 1477 1092 mau-

826 1114 934 1149 vaise.

882 1165 952 1213 τὰς
976 1161 1033 1205 ὧν
1060 1164 1110 1217 δή
1137 1163 1266 1218 πἠγοῖς
1286 1169 1359 1206 τοῦ
1386 1166 1478 1205 Νεί-

825 1227 910 1271 λου,
941 1219 1085 1269 ἐούσας
1110 1217 1334 1273 ἆβύσσους]
1366 1223 1478 1266 Quod

824 1282 969 1318 minime
999 1281 1049 1316 sic
1077 1279 1256 1328 intelligas
1282 1280 1407 1325 velim,
1440 1283 1478 1315 ut

823 1351 927 1374 veros
949 1336 1023 1372 Nili
1043 1337 1162 1372 fontes
1182 1336 1251 1371 11116
1272 1336 1383 1372 fuisse
1401 1337 1476 1371 exi-

824 1395 958 1429 stimes.
991 1392 1064 1433 Qui
1086 1392 1181 1427 euim
1206 1403 1315 1439 supra
1339 1392 1478 1427 dixerat

823 1450 887 1497 (ll,
905 1446 988 1496 17),
1010 1446 1134 1483 hilum
1157 1460 1178 1482 a
1197 1447 1399 1495 Catadupis
1419 1448 1476 1482 in-

822 1508 951 1554 cipere,
979 1503 1105 1551 quidni
1132 1503 1230 1538 idem
1250 1502 1380 1538 eodem
1400 1503 1478 1538 iure

822 1563 943 1598 dicere
960 1560 1093 1609 potuit,
1124 1558 1215 1604 illic,
1245 1558 1343 1595 unde
1363 1559 1478 1594 fluere

821 1618 969 1666 incipiat
995 1616 1035 1662 (i.
1056 1628 1086 1651 6.
1110 1615 1170 1650 ubi
1189 1614 1396 1663 Aegyptum
1424 1615 1476 1650 in-

822 1678 897 1711 trat
927 1672 1193 1720 Aegyptiisque
1236 1672 1349 1707 fluere
1388 1671 1477 1706 inci-

821 1731 936 1779 piat),
969 1730 1045 1765 eius
1077 1740 1158 1764 esse
1187 1725 1337 1775 fontes?
1367 1726 1474 1762 Conf.

820 1786 976 1821 Iomard.
1004 1782 1153 1819 Recueil
1176 1786 1241 1818 etc.
1266 1781 1281 1817 l
1304 1794 1388 1830 pag.
1409 1783 1475 1821 36.

823 1843 887 1880 37.
919 1840 972 1875 Ac
998 1838 1052 1874 vel
1080 1838 1197 1884 magis
1227 1837 1478 1885 respiciendae

824 1901 906 1932 sunt
926 1899 1087 1931 veterum
1106 1892 1371 1941 Aegyptiorum
1392 1892 1476 1928 reli-

823 1952 950 1999 giones
962 1979 972 1996 ,
1001 1950 1063 1997 qui
1080 1961 1224 1985 omnem
1242 1953 1359 1984 terrae
1380 1947 1479 1984 salus

822 2013 894 2044 tem
922 2019 944 2043 a
961 2005 1046 2041 Nilo
1074 2016 1286 2053 suspensam
1316 2005 1476 2040 facerent

823 2075 976 2110 eumque
993 2073 1169 2097 summum
1189 2059 1348 2096 colerent
1367 2060 1474 2095 deum

824 2133 865 2156 ac
891 2119 951 2168 pie
972 2120 1227 2154 venerarentur
1248 2115 1361 2164 ipsius
1387 2115 1474 2150 Osi-

824 2176 912 2211 ridis
941 2173 1030 2221 (qui
1053 2171 1139 2208 alias
1159 2184 1225 2221 pro
1244 2171 1337 2207 Solis
1363 2171 1475 2207 habe-

822 2235 881 2267 tur
915 2229 1089 2271 numine)
1121 2228 1286 2271 nomine,
1316 2230 1358 2262 ut
1387 2227 1474 2262 nihil

824 2288 869 2324 sit
887 2287 1012 2324 mirum
1026 2314 1035 2329 ,
1064 2283 1159 2320 illum
1183 2283 1311 2328 locum,
1341 2282 1400 2317 ubi
1420 2282 1474 2318 111-

820 2348 892 2380 trat
901 2343 1103 2389 Aegyptum
1113 2340 1181 2375 iste
1191 2340 1317 2374 fluvius
1328 2352 1356 2374 s.
1369 2339 1471 2384 deus,

823 2404 859 2437 et
879 2399 939 2435 ubi
958 2411 1038 2434 eum
1067 2401 1286 2432 crescentem
1305 2395 1472 2430 observa-

823 2457 929 2501 bant,
961 2451 1129 2500 singulari
1160 2451 1270 2487 fuisse
1301 2449 1472 2497 religione

823 2514 1066 2548 conseemtmn
1098 2508 1142 2543 ab
1169 2506 1379 2555 Aegyptiis,
1409 2507 1471 2553 qui

822 2568 889 2603 illic
900 2566 1080 2602 osiridem
1095 2562 1272 2612 sepultum
1291 2575 1372 2599 esse
1384 2575 1471 2597 cou-

822 2623 1068 2660 fabularentur
1087 2648 1098 2666 ,
1158 2619 1223 2655 sed
1274 2617 1470 2655 redivivum

822 2678 1015 2728 quotannis
1036 2689 1056 2713 e
1076 2674 1257 2725 sepultura
1269 2674 1470 2721 quasiexo-

822 2735 883 2772 riri
904 2734 1092 2781 undasque
1113 2744 1194 2768 suas
1216 2729 1414 2766 salutiferas
1427 2742 1469 2766 ex

823 2792 892 2828 hoc
909 2790 987 2827 loco
1006 2792 1046 2825 ut
1066 2800 1108 2824 ezr
1122 2787 1224 2837 sonte
1244 2798 1309 2835 per
1327 2798 1470 2821 onmem

826 2848 1034 2896 Aegyptum
1053 2844 1207 2881 volvere.
1235 2841 1293 2879 De
1311 2841 1469 2887 Osiride,
