1909 3228
430 208 514 248 3:36

824 204 1289 244 HERODOTI

433 317 536 368 Κῶς
562 331 607 360 τε
646 316 720 359 καὶ
757 314 942 364 Κνίδος,
993 310 1239 369 ἐξεκλήϊσαν
1274 317 1351 371 τῆς
1387 318 1566 372 μετοχῆς
1603 313 1682 370 τὴν
1696 319 1742 354 3ο

401 395 562 451 5ἔκτην
589 393 720 438 πόλιν
744 390 1094 445 Ἁλικαρνησσόν.
1125 391 1318 435 τούτοισι
1348 393 1427 447 μέν
1453 411 1536 438 νυν
1560 387 1683 437 οὗτοι

272 469 368 517 145
424 473 587 528 ταύτην
614 471 694 526 τὴν
723 470 875 525 ζημίην
904 468 1135 526 ἐπέθηκαν.
1194 469 1406 514 Δυώδεκα
1436 473 1481 515 δέ
1511 489 1584 528 μοι
1614 475 1686 517 δο-

102 536 182 570 Quot
206 540 311 571 partes
329 536 374 563 lo-

101 578 171 596 num
217 570 342 604 suerint,

101 611 190 637 quum
233 603 377 638 Pelopon·

101 644 204 664 nen-uin
229 636 345 664 liabita-

101 675 186 709 tenu
218 674 290 703 quot
307 671 378 696 item

101 709 161 743 ιιιιῃ
184 706 376 735 Achaeorum,

101 744 151 770 qun
169 745 234 764 eam
257 742 377 769 terram,

433 551 582 596 κέουσι
610 548 763 599 πόλιας
790 546 1060 604 ποιήσασθαι
1091 550 1135 592 οἱ
1161 548 1328 601 Ἴωνες,
1374 550 1447 593 καὶ
1485 550 1568 594 οὐκ
1597 552 1687 594 ἐθε-

434 634 559 685 λῆσαι
587 630 776 678 πλεῦνας
805 626 1081 679 ἐσδέξασθαι,
1134 630 1264 671 τοῦδε
1301 629 1463 680 εἵνεκα,
1510 627 1577 671 ὅτι
1616 632 1690 672 καὶ

102 771 213 797 exactis
249 769 379 804 Ionibus⁷

100 806 270 832 tenuerunt.

373 881 496 932 stirpis
514 881 697 931 recepisse
722 881 883 930 videtur,
912 883 1024 921 adeo-

375 950 446 987 que
481 937 613 975 Cm'dus
649 942 686 976 et
717 937 1024 983 Halicarnassus5

375 1007 484 1044 quam
507 998 696 1044 utramque
721 996 845 1032 urbem
870 995 941 1032 iam
959 1008 1026 1032 an-

375 1054 435 1088 tea
454 1050 655 1098 exstitisse,
683 1050 743 1087 vix
773 1051 920 1089 dubium
946 1052 1025 1089 erit.

376 1106 436 1145 De
458 1107 568 1144 Cnido
588 1108 681 1144 conf.
700 1107 795 1144 infra
814 1108 862 1144 ad
882 1109 918 1155 l,
934 1107 1025 1149 174.

431 1158 664 1212 ἕξεκλήϊσαν
683 1165 756 1214 τῆς
774 1166 938 1214 μετοχῆς
954 1161 1028 1215 τήν

378 1217 494 1270 ἕκτην
513 1215 640 1270 πόλιν]
668 1217 811 1271 μετοχή
830 1221 1028 1258 secundum

376 1276 431 1313 St.
451 1277 562 1314 Croix
582 1275 603 1313 l.
624 1276 647 1313 l.
675 1289 760 1327 pag.
791 1277 870 1318 155
897 1277 944 1314 de
969 1289 1030 1313 sa-

378 1345 519 1370 crorum
539 1333 790 1370 communione
817 1337 957 1370 tantum
988 1345 1030 1369 ac

377 1388 425 1426 de
444 1389 537 1426 festo
558 1389 795 1426 communiter
815 1389 1029 1439 peragendo

377 1444 636 1493 accipiendum.
692 1443 747 1481 Ac
771 1445 933 1493 sequitur
962 1445 1031 1481 hoc

378 1499 455 1536 iure
476 1512 520 1537 ex
537 1500 602 1546 iis,
633 1512 728 1549 quae
749 1499 808 1537 ille
831 1500 867 1536 in
886 1500 1030 1538 univer-

379 1567 460 1592 sum
480 1556 527 1592 de
554 1555 624 1592 hoc
639 1558 733 1593 sesto
761 1560 872 1604 atque
890 1554 1029 1593 Dorum

377 1624 553 1649 consessu
592 1612 735 1658 statuit,
776 1624 888 1662 supra
922 1612 1028 1648 nobis

377 1667 545 1704 indicata.
570 1667 674 1704 —Iu
694 1680 797 1716 seqq.
819 1680 897 1704 cum
909 1668 1027 1704 Gaisf.

379 1735 401 1761 e
419 1723 512 1760 binis
530 1722 629 1760 libris
658 1723 822 1760 ordinem
839 1724 1030 1760 verborum

378 1778 539 1815 nonnihil
578 1779 793 1815 mutaximus
831 1779 1028 1816 scribentes

379 1828 491 1874 οὗτοι
519 1829 669 1884 ταύτην
697 1831 771 1884 τὴν
793 1835 936 1885 ζημίην
963 1848 1030 1886 pro

378 1886 529 1940 ταύτην
556 1887 632 1941 τήν
666 1890 808 1941 ζημίην
846 1885 956 1929 οὗτοι
997 1896 1033 1929 et

379 1959 462 1983 mox
485 1943 663 1985 δυώδεκα
689 1945 732 1985 δέ
760 1961 827 1997 μοι
851 1944 1034 1986 δοκέουσι

379 2014 447 2054 pro
468 2001 652 2042 δοκέουσι
679 2000 721 2042 δέ
749 2017 818 2054 μοι
839 1998 1032 2043 δυώδεκα.

564 2086 596 2124 C
605 2099 627 2124 a
638 2099 674 2138 p.
706 2085 855 2124 CXLV.

435 2171 554 2211 τοῦδε
585 2170 737 2218 εἵνεκα,
779 2166 839 2210 ’ὅτι
869 2170 937 2210 καὶ
967 2167 1031 2212 ’ὅτε

380 2227 424 2268 ἐν
449 2223 747 2280 Πελοποννήσῳ
773 2241 808 2265 κ.
830 2242 860 2266 τ.
881 2226 931 2279 λ.]
971 2227 1031 2265 Ad

381 2284 566 2323 meliorem
579 2283 646 2321 loci
660 2283 930 2331 intelligentiam
942 2284 1031 2321 haec

380 2341 568 2378 addimus:
597 2339 743 2387 Ionem,
773 2339 885 2376 Xuthi
907 2339 1030 2386 filium,

380 2396 674 2446 Athenarumque
695 2408 817 2445 regem
846 2396 962 2443 (unde
977 2394 1029 2430 A-

380 2453 587 2491 thenienses
634 2452 743 2490 etiam
787 2451 894 2489 Iones
944 2450 1030 2488 dicti

381 2510 510 2557 sunt),
547 2507 724 2545 coloniam
753 2506 964 2556 Aegialeam
992 2507 1029 2543 in

380 2563 635 2615 Peloponneso
673 2564 884 2610 deduxisse,
933 2563 1029 2611 regi-

381 2620 449 2657 bus
481 2620 658 2668 Sicyoniis
697 2624 781 2657 tunc
825 2619 1027 2664 subditam·‚

382 2675 467 2712 dein
488 2675 614 2714 Helice
633 2675 745 2713 Selini
765 2675 863 2724 regis
891 2674 963 2712 filia
988 2675 1025 2710 in

383 2731 645 2768 matrimonium
673 2732 801 2778 ducta,
842 2731 914 2768 una
946 2743 1024 2768 cum

384 2785 443 2821 ill-:1
461 2786 618 2833 Sicyonii
646 2787 750 2824 huius
775 2787 873 2835 regis
894 2791 1023 2824 terram

384 2841 567 2890 accepisse
601 2844 651 2880 ita
680 2847 721 2880 ut
752 2843 889 2882 incolae
917 2843 1022 2882 etiam

433 707 502 751 ὅτε
531 706 578 750 ἐν
601 705 923 764 Πελοποννήσῳ
953 709 1120 761 οἴκεον,
1153 705 1350 752 δυώδεκα
1380 702 1437 764 ἦν
1457 704 1601 752 αὐτῶν
1620 705 1744 764 ize-35

1092 881 1216 920 Ionum
1242 894 1375 921 nomen
1409 893 1505 919 nunc
1530 881 1744 932 reciperent.

1091 939 1228 977 Postea
1256 944 1378 976 tamen
1407 938 1474 975 hos
1514 937 1621 976 Iones
1649 938 1747 975 terra

1092 996 1219 1047 pulsos
1251 996 1297 1032 ab
1329 994 1482 1031 Achaeis
1521 994 1558 1030 in
1591 993 1747 1030 Atticam

1093 1057 1226 1090 terram
1248 1064 1287 1088 se
1307 1050 1656 1100 recepisseindeque
1668 1062 1748 1086 rur-

1094 1121 1156 1145 sus
1185 1120 1266 1145 cum
1295 1106 1410 1144 Codri
1450 1105 1531 1142 filiis
1556 1106 1593 1142 in
1622 1104 1748 1143 Asiam

1094 1163 1344 1213 immigrasse,
1374 1162 1435 1199 ubi
1454 1161 1646 1199 duodecim
1669 1161 1747 1198 illas

1096 1221 1258 1258 civitates
1286 1219 1495 1257 conderent.
1553 1217 1612 1255 Cf.
1641 1230 1749 1268 prae-

1097 1282 1153 1315 ter
1181 1276 1367 1326 copiosam
1388 1274 1561 1312 Larcheri
1586 1274 1634 1312 ad
1657 1273 1693 1311 h.
1722 1273 1746 1310 1.

1099 1333 1383 1382 disputationem
1399 1331 1511 1368 Beck.
1525 1331 1575 1368 in:
1593 1328 1747 1380 Allgem.

1096 1388 1392 1437 weltgesehieht.
1424 1386 1438 1423 1
1460 1399 1546 1437 pag.
1568 1388 1662 1428 829.
1691 1407 1748 1414 —

1097 1444 1350 1493 „Catalogum
1381 1442 1573 1480 duodecim
1606 1442 1748 1480 urbium

1096 1503 1259 1538 fecerunt
1279 1500 1386 1537 etiam
1409 1498 1574 1548 (praeter
1589 1498 1747 1536 Pausan.

1095 1556 1176 1603 Vll,
1191 1557 1236 1604 6)
1265 1556 1477 1593 Herodotus
1503 1554 1539 1601 I,
1560 1553 1654 1603 145,
1674 1554 1748 1592 Po-

1095 1612 1213 1661 lybius
1232 1612 1284 1658 ΙΙ,
1300 1611 1352 1653 41
1373 1611 1469 1658 (eius
1487 1615 1606 1648 aetate
1620 1624 1747 1650 omnes

1097 1673 1241 1719 praeter
1260 1668 1419 1705 Olenum
1448 1672 1484 1704 et
1503 1666 1654 1704 Helicen
1680 1668 1748 1704 ad-

1097 1725 1166 1761 huc
1186 1725 1432 1773 supererant),
1453 1727 1490 1761 et
1510 1716 1645 1760 Strabo
1662 1723 1748 1761 VIII

1098 1794 1134 1831 p.
1154 1779 1235 1820 385
1259 1780 1362 1825 (299
1379 1777 1516 1827 seqq.).
1575 1779 1680 1822 Quae
1700 1780 1748 1818 de

1099 1835 1250 1883 singulis
1282 1835 1336 1871 his
1377 1836 1525 1872 urbibus
1567 1836 1749 1874 narranda

1100 1895 1224 1938 erant,
1244 1903 1287 1928 ea
1306 1890 1508 1928 Pausanias
1526 1890 1611 1929 inde
1634 1892 1747 1940 avu,

1102 1951 1154 1989 17
1176 1945 1213 1998 ἓ.
1235 1948 1261 1987 3
1281 1948 1548 1997 persequitur.“
1587 1947 1745 1986 Siebelis.

1100 2005 1148 2041 ad
1168 2003 1324 2040 Pausan.
1341 2002 1363 2039 l.
1381 2002 1401 2039 l.
1415 2032 1426 2051 ,
1449 2003 1509 2053 qui
1528 2004 1644 2052 idem,
1673 2017 1747 2054 quo

1100 2059 1226 2098 melius
1263 2059 1503 2107 intelligatur,
1561 2062 1746 2109 quomodo

1099 2121 1175 2153 tum
1194 2116 1231 2151 in
1247 2115 1450 2152 nominibus
1468 2120 1545 2152 tum
1561 2116 1598 2152 in
1618 2117 1747 2155 ordine

1099 2171 1226 2209 harum
1257 2171 1326 2208 Xll
1362 2171 1502 2208 urbium
1550 2172 1746 2223 scriptores

1098 2227 1197 2265 deiis
1216 2231 1402 2264 narrantes
1415 2228 1632 2278 discrepent,
1648 2240 1747 2267 com·
1799 2264 1804 2268 .

1096 2283 1322 2334 parationem
1353 2284 1525 2328 instituit3
1556 2285 1652 2322 unde
1679 2298 1746 2336 ap-

1096 2344 1220 2389 paret,
1251 2340 1344 2377 inter
1354 2340 1581 2377 Herodotum
1597 2345 1633 2379 et
1643 2342 1746 2379 Stra-

1097 2395 1228 2433 bouem
1266 2408 1442 2433 summam
1480 2409 1562 2434 esse
1589 2410 1743 2436 cousen-

1097 2451 1257 2498 sionem,
1296 2453 1364 2489 sed
1407 2452 1594 2491 discedere
1620 2454 1666 2490 ab
1700 2455 1744 2491 iis

1096 2506 1284 2556 Polybium
1304 2512 1341 2546 et
1361 2521 1483 2545 rursus
1502 2521 1618 2559 aeque
1637 2510 1683 2547 ab
1702 2510 1744 2547 il-

1096 2562 1138 2599 lis
1175 2568 1284 2613 atque
1315 2565 1360 2601 ab
1399 2564 1467 2602 hoc
1511 2565 1741 2604 Pausaniam.

1094 2617 1278 2657 Leontium
1301 2621 1394 2657 enim
1413 2621 1510 2658 solus
1533 2621 1643 2659 habet
1670 2622 1743 2660 Po-

1093 2674 1210 2723 lybius
1223 2705 1233 2722 ‚
1254 2676 1440 2726 Ceryneam
1458 2677 1743 2717 omiseruntHe-

1091 2732 1241 2769 rodotus
1270 2737 1307 2770 et
1336 2733 1490 2780 Strabo,
1531 2733 1676 2784 Rhypes
1704 2739 1742 2773 et

1090 2787 1208 2835 Aegas
1231 2788 1400 2839 Polybius
1426 2794 1462 2828 et
1488 2787 1622 2829 Patras
1642 2790 1742 2828 Pau-

1089 2855 1221 2882 Sanlas.
1691 2876 1694 2880 .
