1909 3228
435 241 519 281 608
824 237 1289 278 HERODOTI

434 347 704 400 »ἀνέλωνται
746 345 799 388 τοὶ
841 345 1064 401 οὐνόματα
1100 344 1154 388 τοὶ
1192 345 1277 389 ἀπὸ
1317 351 1401 389 τῶν
1451 348 1685 404 βαρβάρων

405 427 690 483 5,,ἥκοντα·“
745 423 884 467 ἀνεῖλε
923 424 971 467 τό
1009 423 1222 480 μαντήϊον
1259 429 1530 480 ,,χρᾶσθαι.“
1598 427 1684 471 ἀπὸ

431 505 509 560 μὲν
538 503 589 558 δὴ
615 501 774 545 τούτου
803 506 882 545 τοῦ
910 502 1072 558 χρόνον
1103 504 1266 555 ἔθυον,
1321 508 1433 546 τοῖσι
1473 504 1685 562 οὐνόμασι
1698 514 1741 547 20

428 588 517 626 τῶν
545 585 662 624 θεῶν
689 580 939 636 χρεώμενοι.
999 581 1115 635 παρὰ
1145 582 1190 625 δὲ
1223 585 1456 636 Πελασγῶν
1483 582 1686 640 ’Έλληνες

313 667 377 713 53
437 660 678 713 ἐξεδέξαντο
727 659 924 714 ὕστερον.
1000 659 1161 703 ’Ένθεν
1198 661 1243 704 δὲ
1295 659 1461 715 ἐγένετο
1509 661 1687 713 ἕκαστος

101 733 353 795 (ξ’ῗθἫῃἪῖ
341 742 378 792 ‚¹13
436 743 524 782 τῶν
552 742 694 791 θεῶν,
742 740 782 782 εἴ
815 755 858 782 τε
898 737 942 782 δ’
982 740 1064 782 αἰεὶ
1101 734 1213 794 ἦσαν
1251 738 1431 792 πάντες,
1475 737 1617 783 ὁκοῖοί
1644 741 1688 784 τέ

101 802 262 902 aggii-'ini
265 808 382 900 μ”ιῑῗ
438 834 551 868 τινες
581 817 633 860 τοὶ
671 819 806 869 εἴδεα,
849 816 930 861 οὐκ
968 817 1193 873 ηπιστεάτο
1224 817 1346 873 μέχρι
1376 813 1430 862 οὗ
1465 817 1617 875 πρώην
1642 835 1687 863 τε

101 910 230 968 2:5¹⁰&ss
248 900 361 960 bffbegg
365 897 513 941 -Ξκαὶ
541 895 663 952 χθὲς,
695 913 754 947 ως
784 898 918 940 εἰπεῖν
947 896 1072 954 λόγῳ.
1114 895 1318 941 Ησίοδον
1346 897 1429 953 γάρ
1459 898 1531 940 καὶ
1551 897 1686 954 Όμη-

101 973 144 995 ιι
130 969 192 995 trio
196 976 242 995 res
268 957 372 995 fuisse.

372 1195 483 1233 ctivus
511 1195 569 1232 hic
593 1195 739 1233 minime
764 1195 1020 1244 sollicitandus,

371 1252 432 1300 qui
463 1251 630 1302 explicari
664 1253 796 1289 debeat
824 1253 1021 1290 secundum

373 1321 454 1345 eam
487 1308 682 1355 rationem,
712 1309 759 1346 de
787 1321 859 1357 qua
879 1309 1021 1345 monui-

371 1377 452 1400 mus
487 1365 535 1400 ad
572 1364 609 1411 Ι,
636 1366 710 1405 53:
751 1365 790 1400 ob
818 1367 851 1401 si
883 1365 1017 1401 sollten.

372 1419 469 1457 Nam
487 1420 730 1457 coniunctivus
753 1424 810 1457 est
840 1421 1019 1457 delibera-

369 1476 483 1523 tivus‚
521 1479 561 1512 ut
586 1480 683 1513 recte
714 1476 803 1512 vidit
832 1476 1017 1513 Werserus

370 1532 406 1567 in
423 1531 516 1569 Actt.
538 1531 637 1581 phill.
661 1531 823 1568 Monacc.
846 1532 859 1567 Ι
881 1545 915 1581 p.
936 1535 1017 1572 233

369 1600 444 1636 seq.
487 1587 582 1624 Add.
603 1586 778 1624 Matthiae
803 1585 839 1637 §.
859 1588 938 1629 526
961 1587 1018 1624 ed.

370 1644 515 1680 secund.
550 1665 606 1670 —-
642 1643 749 1687 Quod
789 1655 874 1680 vcro
911 1643 1018 1693 paulo

369 1703 453 1736 ante
463 1698 644 1735 oraculum
653 1699 893 1736 Dodonaeum
906 1699 1018 1735 omni-

369 1768 427 1791 um
441 1784 450 1801 ,
481 1767 573 1803 quac
592 1755 627 1791 in
651 1755 804 1791 Graecia
828 1760 909 1791 sunt
928 1751 1017 1805 (ἆρ-

370 1805 575 1861 χαιότατον
593 1813 671 1848 τῶν
692 1807 907 1859 ε’ν”Έλλησι
927 1825 1016 1861 χρη-

371 1867 581 1918 στηρίων),
611 1866 900 1914 antiquissimum
929 1867 1016 1903 dici-

367 1927 425 1959 tur
440 1952 450 1970 ‚
480 1923 517 1958 id
537 1924 583 1959 de
609 1936 651 1959 ea
673 1926 786 1969 terra,
817 1935 910 1971 quae
931 1927 1017 1972 post

369 1980 511 2016 demum
548 1979 723 2015 Graeciae
750 1991 884 2015 nomen
914 1991 1015 2016 acce-

370 2035 440 2085 pit,
472 2034 554 2071 olim
574 2034 737 2081 Pelasgis
759 2038 944 2084 occupata,
964 2035 1019 2070 in-

366 2091 618 2140 telligendum3
647 2091 781 2127 indicat
797 2090 875 2140 ipse
894 2095 1019 2127 auctor

366 2146 420 2193 11,
451 2147 523 2188 56:
572 2145 698 2185 δοκέει
735 2145 823 2196 ε’μοὶ
855 2144 884 2197 ἦ
915 2144 1017 2198 γυνή

367 2199 466 2252 αὕτη
496 2204 585 2254 τῆς
620 2205 713 2241 νῦν
750 2199 1014 2250 Ἑλλάδος,

365 2255 624 2311 πρότερον
645 2256 698 2298 δὲ
719 2259 1015 2326 Πελασγίης

364 2314 684 2366 καλευμένης
704 2310 1013 2365 τῆςαῦτῆςταύ-

363 2386 434 2421 της
453 2400 464 2419 ,
503 2374 713 2422 πρηθῆναι
752 2370 791 2418 ἐς
831 2373 1012 2423 Θεσπρω-

364 2423 470 2473 τούς.
529 2428 752 2471 Quibuscum
795 2429 888 2464 conf.
921 2427 1012 2465 Nie-

363 2483 463 2520 buhr.
496 2483 603 2520 Rom.
634 2484 768 2521 Gesch.
797 2483 812 2520 I
838 2496 924 2534 pag.
945 2486 1011 2525 29.

363 2540 415 2580 31
437 2540 523 2577 edit.
549 2541 694 2577 secund.
745 2540 836 2577 Inde
854 2553 928 2576 non
944 2539 1012 2576 mi-

364 2607 441 2631 rum
477 2595 656 2632 oraculum
689 2595 806 2645 ipsum
832 2609 874 2633 ac
903 2596 1010 2633 deum

365 2650 430 2687 iilic
458 2651 589 2688 cultum
616 2651 741 2688 haberi
772 2651 1011 2700 Pelasgicum,

366 2706 516 2754 eiusque
537 2708 742 2744 sacerdotes
761 2708 900 2754 Senos,
933 2707 1012 2744 Do-

365 2761 496 2796 donam
526 2775 610 2799 vcro
631 2763 745 2812 ipsam
775 2763 1010 2811 Pelasgorum

368 2817 501 2852 sedem.
558 2818 639 2854 vid.
656 2818 841 2856 classicum
858 2819 1011 2856 Homeri

365 2870 480 2907 locum
502 2871 541 2907 11.
562 2873 753 2921 xvl‚233
775 2887 856 2924 sqq.
875 2875 1010 2923 odyss.

431 992 511 1032 ρον
537 974 708 1033 ἡλικίην
736 977 1050 1032 τετρακοσίοισι
1083 976 1191 1020 ἔτεσι
1221 976 1357 1020 δοκέω
1388 992 1469 1033 μεν
1497 981 1685 1035 πρεσβυ-
1697 983 1742 1018 25

1087 1194 1194 1244 XIV,
1226 1197 1309 1238 327
1351 1209 1479 1245 seqq.‚
1533 1196 1603 1233 alia
1647 1209 1741 1246 quae

1087 1252 1211 1288 laudat
1255 1253 1459 1290 Creuzerus
1513 1253 1676 1301 Symbol.
1710 1253 1740 1289 11

1087 1322 1123 1358 p.
1155 1308 1237 1349 472
1272 1314 1346 1345 not.
1386 1311 1456 1350 10:
1508 1309 1660 1356 „Marx.
1693 1309 1741 1346 ad

1086 1364 1223 1413 Ephori
1249 1366 1414 1413 sragmm.
1444 1377 1529 1414 pag.
1554 1366 1632 1406 156
1662 1378 1739 1414 seq.

1086 1420 1177 1457 Plat.
1196 1421 1350 1457 Phaedr.
1369 1435 1405 1471 p.
1422 1421 1516 1467 275,
1536 1421 1566 1456 B
1589 1422 1739 1471 (1).342

1084 1476 1268 1523 Hekale).
1285 1476 1367 1514 The
1390 1476 1671 1513 classicJournal
1691 1477 1736 1514 111

1084 1544 1121 1582 p.
1147 1533 1224 1574 128
1243 1545 1321 1581 seq.
1350 1536 1387 1569 et
1421 1532 1489 1568 ΧΠ
1510 1545 1596 1582 pag.
1613 1534 1738 1576 389.“

1290 1616 1402 1666 Cap.
1439 1615 1536 1653 LIII.

1143 1697 1180 1737 εἶ’
1204 1713 1243 1738 τε
1271 1694 1313 1738 δ’
1346 1698 1423 1737 αἰεὶ
1447 1693 1574 1749 ἦσαν]
1609 1698 1687 1738 αιέὶ
1717 1713 1738 1738 e

1085 1755 1359 1792 Schellershem.
1377 1755 1468 1792 libro
1488 1768 1566 1791 curn
1586 1760 1735 1793 recentt.

1085 1811 1183 1847 editt.
1224 1812 1439 1847 adscivimus
1479 1824 1547 1860 pro
1587 1811 1738 1860 vulgato

1086 1861 1158 1904 ἆεί.
1186 1888 1241 1893 —
1272 1867 1437 1916 In''seqq.
1467 1863 1515 1905 τοὶ
1547 1866 1652 1906 εἴδεα
1689 1869 1738 1904 si-

1084 1923 1231 1971 gnificat
1247 1924 1417 1973 speciem,
1438 1924 1509 1972 qua
1528 1923 1576 1960 illi
1595 1925 1643 1961 dii
1663 1924 1738 1961 vul-

1086 1992 1134 2027 go
1156 1981 1417 2028 repraesentati
1436 1979 1577 2017 fuerint.

1143 2034 1251 2086 μέχρι
1269 2036 1315 2074 οὐ
1337 2031 1478 2087 πρώην
1497 2050 1535 2074 τε
1547 2051 1613 2074 και
1600 2034 1734 2088 χθὲς]

1086 2087 1226 2141 πρώην
1248 2105 1287 2129 τε
1303 2091 1370 2130 καὶ
1387 2091 1503 2142 χθὲς.·
1524 2093 1734 2142 proverbia-

1084 2147 1126 2183 lis
1153 2147 1305 2195 locutio,
1335 2161 1407 2197 qua
1438 2147 1523 2184 illud
1555 2148 1733 2185 indicatur

1083 2207 1244 2253 ternpus,
1276 2204 1376 2253 quod
1403 2204 1732 2253 nuperrimeprae-

1082 2260 1238 2295 terfluxit
1258 2289 1269 2306 ,
1333 2260 1495 2309 proxime
1540 2261 1731 2296 antecedit.

1081 2315 1257 2364 Exempla
1288 2316 1440 2365 praebet
1464 2315 1730 2364 W'esselingius

1080 2376 1154 2407 tum
1184 2372 1231 2407 ad
1259 2371 1293 2407 h.
1328 2371 1350 2407 l.
1385 2375 1460 2407 tum
1493 2372 1540 2408 ad
1578 2371 1730 2408 Diodor.

1080 2426 1188 2463 Sicul.
1231 2427 1285 2473 ll,
1323 2427 1360 2468 5.
1418 2427 1533 2464 Addit
1567 2427 1730 2464 Noster:

1080 2480 1134 2529 ώς
1164 2482 1288 2521 εἰπεῖν
1317 2479 1443 2537 λόγῳ,
1479 2484 1551 2533 qua
1579 2483 1731 2520 formula

1077 2538 1254 2576 Nostrum
1272 2540 1321 2575 uti
1334 2569 1344 2587 ‚
1374 2540 1433 2577 ubi
1455 2553 1512 2577 res
1532 2539 1650 2577 minus
1668 2552 1730 2576 ac-

1079 2600 1202 2632 curate
1219 2596 1381 2632 videatur
1400 2596 1608 2633 definienda
1620 2624 1630 2642 ,
1653 2608 1730 2631 mo-

1079 2655 1141 2687 net
1157 2651 1425 2689 Valckenarius.
1455 2651 1536 2688 Alia
1556 2651 1625 2688 huc
1645 2664 1729 2701 per·

1080 2707 1232 2744 tinentia
1251 2708 1352 2744 dabit
1363 2708 1566 2745 Creuzerus
1584 2708 1632 2744 ad
1644 2707 1728 2743 Plo-

1078 2763 1140 2799 tin.
1163 2764 1208 2800 de
1227 2763 1367 2812 pulerit.
1385 2776 1472 2814 pag.
1495 2762 1585 2804 144.
1643 2763 1726 2800 vid.

1078 2818 1171 2855 insta
1190 2819 1241 2863 ll,
1268 2821 1357 2860 134.

1131 2872 1314 2914 Ἡσίοδον
1341 2871 1416 2927 γοῖρ
1452 2872 1521 2914 καὶ
1543 2869 1725 2925 ’Όμηρον
