1909 3228
445 196 530 235 698

843 197 1313 241 HERODOTI

448 305 642 362 ῥἀμμὲνη
674 308 788 362 ῥίπεϊ
814 306 1042 364 καλάμων,
1092 311 1164 353 καὶ
1192 312 1318 362 λίθος
1357 315 1611 369 τετρημένος
1641 317 1705 359 δι-

442 384 653 436 τάλαντας
683 386 867 442 μάλιστά
894 404 948 443 κη
979 389 1196 444 σταθμόν·
1226 390 1394 434 τούτων
1423 392 1501 448 τὴν
1521 395 1598 448 μὲν
1619 394 1703 437 θύ-
1719 403 1760 436 15

443 481 548 519 ρην,
585 465 816 521 δεδεμένην
842 467 985 521 κάλῳ,
1036 468 1255 523 ἔμπροσθε
1285 474 1364 514 τοῦ
1403 473 1559 514 πλοίου
1590 471 1704 517 άπίει

413 541 746 599 6ἐπιφὲρεσθαι,
797 546 873 589 τὸν
905 546 950 589 δὲ
980 549 1109 591 λίθον
1149 547 1263 606 ἄλλῳ
1300 549 1417 609 κάλῳ
1456 549 1622 593 ὄπισθε.
1676 551 1703 608 ἡ

442 622 521 677 μὲν
549 622 600 678 δὴ
620 624 759 680 θύρη,
790 629 871 668 τοῦ
895 625 1003 682 ῥόου
1028 626 1335 682 ἐμπίπτοντος,
1365 630 1511 684 χωρέει
1531 632 1702 686 ταχέως,

444 701 517 744 καὶ
548 701 659 747 ἕλκει
699 703 779 760 τὴν
817 705 964 760 βάριν·

1026 709 1182 760 (τοῦτο
1212 706 1294 762 γὰρ
1328 708 1380 763 δή
1413 707 1584 764 οὔνομά
1615 710 1704 753 ἐστι

438 785 550 824 τοῖσι
579 784 771 827 πλοίοισι
801 785 1047 841 τούτοισι·)
1100 786 1123 829 ὁ
1157 787 1202 830 δὲ
1235 789 1360 838 λίθος
1390 786 1544 831 ὄπισθε
1579 788 1702 832 ἐπελ-

436 857 643 915 κόμενος,
681 865 754 907 καὶ
784 864 867 908 ἐών
898 866 944 909 ἐν
976 869 1148 925 βυσσῷ,
1190 866 1415 910 κατιθύνει
1444 867 1521 911 τόν
1550 866 1758 911 πλόον.20

407 938 528 983 7ἔστι
558 941 604 984 δέ
630 954 709 997 σφι
730 942 782 986 τὰ
812 949 943 988 πλοῖα
974 950 1111 988 ταῦτα
1141 946 1300 1002 πλήθεϊ
1328 948 1478 999 πολλὰ,
1509 949 1583 990 καὶ
1606 946 1699 1001 ἄγει

374 1326 591 1383 καλάμων]
623 1330 733 1386 θύρη
754 1335 812 1372 hic
830 1336 954 1373 tabula
974 1340 1032 1374 est

375 1387 506 1426 ianuae
524 1390 677 1427 sormam
698 1404 740 1429 ac
754 1392 907 1440 figuram
918 1406 1032 1443 prae-

377 1445 466 1482 bens
489 1475 500 1492 ,
550 1459 594 1483 ex
628 1449 810 1485 tamaricis
845 1450 1030 1486 fruticibus

375 1503 542 1538 confecta
560 1507 596 1540 et
611 1504 741 1542 vimine
769 1507 969 1543 arundineo
1001 1520 1029 1543 s.

376 1557 550 1605 ligamine
567 1573 609 1596 ex
621 1562 856 1597 arundinibus
868 1567 1029 1600 consuta.

373 1614 472 1651 Hinc
490 1619 619 1652 cratem
641 1618 748 1665 vulgo
770 1618 939 1655 reddunt.
972 1620 1029 1656 Cf.

378 1670 598 1721 wesseling.
621 1674 668 1710 ad
691 1674 724 1710 h.
745 1674 766 1710 l.
827 1675 1030 1717 Quodne-

374 1728 507 1764 rodoto
527 1734 583 1766 est
606 1730 743 1779 ῥῖπος,
770 1731 847 1767 aliis
875 1736 930 1768 est
953 1732 1028 1781 ρίψ

377 1798 405 1820 s.
427 1784 539 1833 ῥῐπες
575 1786 642 1833 (ut
670 1787 763 1822 infra
787 1787 857 1833 lv,
878 1790 959 1835 71)
993 1792 1030 1825 et

376 1840 529 1891 ῤἰπτοὶ,
569 1847 687 1879 crates
711 1856 731 1880 e
754 1844 944 1881 viminibus
967 1848 1031 1881 aut

373 1897 521 1934 calamis·
560 1899 850 1937 arundinibusve.
920 1901 1030 1938 Conf.

374 1953 584 1991 Casaubon.
617 1956 664 1992 ad
694 1955 858 1994 Aeneam
889 1956 1028 1995 Taetic.

373 2023 461 2062 pag.
484 2015 564 2052 221
595 2013 652 2050 ed.
674 2012 786 2050 Orell.

430 2066 497 2106 καὶ
518 2066 619 2107 ἕλκει
642 2066 714 2119 τήν
736 2064 879 2120 βάριν]
910 2069 1030 2106 Hero-

371 2124 517 2161 doteam
539 2127 585 2163 de
604 2126 750 2163 nomine
762 2125 944 2176 Aegyptio
962 2127 1029 2164 ob-

372 2181 615 2220 servationem
637 2183 734 2218 haud
753 2184 858 2232 pauci
870 2187 1029 2220 veterum

371 2240 611 2288 comprobant
630 2240 772 2288 ipsique
792 2240 1027 2287 recentiores,

372 2294 521 2343 linguae
542 2295 747 2345 Aegyptiae
767 2297 896 2346 periti,
927 2297 1028 2334 barin

370 2350 636 2401 Aegyptiorum
656 2366 822 2390 sermone
842 2355 1026 2401 navigium

371 2420 414 2445 ac
434 2412 543 2445 ratem
561 2409 630 2446 dici
648 2409 872 2446 confirmant.
932 2410 1026 2447 Vide

371 2477 480 2513 supra
511 2465 541 2501 ll
558 2494 567 2511 ,
590 2465 642 2506 41
671 2470 706 2503 et
726 2467 820 2503 conf.
841 2466 1024 2503 lablonsk.

371 2533 469 2558 voce.
483 2520 656 2571 Aegyptt.
671 2536 706 2572 p.
719 2523 783 2564 49.
794 2523 858 2563 50.
891 2523 1026 2559 Cham-

368 2577 455 2627 poll.
484 2577 642 2628 I'Egypt.
681 2592 767 2615 sous
798 2579 819 2615 l.
848 2578 950 2629 phar.
990 2579 1022 2616 ll

368 2646 404 2682 p.
425 2637 506 2674 202
529 2647 632 2683 seqq.
668 2635 746 2672 coll.
764 2636 1022 2685 Wyttenbach.

369 2690 417 2724 ad
447 2689 540 2725 Plut.
569 2690 694 2729 moral.
724 2692 778 2739 II,
808 2695 829 2732 1
870 2705 905 2741 p.
929 2693 1020 2734 194.

372 2746 567 2782 Caeterum
584 2747 780 2785 observatu
800 2748 965 2797 dignum,
984 2750 1021 2786 in

370 2801 518 2850 picturis
567 2801 801 2855 Aegyptiacis
817 2833 828 2853 ,
898 2805 1021 2854 quales

371 2857 512 2905 grande
559 2858 814 2912 descriptionis
862 2858 1024 2913 Aegypti

309 1021 375 1066 97
433 1017 527 1061 ἔνια
555 1023 717 1072 πολλὰς
746 1022 941 1078 χιλιάδας
980 1024 1216 1068 ταλάντων.
1273 1024 1427 1069 Ἐπεὰν
1466 1026 1511 1070 δὲ
1541 1027 1700 1084 ἐπέλθῃ

101 1084 232 1118 Aegypti
250 1084 319 1112 Nilo
336 1086 381 1113 ἰη-

100 1118 238 1144 undenae.
285 1120 380 1148 facies

99 1155 131 1179 et
148 1152 304 1188 navigatio
438 1096 463 1141 ὁ
501 1102 663 1153 Νεῖλος
696 1101 778 1159 τήν
815 1103 983 1161 χώρην,
1042 1106 1088 1149 αἱ
1115 1104 1240 1157 πόλις
1274 1109 1436 1161 μοῦναι
1465 1107 1700 1162 φαίνονται

1101 1349 1193 1388 opus
1226 1337 1410 1384 continet,
1453 1336 1658 1375 huiusmodi
1690 1350 1756 1375 na-

1098 1407 1162 1431 ves
1198 1394 1388 1443 conspici,
1434 1398 1473 1430 ut
1502 1395 1596 1432 bene
1633 1398 1757 1431 monet

1097 1450 1258 1487 Heeren.
1280 1450 1393 1487 Ideen
1407 1453 1474 1487 etc.
1495 1450 1539 1498 ll,
1556 1453 1581 1489 2
1604 1450 1754 1499 p.374;

1098 1507 1191 1543 conf.
1223 1506 1272 1556 pl.
1303 1508 1356 1547 68
1377 1528 1430 1532 -
1453 1509 1518 1546 71.
1585 1506 1647 1544 Tu
1678 1507 1752 1543 vid.

1100 1563 1321 1612 description
1353 1562 1399 1599 de
1429 1562 1583 1613 l'Eg)'1)·
1621 1562 1691 1599 vol.
1720 1562 1752 1598 ll

1101 1618 1290 1667 (Thebes)
1321 1632 1404 1668 pag.
1420 1620 1472 1659 55
1495 1633 1572 1668 seq.
1599 1620 1664 1659 57.
1686 1620 1752 1660 63.

1098 1674 1195 1711 Alias
1220 1688 1367 1724 quoque
1396 1676 1492 1711 baris
1523 1676 1657 1712 indicat
1687 1687 1754 1711 na-

1097 1732 1234 1779 vigium
1259 1746 1286 1768 s.
1315 1732 1478 1779 cymbam
1502 1745 1544 1769 ex
1564 1745 1702 1781 papyro
1723 1745 1752 1768 s.

1098 1789 1275 1825 arundine
1297 1793 1501 1824 contextam
1516 1818 1526 1835 ‚
1547 1788 1672 1836 quales
1686 1799 1754 1824 na-

1099 1857 1160 1881 ves
1187 1849 1262 1880 tum
1294 1844 1379 1880 olim
1411 1844 1448 1880 in
1479 1844 1650 1894 Aegypto
1680 1845 1754 1881 fre-

1099 1905 1272 1949 quentes,
1304 1905 1380 1937 tum
1409 1901 1593 1949 hodieque
1624 1901 1660 1936 in
1680 1900 1754 1937 Ae-

1097 1957 1238 2007 thiopia
1264 1958 1414 1994 usitatas
1448 1971 1528 1995 esse
1550 1960 1754 1994 monstrant

1101 2013 1251 2050 Gesenii
1305 2015 1491 2064 disputata
1546 2015 1595 2050 ad
1645 2013 1749 2051 lesai.

1098 2069 1241 2117 XVIII,
1282 2074 1308 2111 2
1352 2083 1437 2121 pag.
1478 2071 1569 2111 577.
1629 2068 1752 2118 Atque

1098 2127 1207 2164 etiarn
1224 2128 1386 2164 Ritterus
1407 2127 1542 2174 (Erdk.
1563 2126 1579 2163 I
1597 2139 1632 2176 p.
1647 2126 1748 2173 881)

1096 2183 1133 2219 in
1150 2183 1252 2219 huius
1275 2183 1342 2220 loci
1362 2188 1576 2232 argumento
1601 2195 1644 2220 eo
1669 2194 1748 2218 ma-

1096 2240 1153 2289 gis
1174 2240 1411 2276 insistendum
1431 2244 1558 2290 putat,
1588 2252 1660 2288 quo
1673 2251 1750 2276 cer-

1095 2297 1164 2332 tius
1187 2297 1272 2333 inde
1296 2297 1446 2345 intelligi
1467 2300 1590 2345 queat,
1611 2296 1749 2344 quanta

1095 2353 1321 2402 navigiorum
1345 2354 1549 2402 frequenti-<⁸2
1573 2365 1748 2389 commer-

1094 2410 1186 2446 cium
1207 2410 1355 2446 interius
1375 2423 1441 2460 per
1450 2410 1659 2459 Aegyptum
1678 2410 1747 2445 flo-

1093 2466 1222 2513 ruerit,
1252 2466 1357 2514 quale
1378 2468 1435 2502 vix
1464 2466 1545 2502 aliis
1575 2467 1611 2501 in
1637 2464 1748 2502 Asiae

1094 2523 1230 2569 fluviis,
1261 2524 1372 2560 Sinae
1391 2528 1500 2571 atque
1522 2523 1668 2569 Indiae,
1698 2522 1748 2557 si-

1093 2578 1177 2616 mile
1200 2580 1398 2628 quidquam
1424 2579 1635 2629 reperiatur.

1277 2664 1308 2701 C
1323 2677 1386 2715 ap.
1417 2663 1568 2700 XCVII.

1145 2744 1266 2787 ἕπεοὶν
1295 2743 1337 2788 δ’
1365 2747 1514 2803 ἐπέλθῃ
1548 2745 1569 2787 ὁ
1601 2749 1747 2794 Νεῖλος

1088 2801 1163 2854 τήν
1197 2801 1356 2857 χώρην]
1403 2805 1461 2843 De
1492 2804 1602 2843 verbo
1635 2803 1745 2856 ἐπέρ-

1089 2864 1232 2912 χεσθαι
1252 2864 1347 2900 conf.
1366 2862 1424 2910 Π,
1450 2863 1503 2904 19
1524 2861 1610 2912 ibiq.
1629 2865 1705 2899 not.
