1877 3223
39 1254 106 1301 54

643 193 859 236 cLlo,
918 195 946 234 L

135 308 198 357 222'
220 321 317 350 τινα
350 303 534 361 στρατόν
574 301 748 360 ἀνδρῶν
779 303 1041 361 προσθέοιτο
1080 302 1213 360 φίλον
1224 322 1238 355 ;

1350 196 1433 238 127

1282 303 1356 355 Ὡς
1387 305 1456 350 δὲ5

155 383 409 440 ἀπικόμενοι
438 384 481 436 ἐς
512 383 565 428 τοὶ
595 382 940 441 ἀπεπέμφθησαν
979 384 1024 427 οῖ
1050 382 1192 426 Λυδοὶ
1221 380 1436 426 α’νέθεσαν

154 464 206 508 τὰ
235 462 495 521 ἀναθήματα
505 497 520 516 ,
562 462 767 520 ἐχρέωντο
799 468 912 507 τοῖσι
942 463 1256 518 χρηστηρίοισι,
1287 461 1435 518 λέγον·

153 557 241 595 τες·
269 576 293 596 ,,
307 547 524 599 Κροῖσος,
557 543 580 586 6
614 545 775 587 Λυδῶν
795 559 839 586 τε
867 542 938 586 καὶ
969 540 1110 584 ἄλλων
1130 541 1294 585 ἐθνέων
1315 543 1436 598 βασι·
1479 546 1535 589 25

152 622 311 676 ,,λευ“ς,
341 623 524 678 νομίσας
554 622 655 666 τάδε
679 621 866 679 μαντήϊα
894 618 1005 665 εἶναι
1032 623 1174 676 μοῦνα
1199 620 1245 664 ἐν
1265 617 1482 677 ἀνθρώ-10

152 713 329 756 ,,ποισι,
368 699 474 756 ὑμῖν
498 716 542 744 τε
571 701 667 752 ἄξια
698 703 817 757 δῶρα
849 701 981 744 ἔδωκε
1008 703 1097 743 τῶν
1127 698 1438 757 ἐξευρημάτων,

151 815 176 834 ,,
191 782 264 826 καὶ
280 784 365 824 νῦν
393 777 525 835 ὑμέας
542 779 773 838 ἐπειρωτᾷ,
806 781 841 824 εἰ
860 777 1141 836 στρατεύηται
1163 779 1232 822 ἐπὶ
1253 777 1439 834 Πέρσας,

150 860 261 912 „uoci
280 861 320 903 εἴ
337 875 432 902 τινα
455 857 639 913 στρατὸν
666 858 842 913 ἀνδρῶν
865 857 1127 913 προσθέοιτο
1160 856 1440 914 σύμμαχον;“

129 940 209 983 3οῑ
239 938 319 994 μὲν
349 943 485 982 ταῦτα
528 938 795 994 ἐπειρώτεον.
855 941 943 981 τῶν
969 938 1015 981 δὲ
1044 939 1265 993 μαντηίων
1297 935 1440 993 οἷμφο·

151 1017 289 1073 τέρων
315 1018 356 1068 ἐς
377 1015 516 1061 τώυτὸ
542 1020 587 1061 αἱ
616 1021 786 1074 γνῶμαι
823 1018 1120 1073 συνέδραμον,
1150 1014 1439 1071 προλέγουσαι

152 1099 351 1157 Κροίσῳ,
390 1096 445 1152 ἢν
471 1096 754 1153 στρατεύηται
776 1097 843 1140 ἐπὶ
868 1096 1061 1151 Πέρσας,
1090 1093 1278 1151 μεγάλην
1304 1092 1485 1150 ἆρχήν15

151 1194 228 1233 μιν
250 1180 500 1220 καταλῦσαι.
530 1176 631 1228 τοὺς
650 1178 695 1220 δὲ
709 1176 924 1233 Ἑλλήνων
957 1172 1291 1223 δυνατωτάτους
1312 1183 1440 1216 συνε-

150 1253 366 1312 βούλευόν
390 1257 433 1298 οἱ
456 1254 686 1311 ἐξευρόντα
713 1256 871 1312 φίλους
898 1255 1185 1310 προσθέσθαι.

151 1333 197 1377 δὲ
238 1331 538 1390 ἀνενειχθέντα
583 1333 635 1377 τοὶ
673 1333 917 1388 θεοπρόπια
959 1331 1143 1376 ἐπύθετο
1182 1330 1206 1374 ὁ
1233 1333 1440 1387 Κροῖσος,

150 1409 378 1469 ὑπερήσθη
416 1430 459 1457 τε
491 1418 605 1457 τοῖσι
632 1414 951 1469 χρηστηρίοισι·
1003 1409 1146 1466 πάγχυ
1179 1425 1224 1453 τε
1261 1409 1441 1460 ἐλπίσας
1487 1424 1546 1450 cro

149 1491 410 1536 καταλύσειν
443 1491 524 1548 τήν
557 1491 713 1550 Κύρου
744 1493 974 1549 βασιληίην
984 1523 996 1543 ,
1039 1487 1210 1546 πέμψας
1243 1483 1367 1540 αὖτις
1397 1487 1487 1540 ἐςΞο

108 1688 339 1725 statuendum
362 1688 419 1725 sit.
449 1709 504 1716 —-
531 1688 590 1727 De
612 1688 763 1739 optativi

107 1744 224 1780 forma
236 1742 473 1794 προσθέοιτο
486 1745 621 1782 consul.
632 1745 762 1782 Matth.

107 1799 173 1836 Gr.
187 1799 251 1836 Gr.
275 1798 311 1850 ἓ.
326 1802 408 1842 213
427 1805 502 1837 not.
517 1803 543 1842 3
564 1802 760 1852 pag.407.

164 1862 338 1918 μεγάλην
377 1863 504 1919 ἀρχήν
545 1882 612 1918 μιν
645 1882 760 1906 κατα-

106 1922 246 1973 λῦσαι]
277 1923 408 1960 Exstat
429 1924 562 1961 oraculi
582 1937 710 1961 versus
722 1924 760 1960 in

105 1980 260 2018 Diodori
296 1979 479 2029 Excerptt.
521 1979 588 2016 Vll
628 1978 664 2030 ἓ.
706 1980 760 2020 28

107 2035 237 2084 (Tom.
279 2034 314 2072 II
345 2049 380 2085 p.
411 2035 464 2077 25
503 2048 586 2073 nov.
637 2035 760 2086 script.

107 2091 185 2129 coll.
218 2091 276 2128 ed.
298 2090 427 2139 Maiff)

169 2160 346 2223 Κροῖσος
355 2155 483 2197 Ἀλυν
503 2154 669 2209 διαβάς,
693 2172 762 2208 με-

218 2209 346 2267 γάλην
377 2210 502 2266 α’ρχην
537 2210 760 2254 καταλύσει.

109 2283 216 2327 Quae
237 2283 365 2319 Cicero
391 2282 438 2320 de
469 2282 615 2320 divinat.
638 2281 685 2330 ΙΙ,
706 2281 760 2324 56

108 2339 160 2376 ita
181 2339 362 2376 reddidit:

165 2395 362 2444 „Croesus
383 2393 517 2444 Halym
548 2396 759 2444 penetrans,

247 2463 417 2500 magnam
435 2454 620 2502 pervertet
647 2462 758 2501 opum

249 2507 360 2544 vim.“

110 2560 186 2599 Ubi
206 2561 311 2612 plura
330 2561 401 2599 alia
415 2567 577 2601 veterum
596 2561 760 2600 testimo-

111 2617 172 2654 nia
199 2617 320 2655 citavit
345 2618 527 2656 Davisius.
592 2617 761 2667 Namque

111 2673 159 2709 ob
190 2673 397 2722 ambiguum
433 2686 580 2713 sensum
627 2673 760 2712 oraculi

111 2740 236 2766 versus
267 2729 372 2767 valde
404 2730 604 2768 celebratus
624 2743 691 2781 per
720 2743 762 2767 o-

111 2796 231 2823 mnem
251 2785 512 2835 antiquitatem.
532 2788 761 2825 -καταλῦ-

113 2851 177 2879 σαι
216 2840 367 2891 reliqui,
415 2842 576 2892 quamvis
615 2843 763 2894 quidam

833 1686 913 1724 libri
947 1680 1203 1733 καταλύσειν,
1253 1684 1353 1734 quod
1389 1683 1487 1722 idem

829 1743 998 1793 sequenti
1008 1743 1126 1793 capite
1147 1753 1273 1779 omnes
1293 1741 1485 1792 praebent,

829 1812 900 1836 uno
924 1799 1108 1836 Sancrofti
1128 1798 1219 1835 libro
1242 1801 1418 1848 excepto,
1447 1796 1485 1833 in

830 1868 902 1905 quo
923 1856 1152 1894 καταλῦσαι.

1039 1932 1070 1969 C
1082 1945 1103 1968 a
1113 1945 1151 1982 p.
1182 1930 1279 1969 LIV.

884 1996 1048 2049 πέμψας
1102 1991 1214 2044 αὖτις
1259 1995 1298 2043 ἐς
1349 1992 1486 2036 Πυθοῖ

828 2051 1012 2103 Δελφούς
1026 2052 1236 2105 δωρέεται]
1260 2052 1486 2102 wesseling.

829 2111 953 2147 laudat
985 2110 1103 2147 Schol.
1133 2111 1181 2147 ad
1208 2110 1359 2147 Homer.
1382 2109 1485 2146 Iliad.

827 2166 902 2214 ΙΧ,
932 2166 1034 2214 405,
1076 2166 1138 2203 ubi
1177 2167 1289 2204 haec:
1336 2162 1485 2214 Πυθώ,

828 2218 942 2270 πόλις
966 2222 1174 2271 Φωκίδος,
1202 2216 1254 2272 ἧς
1278 2218 1486 2272 οἷοίκήτο-

829 2294 893 2331 ρες
930 2278 1096 2328 Δελφοί.
1165 2273 1298 2316 Πυθώ
1347 2290 1485 2315 nomen

828 2340 884 2374 est
901 2339 977 2372 tum
1005 2336 1052 2372 de
1080 2334 1160 2372 loco
1184 2334 1260 2372 sive
1291 2333 1382 2372 sede
1401 2346 1487 2371 ora-

827 2391 918 2439 culi,
957 2396 1033 2428 tum
1066 2392 1112 2428 de
1141 2393 1336 2441 serpente,
1374 2402 1487 2439 quem

824 2448 895 2484 illic
922 2446 1054 2497 Apollo
1094 2447 1318 2485 interfecisse
1355 2447 1485 2493 fertur,

824 2505 1016 2550 usitatum;
1056 2503 1156 2552 quod
1186 2503 1325 2540 dudum
1355 2502 1486 2540 obser-

827 2561 923 2598 vavit
953 2559 1151 2611 Spanhem.
1183 2559 1232 2597 ad
1270 2557 1484 2596 Callimach.

826 2616 875 2654 H.
908 2616 946 2653 in
971 2615 1130 2666 Apollin.
1162 2627 1214 2652 vs.
1250 2616 1342 2657 100.
1400 2614 1487 2651 Hoc

828 2672 930 2719 loco,
961 2672 1021 2708 ubi
1048 2671 1262 2709 Herodotus
1292 2670 1486 2719 distinguit

827 2729 922 2766 inter
945 2724 1077 2766 Πυθώ
1100 2731 1137 2766 et
1156 2723 1367 2777 Δελφούς,
1395 2726 1485 2763 illud

829 2786 877 2822 de
897 2783 1022 2835 templi
1045 2787 1155 2834 atque
1167 2782 1300 2821 oraculi
1320 2783 1408 2821 sede
1429 2783 1485 2818 in-

828 2841 1088 2892 telligendum,
1117 2840 1187 2878 hoc
1208 2840 1256 2879 de
1281 2838 1409 2878 incolis
1440 2837 1484 2874 il-

1487 1324 1540 1351 Del

1487 1358 1559 1385 litas

1487 1457 1551 1487 dos.

1242 1250 1355 1295 Ἐπεί
1395 1266 1440 1295 τε
1485 1253 1697 1317 ectu-oei.‹³igaiudi
1701 1262 1759 1290 um,

1640 1297 1710 1323 mug
1694 1290 1741 1316 ιιοΙ
1726 1298 1759 1317 os

1650 1324 1669 1350 li
1675 1326 1708 1351 be
1693 1331 1759 1350 e-ra

1621 1365 1760 1384 remune-

1523 1396 1572 1417 nte
1556 1378 1588 1418 e's
1655 1396 1761 1417 rursus

1531 1432 1632 1453 ocsum
1649 1428 1680 1452 et
1696 1424 1756 1458 Ly

1544 1323 1616 1359 phos
