1909 3228
427 202 511 241 860

426 309 595 366 μηνὲες’

423 389 615 432 τοσαῦτά
654 388 741 431 ἐστι
757 405 765 414 ·

826 202 1287 242 HERODOTI

657 311 700 353 οἱ
729 310 795 360 δὲ,
835 312 1108 367 κυβερνῆται.
1140 311 1266 367 γένεα
1311 315 1390 368 μὲν
1433 316 1682 371 Αἰγυπτίων

827 387 1048 446 οὐνόματα
1087 392 1133 434 δέ
1174 404 1254 447 σφι
1289 392 1428 436 κέεται
1471 393 1555 438 ἀπό
1595 400 1682 438 τῶν

392 467 617 522 Ξτεχνὲων.
664 468 708 509 οἱ
737 467 781 510 δὲ
811 466 989 523 μάχιμοι
1027 469 1173 513 αὐτῶν
1211 471 1438 515 καλέονται
1475 472 1553 528 μὲν
1585 476 1678 516 Κα-
1692 479 1738 515 40

422 546 612 598 λασίριὲς
647 562 690 588 τε
726 546 799 590 καὶ
833 544 1131 606 Ἑρμοτύβιες·
1189 551 1236 594 ἐκ
1275 556 1424 606 νομῶν
1458 553 1503 596 δὲ
1544 554 1680 596 τῶνδε

363 764 546 801 conciliari
583 769 703 814 queat.
760 764 819 803 Ad
851 766 1014 804 bubulcos

363 825 481 858 autem
493 850 503 868 ,
533 823 662 859 eodem
679 822 860 860 Heerenio
878 825 1012 861 docen-

362 882 428 923 te,
476 890 550 914 non
590 879 613 914 ii
651 883 791 915 tantum
829 882 1012 917 referendi

362 939 464 981 sunt,
495 935 558 983 qui
588 935 625 971 in
650 936 691 971 iis
711 935 873 986 Aegypti
893 938 1011 986 regio-

360 991 465 1027 nibus
486 992 821 1040 commorabantur,
845 1006 938 1042 quae
955 994 1010 1031 vel

359 1051 512 1098 propter
528 1052 672 1085 montes
695 1048 753 1085 vel
772 1055 923 1099 propter
939 1055 1012 1086 sta-

360 1117 435 1152 gna
472 1103 696 1153 paludesque
736 1106 834 1141 haud
874 1107 1012 1144 ferrent

358 1172 529 1208 agrorum
560 1162 731 1198 culturam
752 1190 762 1208 ,
798 1163 933 1211 quique
960 1164 1012 1200 vi-

358 1220 433 1253 tam
464 1218 690 1254 nomadieam
719 1220 796 1255 sere
837 1221 1010 1268 agebant,

359 1274 424 1310 sed
449 1273 473 1309 ii
498 1287 667 1322 quoque,
698 1276 759 1323 qui
786 1275 874 1312 fixas
903 1289 1010 1326 cepe*

358 1334 439 1366 rant
480 1331 613 1378 sedes,
663 1333 878 1380 praesertim
915 1333 1010 1370 circa

357 1385 591 1423 Arabicorum
638 1388 812 1424 montium
857 1390 1010 1437 radices,

357 1443 419 1478 nbi
444 1443 587 1492 optimis
609 1443 758 1480 saltibus
778 1448 874 1481 terra
893 1446 1009 1482 abun-

357 1499 440 1544 dat,
479 1503 542 1535 aut
568 1499 604 1534 in
632 1499 764 1536 Deltae
797 1502 1006 1548 regionibus

355 1554 555 1604 paludosis,
625 1556 749 1598 Quare
778 1557 1007 1605 distinguun-

356 1615 414 1646 tur
447 1611 492 1647 al)
519 1611 584 1656 iis,
625 1612 686 1660 qui
722 1613 818 1660 agris
846 1613 1005 1650 colendis

356 1679 502 1716 operam
531 1668 638 1714 dant,
669 1668 721 1714 II,
750 1671 815 1708 77.
873 1669 1006 1706 Pasto-

354 1735 414 1759 res
452 1728 599 1769 autem,
639 1724 798 1760 subulcos
833 1724 1007 1774 inprimis,

355 1779 402 1816 ab
428 1777 621 1828 Aegyptiis
654 1784 856 1817 contemtos
895 1782 1007 1818 adeo—

355 1848 426 1883 que
455 1836 578 1871 infimo
607 1836 687 1873 loco
725 1836 867 1873 habitos
897 1838 1008 1874 fuisse

355 1892 442 1927 satis
461 1897 624 1938 constat,
652 1906 719 1929 nec
737 1892 840 1942 plura
859 1906 1007 1931 monere

353 1948 484 1985 attinet
510 1954 596 1998 post
615 1962 679 1996 ea,
699 1962 793 1998 quae
813 1950 860 1985 ad
882 1950 1004 1997 11‚47.

355 2006 436 2045 128
456 2007 670 2042 notavimus.
719 2005 779 2042 Tu
803 2006 874 2042 vid.
896 2008 1005 2044 etiam

352 2060 512 2098 Heeren.
533 2061 553 2098 l.
573 2061 594 2098 l.
617 2075 702 2111 pag.
727 2062 973 2104 146—151.

410 2117 451 2156 οἷ
469 2115 529 2165 δὲ,
560 2113 757 2169 κάπηλοι]
790 2119 898 2155 Hanc
912 2120 1005 2156 clas-

352 2187 429 2211 sem
470 2174 676 2211 institorum
697 2204 708 2221 ,
751 2180 1003 2222 mercatorum,

353 2243 555 2279 cauponum
578 2232 687 2269 fuisse
705 2236 817 2280 negat
843 2232 1001 2269 Heeren.

352 2286 373 2322 l.
396 2286 416 2322 l.
438 2300 522 2335 pag.
547 2287 625 2328 140
645 2301 737 2337 seq.,
772 2288 908 2337 quippe
930 2302 1003 2337 qua

352 2343 604 2380 contineantur
623 2374 634 2391 ‚
675 2346 879 2392 quicunque
907 2350 1002 2382 artes

351 2398 545 2436 sellularias
565 2413 798 2450 quascunque
812 2405 1004 2438 exerceant

352 2454 427 2501 (dcc
450 2455 561 2492 Kaste
592 2457 652 2493 cler
675 2457 1003 2505 gewerbtreibenclen

352 2510 533 2558 Biirger),
571 2518 607 2549 et
635 2514 703 2563 ipsi
743 2527 809 2563 pro
849 2515 1002 2561 artibus,

352 2580 442 2615 quus
480 2569 610 2616 singuli
650 2570 915 2619 profiteantur,
964 2571 1001 2606 in

351 2624 502 2661 totidem
530 2625 662 2663 classes
688 2627 810 2673 divisi,
851 2640 929 2663 cum
960 2627 1002 2662 ss-

351 2678 398 2714 lio
418 2682 558 2716 nonnisi
578 2687 691 2719 artem
712 2683 823 2731 patris
847 2687 1002 2721 tractare

351 2734 500 2772 licuerit.
542 2737 649 2774 Cous.
672 2739 809 2775 Herod.
832 2738 885 2785 ll,
912 2740 1002 2779 141.

351 2789 405 2827 Ac
425 2792 546 2828 mirari
566 2794 713 2840 subeat,
743 2796 789 2831 ab
810 2796 1002 2832 Herodoto

353 2859 425 2884 non
462 2851 735 2886 commemorari
765 2852 1005 2899 agricolarum

1080 768 1251 817 classem,
1282 783 1388 820 quam
1415 776 1520 809 vocat
1547 771 1734 809 Diodorus

1079 825 1100 861 l.
1134 826 1154 862 l.
1214 828 1309 864 Hinc
1337 828 1513 876 agricolas
1543 829 1646 865 classi
1667 844 1734 866 κα-

1079 878 1218 932 πήλων
1237 884 1440 933 adscriptos
1459 886 1568 922 fuisse
1585 886 1733 934 quidam

1080 952 1276 984 censuere,
1306 941 1393 986 nisi,
1426 954 1497 989 quo
1527 942 1625 978 ducit
1653 942 1733 991 ipse

1079 996 1305 1042 Herodotus,
1333 1010 1411 1033 cum
1430 1002 1563 1034 terram
1589 1010 1732 1035 omnem

1080 1053 1205 1100 aequis
1239 1053 1465 1100 portionibus
1491 1054 1585 1090 inter
1612 1053 1734 1102 Aegy-

1079 1110 1175 1158 ptios
1209 1109 1361 1145 divisam
1415 1123 1496 1146 esse
1533 1110 1654 1146 scribit
1688 1110 1735 1157 ll,

1083 1167 1185 1211 109,
1216 1165 1369 1214 plurium
1387 1166 1536 1202 aliarum
1564 1166 1732 1203 classium

1079 1222 1279 1258 communis
1300 1222 1407 1258 suerit
1425 1221 1654 1271 agricultura,
1666 1236 1733 1260 nec

1077 1283 1212 1314 certum
1243 1279 1428 1326 quoddam
1454 1278 1636 1315 hominum
1667 1291 1732 1328 ge-

1077 1347 1144 1370 nus
1168 1335 1409 1371 constituerit.

1136 1390 1180 1428 οἷ
1200 1388 1262 1437 ὁὲ,
1295 1389 1502 1441 ἑρμηνέες]
1544 1390 1602 1428 De
1621 1393 1729 1428 inter-

1070 1447 1227 1495 pretibus
1246 1448 1398 1483 vidimus
1421 1448 1467 1483 ad
1489 1447 1541 1493 ll,
1563 1447 1652 1487 154.

1135 1503 1175 1541 οἱ
1199 1500 1260 1549 δὲ,
1291 1501 1553 1552 κυβερνῆται]
1594 1503 1728 1539 Guber-

1073 1563 1233 1595 mttorum
1259 1558 1371 1596 classe
1390 1559 1489 1595 haud
1513 1559 1534 1594 ii
1554 1560 1727 1596 contineri

1074 1615 1271 1660 videntur,
1311 1616 1340 1651 si
1372 1616 1433 1663 qui
1473 1615 1624 1651 navibus
1661 1628 1727 1665 per

1075 1684 1174 1707 mare
1206 1671 1420 1707 veherentur
1441 1700 1451 1717 ,
1510 1684 1590 1707 cum
1626 1684 1726 1708 mare

1075 1740 1223 1763 exosum
1260 1731 1356 1763 esset
1392 1727 1606 1776 Aegyptiis,
1661 1728 1728 1764 sed

1075 1784 1245 1831 frequens
1269 1784 1419 1818 istorum
1448 1783 1631 1819 hominum
1661 1796 1729 1831 ge-

1076 1852 1162 1884 nus,
1193 1839 1253 1887 qui
1282 1840 1317 1874 in
1340 1838 1450 1885 Nilo,
1481 1839 1726 1876 inundationis

1074 1896 1289 1946 praesertim
1307 1899 1493 1945 tempore,
1523 1895 1728 1943 navigatio-

1074 1965 1157 1988 nem
1186 1952 1482 1988 instituebantur.
1540 1952 1648 1988 Conf.
1680 1952 1725 1998 ΙΙ,

1074 2010 1127 2049 96
1140 2008 1225 2056 ibiq.
1245 2012 1320 2044 not.
1333 2012 1368 2045 et
1384 2008 1546 2058 inprimis
1562 2008 1723 2046 Heeren.

1071 2064 1093 2101 l.
1116 2064 1137 2100 l.
1160 2077 1245 2113 pag.
1271 2063 1350 2105 143
1366 2087 1420 2091 —
1442 2064 1533 2105 145.
1592 2064 1726 2102 Errant

1072 2121 1201 2169 igitur,
1232 2121 1293 2169 qui
1320 2126 1493 2157 monente
1520 2120 1587 2157 Cr.
1617 2121 1664 2156 ad
1685 2121 1719 2157 h.

1070 2178 1092 2214 l.
1117 2172 1362 2227 κυβερνήτας
1383 2177 1491 2213 hosce
1511 2190 1576 2225 pro
1589 2177 1724 2224 guber-

1071 2233 1257 2270 natoribus
1279 2234 1465 2269 maritimis
1496 2233 1631 2269 habent
1659 2246 1723 2269 au-

1071 2294 1191 2326 ctores
1209 2289 1328 2338 operis
1356 2289 1526 2338 descript.
1553 2290 1600 2326 de
1627 2289 1723 2338 l’Eg.

1070 2346 1139 2383 vol.
1161 2345 1191 2381 ll
1214 2346 1372 2393 (Theb.)
1396 2358 1481 2395 pag.
1506 2347 1570 2386 63.

1129 2401 1366 2452 Καλασίριές
1388 2416 1427 2440 τε
1453 2399 1519 2439 καὶ
1536 2396 1724 2452 Ἑρμοτύ-

1071 2457 1175 2508 βιες]
1215 2457 1511 2508 Ἑρμοτυμβιεῖς
1547 2462 1724 2495 vocantur

1070 2516 1168 2564 apud
1192 2515 1366 2564 Stephan.
1386 2515 1537 2562 Byzant.
1557 2527 1627 2551 s.v.
1660 2514 1722 2551 Tu

1069 2572 1153 2607 add.
1185 2572 1434 2607 Heinsterhus.
1465 2571 1513 2607 ad
1537 2570 1721 2620 Aristoph.

1070 2627 1164 2664 Plut.
1187 2630 1289 2673 729,
1311 2628 1372 2675 qui
1391 2628 1569 2664 diversum
1590 2628 1721 2663 utrius-

1071 2696 1142 2732 que
1161 2684 1280 2731 gentis
1303 2696 1434 2720 nomen
1453 2696 1474 2719 a
1493 2684 1637 2721 diverso
1657 2696 1719 2720 ve-

1073 2740 1175 2776 stitus
1200 2752 1334 2788 genere
1360 2744 1510 2776 tractum
1528 2753 1609 2776 esse
1635 2752 1719 2776 cen-

1073 2802 1136 2832 set.
1177 2797 1254 2833 Sed
1274 2795 1481 2832 lablonskio
1507 2795 1717 2845 interprete,

1072 2865 1167 2889 voce.
1188 2851 1306 2902 Aegg.
1319 2866 1353 2903 p.
1369 2855 1423 2893 69
1436 2864 1516 2901 sqq.
1532 2855 1609 2892 101
1623 2863 1717 2900 sqq„
