1909 3228
469 170 553 210 834
884 167 1343 206 HERODOTI

471 277 622 330 ἐόντα,
671 276 863 328 ἐπιμελὲς
891 274 977 330 γὰρ
1007 273 1061 329 δή
1089 292 1162 332 μοι
1191 269 1270 330 ἦν,
1313 273 1492 331 εἰρόμην
1520 275 1624 327 τούς
1649 274 1726 331 ἅγ-

473 369 592 410 χιστα
622 354 843 405 οἰκέοντας
872 358 947 409 τῆς
976 356 1149 410 λίμνης,
1181 353 1292 397 ὅκου
1322 356 1387 409 ε’ίη
1417 351 1440 396 ὁ
1463 358 1566 409 χοῦς
1589 353 1612 398 ὁ
1634 355 1727 407 ἐξο-

444 437 660 489 δρυχθείς.
724 435 768 477 οἱ
809 433 854 477 δὲ
895 432 1094 488 ἔφρασάν
1124 450 1199 487 μοι
1230 435 1302 476 ἵνα
1332 432 1575 487 ἐξεφορήθη
1596 465 1606 484 ,
1655 433 1728 476 καὶ

472 511 678 563 εὐπετέως
707 512 911 555 ἔπειθον·
956 510 1060 567 ᾔδεα
1090 511 1172 566 γὰρ
1201 509 1316 568 λόγῳ
1346 511 1418 555 καὶ
1448 511 1494 554 ἐν
1524 512 1646 567 Νίνῳ
1676 515 1728 567 τῇ

443 589 711 646 4Ἀσσυρίων
739 590 842 635 πόλι
870 590 1109 646 γενόμενον
1138 590 1286 644 ἕτερον
1316 593 1503 632 τοιοῦτο.
1561 589 1613 632 τοὶ
1645 589 1729 645 γὰρ

472 670 854 725 Σαρδαναπάλλου
883 674 963 713 τοῦ
986 671 1130 711 Νίνου
1153 668 1351 724 βασιλέος
1380 667 1599 723 χρήματα,
1630 668 1728 712 ἐόν·
1741 677 1787 709 80

471 766 523 791 τα
553 749 739 805 μεγάλα,
783 749 856 793 καὶ
886 748 1194 804 φυλασσόμενα
1225 748 1270 791 ἐν
1300 752 1564 804 θησαυροῖσι
1597 764 1731 790 κατα*
1776 754 1853 792 178
1879 805 1888 814 .

446 830 661 881 5γαίοισι,
710 827 950 883 ἐπενόησαν
987 832 1151 878 κλῶπες
1191 829 1446 882 ἐκφορῆσαι.
1510 827 1556 870 ἐκ
1587 825 1639 882 δὴ
1671 821 1734 869 οἷν

472 911 561 949 τῶν
599 906 820 963 σφετέρων
858 907 1010 949 οἰκίων
1050 904 1285 961 ἀρξάμενοι
1325 908 1367 949 οἱ
1405 909 1593 957 κλῶπες,
1645 903 1732 947 ὑπὸ

471 989 554 1040 ’γῆν
592 985 906 1040 σταθμεόμενοι
947 986 987 1036 ἐς
1026 985 1077 1027 τὰ
1125 985 1326 1041 βασιλήϊα
1366 986 1481 1027 οἰκία
1520 983 1726 1037 ὄρυσσον.

444 1065 554 1107 στάν
585 1066 629 1107 δὲ
656 1069 764 1120 χοῦν
789 1063 868 1107 τὸν
907 1063 1228 1120 ἐκφορεόμενον
1259 1065 1304 1107 ἐκ
1339 1066 1420 1106 τοῦ
1461 1061 1786 1118 ὀρύγματος,85

474 1144 587 1194 ὅκως
613 1145 782 1199 γε’νοιτο
813 1142 914 1195 νύξ,
948 1143 989 1195 ἐς
1017 1143 1093 1187 τὸν
1127 1146 1279 1199 Τίγριν
1308 1141 1527 1197 ποταμὸν,
1558 1141 1732 1195 παραῤ-

475 1223 631 1277 ῥέοντα
659 1223 738 1278 τὴν
768 1226 914 1267 Νῖνον
933 1258 944 1275 ,
988 1221 1237 1278 ἐξεφόρεον·
1287 1222 1329 1274 ἐς
1358 1221 1382 1266 ὃ
1412 1219 1732 1276 κατεργάσαντο

446 1300 508 1343 75
538 1318 579 1344 τι
610 1302 861 1356 ἐβούλοντο.
930 1306 1136 1345 τοιοῦτον
1173 1301 1322 1356 ἕτερον
1365 1299 1535 1357 ἥκουσα
1574 1299 1648 1344 καὶ
1685 1298 1734 1342 τὸ

473 1383 546 1435 τῆς
577 1380 622 1423 ἐν
653 1381 858 1440 Αἰγύπτῳ
889 1383 1041 1438 λίμνης
1075 1379 1243 1436 ὄρυγμα
1271 1381 1497 1436 γενέσθαι·
1535 1377 1647 1435 πλὴν
1678 1377 1733 1422 οὐ

472 1458 653 1511 νυκτὸς,
686 1458 795 1502 ἄλλα
825 1458 920 1516 μετ’
958 1461 1123 1515 ἡμέρην
1153 1459 1436 1514 ποιεύμενον·
1468 1456 1736 1512 ὀρύσσοντας

473 1537 557 1592 γὰρ
586 1538 663 1581 τὸν
685 1542 793 1592 χοῦν
822 1539 924 1589 τοὺς
957 1540 1240 1594 Αἰγυπτίους,
1278 1537 1320 1587 ἐς
1348 1536 1427 1580 τόν
1458 1539 1621 1580 Νεῖλον
1651 1552 1734 1591 φο-
1746 1542 1790 1575 90

474 1616 608 1670 ρὲειν·
647 1615 670 1660 ὁ
702 1619 778 1668 δὲ,
807 1617 1152 1672 ὑπολαμβάνων,
1185 1617 1327 1671 ἔμελλε
1358 1614 1553 1670 διαχέειν.
1599 1613 1625 1671 ἡ
1656 1615 1735 1671 μέν

472 1711 556 1737 νυν
581 1697 708 1751 λίμνη
739 1695 848 1751 αὕτη
881 1695 997 1738 οὕτω
1028 1695 1195 1749 λέγεται
1226 1693 1484 1750 ὀρυχθῆναι.

318 1780 413 1826 151
590 1777 688 1816 Τῶν
727 1774 772 1817 δὲ
811 1773 1009 1816 δυώδεκα
1044 1772 1261 1829 βασιλέων
1305 1772 1561 1829 δικαιοσύνῃ
1602 1787 1734 1827 χρεω-

144 1845 417 1915 ξῖῧῗεᾞζῑξξῇζζξῇβ,
476 1851 644 1907 μένων,
703 1850 787 1896 dvo}
827 1852 989 1909 χρόνον
1029 1851 1088 1904 ὠς
1137 1853 1304 1896 ἔθυσαν
1352 1853 1399 1896 ἐν
1436 1855 1497 1908 τῷ
1536 1852 1617 1908 ἷρῷ
1654 1853 1739 1894 τοῦ

143 1921 238 1947 quare
256 1922 273 1940 a
291 1914 420 1939 caeteris

144 1949 172 1974 in
199 1946 348 1981 palustria
372 1955 417 1973 rc-

147 1982 276 2014 legatus.

475 2073 522 2115 τοὶ
544 2073 618 2129 γαρ
637 2071 981 2126 Σαρδαναπάλλου
1001 2077 1076 2115 τοῦ
1199 2072 1506 2127 σταθμεόμενοι]
1537 2076 1558 2112 ἰ.
1579 2089 1608 2113 e.
1627 2076 1792 2113 metiendo

422 2134 553 2172 Νίνου
575 2132 772 2184 βασιλέος]
811 2134 948 2183 Scripsi
969 2135 1073 2183 Σαρ-
1139 2137 1172 2169 et
1202 2133 1422 2170 coniectando
1452 2133 1642 2180 dirigentes
1681 2135 1790 2179 viam,

419 2187 580 2229 davum}
593 2193 643 2228 λλ
656 2205 702 2229 ου
736 2203 814 2226 cum
838 2190 998 2238 probatis
1031 2189 1073 2225 li-
1140 2194 1179 2225 ut
1200 2190 1458 2239 interpretatur
1480 2189 1682 2237 Schweigh.
1699 2202 1792 2238 quo-

419 2247 504 2283 bris.
562 2247 645 2283 Vid.
668 2247 715 2284 ad
738 2246 882 2283 Ctesiae
905 2246 1069 2294 fragmm.
1139 2259 1218 2282 cum
1250 2246 1375 2295 scripsi
1405 2240 1696 2295 σταθμεόμενοι
1725 2258 1792 2295 pro

418 2316 505 2353 pag.
527 2302 618 2343 430.
677 2302 744 2339 Est
771 2315 856 2340 vero
883 2301 971 2339 haec
998 2314 1070 2338 una
1136 2302 1232 2350 vulg.
1259 2297 1599 2352 σταθμεώμενοι,
1634 2314 1728 2350 quae
1750 2314 1793 2338 ex

417 2360 515 2408 regis
536 2359 757 2396 celeberrimi
782 2358 916 2396 mentio
937 2358 973 2394 in
993 2358 1069 2395 He·
1136 2357 1270 2394 Aldina
1300 2359 1411 2395 fluxit.
1449 2382 1504 2386 —
1545 2357 1638 2394 Cum
1675 2358 1792 2395 Gaisf.

418 2415 538 2452 rodoti
568 2416 677 2451 musis
699 2443 709 2461 ‚
747 2416 811 2464 qui
844 2415 1001 2451 fortasse
1031 2415 1066 2450 in
1136 2414 1234 2451 edidi
1254 2411 1427 2463 ὅρυσσον
1443 2429 1510 2464 pro
1533 2410 1727 2465 ὤρυσσον.

419 2471 621 2520 Assyriaeis
650 2471 749 2508 libris
781 2472 839 2518 (1,
873 2473 951 2511 106
981 2470 1067 2519 ibiq.
1194 2469 1232 2516 ἒς
1252 2468 1318 2509 τὸν
1340 2467 1623 2521 Τίγριν-τήν
1642 2468 1790 2519 Νῖνον]

419 2529 516 2576 not.)
543 2528 722 2578 copiosius
751 2528 797 2565 de
826 2541 869 2564 eo
892 2526 1067 2563 relaturus
1136 2526 1195 2565 De
1211 2532 1423 2575 argmnento
1444 2527 1511 2565 loci
1534 2527 1630 2565 conf.
1650 2530 1725 2563 not.
1744 2527 1792 2563 ad

417 2589 504 2621 erat.
542 2606 598 2610 —
636 2584 677 2620 ln
709 2596 812 2633 seqq.
842 2595 920 2621 cnm
952 2583 1067 2619 Gaiss.
1137 2583 1171 2632 Ι,
1196 2585 1285 2625 193.

418 2641 545 2690 scripsi
559 2638 753 2690 βασιλέος
773 2654 839 2690 pro
862 2640 1013 2689 βασιλῆ
1025 2654 1067 2685 ος
1349 2667 1412 2705 Ca
1490 2665 1574 2704 CII

420 2700 455 2731 et
478 2696 552 2737 151
576 2695 785 2747 βασιλέων
807 2709 874 2746 pro
895 2696 1010 2745 βασιλ
1022 2691 1066 2745 η’·
1422 2681 1458 2718 p'
1539 2692 1555 2704 ⁴
1577 2695 1585 2704 '

421 2766 494 2797 ων,
537 2751 727 2801 βασιλέες
759 2766 826 2803 pro
859 2753 1065 2804 βασιλῆες
1192 2747 1272 2790 α’νοῖ
1288 2749 1434 2804 χρόνον
1458 2750 1512 2798 ὥς
1534 2749 1701 2800 ἔθυσαν]
1731 2750 1789 2789 De

419 2812 456 2844 et
474 2807 654 2858 βασιλέα
678 2822 746 2859 pro
766 2810 916 2859 βασιλῆ
928 2825 963 2847 α.
1132 2808 1313 2847 locutione
1333 2805 1410 2849 α’νοὶ
1434 2806 1577 2862 χρόνον
1604 2809 1729 2846 conset
1759 2808 1786 2855 1,
