1909 3228
550 217 972 257 EUTERPE.
1022 216 1068 255 II.

1342 217 1425 257 587

172 328 261 373 ’ὑπὸ
295 328 516 371 Φοινίκων
554 326 810 382 ἱδρυμένον,
851 329 898 374 οἳ,
921 323 1016 369 κατ’
1051 324 1269 380 Εὐρώπης
1302 323 1424 380 ζήτη-

172 420 242 451 σιν
279 405 592 457 ἐκπλώσαντες,

642 405 788 448 Θάσον
829 405 999 448 ἔκτισαν
1008 419 1016 428 ·

1076 405 1146 448 καὶ
1184 408 1316 447 ταῦτα
1352 404 1427 447 καὶ

169 487 293 531 πέντε
321 490 491 543 γενεῇσι
521 483 697 538 ἀνδρῶν
733 483 922 538 πρότερά
962 484 1050 527 ἐστι
1093 483 1121 540 ἢ
1159 483 1238 527 τὸν
1273 481 1425 538 Ἀμφι-

142 565 370 621 5τρύωνος
394 563 607 618 Ἡρακλέα
636 563 682 607 ἐν
708 566 762 620 τῇ
786 561 957 606 Ἑλλάδι
985 563 1196 618 γενέσθαι.

1256 563 1318 605 To}
1348 562 1426 616 μέν
1437 570 1481 603 80

169 661 253 689 vvv
302 643 562 699 ῖστορημένα
601 645 727 698 δηλοῖ
764 641 935 697 σαφέως
972 642 1160 685 παλαιόν
1204 643 1311 685 θεὸν
1348 640 1427 685 τόν

170 723 181 738 e
343 725 350 737 ,
418 723 429 737 ,
447 722 456 735 ,

142 732 163 766 6
178 727 384 778 Ηρακλεα
413 739 550 766 εοντα.

608 722 681 766 καὶ
710 721 913 765 δοκέουσι
952 720 997 764 δέ
1027 738 1102 776 μοι
1133 716 1255 764 οὗτοι
1286 719 1424 774 ὀρθό-

169 819 275 846 τατα
304 799 524 858 Ἑλλήνων
553 801 738 852 ποιέειν,
784 803 826 844 οἳ
855 800 947 852 διξὰ
981 799 1213 855 Ἡράκλεια
1244 798 1426 853 ἱδρυσά-

169 897 292 938 μενοι
321 882 536 937 ἔκτηνται·
583 880 656 924 καὶ
685 883 746 938 τῷ
772 880 868 936 μὲν,
912 879 968 932 ὡς
998 878 1229 940 ἀθανάτῳ,

113 1079 147 1104 a.
156 1067 240 1104 Chr.
259 1079 316 1113 n.;
333 1067 382 1104 ita
398 1071 439 1103 ut
451 1067 611 1104 Graecus
622 1066 761 1103 Hercu-

112 1122 164 1160 les
184 1127 289 1159 natus
317 1124 423 1160 fuerit
446 1122 551 1163 1384
573 1135 604 1159 a.
622 1123 707 1159 Chr.
725 1134 760 1158 n.

113 1179 186 1223 Qui
217 1180 311 1216 bene
343 1180 506 1216 diversus
544 1191 616 1215 non
644 1179 760 1214 minus

112 1236 158 1272 ab
175 1236 356 1285 Aegyptio
378 1240 414 1273 et
439 1235 632 1272 Phoenicio
654 1247 760 1283 quam

112 1304 134 1328 a
154 1291 189 1327 T
192 1293 268 1341 yrio
291 1304 332 1329 ac
351 1291 489 1328 Thasio
504 1291 671 1337 Hercule,
687 1303 761 1327 non

112 1348 200 1401 deus
232 1347 313 1398 ipsa
339 1348 497 1396 origine,
538 1348 603 1384 sed
632 1354 767 1383 morta-

111 1403 135 1439 li
170 1405 282 1453 stirpe
317 1405 531 1453 progenitus
570 1404 765 1447 ferebatur,

110 1472 192 1496 mox
214 1460 249 1495 in
270 1459 410 1496 coelum
440 1463 607 1508 receptus
637 1459 683 1494 ob
711 1459 766 1494 in-

112 1515 228 1564 signia
264 1515 437 1552 facinora.
495 1515 616 1558 Quem
654 1514 764 1562 igitur

111 1571 314 1609 Orientales
334 1572 494 1609 habuere
513 1572 619 1608 deum
641 1571 765 1620 primi-

111 1628 277 1677 genium,
307 1641 389 1665 eum
410 1627 541 1665 Graeci
560 1627 644 1664 inde
661 1640 763 1664 acee-

110 1690 211 1735 ptum
238 1685 354 1733 magis
387 1685 435 1721 ad
461 1684 655 1720 humanam
686 1684 763 1719 for-

110 1753 206 1777 mam
231 1753 273 1778 ac
302 1741 458 1790 speciem
483 1741 765 1787 conformatum,

113 1801 149 1834 et
169 1796 205 1832 in
224 1796 371 1834 heroem
389 1800 684 1841 transmutatum,
702 1796 762 1844 qui

112 1853 159 1889 ob
172 1853 284 1902 ipsius
303 1853 349 1889 de
365 1852 521 1888 humano
536 1864 670 1900 genere
688 1864 764 1888 me-

112 1908 181 1945 rita
200 1909 234 1944 in
254 1908 393 1946 eoelum
421 1913 564 1945 evectus
587 1920 683 1943 nunc
707 1920 766 1944 re-

112 1964 230 2013 liquos
251 1965 357 2001 etiam
377 1965 537 2001 homines
560 1964 608 2000 ad
637 1962 765 1999 similia

111 2021 356 2070 perpetranda
388 2021 575 2070 ipsiusque
613 2020 766 2067 vestigia

111 2077 268 2125 legenda
302 2081 526 2126 provocaret.
585 2076 689 2119 Quae
719 2076 766 2112 de

112 2133 250 2170 Thasio
287 2133 444 2171 Hercule
487 2133 692 2182 accepimus
731 2135 767 2168 et

111 2190 192 2239 ipsa
218 2190 439 2239 Aegyptium
461 2193 499 2226 et
530 2188 767 2225 Phoenicium

113 2247 220 2283 deum
240 2247 351 2283 fuisse
371 2242 662 2283 commonstrant.
682 2243 766 2280 Plu-

113 2315 153 2338 ra
181 2303 349 2340 Creuzer.
378 2302 541 2352 Symbol.
568 2301 599 2337 ll
626 2315 661 2351 p.
682 2301 765 2340 218

115 2371 217 2407 seqq.
230 2387 240 2404 ‚
269 2359 331 2395 ubi
342 2359 449 2395 etiam
461 2358 497 2395 T
500 2358 680 2394 basiorum
696 2370 763 2392 nu—

114 2414 162 2450 mi
179 2419 441 2461 memorantur,
470 2415 507 2450 in
525 2414 653 2462 quibus
669 2413 765 2450 Her-

116 2469 204 2506 culis
235 2470 374 2518 effigies
396 2476 590 2521 comparet.
619 2489 676 2497 —-·
704 2470 764 2506 De

115 2525 241 2562 Thaso
268 2526 350 2576 ipsa
374 2528 468 2563 conf.
496 2526 672 2563 Nostrum
700 2525 765 2572 VI,

116 2580 182 2621 47.
219 2582 312 2618 Cum
337 2582 432 2618 enim
463 2583 540 2619 auri
568 2583 699 2618 fodinis
730 2586 766 2618 et

119 2637 270 2674 metallis
302 2639 494 2687 conspicua
517 2642 614 2675 esset
639 2637 767 2683 insula,

119 2695 290 2730 maturius
321 2693 542 2730 Phoenicum
566 2694 681 2731 coloni
704 2694 772 2730 illic

120 2750 226 2787 sedes
251 2754 435 2799 ceperunt.

177 2806 216 2845 οἳ
247 2801 339 2844 κατ’
370 2800 573 2856 Εὐρώπης
615 2800 772 2855 ζήτησιν

120 2857 412 2913 ἐκπλώσαντες]
443 2863 537 2900 conf.
565 2862 605 2910 Ι,
635 2865 662 2903 2
704 2861 771 2899 Cr.

1271 877 1426 934 Ὀλυμ-

831 1066 916 1102 citat
945 1064 987 1101 F.
1016 1063 1060 1101 A.
1084 1063 1195 1101 Wolf.
1230 1065 1267 1100 in
1300 1061 1481 1100 Analectt.

829 1122 878 1159 IV
897 1136 933 1172 p.
954 1122 1047 1162 513.

886 1231 952 1272 καὶ
971 1235 1092 1271 ταῦτα
1113 1247 1180 1270 και
1192 1229 1307 1270 πέντε
1325 1232 1485 1298 γενεῇσι

832 1285 993 1340 ἀνδρῶν
1014 1285 1200 1353 ποότερά
1234 1287 1312 1327 ἐστι
1349 1283 1378 1336 ’ἢ
1418 1283 1485 1325 τὸν

830 1340 1130 1397 Ἀμφιτουωνος
1150 1360 1186 1382 κ.
1208 1359 1239 1382 τ
1262 1347 1293 1381 λ.
1305 1347 1317 1389 ]
1350 1344 1442 1380 Cum
1463 1355 1486 1379 a

833 1403 976 1439 Cadmo
995 1401 1075 1450 plus
1095 1402 1254 1449 quinque
1277 1402 1486 1448 generatio-

832 1459 938 1495 nibus
954 1458 1087 1493 abiisse
1106 1457 1266 1502 tradant,
1286 1456 1396 1492 verba
1408 1456 1487 1492 He-

831 1513 952 1551 rodoti
971 1513 1231 1562 displicuerunt
1249 1513 1333 1547 viris
1355 1511 1486 1557 doctis,

832 1572 893 1620 qui
911 1583 978 1620 pro
996 1568 1110 1608 πέντε
1126 1569 1272 1606 rescribi
1284 1567 1488 1604 maluerunt

832 1625 926 1666 δέκα
960 1626 1015 1664 vel
1044 1621 1160 1665 ὀκτώ.
1218 1625 1294 1662 Sed
1317 1624 1488 1672 vulgatae

829 1684 993 1729 lectioni,
1035 1695 1144 1731 quam
1174 1682 1211 1718 in
1246 1682 1348 1717 istius
1387 1679 1488 1716 modi

831 1741 939 1777 rebus
964 1738 1070 1776 valde
1100 1739 1260 1775 obscuris
1296 1738 1488 1773 immutare

831 1797 935 1832 nefas
981 1799 1093 1843 puto,
1150 1794 1401 1843 patrocinatus
1432 1796 1489 1828 est

831 1850 1054 1896 Larcherus‚
1074 1863 1155 1885 cum
1175 1862 1196 1885 a
1212 1849 1354 1885 Cadmo
1372 1860 1489 1896 usque

832 1907 881 1943 ad
911 1907 1114 1955 Oedipum,
1154 1904 1322 1941 Herculis
1352 1917 1489 1952 aequa-

832 1963 914 2009 lem,
944 1963 1068 2010 utique
1088 1961 1224 1998 suerint
1243 1962 1404 2009 quinque
1423 1972 1490 2008 ge-

834 2020 1051 2064 nerationes,
1066 2017 1196 2054 Cadmi
1217 2022 1336 2053 autem
1354 2028 1490 2064 genea-

835 2075 967 2123 logiam
996 2074 1134 2111 Noster
1160 2073 1398 2109 verisimiliter
1427 2086 1490 2109 co-

835 2132 966 2180 gnorit.
1009 2130 1115 2173 Quae
1145 2131 1173 2166 si
1193 2142 1279 2166 vere
1305 2130 1490 2178 disputata

836 2192 937 2234 sunt,
985 2186 1176 2224 Herodoto
1212 2198 1277 2222 sua
1311 2185 1491 2222 constabit

834 2245 1040 2281 auctoritas.
1100 2243 1206 2280 Conf.
1225 2241 1394 2278 Larcher.
1414 2246 1488 2277 not.

834 2301 883 2338 ad
903 2300 936 2336 h.
959 2300 980 2336 l.
1003 2304 1040 2336 et
1058 2298 1092 2335 Τ
1095 2299 1151 2335 ab.
1175 2297 1346 2336 Chronol.
1359 2299 1490 2349 p.326

834 2370 937 2406 seqq.
961 2355 1044 2397 344
1066 2368 1169 2404 seqq.

888 2468 926 2507 οἳ
945 2488 990 2494 —-
1010 2461 1265 2518 ἱδρυσάμενοι
1283 2464 1489 2516 ἔκτηνται]

831 2526 889 2564 De
908 2524 961 2561 his
983 2525 1102 2561 verbis
1125 2524 1219 2560 conf.
1241 2522 1295 2570 Il,
1324 2522 1389 2563 42.
1448 2523 1490 2559 In

834 2594 936 2630 seqq.
966 2581 1055 2628 quid
1082 2581 1126 2616 sit
1152 2578 1363 2630 ἐναγίζειν,
1395 2580 1489 2615 dixi-

833 2652 913 2675 mus
928 2637 975 2674 ad
994 2638 1022 2684 I,
1039 2639 1128 2678 167.
1160 2635 1218 2672 Ad
1240 2640 1489 2684 argumentum

840 2694 995 2731 conferri
1028 2696 1152 2743 potest
1191 2692 1341 2729 Diodor.
1381 2691 1489 2728 Sicul.

839 2750 902 2796 lv,
926 2751 978 2789 39
1009 2754 1045 2786 et
1071 2748 1252 2786 Plutarch.
1277 2749 1324 2785 de
1343 2747 1487 2796 malign.

839 2806 1019 2842 Herodot.
1038 2818 1073 2854 p.
1085 2804 1179 2850 857,
1202 2804 1236 2841 D
1246 2809 1332 2841 tom.
1346 2804 1379 2841 II
1391 2805 1488 2854 Opp.

840 2862 930 2900 haec
950 2861 1117 2900 cavillans
1134 2860 1315 2899 Herodoti
1339 2860 1461 2899 verba.
