1877 3223
438 231 523 270 218

834 226 1303 266 HERODOTI

434 337 596 394 γάλην,
630 335 856 394 ἀνεβίβασε
886 332 946 380 ἐπ’
979 334 1111 392 αὐτὴν
1139 335 1216 379 τὸν
1245 333 1441 390 Κροῖσόν
1469 352 1511 380 τε
1541 336 1588 380 ἐν
1616 337 1690 380 πέ-

437 418 538 473 δῃσι
584 415 834 473 δεδεμένον,
885 416 958 459 καὶ
999 416 1064 467 δὶς
1102 414 1205 458 ἑπτοὶ
1238 416 1397 458 Λυδῶν
1426 414 1520 469 παρ’
1552 415 1691 459 αὐτόν

436 497 618 546 παῖδας·
650 495 697 539 έν
731 494 821 553 νόῳ
852 496 958 552 ἔχων
987 497 1068 539 εἴτε
1098 494 1150 550 δή
1178 491 1414 547 ἀκροθίνια
1451 497 1586 537 ταῦτα
1615 511 1690 538 κα-

435 579 599 630 ταγιεῖν
637 576 753 618 θεῶν
782 573 888 632 ὅτεῳ
928 572 1003 629 δή,
1050 574 1132 617 ε’ίτε
1172 572 1246 615 καὶ
1288 570 1417 629 εὐχὴν
1455 571 1690 616 ἐπιτελέσαι

435 654 578 698 θέλων
589 668 599 678 ·

435 731 589 788 οσεβέα
603 768 613 783 ,

648 653 730 696 ε’ίτε
758 654 831 696 καὶ
859 652 1110 708 πυθόμενος
1148 650 1227 695 τὸν
1256 654 1453 706 Κροῖσον
1482 649 1592 694 εἶναι
1621 657 1690 695 θε-
1701 659 1746 693 70

669 733 799 775 τοῦδε
840 732 1001 775 εἵνεκεν
1040 730 1266 788 ἀνεβίβασε
1307 730 1375 774 ἐπὶ
1412 730 1491 786 τὴν
1529 731 1689 786 πυρήν,

434 809 702 868 βουλόμενος
751 810 910 855 εἰδέναι
957 811 1094 861 εἴτις
1130 827 1206 867 μιν
1245 809 1467 866 δαιμόνων
1518 810 1692 865 ῥύσεται

403 893 517 933 3τοῦ
546 888 604 946 μή
637 892 775 943 ζῶντα
811 893 1153 946 κατακαυθῆναι.

1214 889 1292 932 τὸν
1328 888 1405 944 μὲν
1440 887 1493 944 δὴ
1528 888 1690 931 ποιέειν

432 970 593 1012 ταῦτα·
624 972 686 1026 τῷ
716 968 763 1013 δὲ
793 970 993 1026 Κροίσῳ,
1024 969 1195 1013 ἑστεῶτι
1225 968 1290 1011 ἐπὶ
1314 971 1389 1023 τῆς
1408 971 1558 1023 πυρῆς,
1581 967 1691 1011 ἐσελ-

432 1052 555 1102 θεῖν,
586 1049 661 1091 καί
684 1063 765 1102 περ
795 1047 842 1091 ἐν
871 1050 992 1107 κακῷ
1022 1047 1137 1091 ἐόντι
1165 1045 1360 1105 τοσούτῳ
1375 1080 1389 1099 ,
1421 1045 1469 1090 τὸ
1495 1051 1578 1089 τοῦ
1601 1045 1691 1089 Σό-

432 1131 596 1180 λωνος,
628 1126 687 1178 ὥς
716 1128 760 1171 οἱ
789 1128 854 1183 ε’ίη
884 1127 966 1170 σὺν
994 1130 1086 1183 θεῷ
1114 1126 1366 1184 εἰρημένον,
1394 1125 1442 1171 τὸ
1473 1125 1748 1183 ,,Μηδένα75

375 1315 423 1340 ne
443 1315 557 1354 pravo
578 1307 688 1352 atque
706 1302 887 1339 damnato.
925 1299 1029 1338 Haec

376 1359 480 1409 ipsa,
510 1371 604 1408 quae
623 1359 787 1409 pluribus
812 1358 834 1394 l.
865 1358 886 1394 Ι.
915 1357 1030 1407 expli-

376 1415 453 1461 cui,
482 1416 519 1451 in
543 1428 622 1452 eam
643 1427 701 1452 me
719 1415 921 1464 perducunt
943 1427 1029 1450 sen-

375 1470 544 1517 tentiam,
580 1474 620 1506 ut
645 1470 825 1507 Herodoti
854 1470 1030 1506 narratio-

375 1539 458 1564 nem
474 1525 593 1575 magis
613 1527 791 1563 Graecam
810 1526 973 1573 dixerim,
992 1525 1030 1562 id

376 1586 453 1630 est,
483 1583 706 1619 Graecorum
727 1583 774 1619 ad
800 1595 919 1620 mores
953 1595 1031 1618 ma-

375 1639 432 1687 gis
455 1639 714 1675 conformatam
752 1642 862 1687 atque
890 1651 1031 1675 accom-

374 1694 582 1742 modatam,
640 1695 816 1732 veriorem
881 1695 1031 1732 Ctesiae

375 1751 640 1798 narrationem,
669 1755 708 1787 ut
732 1751 784 1788 rei
813 1751 886 1801 ipsi
911 1751 1029 1798 magis

375 1806 647 1844 convenientem
678 1819 746 1843 nec
784 1818 807 1843 a
836 1806 1031 1843 Persarum

374 1862 536 1899 moribus
566 1863 833 1899 abhorrentem.
871 1882 930 1890 —-·
970 1861 1030 1900 De

374 1919 492 1956 forma
511 1913 713 1969 συννήσας
734 1920 828 1955 conf.
850 1918 885 1967 I,
907 1918 972 1960 50.

432 1973 476 2013 ἐν
507 1973 652 2028 πέδῃσι
685 1973 919 2024 δεδεμένον]
969 1975 1028 2013 De

375 2031 554 2068 constanti
575 2033 651 2069 fere
677 2031 715 2067 in
747 2031 803 2068 his
832 2045 901 2068 usu
921 2044 1029 2082 prae-

374 2087 569 2138 positionis
589 2086 631 2126 έν
648 2089 743 2125 conf.
757 2101 867 2139 supra
878 2087 1026 2126 laudata

375 2144 426 2180 ad
450 2143 487 2191 I,
508 2146 562 2185 66
583 2144 644 2181 fin.
666 2164 724 2172 -—
754 2144 796 2181 In
815 2157 918 2193 seqq.
939 2157 1027 2194 pro-

374 2199 545 2238 lixitatem
572 2201 755 2250 quandam
789 2205 851 2238 aut
883 2200 1027 2251 perspi-

373 2257 545 2294 cuitatem
582 2257 816 2295 observamus
850 2257 1024 2294 orationis

375 2312 610 2351 Herodoteae
647 2314 684 2350 in
721 2314 840 2352 verbis
871 2328 892 2352 τ
906 2313 1024 2352 οὔδε

376 2368 569 2408 εἵνεκεν
593 2391 650 2398 —
684 2366 1022 2421 βουλόμενος.

375 2423 406 2461 Α
431 2438 503 2475 qua
524 2430 646 2463 tamen
665 2439 732 2464 nec
753 2426 843 2464 alios
871 2427 1026 2477 scripto-

376 2494 433 2517 res
477 2482 615 2520 alienos
658 2496 763 2530 esse,
808 2486 1024 2529 monstrant,

375 2536 507 2575 citante
540 2538 628 2585 Cr.,
666 2539 870 2577 Heindorfii
899 2539 1025 2588 dispu-

378 2596 453 2629 tata
475 2595 523 2631 ad
537 2594 677 2632 Platon.
690 2595 881 2645 Protagor.
894 2609 929 2645 p.
943 2594 1024 2636 605

376 2647 454 2685 coll.
491 2651 539 2687 ad
566 2651 754 2689 Phaedon.
777 2666 820 2703 p.
846 2654 937 2693 199.
967 2671 1024 2679 -

377 2703 465 2740 Mox
483 2707 701 2758 καταγίζειν
720 2710 893 2758 frequens
909 2708 947 2744 in
965 2721 1024 2745 sa-

377 2759 447 2796 cris
481 2762 654 2800 faciundis
684 2764 731 2802 de
762 2765 826 2812 iis,
864 2777 958 2814 quae
987 2765 1024 2801 in

377 2815 435 2852 dei
461 2816 608 2854 alicuius
628 2819 802 2858 honorem
826 2821 1026 2859 incendun-

377 2876 434 2909 tur
471 2877 506 2909 et
542 2880 765 2923 cremantur,
801 2881 839 2914 ut
868 2877 903 2924 l,
933 2878 1024 2919 183.

1099 1303 1191 1342 198.
1221 1301 1274 1349 11,
1293 1300 1358 1342 47.
1384 1301 1465 1342 130
1489 1300 1750 1338 εἴα-θεαῖν

1097 1354 1194 1411 ὅτεῳ
1228 1355 1278 1408 δή
1316 1358 1337 1394 i.
1367 1371 1397 1395 e.
1436 1357 1498 1394 deo
1533 1357 1646 1394 nescio
1678 1357 1748 1392 cui.

1097 1414 1198 1452 Idem
1226 1415 1396 1462 frequens
1432 1413 1657 1459 Pausaniae,
1686 1411 1748 1448 ubi

1097 1470 1236 1507 notavit
1257 1469 1422 1507 Siebelis.
1446 1470 1492 1506 ad
1515 1469 1554 1516 1,
1577 1471 1628 1509 13
1652 1466 1688 1518 ἓ.
1709 1469 1748 1508 3.

1153 1529 1210 1580 τῷ
1231 1523 1273 1564 δὲ
1298 1526 1479 1576 Κροίσῳ,
1503 1524 1659 1564 ἕστεωτι
1683 1522 1747 1563 ἐπὶ

1098 1585 1170 1634 τῆς
1188 1597 1339 1632 πυρης,
1366 1581 1554 1629 ἐσελθεῖν,
1581 1581 1649 1620 καί
1674 1594 1746 1632 περ

1098 1638 1141 1679 ἔν
1160 1641 1267 1692 κακῷ
1289 1634 1390 1677 ἐόντι
1410 1651 1598 1691 τοσουτῳ,
1616 1634 1658 1677 τὸ
1676 1639 1749 1676 τοῦ

1099 1680 1298 1745 Σόλωνος]
1313 1694 1492 1734 ἐσελθεῖν
1514 1695 1640 1733 eadem
1652 1699 1748 1730 stru-

1098 1751 1379 1801 cturasupral,
1405 1751 1481 1800 24,
1510 1751 1660 1787 ub1v1d
1704 1749 1747 1787 In

1096 1807 1270 1858 particula
1290 1806 1357 1844 καί
1386 1821 1459 1859 περ
1491 1807 1747 1857 (quamquam,

1097 1864 1191 1912 etse)
1231 1863 1386 1900 offendit
1418 1863 1618 1912 Schweigh.
1631 1893 1643 1912 ,
1686 1863 1749 1912 qui

1096 1921 1218 1971 potius
1256 1923 1529 1969 exspectaverat
1554 1918 1623 1959 καὶ
1659 1934 1748 1983 γαρ,

1098 1978 1244 2026 quippe,
1276 1988 1402 2026 quum,
1425 1978 1548 2027 quippe
1564 1989 1644 2026 qut,
1676 1976 1747 2013 nisi

1095 2033 1164 2071 καί
1196 2046 1269 2084 περ
1307 2033 1356 2068 sit
1384 2033 1628 2072 reddendum:
1670 2044 1748 2069 cum

1095 2091 1257 2126 maxime.
1315 2088 1396 2126 Nos
1431 2090 1576 2138 quidem
1607 2089 1643 2125 in
1671 2088 1748 2125 vul-

1094 2150 1181 2197 gata
1221 2157 1294 2181 non
1332 2144 1382 2182 ita
1418 2145 1656 2191 offendimus,
1707 2147 1747 2180 ut

1094 2214 1174 2239 eain
1211 2201 1269 2238 vel
1298 2201 1508 2237 mutandam
1545 2200 1603 2238 vel
1641 2200 1745 2237 aliter

1093 2261 1189 2295 certe
1209 2270 1251 2293 ac
1280 2256 1389 2306 vulgo
1408 2257 1467 2304 fit,
1496 2256 1745 2308 explicandam

1090 2318 1270 2378 putemus.

1150 2364 1204 2415 ω’ς·
1225 2368 1266 2408 οῖ
1284 2367 1344 2419 εἴη
1374 2364 1449 2407 cdv
1481 2371 1568 2424 θεῷ
1593 2366 1743 2419 εἰρημέ-

1092 2423 1189 2475 νον]
1221 2422 1295 2464 συν
1318 2427 1403 2463 θεῶ
1420 2425 1541 2462 (livino
1572 2428 1745 2463 ιἠείιησίιι

1091 2486 1256 2532 nutuque.
1315 2482 1374 2520 De
1392 2495 1465 2531 quo
1493 2496 1559 2519 usu
1588 2494 1744 2533 praepo—

1091 2540 1231 2575 sitionis
1256 2551 1331 2578 συν
1356 2540 1494 2576 monuit
1517 2538 1676 2576 Fischer.
1695 2538 1743 2575 ad

1093 2594 1242 2634 Weller.
1274 2596 1346 2643 111,
1385 2595 1407 2632 b
1437 2608 1523 2646 pag.
1556 2595 1635 2636 147
1671 2594 1744 2632 alia

1092 2651 1244 2688 iaudaus
1263 2652 1486 2690 Herodotea.

1148 2706 1298 2758 μηδένα
1330 2704 1430 2747 εἶναι
1462 2710 1543 2747 τῶν
1563 2702 1743 2754 ζωόντων

1092 2760 1247 2814 ὄλβιον]
1288 2765 1408 2814 Vulgo
1447 2760 1603 2811 ζώντων
1631 2764 1742 2812 idque

1093 2821 1209 2869 magis
1236 2835 1258 2859 e
1278 2822 1455 2858 communi
1477 2821 1642 2858 dialecto.
1672 2821 1738 2865 ζω-

1094 2873 1242 2925 όντων,
1271 2882 1310 2914 ut
1328 2877 1445 2926 magis
1464 2877 1634 2922 lonicum,
1663 2874 1739 2911 iure
