1909 3228
265 344 364 389 123

90 407 259 434 laren-orum
319 410 369 448 qui

90 442 242 475 principes
263 451 269 467 :

88 483 166 502 mam
176 474 369 509 honninispri-

89 516 152 534 mos
206 510 368 547 Αες)ρῑίυε

88 541 199 567 dixisse
218 542 295 568 inuu
298 548 367 568 ›rta-

181 584 248 601 esse

305 450 367 468 anl-

87 574 144 601 lem
290 584 367 609 quae

87 609 184 642 spatio
212 613 259 635 ter
287 609 366 635 mine

87 650 231 668 annorum
275 641 367 668 finitis

87 676 220 701 omnibus
271 680 367 701 muta-

85 708 214 734 tionibus
233 708 261 734 in
273 708 367 736 homi-

86 750 154 769 nem
172 742 326 777 remigret.

427 159 512 199 762

823 161 1294 204 HERODOTI

428 262 553 320 αὖτις
590 267 726 312 ὀπίσω
758 268 805 312 ἐκ
828 273 910 313 τοῦ
947 272 1048 326 ίροῦ
1084 270 1267 328 ἀπάγειν
1294 290 1370 329 μιν
1395 275 1498 327 τούς
1526 276 1688 330 λύκους

424 347 467 399 ἐς
505 346 645 390 τώυτό
685 349 857 403 χωρίον.

395 749 417 782 2
428 753 578 786 νυσον.

362 952 472 988 cem.“
529 950 623 989 Add.
646 952 775 991 Creuz.
800 955 962 1003 Symbol.
984 956 1019 994 ΙΙ

361 1021 447 1058 pag.
478 1009 556 1049 130
577 1023 679 1059 seqq.
708 1011 786 1051 154
807 1025 910 1061 seqq.
940 1013 1018 1050 coll.

361 1065 521 1103 Heeren.
545 1065 658 1104 ldeen
682 1066 737 1113 11,
763 1071 789 1109 2
818 1082 904 1118 pag.
925 1072 1018 1111 201.

418 1147 564 1188 ἐείκοσι
587 1149 786 1200 σταδίους]
818 1152 938 1202 Vulgo
959 1152 1019 1192 εἴ·

361 1217 461 1244 κοσι.
523 1206 676 1255 Vid.11,
699 1210 776 1249 121
807 1209 895 1259 ibiq.
926 1215 1017 1247 nott.

532 1319 638 1370 Cap.
670 1319 843 1358 cxxiii.

415 1400 502 1453 ἐμοὶ
522 1399 563 1441 δὲ
585 1399 692 1455 παρὰ
713 1400 844 1443 πάντα
868 1403 938 1445 τόν
959 1402 1017 1446 λό-

357 1473 430 1510 γον
453 1455 661 1498 ’ὑπόκειται
684 1475 716 1497 κ.
741 1476 771 1498 τ.
798 1461 845 1511 λ.]
878 1463 912 1498 id
937 1468 1013 1500 est:

357 1515 446 1552 mila·
470 1528 550 1552 vero
578 1518 615 1552 in
637 1519 730 1553 omni
749 1517 814 1553 lactc
833 1522 1012 1556 narratio-

355 1585 397 1608 ne
418 1571 456 1608 id
474 1574 672 1622 impositum
692 1576 762 1621 est,
790 1578 850 1620 ut,
883 1589 969 1625 quae
989 1589 1013 1612 α

354 1628 508 1676 singulis
543 1633 693 1665 narrata
730 1630 876 1677 audiui,
925 1634 1013 1668 scri-

355 1684 444 1721 bam.
472 1685 622 1721 Retinui
642 1681 710 1723 v‘sz'
732 1683 930 1735 ἑκάστων,
952 1702 1013 1725 cu-

355 1741 411 1777 ius
431 1740 511 1776 loco
532 1741 733 1789 Schweigh.
764 1747 799 1779 et
825 1744 1010 1780 Gaisford.

354 1801 569 1846 receperunt
593 1795 691 1848 ὑπὲρ
713 1793 908 1846 ἑκάστων,
935 1801 1012 1837 sine

354 1853 487 1889 idonea
508 1866 638 1900 causa,
679 1858 720 1890 ut
747 1855 832 1891 mihi
864 1856 1011 1904 quidem

354 1909 510 1946 videtur.
567 1909 748 1948 Matthiae
779 1912 926 1948 retinuit
945 1907 1010 1951 ὑπ’

354 1961 542 2004 ἑκάστων.
571 1987 628 1994 —-
655 1966 712 2004 Ad
734 1962 837 2020 α’κοῇ
864 1970 958 2006 conf.
982 1968 1010 2016 I,

357 2024 448 2062 171.
494 2022 549 2069 ll,
580 2026 645 2064 29.
679 2023 771 2064 148.
803 2024 935 2061 Siebel.
963 2025 1010 2061 ad

353 2078 511 2115 Pausan.
542 2078 615 2126 Ill,
635 2079 687 2120 25
718 2078 754 2130 ἓ.
777 2081 802 2122 5
833 2094 920 2130 pag.
942 2083 1008 2122 80.

411 2130 684 2186 οἷοχηγετεύειν
715 2134 758 2176 δὲ
787 2139 867 2175 τῶν
901 2133 1008 2176 κάτω

353 2187 570 2241 Αἰγύπτιοι
611 2191 767 2243 λέγουσι
812 2189 1008 2245 Δημητοα

352 2246 421 2286 καὶ
442 2243 657 2298 Διόνυσον]
689 2250 710 2287 i.
731 2264 761 2288 e.
792 2255 1007 2297 „memorant

351 2308 468 2341 autem
518 2305 713 2354 Aegyptii,
768 2309 1007 2356 principatum

349 2361 446 2410 apud
477 2361 608 2411 inferos
644 2365 754 2400 tenere
794 2362 944 2400 Cererem
975 2367 1007 2401 et

350 2416 573 2454 Bacdmmf‘
611 2413 804 2469 Δήμητρα
827 2421 1005 2466 dedimus,

352 2473 554 2523 Schweigh.
576 2477 686 2511 secuti
716 2481 824 2524 atque
845 2477 1006 2513 Creuze-

351 2542 431 2566 rum
452 2531 488 2566 in
508 2544 636 2567 comm.
656 2532 795 2569 Herod.
816 2545 900 2583 pag.
923 2534 1004 2572 308

352 2590 428 2622 not.
452 2589 557 2633 291,
589 2588 650 2623 ubi
668 2588 792 2637 plura,
823 2591 885 2637 qui
911 2589 1006 2625 idem

351 2642 399 2678 de
428 2648 645 2691 argumento
676 2645 839 2694 disputat
865 2659 899 2695 p.
927 2645 1006 2684 173

351 2710 429 2746 seq.
456 2701 559 2740 310:
599 2699 696 2746 „De
720 2701 863 2738 Baccho
885 2706 920 2738 et
942 2700 1005 2737 Ce-

351 2765 442 2799 rere,
481 2759 656 2804 tanquam
684 2764 908 2794 mortuorum
938 2757 1005 2793 do-

352 2809 480 2857 minis,
498 2823 573 2848 non
592 2817 645 2849 est
663 2815 764 2862 quod
782 2813 905 2852 multis
926 2826 1006 2851 ver-

424 583 634 639 λεγόμενα
673 584 751 628 ὑπ’
783 585 975 630 ἑκάστων
1003 586 1116 645 ἀκοῇ
1152 588 1321 645 γράφω.

924 353 1046 394 Τοῖσι
1083 350 1162 406 μέν
1200 368 1284 394 νυν
1323 351 1397 396 ὑπ’
1437 357 1687 410 Αἰγυπτίων

427 426 698 482 λεγομένοισι
732 427 908 482 χράσθω
949 429 1057 487 ὅτεῳ
1088 429 1140 474 τὰ
1170 435 1352 475 τοιαῦτα
1383 435 1550 478 πιθανά
1581 437 1686 480 ἐστι·

426 505 519 560 ἐμοὶ
551 504 596 548 δὲ
626 504 743 560 παρὰ
773 505 914 550 πάντα
951 508 1030 552 τόν
1067 509 1201 566 λόγον
1237 508 1486 565 ὑπόκειται,
1536 513 1602 557 ὅτι
1631 515 1681 557 τοὶ
1699 524 1744 556 70

1389 589 1688 648 ἆρχηγετεύειν

425 661 471 706 δὲ
502 666 589 706 τῶν
617 661 732 707 κάτω
770 665 1001 722 Αἰγύπτιοι
1030 669 1206 723 λέγουσι
1235 668 1447 726 Δήμητρα
1476 672 1550 714 καὶ
1578 671 1688 715 Διό-

640 746 817 800 Πρῶτοι
847 746 892 790 δὲ
921 747 994 791 καὶ
1027 747 1152 792 τόνδε
1181 748 1258 792 τὸν
1291 748 1424 806 λόγον
1453 749 1687 806 Αἰγύπτιοί

1088 957 1144 994 bis
1177 970 1366 1008 exponam.
1436 958 1533 994 Sunt
1563 958 1678 995 Osiris
1706 963 1742 996 et

1088 1013 1180 1062 Isis,
1211 1016 1272 1063 qui
1284 1014 1487 1052 Ainenthen
1505 1020 1684 1064 occupant
1705 1020 1741 1052 et

1087 1072 1330 1108 moderantur.
1387 1071 1572 1108 Diodorus
1599 1070 1740 1108 Siculus

1086 1127 1128 1175 I,
1151 1130 1216 1169 96.
1237 1149 1292 1154 —
1321 1128 1378 1165 De
1399 1127 1555 1164 Osiridis
1579 1131 1615 1163 et
1636 1127 1740 1164 Isidis

1086 1184 1289 1220 nominibus
1324 1184 1473 1221 Graecis
1492 1183 1570 1233 ipse
1588 1188 1741 1220 testatur

1085 1241 1300 1277 Herodotus
1318 1240 1349 1277 II
1365 1269 1375 1287 ‚
1395 1240 1449 1281 42
1480 1246 1517 1277 et
1539 1240 1604 1281 59.
1654 1239 1740 1277 Plu-

1085 1297 1226 1334 tarchus
1245 1297 1291 1334 de
1312 1296 1357 1333 Is.
1382 1301 1419 1334 et
1441 1297 1576 1333 Osirid.
1597 1310 1632 1346 p.
1655 1297 1739 1337 362

1086 1366 1113 1390 s.
1137 1353 1218 1394 485
1250 1355 1355 1401 seq.“
1403 1353 1613 1401 Sequuntur
1635 1352 1738 1402 plura

1084 1410 1131 1446 de
1154 1409 1353 1455 Amenthe,
1379 1422 1474 1457 quae
1495 1408 1613 1444 malim
1638 1408 1737 1457 apud

1083 1465 1202 1514 ipsum
1244 1465 1466 1502 Creuzerum
1514 1464 1597 1513 legi.
1655 1463 1736 1502 Nec

1083 1522 1177 1558 euim
1209 1521 1379 1567 dubium,
1419 1520 1512 1557 hanc
1536 1521 1736 1570 Aegyptio-

1080 1590 1158 1613 rum
1187 1578 1417 1614 sacerdotuin
1454 1578 1567 1613 fuisse
1601 1577 1735 1613 doctri-

1080 1646 1185 1677 nam,
1217 1638 1276 1679 ut,
1308 1635 1370 1682 qui
1398 1633 1446 1668 dii
1469 1633 1589 1669 omnia
1612 1634 1660 1669 ad
1682 1633 1735 1668 lu-

1081 1702 1158 1725 cem
1178 1690 1362 1737 vitamque
1389 1689 1546 1734 ducant,
1578 1701 1620 1725 ea
1644 1701 1735 1736 quo-
1794 1692 1798 1699 “

1080 1757 1151 1792 que
1186 1750 1329 1781 mortua
1362 1744 1539 1793 recipiant
1576 1745 1735 1794 indeque

1079 1800 1155 1837 iure
1178 1801 1301 1838 inferis
1322 1800 1495 1849 praesint.

1137 1858 1288 1907 πρῶτοι
1306 1854 1348 1894 δὲ
1370 1855 1437 1895 καὶ
1458 1851 1573 1896 τόνδε
1587 1853 1658 1896 τόν
1670 1853 1734 1897 λό-

1079 1927 1150 1964 γον
1175 1928 1210 1951 κ.
1230 1928 1261 1951 τ.
1285 1911 1333 1963 λ.]
1377 1913 1550 1951 Creuzer.
1578 1913 1601 1950 l.
1635 1913 1732 1951 laud.

1078 1982 1164 2019 pag.
1191 1969 1273 2011 315
1314 1982 1435 2018 seqq.:
1493 1969 1732 2017 „Larcherus

1077 2026 1295 2063 Herodotea
1314 2027 1425 2063 verba
1444 2026 1493 2063 ita
1522 2026 1598 2063 vuit
1619 2026 1733 2076 expli-

1077 2083 1170 2129 cari,
1196 2087 1237 2119 ut
1255 2082 1427 2132 Aegyptii
1447 2083 1579 2119 fuerint
1597 2083 1733 2131 migra-

1075 2139 1182 2175 tionis
1211 2139 1412 2175 animorum
1438 2139 1542 2188 primi
1575 2144 1732 2176 asserto-

1075 2208 1144 2232 res.
1203 2194 1340 2241 Recte,
1371 2195 1436 2231 sed
1455 2199 1575 2231 tamen
1595 2208 1674 2231 cum
1694 2196 1731 2232 in

1074 2251 1179 2288 aliam
1210 2251 1425 2288 senteutiam
1455 2250 1490 2287 h.
1524 2250 1545 2287 l.
1577 2252 1731 2289 traxisse

1074 2307 1265 2344 videantur
1292 2311 1328 2344 et
1357 2311 1496 2343 veteres
1524 2307 1663 2356 aliquot
1693 2312 1731 2345 et

1074 2364 1325 2401 recentiores:
1373 2365 1574 2400 accuratius
1611 2365 1647 2400 in
1678 2364 1731 2401 his

1073 2420 1256 2468 agendum
1296 2419 1437 2457 videtur
1475 2433 1566 2457 esse.
1632 2420 1731 2458 Nam

1073 2476 1228 2526 primum
1258 2475 1425 2513 Clemens
1464 2476 1729 2514 Alexandrinus

1073 2533 1246 2569 Stroinat.
1268 2531 1340 2578 Vl,
1363 2535 1389 2573 2
1418 2545 1452 2581 p.
1480 2535 1563 2574 752
1592 2533 1728 2570 Potter.

1076 2589 1266 2625 seiunctim
1291 2587 1349 2625 illa
1370 2589 1598 2637 pionuntiat:
1622 2604 1727 2639 παρα

1077 2641 1342 2711 ῌυθαὶὸοου
1345 2642 1386 2682 δὲ
1408 2660 1474 2683 και
1498 2641 1570 2695 τήν
1590 2642 1727 2696 ψυχην

1074 2695 1282 2739 οἷθανατον
1304 2704 1362 2739 εἰι
1366 2716 1406 2738 αι
1427 2697 1623 2739 Πλάτων’
1611 2700 1726 2740 ε’σπα-

1073 2769 1165 2795 κεν·
1208 2772 1246 2796 οι
1275 2754 1338 2804 ὁὲ,
1369 2752 1459 2808 παρ’
1482 2757 1724 2808 Αἰγυπτίων,

1072 2814 1238 2851 nimirum
1275 2813 1381 2851 Plato
1422 2818 1458 2851 et
1484 2813 1723 2863 Pythagoras.

1891 2033 1899 2065 *n-
1904 2004 1906 2007 ⁴
