1909 3228
585 202 1108 242 EUTERPE.II.
1383 206 1468 246 647

1518 322 1756 358 Hipporntumus
1767 324 1798 352 in

1518 364 1577 390 qua
1606 358 1798 391 praefectura

1518 398 1622 451 {spei-z
1654 391 1798 419 describi-

201 313 467 369 Παπρημίτῃ
498 313 588 367 [ool
617 314 716 364 εἶσι,
764 318 876 357 τοῖσι
907 314 951 357 δὲ
983 311 1150 357 ἄλλοισι
1181 313 1461 369 Αἰγυπτίοισι

171 391 289 436 Ξοῦκ
318 393 418 446 spol.
480 391 614 447 φύσιν
643 391 688 434 ὁὲ
716 392 977 447 παρέχονται
1016 394 1131 450 ἰδέης
1160 392 1350 451 τοιήνδε·
1391 409 1460 436 τε-

198 470 398 527 τράπουν
425 470 533 523 ἐστὶ,
565 473 760 527 δίχηλον,
793 471 921 515 ὁπλαὶ
952 473 1080 528 βοὸς,
1110 472 1262 528 σιμὸν,
1297 471 1461 528 λοφιήν

199 551 300 608 ἔχον
339 553 499 602 ἵππου,
549 550 861 606 χαυλιόδοντας
901 557 1086 607 φαῖνον,
1147 551 1286 608 οὐρὴν
1324 554 1460 596 ἵππου

142 774 199 808 tre
235 771 329 808 coire
364 769 458 807 velit.
525 769 720 806 Caeterum
757 774 795 807 et
864 770 1002 821 phanto
1021 785 1102 809 esse
1128 772 1270 822 prodit3
1301 771 1436 809 Plinius
1457 784 1519 810 ve-

142 827 246 864 huius
277 827 402 876 capitis
434 830 471 862 ct
503 838 580 874 cap.
601 828 652 866 73
687 838 795 873 argu-

141 887 301 921 mentum
324 882 512 919 Hecataeo
543 881 686 918 Milesio
716 882 795 918 No-

142 944 255 976 strum
276 939 411 976 debere
429 938 539 974 tradit
559 937 734 987 Porphyr.
758 939 795 975 in

138 995 286 1033 Eusebii
305 1008 430 1045 praep.
451 1008 503 1031 ev.
526 994 698 1044 Xp.466
710 995 791 1031 coll.

140 1053 314 1090 Creuzer.
348 1052 515 1100 fragium.
545 1052 685 1100 antiqq.
714 1052 795 1088 hist.

138 1121 224 1159 pag.
247 1110 298 1149 19
320 1121 422 1157 seqq.

196 1160 323 1214 φύσιν
363 1186 419 1192 —
449 1162 556 1214 ἰδέης
599 1160 790 1216 τοιήνδε]

141 1220 246 1261 ἰδέα
287 1222 335 1258 ad
368 1221 524 1270 speciem
566 1226 604 1259 et
640 1222 794 1258 formam

139 1279 300 1328 corporis
336 1279 503 1327 pertinet.
579 1277 661 1315 vid.
700 1282 792 1315 nott.

141 1336 191 1373 ad
215 1334 396 1372 Plutarch.
415 1334 571 1371 Flamin.
588 1345 673 1384 pag.
693 1338 759 1376 77.

199 1386 327 1439 φύσιν
343 1387 385 1428 δὲ
404 1389 642 1441 παρέχονται
656 1405 689 1428 κ.
702 1406 732 1428 τ.
743 1388 792 1441 λ.]

138 1446 316 1497 Respexit
337 1446 427 1482 haec
453 1446 668 1483 Aristoteles
687 1447 734 1483 H.
748 1446 791 1482 A.

137 1503 191 1550 ΙΙ,
213 1506 238 1544 7
260 1502 335 1550 (Π,
356 1500 382 1542 4
401 1503 675 1550 ed.Schneid.)‚
695 1504 794 1541 unde

137 1560 282 1610 potiora
308 1559 530 1597 adscribam.
562 1557 586 1598 ὅ
607 1556 682 1597 δὲ
674 1558 795 1606 ι’ππος

138 1614 158 1656 ὅ
177 1611 370 1666 ποτάμιος
391 1612 411 1654 ὁ
436 1615 479 1655 ἐν
495 1610 691 1681 Αἰγυπτῳ
711 1616 792 1666 χαί-

137 1688 211 1723 την
239 1670 310 1724 μὲν
346 1671 444 1722 ἔχει,
484 1668 615 1723 ω’σπερ
648 1687 792 1721 ιππος,

139 1729 301 1779 δίχηλον
320 1723 360 1767 δ’
378 1727 503 1773 ἐστιν,
532 1725 702 1780 ω’σπερ
679 1730 791 1779 βοῦς,

137 1744 269 1835 τηχνηδ’
290 1781 390 1833 ὄψιν
417 1781 548 1833 σιμός·
581 1783 711 1835 ε’χειδὲ
724 1785 792 1824 καὶ

140 1836 408 1904 ἄστραγαλον,
433 1838 565 1893 ω’σπεο
586 1857 632 1879 τα
654 1842 792 1892 δίχηλα

139 1896 209 1937 καὶ
246 1892 526 1948 χαυλιόδοντας
565 1913 791 1947 υποφαινο-

141 1952 302 2006 μένους,
341 1951 483 2004 κέοκον
510 1951 552 1992 δὲ
580 1951 679 2000 ὖος,
713 1969 794 2022 ‹peo-

140 2008 218 2060 νήν
239 2008 309 2049 δὲ
301 2009 446 2048 ι’ππου·
458 2008 519 2061 με’,
522 2005 675 2056 29096'
688 2009 795 2049 ἔστιν

139 2065 281 2133 ἡλίκον
304 2064 420 2112 ὅνος
452 2070 524 2106 τοῦ
542 2064 583 2105 δὲ
605 2065 647 2105 δέ
636 2082 795 2118 -οιιατος

139 2121 184 2163 zo*
202 2119 352 2174 πάχος,
382 2119 479 2162 ω’στε
504 2119 648 2174 &boam
670 2127 794 2163 ποιεῖ-

140 2184 239 2219 σθαι
268 2179 307 2227 ἐξ
339 2174 477 2218 αὐτοῦ.
539 2180 580 2216 In
614 2182 795 2229 magnitu-

139 2238 225 2274 dine
254 2236 417 2273 animalis
444 2237 640 2273 indicanda
673 2237 796 2273 differt

139 2294 413 2343 quodammodo
432 2294 478 2330 ab
498 2293 705 2341 Herodoto,
720 2293 794 2342 qui,

139 2350 202 2386 ubi
240 2351 362 2386 scribit
399 2348 576 2400 μέγαθος
621 2346 716 2389 ’όσον
754 2363 793 2387 τε

142 2406 241 2456 βοῦς
260 2403 284 2444 ὁ
300 2404 499 2456 μέγιστος,
529 2407 645 2455 magis
667 2407 715 2443 ad
731 2420 793 2444 ve-

141 2475 222 2498 rum
244 2462 438 2500 accessisse
454 2464 568 2500 videri
588 2467 710 2512 potest
723 2492 732 2510 a
755 2464 792 2499 in

143 2530 187 2554 eo
210 2522 332 2555 tamen
353 2519 498 2569 lapsus,
518 2520 616 2568 quod
639 2520 792 2556 caudam

141 2572 391 2623 hippopotami
413 2589 492 2612 cum
521 2576 676 2624 equiuea
694 2589 792 2612 com-

141 2635 250 2680 parat
280 2631 416 2677 cauda3
455 2632 492 2668 id
529 2633 628 2680 quod
657 2645 678 2669 a
706 2645 792 2669 vero

142 2685 353 2734 longissime
372 2688 486 2725 abest.
545 2688 587 2724 In
609 2687 685 2724 aliis
713 2689 794 2736 qui-

142 2742 299 2779 busdam
327 2744 524 2781 accuratius
552 2743 675 2781 retulit
703 2744 794 2781 Dio-

143 2799 255 2835 dorus
280 2798 320 2846 I,
339 2799 415 2847 34,
444 2801 507 2849 qui
527 2804 642 2837 totam
663 2814 793 2851 corpo-

142 2854 192 2892 ris
220 2854 352 2892 molem
378 2869 456 2894 non
481 2856 692 2895 dissimilem
722 2856 794 2896 ele-

864 841 904 864 ro
932 829 1034 875 (hist.
1056 832 1129 864 nat.
1154 828 1258 875 VHI,
1282 829 1346 870 25.
1378 828 1444 875 IX,
1466 831 1518 869 12

863 886 951 931 etc.)
973 890 1008 922 et
1028 886 1090 934 qui
1115 898 1195 921 eum
1215 886 1326 922 secuti
1348 889 1448 931 sunt,
1479 888 1519 921 ut

863 941 1054 991 plurimum
1090 939 1347 979 Aristoteleam
1382 943 1518 978 descri-

864 999 1026 1048 ptionem
1054 1003 1227 1046 repetunt
1257 1011 1410 1046 eamque
1441 1010 1520 1033 am-

862 1053 997 1104 pliant,
1020 1058 1059 1091 ut
1078 1054 1154 1091 iure
1171 1054 1309 1091 mireris
1327 1054 1440 1090 inulto
1455 1066 1516 1090 ac-

863 1112 1020 1147 curatius
1054 1110 1123 1147 hoc
1151 1111 1282 1147 animal
1303 1111 1347 1147 ab
1372 1110 1518 1146 artifici-

863 1167 929 1203 bus
953 1180 1166 1217 expressum
1192 1167 1350 1217 conspici
1376 1171 1453 1203 tum
1478 1166 1518 1203 in

862 1224 980 1260 nnmis
1012 1228 1089 1260 tum
1123 1224 1160 1260 in
1188 1223 1268 1260 aliis
1291 1223 1523 1272 antiquitatis

861 1281 1118 1316 monumentis.
1176 1278 1246 1316 Est
1274 1293 1365 1316 unus
1394 1279 1519 1316 Achil-

861 1335 913 1372 les
945 1336 1076 1373 Tatius
1107 1335 1170 1383 IV,
1204 1339 1251 1383 2,
1283 1337 1345 1384 qui
1372 1347 1518 1373 accura-

861 1392 956 1428 tiora
977 1392 1122 1429 dedisse
1141 1392 1325 1440 putandus
1349 1395 1415 1429 est.
1462 1389 1517 1428 Ac

862 1461 909 1485 ne
939 1460 1036 1484 nunc
1062 1447 1211 1496 quidem
1254 1447 1341 1484 satis
1371 1449 1519 1496 cognita

862 1503 953 1540 haec
975 1504 1107 1551 belua,
1140 1516 1234 1552 quae
1249 1504 1285 1539 in
1303 1504 1383 1553 ipsa
1394 1503 1519 1552 Aegy-

862 1564 928 1611 pto
949 1573 1024 1597 non
1052 1560 1205 1610 amplius
1223 1561 1420 1610 reperitur,
1451 1560 1518 1597 sed

861 1629 972 1666 supra
1001 1621 1217 1653 catarractas
1247 1621 1386 1654 tantum
1408 1617 1443 1652 in
1463 1617 1519 1653 in-

860 1674 1000 1710 terioris
1010 1673 1153 1710 Africae
1162 1672 1386 1722 regionibus.
1398 1673 1518 1716 Quam

860 1730 969 1778 vulgo
1018 1729 1170 1766 laudant
1207 1730 1422 1767 Schneideri
1469 1730 1517 1767 ad

861 1786 961 1823 Petri
1008 1785 1137 1822 Artedi
1175 1799 1366 1836 synonym.
1404 1786 1515 1836 pisce.

862 1841 1019 1892 append.
1049 1855 1085 1891 p.
1109 1841 1190 1882 247
1217 1855 1320 1891 seqq.
1347 1842 1516 1892 (Lipsiae

864 1900 1008 1945 1789),
1037 1897 1143 1934 doleo
1164 1898 1256 1934 hune
1278 1898 1407 1935 librum
1430 1899 1518 1934 mihi

861 1967 934 1990 non
956 1958 1103 2003 praesto
1122 1954 1253 1999 fuisse·‚
1273 1959 1357 2003 post
1367 1954 1518 1991 Schnei-

863 2011 990 2048 derum
1011 2010 1056 2046 de
1081 2011 1135 2046 his
1159 2010 1282 2047 retulit
1308 2011 1452 2047 Cuvier.
1479 2011 1515 2046 in

862 2068 986 2103 muse'e
1021 2066 1148 2104 d'hist.
1189 2071 1309 2103 natur.
1346 2071 1434 2103 tom.
1464 2066 1516 2103 IV

863 2137 899 2173 p.
921 2125 1003 2163 299
1032 2136 1135 2171 seqq.
1165 2123 1197 2158 Y
1226 2136 1311 2173 pag.
1335 2123 1388 2164 56
1410 2136 1514 2172 seqq.

864 2180 970 2216 Cous.
997 2180 1107 2215 etiam
1129 2179 1301 2215 dictionn.
1329 2180 1363 2216 d.
1384 2180 1513 2216 scienc.

862 2235 1025 2272 naturell.
1041 2235 1174 2282 (Paris.
1188 2237 1314 2284 1821)
1327 2240 1413 2273 tom.
1423 2235 1513 2272 XXI

864 2305 891 2329 s.
915 2306 946 2329 v.
978 2305 1063 2342 pag.
1090 2294 1166 2332 189
1191 2304 1294 2340 seqq.

919 2344 1200 2399 χαυλιόδοντας
1217 2345 1380 2397 φαῖνον]
1406 2348 1514 2383 Conf.

859 2405 1013 2444 Diodor.
1037 2405 1058 2441 l.
1083 2404 1104 2440 l.
1136 2409 1172 2442 et
1197 2409 1287 2440 nott.
1309 2405 1356 2441 ad
1374 2404 1512 2440 Herod.

860 2462 892 2499 ΙΙ
906 2492 916 2509 ,
938 2464 1002 2502 68.
1051 2460 1173 2497 Minus
1193 2465 1291 2498 recte
1313 2461 1402 2497 haec
1420 2461 1515 2496 tradi

861 2522 1011 2556 monent
1059 2522 1211 2554 naturae
1249 2518 1515 2563 observatores,

860 2578 1010 2613 monent
1035 2574 1159 2624 ipsae,
1190 2587 1284 2623 quae
1307 2574 1343 2609 in
1363 2572 1514 2610 vetustis

860 2632 1101 2669 monumentis
1132 2631 1360 2680 reperiuntur
1385 2629 1515 2677 imagi-

863 2701 952 2735 ne5‚
992 2700 1072 2723 cum
1111 2700 1172 2723 ore
1209 2686 1330 2723 clauso
1368 2686 1516 2722 minime

863 2746 1098 2794 compareant
1116 2743 1256 2780 dentes.
1277 2743 1359 2780 Vid.
1372 2741 1516 2779 Cuvier.

863 2802 886 2838 l.
905 2801 928 2837 l.
951 2813 1037 2850 pag.
1059 2800 1152 2840 303.

961 2851 972 2866 5
1015 2852 1022 2867 ἱ
1079 2854 1099 2869 ΡΙ

921 2870 1051 2908 ουρην
1082 2857 1233 2901 ιππον]
1282 2853 1388 2893 Haec
1422 2853 1515 2891 falso
