1909 3228
661 182 980 222 ‘CL10.1.

211 298 264 342 ψε
293 290 320 348 ἡ
350 291 455 343 θεὸς
493 290 675 348 θήλειαν
711 297 896 336 νοῦσον·

1379 186 1463 226 265

946 291 1053 336 ὥστε
1092 291 1179 347 ἅμα
1217 291 1392 347 λέγουσί
1419 309 1463 337 τε

210 372 254 413 οἱ
283 371 458 414 Σκύθαι
489 371 559 415 διὰ
589 371 718 416 τοῦτό
749 383 884 428 σφεας
911 371 1103 424 νοσέειν,
1131 371 1204 415 καὶ
1227 368 1341 427 ὁρᾶν
1364 386 1453 425 παρ

152 576 188 613 ἰη
225 577 434 615 muliebrem
476 580 649 625 sormam,
699 583 797 617 certo

150 635 310 682 corporis
330 636 456 671 morbo
477 636 641 672 effectam
663 636 717 685 (p.
733 639 796 677 21.

151 692 204 729 22
243 692 359 738 seq.)
434 691 553 739 Atque
594 691 797 728 huiusmodi

151 746 317 781 morbosa
364 747 596 784 conversione
644 748 796 796 Scythas

149 801 206 836 iilo
226 805 387 850 tempore
409 803 615 850 laborasse,
639 817 681 840 ex
701 804 796 853 Hip-

150 858 304 905 pocratis
316 887 326 904 ‚
345 871 451 906 quem
467 859 646 896 Herodoti
661 873 795 908 aequa-

146 912 215 948 lem
234 913 346 951 fuisse
363 915 494 951 scimus
523 919 559 952 et
588 914 793 953 Aristotelis

145 969 350 1006 testimonio
400 972 461 1021 (iu
497 970 612 1007 Ethic.
652 971 793 1009 Nicom.

147 1024 234 1071 Vll,
267 1027 291 1066 8
332 1026 407 1074 (al.
426 1030 451 1067 7
474 1026 510 1077 §.
533 1028 587 1075 6)
629 1033 793 1065 accurata

143 1081 392 1129 disquisitione
412 1084 507 1120 idem
537 1083 690 1132 collegit.
713 1084 793 1121 Nec

143 1136 199 1173 his
235 1142 424 1175 contentus
468 1140 634 1189 probarit
668 1153 791 1189 porro,

142 1193 292 1230 similem
309 1196 540 1233 evirationem
558 1196 634 1232 aliis
647 1208 791 1244 quoque

141 1252 260 1287 terrae
294 1251 522 1299 regionibus,
568 1252 666 1302 apud
701 1252 789 1288 alias

143 1305 307 1343 nationes
328 1307 435 1344 etiam
456 1311 581 1344 nostra
602 1312 720 1345 aetate
730 1321 787 1344 re—

141 1361 270 1409 periri3
301 1364 387 1412 quin
407 1363 499 1400 adeo
520 1365 618 1413 apud
639 1365 787 1401 eosdem

141 1417 293 1464 Scythas
317 1420 512 1456 etiamnum
543 1420 698 1457 eundem
730 1420 786 1456 in-

138 1473 251 1510 veniri
262 1476 425 1512 morbum
443 1476 644 1524 iisdemque
659 1476 787 1524 signis,

139 1530 269 1577 quibus
287 1535 428 1569 veteres
458 1532 555 1568 illum
584 1533 787 1582 descripse-

139 1586 221 1623 rint.
279 1587 479 1625 Testantur
510 1588 578 1625 hoc
609 1589 787 1625 recentio-

139 1653 196 1678 res
214 1641 338 1680 harum
359 1645 547 1693 regionum
575 1645 786 1694 peregrina-

139 1701 255 1745 tores,
293 1699 373 1746 alii,
405 1713 555 1748 quorum
579 1701 786 1738 testimonia

139 1753 251 1789 accita
262 1756 297 1802 *)
329 1757 539 1805 suppeditat
556 1755 657 1804 larga
677 1770 786 1793 manu

139 1807 183 1844 V.
198 1808 245 1846 D.
265 1811 327 1858 qui
344 1824 382 1848 re
400 1812 648 1861 copiosissime
671 1816 707 1849 et
728 1824 786 1848 ac-

139 1866 363 1904 curatissime
380 1871 532 1904 tractata
544 1896 554 1914 ,
575 1867 627 1903 ita
644 1868 786 1904 statuit:

139 1920 340 1967 „Nostrum
368 1928 550 1960 auctorem
576 1924 695 1960 verbis
724 1918 785 1961 νό-

139 1987 194 2029 σῳ
222 1979 366 2032 θηλείᾳ
390 1992 513 2016 verum
543 1979 702 2016 indicare
724 1991 788 2015 vo-

138 2032 248 2071 luisse
268 2036 431 2072 morbum
443 2065 453 2083 ,
483 2035 545 2083 qui
562 2035 644 2070 viris
662 2047 788 2072 omnes

138 2089 315 2127 virilitatis
347 2095 453 2128 notas
485 2092 535 2127 ita
562 2091 721 2139 adimat,
751 2095 790 2128 ut

138 2158 201 2182 eos
221 2147 269 2183 ad
298 2148 545 2196 generandum
573 2160 647 2183 non
678 2148 789 2184 modo

138 2202 313 2239 invalidos
335 2204 486 2250 reddat,
517 2204 584 2240 sed
605 2204 714 2240 etiam
740 2203 786 2240 ad

138 2257 319 2295 muliebris
350 2264 500 2296 naturae
519 2259 787 2297 similitudinem

139 2313 248 2363 plane
268 2316 452 2362 traducat,
483 2329 557 2353 non
577 2316 730 2365 amplius
749 2316 785 2352 in

139 2370 286 2407 dubium
297 2372 415 2408 vocari
434 2385 567 2421 posse,
596 2373 663 2409 sed
680 2372 726 2409 ad
744 2371 785 2408 li-

140 2425 287 2472 quidum
305 2428 516 2476 perductum
540 2441 622 2465 esse
635 2457 646 2475 ,
675 2441 785 2477 spero

140 2485 247 2529 atque
269 2482 436 2519 confido“
458 2483 512 2534 (p.
534 2483 618 2531 49).
679 2484 785 2526 Quae

140 2536 392 2585 disputationis
421 2551 507 2576 suae
537 2544 641 2589 parte
673 2539 785 2576 altera

141 2592 305 2630 Starkius
332 2593 429 2630 haud
446 2595 564 2632 minus
583 2596 689 2633 docte
710 2595 783 2632 dis-

865 578 951 616 serit
969 578 1015 616 de
1047 582 1176 615 natura
1198 578 1392 627 causisque
1410 577 1517 615 huius

863 634 978 672 morbi
997 635 1198 683 muliebris,
1220 648 1263 672 ea
1275 648 1354 672 Cum
1373 635 1420 671 ad
1440 647 1516 671 me—

863 691 1024 728 dicorum
1055 692 1175 741 potius
1213 692 1371 727 rationes
1401 691 1514 740 perti-

862 753 994 794 neant,
1025 760 1134 795 quam
1159 748 1206 783 ad
1242 748 1362 797 ipsum
1395 747 1516 783 Hero—

863 803 987 839 dotum
1011 803 1259 839 illustrandum
1290 802 1394 851 (qua
1418 803 1456 839 in
1478 816 1517 840 re

861 859 967 895 nimis
986 858 1133 907 longum
1151 872 1209 896 me
1230 859 1342 896 fuisse
1362 858 1516 895 forsitan

861 920 965 952 erunt
987 916 1047 963 qui
1068 915 1232 963 dicant),
1264 914 1387 951 malim
1418 915 1515 963 apud

860 971 978 1021 ipsum
996 971 1087 1019 legi3
1117 984 1198 1008 nam
1226 972 1363 1020 optime
1383 970 1517 1006 confir-

860 1032 1002 1063 mantur
1018 1027 1088 1073 illa,
1108 1040 1200 1075 quae
1221 1028 1267 1064 de
1290 1026 1404 1074 signis
1419 1038 1515 1062 mor-

860 1083 896 1119 bi
917 1084 962 1120 ab
982 1083 1229 1133 Hippocrate,
1248 1082 1326 1118 aliis
1342 1094 1515 1119 enarran-

859 1143 916 1175 tur
935 1152 976 1176 ac
995 1140 1041 1177 de
1058 1140 1138 1190 ipsa
1158 1139 1275 1176 morbi
1296 1143 1429 1175 natura
1441 1143 1515 1174 sta-

857 1199 1016 1232 tuuntur.

916 1247 1013 1289 ὥστε
1035 1247 1115 1301 ἅμα
1132 1249 1294 1315 λέγουσί
1304 1264 1344 1288 τε
1358 1264 1396 1288 οι
1386 1244 1514 1288 Σκύ-

856 1309 929 1345 θαι
963 1304 1027 1345 διά
1055 1302 1172 1346 τοῦτό
1200 1323 1235 1346 κ.
1266 1321 1297 1344 τ.
1321 1304 1382 1355 L]
1425 1306 1447 1342 i.
1481 1319 1512 1343 e.

856 1365 945 1409 ,'‚zta
977 1364 1112 1412 quidem
1138 1367 1177 1399 ut
1206 1365 1312 1399 etiam
1354 1361 1514 1411 Scythae

854 1418 998 1466 (licant,
1035 1420 1072 1455 oh
1104 1419 1194 1454 lianc
1226 1429 1369 1455 causam
1398 1417 1514 1453 morbo

855 1475 918 1511 ltoc
939 1475 1095 1512 laborare
1117 1475 1221 1521 illos,
1254 1478 1286 1510 et
1306 1472 1402 1523 apud
1422 1487 1456 1509 se
1470 1473 1514 1509 ab

854 1531 1064 1568 adeuntibus
1112 1531 1321 1580 Scythicam
1380 1532 1510 1566 terram

855 1590 1008 1639 conffspzcz·
1040 1587 1204 1638 quomodo
1245 1586 1351 1634 (illi)
1387 1585 1515 1634 affecti

852 1647 945 1692 sint,
976 1658 1058 1695 qnos
1081 1645 1246 1681 Enareas
1271 1642 1427 1692 Scythae
1449 1655 1513 1691 ap-

848 1701 995 1751 pellant.
1008 1703 1032 1721 “
1088 1701 1131 1737 In
1169 1713 1258 1736 voce
1310 1694 1512 1747 Ἑναοέας,

859 1759 957 1806 quod
972 1758 1120 1795 recurrit
1140 1756 1203 1802 IV,
1217 1758 1270 1796 67
1301 1755 1381 1802 (ubi
1401 1750 1511 1792 'Eva-

856 1811 972 1863 ρέες),
1001 1813 1151 1850 haerent
1172 1812 1400 1860 inteipreteS.
1436 1808 1512 1846 Le-

855 1869 924 1905 ctio
951 1869 1033 1918 ipsa
1060 1872 1100 1904 ut
1131 1868 1166 1902 in
1199 1879 1271 1914 qua
1298 1865 1510 1914 conspirant

855 1923 953 1970 libri,
995 1923 1085 1959 nihil
1117 1921 1312 1968 mutanda,
1364 1933 1431 1957 nec
1461 1920 1511 1956 illi

856 1980 1047 2025 audiendi,
1086 1979 1147 2027 qui
1176 1976 1227 2016 ἐν
1241 1991 1297 2027 ay
1312 1974 1329 2013 ε’
1343 1991 1398 2021 ας
1431 1976 1455 2012 i.
1475 1989 1507 2013 e.

850 2035 994 2086 piaculo
1012 2035 1174 2070 obnoxios
1202 2046 1231 2069 s.
1257 2035 1509 2068 contaminatos

856 2091 1050 2140 corrigant.
1099 2090 1222 2126 Altero
1241 2088 1319 2124 loco
1338 2088 1509 2126 Herodo-

855 2151 913 2184 tus
952 2147 1053 2184 addit
1080 2145 1122 2185 οἱ
1165 2141 1431 2195 α’νδρόγυνοις
1459 2145 1505 2181 ab

854 2202 1082 2253 Hippocrate
1103 2202 1126 2238 l.
1146 2202 1168 2238 l.
1200 2201 1309 2237 iidem
1340 2200 1508 2237 dicuntur

855 2254 1092 2310 ἅνανδριεῖς.
1152 2257 1262 2295 Unde
1290 2256 1507 2306 interpretes

855 2328 898 2352 eo
945 2317 1206 2364 confugerunt,
1255 2316 1294 2349 ut
1328 2310 1507 2361 Ἐναρέες

853 2372 1056 2419 Scythicum
1078 2372 1238 2407 dicerent
1251 2381 1333 2405 esse
1350 2369 1507 2405 vocabu-

851 2426 922 2463 lum
935 2456 945 2473 ,
975 2428 1072 2476 quod
1085 2427 1226 2463 Graeco
1238 2437 1405 2461 sermone
1420 2424 1504 2461 red-

851 2484 985 2520 diderit
1003 2483 1257 2533 Hippocrates,
1288 2481 1365 2518 Sed
1385 2481 1505 2529 ipsam

851 2540 1029 2576 Graecam
1068 2552 1151 2576 esse
1196 2549 1319 2573 vocem
1355 2535 1505 2572 coniecit

849 2595 971 2633 Stark.
999 2595 1021 2632 l.
1041 2595 1062 2632 l.
1092 2607 1178 2646 pag.
1202 2593 1280 2640 25,
1310 2605 1405 2642 quae
1432 2592 1504 2627 ori-

216 2691 242 2735 )
276 2692 431 2734 Inpiimis
453 2694 579 2725 consul.
605 2695 629 2726 Ι.
660 2693 830 2738 Reineggs
855 2694 891 2726 in
917 2694 1063 2737 Allgcm.
1090 2690 1443 2736 topogi.Besch1eib.
1468 2690 1502 2724 d.

274 2738 411 2770 Caucas.
423 2764 432 2779 ,
462 2738 707 2783 herausgegeb.
738 2752 805 2773 von
837 2741 893 2773 Fr.
914 2742 974 2773 En.
974 2719 1165 2772 &Schro‘dei
1191 2737 1307 2782 (1796)
1337 2738 1406 2779 Ip.
1423 2735 1502 2770 269.

274 2783 416 2816 Potock.
445 2784 588 2818 Histoir.
619 2785 789 2829 primitive
815 2786 876 2819 des
907 2785 1052 2829 peuples
1081 2785 1124 2818 de
1151 2784 1184 2817 la
1212 2785 1308 2816 Russ.
1343 2783 1498 2817 Pete1sb.

275 2830 359 2867 1801
389 2841 425 2877 p.
448 2831 524 2866 175.
