1909 3228
465 205 551 245 738

858 202 1328 242 HERODOTI

467 313 603 369 λέγων
633 310 699 354 ὅτι
730 308 871 366 ,,Ἐγι·ὁ
902 312 937 354 εἰ
966 310 1024 367 μὴ
1053 311 1152 364 περὶ
1180 314 1350 354 πολλοῦ
1378 309 1571 369 ἡγεύμην
1600 312 1729 369 μηδέ-
1744 320 1785 352 10

468 409 558 443 ,,να
591 392 742 442 ξείνων
770 390 974 442 κτείνειν,
1008 388 1107 433 ὅσοι
1136 387 1208 432 ὑπ’
1235 387 1408 444 ἀνέμων
1427 389 1508 445 ἤδη
1532 390 1728 448 ἀπολαμ-

468 469 691 525 „makmas
730 464 874 524 ἦλθον
915 469 956 520 ές
989 468 1134 525 χώρην
1171 467 1250 524 τὴν
1291 469 1418 524 ἐμὴν,
1478 469 1560 524 ἐγώ
1599 470 1652 513 ἄν
1687 481 1734 514 σε

470 548 614 604 „finio
645 551 728 591 τοῦ
745 547 958 604 ’Έλληνος
987 548 1215 603 ἐτισάμην·

1275 546 1346 598 ὃς,
1389 543 1422 591 ὦ
1456 546 1627 592 κάκιστε
1657 546 1734 591 ἆν-

470 629 644 681 ,,δρῶν,
694 627 862 679 ξεινίων
892 625 1062 683 τυχών,
1111 627 1240 682 ἔργον
1280 624 1579 670 ἀνοσιώτατον
1609 626 1735 682 ἐργά-

443 714 605 757 5,,σαο.
653 706 771 760 παρὰ
801 711 881 750 τοῦ
913 709 1108 750 σεωυτοῦ
1145 707 1287 758 ξείνου
1325 704 1406 761 τὴν
1442 710 1633 761 γυναῖκα
1662 701 1737 762 ἧλ-
1751 713 1791 745 15

472 790 607 836 ,,θες·
648 785 722 828 καὶ
750 784 866 840 μάλα
894 785 1030 829 ταῦτά
1059 801 1128 828 τοι
1157 782 1240 828 οὐκ
1268 785 1445 841 ἤρκεσε,
1487 783 1597 829 ἀλλὰ
1627 783 1734 828 ἄνα-
1779 787 1858 828 156

444 861 732 917 6,,πτεριόσας
761 863 919 920 αὐτὴν,
951 865 1086 920 οἴχεαι
1116 864 1224 920 ἔχων
1252 863 1471 916 ἐκκλέψας.
1526 865 1599 908 καὶ
1635 862 1738 907 οὐδὲ

474 943 651 995 ,,ταῦτά
682 960 750 986 τοι
780 947 922 998 μοῦνα
952 943 1134 1000 ἤρκεσε,
1186 941 1294 986 ἀλλὰ
1332 944 1405 988 καὶ
1433 943 1485 987 τοὶ
1517 945 1632 987 οἰκία
1661 946 1738 987 τοῦ

446 1031 500 1074 7,,
514 1024 657 1075 ξείνου
687 1024 891 1076 κεραΐσας
919 1022 1045 1079 ἥκεις.
1091 1027 1176 1066 νῦν
1207 1017 1293 1073 ὦν,
1325 1022 1470 1079 ἐπειδή
1503 1025 1600 1076 περὶ
1630 1027 1736 1066 πολ-

473 1106 590 1154 ,,λοῦ
619 1101 780 1158 ἥγημαι
810 1101 867 1158 μή
899 1101 1229 1154 ξεινοκτονέειν,
1260 1107 1450 1156 γυναῖκα
1479 1103 1557 1157 μὲν
1573 1101 1735 1158 ταύτην
1749 1108 1794 1141 20

473 1214 497 1234 ,,
510 1182 584 1225 καὶ
612 1179 664 1224 τὰ
693 1180 888 1237 χρήματα
918 1181 974 1225 οὔ
1011 1198 1081 1225 τοι
1108 1179 1287 1238 προήσω
1319 1178 1585 1235 ἀπάγεσθαι,
1631 1179 1739 1223 ἀλλὰ

475 1293 499 1312 ,,
511 1259 620 1303 αὐτοὶ
651 1259 734 1315 ἐγώ
765 1265 824 1319 τῷ
842 1261 1021 1318 Ἕλληνι
1049 1261 1173 1317 ξείνῳ
1206 1257 1404 1315 φυλάξω,
1446 1260 1488 1311 ές
1517 1259 1544 1303 ὂ
1572 1259 1628 1303 ἂν
1659 1258 1740 1303 αύ-

475 1339 580 1391 ,,τὸς
609 1338 749 1382 ἐλθών
789 1340 950 1392 ἐκεῖνος
980 1338 1282 1396 ἀπαγαγέσθαι
1312 1339 1462 1396 ἐθέλῃ·

1524 1337 1664 1383 αὐτόν
1693 1338 1740 1382 δὲ

476 1419 560 1470 ,,σὲ
589 1420 661 1462 καὶ
689 1419 793 1470 τούς
823 1419 928 1470 σούς
960 1417 1213 1475 συμπλόους
1241 1422 1375 1473 τριῶν
1408 1417 1598 1475 ἡμερέων
1629 1434 1739 1474 προ-

422 1666 496 1710 gn
525 1670 618 1707 conf.
642 1668 821 1707 Matthiae
853 1670 918 1707 Gr.
943 1670 1075 1708 Graec.

423 1740 509 1779 pag.
529 1728 646 1767 1030.

481 1806 569 1849 ὅσοι
587 1803 655 1847 ὑπ’
674 1805 832 1859 άνέμων
854 1805 932 1860 ἤδη
961 1804 1076 1849 ἄπο-

424 1863 757 1917 λαμφθέντες
784 1859 918 1915 ’ἦλθον
936 1864 1074 1914 κ.τ.λ.]

426 1917 783 1972 ἀπολαμβάνεσθαι
820 1923 867 1959 de
902 1923 946 1959 iis
967 1951 977 1969 ,
1015 1923 1077 1972 qui

424 1984 613 2017 ventorum
634 1980 668 2015 vi
696 1991 717 2016 a
741 1979 931 2029 proposito
950 1980 1079 2016 itinere

424 2035 662 2086 prohibentur
681 2039 791 2083 atque
803 2036 1080 2085 intercipiuntur

425 2092 541 2129 aliove
560 2092 781 2128 deferuntur.
841 2091 952 2135 Quod
972 2105 1080 2142 prae-

425 2153 480 2186 ter
500 2147 716 2196 Wesseling.
749 2147 798 2184 ad
825 2147 860 2184 h.
881 2147 904 2184 l.
928 2160 1079 2185 monue-

426 2208 509 2241 runt
538 2204 646 2241 etiam
671 2204 889 2253 interpretes
908 2204 956 2240 ad
985 2203 1078 2241 Plat.

426 2260 614 2297 Phaedon.
634 2260 710 2296 init.
734 2272 771 2310 p.
797 2259 850 2300 58
863 2289 873 2307 ,
890 2260 932 2296 Β.
955 2259 1078 2297 -Ad

426 2317 536 2354 verba
564 2312 636 2363 ὃς,
668 2309 700 2354 ὦ
728 2310 888 2354 κάκιστε
914 2331 949 2355 κ.
977 2331 1010 2354 τ.
1044 2319 1078 2355 λ.

427 2373 523 2410 conf.
546 2371 678 2409 Matth.
697 2385 784 2423 pag.
802 2372 896 2414 598.

483 2452 591 2507 παρά
621 2478 669 2483 —-
702 2453 777 2507 τήν
804 2459 976 2508 γυναῖκα
1004 2450 1079 2507 ἦλ-

428 2511 542 2563 θες]
567 2511 811 2564 ἔρχεσθαι
841 2510 975 2563 παρά
996 2510 1080 2563 τήν

428 2572 650 2621 γυναῖκα
690 2570 820 2606 eodem
859 2583 968 2607 sensu
1007 2582 1079 2618 quo

430 2627 578 2679 φοιτᾷν
604 2626 770 2674 usurpari
801 2626 1002 2662 monuimus
1032 2626 1080 2662 ad

430 2681 482 2726 11,
504 2685 595 2721 111.
653 2681 700 2718 Et
718 2681 813 2718 conf.
844 2683 955 2719 etiam
985 2694 1080 2731 quae

432 2737 479 2772 ad
506 2737 560 2782 ΙΙ,
590 2737 643 2778 64
673 2738 838 2774 diximus.
895 2738 1003 2775 Plura
1032 2739 1080 2774 ad

432 2791 466 2828 h.
485 2791 507 2828 l.
538 2792 661 2829 laudat
679 2793 905 2831 Gronovius:
936 2794 983 2842 V,
1013 2796 1080 2835 70.

433 2847 501 2894 111,
521 2850 586 2889 69.
617 2848 687 2896 VI,
707 2852 760 2890 68
779 2854 847 2888 etc.

1200 1664 1481 1720 α’ναπτερώσας
1510 1665 1658 1720 αὐτήν]
1709 1669 1798 1706 Alas

1143 1727 1176 1762 ez·
1193 1726 1324 1762 addens
1353 1727 1375 1761 i.
1398 1739 1429 1763 e.
1458 1729 1610 1762 incitans
1635 1739 1721 1762 eam.
1743 1747 1799 1752 —

1143 1782 1184 1818 In
1205 1782 1325 1819 verbis
1349 1780 1473 1831 οἴχεαι
1494 1781 1590 1832 ἔχων
1604 1780 1800 1830 ἐκκλέψας

1144 1838 1218 1875 noli
1253 1837 1403 1875 haerere
1440 1838 1487 1875 ob
1530 1839 1800 1889 participiorum

1143 1907 1257 1931 usum.
1315 1894 1382 1930 Est
1421 1895 1517 1932 enim
1551 1908 1698 1932 sensus:
1748 1894 1801 1930 Tu

1147 1963 1222 1987 eam
1244 1955 1384 2000 raptam
1401 1951 1595 1988 abduxisti.
1636 1951 1711 1988 Ubi
1735 1950 1766 1987 C
1773 1963 1800 1987 r.

1146 2011 1297 2058 propter
1335 2020 1436 2043 usum
1485 2007 1663 2058 participii
1703 2005 1802 2058 ἔχων

1147 2064 1302 2100 conferri
1330 2063 1406 2100 vult
1433 2065 1617 2102 Schaeser.
1649 2064 1699 2100 ad
1731 2064 1802 2100 So·-

1146 2120 1265 2170 phocl.
1289 2120 1424 2170 Oedip.
1446 2120 1540 2169 Reg.
1566 2120 1660 2160 741.

1200 2233 1358 2282 τριῶν
1384 2229 1632 2282 ἡμερέων]
1663 2231 1706 2268 Id
1726 2236 1801 2268 est:

1146 2290 1242 2325 intra
1257 2290 1362 2325 trium
1382 2288 1514 2324 dierum
1530 2290 1693 2337 spatium.
1718 2287 1801 2324 Vid.

1147 2344 1280 2382 Matth.
1315 2344 1380 2381 Gr.
1415 2345 1480 2381 Gr.
1516 2357 1601 2395 pag.
1624 2347 1717 2385 692.
1746 2365 1802 2370 ——

1147 2401 1188 2438 In
1237 2414 1340 2450 seqq.
1393 2401 1803 2451 μετορμίζεσθαι

1148 2461 1203 2494 est
1226 2457 1296 2494 alio
1318 2470 1390 2506 quo
1410 2458 1582 2506 navigare
1611 2470 1639 2494 s.
1662 2469 1802 2494 cursum

1148 2517 1278 2560 tenere,
1318 2519 1458 2550 mutata
1484 2514 1650 2551 statione.
1710 2512 1803 2557 Qui-

1148 2570 1232 2606 dam
1250 2569 1331 2606 libri
1351 2570 1655 2619 μετεωρίζεσθαι
1672 2569 1696 2606 i.
1715 2582 1746 2607 e.
1763 2571 1802 2606 in

1146 2625 1220 2662 alto
1239 2629 1375 2664 versari
1400 2629 1492 2664 mari
1499 2639 1511 2670 ,-
1552 2626 1652 2675 quod
1680 2638 1702 2662 a
1732 2637 1801 2662 no-

1148 2687 1222 2718 stro
1242 2681 1320 2718 loco
1339 2683 1495 2720 alienum
1508 2682 1580 2720 iam
1593 2681 1683 2719 vidit
1694 2681 1803 2719 Wes-

1148 2737 1333 2786 selingius.
1362 2760 1418 2767 —
1446 2738 1506 2776 Ad
1533 2736 1802 2789 περιέψεσθαι

1149 2795 1242 2831 cons.
1262 2793 1358 2841 VIII,
1383 2795 1461 2836 149
1484 2799 1520 2832 et
1539 2807 1650 2844 supra
1668 2794 1714 2842 11,
1734 2793 1800 2834 64.

1149 2853 1214 2892 69.
1244 2849 1280 2898 1,
1302 2853 1367 2892 73.
1394 2851 1483 2893 114.
1514 2851 1603 2892 115.
