1877 3223
430 223 513 263 228

825 218 1287 260 HERODOTI

430 328 719 386 ἐπανηλόγησε
747 332 892 373 πᾶσαν
920 327 1000 386 τὴν
1029 327 1196 373 ἑωυτοῦ
1228 327 1455 384 διάνοιαν,
1490 328 1565 372 καὶ
1593 328 1682 371 τῶν
1750 331 1805 376 46

429 409 698 466 χρηστηρίων
718 407 794 459 τοὶς
818 406 1097 463 ὑποκρίσιας,
1125 408 1199 451 καὶ
1226 406 1410 464 μάλιστα
1437 407 1491 451 τοὶ
1520 406 1682 463 ἀναθή-
1694 412 1739 447 65

428 501 562 543 ματα·
602 487 676 530 καὶ
704 486 763 538 ὥς
793 487 996 542 ἐπαρθεὶς
1035 490 1096 542 τῷ
1125 488 1344 543 μαντηΐῳ,
1374 486 1682 541 ἐστρατεύσατο

403 566 504 610 5ἐπὶ
534 562 718 618 Πέρσας.
757 565 892 621 λέγων
926 566 971 608 δὲ
1000 568 1157 618 ταῦτα,
1205 566 1429 621 κατέβαινε
1459 560 1581 616 αὖτις
1607 580 1683 608 πα-

430 642 731 698 ραιτεόμενος,
779 644 942 688 ἐπεῖναί
972 645 1015 686 οἱ
1042 647 1102 702 τῷ
1131 647 1223 701 θεῷ
1261 642 1431 688 τούτων
1459 643 1681 688 ὀνειδίσαι.

430 726 578 776 Κῦρος
608 721 654 765 δὲ
681 724 865 777 γελάσας
894 720 1004 765 εἶπε·
1045 755 1069 774 ,,
1082 723 1169 765 Καὶ
1201 723 1361 767 τούτου
1389 722 1555 775 τεύξεαι
1583 719 1680 777 παρ’

428 833 453 852 ,,
465 800 589 857 ἐμεῦ,
619 803 803 856 Κροῖσε,
833 801 906 844 καὶ
934 800 1068 844 ἄλλου
1096 801 1258 853 παντὸς
1286 806 1367 847 τοῦ
1397 801 1452 845 ἂν
1481 801 1682 845 ἑκάστοτε
1694 807 1739 842 70

401 889 456 932 6,,
470 879 584 937 din-‘⁶
635 878 714 930 Ὡς
743 879 789 922 δὲ
826 883 962 923 ταῦτα
1000 878 1160 935 ἤκουσε
1193 881 1216 925 ὁ
1249 885 1465 936 Κροῖσος,
1505 879 1684 936 πέμπων

427 961 517 1002 τῶν
546 959 707 1001 Λυδῶν
746 957 789 1008 ἐς
818 958 1041 1013 Δελφούς,
1085 959 1342 1010 ἐνετέλλετο,
1382 960 1580 1010 τιθέντας
1607 958 1683 1010 τὰς

427 1037 558 1088 πέδας
600 1035 669 1079 ἐπὶ
701 1039 784 1080 τοῦ
820 1040 934 1094 νηοῦ
961 1038 1038 1081 τὸν
1069 1037 1229 1091 ου’δὸν,
1279 1040 1460 1092 εἰρωτᾶν
1488 1039 1525 1080 εἰ
1555 1036 1610 1080 οὔ
1642 1052 1684 1079 τι

427 1113 728 1171 ἐπαισχύνεται
755 1120 869 1159 τοῖσι
889 1119 1136 1173 μαντηίοισι
1156 1115 1319 1176 ἐπᾴρας
1338 1119 1534 1172 Κροῖσον
1558 1126 1684 1171 στρα-

425 1193 629 1237 τεύεσθαι
657 1194 724 1237 ἐπὶ
747 1194 940 1251 Πέρσας,
973 1194 1033 1248 ὦς
1062 1195 1402 1241 καταπαύσοντα
1429 1194 1508 1252 τὴν
1529 1193 1684 1250 Κύρου

434 1271 647 1329 δύναμιν,
693 1271 763 1317 ἀπ’
801 1269 851 1331 ἧς
889 1276 934 1319 οἱ
973 1274 1205 1330 ἀκροθίνια
1243 1278 1424 1320 τοιαῦτα
1459 1274 1740 1330 γενέσθαι·75

427 1351 682 1404 δεικνύντας
710 1352 788 1405 τοὶς
815 1354 957 1407 πέδας.
1014 1354 1150 1399 ταῦτά
1179 1371 1225 1399 τε
1254 1355 1514 1411 ἐπειρωτᾶν,
1541 1352 1616 1396 καὶ
1645 1352 1684 1395 εἰ

371 1584 451 1609 sum
466 1572 516 1609 ita
535 1572 694 1610 reddidit
709 1571 1019 1622 Schweighaeus.:

370 1628 508 1675 „altius
543 1633 692 1678 repetens
731 1629 899 1676 Croesus,
941 1643 1021 1667 con-

370 1685 453 1722 silia
481 1698 546 1722 sua
571 1688 685 1723 onmia
713 1686 907 1735 exposuz'tf‘

425 1739 492 1779 καὶ
511 1743 589 1779 τῶν
610 1742 855 1793 χρηστηρίων
883 1738 954 1789 τὰς
976 1738 1020 1780 v‘-

369 1796 598 1847 ποκρίσιας]
631 1796 867 1849 ὑποκρίσιας
894 1799 932 1835 in
959 1810 1019 1835 ac-

370 1853 528 1890 cusativo
546 1852 693 1903 pluralis
723 1857 763 1890 ut
783 1866 892 1904 supra
912 1854 942 1901 I,
963 1852 1018 1895 74

369 1921 405 1945 m
428 1908 650 1946 nominativo
682 1909 831 1960 pluralis
857 1909 900 1948 αἱ
922 1921 1019 1960 συμ-

368 1960 520 2015 βάσιες,
587 1965 649 2002 ubi
702 1966 775 2002 vid.
822 1966 1020 2017 Perperam

368 2021 606 2058 Schaeferus:
635 2019 858 2073 ύποκρίσις.
886 2044 943 2050 ——
972 2022 1015 2059 In

367 2089 471 2126 seqq.
493 2076 707 2114 locutionem
727 2077 932 2129 κατέβαινε
959 2098 1017 2106 -·

367 2129 674 2184 παραιτεόμενος
700 2135 819 2171 refero
847 2136 895 2171 ad
923 2147 1015 2180 eam,

367 2201 461 2238 quae
495 2190 590 2226 infra
638 2190 816 2227 invenitur
853 2189 887 2235 I,
934 2193 1015 2230 122

368 2241 453 2294 (ἤϊέ
469 2259 573 2284 τε-
588 2243 743 2293 αἰνέων,
760 2246 819 2282 ubi
832 2246 902 2282 vid.
916 2246 1012 2292 not.)

368 2302 517 2350 eiusque
560 2301 703 2339 similes.
761 2301 915 2351 Propius
945 2301 1014 2337 huc

367 2361 509 2407 spectat
528 2357 564 2406 I,
593 2360 692 2399 118:
721 2355 924 2408 κατέβαινε
946 2355 1012 2394 λε’-

366 2427 468 2464 γων,
500 2417 536 2451 et
560 2413 595 2461 Ι,
619 2416 717 2455 116;
747 2412 950 2464 κατέβαινε
972 2411 1013 2459 ἐς

367 2465 476 2515 λιτοές
504 2468 572 2508 καὶ
607 2465 845 2523 συγγνώμην
877 2467 1011 2521 ἑωυτῷ

366 2519 538 2563 κελεύων
558 2524 672 2576 ἔχειν.
730 2526 825 2563 Hinc
843 2524 1010 2573 Schwgh.

366 2584 492 2618 nostro
516 2581 553 2618 in
569 2582 648 2619 loco
667 2582 792 2619 vertit:
821 2594 943 2618 rursus
962 2579 1011 2617 acl

360 2649 478 2685 preces
506 2650 541 2674 se
569 2641 757 2685 convertit,
787 2650 868 2675 cum
898 2651 1014 2676 κατα-

366 2691 520 2741 βαίνειν
540 2694 577 2730 in
596 2696 761 2732 oratione
772 2694 840 2731 sit:
847 2692 1014 2744 progredi

365 2748 648 2799 (descendere),
672 2763 815 2800 pergere
832 2779 843 2798 ,
873 2761 1013 2786 conver-

365 2806 434 2840 tere
452 2817 488 2841 se
511 2805 558 2843 ad
587 2806 689 2845 aliud
710 2807 876 2858 quiddam
892 2804 1013 2857 profe-

364 2859 515 2899 rendum.

1143 1571 1298 1614 ἐπεῖναί
1327 1570 1370 1611 οἵ
1398 1572 1452 1624 τῷ
1480 1571 1566 1624 θεῷ
1585 1564 1739 1610 τούτων

1087 1625 1300 1679 ὀνειδίσαι]
1331 1629 1354 1665 i.
1386 1641 1416 1665 e.
1458 1632 1498 1665 ut
1528 1628 1596 1664 sibi
1623 1628 1739 1663 liceret

1087 1690 1160 1724 ista
1197 1686 1258 1723 deo
1294 1685 1508 1734 exprobrare.
1565 1683 1624 1721 De
1643 1687 1739 1719 stru-

1087 1747 1188 1780 ctura
1205 1742 1304 1780 verbi
1315 1737 1519 1788 ὀνειδίζειν
1535 1753 1615 1777 cum
1633 1739 1738 1788 geni-

1087 1801 1160 1836 tivo
1178 1799 1230 1835 rei
1255 1811 1284 1834 s.
1316 1810 1448 1834 causae
1478 1798 1572 1834 conf.
1604 1795 1737 1832 Matth.

1087 1854 1125 1905 ἓ.
1151 1857 1235 1896 368
1263 1866 1349 1904 pag·
1369 1855 1462 1894 683.
1485 1874 1542 1880 —
1568 1852 1611 1890 In
1630 1864 1735 1901 seqq.

1087 1912 1135 1949 de
1152 1906 1300 1965 ἐπᾴρας
1321 1911 1414 1946 conf.
1433 1908 1469 1956 I,
1489 1910 1542 1950 87
1557 1909 1643 1957 ibiq.
1660 1911 1736 1944 not.

1087 1988 1142 1994 -
1180 1967 1239 2004 Ad
1271 1966 1380 2003 verba
1420 1965 1456 2004 εἰ
1494 1960 1738 2016 ἀχαρίστοισι

1087 2019 1205 2074 νόμος
1225 2019 1327 2062 εἶναι
1349 2024 1450 2061 τοῖσι
1473 2018 1738 2071 Ἑλληνικοῖσι

1085 2083 1219 2119 θεοῖσι
1250 2077 1396 2115 consule
1435 2081 1585 2128 propter
1615 2075 1736 2126 dupli-

1084 2149 1161 2173 cem
1181 2135 1339 2171 dativum
1361 2137 1506 2183 praeter
1533 2145 1597 2179 ea,
1639 2143 1734 2180 quae

1083 2190 1352 2238 Wesselingius
1402 2191 1545 2235 monet,
1601 2187 1733 2224 Matth.

1083 2244 1121 2295 ᾗ.
1149 2246 1231 2286 536
1273 2258 1358 2295 pag.
1390 2245 1508 2286 1053-
1566 2243 1735 2280 Infinitivi

1081 2314 1168 2337 usus
1197 2302 1233 2337 in
1259 2301 1424 2337 oratione
1462 2300 1636 2337 indirecta
1664 2299 1734 2347 (ut

1080 2357 1188 2407 paulo
1211 2361 1316 2394 ante:
1348 2352 1411 2395 ἄπ’
1441 2351 1490 2407 ἧς
1511 2355 1552 2394 οἵ
1566 2350 1732 2407 ἀκροθί-

1080 2428 1148 2452 νια
1162 2415 1325 2452 τοιαῦτα
1342 2411 1547 2464 γενέσθαι)
1566 2413 1654 2449 satis
1664 2424 1734 2448 no-

1080 2474 1158 2515 tus,
1195 2482 1302 2519 quam
1333 2470 1379 2507 de
1422 2482 1493 2518 quo
1532 2472 1733 2506 moneatur.

1079 2525 1175 2562 Hinc
1201 2530 1333 2576 sponte
1364 2526 1469 2563 cadet
1503 2525 1610 2562 lectio
1639 2519 1732 2574 ἄχα-

1081 2585 1227 2632 ριστεῖν
1250 2582 1286 2618 in
1308 2582 1399 2618 biuis
1420 2580 1648 2628 obxialibris,
1664 2593 1732 2618 nec

1082 2639 1198 2674 minus
1217 2638 1239 2674 ii
1260 2643 1435 2687 peccant,
1465 2639 1527 2687 qui
1547 2649 1613 2687 pro
1627 2632 1728 2675 εἶναι

1081 2694 1249 2732 exhibent
1261 2694 1320 2744 εἴη
1332 2695 1386 2732 vel
1397 2693 1486 2732 ἔστι.
1499 2693 1632 2731 Omnia
1639 2693 1729 2729 haec

1081 2754 1160 2786 orta
1175 2763 1217 2787 ex
1229 2751 1456 2799 ignoratione
1467 2755 1528 2787 aut
1539 2749 1727 2798 negligen-

1079 2806 1131 2841 tia
1168 2806 1392 2843 librariorum
1433 2806 1634 2854 elegantem
1657 2802 1725 2838 loci

1077 2866 1293 2901 structuram
1304 2863 1421 2900 minus
1435 2858 1721 2913 percipientium.
