1909 3228
285 562 351 607 93

84 625 189 660 Ingens
221 626 359 662 Alyattae

82 659 257 694 sepulcrum.
298 661 357 695 Ly-

410 210 496 250 236
800 208 1265 250 HERODOTI

410 320 490 362 τοῦ
517 317 578 362 ἔτι
605 316 820 375 πρότερον
848 317 1112 374 κατιρώσας,
1150 316 1245 363 τότε
1274 317 1421 375 τρόπῳ
1460 323 1520 378 τῷ
1548 321 1660 377 εἰρη-

409 396 524 457 μένῳ
554 397 739 454 ἇνέθηκε
767 397 810 449 ἐς
835 396 888 441 τοὶ
917 399 1090 454 εἴρηται.
1147 398 1220 442 καὶ
1256 397 1358 453 περὶ
1385 398 1463 453 μὲν
1494 397 1660 457 ἀναθη-

412 477 560 533 μάτων
587 479 775 519 τοσαῦτα
803 475 1007 533 εἰρήσθω.

81 693 148 719 diae
157 693 275 728 puellae
296 702 357 720 rne-

83 726 214 754 retrices.
265 713 356 757 fialas
411 719 492 759 λου
529 711 887 769 καταφερομένου
923 711 1159 769 ψήγματος.
1207 713 1287 758 ’Ἐν
1317 714 1363 759 δὲ
1392 714 1524 770 ἔργον
1552 717 1663 757 πολ-

82 759 216 795 Gygaea.

524 553 740 611 Θώυματα
769 555 816 599 δὲ
843 559 898 611 γῆ
936 556 1077 612 Λυδίη
1105 556 1147 606 ἐς
1175 554 1434 612 συγγραφήν
1465 554 1518 599 οὐ
1547 555 1716 611 μάλα35

415 635 517 692 ἔχει,
548 632 620 678 οἷά
648 650 693 677 τε
717 634 791 678 καὶ
821 632 928 690 ἄλλη
957 633 1094 690 χώρη,
1123 634 1256 690 πάρεξ
1274 639 1354 679 τοῦ
1377 634 1423 678 ἐκ
1442 637 1523 678 τοῦ
1543 633 1662 689 Τμώ-

407 793 485 838 λὸν
515 791 714 850 μέγιστον
739 792 986 849 παρέχεται,
1027 793 1156 849 χωρὶς
1195 797 1284 838 τῶν
1323 810 1368 838 τε
1405 793 1657 850 Αἰγυπτίων

351 1001 506 1051 lingius,
557 1000 665 1037 ducta
692 997 922 1048 potissimum
960 1011 1003 1037 ex

352 1058 416 1106 iis,
445 1070 540 1108 quae
559 1055 762 1103 Hesychius
784 1068 813 1092 s.
833 1067 867 1092 v.
887 1060 923 1094 et
935 1055 1004 1092 Ti-

353 1127 480 1152 maeus
500 1114 537 1149 in
557 1112 677 1150 Lexic.
707 1111 849 1149 Platon.
869 1125 906 1163 p.
923 1114 1003 1154 160

353 1171 412 1208 ed.
431 1169 578 1209 Ruhnk.
597 1168 834 1206 tradiderunt.

551 1252 614 1290 ea
622 1266 658 1303 p.
689 1251 825 1290 Xcm.

413 1332 614 1388 Θώυματα
645 1334 688 1376 δὲ
723 1338 777 1388 γῆ
802 1335 937 1387 Λυδίη
969 1334 1009 1382 ἒς

356 1390 590 1446 συγγραφήν
603 1388 651 1432 ov'
663 1388 768 1443 μάλα
780 1391 855 1443 ἔχει
865 1408 900 1431 κ.
912 1408 943 1430 τ.
957 1391 1005 1442 λ.]

353 1450 497 1488 Mavult
525 1450 741 1486 Schaeserus
788 1450 826 1485 in
864 1448 1003 1486 Melett.

352 1507 445 1545 critt.
474 1506 491 1542 I
519 1519 555 1556 p.
576 1507 630 1546 73
658 1507 712 1556 γῆ
735 1502 764 1556 ἦ
784 1505 930 1555 Λυδίη.
949 1526 1005 1533 -—

355 1562 568 1613 Suspicatur
587 1562 789 1598 Creuzerus
799 1562 1002 1610 (Fragmm.

354 1618 439 1656 hist.
458 1631 494 1668 p.
517 1617 647 1666 170),
676 1618 732 1654 his
758 1617 846 1667 ipsis
884 1618 1002 1655 verbis

350 1674 580 1712 Herodotum
635 1677 796 1721 „notare
845 1673 1003 1711 voluisse

352 1726 538 1780 ἀκρισίαν
583 1729 718 1766 Xanthi
763 1730 1003 1779 similiumque

353 1787 590 1836 scriptorum,
616 1787 676 1834 qui
694 1786 730 1822 in
749 1786 856 1822 rebus
877 1787 1003 1835 patriis

354 1841 546 1881 narrandis
600 1841 801 1878 fabularum
849 1842 1004 1879 ludibria

353 1902 575 1948 aucupantes
609 1898 837 1948 popularium
864 1902 1004 1936 mentes

355 1957 544 1993 advertere
560 1956 749 1992 studerent
775 1958 812 1991 et
840 1955 1004 1992 miranda

354 2011 502 2062 quaevis
541 2010 589 2047 ad
621 2023 724 2047 suam
751 2011 822 2060 ipsi
849 2012 1003 2061 patriam

354 2067 578 2106 traherentf‘
602 2067 715 2110 Quod
739 2080 842 2104 secus
863 2068 1003 2105 videtur

354 2124 585 2163 Dahlmanno
615 2123 813 2172 (Herodot.
836 2137 873 2173 p.
890 2125 1003 2171 122),

355 2180 418 2230 qui
445 2180 535 2218 haec
570 2180 785 2217 documento
826 2193 908 2217 esse
940 2181 1002 2227 ait,

355 2236 546 2274 Herodoto
601 2248 750 2287 prorsus
797 2236 1003 2284 incognitos

354 2293 469 2331 suisse
489 2296 644 2342 quatuor
660 2291 796 2329 Xanthi
818 2292 928 2329 libros
946 2305 1004 2329 re-

356 2361 436 2386 rum
454 2348 674 2397 Lydiarum,
709 2348 866 2397 indeque
896 2349 1004 2385 etiam

356 2405 531 2442 mirabilia
549 2418 714 2454 quaeque
733 2405 770 2440 in
780 2404 921 2453 Lydiae
940 2417 1005 2440 na-

357 2462 458 2509 tura,
487 2474 509 2498 a
534 2461 681 2498 Xantho
707 2465 874 2499 enarrata
905 2460 1004 2496 illum

358 2518 486 2565 fugere
519 2518 699 2555 debuisse.
758 2517 924 2560 Quocum
948 2520 1005 2553 ta-

359 2586 442 2610 men
464 2574 551 2610 illud
578 2587 652 2611 non
681 2574 868 2622 congruit,
906 2573 1005 2622 quod

359 2628 586 2667 Herodotum
625 2631 700 2666 suis
738 2630 852 2680 ipsius
891 2629 1004 2666 oculis

357 2682 546 2732 Lydorum
565 2687 749 2735 regionem
765 2686 898 2724 vidisse
909 2698 1006 2723 eam-

361 2753 433 2788 que
449 2741 688 2791 perlustrasse
714 2743 889 2780 nonnulla
908 2743 1006 2780 evin-

364 2800 448 2832 cunt
495 2798 717 2845 testimonia,
766 2798 913 2836 collecta
959 2798 1005 2835 ab

364 2851 489 2900 Heyse
505 2854 655 2896 Quaest.
669 2856 846 2892 Herodot.
869 2855 884 2892 1
905 2856 1006 2905 p.89

1070 1011 1148 1049 seq.
1205 998 1279 1042 Qui
1296 998 1327 1035 si
1356 998 1436 1049 ipse
1460 1003 1593 1038 terram
1617 998 1718 1036 adie-

1070 1056 1138 1103 rit,
1166 1055 1293 1093 melius
1319 1056 1483 1105 profecto
1511 1055 1617 1092 huius
1646 1058 1719 1092 ter-

1071 1125 1134 1150 rae
1162 1110 1332 1149 miracula
1372 1116 1434 1149 aut
1470 1111 1541 1149 alia
1571 1111 1651 1147 visu
1684 1114 1721 1148 et

1070 1172 1218 1206 narratu
1245 1168 1356 1216 digna
1394 1169 1474 1219 ipse
1502 1179 1722 1216 cognoscere

1073 1227 1244 1276 poterat,
1273 1236 1380 1273 quam
1398 1228 1440 1261 ut
1468 1238 1487 1262 e
1504 1223 1639 1260 Xanthi
1657 1223 1722 1260 de-

1075 1294 1170 1319 mum
1192 1280 1290 1317 libris
1309 1292 1353 1317 ea
1369 1280 1596 1329 intelligeret.
1644 1279 1721 1316 Sed

1077 1351 1156 1376 eam
1173 1337 1290 1387 ipsam
1310 1337 1356 1372 ob
1367 1349 1510 1373 causam
1522 1340 1619 1373 certo
1634 1347 1720 1385 pro-

1075 1393 1240 1431 nuntiare
1267 1396 1412 1442 poterat
1443 1394 1490 1430 de
1517 1392 1621 1428 huius
1647 1395 1721 1427 ter-

1073 1462 1136 1487 rae
1168 1449 1274 1487 rebus
1316 1448 1628 1495 memorabilibus,
1672 1447 1719 1484 de

1072 1507 1203 1555 quibus
1240 1503 1299 1541 alii
1348 1505 1474 1541 forsan
1514 1509 1588 1541 tam
1629 1503 1719 1540 mira

1071 1561 1325 1612 praedixerant
1353 1561 1389 1596 in
1426 1560 1524 1597 libris
1553 1559 1719 1596 historia-

1071 1631 1149 1654 rum
1179 1615 1368 1665 evulgatis.
1409 1638 1465 1644 -—
1501 1615 1560 1654 De
1585 1614 1718 1653 Tmolo

1069 1679 1211 1721 monte,
1250 1673 1350 1710 cuius
1376 1672 1411 1709 in
1450 1685 1555 1721 seqq.
1583 1671 1719 1709 mentio

1070 1731 1133 1778 fit,
1161 1730 1218 1767 vix
1235 1730 1465 1766 monendum.
1496 1728 1537 1765 ln
1555 1741 1598 1766 eo
1615 1730 1720 1765 erant

1071 1786 1209 1824 Pactoli
1240 1785 1384 1823 auriferi
1418 1786 1549 1821 sontes.
1608 1783 1717 1821 conf.

1070 1843 1164 1879 infra
1184 1843 1229 1890 V,
1265 1844 1341 1883 101
1372 1841 1458 1889 ibiq.
1479 1843 1554 1877 not.
1611 1839 1719 1878 Nunc

1070 1912 1204 1937 nomen
1233 1898 1309 1935 eius
1338 1897 1374 1934 T
1378 1898 1470 1934 urcis
1499 1910 1582 1935 esse
1599 1897 1718 1936 serunt

1069 1956 1172 1995 Bouz
1184 1978 1201 1982 -
1214 1954 1301 2003 Dag
1318 1954 1394 1991 sive
1417 1953 1615 1991 Tomolitzi.

1123 2012 1170 2051 ἓν
1187 2009 1228 2051 δὲ
1247 2010 1361 2062 ἔργον
1370 2007 1518 2049 πολλόν
1537 2008 1718 2061 μέγιστον

1069 2067 1275 2120 παρέχεται
1292 2082 1327 2106 κ.
1350 2081 1381 2105 τ.
1401 2069 1449 2112 λ.]
1481 2066 1610 2104 Monet
1626 2065 1718 2102 Lar-

1070 2126 1196 2163 cherus
1226 2125 1272 2161 de
1310 2122 1474 2160 Clearehi
1509 2122 1718 2159 narratione

1071 2182 1169 2231 apud
1182 2179 1407 2217 Athenaeum
1419 2177 1519 2225 XIII,
1530 2178 1557 2218 4
1574 2191 1610 2227 p.
1623 2177 1718 2224 573,

1070 2237 1115 2283 A,
1146 2237 1290 2284 Gygem
1319 2235 1356 2271 in
1376 2234 1510 2284 pellicis
1533 2233 1719 2271 cuiusdam

1070 2293 1175 2330 valde
1193 2296 1332 2328 amatae
1352 2291 1561 2327 memoriam
1579 2294 1719 2327 exstru-

1071 2350 1166 2386 xisse
1194 2351 1465 2385 monumentum
1493 2351 1567 2383 tam
1595 2345 1718 2392 altum,

1070 2410 1111 2441 ut
1131 2418 1151 2442 e
1181 2405 1306 2453 quavis
1342 2405 1417 2440 sere
1445 2402 1586 2451 Lydiae
1614 2407 1719 2452 parte

1073 2461 1212 2498 incolae
1273 2460 1464 2510 adspicere
1524 2459 1718 2510 potuerint.

1071 2518 1194 2554 Hocce
1207 2521 1477 2553 monumentum
1497 2520 1621 2552 nostro
1641 2514 1720 2552 loco

1071 2574 1299 2610 Herodoteo·
1345 2573 1432 2621 quin
1480 2576 1718 2617 memoretur,

1072 2629 1205 2667 nullum
1228 2634 1286 2667 est
1311 2629 1480 2676 dubium,
1508 2629 1719 2678 praesertim

1073 2699 1149 2722 cum
1170 2699 1286 2736 prope
1306 2687 1338 2722 G
1344 2698 1499 2734 ygaeum
1516 2684 1629 2722 lacum
1647 2684 1719 2721 rui-

1073 2755 1139 2779 nas
1173 2742 1349 2791 quasdam
1377 2742 1480 2779 huius
1499 2740 1718 2779 monumenti

1074 2798 1314 2836 aChaudlero
1333 2799 1494 2836 detectas
1518 2811 1600 2836 esse
1618 2799 1718 2846 lega-

1075 2867 1178 2900 mus;
1240 2855 1312 2892 vid.
1346 2856 1422 2892 eius
1454 2854 1573 2893 ltincr.
1609 2853 1715 2891 Asiae
