1877 3223
417 244 473 283 78
819 238 1277 277 HERODOTI

417 384 440 401 „
453 355 520 406 γεῖ
545 352 808 405 κομισθῆναι
836 348 880 399 ἐς
907 346 953 391 τὸ
983 346 1103 402 ϊρόν·

1145 349 1188 391 οἵ
1217 347 1262 390 δέ
1300 358 1378 402 σφι
1415 345 1512 402 βόες
1539 345 1584 389 ἐκ
1613 348 1690 389 τοῦ

418 463 442 481 ‚‚
454 428 592 485 ἀγροῦ
619 428 671 471 ού
701 430 985 484 παρεγίνοντο
1015 426 1062 470 ἐν
1091 425 1201 482 ὥρῃ·
1233 425 1525 480 ἐκκληϊὸμενοι
1563 428 1609 470 δὲ
1638 429 1735 481 τῇ65

376 637 521 683 esset,“
559 635 669 671 verba
705 638 790 671 sunt
821 633 934 671 Servii
975 633 1023 670 ad

379 694 476 741 Virg.
499 693 637 739 Georg.
666 689 688 725 l.
709 689 731 727 l.
762 719 787 737 ‚‚
799 691 1022 727 sacerdotem

376 749 546 796 Argivum
587 746 715 782 iunctis
752 747 866 782 bobus
901 747 950 782 ire
976 746 1023 782 ad

376 804 510 853 templu
535 802 700 848 lunoniS,
729 805 765 837 et
791 802 942 838 solemni
964 803 1023 839 die

377 862 488 897 boxes
511 872 582 895 non
607 857 848 894 invenirentur
860 872 870 903 ς
884 879 939 885 ——
953 859 1024 895 duo

376 915 575 953 sacerdotis
608 914 668 950 filii
699 913 848 950 Cleobis
878 918 915 950 et
940 914 1024 950 Bito

378 977 527 1009 matrem
541 1001 550 1019 ‚
582 971 778 1007 subeuntes
800 969 948 1017 iugum,
978 970 1026 1005 ad

377 1029 511 1079 templa
532 1028 693 1064 duxere“
713 1030 781 1063 ete.
818 1025 899 1062 Nec
924 1025 1027 1062 aliter

377 1084 616 1122 Athenienses
647 1081 814 1119 mulieres
854 1083 902 1118 ad
931 1081 1027 1118 cele-

379 1142 519 1178 branda
546 1140 732 1177 Eleusinia
760 1138 920 1175 curribus
948 1137 1028 1175 vehi

377 1198 504 1234 solitas
522 1210 602 1233 esse
616 1209 635 1233 e
646 1194 767 1232 Schol.
784 1196 831 1231 ad
842 1193 1027 1244 Aristoph.

378 1254 471 1290 Plut.
514 1252 621 1293 1015
668 1255 818 1288 annotat
858 1250 1027 1298 Schwgh.

379 1310 503 1353 Quare
523 1310 642 1359 ipsum
664 1308 842 1344 Cadmum
870 1307 1030 1343 Harmo-

377 1366 547 1414 niamque
568 1364 770 1400 huiusmodi
799 1376 904 1400 curru
927 1362 1029 1399 bovi-

378 1422 445 1459 bus
465 1425 569 1458 vecto
600 1433 688 1456 usos
717 1432 802 1456 esse
835 1419 933 1455 haud
963 1418 1029 1454 mi-

379 1490 456 1514 rum
475 1477 617 1513 videtur
646 1474 855 1522 Musgravio
885 1475 932 1511 ad
953 1474 1029 1510 Eu-

378 1533 483 1583 ripid.
512 1531 644 1569 Bacch.
689 1532 820 1577 1331,
859 1535 899 1567 ut
927 1533 1030 1566 notat

382 1590 472 1636 Cin,
503 1589 564 1637 qui
594 1589 641 1625 de
670 1587 841 1637 Cydippe
877 1586 1030 1635 aliisque

380 1645 529 1682 'lunonis
576 1643 733 1692 Argivae
781 1643 1028 1680 sacerdotibus

380 1701 533 1738 conferri
551 1701 650 1737 iubet
666 1700 717 1738 H.
741 1699 862 1736 Vales.
887 1700 935 1735 ad
955 1699 1027 1735 Po-

379 1758 451 1806 lyb.
474 1757 658 1806 Excerptt.
676 1770 713 1806 p.
736 1757 772 1796 8.
793 1758 833 1796 9.
864 1754 1032 1804 Arguunt

380 1827 466 1851 vero
489 1813 592 1850 huius
612 1812 812 1849 sacerdotis
831 1824 958 1861 preces
983 1812 1031 1847 ad

380 1869 576 1914 Iunonem,
616 1880 697 1905 eam
733 1867 891 1905 elatioris
922 1867 1030 1904 aniini

381 1930 418 1963 et
441 1925 597 1963 cultioris
617 1924 754 1971 ingenii
773 1924 897 1960 fuisse.
935 1924 1032 1959 Hinc

381 1986 512 2033 sponte
544 1980 581 2015 in
607 1984 765 2016 mentem
798 1980 895 2016 venit
913 1979 1033 2016 Dioti-

382 2052 463 2075 inae
485 2038 521 2073 in
532 2035 704 2073 Platonic.
719 2036 890 2085 Sympos⁸
901 2048 938 2084 p.
950 2037 1031 2075 201

382 2109 418 2145 p.
439 2094 521 2135 425
542 2092 659 2129 Bokk.
683 2092 738 2128 cui
762 2104 902 2128 summa
920 2102 1034 2139 quae-

383 2151 436 2188 vis
478 2164 522 2187 eo
562 2148 639 2184 loco
678 2148 803 2184 tribuit
850 2148 1032 2193 Socrates,

383 2218 552 2256 quaeque
572 2204 704 2254 etipsa
726 2204 898 2241 sacerdos
919 2203 1033 2240 fuisse

384 2263 513 2300 dicitur
540 2261 639 2311 (vid.
674 2259 793 2297 Schol.
829 2260 865 2295 in
885 2258 1032 2296 Aristid.

384 2333 422 2370 p.
456 2321 533 2359 127
574 2318 629 2354 ed.
668 2316 900 2364 Fromme1);
937 2315 1034 2352 unde

384 2386 611 2422 consequens
634 2377 706 2420 est,
717 2377 863 2423 praeter
876 2371 1032 2422 ἑταίρας

385 2430 588 2468 nobilitatus
619 2433 686 2475 (ut
705 2443 735 2466 e.
763 2442 799 2477 g.
820 2428 1030 2479 Aspasiaui)

387 2493 422 2524 et
435 2486 683 2534 Pythagoreas
702 2485 851 2522 seminas
863 2514 874 2532 ‚
888 2485 1031 2522 tertium

386 2555 531 2591 quoquc
543 2554 658 2590 genus
678 2542 909 2578 eruditiorum
930 2540 1032 2577 serni-

386 2612 512 2635 narum
532 2599 565 2634 in
593 2598 744 2634 Graeci&
766 2598 899 2644 fuisse,
927 2596 1032 2632 nimi-

388 2667 464 2690 rum
486 2655 578 2691 inter
600 2667 661 2691 cas
675 2682 685 2700 ,
715 2666 808 2702 quae
821 2652 1032 2690 sacerdotiis

387 2712 633 2758 fungerentur.
719 2709 897 2759 Exposuit
944 2709 1033 2745 haec

390 2766 457 2803 Cr.
497 2767 531 2802 in
568 2767 733 2803 Censura
784 2766 882 2816 Opp.
933 2764 1033 2801 Frid.

389 2821 579 2871 Schlegelii
602 2824 635 2858 in
648 2821 786 2859 Annali.
799 2820 1033 2871 Heidelberg.

393 2879 498 2920 1825
530 2891 565 2929 p-
584 2880 662 2920 109
683 2891 787 2928 seqq.

1146 631 1187 672 οἷ
1209 629 1251 670 δέ
1271 641 1340 680 σφι
1359 625 1448 681 βόες
1467 628 1510 670 ἐκ
1521 631 1593 670 τοῦ
1614 625 1738 682 ἆγροῧ

1091 684 1139 727 οὔ
1159 688 1417 739 παρεγίνοντο
1449 686 1492 726 ἐν
1515 683 1621 740 ὥρῃ]
1663 686 1739 722 Ali-

1090 750 1145 782 ter
1169 746 1317 781 Servius
1340 744 1361 779 l.
1378 744 1412 790 l.,
1445 744 1605 792 quamvis
1620 743 1740 779 Hero-

1092 803 1216 838 dotum
1242 800 1456 837 narrationis
1495 805 1625 837 testem
1663 798 1740 834 lau-

1092 858 1203 893 dans:
1235 856 1477 906 „pestilentia
1501 856 1617 902 enim,
1647 867 1742 903 quae

1092 926 1159 963 per
1180 912 1357 959 Atticam,
1387 917 1426 949 ut
1446 912 1611 957 diximus,
1623 915 1743 947 trans-

1092 969 1205 1015 ierat,
1235 969 1402 1005 universa
1432 967 1742 1017 consumpseratf‘

1150 1019 1424 1073 ἐκκληιόμενοι
1454 1021 1496 1062 δὲ
1522 1026 1570 1077 τῇ
1597 1019 1680 1076 ω’ρῃ
1704 1020 1746 1060 οἵ

1094 1077 1277 1144 νεηνίαι]
1319 1079 1490 1116 Valcken.
1511 1064 1743 1116 c0'11iiciebat:

1095 1132 1411 1187 ε’κδυόμενοι
1441 1132 1493 1174 δὲ
1531 1136 1552 1171 i.
1581 1148 1613 1172 e.
1652 1137 1745 1171 veste

1091 1196 1233 1244 posita,
1291 1193 1477 1229 Ciceronis
1519 1191 1745 1242 potissimum

1095 1251 1214 1288 verbis
1243 1253 1464 1295 commotus,
1505 1247 1602 1297 apud
1638 1259 1745 1295 quem

1095 1307 1225 1343 haecce
1236 1305 1421 1354 leguntur:
1451 1303 1628 1351 „Iuvenes
1644 1304 1679 1340 hi
1690 1324 1744 1329 —

1095 1367 1196 1399 veste
1224 1362 1345 1411 posita
1375 1372 1527 1410 corpora
1557 1359 1636 1396 oleo
1661 1372 1744 1410 per-

1096 1422 1271 1454 unxerunt
1288 1447 1297 1463 ‚
1338 1418 1385 1453 ad
1423 1417 1544 1464 iugum
1581 1428 1746 1452 accesse-

1097 1479 1200 1510 runt:
1241 1474 1290 1510 ita
1322 1474 1493 1510 sacerdos
1529 1472 1682 1508 advecta
1709 1472 1746 1507 in

1095 1531 1258 1567 sunumf‘
1332 1530 1408 1566 Sed
1462 1523 1746 1579 ἔκκληϊόμενοι,

1096 1587 1195 1635 quod
1218 1586 1343 1635 optimi
1366 1598 1407 1622 ac
1427 1584 1567 1635 plurimi
1585 1584 1665 1621 libri
1685 1597 1747 1621 ex-

1096 1643 1220 1679 hibent
1238 1641 1374 1687 (nullus
1394 1641 1483 1678 liber
1497 1636 1746 1690 ἐκδυόμενοι,

1097 1699 1202 1749 pauci
1221 1692 1547 1747 ἐκκληϊζόμενοι),
1566 1702 1642 1733 est:
1663 1700 1748 1732 tem-

1093 1767 1177 1805 pore
1198 1754 1352 1799 exclusi,
1382 1754 1404 1789 i.
1426 1767 1456 1791 e.
1489 1757 1641 1800 urgente
1657 1756 1748 1789 tem-

1098 1823 1188 1861 pore
1207 1810 1375 1860 prohibiti
1388 1814 1598 1859 exspectare
1610 1810 1749 1846 iumen-

1097 1872 1214 1903 torinn
1246 1867 1462 1911 adventum,
1491 1865 1676 1914 coactique
1701 1864 1750 1901 ad

1099 1922 1270 1972 templum
1306 1934 1524 1972 properare,
1574 1925 1613 1957 ut
1657 1921 1750 1958 bene

1100 1978 1247 2028 exponit
1259 1978 1414 2026 Schwgh
1430 2007 1441 2024 ,
1458 1977 1608 2014 laudans
1621 1976 1748 2025 Polyb.

1100 2034 1227 2080 xvll,
1249 2035 1298 2081 8,
1327 2037 1353 2074 2
1390 2033 1469 2070 alia.
1528 2033 1629 2070 Bene
1658 2046 1750 2081 quo-

1099 2104 1171 2140 que
1184 2095 1302 2127 tuetur
1315 2089 1444 2126 Matth.
1456 2090 1520 2126 Gr.
1536 2089 1601 2125 Gr.
1614 2087 1749 2139 §.535‚

1100 2161 1119 2184 c
1140 2151 1215 2183 not.
1239 2147 1265 2186 3
1294 2159 1330 2195 p.
1354 2145 1460 2186 1052
1493 2147 1545 2182 sic
1584 2150 1747 2182 vertens:

1099 2231 1124 2250 „
1136 2216 1159 2238 (ι
1170 2201 1352 2251 facultate
1369 2200 1470 2237 aliud
1487 2200 1675 2249 quidquam
1678 2201 1747 2250 sa-

1100 2257 1213 2294 ciendi
1238 2257 1374 2293 exclusi
1404 2262 1440 2294 et
1465 2258 1618 2294 coacti.“
1674 2257 1749 2293 Eo-

1100 2315 1184 2351 dem
1210 2314 1320 2350 modo
1347 2309 1633 2352 ἀποκλείεσθαι
1660 2313 1749 2349 dici-

1100 2376 1182 2416 tur,
1232 2374 1401 2406 monente
1442 2369 1662 2418 wesseling.
1701 2369 1748 2405 ad

1097 2426 1250 2465 Diodor.
1270 2427 1300 2462 ll
1316 2456 1325 2471 ,
1347 2428 1399 2466 26
1413 2455 1422 2472 ,
1453 2439 1525 2474 quo
1552 2426 1632 2475 ipse
1661 2438 1748 2460 usus

1098 2496 1178 2519 sum
1196 2483 1243 2518 ad
1275 2482 1453 2518 Plutarch.
1476 2481 1587 2518 Alcib.
1620 2494 1656 2530 p.
1681 2484 1748 2522 79.

1099 2539 1146 2575 Et
1180 2538 1559 2590 συγκλείεσθαι
1594 2551 1613 2574 e
1646 2536 1748 2574 Mac-

1100 2596 1200 2631 cubb.
1225 2595 1276 2641 ll,
1305 2596 1330 2635 8
1349 2607 1400 2630 vs.
1422 2594 1485 2635 25.
1508 2597 1560 2634 26
1590 2593 1645 2629 hic
1671 2593 1748 2630 lau-

1100 2652 1162 2687 dnt
1183 2652 1344 2697 Comes,
1365 2650 1425 2699 qui
1457 2651 1551 2686 idem
1579 2648 1747 2686 Latinam

1101 2707 1314 2743 locutionem
1331 2710 1524 2755 („te111pore
1539 2705 1748 2751 exclusus-‘O

1101 2778 1121 2799 c
1141 2764 1287 2800 Caesar.
1311 2764 1351 2799 B.
1375 2763 1421 2799 Gr.
1444 2762 1507 2799 Vll
1522 2792 1532 2809 ,
1558 2765 1603 2802 11
1628 2766 1663 2799 et
1685 2761 1748 2797 Ci-

1100 2833 1168 2855 cer.
1201 2820 1303 2856 Orat.
1343 2819 1390 2855 ΙΙΙ
1405 2848 1414 2865 ,
1455 2819 1503 2859 15
1524 2818 1745 2867 comprobat.

1101 2875 1180 2913 Alia
1201 2889 1295 2914 nunc
1314 2874 1475 2914 consulto
1494 2874 1745 2926 praetermitti-
