1909 3228
441 228 527 268 652

441 334 568 389 κέρεα
598 333 837 390 φορέουσι,
887 334 1113 390 πεφυκότα
1153 335 1193 386 ἐξ

856 225 1325 265 HERODOT1

1233 334 1367 392 ἄκρης
1397 340 1471 391 τῆς
1500 339 1705 391 κεφαλῆς.

413 413 550 465 Ξτούς
577 413 796 457 θάπτουσι
836 412 1143 464 ἀποθανόντας
1177 413 1223 457 ἐν
1258 417 1319 469 τῷ
1359 416 1439 472 ἱρῷ
1469 418 1548 457 τοῦ
1575 414 1704 465 Διός·

441 491 602 536 τούτου
659 491 742 548 γάρ
801 504 938 548 σφεας
985 497 1065 536 τοῦ
1112 497 1222 536 θεοῦ
1269 494 1376 548 φασὶ
1417 491 1527 535 εἶναι
1568 493 1706 547 ἱρούς.

279 709 385 736 confici

317 576 384 622 75
433 571 553 614 ”an
584 571 629 615 δὲ
658 575 799 627 χῶρος
828 576 903 627 τῆς
936 569 1158 628 Ἀραβίης,
1207 571 1316 615 κατα
1349 575 1551 615 Βουτοῦν
1580 571 1709 615 πόλιν
1722 581 1764 613 10

110 640 154 668 Ex
181 641 291 668 Arabia
326 650 390 669 ser-

110 676 329 736 pc'nat'epeglaton
338 675 390 702 ad-

108 714 387 804 {ggsslffi'ggssa‘ffi}
441 732 548 780 θον,
606 729 941 786 πυνθανόμενος
987 731 1086 785 περὶ
1130 733 1221 773 τῶν
1267 733 1501 784 πτερωτῶν
1551 727 1705 785 ὀφίων.

109 814 186 838 8888.

447 647 632 704 μάλιστά
661 667 715 706 κη
744 652 961 706 κείμενος·
1021 652 1092 694 καὶ
1123 651 1165 702 ἐς
1201 655 1332 694 τοῦτο
1363 651 1411 694 τὸ
1443 651 1603 706 χωρίον
1632 645 1707 707 ἦλ-

414 803 712 864 Ξάπικόμενος
752 809 820 864 δὲ,
879 809 998 854 εἶδον
1036 808 1165 854 ὀστέα
1205 809 1346 866 ὀφίων
1382 809 1455 854 καὶ
1493 807 1704 861 ἀκάνθας,

386 1017 509 1065 signes
558 1017 748 1067 conspici,
789 1017 945 1056 intellexi
993 1031 1039 1056 ex

384 1073 552 1110 Minutoli
590 1074 702 1111 Reise
724 1078 794 1111 etc.
835 1088 919 1125 pag.
941 1077 1036 1116 387.

383 1129 466 1168 Nec
495 1134 617 1168 tamen
650 1144 763 1179 genus
791 1136 853 1168 aut
883 1132 1040 1182 speciem

385 1186 563 1224 bestiolae
585 1188 784 1224 accuratius
803 1188 941 1224 definiri
954 1202 1040 1239 pos-

385 1256 448 1290 se,
488 1245 670 1293 persuasit
704 1245 789 1281 mihi
822 1245 1035 1282 Reinhardt.

384 1298 408 1336 l.
428 1298 450 1336 l.
471 1312 557 1349 pag.
573 1301 639 1341 30.
659 1322 714 1327 —
743 1300 801 1337 Ad
818 1301 1037 1338 locutionem

385 1352 561 1408 μεγάθεϊ
581 1356 740 1408 σμικροί
758 1359 852 1394 conf.
884 1358 921 1404 I,
943 1358 1008 1399 51.

439 1409 533 1459 τοῦς
563 1409 766 1452 θάπτουσι
810 1409 1037 1452 αποθανόν-

382 1472 477 1515 τας]
509 1469 629 1517 Vulgo
655 1469 745 1506 haec
775 1470 918 1506 inverso
940 1471 1038 1506 ordi-

383 1537 431 1562 ne
444 1538 451 1562 :
463 1522 557 1571 τούς
569 1521 848 1571 ἀποθανόντας
860 1522 1037 1564 θάπτου-

384 1592 435 1619 σι.
492 1582 589 1618 Satis
618 1586 737 1619 autem
768 1586 931 1628 constat,
963 1594 1035 1618 non

384 1637 500 1674 solum
519 1638 554 1673 in
576 1638 790 1687 anaglyphis
804 1638 1036 1688 Aegyptiacis

380 1694 531 1743 reperiri
569 1699 757 1743 serpentes
786 1699 1038 1744 repraesenta-

382 1754 461 1796 tos,
483 1763 605 1786 verum
625 1752 733 1787 etiam
756 1751 837 1800 ipsa
859 1752 1037 1787 cadavera

381 1806 560 1843 medicata
587 1807 622 1842 in
655 1807 855 1856 hypogaeis
889 1811 924 1843 et
959 1820 1038 1853 cry-

380 1862 455 1913 ptis
492 1862 615 1909 (conf.
646 1876 740 1911 quae
772 1875 883 1912 supra
910 1862 1036 1898 lauda-

380 1919 496 1956 vimus
515 1919 563 1954 ad
587 1919 640 1966 ΙΙ,
659 1920 732 1967 67)
755 1923 907 1956 exstare.

436 1970 580 2014 τούτου
600 1970 675 2026 γάρ
698 1997 754 2002 -—
777 1971 879 2014 εἶναι
902 1971 1037 2025 ἱρούς]

380 2031 544 2081 Serpens
566 2032 746 2069 veteribus
773 2032 964 2082 Aegyptiis
995 2035 1035 2068 ut

382 2088 530 2125 omnino
550 2088 825 2125 immortalitatis
839 2116 850 2134 ‚
871 2089 920 2124 ita
940 2089 1034 2124 lovis

380 2145 609 2195 potissimum
627 2145 804 2182 Thebaici
833 2144 1034 2193 symbolum

382 2201 576 2251 eidemque
606 2206 854 2238 consecratum
890 2201 1033 2238 animal.

379 2256 521 2295 Indicat
544 2258 641 2295 enim
672 2271 806 2295 numen
837 2271 876 2294 se
912 2258 1031 2307 ipsum

380 2315 484 2362 quasi
536 2314 701 2352 revelans
745 2327 812 2365 per
851 2318 1032 2364 tempora,

379 2373 597 2421 tempusque
646 2371 733 2408 inde
771 2374 957 2408 aeternum
997 2374 1035 2408 et

381 2439 477 2475 quae
516 2428 586 2464 alia
624 2440 702 2465 cum
739 2427 808 2464 hoc
843 2427 1034 2464 coniuncta

381 2487 478 2520 sunt.
538 2483 647 2521 Plura
665 2484 796 2521 Creuz.
811 2483 847 2519 in
869 2482 1030 2532 Symbol.

379 2538 396 2575 Ι
414 2552 500 2590 pag.
520 2541 601 2581 507
625 2553 729 2590 seqq.
752 2540 833 2581 526
853 2552 930 2589 seq.

569 2623 675 2674 Cap.
704 2623 856 2661 LXXV.

436 2703 536 2745 κατοῖ
557 2710 736 2746 Βουτοῦν
764 2704 906 2758 πόλιν]
939 2706 1035 2744 Bato

381 2763 466 2799 urbs
491 2763 560 2799 alia
581 2764 638 2800 hic
657 2769 712 2801 est
735 2768 844 2813 atque
865 2764 946 2811 illa,
968 2777 1032 2800 cu-

384 2818 440 2854 ius
466 2819 600 2855 mentio
639 2819 697 2866 11,
732 2822 798 2861 63.
838 2820 904 2862 59.
941 2819 1031 2860 155·

383 2872 561 2911 Pertinuit
587 2875 635 2911 ad
651 2874 858 2926 Aegyptum
887 2876 1034 2913 inferio-

1106 1032 1193 1057 rem.
1252 1017 1359 1057 Nunc
1386 1019 1462 1056 eius
1489 1018 1526 1055 in
1556 1016 1635 1054 loco
1660 1016 1760 1054 inve-

1106 1077 1203 1113 nitur
1221 1077 1317 1113 vicus
1349 1074 1565 1112 El-Bneib.
1624 1073 1762 1110 Confer

1109 1132 1377 1170 Schlichthorst.
1403 1131 1425 1168 l.
1448 1131 1470 1168 l.
1498 1143 1583 1181 pag.
1603 1131 1669 1171 83.
1693 1129 1760 1170 84.

1165 1188 1255 1240 περὶ
1278 1190 1356 1226 τῶν
1375 1189 1586 1239 πτερωτῶν
1610 1181 1758 1235 ὀφίων]

1106 1246 1304 1295 Serpentes
1340 1244 1454 1281 alatos
1509 1243 1567 1280 alii
1615 1254 1762 1291 quoque

1108 1303 1302 1352 scriptores
1341 1305 1530 1337 noverunt.
1597 1299 1659 1335 Tu
1690 1299 1761 1335 vid.

1106 1359 1264 1395 Pausan.
1286 1357 1350 1404 lx,
1368 1361 1418 1398 21
1442 1362 1476 1394 et
1498 1355 1639 1393 Aelian.
1651 1354 1699 1392 N.
1717 1353 1760 1391 Α.

1106 1415 1160 1462 ΙΙ,
1180 1417 1256 1461 38,
1286 1414 1347 1450 ubi
1367 1413 1609 1450 Schneiderus
1637 1414 1761 1448 monet

1108 1484 1190 1508 esse
1229 1470 1379 1506 lacertas
1418 1469 1594 1512 volantes,
1636 1467 1762 1503 draco-

1103 1540 1161 1564 nes
1191 1527 1345 1562 volantes
1377 1524 1485 1561 Linn.
1553 1525 1635 1560 Huc
1668 1536 1762 1573 quo-

1105 1596 1176 1632 que
1195 1585 1354 1620 referunt
1374 1581 1475 1618 lesai.
1498 1580 1617 1626 XXX,
1639 1582 1678 1626 6,
1699 1580 1758 1616 ubi

1105 1639 1227 1688 seraph
1258 1638 1381 1675 volans
1413 1643 1652 1683 memoratur,
1684 1640 1759 1683 aut,

1106 1700 1144 1732 ut
1163 1696 1200 1731 iu
1231 1696 1408 1744 Septuag.
1433 1693 1585 1742 legitur:
1618 1691 1760 1743 ἔκγονα

1106 1747 1288 1789 τῖσπίδων
1307 1749 1543 1798 πετομένων.
1594 1749 1674 1785 Alia
1693 1749 1758 1784 ‹la-

1105 1808 1157 1844 bit
1176 1807 1342 1843 Bochart.
1365 1807 1568 1843 Hierozoie.
1589 1805 1619 1840 ll
1641 1804 1700 1840 lib.
1719 1806 1758 1851 3,

1109 1867 1161 1904 12
1183 1875 1270 1913 pag.
1292 1863 1385 1903 4253.
1415 1863 1454 1899 ln
1477 1862 1658 1899 Herodoti
1679 1859 1758 1897 loco

1105 1920 1234 1966 Miot.‚
1275 1919 1401 1955 Gallus
1439 1919 1530 1955 alter
1566 1919 1758 1966 interpres,

1105 1976 1258 2025 intelligi
1288 1975 1363 2012 vult
1397 1975 1554 2025 gryllum
1586 1976 1757 2023 migrato-

1105 2036 1218 2079 rz'um,
1263 2032 1324 2081 qui
1364 2031 1626 2082 Aegyptiorum
1665 2030 1757 2066 arvis

1101 2094 1176 2127 tam
1195 2089 1342 2126 nocivus
1359 2088 1414 2125 sit.
1452 2089 1510 2125 De
1529 2088 1670 2124 locustis
1687 2086 1757 2134 igi-

1103 2151 1162 2183 tur
1185 2145 1244 2182 ille
1272 2146 1427 2193 cogitat3
1458 2145 1493 2180 in
1521 2157 1593 2192 quo
1623 2144 1656 2181 ei
1688 2142 1757 2178 ob-

1101 2202 1260 2250 loquitur
1306 2201 1490 2237 Letronne
1530 2201 1566 2236 iu
1603 2210 1756 2236 censura

1101 2258 1279 2296 versionis
1289 2257 1465 2294 Herodot.
1479 2256 1612 2303 (Paris.
1627 2256 1754 2297 1823)

1100 2327 1186 2366 pag.
1211 2315 1282 2361 13,
1320 2326 1399 2349 curn
1419 2313 1487 2349 hoe
1508 2312 1652 2361 quidem
1678 2323 1755 2347 cer-

1101 2376 1178 2408 tum
1206 2371 1270 2417 sit,
1300 2369 1462 2406 volantes
1486 2373 1674 2418 serpentes
1693 2380 1754 2405 ve-

1101 2432 1216 2464 terum
1238 2426 1383 2463 minime
1403 2426 1450 2461 :ul
1469 2425 1604 2462 insecta
1617 2453 1628 2471 ‚
1658 2436 1752 2473 quae

1100 2487 1294 2527 vocantur,
1324 2482 1554 2532 pertinuisse.

1158 2534 1366 2587 ἀκάνθας]
1400 2538 1571 2586 intelligit
1591 2538 1710 2585 spinas
1726 2550 1754 2574 s.

1105 2609 1182 2632 ossa
1201 2595 1431 2645 serpentium.
1471 2594 1567 2630 Alias
1589 2588 1753 2643 α’κάνθη

1105 2653 1235 2689 dicitur
1258 2653 1359 2700 spina
1379 2651 1496 2697 dorsi,
1535 2655 1574 2687 ut
1600 2650 1662 2695 IV,
1686 2652 1752 2690 72.

1102 2707 1162 2745 Ad
1196 2714 1356 2745 nostrum
1387 2708 1502 2744 locum
1532 2708 1618 2744 facit
1643 2705 1751 2743 schol.

1102 2764 1270 2814 Apollon.
1310 2763 1432 2800 Rhod.
1463 2762 1531 2809 lv,
1565 2764 1663 2804 150:
1704 2758 1752 2800 toi

1102 2823 1181 2858 τῶν
1211 2816 1342 2871 ὀφέων
1369 2815 1470 2859 ὀστᾶ
1495 2815 1673 2858 ἄκανθαι
1693 2815 1752 2855 λε’-

1101 2890 1220 2928 γεται.
