1877 3223
311 515 377 562 25

140 579 280 613 Alyattae
297 589 377 610 mors

106 620 134 639 a.
153 614 214 641 560.
245 614 376 642 Glaucus

107 647 244 674 inventor
303 649 378 676 artis

106 680 335 711 ferrumiuandi.

428 236 484 276 62
831 235 1299 276 HERODOTI

426 348 548 400 θημα
575 343 756 400 χάλκεον
785 344 840 389 οὐ
871 344 977 402 μέγα
1015 344 1083 389 ἐπὶ
1126 343 1352 402 Ταινάρῳ,
1400 344 1468 389 ἐπὶ
1504 348 1706 404 δελφῖνος

425 422 564 467 ἔπεών
592 422 836 479 ἄνθρωπος.

1766 424 1818 463 12

536 501 761 558 Ἀλυάττης
799 503 845 547 δὲ
885 503 908 547 ὁ
938 503 1085 555 Λυδὸς
1112 504 1191 547 τὸν
1218 502 1328 558 πρὸς
1361 505 1602 559 Μιλησίους
1630 502 1753 547 πό-66

422 585 554 638 λεμον
585 582 814 633 διενείκας,
845 582 1064 637 μετέπειτα
1092 586 1290 639 τελευτᾷ,
1329 580 1588 638 βασιλεύσας
1616 582 1709 625 ἔτεα

400 659 528 704 eim&
559 660 630 704 καὶ
662 658 940 716 πεντήκοντα.
971 660 1156 717 ἀνέθηκε
1186 661 1255 713 δὲ,
1284 660 1488 717 ἐκφυγών
1507 658 1587 716 τήν
1607 664 1711 703 νοῦ-

425 751 504 783 σον
538 738 738 793 δεύτερος
768 734 896 791 οὗτος
931 744 1008 796 τῆς
1038 742 1175 796 οἰκίης
1211 740 1395 796 ταύτης,
1433 740 1475 791 ἐς
1504 737 1712 795 Δελφούς

422 817 616 873 κρητῆρά
645 834 688 861 τε
718 816 934 875 ἀργύρεον
961 819 1110 876 μέγαν,
1142 821 1215 864 καὶ
1249 818 1618 875 ὑποκρητηρίδιον
1649 827 1757 862 σι-7ο

379 958 476 995 unde
492 958 660 995 credibile
678 960 745 1004 est,
766 957 910 995 retineri
927 971 1035 994 vocu-

379 1013 452 1050 lam
483 1014 551 1050 hoc
581 1014 616 1050 in
641 1014 742 1050 libro.
779 1012 890 1064 Apud
918 1015 1035 1052 Gaisf.

379 1082 572 1120 operarum
616 1071 723 1118 vitio,
760 1075 800 1107 ut
831 1071 960 1120 opinor
981 1068 1038 1119 *)‚

380 1130 499 1165 exstat
542 1126 583 1166 οἰ
615 1140 682 1178 pro
736 1121 796 1165 οὕ.
852 1147 908 1154 -—
973 1125 1040 1165 ἐπὶ

385 1178 568 1236 Ταινάρῳ
634 1184 681 1220 de
747 1183 826 1220 loco
881 1184 1038 1234 accipio:

378 1241 415 1276 in
454 1237 631 1286 Taenaro,
671 1240 719 1275 ad
757 1239 930 1289 templum
961 1240 1038 1277 Ne-

376 1295 481 1345 ptuni
512 1295 580 1332 hoc
618 1296 655 1331 in
694 1296 943 1345 promontorio
979 1310 1040 1334 ex-

379 1354 562 1388 structum.
629 1351 737 1389 Conf.
784 1353 944 1390 Fischer.
990 1354 1039 1389 ad

378 1406 528 1444 W'eller.
552 1406 624 1452 111,
645 1407 667 1442 Ι)
697 1420 783 1456 pag.
803 1409 896 1449 236.
919 1409 1037 1457 Ipsius

378 1463 518 1499 donarii
554 1463 726 1500 admonet
760 1463 959 1500 Pausanias
990 1465 1037 1512 ll,

376 1519 453 1565 25,
483 1519 643 1568 itemque
670 1519 809 1556 Aelian.
840 1519 926 1557 Nat.
948 1519 1038 1557 Ani-

376 1575 471 1613 mall.
501 1575 591 1622 XII,
628 1575 693 1616 45.
730 1576 840 1613 Unde
867 1576 1038 1625 intelligi-

376 1644 456 1668 mus
504 1632 643 1667 donarii
681 1632 758 1668 basi
798 1632 886 1670 haee
928 1634 1037 1670 verba

378 1687 491 1724 fuisse
518 1687 716 1738 insculpta:

415 1738 648 1782 Ἀθανάτων
671 1747 892 1794 πομπαῖσιν
911 1740 1037 1796 Ἀρίο-

599 1815 671 1848 να,
703 1798 913 1848 Κύκλονος
930 1798 1037 1849 ὖιόν,

414 1852 458 1895 ἐκ
491 1857 661 1895 Σικελοῦ
686 1853 883 1908 πελάγους
911 1859 1037 1896 σῶσεν

603 1909 730 1962 ὄχημα
756 1910 859 1952 τόδε.

377 1965 488 2004 Aliud
518 1980 661 2005 carmen
679 1969 716 2005 in
736 1969 901 2018 Neptuni
921 1969 1039 2007 hono-

376 2036 453 2060 rem
479 2025 725 2074 conscriptum
753 2024 925 2062 Aelianus
953 2039 1038 2076 pro-

377 2080 449 2115 fert
473 2078 494 2114 l.
530 2079 573 2126 l.‚
602 2082 701 2128 quod
728 2081 879 2118 relatum
911 2087 967 2118 est
1002 2083 1040 2118 in

375 2134 732 2173 Brunck.A11alectt.
760 2137 806 2174 T.
834 2138 867 2174 ll
896 2151 932 2187 p
960 2137 1039 2178 154

377 2195 414 2228 et
451 2191 497 2227 ul
526 2204 562 2240 p.
595 2194 676 2233 327
710 2206 764 2230 nr.
792 2197 829 2235 2.
871 2194 1040 2241 (lacobs.

376 2246 648 2285 Animadv.erss
677 2249 695 2286 I
724 2249 766 2286 P.
792 2250 809 2286 l
842 2262 929 2300 pag.
959 2252 1038 2291 179

380 2303 492 2352 seq).

575 2387 607 2424 C
620 2398 686 2438 ap.
718 2387 835 2426 XXV.

436 2459 612 2516 ἀνέθηκε
635 2462 677 2504 δὲ
700 2463 898 2519 ἕκφυγων]
929 2468 1037 2505 Conf.

378 2534 492 2572 supra
520 2521 860 2569 l‚19.Adxerba
883 2538 1038 2574 sequen

376 2577 427 2614 tia
473 2574 725 2629 δεύτερος
765 2575 914 2627 οὗτος
945 2582 1038 2618 conf.

376 2633 448 2680 lv,
486 2633 540 2675 44
590 2639 626 2672 et
673 2635 802 2674 M1tth.
852 2638 917 2674 Gr.
973 2638 1038 2674 Gr.

379 2702 464 2740 pag.
494 2692 575 2731 877
608 2704 728 2741 supra.

1157 956 1225 997 καὶ
1247 956 1583 1010 ὑποκρητηρίδιον
1606 951 1758 1007 σιδήρε·

1105 1029 1153 1054 ον
1171 1011 1383 1063 κολλητόν]
1422 1013 1760 1064 ’ὑποκρητηρίδιον

1105 1075 1162 1109 est
1190 1073 1334 1106 crateris
1363 1069 1455 1106 basis
1473 1083 1501 1106 s.
1522 1069 1682 1115 fulcrum,
1706 1069 1761 1105 cui

1106 1132 1220 1164 crater
1240 1128 1463 1177 imponatur,
1503 1125 1653 1172 Gestell,
1687 1123 1763 1161 Un-

1106 1183 1280 1232 iergestell
1315 1185 1404 1219 eines
1443 1181 1597 1226 liniter,-
1646 1179 1762 1218 Galli:

1106 1253 1282 1290 soucoupe.
1329 1239 1471 1276 Eodem
1507 1250 1617 1276 sensu
1665 1237 1764 1287 apud

1105 1297 1324 1334 Pausaniam
1343 1295 1474 1343 legitur
1493 1294 1548 1342 X,
1577 1295 1627 1334 16
1655 1292 1691 1344 ἓ.
1717 1295 1762 1333 1;

1104 1348 1300 1402 ’ὑπόθημα
1335 1354 1405 1390 τοῦ
1433 1352 1650 1402 κρατῆρος,
1703 1349 1764 1385 ubi

1105 1408 1258 1445 Siebelis
1299 1420 1384 1457 pag.
1416 1411 1496 1449 207
1538 1420 1605 1444 nec
1647 1405 1764 1442 nostri

1104 1464 1171 1501 loci
1203 1465 1269 1500 fuit
1291 1464 1421 1500 oblitus
1451 1477 1518 1501 nec
1547 1464 1680 1510 Sigeae
1706 1461 1765 1497 in-

1105 1520 1312 1570 scriptionis
1359 1519 1530 1568 alterius,
1581 1519 1641 1555 ubi
1685 1522 1764 1555 est:

1104 1579 1285 1628 κρητῆρα
1337 1573 1380 1615 δὲ
1430 1575 1498 1616 καὶ
1534 1573 1766 1625 ὑποκρη-

1104 1629 1308 1683 τήριον,
1345 1645 1426 1669 cum
1458 1634 1496 1669 in
1524 1632 1637 1668 altera
1666 1631 1766 1666 ime—

1104 1689 1243 1726 niatur:
1292 1690 1470 1738 κρατῆρα
1512 1683 1766 1734 κάπίστατυν,

1104 1745 1165 1781 ubi
1190 1745 1284 1780 conf.
1306 1745 1479 1781 Chishull.
1511 1750 1548 1782 et
1570 1744 1600 1779 C
1604 1742 1766 1780 handler.

1104 1801 1285 1850 Inscriptt.
1333 1801 1438 1837 Attio.
1486 1813 1522 1850 p.
1574 1801 1627 1840 37
1687 1797 1766 1836 coll.

1104 1857 1264 1893 Boeckh.
1279 1856 1581 1893 Staatshaushalt.
1593 1855 1626 1891 ll
1637 1868 1672 1905 p.
1684 1856 1766 1896 301

1106 1918 1142 1949 et
1172 1913 1209 1948 in
1240 1913 1351 1962 Corp.
1394 1913 1574 1963 Inscriptt.
1617 1912 1768 1948 Graece.

1105 1968 1141 2014 l,
1174 1971 1196 2008 1
1229 1981 1315 2018 pag.
1343 1972 1409 2016 20,
1443 1970 1505 2005 ubi
1540 1969 1668 2005 Atticis
1699 1967 1770 2004 hoc

1106 2036 1217 2061 sensu
1234 2026 1401 2061 usitatius
1433 2039 1514 2063 esse
1535 2028 1660 2062 monet
1683 2022 1769 2062 ἐπί-

1108 2092 1269 2128 στατον,
1315 2078 1565 2128 ὑπόστατον,
1613 2073 1768 2119 ἐπιστά-

1105 2151 1198 2185 της,
1230 2134 1465 2187 ὑποστάτης.
1495 2137 1628 2174 Rarior
1643 2136 1768 2183 utique

1106 2192 1330 2240 Ionibusque
1358 2194 1504 2243 propria
1530 2193 1670 2229 videtur
1698 2203 1767 2228 xox

1107 2244 1429 2299 ὕποκρητήριον,
1470 2253 1552 2295 aut,
1595 2253 1635 2284 ut
1670 2248 1768 2298 apud

1106 2303 1339 2340 Herodotum
1380 2310 1463 2351 est,
1500 2303 1768 2356 ὖποκρητηρὶ·

1107 2359 1206 2398 διον.
1237 2359 1347 2409 Apud
1373 2362 1512 2398 Atticos
1541 2362 1652 2398 etiam
1685 2359 1767 2399 ἐπι·

1106 2417 1387 2466 κρητηρὶδιονς
1417 2418 1454 2453 in
1481 2417 1692 2465 Aeginetica
1710 2418 1766 2453 iu·

1107 2472 1303 2521 scriptione
1331 2478 1450 2510 exstat
1486 2469 1644 2525 βάθρον
1668 2470 1768 2511 ὕπο-

1105 2525 1333 2580 κρατήρων.
1359 2551 1414 2559 -
1435 2529 1602 2567 Proxime
1623 2530 1692 2566 huc
1711 2530 1769 2566 sa-

1107 2585 1225 2631 ciunt,
1266 2598 1360 2634 quae
1402 2587 1500 2636 apud
1541 2586 1768 2623 Athenaeum

1105 2639 1273 2687 leguntur
1297 2655 1339 2679 ex
1358 2642 1602 2690 Hegesandro
1627 2642 1681 2690 V,
1714 2640 1767 2682 13

1107 2697 1176 2745 (Τ.
1197 2697 1230 2734 Π
1254 2712 1290 2749 p.
1312 2700 1394 2740 309
1418 2698 1653 2747 Schweigh.),
1668 2697 1767 2748 apud

444 2767 481 2807 ''¹)
504 2767 603 2799 Extat
625 2774 736 2810 aperte
760 2770 844 2811 apud
872 2772 949 2802 Gais
953 2771 974 2803 f.
1009 2773 1078 2813 (ed.
1108 2774 1183 2815 Lips
1188 2780 1213 2807 .)
1236 2772 1349 2809 013.ln
1369 2778 1521 2808 nonnuliis
1550 2775 1763 2807 tantummodo

468 2816 762 2855 exemp11.1itterae
786 2828 808 2850 v
827 2819 981 2858 particula
999 2821 1086 2860 prelo
1105 2822 1268 2862 absumpta
1289 2833 1321 2853 es
1315 2827 1353 2860 -‚t

1390 2824 1435 2853 ita
1459 2827 1492 2853 ut
1515 2824 1616 2853 obiter
1643 2823 1766 2852 intuen-

471 2860 553 2892 tibus
571 2860 609 2894 οἰ
628 2862 727 2893 sideri
747 2865 847 2904 possit
866 2868 985 2896 extare.
1034 2867 1123 2899 Quod
1141 2877 1270 2906 moneo,
1295 2878 1334 2900 ne
1354 2879 1440 2910 pap
1424 2873 1544 2908 ‚agetur
1570 2869 1623 2898 ina
1650 2867 1766 2908 opinio.

1386 2912 1650 2956 ΤμμοτΙιοια.
