1909 3228
471 188 554 228 774

887 182 1359 220 HERODOTI

143 307 338 376 ιῑμιηιιᾶῑειξεωὶιιέ
356 314 423 368 ⁰an
481 295 526 338 δὲ
556 289 639 337 ὦδε
669 292 778 347 αὕτη
807 290 834 347 ἡ
865 292 1074 347 πυραμίς·
1122 289 1393 346 ἀναβαθμῶν
1427 291 1613 344 τρόπον,
1660 290 1736 341 τοὶς
1749 299 1792 330 10

157 352 191 370 iu:
228 351 244 369 Θ
313 350 318 366 2
341 350 394 369 118ss
406 349 423 367 '-

475 372 731 429 μετεξέτεροι
772 369 983 424 κρόσσας,
1045 372 1088 413 οἱ
1128 370 1172 413 δὲ
1211 371 1404 425 βωμίδας
1456 369 1732 424 ὀνομάζουσι.

446 450 684 506 Ξτοιαύτην
713 449 761 493 τό
793 454 967 503 πρῶτον
997 450 1087 492 ἐπεί
1123 465 1167 492 τε
1206 449 1416 503 ἐποίησαν
1454 447 1609 503 αὐτὴν,
1648 448 1736 504 ἤει-

475 546 557 584 ρον
586 529 690 580 τούς
728 529 978 579 ἐπιλοίπους
1015 530 1170 579 λίθους
1206 532 1419 584 μηχανῇσι
1459 527 1599 579 ξύλων
1629 530 1737 582 βρα-

474 608 583 664 χέων
612 609 944 664 πεποιημένῃσι·
991 606 1188 664 χαμάθεν
1226 608 1305 662 μὲν
1344 606 1412 650 ἐπὶ
1456 605 1534 649 τόν
1565 611 1738 661 πρῶτον
1753 614 1794 648 15

420 805 458 841 in
495 803 655 840 conclavi
697 802 871 854 superiori
911 803 1077 853 repertis,

422 860 524 907 aliis,
551 873 645 909 quae
673 860 795 898 omnia
819 860 1079 896 transscribere

422 917 572 965 longum
595 920 663 954 est.
721 917 817 953 Vide
848 930 994 965 quoque
1029 916 1078 952 sis

412 973 534 1010 Beck.
553 973 574 1010 l.
598 973 619 1010 l.
640 987 676 1023 p.
691 976 773 1014 712
803 977 839 1009 et
858 974 953 1009 adde
973 985 1080 1021 prae-

424 1029 530 1079 cipue
548 1034 732 1066 accuratas
755 1029 1019 1078 descriptiones
1041 1032 1078 1065 et

423 1086 670 1123 dimensiones
682 1087 870 1122 doctorum
881 1085 1079 1121 Gallorum:

424 1141 576 1179 Contolle
605 1143 820 1189 (observatt.
849 1155 909 1178 sur
939 1142 989 1178 les
1011 1155 1079 1191 py-

422 1200 580 1236 ramides
601 1199 647 1235 de
667 1198 785 1236 Gizeh
816 1200 904 1246 etc.)
943 1199 980 1234 in
1012 1198 1077 1235 de-

424 1256 548 1305 script.
583 1256 630 1292 de
655 1255 757 1303 l’Eg.
792 1255 898 1291 mem.
936 1255 1075 1303 antiqq.

423 1317 449 1347 t.
467 1312 498 1348 ll
529 1312 650 1359 (trois.
669 1311 821 1360 livrais.)
843 1325 878 1360 p.
897 1313 951 1352 39
973 1324 1075 1359 seqq.

423 1366 578 1405 Iomarcl.
609 1368 715 1416 (ibid.
743 1368 805 1405 t.l
830 1369 931 1404 trois.
947 1367 1077 1404 livrais.

421 1438 458 1474 p.
483 1424 564 1465 513
583 1437 685 1473 seqq.
717 1428 753 1461 et
781 1428 809 1461 t.
834 1424 868 1460 ΙΙ
898 1425 1080 1461 troisieme

424 1480 553 1518 livrais.
573 1494 610 1531 p.
629 1482 655 1521 3
677 1482 803 1530 seqq.)

605 1565 637 1602 c
650 1577 672 1601 a
686 1578 723 1615 p.
760 1564 910 1601 cxxv.

482 1645 553 1695 τοῖς
572 1647 807 1699 μετεξέτεροι
823 1644 1017 1699 κρόσσας,
1043 1646 1084 1687 οἱ

430 1702 472 1745 δὲ
493 1705 671 1756 βωμίδας
689 1700 945 1754 ὀνομάζουσι]
966 1699 1082 1752 κρόσ-

429 1773 500 1807 σας
519 1774 597 1798 cum
611 1761 813 1809 Schweigh.
839 1765 875 1797 et
895 1761 1080 1796 Gaisford.

430 1818 557 1867 scripsi
577 1830 643 1867 pro
665 1832 711 1866 κρ
727 1813 757 1854 ω’
771 1827 885 1863 σσας,
920 1830 999 1853 cum
1026 1816 1082 1852 in-

427 1876 484 1911 sra
520 1887 667 1922 quoque
696 1873 779 1910 Vll!
798 1901 809 1919 ,
846 1875 926 1913 188
965 1877 1082 1910 exstet

426 1925 686 1982 πρόκροσσαι,
707 1943 774 1967 nec
790 1929 893 1966 aliter
911 1942 981 1965 vox
994 1930 1082 1965 scri-

426 1992 491 2037 pta
512 1986 716 2023 inveniatur
746 1986 844 2036 apud
863 1986 1014 2023 Homer.
1038 1985 1081 2022 Il.

426 2043 521 2089 ΧΠ,
558 2043 652 2084 258.
684 2041 778 2083 444.
837 2042 880 2079 In
905 2055 977 2090 quo
1000 2042 1082 2079 loco

427 2103 532 2146 sunt,
576 2100 638 2148 qui
672 2094 840 2149 κρόσσας
873 2103 1082 2148 exponant:

429 2156 547 2193 scalas
582 2157 690 2192 muris
730 2154 986 2202 admovendas,
1026 2156 1083 2192 in-

429 2216 645 2259 strumenta,
681 2211 901 2261 ferramenta
929 2211 976 2248 acl
1004 2225 1081 2248 ma-

429 2283 485 2306 ros
514 2272 622 2319 apta3
671 2268 730 2304 alii
760 2269 911 2305 rectius:
944 2270 1084 2318 pinnas,

422 2324 693 2376 propugnacula
714 2326 959 2376 prominentia.
1017 2324 1084 2361 At-

428 2395 500 2432 que
529 2382 675 2430 Heynio
703 2394 849 2430 quoque
888 2381 1082 2428 (observv.

429 2443 455 2476 t.
479 2437 528 2475 VI
550 2452 585 2487 p.
604 2439 705 2486 319)
728 2441 809 2474 sunt
831 2438 966 2488 pinnae
986 2450 1083 2474 sum-

429 2507 524 2532 mam
543 2489 738 2540 ἐπάλξεως
761 2506 862 2530 oram
881 2494 1081 2543 cingentes.

432 2551 515 2588 Vid.
540 2550 708 2587 Eustath.
733 2555 770 2588 et
799 2550 908 2587 schol.
936 2551 984 2586 ad
1003 2550 1036 2586 h.
1059 2549 1081 2587 l.

430 2607 590 2655 Hesych.
609 2620 636 2643 s.
662 2620 694 2643 v.
734 2606 775 2643 In
802 2606 983 2643 Herodoti
1004 2606 1083 2643 loco

431 2659 595 2713 κρόσσαι
616 2667 699 2699 sunt
727 2662 961 2712 (exponente
976 2663 1084 2700 Wes-

433 2719 619 2768 selingio)
659 2720 888 2770 pyramidum
916 2719 1085 2769 quaedam

434 2777 654 2822 eminentiae,
670 2776 848 2824 graduum
857 2775 1014 2825 formam
1030 2788 1084 2812 re-

429 2835 687 2879 praesentantes
734 2846 798 2870 seu
837 2828 1086 2883 ἅναβαθμοί,

1145 814 1239 852 quos
1259 801 1316 839 aiii
1347 800 1525 852 βωμίδας
1545 801 1690 848 dicunt,
1720 802 1743 837 i.
1763 813 1796 838 e.

1144 859 1266 895 arulas
1296 861 1417 906 quasi,
1453 858 1599 907 gradus.
1658 857 1798 894 Hirtius

1145 915 1169 952 l.
1190 915 1211 952 l.
1235 928 1319 965 pag.
1336 915 1387 956 24
1411 915 1583 965 explicat:
1605 915 1713 963 „jede
1732 914 1799 950 Art

1145 972 1347 1019 Erhiihung
1365 972 1454 1008 oder
1464 972 1600 1008 Absatz
1620 972 1682 1007 mit
1697 971 1798 1008 einer

1146 1028 1392 1064 horizontalen
1420 1027 1575 1073 Flache,
1603 1048 1659 1053 -
1686 1027 1799 1063 daher

1145 1084 1288 1121 Altar.“
1340 1085 1439 1120 ldem
1458 1085 1580 1129 addit,
1615 1083 1660 1119 ab
1677 1084 1799 1119 Hero-

1146 1142 1233 1177 doto
1260 1141 1406 1177 minime
1429 1140 1485 1176 hic
1508 1140 1657 1176 indicari
1683 1139 1800 1175 mino-

1148 1211 1206 1234 res
1227 1197 1304 1234 illos
1318 1228 1327 1245 ‚
1359 1197 1421 1245 qui
1441 1197 1551 1233 hodie
1574 1196 1800 1246 conspician-

1144 1258 1216 1301 tur,
1238 1255 1372 1303 gradus
1390 1253 1474 1299 (bos
1500 1253 1594 1290 enim
1615 1254 1698 1289 ideo
1718 1257 1800 1289 tan-

1145 1315 1220 1347 tum
1241 1323 1429 1361 apparere,
1451 1310 1549 1359 quod
1565 1309 1704 1358 lapides
1725 1308 1800 1345 lae-

1146 1368 1279 1415 vigati,
1310 1367 1438 1415 quibus
1460 1366 1657 1416 pyramidis
1673 1377 1800 1415 super-

1148 1424 1246 1460 ficies
1275 1423 1494 1459 extrinsecus
1529 1422 1675 1458 obtecta
1708 1425 1799 1467 erat,

1149 1491 1171 1516 a
1209 1479 1371 1516 barbaris
1403 1478 1546 1515 saeculo
1586 1478 1800 1515 duodecimo

1148 1536 1219 1572 sint
1240 1535 1409 1583 abslati),
1441 1535 1507 1572 sed
1532 1535 1708 1580 maiores,
1738 1534 1801 1582 qui

1149 1591 1339 1628 altitudine
1378 1591 1506 1640 viginti
1545 1592 1705 1640 quinque
1735 1603 1801 1640 pe-

1150 1649 1236 1684 dum
1266 1653 1301 1684 et
1331 1648 1523 1683 latitudine
1544 1647 1710 1683 undecim
1733 1660 1799 1696 pe-

1150 1704 1236 1739 dum
1276 1703 1393 1740 adhuc
1431 1703 1468 1739 in
1504 1715 1577 1740 una
1611 1703 1802 1753 pyramide

1149 1763 1394 1809 compareant.

1204 1813 1342 1866 ἤειρον
1359 1835 1415 1843 —-
1435 1812 1748 1868 πεποιημένῃσι]
1778 1814 1801 1851 i.

1149 1885 1182 1909 e.
1204 1875 1242 1909 z'n
1264 1872 1375 1908 altum
1397 1872 1562 1908 tollebant
1579 1871 1729 1921 reliquos
1749 1871 1804 1908 la-

1144 1929 1245 1979 pides
1278 1929 1466 1975 machinis,
1506 1941 1592 1977 quae
1625 1941 1666 1964 ex
1689 1929 1804 1965 brevi-

1151 1986 1212 2022 bus
1237 1986 1347 2033 lignis
1371 1985 1550 2034 consectae
1577 1989 1686 2021 erant.
1744 1984 1804 2022 De

1150 2043 1310 2091 genitivo
1352 2038 1480 2089 ξύλων
1518 2043 1641 2078 monui
1679 2041 1726 2077 ad
1756 2040 1803 2087 11,

1154 2098 1245 2140 124.
1277 2120 1332 2126 -
1360 2095 1454 2143 τούς
1484 2096 1713 2142 ἐπιλοίπους
1750 2097 1805 2135 λί-

1151 2159 1255 2201 θους
1276 2155 1361 2192 dicit
1382 2154 1516 2205 politos
1542 2155 1630 2190 istos
1650 2154 1804 2204 lapideS‚

1152 2212 1283 2262 quibus
1314 2211 1480 2248 universa
1517 2211 1715 2260 pyramidis
1748 2223 1806 2247 su-

1151 2268 1314 2318 perficies
1335 2268 1384 2304 ita
1408 2272 1486 2304 erat
1497 2268 1652 2313 obtecta,
1673 2271 1710 2303 ut
1721 2279 1806 2315 gra-

1151 2326 1241 2371 dus,
1272 2337 1363 2373 quos
1390 2324 1500 2360 modo
1522 2324 1667 2360 dicebat
1685 2323 1806 2360 Hero-

1150 2382 1283 2427 dotus,
1324 2394 1397 2416 non
1435 2380 1588 2430 amplius
1616 2380 1804 2429 conspice-

1149 2443 1293 2484 rentur,
1333 2438 1398 2473 sed
1429 2441 1469 2473 ut
1499 2449 1667 2485 quaeque
1694 2449 1803 2486 pyra-

1149 2494 1257 2530 midis
1297 2494 1406 2530 facies
1445 2505 1553 2529 unum
1594 2494 1803 2529 continuum

1149 2555 1259 2598 atque
1285 2550 1386 2587 laeve
1415 2549 1561 2599 planum
1597 2549 1802 2586 inclinatum

1150 2608 1312 2643 referret.
1381 2606 1436 2642 lta
1475 2605 1677 2654 Schweigh.
1697 2634 1707 2652 ‚
1746 2605 1801 2641 cui

1151 2663 1236 2699 add.
1257 2663 1387 2711 Zo'ega
1407 2662 1453 2699 de
1470 2661 1632 2698 obeliscc.
1655 2660 1801 2711 p.403:

1151 2719 1295 2766 „Politi
1326 2718 1494 2768 lapides,
1534 2718 1592 2766 qui
1625 2717 1802 2754 frontibus

1152 2777 1201 2813 ad
1221 2775 1404 2824 obliquam
1424 2774 1554 2811 lineam
1577 2774 1697 2819 sectis,
1718 2772 1801 2809 olim

1154 2832 1266 2869 latera
1295 2831 1493 2882 pyramidis
1529 2829 1802 2867 convestiebant
