1909 3228
48 437 146 486 137

552 166 973 206 EUTERPE.
1027 167 1071 205 11.

1347 170 1428 208 801

175 277 454 318 ΤΟΙΟΥΊῺι
483 276 902 324 ΕΞΕΠΟΙΗΣΑΝ.
939 279 1099 321 τοῦτον
1128 275 1208 334 μὲν
1238 279 1431 320 τοσαῦτα

170 351 478 405 ἀποδέξασθαι.

166 510 366 563 Ἀνύσιος
405 512 590 567 πόλιος,
645 516 705 571 τῷ
745 510 917 567 οὕνομα
952 510 1133 554 ’Ἀνυσιν
1169 510 1292 555 εἶναι.

166 674 308 726 πολλῇ
352 670 570 723 Αἰθίοπάς
605 687 649 716 τε
686 671 758 715 καὶ
800 671 1021 725 Σαβακῶν
1068 669 1147 713 τόν
1190 669 1419 715 Αἰθιόπων
1475 682 1644 738 ζ’ξρυὲἰῇωη
1699 720 1751 746 ΡΨ

107 900 174 937 bus
208 900 283 938 sole
321 901 430 938 coctis
466 905 677 950 exstructa,
718 903 756 940 in

105 957 194 993 colle
216 957 373 1005 quodam
398 971 513 1008 prope
543 958 587 994 El
613 958 754 1005 Lahun,

105 1012 202 1049 haud
226 1014 277 1049 ita
297 1014 423 1063 procul
449 1016 494 1051 ab
513 1016 614 1051 initio
634 1016 755 1064 magni

105 1069 238 1105 canalis
259 1098 269 1115 ,
315 1071 377 1119 qui
416 1071 591 1108 deductus
625 1076 681 1109 est
707 1072 754 1108 ad

104 1124 270 1162 Medinat
288 1127 319 1163 el
340 1127 516 1176 Fayoum.
576 1128 754 1165 conferas

104 1182 327 1232 description
355 1184 401 1220 de
420 1184 586 1234 l'Egypt.
615 1185 754 1233 antiqq.

103 1238 236 1275 lis-tais.
263 1239 312 1276 111
343 1244 429 1276 tom.
457 1242 489 1277 ll
527 1241 629 1291 chap.
652 1241 755 1278 xx‘ll

106 1300 190 1331 sect.
218 1296 244 1335 3
273 1309 357 1345 pag.
384 1298 437 1337 23
465 1310 567 1346 seqq.
623 1298 753 1334 Ritter.

103 1351 294 1388 Erdkund.
316 1352 329 1387 1
360 1365 444 1401 pag.
466 1356 547 1394 796
569 1367 643 1401 seq.
675 1354 752 1390 coll.

103 1406 285 1444 Mannert.
304 1408 442 1456 Geogr.
462 1410 496 1445 d.
519 1410 583 1445 Gr.
598 1423 632 1445 u.
645 1409 752 1445 Rom.

102 1463 158 1509 X,
180 1466 201 1503 1
227 1476 311 1513 pag.
333 1463 426 1504 444.
444 1465 536 1505 467.
578 1464 664 1501 Aliis
688 1478 752 1501 au-

101 1523 174 1556 tem
197 1532 268 1556 una
289 1532 333 1557 ex
355 1521 396 1557 iis
417 1521 556 1558 videtur
577 1534 656 1558 esse
684 1535 752 1571 py-

101 1575 207 1613 ramis
223 1605 234 1623 ,
263 1589 357 1625 quae
374 1590 489 1627 prope
521 1578 634 1614 vicum
657 1577 753 1615 Das-

101 1632 168 1669 hur
186 1633 372 1670 meridiem
396 1646 520 1670 versus
548 1647 570 1671 a
588 1633 752 1684 Memphi

98 1689 340 1738 proficiscenti
367 1690 557 1739 adparent.
614 1690 752 1728 Videas

99 1744 193 1782 Hirt.
218 1744 240 1781 1.
263 1744 286 1782 l.
311 1758 397 1795 pag.
421 1749 483 1786 10.
510 1749 572 1786 11.

245 1830 276 1866 C
288 1841 308 1865 a
319 1841 356 1879 p.
392 1829 611 1866 CXXXVII.

156 1913 388 1964 βασιλεῦσαι
432 1908 558 1964 ἄνδρα
599 1910 753 1962 τυφλόν

100 1967 138 2016 ἒξ
189 1964 372 2014 Ἀνύσιος
419 1964 576 2019 πόλιος]
635 1967 752 2021 νόμος

96 2019 282 2071 Ἀνύσιος
317 2030 538 2062 memoratur
574 2027 666 2064 infra
702 2027 750 2074 ΙΙ,

102 2084 202 2127 166,
234 2081 293 2117 ubi
316 2082 401 2128 vid„
430 2082 556 2119 urbem
574 2086 751 2120 memorat

97 2138 305 2187 Stephanus
322 2137 475 2186 Byzant.
497 2152 525 2175 s.
547 2151 578 2175 v.
638 2139 750 2182 Quod

97 2198 219 2231 tamen
261 2194 296 2230 in
324 2193 427 2230 Iesai.
460 2194 589 2242 XXX,
620 2194 646 2236 4
675 2205 749 2249 οἷς

98 2249 270 2297 (Chanes)
307 2249 440 2287 hancce
476 2251 600 2288 urbem
635 2251 749 2289 latere

98 2307 300 2343 existimant
325 2335 336 2352 ,
374 2306 582 2356 obloquitur
610 2307 747 2344 Cham-

97 2362 184 2412 poll.
214 2362 383 2411 l'Egypt.
415 2376 498 2399 sous
529 2363 550 2399 l.
579 2364 682 2414 phar.
713 2364 747 2401 Π

97 2432 132 2468 p.
155 2421 254 2463 200,
294 2431 404 2466 quum
434 2419 561 2456 vocula
585 2417 748 2467 ’Ἀνυσις

98 2474 145 2510 nil
166 2474 261 2510 aliud
280 2474 325 2509 sit
344 2475 411 2511 nisi
431 2476 573 2523 „Anz'sz‘‚
590 2475 746 2525 Isz'aque,

99 2531 161 2579 qui
177 2532 375 2579 appartient
395 2532 415 2566 ἀ
437 2530 544 2568 Isz's.“
592 2532 746 2569 Indicari

98 2586 193 2623 enim
224 2599 304 2623 eam
334 2587 479 2634 urbem,
509 2600 602 2636 quae
627 2588 744 2625 Plinio

94 2641 296 2691 appellatur
343 2641 452 2679 Isidis
501 2644 660 2692 oppidum
710 2648 746 2682 et

95 2697 194 2734 Iseon
223 2698 410 2748 Stephano
431 2700 659 2747 ByzantinO,
683 2713 746 2737 ex-

95 2759 231 2791 structa
257 2768 300 2791 eo
342 2755 378 2790 in
408 2754 488 2791 loco
510 2784 521 2801 ,
562 2756 617 2791 cui
648 2769 745 2793 nunc

93 2823 226 2848 nomen
247 2809 406 2847 Balibab't
426 2810 630 2859 s.Balibe'2't,
647 2812 746 2850 haud

151 2865 359 2905 HERODOT.
391 2867 419 2904 I.

283 432 407 476 [Ἀετοὶ
438 433 483 476 δὲ
512 437 694 488 τοῦτον,
733 436 982 489 βασιλεῦσαι
1014 432 1156 486 ἄνδρα
1183 433 1352 488 τυφλὸν
1382 434 1425 486 ἐξ

1355 512 1424 556 ἐπὶ

1485 440 1609 473 Anysis,
1625 443 1661 469 nb
1679 451 1757 471 anno

1483 473 1548 500 1005
1558 474 1594 500 ad
1607 476 1681 511 100⁴,
1690 486 1755 504 cae-

1482 514 1549 546 ch:
1572 509 1664 541 [inter
1674 511 1756 546 Any-

1481 549 1530 566 ειη
1561 546 1591 568 et
1626 543 1755 571 Sabaeo-

1479 582 1549 600 m‘m
1588 575 1756 604 Herodotus

166 590 325 634 τούτου
371 590 678 647 βασιλεύοντος
732 590 882 634 ἐλάσαι
931 590 992 633 ἐπ’
1038 592 1262 646 Αἴγυπτον
1312 593 1753 669 χειρὶΞοηοημψψηῑιτςμ-

1475 649 1510 666 (1⁸
1535 650 1632 675 zpstus
1656 651 1692 669 ra
1710 653 1748 671 ιο»

822 901 947 952 procul
975 901 1021 937 ab
1048 901 1258 937 occidentali
1293 903 1370 951 ripa
1403 901 1477 939 Nili

823 957 1056 1003 Phatmetici,
1085 958 1145 994 ubi
1177 958 1369 994 etiamnum
1392 972 1478 995 cou-

824 1014 1022 1064 spiciantur
1051 1013 1233 1063 splendidi
1267 1014 1392 1064 templi
1415 1027 1478 1051 ru-

823 1071 921 1108 dera.
992 1070 1097 1113 Quae
1124 1070 1160 1106 in
1186 1070 1367 1120 propheta
1396 1071 1476 1108 He-

822 1128 933 1163 braeo
954 1133 1100 1163 vocatur
1121 1126 1205 1162 urbs
1227 1127 1355 1176 (quam
1377 1125 1475 1164 Tali-

822 1182 991 1232 liaplmess
1029 1182 1100 1230 legi
1132 1182 1244 1231 vult),
1284 1196 1363 1220 eam
1392 1196 1474 1221 esse

821 1239 992 1289 Daphnus
1030 1238 1262 1284 Pelusiacas,
1325 1240 1372 1276 de
1401 1252 1474 1288 qua

821 1296 891 1333 vid.
913 1308 1021 1346 supra
1042 1296 1097 1343 11,
1117 1296 1183 1336 30.
1235 1295 1315 1332 Vid.
1339 1295 1474 1332 Cham-

819 1352 905 1402 poll.
934 1352 956 1387 l.
978 1351 1000 1388 l.
1034 1351 1067 1388 11
1100 1365 1135 1401 p.
1162 1353 1227 1392 78.
1266 1352 1281 1387 1
1315 1365 1349 1401 p.
1375 1354 1471 1392 313.

819 1408 907 1444 Post
929 1421 1037 1457 quem
1067 1421 1088 1444 a
1118 1407 1180 1443 Cr.
1200 1407 1370 1444 laudatus
1396 1408 1473 1445 Ge-

820 1465 940 1501 senius
959 1464 995 1500 in
1024 1468 1229 1500 commentt.
1251 1463 1298 1499 ad
1324 1463 1428 1501 Iesai.
1446 1464 1470 1501 l.

819 1520 842 1557 1.
864 1533 952 1570 pag.
973 1521 1054 1560 863
1079 1533 1182 1568 seqq.
1228 1529 1299 1568 021]
1314 1549 1322 1565 ,
1346 1519 1472 1569 Aegy-

819 1577 934 1626 ptium
951 1589 1030 1613 esse
1050 1575 1149 1613 Hne‘s
1167 1576 1241 1613 sive
1252 1576 1374 1612 Elzmss
1386 1589 1471 1626 pro-

820 1633 985 1670 babiliter
1016 1633 1173 1679 statuit,
1223 1645 1295 1681 quo
1323 1635 1471 1670 nomine

820 1688 1079 1737 Heracleopolis
1099 1689 1178 1724 urbs
1197 1689 1317 1726 media
1338 1689 1374 1725 in
1394 1688 1470 1726 Ae-

820 1749 935 1794 gypto
956 1745 1187 1792 designetur,
1215 1758 1334 1793 neque
1360 1746 1469 1782 etiam

820 1801 1001 1837 Herodoti
1021 1797 1183 1846 ’Ἀνυσις
1205 1801 1385 1837 diversum
1415 1802 1469 1837 vi-

821 1858 898 1894 deri
917 1857 961 1893 ab
979 1856 1122 1903 Hanes,
1153 1857 1273 1906 prouti
1302 1861 1337 1894 et
1357 1856 1467 1894 lVes-

821 1913 988 1962 selingius
1007 1918 1046 1949 et
1055 1913 1223 1962 Vitringa
1241 1913 1377 1950 dudum
1393 1913 1469 1951 exi-

819 1970 1051 2007 stimaverint.

874 2026 1074 2076 Σαβακῶν
1119 2022 1189 2064 τὸν
1248 2021 1467 2063 Αἰθιόπων

818 2081 1002 2133 βασιλέα]
1034 2079 1100 2121 τὸν
1116 2095 1183 2132 pro
1200 2084 1279 2120 τῶν
1308 2095 1387 2118 cum
1408 2095 1469 2119 re-

816 2144 922 2176 centt.
947 2138 1031 2176 edd.
1060 2139 1272 2188 recepimus.
1331 2138 1467 2175 Similis

815 2195 975 2233 confusio
992 2195 1027 2231 in
1042 2195 1221 2231 Plutarchi
1237 2193 1464 2244 Philopoem.

819 2255 835 2291 1
852 2281 861 2299 ,
884 2252 943 2288 ubi
961 2251 1032 2288 vid.
1054 2256 1145 2288 nott.
1165 2264 1250 2301 pag.
1269 2250 1305 2291 5.
1352 2250 1465 2293 Quod

814 2309 861 2345 ad
883 2313 1134 2356 argumentum
1156 2307 1223 2344 loci
1246 2307 1384 2351 attinet,
1406 2307 1464 2343 vix

814 2376 879 2410 ea,
911 2377 1005 2413 quae
1032 2365 1242 2401 Herodotus
1271 2364 1317 2399 de
1346 2362 1464 2399 Saba-

816 2433 894 2456 cone
920 2425 1029 2469 atque
1060 2420 1295 2470 Aethiopibus
1324 2423 1462 2465 narrat,

814 2490 893 2513 cum
920 2476 1137 2525 reliquorum
1170 2476 1382 2525 scriptorum
1407 2479 1462 2511 te-

813 2533 987 2568 stimoniis
1004 2532 1182 2569 conciliari
1196 2535 1378 2581 poterunt,
1393 2531 1461 2567 ob-

814 2593 933 2625 stante
962 2593 1163 2638 temporum
1189 2587 1350 2634 ratione,
1387 2600 1460 2635 quo

812 2645 929 2681 minus
950 2650 1047 2681 certa
1077 2657 1221 2692 regum,
1258 2643 1321 2692 qui
1338 2642 1455 2692 Aegy-

813 2704 912 2749 ptum
935 2699 1017 2736 olim
1039 2701 1238 2746 tenuerint,
1270 2699 1465 2736 constitua-

813 2762 869 2792 tur
897 2757 1017 2793 series.
1076 2756 1133 2793 Ad
1168 2758 1358 2792 florentem
1388 2760 1463 2792 sta-

812 2817 887 2849 tum
921 2813 1023 2861 regui
1042 2842 1052 2860 ,
1100 2813 1198 2862 quod
1226 2811 1352 2849 Meroe
1382 2813 1462 2860 fuit,

1136 2869 1188 2908 51

1559 683 1682 704 trvuere
1706 678 1754 703 in<
