1909 3228
562 209 1078 251 EUTERPE.II.
1354 206 1434 247 591

1488 316 1518 357 lt?
1576 319 1765 348 simulacrum

1488 359 1551 380 eius
1561 353 1702 388 tingatur:
1716 362 1763 380 ca-

1491 387 1552 418 pris
1581 392 1610 414 et
1640 387 1766 414 maxime

1490 420 1581 447 hircis
1637 425 1766 455 quantus

1490 453 1569 488 apud
1594 453 1765 481 Mendesios

178 493 312 538 φουσι
342 483 384 525 οἷ
414 480 633 537 ζωγράφοι
663 481 734 523 καὶ
770 479 814 520 οἷ
851 476 1191 532 ἀγαλματοποιοὶ
1228 479 1308 518 τοῦ
1339 478 1432 517 Πα-
1488 486 1593 515 honor.

179 324 280 373 τούς
305 324 349 367 δὲ
380 322 490 367 ὀκτώ
521 322 652 373 θεοὺς
681 320 884 371 τούτους,
925 317 1164 373 προτέρους
1191 318 1280 359 τῶν
1316 313 1432 359 δυώ-

150 406 283 447 wem
315 408 435 445 θεῶν
466 414 574 458 φασι
603 402 815 457 γενέσθαι.
845 397 1068 454 γράφουσί
1085 413 1128 440 τε
1153 396 1204 452 δή
1236 396 1306 439 καὶ
1326 396 1459 450 witi—5

178 560 256 612 νος
279 560 482 617 τῶγαλμα
498 593 508 613 ,
537 559 728 612 κατάπερ
756 557 973 612 ΓΈλληνες,
1005 554 1337 611 αἰγοπρόσωπον
1363 553 1437 596 καὶ

178 641 488 695 τραγοσκελέα’
547 638 600 683 οὔ
633 656 673 682 τι
702 641 905 681 τοιοῦτον
934 638 1180 692 νομίζοντες
1208 632 1319 678 εἷναί
1347 648 1436 689 μιν,

150 717 285 762 adm?
317 717 472 774 ὁμοῖον
508 723 620 762 τοῖσι
665 717 832 760 ἄλλοισι
874 721 1031 759 θεοῖσι.
1091 714 1189 758 ὅτευ
1220 714 1266 758 δὲ
1295 714 1437 756 εἵνεκα

178 801 383 841 τοιοῦτον
399 795 623 853 γράφουσι
647 794 804 849 αὐτὸν,
836 794 891 839 οὔ
919 812 995 851 μοι
1022 793 1150 852 ἥδιόν
1174 795 1262 838 ἐστι
1288 792 1438 848 λέγειν.
1451 799 1494 833 10

121 1005 306 1043 contendit
335 1003 559 1054 Champollio
606 1004 627 1040 l'
639 1004 775 1054 Egypt.

124 1076 208 1100 sous
232 1061 253 1098 l.
276 1061 377 1111 phar.
401 1061 432 1096 ΙΙ
458 1073 542 1110 pag.
566 1063 664 1105 124,
697 1074 775 1097 cum

122 1131 255 1156 nomen
267 1118 487 1166 Aegyptium
505 1117 609 1154 fuerit
621 1117 775 1154 Schmun

126 1188 173 1212 an
186 1174 322 1210 Erman
345 1173 455 1219 (dela
479 1174 671 1221 grenade),
684 1175 775 1210 dua-

127 1232 193 1268 bus
213 1230 403 1281 postremis
419 1229 550 1266 voculis
574 1230 656 1266 ideo
673 1230 773 1267 adie-

123 1288 208 1334 ctis,
240 1287 369 1335 quibus
390 1286 474 1321 urbs
501 1286 678 1323 inferioris
700 1285 774 1323 Ae-

122 1344 225 1393 gypti
244 1343 525 1390 distingueretur
544 1343 589 1378 ab
603 1355 658 1387 ea,
680 1354 773 1390 quae

120 1402 156 1436 in
168 1399 287 1436 medio
301 1398 470 1447 Aegypto
483 1398 604 1434 fuerit:
620 1397 774 1434 Schmun

120 1454 275 1504 maguti,
314 1453 463 1490 Graecis
502 1466 596 1502 quae
644 1453 773 1490 dicitur

119 1509 350 1560 Hermopolis
372 1521 516 1557 magna.
559 1510 605 1545 Et
634 1522 772 1558 cogno-

120 1580 202 1605 men
213 1580 235 1604 a
246 1572 363 1603 terrae
374 1565 495 1602 indole
509 1566 666 1612 ductum,
678 1578 771 1614 quae

120 1623 278 1673 granatis
302 1622 498 1669 (Punicis)
528 1622 575 1658 sit
594 1622 772 1659 feracissi-

121 1693 190 1717 ma.
224 1680 314 1716 Utut
335 1683 402 1724 est,
426 1691 499 1714 non
515 1678 663 1714 multum
686 1679 770 1714 urbs

121 1741 258 1773 remota
279 1740 356 1772 erat
376 1747 397 1770 a
418 1734 633 1783 Diospolide
652 1735 772 1771 etBu-

122 1792 228 1828 siride
247 1791 410 1835 urbibus,
440 1790 602 1837 marique
623 1790 773 1838 propin-

122 1861 207 1897 qua,
227 1852 320 1883 teste
331 1846 513 1882 Strabone
525 1845 626 1881 XVll
641 1859 674 1894 p.
690 1848 772 1886 802

123 1918 150 1940 s.
174 1917 209 1953 p.
235 1902 364 1947 1154,
384 1900 427 1937 A.
456 1902 497 1937 B.
557 1901 666 1937 Nunc
694 1901 772 1937 loco

122 1972 253 1996 nomen
271 1959 426 1994 Aslmnun
444 1971 470 1994 s.
496 1957 670 2003 Oslemmi,
703 1957 774 1992 vid.

122 2015 388 2052 Schlichthorst.
426 2014 462 2050 in
495 2014 633 2061 Geogr.
666 2012 773 2049 Afric.

121 2072 301 2108 Hcrodot.
325 2085 360 2120 p.
383 2072 448 2117 73,
479 2068 774 2119 coll.Champoll.

122 2127 145 2165 l.
165 2127 187 2164 l.
209 2141 244 2177 p.
266 2129 357 2167 128.

172 2179 422 2235 γράφουσίτε
434 2178 483 2232 δή
497 2179 562 2220 καὶ
579 2177 776 2234 γλύφουσι

121 2255 155 2279 κ.
175 2256 205 2278 τ.
227 2238 280 2290 λ.]
311 2240 369 2275 Ad
394 2235 560 2290 γλυφειυ
584 2239 653 2274 vid.
683 2242 772 2273 nott.

124 2297 170 2333 ad
190 2296 243 2343 II,
265 2297 301 2337 4.
342 2295 431 2332 Inde
459 2296 676 2331 videbuntur
700 2306 774 2329 non

123 2354 292 2398 absurda,
318 2365 411 2401 quae
434 2352 618 2389 Gesnerus
638 2350 773 2387 adscri-

123 2409 195 2458 psit
226 2410 273 2444 ad
304 2408 338 2444 h.
369 2407 390 2444 l.
417 2408 451 2444 in
485 2406 775 2444 Chrestomathia

126 2464 267 2500 Graeca
305 2464 350 2500 ab
387 2464 467 2513 ipso
505 2464 603 2501 edita
642 2462 772 2511 (Lips.

128 2520 278 2565 1734),
307 2519 403 2555 cuius
423 2519 606 2568 exemplar
633 2522 689 2555 est
710 2531 775 2568 pe-

126 2588 190 2612 nes
212 2575 452 2612 Creuzerum:
492 2575 693 2621 „Debebat
720 2575 775 2610 di-

126 2645 207 2668 cere
236 2646 294 2681 γρ.
322 2629 387 2669 καὶ
410 2627 641 2682 γλύφουσιν.
699 2630 776 2667 Sed

126 2687 161 2723 in
179 2687 308 2724 talibus
326 2700 398 2723 non
420 2688 505 2723 satis
524 2686 677 2723 accurati
694 2691 776 2722 sunt

126 2743 341 2793 scriptores,
368 2743 465 2780 cuius
488 2743 631 2791 generis
651 2746 686 2779 et
705 2742 774 2779 alia

126 2799 288 2850 exempla
306 2800 573 2849 reperiuntur.‘.‘
608 2798 696 2834 Mox
715 2811 774 2835 ca-

125 2869 168 2893 ve
184 2861 300 2894 mutes
319 2853 573 2907 τραγοσκελέα
593 2855 653 2902 (ut
669 2854 774 2891 nimi-

843 1016 921 1040 rum
944 1016 1023 1040 cum
1055 1001 1279 1040 substantivo
1311 996 1494 1051 τῶγαλμα

843 1060 1068 1107 conveniat),
1098 1071 1178 1096 cum
1203 1058 1289 1094 illud
1315 1056 1495 1106 pertineat

843 1118 889 1153 ad
926 1113 1060 1162 Πανὸς
1073 1144 1084 1162 ,
1136 1113 1312 1151 structura
1343 1111 1493 1149 Graecis

843 1173 1076 1222 scriptoribus
1094 1171 1188 1207 haud
1209 1169 1362 1207 insolita.
1385 1168 1493 1205 Conf.

839 1228 970 1265 Matth.
997 1229 1062 1265 Gr.
1091 1228 1156 1264 Gr.
1186 1225 1222 1277 ἓ.
1249 1224 1330 1267 434
1352 1239 1387 1276 p·
1411 1226 1492 1265 810

841 1298 917 1334 seq.
939 1289 1013 1322 not.
1054 1284 1112 1322 De
1138 1283 1252 1320 Pam's
1272 1281 1492 1329 imaginibus

841 1341 990 1378 Graecis
1002 1341 1125 1378 confer
1137 1341 1184 1376 sis
1200 1337 1493 1376 ll'inckelmann.

839 1409 926 1446 opp.
949 1400 1035 1432 tom.
1048 1396 1098 1431 IV
1115 1410 1150 1444 p.
1162 1397 1227 1436 79.
1247 1395 1309 1440 Vl,
1324 1397 1349 1434 2
1360 1407 1396 1443 p.
1411 1394 1489 1433 231

840 1453 898 1489 ed.
919 1452 1052 1489 Dresd.
1086 1451 1116 1487 C
1123 1464 1149 1488 r.
1171 1452 1310 1487 confert
1329 1451 1390 1486 the
1403 1449 1495 1486 clas-

840 1508 902 1545 sic.
917 1506 1078 1544 Journal.
1095 1507 1166 1544 vol.
1182 1507 1215 1543 V
1233 1521 1269 1557 p.
1292 1505 1374 1546 408
1387 1518 1464 1554 seq.

897 1588 946 1631 οὕ
964 1607 1000 1629 τι
1018 1593 1198 1630 τοιοῦτον
1209 1590 1433 1641 νομίζοντες
1445 1584 1495 1627 εἶ-

839 1648 908 1687 ναί
930 1664 1011 1699 μιν,
1034 1643 1121 1686 ἄλλ’
1142 1645 1281 1696 ὁμοῖον
1303 1650 1403 1684 τοῖσι
1422 1642 1494 1683 ἕέλ-

841 1707 944 1744 λοισι
972 1702 1127 1754 θεοῖσι]
1159 1704 1261 1741 Haec
1290 1703 1340 1739 ita
1361 1702 1494 1740 intelli-

840 1775 908 1809 go,
948 1765 987 1797 ut
1012 1760 1183 1809 Aegyptii
1216 1759 1317 1795 Pana
1347 1758 1492 1795 minime

840 1817 950 1853 talem
971 1817 1078 1853 deum
1106 1815 1403 1861 existimaverint,
1434 1815 1491 1850 fa-

840 1874 892 1909 cie
913 1872 1059 1921 caprina
1078 1871 1235 1919 hircique
1256 1871 1410 1920 pedibus
1436 1870 1492 1906 in-

843 1932 1038 1974 structum,
1068 1928 1132 1964 sed
1162 1925 1311 1962 similem
1338 1926 1493 1963 eundem

841 1983 986 2032 reliquis
1026 1983 1093 2020 diis
1128 1982 1494 2031 repraesentaverint,

842 2054 932 2089 quos
952 2039 1085 2076 scilicet
1110 2038 1315 2075 animalium
1330 2038 1493 2087 partibus

843 2100 990 2132 ornatos
1010 2095 1267 2144 conspicimus,
1296 2099 1334 2130 ut
1362 2093 1494 2131 Isidem

843 2151 992 2189 buculae
1021 2151 1201 2197 cornibus,
1226 2150 1347 2187 Iovem
1371 2150 1493 2187 arietis

844 2208 961 2258 capite
981 2208 1207 2257 praeditum,
1239 2206 1327 2243 alios
1346 2205 1422 2242 aliis
1439 2210 1495 2243 at-

843 2264 994 2301 tributis.
1026 2265 1182 2300 Causam
1199 2263 1309 2299 moris
1323 2262 1494 2298 Herodo-

842 2325 879 2357 to
909 2321 1025 2366 bene‚
1056 2325 1095 2356 ut
1124 2320 1290 2368 equidem
1316 2319 1492 2366 existimo,

843 2377 1024 2425 cognitam
1065 2389 1132 2412 nec
1162 2381 1284 2412 tamen
1316 2374 1493 2425 prolatam

843 2433 1026 2480 religionis
1070 2433 1210 2481 gratia,
1258 2431 1491 2468 indicavimus

841 2501 960 2540 supra.

899 2569 949 2612 οὕ
971 2586 1038 2622 μοι
1057 2566 1176 2621 ἥδιόν
1198 2569 1277 2610 ἔστι
1296 2569 1446 2623 λέγειν]
1468 2572 1492 2609 ἰ.

845 2643 875 2666 e.
908 2628 1002 2664 haud
1038 2628 1124 2665 milei
1163 2627 1279 2674 lubet,
1325 2630 1490 2665 convenit.

843 2686 949 2722 Conf.
967 2689 1058 2721 nott.
1081 2685 1129 2721 ad
1146 2684 1198 2731 H,
1220 2686 1273 2724 46
1296 2685 1333 2720 in
1350 2684 1411 2721 fin.
1450 2684 1492 2721 In

841 2741 1085 2790 comparativo
1116 2741 1266 2789 insignis
1295 2739 1409 2777 elucet
1428 2753 1493 2790 po-

841 2797 1086 2894 sitivi52radus
1113 2796 1176 2834 vis.
1223 2797 1328 2834 Conf.
1357 2796 1488 2834 Matth.

839 2867 876 2904 p.
895 2856 920 2895 8
980 2881 988 2890 .
