1909 3228
450 201 534 239 710

865 194 1334 233 HERODOTI

452 306 628 362 ὀρύξαι,
657 310 733 360 τῆς
757 303 784 360 ἡ
810 304 1013 358 περίοδος
1042 303 1159 347 ὅσων
1189 303 1277 346 ἐστὶ
1307 304 1492 346 σταδίων
1521 302 1708 357 ὕστερον

454 384 650 442 δηλώσω·
699 385 946 439 πυραμίδας
977 399 1021 425 τε
1049 382 1096 426 ἐν
1126 380 1235 438 αὐτῇ
1267 383 1574 437 οἰκοδομῆσαι,
1622 387 1709 425 τῶν

453 467 534 507 τοῦ
563 461 776 517 μεγάθεος
805 461 904 517 πέρι,
942 461 1054 518 ὁμοῦ
1093 460 1202 519 αὐτῇ
1239 464 1292 517 τῇ
1320 461 1448 518 λίμνῃ
1479 460 1708 517 ἐπιμνήσο-

399 703 482 739 dem
512 702 557 738 ab
588 701 669 752 ipsa
707 703 799 739 aede
823 731 834 748 ‚
872 702 909 737 in
941 713 1050 750 quam

398 758 587 795 introituro
607 759 730 807 utique
748 758 836 795 haec
851 757 1051 807 propylaea

399 818 502 852 eraut
525 815 758 864 permeauda.
817 814 1051 851 luveniuutur

399 871 601 907 istiusmodi
620 871 733 907 moles
755 871 912 907 crebrius
931 868 1051 907 inAe-

400 931 546 977 gypto,
599 929 716 976 ipsam
749 928 876 963 aedem
916 940 944 962 s.
980 923 1050 964 τὸν

399 979 496 1032 νηὸν
517 985 621 1032 quasi
640 984 848 1031 cingentes3
878 995 990 1030 quare
1014 986 1051 1019 et

400 1039 457 1076 hic
490 1044 525 1076 et
547 1053 650 1088 seqq.
671 1053 800 1089 capp.‚
842 1039 926 1086 ubi,
957 1051 1051 1087 quae

399 1096 445 1132 ab
471 1095 547 1133 aliis
578 1095 727 1133 Vulcani
763 1095 898 1145 templo
927 1095 1053 1131 addita

401 1152 535 1188 suerint
569 1152 797 1202 propylaea,
842 1156 1054 1189 enarrantur

401 1209 464 1255 (cf.
498 1208 551 1256 11,
583 1210 636 1250 99
666 1208 769 1256 siu),
807 1208 1055 1255 intelliguntur

401 1294 425 1312 ,‚
447 1265 512 1300 des
560 1267 823 1301 consu-actions
876 1264 1054 1314 indepen-

401 1322 531 1357 dantes
560 1321 609 1357 du
643 1321 777 1371 temple
813 1321 949 1367 meme,
981 1320 1054 1357 ele-

401 1376 486 1413 vees
520 1378 611 1413 dans
647 1378 711 1414 des
752 1377 933 1427 positions
970 1381 1052 1413 tous

401 1433 612 1470 differentes
640 1446 706 1482 par
745 1436 898 1483 rapport
934 1433 955 1468 a
996 1436 1052 1469 cet

402 1489 529 1526 edisice
552 1518 562 1536 ‚
602 1488 744 1539 placees
778 1503 823 1526 au
854 1489 946 1524 nord
973 1517 984 1535 ‚
1031 1489 1054 1524 {t
1080 1509 1088 1514 -

402 1544 483 1581 l'est
506 1573 516 1591 ‚
553 1558 598 1581 au
631 1546 724 1591 sud,
765 1546 785 1581 Ξι
817 1545 947 1582 l'ouest
968 1573 978 1591 ‚
1015 1547 1053 1580 et

402 1601 541 1649 erigees
561 1602 583 1637 ἐι
596 1601 660 1638 des
684 1602 844 1651 epoques
871 1602 944 1637 tres
966 1600 1054 1637 eloi-

403 1659 516 1705 gnees
543 1657 595 1694 les
618 1671 706 1694 unes
731 1658 795 1694 des
823 1661 964 1701 autres3
1009 1668 1054 1693 en

404 1717 499 1750 sorte
517 1726 588 1762 que
604 1717 683 1749 tous
703 1713 754 1750 les
775 1713 941 1759 edifices,
965 1713 1056 1749 dont

405 1783 444 1806 se
462 1770 663 1819 composuit
684 1768 716 1806 le
744 1769 880 1819 temple
902 1770 949 1805 de
968 1768 1057 1804 Vul-

404 1826 483 1862 cain
501 1855 512 1872 ‚
554 1825 692 1862 elevees
743 1825 1057 1869 successivement,

404 1882 548 1918 avoient
558 1882 713 1918 coexiste
725 1882 808 1918 bien
829 1881 1055 1930 long-temps

404 1939 509 1988 apres
535 1937 569 1974 la
597 1938 839 1975 construction
862 1938 910 1974 du
935 1949 1056 1985 noyau

405 1995 452 2030 de
480 2007 520 2031 66
555 1995 674 2042 grand
709 1994 944 2031 ensemble.“
1000 1994 1055 2030 lta

403 2050 592 2086 Letronne
614 2050 842 2097 (recherches
861 2063 954 2100 pour
980 2063 1054 2087 ser-

405 2106 457 2142 vir
477 2106 679 2144 al'histoire
699 2107 745 2144 de
758 2107 915 2157 l'Egypt.
939 2107 1054 2143 Paris.

409 2164 516 2203 1823
543 2176 577 2212 p.
603 2165 656 2204 26
678 2176 754 2212 seq.
785 2163 865 2200 6011.
897 2163 1054 2199 Iomard.

405 2219 441 2254 iu
466 2219 609 2266 journal
642 2219 706 2256 des
730 2221 815 2256 Sav.
838 2221 945 2260 1818
978 2218 1055 2255 Mai

406 2288 441 2324 p.
463 2275 584 2322 305),
614 2275 708 2312 bene
727 2289 879 2312 monens
912 2277 958 2312 de
987 2275 1055 2312 hoc

407 2332 654 2368 aedificiorum
687 2345 821 2380 genere
848 2345 869 2369 a
906 2332 1057 2369 Graecis

406 2387 548 2436 templis
567 2387 684 2425 alieno
695 2389 959 2438 Aegyptiisque
975 2401 1060 2438 pro-

406 2443 502 2492 prio,
534 2445 632 2492 quod
652 2444 835 2481 introitum
847 2446 992 2494 quidem
1013 2445 1060 2481 ad

408 2499 504 2547 ipsas
539 2501 651 2537 aedes
689 2502 868 2550 praebere
903 2505 1059 2551 poterat.

409 2557 515 2597 Quae
532 2556 665 2592 Strabo
694 2557 785 2594 hanc
812 2558 848 2594 in
874 2571 950 2594 rem
973 2570 1059 2608 pro-

409 2611 501 2657 fert,
531 2612 577 2648 ab
607 2613 736 2650 eodem
762 2614 838 2650 viro
859 2614 967 2651 docto
987 2615 1057 2650 iam

410 2671 493 2702 suut
527 2667 659 2714 allat‘a3
708 2669 775 2706 hoc
815 2671 984 2718 equidem
1016 2682 1060 2707 ex

412 2721 477 2757 Cr.
514 2728 601 2759 nota
629 2725 677 2761 ad
705 2725 801 2762 hunc
822 2726 889 2763 loc.
911 2727 1058 2772 addam,

411 2778 602 2815 etiamnum
619 2793 810 2830 superesse
830 2782 957 2819 horum
977 2796 1061 2832 pro·

412 2833 617 2882 mineorum
647 2837 778 2874 rudera
805 2838 997 2888 splendida
1026 2843 1062 2876 et

1119 702 1263 752 ampla,
1304 701 1426 751 qualia
1453 701 1491 737 in
1524 701 1770 751 descriptione

1118 758 1421 808 Aegyptiacorum
1461 758 1714 807 antiquitatum
1749 770 1771 794 a

1119 816 1233 851 doctis
1253 815 1365 851 Gallis
1386 815 1483 851 edita
1499 818 1772 864 repraesentata

1119 872 1296 908 videmus.
1354 871 1402 907 Et
1423 872 1516 907 hunc
1543 884 1680 907 morem
1713 882 1770 907 re-

1119 941 1207 977 gum
1239 928 1527 977 Aegyptiorum,
1565 940 1637 976 quo
1675 927 1771 963 ducti

1120 984 1253 1032 singuli
1286 985 1456 1033 deinceps
1487 997 1552 1033 per
1581 983 1771 1020 decursum

1119 1041 1292 1090 temporis
1340 1041 1523 1077 veteribus
1585 1040 1772 1085 aedificiis,

1119 1097 1263 1146 templis
1285 1127 1296 1145 ,
1335 1109 1430 1132 nova
1467 1100 1681 1132 ornamenta
1708 1095 1773 1130 ad-

1121 1154 1258 1190 debant
1274 1156 1335 1190 aut
1362 1152 1422 1189 illa
1450 1151 1624 1201 ampliora
1641 1151 1775 1188 redde-

1120 1210 1212 1246 bant
1251 1209 1587 1258 (quemadmodum
1627 1208 1664 1244 in
1707 1207 1775 1244 hoc

1121 1266 1200 1315 ipso
1217 1265 1367 1302 Vulcani
1388 1264 1524 1314 templo
1538 1264 1775 1315 Memphitico

1120 1324 1253 1359 factum
1278 1322 1505 1371 accepimus;
1535 1322 1578 1358 cf.
1607 1320 1662 1367 11,
1684 1321 1774 1360 108.

1123 1381 1215 1418 110.
1246 1381 1334 1419 121.
1360 1377 1449 1418 153.
1482 1377 1593 1424 175),
1625 1377 1775 1425 egregie

1121 1434 1377 1470 confirmarunt
1433 1433 1593 1470 editores
1654 1432 1775 1481 operis

1122 1490 1231 1527 modo
1264 1489 1400 1525 laudati
1430 1489 1500 1525 vol.
1522 1489 1553 1524 11
1585 1488 1775 1535 (Thebes)

1121 1559 1208 1596 pag.
1230 1547 1310 1587 203
1340 1558 1407 1591 00,
1438 1546 1539 1595 quod
1571 1545 1606 1581 iu
1641 1544 1776 1595 palatio

1122 1615 1238 1652 prope
1260 1601 1428 1647 Luksor‚
1469 1601 1632 1638 orientali
1664 1601 1700 1637 in
1724 1601 1778 1638 la-

1123 1664 1200 1695 tere
1222 1658 1296 1695 Nili
1317 1688 1327 1705 ‚
1366 1657 1525 1705 singulas
1552 1662 1675 1707 partes
1701 1658 1776 1695 eius

1124 1714 1277 1751 aedificii
1304 1714 1453 1751 diversis
1474 1714 1650 1750 aetatibus
1673 1714 1777 1750 dein-

1125 1784 1210 1820 ceps
1232 1771 1395 1806 conditas
1416 1783 1498 1807 esse
1517 1774 1776 1806 monstrarunt.

1124 1827 1230 1863 Haec
1251 1827 1441 1863 sufficiant.
1500 1825 1559 1863 De
1579 1825 1779 1863 Athenien-

1127 1883 1218 1919 sium
1268 1882 1477 1932 propylaeis
1532 1884 1779 1929 conserantur,

1125 1952 1220 1987 quae
1239 1939 1325 1976 citat
1338 1939 1542 1976 Creuzerus
1562 1939 1598 1975 iu
1615 1938 1779 1987 Symbol.

1124 1995 1157 2031 II
1179 2008 1265 2046 pag.
1287 1997 1381 2036 806.

1125 2074 1348 2177 14goteoov
1382 2074 1574 2130 δηλώσω]
1619 2078 1701 2115 Vid.
1732 2077 1779 2123 11,

1178 2220 1277 2258 τῶν
1304 2220 1396 2257 τοῦ
1426 2214 1682 2270 μεγάθεος
1708 2216 1780 2256 πέ-

1127 2274 1198 2327 ρι]
1233 2276 1255 2311 i.
1290 2289 1321 2312 e.
1354 2275 1443 2324 quod
1472 2288 1550 2312 vero
1576 2277 1704 2312 attinet
1733 2274 1780 2310 ad

1126 2332 1401 2379 magnitudinem
1423 2345 1545 2368 eorum.
1597 2331 1694 2369 Nam
1717 2331 1781 2367 ab-

1128 2388 1242 2426 solute
1274 2393 1312 2425 ut
1341 2389 1464 2436 aiunt,
1491 2390 1580 2426 haec
1603 2387 1783 2437 accipien-

1128 2446 1199 2491 da,
1231 2448 1270 2481 ut
1303 2445 1409 2482 docet
1437 2445 1614 2482 Matthiae
1631 2444 1694 2479 Gr.
1715 2443 1781 2479 Gr.

1128 2514 1215 2552 pag.
1241 2501 1359 2542 1175.
1381 2522 1436 2528 —-
1455 2502 1493 2537 ln
1514 2503 1586 2537 fine
1602 2512 1684 2549 cap.
1702 2511 1782 2535 cum

1132 2558 1250 2594 Gaiss.
1276 2558 1544 2607 rescripsimus:
1565 2553 1695 2594 ἄλλων
1717 2550 1783 2593 οὕ-

1129 2612 1245 2659 δὲνα,
1276 2627 1354 2651 cum
1380 2615 1489 2664 vulgo
1516 2615 1658 2649 inverso
1687 2611 1783 2647 ordi-

1128 2684 1175 2707 ne
1205 2670 1423 2717 legerentur.
1469 2669 1666 2706 Schaet'ero
1687 2680 1782 2704 nuuc

1130 2727 1245 2774 magis
1278 2726 1422 2776 placere
1453 2727 1560 2763 video
1593 2721 1781 2763 ου’δένα

1130 2779 1282 2830 ἄλλων,
1324 2783 1361 2818 in
1382 2786 1549 2832 apparat.
1587 2781 1696 2818 critic.
1734 2779 1781 2816 ad

1129 2839 1368 2876 Demosthen.
1402 2844 1487 2876 tom.
1512 2838 1563 2875 111
1581 2851 1616 2887 p.
1635 2837 1724 2876 177-
