1909 3228
489 147 573 188 818

881 144 1351 183 HERODOTI

332 251 433 300 145
602 252 671 297 Ἑν
699 251 879 307 ’Έλλησι
909 253 989 308 μέν
1017 269 1100 296 νυν
1129 252 1334 296 νεώτατοι
1363 256 1451 296 τῶν
1478 258 1596 297 θεῶν
1624 256 1748 310 νομί-

164 318 400 347 vetustissimam

161 353 240 389 apud
276 353 438 388 Aegyptios

160 390 291 414 aetatem
303 394 369 413 esse
381 386 436 412 Pa-

162 419 208 447 nis
229 428 237 446 :
299 419 436 457 mediam,

161 452 319 485 Herculum
337 453 368 486 [2
387 453 434 486 43]

161 486 310 513 minimam
361 473 433 513 liac-

162 518 210 546 clii
221 528 230 546 ι
249 503 329 554 apud
339 518 420 545 Grae

162 560 212 579 cos
230 551 365 579 Bacchus
383 559 434 578 na-

160 588 210 613 tus
226 585 347 612 circiter
364 592 436 612 ann.

163 619 246 649 15442
290 617 436 645 Hercules

162 651 283 679 circiter
306 659 334 678 a.
353 651 437 681 1384ς

163 685 234 719 Pan,
243 689 376 720 tempore
385 683 439 710 ali-

495 337 640 386 ζονται
683 329 795 374 εἶναι
827 330 1042 387 Ἡρακλῆς
1079 348 1121 374 τε
1161 332 1233 374 καὶ
1261 329 1480 382 Διόνυσος
1518 333 1589 375 καὶ
1626 333 1804 376 Πάν·6ο

493 408 588 463 παρ’
620 411 894 464 Αἰγυπτίοισι
925 411 970 454 δὲ
994 410 1096 454 Ποὶν
1128 410 1206 465 μὲν
1237 408 1518 465 ἀρχαιότατος
1529 442 1539 462 ,
1568 412 1748 454 καὶτῶν

492 486 604 532 ὀκτώ
633 491 722 531 τῶν
761 488 947 544 πρώτων
985 490 1227 545 λεγομένων
1265 492 1405 531 θεῶν·
1461 489 1673 546 τΗρακλῆς
1703 490 1748 534 δὲ

491 571 579 610 τῶν
609 566 842 623 δευτέρων,
871 572 958 611 τῶν
988 566 1185 611 δυώδεκα
1204 568 1448 623 λεγομένων
1477 566 1609 611 εἶναι·
1641 567 1747 611 Διό-

493 657 629 696 νυσος
658 644 733 696 δὲ,
783 650 872 689 τῶν
901 648 1057 701 τρίτων
1078 680 1089 698 ,
1140 649 1182 689 οἳ
1211 645 1257 689 ἐκ
1286 649 1374 689 τῶν
1405 645 1602 691 δυώδεκα
1630 651 1749 691 θεῶν

162 726 221 754 ‘¹¹¹⁰
239 720 305 754 1‘00‘
322 716 437 746 ΗΜ·
466 724 715 780 Ξέγένοντο.
779 722 980 779 Ἡρακλέϊ
1020 725 1098 780 μὲν
1137 723 1188 780 δὴ
1230 723 1313 768 ὅσα
1354 723 1481 769 αὐτοὶ
1522 725 1749 782 Αἰγύπτιοί

491 814 601 860 φασι
631 801 742 847 εἶναι
772 804 864 848 ἔτεα
895 805 936 855 ἐς
962 803 1148 859 ’Ἄμασιν
1178 804 1377 859 βασιλέα,
1408 805 1642 862 δεδήλωταί
1674 813 1804 862 μοι65

491 880 683 938 πρόσθε·
727 885 843 927 Πανὶ
874 883 920 927 δὲ
949 882 1011 927 ἔτι
1039 881 1209 927 τούτων
1242 883 1406 927 πλέονα
1435 883 1599 941 λέγεται
1628 883 1751 937 εἶναι,

615 1129 648 1166 C
659 1142 726 1180 ap.
754 1127 904 1167 CXLV.

491 1209 707 1264 ἐν’Έλλησι
725 1209 796 1264 μέν
814 1226 890 1251 νυν
900 1206 1087 1251 νεώτατοι

434 1272 514 1310 τῶν
532 1272 642 1309 θεῶν
673 1269 900 1320 νομίζονται
929 1283 964 1307 κ.
986 1283 1015 1305 τ.
1037 1265 1086 1318 λ.]

435 1327 695 1378 Comparanda
714 1329 821 1372 sunt,
852 1337 945 1375 quae
973 1326 1020 1361 ad
1043 1325 1087 1372 ll,

436 1383 491 1424 43
511 1388 548 1421 et
561 1382 615 1424 46
635 1383 891 1432 adscripsimus
914 1381 1089 1430 simulque

436 1440 657 1486 adiicienda,
687 1451 780 1487 quae
801 1439 848 1475 de
869 1437 1009 1488 triplice
1030 1450 1090 1473 or·-

437 1495 524 1533 dine
544 1495 695 1532 deorum
712 1493 991 1543 Aegyptiorum,
1016 1493 1090 1542 pri-

437 1564 578 1589 morum
597 1550 734 1598 (octo),
761 1550 955 1587 alterorum
978 1550 1089 1596 (duo-

438 1607 594 1654 decim),
629 1606 820 1643 tertiorum
838 1634 849 1652 ‚
892 1605 929 1641 in
961 1605 1088 1654 quibus

438 1663 517 1714 ipse
536 1661 871 1711 Osiris-Dionysus
901 1665 977 1707 est,
1013 1661 1088 1697 dis-

438 1719 552 1756 seruit
578 1718 783 1755 Creuzerus
821 1729 950 1754 comm.
978 1716 1087 1752 Herr.

437 1788 475 1826 p.
497 1773 578 1816 205
595 1786 698 1822 seqq.
737 1772 898 1820 „Habet
922 1772 1089 1809 nimirum

438 1829 641 1868 huiusmodi
674 1829 839 1866 doctrina
866 1828 935 1865 hoc
967 1828 1091 1876 singu-

440 1886 539 1934 lare,
568 1890 610 1923 ut
631 1898 726 1934 quae
745 1885 927 1933 hodieque
945 1885 993 1921 ad
1012 1897 1090 1921 me-

438 1943 667 1993 taphysicaS,
701 1942 888 1991 physicas,
923 1945 1091 1978 astrono-

438 2000 550 2037 micas
567 1998 728 2048 inprimis
746 1998 904 2035 rationes
916 1997 1091 2045 redigun-

438 2060 516 2102 tur,
546 2068 589 2093 ea
602 2054 835 2091 sacerdotalis
850 2055 941 2090 ratio
963 2054 1011 2091 ad
1035 2053 1089 2090 hi—

438 2112 573 2149 storiae
596 2112 781 2160 quandam
808 2110 965 2160 speciem
985 2110 1089 2147 effin-

441 2172 517 2217 gat.
575 2167 672 2205 Hinc
691 2168 812 2204 omnia
827 2166 887 2203 illa
905 2179 1000 2215 quae
1024 2166 1090 2202 ho-

439 2225 575 2262 minum
624 2224 834 2260 memoriam
896 2223 1089 2269 excedunt,

438 2282 692 2331 dispescuntur
722 2293 789 2330 per
812 2292 922 2327 regna
951 2279 1089 2316 deorum

439 2336 667 2388 (βασιλείας
695 2336 844 2383 θεῶν).
909 2335 1089 2373 Videlicet

439 2396 582 2444 ponunt
602 2393 709 2442 prisci
722 2393 929 2429 sacerdotes
948 2392 1088 2442 copiam

438 2450 621 2499 quandam
658 2454 839 2495 aetatum,
893 2460 988 2497 quae
1023 2461 1090 2497 per

438 2509 643 2556 temporum
671 2506 861 2542 decursum
878 2505 1030 2541 invicem
1050 2517 1088 2542 se

439 2562 634 2611 excipiunt.
679 2562 721 2598 In
736 2561 911 2611 principio
934 2564 970 2597 et
986 2561 1088 2609 quasi

440 2618 478 2654 in
502 2631 622 2654 rerum
659 2618 818 2654 omnium
846 2617 999 2654 culmine
1036 2616 1089 2653 lo-

438 2678 523 2709 cant
548 2673 604 2710 vel
634 2687 744 2710 unum
771 2673 826 2711 vel
852 2673 972 2723 plures
1001 2674 1088 2710 deos

437 2730 595 2777 supremi
627 2730 763 2767 ordinis
791 2733 827 2766 et
854 2729 931 2766 sola
958 2731 1088 2767 mentis

437 2785 655 2832 cogitatione
689 2787 948 2823 informandos.
1007 2786 1087 2823 Hos

1156 1105 1357 1151 sequuntur
1381 1102 1430 1138 dii
1457 1102 1580 1150 alteri,
1619 1102 1806 1140 inferiores

1155 1158 1223 1194 illis
1253 1159 1395 1208 primis,
1435 1159 1499 1195 sed
1527 1159 1563 1195 in
1594 1159 1724 1207 quibus
1751 1162 1807 1195 ta-

1156 1227 1239 1251 men
1267 1219 1303 1251 et
1331 1215 1418 1264 ipsis
1444 1227 1529 1252 vera
1553 1214 1606 1251 vis
1635 1215 1807 1252 divinita-

1155 1272 1222 1317 tis,
1258 1283 1330 1319 qua
1369 1270 1419 1307 illi
1457 1271 1562 1321 primi
1599 1275 1809 1317 censentur,

1156 1327 1263 1372 insit3
1289 1333 1326 1364 et
1349 1327 1400 1363 sic
1425 1340 1532 1377 porro
1553 1327 1704 1364 diversis
1723 1339 1808 1375 gra-

1156 1384 1260 1420 dibus
1287 1384 1511 1433 procedente
1530 1384 1666 1420 ordine.
1725 1383 1808 1420 Hoc

1155 1443 1264 1488 pacto
1294 1439 1354 1485 sit,
1393 1444 1432 1475 ut
1462 1452 1638 1476 summum
1672 1451 1805 1476 numen

1156 1499 1195 1531 et
1215 1499 1388 1543 tanquam
1416 1495 1498 1544 ipsa
1526 1495 1694 1532 divinitas
1722 1508 1807 1545 pro-

1154 1552 1289 1601 pagine
1307 1552 1370 1587 sua
1389 1551 1539 1588 deorum
1559 1564 1624 1601 per
1643 1551 1806 1589 labentes

1155 1612 1294 1644 aetates
1326 1620 1405 1644 sese
1430 1607 1603 1657 explicet,
1636 1612 1693 1654 et,
1724 1607 1808 1645 licet

1156 1676 1222 1713 per
1250 1676 1289 1699 se
1318 1675 1478 1709 summa,
1509 1664 1557 1699 ad
1593 1664 1716 1700 infima
1751 1668 1807 1700 ta-

1157 1731 1241 1755 men
1262 1718 1381 1754 omnia
1394 1731 1460 1755 nec
1481 1720 1598 1755 minus
1617 1720 1807 1769 pertineat.

1158 1774 1198 1810 In
1248 1778 1446 1811 extremum
1485 1779 1606 1811 autem
1655 1775 1808 1824 gradum

1157 1842 1380 1880 progressa,
1427 1832 1585 1879 quadani
1616 1831 1670 1868 sui
1703 1837 1808 1881 parte

1158 1886 1360 1936 implicatur
1379 1887 1589 1924 inferiorum
1617 1900 1734 1924 rerum
1755 1888 1809 1923 vi-

1156 1943 1376 1989 cissitudine,
1397 1956 1515 1980 rerum
1534 1945 1709 1980 fluxarum
1723 1956 1809 1992 gur-

1157 2000 1233 2047 gite
1272 1999 1523 2048 immergitur,
1570 2004 1608 2037 et
1646 1999 1810 2036 mortalia

1158 2055 1326 2104 adeoque
1349 2060 1500 2093 mortem
1528 2056 1644 2103 subit,
1675 2056 1725 2092 ita
1750 2059 1810 2093 ta-

1157 2125 1260 2158 men,
1291 2116 1350 2158 ut,
1377 2111 1460 2160 qnia
1479 2124 1663 2160 nunquam
1684 2116 1808 2162 potest

1157 2180 1179 2204 a
1197 2181 1234 2204 se
1257 2169 1336 2216 ipsa
1361 2169 1582 2214 desciscere,
1613 2169 1646 2203 vi
1676 2181 1807 2217 peren—

1157 2225 1211 2260 nis
1233 2236 1319 2260 suae
1342 2224 1537 2260 divinitatis
1560 2224 1748 2260 reviviscat
1772 2228 1808 2261 et

1155 2281 1408 2330 perpetuitatis
1446 2293 1562 2317 rerum
1592 2280 1807 2317 naturalium

1157 2342 1284 2373 auctor
1325 2336 1411 2371 sit.“
1469 2336 1530 2373 Tu
1567 2336 1663 2374 hisce
1697 2337 1806 2383 adde,

1158 2405 1251 2441 quae
1283 2392 1329 2428 ab
1359 2393 1490 2429 eodem
1517 2393 1593 2428 viro
1619 2393 1808 2442 disputata

1157 2449 1326 2497 leguntur
1344 2448 1379 2484 in
1394 2449 1556 2497 Symbol.
1579 2449 1593 2485 Ι
1617 2461 1703 2499 pag.
1724 2450 1805 2490 517

1158 2518 1260 2553 seqq.
1292 2504 1371 2541 coll.
1413 2505 1562 2542 Giirres.
1588 2504 1807 2554 Mythenge-

1155 2561 1310 2598 schichte
1329 2574 1413 2610 pag.
1437 2561 1519 2602 412
1540 2574 1643 2610 seqq.

1215 2612 1433 2665 δεδήλωταί
1451 2632 1518 2668 μοι
1529 2614 1702 2669 πρόσθε]
1724 2617 1804 2654 Vid.

1158 2686 1268 2723 supra
1297 2673 1350 2719 ll,
1381 2674 1446 2714 43.
1515 2673 1574 2711 De
1599 2675 1709 2710 dativi
1738 2686 1804 2709 usu

1157 2728 1411 2780 (Hocznhe't'
1444 2727 1516 2780 μὲν
1549 2726 1599 2779 δή
1633 2745 1667 2768 κ.
1695 2744 1725 2768 τ.
1749 2729 1804 2771 λ.)

1155 2788 1295 2823 monuit
1323 2786 1453 2823 Matth.
1479 2787 1544 2823 Gr.
1564 2786 1627 2822 Gr.
1651 2799 1687 2836 p.
1709 2788 1802 2826 712.
