1909 3228
467 230 551 270 74⁰

863 226 1332 265 HERODOTI

469 337 644 393 ἐποίησε
683 335 730 378 ἐν
773 333 921 378 Ἰλιάδι
978 334 1079 392 (καὶ
1118 333 1292 391 ου’δαμῆ
1340 333 1451 391 ἄλλῃ
1503 334 1727 379 ἀνεπόδισε

472 415 656 468 ἑωυτὸν)
695 410 864 468 πλάνην
900 411 980 468 τήν
1017 410 1330 467 Ἀλεξάνδρου,
1391 413 1448 464 ὠς
1487 411 1726 470 ἀπηνείχθη

471 494 590 551 ἄγων
614 491 812 548 Ἑλένην,
849 496 900 548 τῇ
931 507 975 534 τε
1006 490 1059 547 δὴ
1092 490 1200 548 ἄλλῃ
1230 492 1521 547 πλαζόμενος,
1568 493 1642 536 καὶ
1671 490 1730 544 ὥς

442 574 518 624 3ἐς
547 573 728 616 Σιδῶνα
757 574 832 626 τῆς
875 571 1081 626 Φοινίκης
1119 567 1308 614 ἀπίκετο.

416 791 438 828 l.
468 791 490 829 l.
546 789 765 828 Particulam
792 786 889 842 γᾶρ,
920 802 1068 840 praecer

416 849 528 885 dente
566 847 689 897 δῆλον
727 843 800 894 δὲ,
839 846 1071 882 illustrabunt

417 917 461 942 ea
475 932 486 951 ,
517 916 611 953 quae
628 906 753 940 monet
771 902 904 940 Matth.
925 902 990 938 Gr.
1003 902 1068 938 Gr.

416 973 504 1011 pag.
537 957 643 1000 1244
671 959 748 995 coll.
779 961 872 1000 806.
932 959 1070 995 Confer

417 1017 555 1054 Herod.
576 1016 631 1062 ll,
657 1014 747 1056 134.
785 1014 839 1052 Ac
858 1015 1069 1065 praevidet»,

418 1073 515 1120 fore,
547 1072 676 1121 quibus
704 1071 761 1109 vel
789 1068 887 1110 κατὰ
916 1071 973 1108 vel
995 1067 1069 1122 γᾶρ

417 1129 604 1166 abundare
653 1128 810 1177 indeque
857 1128 1071 1165 eiiciendnm

417 1185 594 1222 videatur.
651 1184 694 1222 In
713 1197 786 1233 quo
802 1188 925 1221 tamen
945 1195 1073 1221 vereor

420 1246 462 1278 ut
481 1240 647 1278 assentiri
660 1241 809 1291 possim,
827 1240 946 1277 invitis
966 1252 1073 1290 prae-

421 1298 541 1335 sertim
560 1298 727 1335 omnibus
747 1297 847 1334 libris
876 1297 1016 1346 scriptis
1037 1299 1074 1333 et

419 1359 645 1403 repugnante
668 1354 869 1391 Herodotei
895 1353 1071 1391 sermonis

421 1411 655 1447 abundantia.

476 1465 541 1504 καὶ
565 1462 726 1516 οὐδαμῆ
745 1462 840 1519 ἄλλῃ
864 1460 1071 1503 ἀνεπόδισε

421 1519 590 1572 ἑωυτὸν]
622 1522 761 1559 Probat
777 1521 1071 1570 Schweighaeus.

420 1579 545 1616 Vallae
562 1579 912 1628 interpretationem:
930 1590 990 1613 uec
1011 1591 1072 1613 us-

422 1647 525 1685 quam
550 1635 639 1671 alibi
666 1638 860 1681 retractat,
900 1634 927 1670 si
961 1637 1073 1670 retra-

421 1694 516 1728 ctare
530 1691 710 1739 intelligas
728 1690 902 1727 diversum
921 1690 976 1727 vel
993 1703 1072 1726 con-

422 1749 570 1784 trarium
588 1747 700 1783 dicere
727 1749 823 1793 eius,
854 1745 943 1795 quod
973 1745 1072 1782 semel

422 1804 587 1840 diximus.
622 1803 793 1841 Budaeus
815 1803 1071 1851 interpretatus

422 1863 521 1898 erat:
550 1862 582 1895 et
600 1872 772 1908 nusquam
799 1859 888 1896 alibi
908 1871 943 1894 se
959 1860 1072 1908 ipsum

421 1918 626 1962 revocavit,
665 1915 705 1951 id
732 1920 808 1962 est,
836 1927 1006 1964 nusquam
1034 1913 1073 1951 id

422 1975 548 2009 iterum
567 1972 684 2015 dixin
714 1985 780 2009 nec
794 1971 897 2008 aliter
924 1971 1000 2008 fere
1020 1971 1070 2007 H.

423 2029 630 2078 Stephanus
657 2030 695 2066 in
713 2028 805 2065 thes.
829 2027 850 2063 l.
873 2028 938 2063 Gr.
969 2031 993 2063 t.
1021 2026 1072 2063 ΙΙΙ

422 2097 508 2136 pag.
530 2084 630 2125 517:
661 2097 732 2132 „se
751 2086 863 2135 ipsum
885 2086 1073 2130 revocavit,

423 2154 512 2192 pro:
541 2143 667 2177 iterum
682 2140 773 2178 idem
794 2140 925 2177 discitf‘
981 2139 1074 2176 Mihi

424 2197 541 2245 magis
580 2197 701 2247 placet
731 2196 935 2245 Schweigh.
968 2197 1072 2233 ratio.

425 2254 532 2290 cons.
559 2253 698 2290 Herod.
721 2253 766 2299 V,
788 2255 863 2297 923
893 2252 991 2289 cuius
1020 2257 1076 2289 ta-

424 2322 508 2347 men
536 2309 604 2346 loci
625 2310 718 2346 ratio
747 2308 910 2345 nonnihil
933 2309 1076 2345 diversa

426 2369 492 2403 est.
539 2387 594 2393 —-
644 2366 700 2402 Ex
737 2365 792 2402 his
828 2365 917 2416 ipsis
955 2365 1074 2402 verbis

426 2421 589 2459 Nitzsch.
607 2422 831 2470 (Indagand.
846 2434 913 2471 per
924 2421 1075 2459 Homeri

427 2478 563 2526 Odyss.
589 2478 795 2528 interpolat.
826 2481 1032 2528 praeparat.
1056 2476 1072 2513 I

426 2534 499 2571 Kil.
519 2536 628 2576 1828
658 2547 743 2584 pag.
778 2535 828 2574 18
852 2535 948 2582 not.)
978 2533 1075 2571 colli-

428 2590 507 2638 git,
558 2591 628 2626 iam
658 2590 886 2628 Herodotum
923 2590 1074 2627 Homeri
1102 2638 1104 2642 Ι

427 2658 523 2694 quae
554 2647 715 2683 feruntur
751 2646 911 2683 carmina
939 2647 1074 2696 scripta

426 2701 695 2750 pervolutasse3
732 2707 769 2739 et
796 2703 891 2749 iure,
928 2702 956 2739 si
987 2703 1075 2750 quid

427 2756 555 2803 video,
592 2758 649 2794 hic
677 2757 776 2795 locus
798 2758 918 2795 afferri
939 2762 1074 2808 potest,

428 2812 476 2847 ad
499 2812 740 2860 integritatem
771 2815 967 2851 carminum
993 2815 1075 2850 Ho-

426 2867 639 2905 merieorum
654 2882 851 2919 eorumque
863 2870 1074 2920 diligentem

1371 570 1650 628 ἐπιμέμνηται
1686 571 1731 614 δὲ
1741 578 1785 612 35

1135 789 1325 827 lectionem
1345 789 1525 828 Herodoti
1547 794 1646 829 certe
1668 793 1787 827 aetate

1137 848 1454 897 comprobandam.
1516 848 1681 890 Quorum
1710 858 1788 883 ma-

1139 904 1295 952 guaiam
1327 903 1385 939 illo
1410 909 1574 952 tempore
1592 903 1787 940 auctoritas

1138 959 1247 996 fuisse
1265 960 1423 1003 videtur,
1452 959 1584 1009 alioqui
1613 961 1707 997 enim
1741 959 1787 995 ab

1137 1015 1328 1052 Herodoto
1357 1016 1391 1053 h.
1410 1017 1431 1053 l.
1457 1029 1529 1052 non
1557 1017 1667 1053 citata
1692 1020 1728 1053 et
1751 1015 1788 1051 in

1137 1084 1288 1109 examen
1311 1078 1437 1109 vocata
1457 1073 1619 1109 fuissent.

1197 1126 1259 1174 nig-
1292 1123 1542 1178 εἷπηνείχθη]
1574 1126 1790 1165 Particulam

1140 1184 1219 1221 loco
1255 1186 1478 1235 pronominis
1529 1184 1666 1222 relativi
1702 1184 1790 1233 poni

1142 1241 1265 1278 statuit
1282 1241 1459 1278 Matthiae
1471 1241 1535 1277 Gr.
1557 1242 1621 1277 Gr.
1642 1253 1678 1290 p.
1694 1242 1788 1281 907.

1141 1297 1433 1347 „lVyttenbach
1464 1298 1500 1334 in
1530 1297 1666 1334 selectt.
1690 1296 1788 1333 histt.

1139 1367 1225 1404 pag.
1247 1356 1328 1395 358
1358 1355 1406 1390 ad
1433 1354 1618 1403 antiquum
1647 1352 1790 1390 dicendi

1140 1424 1254 1459 genus
1276 1411 1388 1447 refert
1407 1409 1675 1459 et'rhucydidis
1690 1421 1789 1445 com-

1139 1472 1244 1517 parat
1270 1467 1387 1503 locum
1423 1466 1457 1512 Ι,
1491 1469 1535 1505 1;
1573 1462 1644 1504 τόν
1670 1461 1788 1504 πόλε-

1140 1520 1346 1573 μον-ὤς
1366 1521 1650 1572 ἐπολέιιησαν.“
1681 1521 1745 1558 Cr.

1195 1577 1359 1642 επιμέμν
1366 1594 1452 1628 ηται
1496 1576 1539 1617 δὲ
1578 1573 1701 1616 αυτοῦ
1744 1576 1787 1616 ἐν

1139 1631 1365 1685 Λιομηδεος
1388 1631 1580 1701 αόιστείῃ]
1611 1635 1756 1672 Verba
1749 1647 1787 1670 111

1140 1695 1260 1741 Διοιιι
1262 1687 1363 1740 ῑδεος
1383 1687 1572 1744 αόιστείῃ,
1594 1703 1688 1739 quae
1700 1689 1789 1727 Val-

1137 1747 1306 1784 ekenario
1337 1748 1538 1784 abiicienda
1561 1747 1787 1783 videbantur.

1137 1804 1225 1840 satis
1247 1807 1369 1840 tuetur
1398 1803 1569 1839 orationis
1592 1807 1698 1839 tenor
1712 1831 1722 1849 ‚
1750 1806 1791 1838 ut

1138 1859 1232 1896 bene
1254 1860 1325 1896 iam
1342 1860 1481 1896 notavit
1497 1858 1789 1907 Schweighaeus.

1138 1916 1178 1951 Si
1213 1928 1298 1952 vero
1334 1916 1535 1953 universam
1572 1915 1789 1952 sententiam

1138 1972 1273 2009 habeas
1296 1972 1506 2018 insiticiam,
1543 1972 1689 2008 minime
1708 1983 1788 2008 eam

1139 2032 1265 2065 contra
1283 2028 1393 2065 libros
1419 2028 1586 2077 equidem
1603 2027 1787 2073 eiecerim3

1139 2097 1233 2133 quae
1262 2085 1390 2122 eadem
1419 2090 1475 2122 est
1498 2084 1675 2121 Nitzschii
1704 2096 1789 2121 sen-

1138 2141 1280 2177 tential
1314 2140 1336 2177 l.
1368 2154 1404 2191 p.
1429 2143 1500 2186 11,
1531 2141 1590 2177 ubi
1616 2140 1653 2176 in
1673 2145 1748 2177 not.
1761 2140 1787 2181 5

1140 2197 1229 2233 haec
1252 2197 1370 2233 addit:
1396 2197 1668 2243 „Sufficiebat‚
1700 2197 1729 2233 si
1754 2197 1787 2233 ei

1141 2253 1240 2302 quod
1259 2253 1465 2302 praecedit,
1491 2251 1531 2291 ἕν
1550 2247 1696 2299 Ἰλιάδι,
1722 2253 1788 2289 ad-

1141 2310 1287 2346 deretur
1305 2307 1403 2360 λέγει
1425 2306 1467 2347 δὲ
1485 2324 1531 2346 τα
1553 2308 1647 2347 ἔπεα
1668 2304 1786 2357 οὕτω,

1143 2369 1182 2401 ut
1206 2377 1288 2401 mox
1315 2363 1572 2416 ἐπιμέμνηται
1592 2363 1634 2403 δὲ
1656 2363 1722 2404 καὶ
1744 2364 1787 2404 ἐν

1139 2416 1380 2475 Ὀδυσσείῃ,
1424 2421 1465 2460 ἐν
1505 2422 1652 2461 τοῖσίδε
1684 2425 1787 2461 τοῖσι

1140 2476 1313 2516 ἓ’πεσιν.“
1367 2478 1426 2514 Ad
1443 2477 1619 2527 reliquum
1641 2478 1709 2515 loci
1728 2491 1788 2515 ar-

1137 2538 1348 2582 gumentum
1378 2534 1467 2572 haec
1493 2539 1617 2572 monet
1634 2534 1790 2573 Valcke-

1140 2591 1284 2626 narius:
1324 2592 1453 2638 „Sunt
1484 2591 1633 2629 subiecti
1663 2603 1786 2628 versus

1142 2659 1185 2684 ex
1203 2646 1305 2684 lliad.
1331 2643 1385 2693 Z'‚
1406 2648 1487 2688 289
1511 2651 1547 2685 et
1567 2660 1670 2696 seqq.
1694 2651 1787 2687 Διο-

1142 2698 1296 2752 μήδους
1336 2698 1511 2753 ἀριστεία
1543 2704 1739 2741 vocabatur
1764 2715 1787 2741 a

1141 2759 1382 2807 grammaticis
1421 2759 1522 2797 Iliad.
1542 2754 1608 2806 E',
1646 2761 1683 2796 in
1715 2771 1788 2809 qua

1142 2816 1304 2852 meminit
1342 2816 1378 2852 in
1427 2819 1632 2853 transcursu
1677 2818 1787 2865 po'eta

1139 2870 1335 2909 Alexandri
1364 2873 1582 2921 naviumque
1605 2871 1787 2909 architecti
