1909 3228
425 200 508 240 696

814 195 1282 235 HERODOTI

426 308 473 351 ἐκ
501 311 576 362 τῆς
606 304 802 360 ἀκάνθης
836 304 1092 360 ποιεύμενα·
1142 308 1217 360 τῆς
1247 304 1273 361 ἡ
1310 304 1458 360 μορφή
1489 305 1566 362 μέν
1593 307 1681 350 ἐστι

426 383 660 440 ὁμοιοτάτη
679 388 738 442 τῷ
760 386 997 442 Κυρηναίῳ
1019 387 1155 441 λωτῷ,
1185 382 1234 426 τὸ
1259 383 1303 426 δὲ
1329 382 1525 436 δάκρυον
1545 385 1705 440 κόμμι1

398 463 530 507 Ξέστί.

590 463 636 506 ἐκ
664 461 822 518 ταύτης
861 459 923 506 ὧν
961 467 1036 518 τῆς
1076 461 1271 518 ἀκάνθης
1306 461 1543 517 κοψάμενοι
1573 463 1680 515 ξύλα

426 541 533 585 ὅσον
561 557 606 584 τε
636 541 831 596 διπήχεα,
863 541 1107 598 πλινθηδὸν
1139 546 1406 590 συντιθεῖσι,
1434 542 1682 598 ναυπηγεύ-

397 628 420 661 3
430 636 553 676 μενοι
581 617 746 673 τρόπον
775 620 955 664 τοιόνδε.

1015 622 1111 676 περὶ
1151 620 1349 676 γόμφους
1385 620 1580 671 πυκνούς
1610 621 1683 664 καὶ

424 697 620 755 μακροὺς
647 701 914 756 περιείρουσι
944 701 995 744 τοὶ
1026 699 1205 758 διπήχεα
1235 698 1358 752 ξύλα·
1389 700 1519 744 ἐπεὰν
1550 699 1594 744 δὲ
1622 702 1684 758 τῷ

372 872 494 923 μενοι]
535 872 593 910 De
622 871 772 910 acantho
794 873 941 911 Servius
972 874 1021 911 ad

372 929 498 978 virgil.
522 930 658 978 Georg.
683 930 731 975 ll,
755 932 855 970 119:
880 942 1021 977 „acan-

372 987 452 1023 thos
473 986 581 1023 arbor
600 992 653 1023 est
672 986 708 1022 in
723 987 906 1036 Aegypto,
929 1000 1021 1023 sein-

370 1055 438 1093 per
462 1042 636 1079 frondens
654 1047 693 1079 ut
709 1042 802 1078 oliva
827 1048 862 1079 et
881 1043 1021 1080 laurus:

372 1102 409 1136 et
436 1098 609 1135 acanthos
642 1099 760 1144 (lleta,
798 1099 882 1146 qnia
909 1099 1020 1148 spinis

371 1154 479 1205 plena
497 1156 594 1191 est.“
651 1155 760 1191 Plura
776 1154 811 1190 T
814 1156 1021 1205 heophrast.

370 1211 452 1249 hist.
477 1210 591 1261 plant.
612 1211 676 1258 lV,
705 1215 731 1252 2
761 1209 796 1261 §.
817 1213 842 1252 8
873 1216 909 1248 et
930 1211 1020 1248 Plin.

370 1266 407 1304 h.
431 1280 466 1303 n.
502 1267 612 1314 XIII,
637 1270 661 1308 9
696 1271 780 1303 sect.
808 1270 869 1308 19.
916 1267 1023 1305 Nunc

371 1323 514 1374 plurimi
547 1324 688 1374 spinam
719 1322 939 1373 Aegyptiam
960 1337 1023 1362 seu

371 1378 563 1427 Acaciam,
594 1380 692 1416 cuius
721 1379 778 1416 hic
805 1381 941 1417 mentio
970 1383 1022 1427 fit,

373 1435 577 1473 existimant
613 1438 791 1472 mimosam
829 1435 1024 1473 Niloticam

371 1490 479 1528 Linn.
503 1492 610 1527 Conf.
626 1492 796 1529 Creuzeri
815 1498 1022 1530 commentt.

371 1546 538 1584 Hei-odd.
557 1561 641 1597 pag.
661 1550 724 1589 59.
738 1551 790 1588 60
803 1576 813 1595 ,
845 1550 906 1597 qui
929 1562 1023 1585 nunc

372 1603 495 1639 addit:
558 1604 766 1640 Schneider.
807 1605 855 1640 ad
899 1605 1024 1642 Theo-

371 1659 508 1709 phrast.
528 1659 550 1695 l.
570 1659 591 1695 l.
620 1672 704 1708 pag.
724 1662 824 1706 291,
856 1665 891 1697 et
913 1661 1025 1697 inter-

372 1720 480 1765 prett.
503 1716 550 1751 ad
569 1716 718 1752 Homeri
739 1716 928 1763 Odyss.V,
941 1716 1022 1757 243

373 1783 475 1820 seqq.
496 1771 582 1820 ibiq.
606 1771 769 1808 Eustath.
787 1775 916 1821 })·218
939 1786 1020 1821 sqq.

429 1829 482 1880 τῷ
515 1828 728 1877 Κυρηναίῳ
750 1827 881 1881 λωτῷ]
914 1829 1023 1865 Intel-

373 1882 521 1931 ligenda
545 1887 599 1920 est
620 1884 822 1933 Cyrenaica
841 1889 877 1921 et
888 1884 1026 1932 Libyca

373 1939 595 1986 arborlotus‚
608 1939 794 1976 Rhamnus
814 1940 905 1977 lotus
918 1941 1025 1977 Linn.

374 1996 491 2043 (unde
511 1995 699 2045 lotophagi
711 2009 842 2033 nomen
858 1997 1025 2044 habent),

373 2052 472 2089 cuius
501 2053 547 2088 de
579 2054 695 2089 fructu
728 2053 804 2101 agit
832 2052 902 2100 lv,
933 2057 1024 2094 177.

375 2107 495 2151 Quam
508 2120 594 2145 cave
615 2110 813 2145 confundas
836 2123 917 2146 cum
938 2110 1024 2157 loto,

373 2165 473 2200 cuius
495 2164 550 2211 ll,
576 2167 630 2206 92
651 2165 870 2202 mentionem
892 2167 1026 2203 fecerat

372 2219 597 2257 Herodotus.
654 2221 713 2258 De
735 2222 935 2270 Cyrenaica
952 2222 1026 2258 loto

372 2276 528 2326 plurima
549 2277 668 2314 citavit
687 2277 905 2315 Creuzer.in
920 2279 1027 2327 Sym-

373 2331 445 2368 bol.
469 2333 479 2368 l
502 2346 587 2382 pag.
611 2334 717 2380 508,
758 2335 817 2383 qui
839 2335 895 2371 hic
914 2335 1027 2385 inpri-

374 2389 439 2424 mis
460 2390 598 2426 confert
619 2390 755 2438 Odyss.
778 2390 908 2437 1X‚84
923 2404 1026 2440 seqq.

431 2441 472 2482 τὸ
501 2442 542 2482 δὲ
570 2441 747 2497 δάκρυον
779 2442 900 2497 κόμμι
924 2445 1024 2497 ἐστι’]

375 2500 481 2536 Cous.
504 2500 558 2547 II,
583 2504 648 2542 86.
692 2503 763 2539 Hic
784 2503 933 2541 laudare
953 2505 1028 2540 suf-

375 2555 472 2592 ficiat
503 2557 721 2595 Strabonem
749 2559 854 2596 XVII
883 2573 920 2609 p.
945 2560 1025 2601 556

376 2616 413 2648 et
444 2611 688 2662 Theophrast.
721 2614 744 2652 l.
776 2614 798 2651 l.
851 2616 1026 2666 lacrymas

376 2667 504 2715 spinae
516 2668 720 2719 Aegyptiae
741 2666 864 2722 κόμμι
887 2685 1031 2721 s.gum-

375 2722 424 2757 mi
446 2723 515 2759 dici
537 2726 804 2764 confirmantes,
846 2728 913 2764 Est
931 2741 1030 2775 vero,

377 2778 494 2815 iudice
514 2779 719 2818 Iablonskio
740 2795 837 2820 voce.
854 2783 1028 2835 Aegyptt.

377 2844 462 2883 pag·
490 2834 590 2882 114,
628 2839 838 2876 vocabulum
870 2839 939 2877 hoe
958 2840 1030 2878 Ae·

1089 874 1274 923 gyptium,
1301 886 1374 923 quo
1394 873 1606 922 designatur
1625 873 1742 922 liquor

1089 930 1269 977 lacrymae
1307 930 1353 965 atl
1388 930 1499 965 instar
1535 943 1579 966 ex
1611 930 1740 967 arbore

1090 986 1296 1032 destillans,
1332 986 1393 1033 qui
1432 986 1563 1022 deinde
1594 999 1741 1023 concre-

1092 1043 1157 1080 scit
1183 1047 1219 1079 et
1251 1042 1416 1078 durescit.
1476 1042 1586 1078 Unde
1606 1044 1742 1090 gummi

1093 1098 1161 1135 dici
1182 1099 1253 1134 vult
1272 1111 1341 1134 non
1364 1099 1474 1134 modo
1493 1098 1678 1134 humorem
1698 1111 1740 1134 ex

1091 1155 1195 1205 spina
1225 1154 1448 1203 Aegyptiam
1476 1155 1643 1202 guttatim
1677 1155 1742 1191 de-

1091 1213 1285 1257 fluentem,
1313 1212 1377 1247 sed
1401 1211 1508 1247 etiam
1529 1224 1573 1247 ex
1585 1210 1660 1247 aliis
1684 1223 1742 1246 ar-

1090 1268 1250 1304 boribus.
1281 1267 1384 1303 Haec
1404 1266 1641 1314 lablonskius‚
1663 1266 1740 1303 aliis

1091 1337 1235 1373 quoque
1253 1337 1293 1360 ac
1314 1323 1416 1359 Plinii
1439 1324 1661 1373 potissimum
1686 1327 1742 1361 te-

1094 1381 1268 1418 stimoniis
1289 1380 1481 1421 adhibitis3
1510 1380 1625 1429 ipsam
1647 1381 1741 1417 enim

1091 1449 1215 1473 vocem
1245 1436 1425 1483 Aegybtio
1454 1449 1619 1473 sermone
1647 1436 1740 1471 indi-

1092 1505 1174 1529 care
1200 1491 1498 1527 consolidationem
1523 1491 1659 1528 humidi
1685 1491 1741 1529 vel

1090 1552 1230 1597 guttum
1252 1548 1307 1584 vel
1333 1548 1524 1597 lacrymam
1538 1552 1738 1585 concretam.

1090 1605 1352 1654 Aegyptiaeam
1365 1605 1462 1640 vocis
1482 1605 1656 1653 originem
1668 1610 1740 1641 sta-

1090 1662 1159 1697 tuit
1180 1674 1326 1708 quoque
1345 1661 1454 1697 Rossi
1483 1661 1628 1709 etymol.
1647 1661 1739 1710 Aeg.

1089 1730 1126 1767 p.
1153 1719 1204 1757 91
1230 1729 1306 1780 seq;

1148 1771 1236 1823 περὶ
1260 1786 1442 1823 γομφους
1472 1768 1650 1818 πυκνούς
1675 1771 1743 1811 καὶ

1094 1825 1270 1880 μακρούς
1290 1829 1533 1879 περιείρουσι
1560 1825 1607 1866 τὰ
1630 1826 1743 1879 διττή-

1094 1899 1160 1936 χεα
1178 1880 1298 1932 ξύλα]
1330 1881 1478 1937 γόμφοι
1498 1885 1555 1922 hic
1577 1886 1745 1922 videntur

1094 1955 1175 1978 esse
1195 1941 1283 1978 clavi
1297 1970 1307 1988 ‚
1336 1942 1434 1990 iique
1455 1941 1559 1979 valde
1581 1942 1679 1990 longi
1702 1955 1745 1979 ac

1091 1998 1224 2046 lignei,
1255 1999 1384 2046 quibus
1407 1997 1513 2048 plura
1541 1998 1639 2046 ligna
1670 1998 1747 2045 (bi-

1093 2054 1262 2091 cubitalia
1291 2054 1410 2103 qualia
1449 2055 1615 2090 dicuntur
1641 2055 1673 2090 h.
1700 2054 1743 2102 l.)

1092 2112 1420 2155 connectebantur,
1438 2111 1744 2158 quemadmodum

1093 2167 1131 2202 in
1146 2167 1281 2202 ratibus
1301 2167 1350 2202 fit.
1374 2166 1506 2214 Neque
1525 2166 1618 2203 enim
1632 2167 1746 2203 omni-

1093 2236 1141 2260 no
1166 2235 1276 2260 naves
1298 2222 1353 2259 hic
1371 2222 1519 2271 intelligi
1540 2236 1650 2272 posse
1667 2236 1745 2259 cre-

1094 2280 1178 2316 dam
1192 2307 1202 2325 ,
1234 2280 1299 2316 sed
1318 2279 1445 2315 ratium
1464 2292 1593 2327 genus,
1614 2280 1744 2328 quibus

1094 2337 1131 2372 in
1143 2334 1228 2372 Nilo
1240 2335 1370 2372 fuerint
1382 2335 1459 2380 usi3
1478 2336 1513 2371 id
1527 2337 1625 2384 quod
1637 2336 1744 2373 etiam

1093 2396 1252 2440 arguunt
1277 2396 1421 2438 costae,
1461 2405 1555 2440 quae
1582 2392 1743 2429 deerant.

1095 2449 1204 2485 Conf.
1226 2447 1505 2497 wesselingium
1533 2449 1579 2484 ad
1610 2449 1645 2484 h.
1666 2447 1688 2484 l.
1709 2451 1747 2485 et

1094 2504 1303 2541 Schneider.
1333 2504 1370 2540 in
1399 2505 1467 2541 lex.
1486 2504 1551 2541 Gr.
1608 2504 1745 2541 Locum

1094 2561 1212 2610 ipsum
1229 2561 1314 2597 inde
1335 2561 1385 2597 sic
1402 2561 1521 2598 reddit
1542 2560 1744 2610 Schweigh.

1097 2618 1135 2653 in
1151 2615 1253 2654 lexic.
1269 2617 1407 2653 Herod.
1425 2631 1453 2653 s,
1466 2630 1498 2653 v.
1512 2617 1722 2668 περιείρειν
1734 2629 1746 2653 .·

1099 2675 1266 2721 „circum
1285 2673 1401 2710 clavos
1430 2673 1562 2722 ligneos
1574 2673 1747 2724 frequen-

1098 2734 1148 2766 tes
1176 2733 1207 2766 et
1231 2730 1439 2779 praelongos
1461 2732 1616 2767 inserunt
1635 2733 1667 2766 et
1689 2731 1746 2767 in-

1096 2789 1239 2823 nectunt
1264 2786 1471 2823 bicubz'talz'a
1487 2786 1627 2834 lignaf‘

1154 2837 1274 2881 ἐπεοέν
1306 2839 1349 2881 δὲ
1376 2845 1430 2896 τῷ
1456 2840 1584 2896 τρόπῳ
1603 2837 1744 2892 τούτῳ]
