1909 3228
582 178 1012 245 EUTERPEss
1059 206 1103 243 11.

203 333 333 368 πτον,
379 318 486 360 κατὰ
517 319 601 359 τῶν
633 315 762 370 ΐρέων
799 315 878 371 τήν
908 315 1064 371 φάτιν,

1379 207 1462 246 713

1122 314 1326 371 στρατιὴν
1354 319 1460 358 πολ-

202 395 282 451 λὴν
311 395 457 452 λαβών
492 395 647 452 ἤλαυνε
679 396 749 438 διὰ
777 399 851 451 τῆς
880 395 1087 452 ἠπείρου,
1139 400 1226 438 πᾶν
1255 394 1386 444 ἔθνος
1414 394 1462 437 τὸ

175 475 411 531 4ἐμποδων
440 473 850 530 καταστρεφόμενος.
907 475 1067 518 ὁτέοισι
1096 475 1175 530 μέν
1203 491 1286 517 νυν
1319 471 1464 516 αὐτῶν

206 553 424 610 ἀλκίμοισι
454 552 705 608 ἐνετύγχανε
745 555 816 597 καὶ
859 556 1011 605 δεινῶς
1042 553 1333 609 γλιχομένοισι
1363 554 1489 607 περὶΙ

203 638 277 689 τῆς
306 634 575 688 ἐλευθερίης,
619 631 809 675 τούτοισι
850 632 928 687 μὲν
957 634 1112 689 στήλας
1143 634 1285 689 ἐνίστη
1316 631 1358 683 ἐς
1387 631 1464 682 τοὶς

202 711 365 767 χώρας,
398 711 469 754 διὰ
498 711 760 766 γραμμάτων
790 711 1000 768 λεγούσας
1037 711 1085 755 τό
1117 729 1160 754 τε
1191 712 1357 754 ἑωυτοῦ
1385 709 1461 754 οὔ-

202 808 314 846 νομα
344 791 416 834 καὶ
446 794 520 845 τῆς
551 790 735 846 πάτρης,

173 877 192 908 5
206 869 522 922 κατεστρέψατό
553 881 698 923 σφεας.

795 791 866 834 καὶ
905 789 963 841 ὠς
1007 789 1169 846 δυνάμι
1207 794 1259 845 τῇ
1299 789 1464 832 ἑωυτοῦ

759 867 893 913 ὁτέων
925 871 969 913 ὁὲ
1001 867 1184 926 ἀμαχητὶ
1229 869 1301 912 καὶ
1336 866 1489 910 εὐπε-5

200 947 304 998 τέως
332 948 548 1004 παρέλαβε
582 948 656 999 τάς
684 947 834 1000 πόλις,
877 947 1070 992 τούτοισι
1101 949 1146 991 δὲ
1179 947 1388 1002 ἐνέγραφε
1418 946 1464 989 ἐν

199 1030 300 1083 τῇσι
330 1026 508 1084 στήλῃσι
543 1028 652 1071 κατὰ
687 1027 823 1072 ταύτά
852 1029 925 1072 καὶ
953 1033 1067 1071 τοῖσι
1098 1026 1346 1082 άνδρηῖὀισι
1374 1029 1464 1068 τῶν

200 1104 365 1149 ἐθνέων
400 1108 695 1162 γενομένοισι·
754 1108 827 1151 καὶ
867 1107 918 1163 61)
957 1107 1031 1151 καὶ
1072 1107 1218 1149 αἰδοῖα
1257 1104 1463 1161 γυναικὸς

200 1186 545 1242 προσενέγραφε,
585 1190 694 1244 δῆλα
725 1186 993 1243 βουλόμενος
1031 1184 1193 1230 ποιέειν
1224 1184 1282 1236 ὠς
1314 1187 1463 1240 εἴησαν

202 1389 300 1430 κατά
323 1413 380 1420 -
398 1392 472 1444 τήν
498 1390 645 1444 φάτιν]
681 1389 800 1441 φάτις

145 1451 201 1484 est
225 1451 396 1486 narratio.
456 1452 562 1487 Conf.
592 1451 628 1498 l,
653 1454 717 1492 60.
745 1473 799 1478 ——

202 1536 390 1589 στρατιήν
438 1538 590 1590 πολλήν
641 1538 800 1590 λαβών]

145 1594 256 1637 Quod
280 1601 364 1645 post
392 1593 544 1646 πολλὴν
573 1598 610 1633 in
649 1598 799 1645 quibus-

145 1651 228 1687 dam
253 1653 360 1688 codd.
384 1658 500 1689 exstat
520 1656 622 1700 τῶν,
654 1655 691 1690 id
715 1654 798 1689 val-

144 1707 313 1744 ckenario
350 1710 562 1746 mutandum
593 1711 733 1746 videtur
760 1711 797 1746 in

146 1758 277 1801 άστῶν
302 1765 362 1811 (ut
388 1766 637 1814 intelligantur
657 1766 795 1814 indige-

145 1832 231 1865 nae,
262 1821 454 1869 Aegyptii,
485 1822 544 1870 qui
570 1824 681 1872 copiis
703 1836 797 1859 iner-

147 1876 295 1912 cenariis
323 1883 359 1913 et
388 1878 587 1926 peregrinis
608 1891 799 1928 opponan-

146 1934 243 1977 tur),
284 1938 346 1968 aut
386 1946 533 1983 prorsus
574 1935 797 1971 eiicienduin.

148 1987 271 2030 Quare
299 2001 366 2024 nos
407 2003 488 2025 cuin
516 1995 666 2027 recentt.
714 1992 798 2028 edd.

148 2044 344 2091 eiecimus,
384 2047 595 2095 praesertim
635 2060 714 2083 cum
753 2047 799 2083 ab

146 2099 224 2135 aliis
266 2101 385 2138 bonae
422 2106 531 2139 notae
566 2103 665 2140 libris
706 2104 801 2140 absit

146 2156 285 2193 vocula.

203 2243 346 2286 ὁτέοισι
370 2244 440 2297 μέν
462 2262 538 2286 νυν
560 2243 691 2287 αὐτῶν
711 2263 744 2286 κ.
769 2264 801 2287 τ.

147 2300 196 2351 λ.]
229 2297 359 2340 αὐτῶν
388 2317 467 2341 cum
491 2305 608 2341 Gaisf.
633 2306 801 2355 rescripsi

148 2371 214 2407 pro
238 2354 412 2397 αὐτέων.
471 2360 530 2397 Ad
549 2366 801 2409 argumentum

149 2415 243 2450 cons.
269 2414 422 2453 Diodor.
442 2417 479 2464 Ι,
503 2417 556 2458 55
577 2419 704 2456 eadem
727 2420 802 2456 fere

151 2475 389 2508 enarrantem.

207 2572 468 2623 γλιχομένοισι
491 2573 581 2625 περὶ
602 2576 672 2623 τῆς
700 2573 802 2614 ἐλευ-

152 2626 306 2677 θερίης]
336 2629 394 2666 De
418 2636 596 2667 structura
615 2632 686 2667 vid.
706 2631 805 2667 Mat-

152 2685 249 2721 thiae
272 2684 336 2720 Gr.
360 2687 424 2722 Gr.
449 2685 483 2736 ἓ.
507 2688 588 2728 350
608 2700 694 2735 pag.
709 2690 805 2733 660,

152 2741 210 2776 nbi
234 2741 339 2777 vertit
360 2742 393 2777 h.
414 2742 460 2778 l.:
491 2756 588 2788 „aus
608 2743 720 2779 Liebe
741 2756 805 2779 zur

152 2796 314 2833 Freiheit
327 2798 384 2833 fiir
407 2799 457 2835 sie
478 2798 688 2849 kiimpsenf‘
707 2800 806 2842 Qua-

152 2866 190 2890 re
230 2866 296 2890 nec
345 2855 547 2892 abiicienda
583 2855 804 2906 praepositio

869 1393 980 1444 περὶ,
1012 1398 1051 1430 ut
1084 1391 1299 1441 quibusdam
1332 1390 1415 1427 olim
1444 1392 1522 1441 pla-

869 1452 962 1496 cuit,
1008 1463 1075 1486 nec
1099 1445 1362 1498 γλιχομένοισι
1394 1448 1522 1496 (quod

871 1508 1025 1544 reddere
1065 1505 1173 1542 etiam
1210 1503 1310 1540 licet:
1338 1503 1525 1553 pugnandi

873 1563 1028 1612 cupidis)
1055 1560 1266 1597 mutandum
1293 1559 1329 1595 in
1355 1558 1523 1611 μαχομέ-

867 1632 995 1667 νοισι,
1026 1623 1065 1654 ut
1087 1617 1140 1664 V,
1161 1620 1198 1658 2-
1231 1616 1320 1663 Vll,
1347 1617 1439 1658 135.

924 1727 1022 1769 κατὰ
1045 1726 1170 1768 ταύτά
1193 1728 1283 1779 καὶ]
1316 1728 1403 1768 καὶ
1429 1729 1525 1766 valet

868 1792 995 1837 atque,
1021 1800 1136 1836 quam.
1196 1787 1375 1823 Conferas
1396 1786 1522 1833 Viger.

865 1858 901 1894 p.
926 1844 1018 1884 522.
1078 1843 1236 1879 Plurima
1266 1856 1309 1879 ex
1330 1842 1523 1879 Herodoto

866 1913 960 1937 nunc
984 1899 1103 1935 attulit
1124 1900 1254 1935 Struve
1269 1911 1365 1947 spec.
1381 1902 1522 1947 quaest.

868 1957 915 1993 de
933 1955 1018 1992 dial.
1036 1956 1174 1992 Herod.
1196 1969 1232 2005 p.
1256 1954 1321 1996 25.

924 2066 991 2106 καὶ
1021 2064 1069 2117 δή
1092 2065 1158 2105 καὶ
1185 2066 1318 2104 αἰδοῖα
1338 2063 1524 2115 γυναικὸς

869 2140 904 2164 κ.
928 2139 958 2162 τ.
979 2123 1027 2174 λ.]
1057 2124 1198 2161 Eadem
1231 2123 1308 2159 fere
1338 2123 1524 2159 Diodorus

871 2182 893 2218 l.
913 2181 949 2227 l.‚
981 2181 1043 2217 ubi
1060 2181 1128 2217 hoc
1147 2184 1335 2230 praeterea
1356 2179 1524 2227 legimus,

870 2239 935 2274 viri
956 2237 1129 2287 pudenda
1149 2236 1329 2285 insculpta
1347 2236 1459 2273 fuisse
1486 2237 1524 2272 in

873 2295 1022 2340 statuis,
1056 2306 1147 2342 quas
1175 2293 1211 2328 in
1242 2293 1403 2341 gentium
1426 2292 1526 2329 belli-

870 2363 1035 2387 cosarum
1054 2351 1159 2386 terris
1180 2362 1244 2386 rex
1269 2349 1443 2385 statuerit.
1466 2348 1526 2384 Ad

871 2420 979 2455 quem
1003 2406 1119 2442 locum
1141 2406 1229 2442 alios
1257 2405 1342 2441 citat
1373 2405 1525 2442 W‘esse-

870 2463 1024 2511 lingius‚
1055 2462 1116 2510 qui
1136 2463 1183 2498 ad
1202 2462 1384 2498 Herodoti
1408 2461 1525 2497 locum

870 2519 1016 2568 Iosephi
1035 2517 1198 2555 meminit
1217 2518 1253 2553 in
1272 2517 1525 2566 antiqq.Iudd.

871 2575 979 2621 Vm,
1012 2577 1063 2614 10
1085 2603 1096 2621 ‚
1131 2576 1157 2614 3
1199 2573 1362 2621 aliusque
1403 2573 1526 2610 similis

872 2629 1091 2667 narrationis
1118 2631 1164 2666 de
1178 2628 1426 2677 Margareffia,
1448 2629 1526 2666 Da-

872 2700 1000 2723 norum
1033 2685 1116 2722 olim
1154 2686 1282 2734 regina
1317 2685 1524 2732 fortissima,

873 2755 967 2791 quae
986 2743 1021 2778 in
1034 2742 1190 2779 dedecus
1208 2742 1328 2791 gentis
1339 2742 1525 2779 Sueonum

873 2798 1001 2835 natura
1022 2798 1184 2835 muliebri
1213 2811 1375 2836 nummos
1402 2798 1526 2847 signa-

873 2855 972 2893 verit.

1525 395 1603 437 150
