1909 3228
660 184 880 223 CLIO.
938 185 965 223 Ι.

1360 189 1444 229 309

187 296 263 339 τὸν
309 293 473 339 κύκλον
516 293 658 338 πάντα
696 299 778 339 τοῦ
818 294 1014 349 οὐρανοῦ
1052 296 1140 338 Δία
1187 294 1442 346 καλέοντας·

185 374 351 418 θύουσι
381 375 427 418 δὲ
456 372 563 431 ἡλίῳ
591 390 635 417 τε
663 375 736 417 καὶ
767 373 923 431 σελήνῃ
952 374 1026 417 καὶ
1053 377 1110 431 γῇ
1142 374 1215 417 καὶ
1235 375 1342 429 πυρὶ
1368 376 1440 418 καὶ
1453 382 1498 416 30

157 453 316 498 3ὕδατι
345 454 412 498 καὶ
444 451 653 509 ἀνέμοισι.
686 452 882 496 τούτοισι
910 453 988 508 μὲν
1028 452 1080 509 δή
1118 452 1324 509 μούνοισι
1361 453 1442 496 θύ-

185 545 284 576 ουσι
322 532 524 590 ἀρχῆθεν.
581 531 927 588 ἐπιμεμαθήκασι
966 532 1012 575 δὲ
1051 532 1125 575 καὶ
1161 536 1213 589 τῇ
1244 531 1442 589 Οὐρανίῃ

181 612 334 666 θύειν,
383 612 500 668 παρά
530 628 574 655 τε
599 611 837 665 Ἀσσυρίων
868 610 1084 667 μαθόντες
1111 611 1183 653 καὶ
1217 610 1440 667 Ἀραβίων.

181 692 384 735 καλέουσι
425 693 470 735 δὲ
507 689 728 747 Ἀσσύριοι
768 690 848 746 τήν
894 689 1176 746 Ἀφροδίτην,
1220 690 1439 733 Μύλιττα·

124 865 364 902 cacuminibus
379 876 480 901 sacra
501 864 621 901 facere
638 862 776 901 Noster

123 922 261 968 scribit,
292 922 330 958 in
352 934 394 958 eo
425 920 523 956 haud
555 933 690 970 paucos
713 933 771 957 as-

123 978 318 1015 sentientes
341 982 469 1014 nactus
493 981 548 1015 est
565 977 772 1025 scriptores,

120 1047 271 1083 quorum
289 1034 495 1071 testimonia
514 1033 772 1084 protulitBris-

121 1103 198 1127 ⁴son.
224 1092 270 1128 de
303 1104 380 1139 reg.
412 1089 513 1127 Pers.
556 1089 707 1139 princip.
738 1089 771 1125 ΙΙ

122 1146 157 1197 θ’.
181 1148 246 1187 38.
305 1146 372 1183 Est
392 1146 616 1197 potissimum
637 1146 770 1182 Strabo

119 1204 358 1240 conferendus
373 1232 382 1250 ‚
412 1203 472 1251 qui
491 1202 672 1239 Herodoti
688 1215 768 1239 ver-

121 1262 166 1296 ba
185 1260 371 1310 exscripsit
381 1259 499 1308 XVp.
513 1259 767 1305 732s,1064,

120 1316 162 1352 C.
199 1315 297 1353 Nolo
317 1328 413 1351 nunc
436 1315 583 1351 aliarum
606 1315 768 1363 gentium

117 1372 279 1408 instituta
321 1372 425 1421 paria
473 1383 765 1415 commemorare⁷

116 1440 210 1477 quae
239 1428 409 1476 quoniam
442 1427 478 1463 in
507 1427 681 1463 montium
706 1439 766 1463 ca-

115 1484 311 1522 cuminibus
337 1484 425 1521 deos
457 1483 524 1519 sibi
556 1483 657 1531 quasi
679 1496 765 1531 pro-

114 1541 234 1591 piores
249 1541 534 1586 arbitrabantur,
564 1539 633 1575 illic
649 1539 761 1587 inpri-

115 1597 181 1633 mis
201 1610 301 1633 sacra
319 1598 437 1634 facere
457 1596 632 1633 solebant.
653 1595 764 1631 Plura

116 1653 317 1699 Gesefflus,
346 1653 444 1689 cuius
471 1652 588 1689 locum
614 1651 679 1689 Cr.
699 1652 764 1687 ad-

116 1709 278 1758 scripsit,
296 1709 333 1745 in
354 1709 573 1745 Commentt.
594 1709 641 1744 ad
661 1707 763 1744 Iesai.

116 1764 232 1811 LXV,
250 1767 276 1805 7
306 1776 392 1814 pag.
413 1766 506 1805 282.
555 1764 660 1806 Quae
681 1762 764 1799 reli-

115 1833 188 1870 qua
204 1819 343 1858 Noster
359 1820 482 1869 prodit
512 1820 559 1857 de
587 1818 762 1866 religione

115 1878 304 1915 Persarum
316 1905 327 1923 ,
353 1876 543 1924 insigniter
560 1876 696 1912 faciunt
714 1874 762 1909 ad

115 1934 205 1971 illius
223 1934 335 1983 ipsius
355 1932 609 1969 declarandam
625 1929 762 1979 simpli-

113 1991 268 2027 citatem.
325 1988 498 2026 Omnium
527 1987 622 2025 enim
641 1998 761 2024 rerum

112 2059 206 2096 quae
242 2045 421 2083 habentur
445 2043 623 2094 principia
651 2047 762 2091 atque

112 2103 311 2148 elementa,
350 2102 513 2138 venerati
538 2103 620 2136 sunt
645 2110 762 2146 eaque

112 2158 260 2209 simplici
289 2157 440 2194 ratione.
498 2155 659 2193 Accessit
679 2166 762 2191 coe-

113 2215 184 2251 lum
212 2215 316 2252 astris
341 2213 516 2264 repletum
549 2216 586 2249 et
614 2210 762 2248 nomine

110 2271 204 2308 Iovis
224 2270 477 2318 significatum,
495 2270 640 2316 duoque
651 2279 760 2317 prae-

112 2328 217 2377 cipua
236 2327 327 2363 illius
350 2326 504 2372 lumina,
534 2324 598 2360 Sol
624 2337 666 2360 ac
683 2322 761 2359 Ln-

112 2396 159 2419 na
171 2413 182 2430 ,
211 2395 306 2432 quae
321 2383 442 2419 omnia
455 2380 650 2430 simplicem
672 2379 757 2415 sim-

111 2439 212 2489 plicis
236 2439 354 2487 gentis
380 2443 416 2475 et
442 2438 588 2486 quidem
614 2439 758 2473 monta-

111 2508 180 2532 nae
217 2494 347 2531 cultum
372 2493 566 2531 declarant.
623 2492 760 2528 Confer

111 2552 283 2588 Creuzer.
310 2549 473 2599 Symbol.
505 2550 523 2586 I
560 2561 646 2599 pag.
662 2548 757 2588 651.

111 2610 193 2649 692
214 2620 288 2656 seq.
311 2609 394 2647 712
414 2618 491 2654 seq.

164 2660 316 2701 θύουσι
344 2657 545 2713 ἀρχῆθεν]
582 2659 757 2697 Voculam

111 2714 290 2771 α’ρχῆθεν
309 2718 500 2755 Herodoto
529 2720 639 2765 atque
661 2715 758 2752 Ioni-

110 2777 178 2812 bus
216 2775 386 2812 adscribit
423 2773 686 2811 Grammaticus
720 2771 759 2808 in

110 2831 268 2869 Bekkeri
307 2830 470 2867 Auecdd.
501 2829 517 2866 I
545 2841 630 2880 pag.
664 2828 757 2875 450,

843 862 880 905 4.
911 862 1022 913 Apud
1039 862 1178 901 Atticos
1200 863 1293 901 enim
1307 893 1316 910 ⁷
1341 868 1491 914 excepto

842 919 1041 968 Aeschylo,
1072 920 1222 958 inveniri
1257 933 1336 957 eam
1368 925 1491 969 negat.

898 975 1082 1015 καλέουσι
1114 974 1156 1015 δὲ
1186 972 1380 1027 Ἀσσύριοι
1418 973 1491 1026 τήν

840 1027 1077 1085 Ἀφροδίτην
1099 1054 1154 1060 —-
1182 1031 1373 1083 MirQav]
1411 1031 1488 1069 Lo-

839 1103 900 1126 cus
919 1090 1159 1127 memorabilis
1177 1089 1401 1138 multumque
1427 1101 1490 1126 ve-

838 1151 953 1184 xatus.
1019 1145 1100 1183 Nos
1143 1146 1408 1196 proficiscamur
1445 1157 1489 1182 ex

838 1203 879 1238 iis
893 1232 902 1249 ‚
932 1214 1048 1251 quae,
1069 1206 1107 1238 ut
1125 1214 1298 1238 summam
1315 1200 1401 1247 loci,
1418 1213 1486 1248 po—

837 1259 908 1295 suit
926 1259 1055 1295 Creuz.
1071 1259 1107 1294 in
1120 1257 1278 1306 Symbol.
1304 1257 1317 1293 Ι
1339 1270 1374 1306 p.
1390 1259 1484 1297 729.

836 1314 1051 1364 Complures
1089 1314 1182 1350 enim
1222 1317 1345 1350 monet
1377 1311 1487 1350 Asiae

834 1375 962 1419 gentes
995 1383 1106 1406 unum
1132 1370 1304 1418 idemque
1331 1372 1484 1405 naturae

832 1426 1048 1476 principium
1077 1426 1270 1462 femineum
1300 1424 1485 1472 (naturam

832 1487 1034 1519 naturatam
1056 1482 1115 1517 alii
1136 1482 1277 1529 dicunt)
1297 1480 1403 1517 variis
1424 1493 1485 1516 co-

830 1538 939 1576 luisse
957 1538 1230 1586 cognominibus
1242 1567 1253 1584 ,
1272 1536 1323 1573 ita
1341 1540 1379 1573 ut
1390 1548 1484 1585 quae

831 1595 909 1631 aliis
938 1599 1035 1632 esset
1065 1595 1188 1631 Venus
1219 1593 1379 1639 Urania,
1419 1604 1482 1630 ea-

831 1652 914 1688 dem
934 1650 1012 1687 aliis
1035 1651 1215 1687 diceretur
1233 1649 1387 1698 Mylitta,
1404 1648 1481 1685 aliis

830 1707 960 1753 Alitta,
999 1706 1119 1744 Persis
1149 1705 1276 1743 Mitra.
1342 1705 1482 1748 Quam-

828 1764 882 1799 vis
914 1763 1008 1799 euim
1033 1763 1201 1807 nomina,
1237 1763 1393 1807 formae,
1424 1764 1480 1797 at-

830 1819 963 1855 tributa
987 1818 1090 1854 huius
1110 1818 1264 1854 numinis
1288 1816 1388 1853 varia
1415 1828 1479 1852 va-

828 1874 899 1910 rias
927 1874 1025 1923 apud
1058 1879 1184 1922 gentes
1217 1874 1307 1918 siut,
1340 1872 1475 1920 prima-

827 1930 916 1966 riam
945 1934 1065 1966 tamen
1103 1929 1255 1964 numinis
1293 1928 1478 1965 notionem

829 1998 871 2022 ac
887 1985 1186 2033 significationem
1215 1984 1364 2021 subesse
1391 1996 1479 2020 ean-

828 2042 912 2079 dem
954 2039 1196 2089 intelligimus.
1254 2040 1359 2082 Quae
1397 2039 1478 2089 ipsa

827 2110 908 2134 cum
931 2097 979 2133 ad
998 2096 1170 2134 coelestes
1188 2099 1225 2133 et
1241 2096 1401 2133 sidereas
1417 2108 1476 2132 ra-

828 2154 945 2191 tiones
978 2152 1127 2189 multum
1150 2152 1348 2202 pertineat,
1377 2155 1474 2189 recte

827 2210 1037 2260 pronuntiat
1055 2208 1256 2245 Palmblad.
1287 2208 1354 2255 (de
1372 2207 1472 2244 rebb.

827 2265 1030 2314 Babylonn.
1051 2277 1137 2314 pag.
1157 2264 1233 2312 44)
1250 2264 1474 2300 coniunctam

827 2322 1066 2359 foecundatae
1077 2325 1114 2357 et
1131 2325 1206 2356 tum
1222 2319 1473 2357 foecundantis

824 2377 976 2425 Lunae,
1002 2390 1069 2415 nec
1088 2389 1162 2412 non
1179 2376 1365 2422 humidae,
1387 2387 1474 2412 eon-

824 2435 1009 2486 cipientis‚
1048 2434 1181 2469 fructus
1213 2433 1353 2470 edentis
1384 2431 1419 2468 T
1422 2430 1474 2469 el-

825 2490 909 2528 luris
940 2491 1059 2528 ideam
1093 2488 1255 2538 exprimi.
1308 2487 1369 2525 De
1396 2487 1470 2525 sin-

825 2547 918 2596 gulis
957 2546 986 2583 si
1013 2557 1248 2595 quaeramus,
1276 2544 1471 2581 videndum

822 2608 909 2641 ante
945 2602 1065 2639 omnia
1093 2602 1139 2637 de
1180 2599 1318 2646 Mitra,
1361 2611 1471 2648 quam

822 2660 930 2697 deam
951 2659 1084 2695 diserte
1103 2657 1240 2693 Noster
1258 2656 1293 2692 h.
1314 2655 1339 2693 l.
1355 2655 1471 2692 nomi-

823 2720 886 2752 nat
897 2745 907 2762 ‚
935 2727 1014 2751 cum
1028 2712 1137 2761 vulgo
1155 2711 1331 2748 Mithram
1349 2711 1469 2748 norint

824 2772 921 2808 deum
941 2769 1169 2817 eundemque
1189 2768 1314 2806 Solem.
1333 2768 1468 2814 Quare,

825 2834 862 2864 ut
893 2828 952 2873 fit,
992 2826 1180 2863 lectionem
1219 2825 1334 2874 ipsam
1367 2825 1467 2860 vario
