1909 3228
536 161 961 201 EUTERPE.
1021 161 1067 200 11.

1355 163 1441 203 783

173 289 258 317 νου
319 269 538 316 τοσούτου
596 270 969 328 κατακληϊσθέντα
1022 269 1106 315 οὐκ
1164 268 1439 328 ἀνοιχθῆναι.

145 351 359 403 Ξτούτους
398 350 485 394 ὑπὸ
525 352 672 405 μίσεος
711 350 766 394 ου’
806 350 945 406 κάρτα
985 351 1167 394 θέλουσι
1207 350 1441 406 Αἰγύπτιοι

177 429 430 487 ὀνομάζειν,
480 429 586 474 ἄλλά
617 430 690 474 καὶ
719 429 795 481 τὰς
824 431 1074 486 πυραμίδας
1103 431 1310 474 καλέουσι
1339 445 1439 473 ποι-

175 611 342 662 τούτους
361 612 442 655 dno*
466 615 600 665 μίσεος
621 609 772 664 mindo-

118 689 166 712 τοι
196 672 360 711 θέλουσι
387 688 420 710 κ.
447 687 478 709 τ.
506 670 563 721 t]
606 666 773 717 τούτους

119 731 289 779 equidem
318 730 435 766 refero
465 729 513 764 ad
543 729 642 776 ipsos
666 728 773 764 hosce

118 800 248 835 reges,
279 785 487 834 Cheopem‚
518 789 556 821 et
585 784 773 832 Chephre-

118 856 224 889 nem,
255 842 317 890 qui
346 841 519 890 populum
545 840 772 877 exstruendis

118 898 367 949 pyramidibus
382 902 573 946 tantopere
585 900 774 942 vexarunt,

119 961 159 992 ut
180 954 361 991 noluerint
380 954 517 1003 posteri
544 954 691 990 nomina
712 966 775 989 eo-

117 1025 196 1048 rum
217 1023 361 1048 servare
389 1015 425 1047 et
456 1010 679 1060 posteritatis
698 1023 775 1046 me-

118 1067 255 1104 moriae
285 1068 442 1103 tradere.
501 1066 553 1103 Ae
572 1066 774 1103 Larcherus

119 1125 204 1161 inde
223 1123 373 1172 colligit,
388 1124 433 1160 de
447 1124 673 1172 pyramidum
689 1136 775 1159 con·

120 1181 321 1226 (litoribus,
358 1185 397 1216 ut
425 1180 495 1215 iam
514 1180 650 1216 Plinius
671 1183 775 1216 notat

119 1237 154 1273 h.
175 1250 211 1273 11.
233 1237 431 1282 ΧΧΧΥΙΙ,
447 1240 518 1282 12,
540 1248 666 1285 parum
687 1249 774 1272 con-

121 1299 239 1340 stare,
277 1307 357 1330 cum
391 1293 451 1329 alii
488 1293 590 1329 aliter
615 1293 774 1342 prodant

121 1363 241 1386 rerum
279 1350 484 1398 scriptores.
545 1349 656 1392 Quod
686 1361 772 1385 vero

120 1406 248 1454 Zo‘ega
262 1406 383 1441 scribit
401 1406 447 1441 de
466 1405 674 1453 obeliscop.
691 1406 772 1446 293

120 1467 220 1508 not.‚
252 1461 406 1498 Diodori
436 1461 552 1497 locum
588 1462 772 1508 attingens

120 1518 158 1566 I,
185 1521 261 1559 72:
291 1518 636 1567 „quemadmodum
669 1522 706 1554 et
737 1518 773 1553 in

120 1575 325 1611 universum
354 1587 448 1623 quae
477 1575 575 1624 apud
604 1574 776 1611 Herodo-

120 1635 197 1668 tum
219 1631 381 1679 aliosque
405 1631 575 1679 leguntur
606 1632 652 1668 de
682 1631 775 1667 infa-

120 1689 215 1725 miae
256 1692 345 1723 nota
383 1687 506 1723 harum
547 1688 775 1736 pyramidum

122 1744 368 1781 conditoribus
393 1744 515 1780 iuussa
536 1771 546 1788 ,
584 1756 657 1779 non
685 1744 774 1779 satis

122 1800 289 1837 videntur
320 1800 503 1836 credibilia
523 1828 534 1846 ‚
574 1799 778 1836 advertenti

122 1861 178 1893 tot
212 1855 301 1893 alias
327 1857 533 1905 pyramides
564 1860 708 1893 exstare
738 1856 775 1891 111

123 1912 315 1962 Aegypto,
354 1913 391 1948 in
420 1913 552 1961 quibus
580 1911 776 1949 nonnullae

122 1969 295 2019 praelatis
325 1968 391 2005 illis
423 1982 495 2005 non
526 1968 636 2004 multo
668 1982 775 2018 repe-

122 2025 262 2061 riuntur
304 2025 522 2070 minores;“
565 2025 634 2061 hoc
658 2026 775 2061 minus

122 2081 349 2118 considerate
367 2082 552 2131 scripsisse
565 2082 707 2118 videtur
725 2082 776 2117 vir

122 2137 362 2174 doctissimus.
422 2139 529 2174 Conf.
552 2142 645 2174 nott.
661 2139 708 2174 ad
730 2137 775 2184 ll,

125 2193 216 2235 124.
267 2194 350 2231 Hoc
368 2198 488 2231 autem
507 2194 586 2230 loco
609 2198 777 2244 praeter-

122 2250 174 2287 ire
192 2249 360 2287 nolumus
374 2251 545 2288 Heerenii
557 2251 776 2288 sententiam

121 2307 263 2354 (Ideen
283 2305 337 2353 ΙΙ,
355 2310 380 2347 2
399 2320 434 2356 p.
454 2309 565 2355 118),
596 2307 652 2344 cui
671 2307 776 2344 valde

122 2362 313 2399 verisimile
346 2363 509 2410 videtur,
547 2364 775 2413 pyramidum

124 2420 330 2455 conditores
349 2421 532 2468 pertinere
553 2421 599 2456 ad
620 2433 701 2457 eam
718 2433 777 2457 re-

125 2488 211 2524 gum
236 2475 406 2524 stirpem,
445 2489 537 2525 quos
558 2476 702 2525 Hyksos
733 2476 775 2524 (i.

126 2544 156 2567 e.
173 2544 280 2580 reges
313 2533 540 2581 pastoritios)
572 2532 684 2581 vulgo
712 2545 776 2569 vo-

126 2592 220 2634 cant,
240 2599 367 2624 exosos
385 2588 465 2624 illos
487 2588 635 2637 quidem
652 2588 776 2637 Aegy-

125 2644 212 2693 ptiis
233 2648 342 2691 atque
361 2643 637 2693 invisos,quum
659 2658 778 2695 popu-

126 2699 199 2736 lum
223 2699 327 2736 valde
356 2701 517 2736 vexarint
546 2701 777 2750 pessimeque

124 2757 322 2793 tractarint.
354 2756 430 2793 Sed
449 2757 633 2806 pertinent
662 2756 698 2793 hi
719 2771 776 2794 re-

126 2824 214 2861 ges,
242 2813 290 2850 de
316 2812 450 2862 quibus
476 2812 591 2850 multa
615 2813 775 2864 protule-

839 619 923 651 runt
942 615 1052 651 Beck.
1075 614 1296 664 lVeltgesch.
1318 615 1335 652 I
1355 616 1497 665 p.296.

841 671 1015 709 Creuzer.
1037 685 1166 708 comm.
1187 673 1275 709 Her.
1305 685 1391 722 pag.
1417 673 1497 712 191.

842 733 916 764 not.
942 730 1017 768 171
1039 728 1116 765 coll.
1135 729 1296 765 Heeren.
1321 729 1342 764 l.
1362 728 1384 765 l.
1407 727 1450 774 ll,
1472 731 1499 768 2

842 797 877 833 p.
899 787 980 825 116
1008 798 1130 833 seqq,
1163 786 1209 821 ad
1237 785 1349 820 multo
1378 785 1500 834 priora

842 844 1022 890 tempora,
1037 854 1143 889 quam
1157 841 1287 889 quibus
1302 846 1337 878 et
1350 842 1498 890 Clleops

844 902 881 934 et
910 897 1106 946 Chephren
1137 898 1270 935 vixisse
1302 898 1499 947 perhiben-

842 958 912 990 tur.
974 953 1062 990 lude
1083 953 1190 990 aliam
1220 955 1394 1004 proponit
1412 966 1500 990 con-

842 1010 1015 1047 iecturam
1046 1011 1143 1047 idem
1172 1011 1380 1048 Heerenius
1408 1008 1498 1057 (1.1.

842 1080 927 1117 pag.
951 1068 1040 1107 118.
1067 1069 1147 1107 198
1169 1080 1272 1116 seqq.
1294 1067 1374 1104 coll.
1396 1067 1448 1113 ll,
1476 1069 1496 1106 1

842 1137 878 1174 p.
902 1123 1017 1170 405),
1048 1124 1120 1172 qua
1138 1125 1346 1173 pyramides
1369 1124 1414 1160 ab
1428 1123 1500 1160 Ae-

841 1181 1009 1229 thiopicis
1036 1181 1206 1228 regibus,
1245 1183 1307 1229 qui
1333 1194 1400 1231 per
1431 1179 1499 1216 ali-

842 1237 944 1285 quod
976 1240 1119 1286 tempus
1150 1236 1309 1286 Aegypti
1346 1249 1500 1285 regnum

842 1293 1047 1338 tenuerint,
1079 1298 1283 1330 exstructae
1309 1298 1498 1343 putentur,

842 1363 921 1386 cum
940 1350 976 1385 in
1001 1350 1081 1398 ipsa
1100 1350 1228 1387 Meroe
1250 1350 1377 1387 itidem
1399 1350 1499 1386 inve-

842 1406 988 1442 niantur
1007 1406 1236 1454 pyramides,
1273 1407 1321 1442 ad
1348 1419 1500 1454 quarum

842 1461 1027 1510 exemplar
1064 1462 1313 1512 Aegyptiacae
1367 1463 1501 1499 suerint

845 1518 1070 1555 aedificatae.
1130 1518 1183 1555 Ac
1208 1524 1332 1556 monet
1352 1531 1500 1567 quoque

842 1574 976 1611 Ritter.
1007 1575 1223 1621 (Erdkund.
1248 1576 1263 1611 I
1291 1588 1376 1625 pag.
1397 1576 1500 1623 540)

843 1632 944 1680 apud
981 1630 1181 1681 Aethiopes
1221 1632 1324 1668 initia
1360 1633 1501 1669 formae

843 1687 1078 1737 pyramidalis
1106 1688 1266 1737 indeque
1293 1689 1409 1737 ipsam
1432 1702 1501 1738 py-

844 1744 1022 1779 ramidum
1054 1744 1231 1792 originem
1269 1757 1350 1782 esse
1388 1758 1501 1794 quae-

843 1801 1007 1837 rendam.

903 1851 1002 1894 οἷλλοῖ
1022 1854 1085 1894 καὶ
1104 1852 1174 1902 τᾶς
1194 1857 1500 1906 πυραμίδαςκοι-

843 1910 975 1951 λέουσι
1018 1911 1208 1962 ποιμένος
1253 1914 1499 1961 Φιλιτίωνος,

846 1965 887 2015 ὃς
912 1984 945 2006 κ.
959 1968 1049 2019 τ.λ.]
1085 1970 1318 2016 Φιλιτίωνος
1341 1984 1420 2007 cum
1442 1984 1501 2008 re-

844 2030 953 2063 ceutt.
982 2027 1067 2063 edd.
1096 2027 1181 2063 dedi
1207 2041 1274 2076 pro
1312 2028 1500 2073 Φιλίτιος,

845 2083 944 2131 quod
964 2096 1006 2119 ex
1018 2082 1187 2120 Mediceo
1201 2088 1389 2134 receperat
1401 2084 1500 2120 Gro-

842 2139 982 2175 novius.
1042 2139 1082 2175 In
1100 2139 1314 2177 Florentino
1337 2140 1428 2176 libro
1446 2141 1502 2177 in-

843 2196 985 2232 venitur
1010 2196 1245 2242 Φιλιτίονος.
1294 2196 1502 2245 Argumen-

843 2256 920 2288 tum
938 2251 1005 2289 loei
1020 2254 1189 2290 tractavit
1212 2254 1381 2290 Creuzer.
1401 2267 1501 2290 com-

844 2312 970 2345 mentt.
991 2308 1157 2346 Herodd.
1180 2308 1216 2360 ἓ.
1240 2312 1290 2350 16
1311 2323 1396 2359 pag.
1420 2312 1500 2351 188

846 2378 964 2413 seqq.,
996 2366 1092 2403 unde
1113 2367 1258 2415 potiora
1290 2367 1360 2402 huc
1380 2371 1501 2403 trans-

844 2422 1012 2458 feramus.
1081 2422 1252 2472 Namque
1279 2423 1410 2471 Zo'ega
1453 2424 1500 2460 de

845 2477 1015 2514 obelisco.
1034 2491 1069 2527 p.
1093 2480 1175 2520 389
1196 2481 1272 2515 not.
1293 2482 1347 2520 20
1373 2483 1500 2528 pasto-

844 2546 919 2570 rem
940 2532 1188 2581 ΡΙιίίίίίοηοηῑ,
1219 2548 1246 2571 s.
1268 2539 1307 2571 ut
1326 2535 1385 2572 ille
1413 2537 1501 2573 scri-

843 2590 919 2636 bit,
954 2589 1107 2627 Plez'lz'tz'n
1130 2591 1227 2628 haud
1257 2591 1363 2628 alium
1385 2592 1498 2630 videri

846 2646 972 2682 statuit
1010 2651 1122 2696 atque
1159 2648 1277 2697 ipsum
1323 2648 1498 2686 Osz'rz'dem

845 2701 1059 2750 Philemon,
1091 2704 1222 2750 deum,
1252 2705 1308 2741 cui
1337 2710 1498 2742 mortuo·-

843 2771 921 2795 rum
951 2759 1041 2796 haec
1068 2760 1249 2797 domicilia
1269 2761 1496 2810 (pyramides

843 2815 937 2863 scil.)
968 2821 1178 2854 consecrata
1207 2818 1344 2855 fuerint
1369 2831 1497 2868 quem-
