1909 3228
549 209 968 250 EUTERPE.
1018 209 1064 247 ΙΙ.

1335 208 1420 249 555

169 321 336 379 χώρην·
366 320 533 364 τούτων
563 321 702 364 εἵνεκα
741 320 855 363 πλέω
894 319 991 374 περὶ
1033 315 1164 374 αὐτῆς
1193 313 1416 371 gloriositate.
1429 321 1474 356 75

143 401 406 456 ΞΑἰγύπτιοι
447 399 534 454 ἅμα
570 404 630 456 τῷ
670 398 846 457 οὐρανῷ
884 402 945 457 τῷ
984 397 1092 441 κατὰ
1132 395 1266 452 σφέας
1303 393 1419 437 ἐόντι

171 479 367 536 ἑτεροίῳ,
398 481 470 522 καὶ
498 484 559 536 τῷ
588 482 769 535 ποταμῷ
803 477 937 533 φύσιν
978 475 1156 531 ἀλλοίην
1183 473 1419 531 παρεχομέ-

170 575 232 615 νῳ
262 558 291 615 ἦ
321 560 364 601 οἵ
391 557 512 602 ἄλλοι
541 558 749 614 ποταμοὶ,
799 555 851 599 τὰ
881 555 1016 598 πολλοὶ
1058 555 1197 598 πάντα
1239 555 1420 610 ἔμπαλιν

168 643 282 680 τοῖσι
323 637 488 681 ἄλλοισι
528 636 801 691 ἀνθρώποισι
839 632 1070 689 ἐστήσαντο
1110 633 1222 689 ἤθεά
1264 650 1308 677 τε
1345 633 1419 677 καὶ

141 718 349 772 3νόμους.

413 717 458 759 ἐν
492 721 601 759 τοῖσι
643 718 689 758 αἱ
716 715 793 770 μὲν
826 719 1026 768 γυναῖκες
1053 713 1318 768 ἀγοράζουσι
1346 713 1420 756 καὶ

170 793 484 850 καπηλεύουσι·
536 795 579 837 οἵ
616 794 661 837 δὲ
698 792 874 849 ἄνδρες,
932 792 1029 837 κατ’
1070 795 1218 843 οἴκους
1257 792 1475 844 ἐόντες-,80

168 998 379 1051 ἐστήσαντο
406 997 516 1051 ἤθεά
540 1015 579 1039 τε
606 1000 672 1040 καὶ
691 997 761 1040 νό-

114 1056 226 1108 μους]
259 1058 328 1095 Pro
354 1055 459 1107 ἤθεα
484 1058 655 1095 Valcken.
685 1071 761 1094 ma-

113 1113 179 1150 luit
204 1114 298 1152 ἕθεα
339 1115 467 1163 (quod
503 1115 598 1151 idem
630 1114 762 1164 placuit

113 1170 309 1207 Schaefero
329 1172 364 1206 in
393 1170 567 1219 Apparat.
588 1171 695 1206 critic.
714 1171 761 1206 ad

113 1226 350 1265 Demosthen.
373 1231 460 1263 tom.
480 1226 510 1262 II
529 1240 613 1276 pag.
637 1226 760 1274 169);

115 1284 176 1331 qui
197 1296 259 1319 cur
277 1283 326 1319 ita
346 1283 526 1327 maluerit,
556 1282 652 1319 haud
671 1283 758 1318 satis

116 1352 155 1375 se
191 1339 388 1387 intelligere
425 1339 546 1375 scribit
576 1340 760 1386 Schweig-

113 1395 328 1441 haeuserus,
366 1396 421 1431 cui
463 1393 556 1432 ἕθεα
596 1395 762 1430 videntur

114 1452 230 1498 magis
248 1463 329 1487 esse
358 1450 617 1486 consuetudines
634 1452 759 1498 singu-

114 1506 224 1543 lorum
237 1535 248 1553 ,
277 1503 384 1555 ἤθεα
400 1506 536 1555 publici
553 1507 668 1554 magis
689 1519 761 1542 mo-

114 1576 176 1599 res.
235 1562 288 1599 Ac
323 1562 446 1599 laudat
483 1563 664 1600 Herodot.
699 1561 762 1608 IV,

114 1618 179 1660 95·
206 1621 295 1660 106.
324 1619 429 1666 VIII,
460 1618 549 1659 144.
598 1618 659 1655 Tu
687 1618 760 1654 vid.

114 1687 210 1723 quae
233 1676 280 1712 de
309 1675 362 1711 his
390 1676 535 1712 vocibus
566 1674 763 1725 disputavit

113 1731 305 1767 Bekkerus
325 1744 425 1768 meus
444 1733 480 1767 in
499 1732 654 1780 Specim.
676 1731 762 1767 Phi-

114 1786 252 1823 lostrat.
275 1799 360 1836 pag.
386 1789 435 1826 11
460 1799 536 1834 seq.
592 1786 764 1833 Namque

115 1835 221 1891 ἧθος
268 1854 394 1878 omnem
430 1855 560 1878 morum
605 1841 763 1888 indolem,

115 1899 271 1935 habitum
306 1900 483 1947 proprium
511 1898 678 1947 quendam
708 1897 764 1933 in-

116 1955 214 1991 dicat
235 1958 396 2004 apteque
417 1955 503 1992 inde
521 1955 626 1991 etiam
639 1954 685 1990 ad
697 1966 763 2002 po-

114 2010 189 2061 puli
229 2023 346 2048 mores
388 2016 426 2048 et
452 2010 567 2047 civilia
602 2010 764 2047 instituta

116 2066 302 2103 transferri
321 2070 453 2116 potest.
473 2087 528 2093 —
550 2067 607 2103 De
625 2078 764 2102 morum

116 2122 377 2172 Aegyptiorum
398 2127 433 2160 et
452 2123 673 2159 Graecorum
693 2122 766 2158 dis-

117 2179 302 2228 crepantia
328 2179 452 2215 comici
482 2179 667 2214 cuiusdam
686 2191 766 2214 ver-

120 2234 250 2271 siculos
275 2236 373 2284 apud
392 2235 523 2271 Athen.
548 2234 613 2270 Vll
635 2248 670 2283 p.
684 2236 765 2275 299

121 2303 196 2339 seq.
215 2291 322 2327 affert
339 2291 711 2339 Schweighaeuserus.

176 2345 218 2385 ἐν
257 2350 359 2385 τοῖσι
399 2346 443 2384 αἱ
476 2344 547 2397 μὲν
586 2350 769 2398 γυναῖκες

121 2397 355 2452 ἀγοράζουσι
378 2403 445 2441 καὶ
473 2398 766 2452 καπηλεύουσι]

121 2457 180 2494 Ad
208 2459 322 2507 ipsam
349 2471 424 2496 rem
442 2459 695 2508 Nymphodori
714 2459 767 2494 Io-

123 2526 203 2549 cum
214 2513 368 2550 afferunt
378 2515 593 2564 interpretes
613 2516 649 2550 in
663 2514 768 2551 scho-

122 2569 178 2604 liis
210 2569 258 2604 ad
285 2569 451 2618 Sophocl.
482 2572 615 2620 Oedip.
638 2570 766 2607 Colon.

124 2627 203 2665 331
226 2627 368 2672 (327),
399 2627 459 2662 ubi
485 2632 670 2672 narratur,
701 2627 768 2663 Se-

123 2681 253 2717 sostrin
273 2681 427 2730 primum
441 2682 628 2719 muliebria
649 2683 771 2718 munia

122 2737 205 2772 viris
245 2737 482 2786 assignasse,
518 2751 590 2786 quo
637 2738 770 2775 scilicet

124 2806 185 2830 eos
209 2792 442 2830 effeminaret.
475 2792 569 2830 Add.
593 2794 769 2844 Pompon.

125 2848 210 2886 Mel.
240 2848 277 2897 I,
307 2853 352 2897 9,
382 2853 407 2891 6
437 2850 522 2887 ibiu.
566 2850 767 2887 Tzschuck.

828 1005 853 1037 t.
876 999 909 1036 V
935 1013 971 1049 p.
989 998 1081 1041 294.
1138 997 1196 1036 Ad
1219 999 1401 1037 mulierum
1420 998 1477 1035 di-

829 1057 1002 1106 gnitatem
1053 1057 1151 1105 apud
1185 1055 1385 1105 Aegyptios
1433 1068 1476 1092 ea

829 1125 973 1160 quoque
1015 1116 1198 1160 spectant,
1249 1125 1343 1161 quae
1378 1113 1476 1162 apud

828 1168 1032 1205 Diodorum
1061 1167 1230 1215 leguntur
1261 1170 1301 1216 I,
1325 1172 1389 1209 27.
1425 1190 1472 1195 —-

830 1220 1037 1276 ἀγοράζειν
1067 1226 1213 1261 omnino
1243 1229 1298 1263 est
1331 1227 1369 1262 in
1392 1225 1478 1274 foro

827 1294 930 1329 agere
963 1284 999 1317 et
1020 1283 1174 1328 versari,
1205 1281 1246 1320 ἐν
1263 1277 1387 1335 ἀγορᾷ
1411 1296 1477 1319 πε-

829 1340 1005 1388 ριπατεῖν
1023 1365 1033 1383 ,
1058 1337 1292 1388 διατρίβειν,
1314 1343 1352 1373 ut
1380 1338 1478 1388 apud

827 1393 1129 1442 Nymphodorum
1148 1398 1273 1430 exstat.
1314 1394 1398 1430 Hoc
1414 1407 1479 1429 au-

829 1454 902 1485 tem
926 1450 1042 1498 ipsum
1071 1449 1168 1498 apud
1193 1450 1355 1486 Graecos
1383 1450 1479 1485 viro-

829 1518 929 1551 rum,
976 1504 1256 1553 haudquaquam
1292 1505 1478 1542 mulierum

830 1566 918 1598 erat.
947 1560 1055 1597 Conf.
1079 1561 1129 1597 III
1147 1590 1156 1607 ,
1182 1564 1273 1602 137.
1301 1563 1392 1602 139.
1415 1561 1479 1608 IV,

829 1621 896 1659 78.
919 1616 1010 1657 164.
1028 1638 1084 1644 —
1112 1614 1349 1668 καπηλεύειν
1375 1619 1423 1654 ad
1440 1618 1479 1654 id

831 1673 1032 1711 commercii
1045 1686 1159 1721 genus
1170 1674 1364 1725 pertinere,
1380 1674 1480 1723 quod

830 1731 936 1767 rebus
964 1729 1144 1767 vilioribus
1173 1731 1220 1766 ad
1246 1731 1342 1767 vitae
1378 1743 1480 1767 usum

830 1787 983 1822 maxime
1016 1786 1226 1822 necessariis
1266 1787 1480 1832 continetur,

829 1845 932 1891 patet
952 1853 995 1877 ex
1012 1841 1077 1889 iis,
1107 1853 1202 1890 quae
1219 1842 1267 1878 ad
1287 1841 1325 1889 1,
1344 1841 1397 1883 94
1417 1854 1480 1878 an-

830 1897 1045 1933 notavimus.

888 1950 992 1991 οἶδὲ
1018 1948 1181 2003 ἄνδρες,
1217 1946 1308 1990 κατ’
1344 1951 1480 1999 οἷ’κους

831 2003 984 2055 ἐόντες,
1014 2006 1260 2058 ὑφαίνουσι]
1291 2008 1390 2045 Satis
1421 2022 1481 2046 ce·

830 2064 989 2101 lebratae
1023 2068 1182 2102 veterum
1216 2064 1481 2114 Aegyptiorum

830 2124 1018 2166 texturae,
1059 2121 1184 2169 quibus
1220 2120 1385 2170 permulti
1415 2121 1481 2157 ho-

831 2178 945 2214 mines
958 2177 1055 2225 iique
1076 2177 1251 2213 inferioris
1267 2177 1480 2226 plerumque

834 2233 1047 2270 conditionis
1083 2234 1337 2282 operabantur.
1403 2233 1481 2270 Te-

836 2294 952 2326 statur
964 2289 1017 2326 vel
1039 2302 1139 2326 sacra
1157 2290 1345 2339 scriptura,
1365 2302 1480 2338 quan-

836 2350 908 2382 tam
932 2346 967 2381 in
987 2346 1142 2382 texendo
1173 2358 1320 2395 operam
1349 2359 1481 2395 posue-

835 2402 906 2438 rint
935 2402 1104 2451 Aegyptii
1142 2406 1389 2450 quantumque
1419 2415 1481 2438 ex-

834 2458 1033 2503 celluerint3
1071 2462 1252 2495 testantur
1279 2459 1358 2507 ipsa
1391 2470 1481 2495 ana-

835 2513 988 2563 glypha,
1015 2514 1199 2551 Gallorum
1219 2515 1344 2551 studiis
1367 2527 1481 2564 nuper

835 2572 992 2617 detecta,
1024 2583 1116 2619 quae
1136 2576 1173 2608 ut
1194 2570 1381 2619 plurimum
1404 2576 1482 2608 tex-

836 2631 955 2672 tores,
975 2627 1144 2664 textorias
1166 2627 1290 2673 sellas,
1322 2627 1392 2662 alia
1414 2628 1481 2664 huc

837 2683 1034 2732 spectantia
1046 2682 1221 2720 exhibent.
1239 2682 1357 2731 Atque
1369 2684 1479 2733 ipsius

837 2740 1015 2775 Herodoti
1034 2739 1129 2775 locus
1162 2739 1215 2786 II,
1238 2740 1315 2780 105
1333 2739 1401 2775 huc
1421 2754 1478 2777 re-

838 2795 924 2833 ferri
944 2796 1089 2845 poterit.
1138 2796 1243 2838 Quae
1265 2796 1293 2832 si
1320 2801 1479 2845 reputes,

837 2852 933 2888 haud
952 2851 1102 2902 amplius
1120 2852 1316 2899 mirabere,
1345 2853 1406 2901 qui
1426 2854 1480 2890 fa-
