1909 3228
648 195 865 235 CLIO.
922 196 950 234 1.
1346 199 1430 240 289

168 309 324 351 θεῦτεν
353 304 398 351 δὲ
428 305 599 361 ἔμελλε,
629 302 688 358 ὥς
715 306 798 363 ἐγώ
829 306 987 362 δοκέω,
1010 304 1161 359 ἁλίσας
1189 304 1349 360 θάψειν
1377 307 1431 351 τὰ

169 385 321 430 πάντα.

1481 467 1543 494 Rex
1562 467 1599 495 de
1609 466 1688 503 Cyro
1706 468 1757 496 de-

1477 501 1630 536 liberans,
1658 502 1758 537 Magia

1480 534 1699 562 affirmantibus

1480 568 1593 602 credit,
1635 568 1741 595 somnii

1481 601 1576 629 satum
1604 601 1757 637 impletum

167 623 318 680 μάγων
347 625 390 665 οἳ
417 622 464 665 τὸ
495 620 702 665 ἐνύπνιόν
741 623 784 665 οἱ
812 622 947 680 ταύτῃ
978 622 1166 678 ἔκριναν.
1226 623 1425 679 άπικομέ-
1481 643 1556 664 esee.

48 467 147 514 120

276 462 478 521 Ἁρπάγῳ
508 463 585 520 μὲν
617 461 854 521 Ἀστυάγης
881 465 1007 522 δίκην
1042 465 1206 523 ταύτην
1233 465 1423 522 ἐπέθηκε.

168 543 324 599 Κύρου
355 544 402 587 δὲ
430 543 529 597 πέρι
559 543 784 599 βουλεύων
822 543 966 588 ἐκάλεε
1003 544 1109 595 τούς
1141 543 1302 596 αὐτούς
1336 548 1425 588 τῶν

168 719 275 753 νους
304 701 349 745 δὲ
379 703 515 754 εἴρετο
538 700 561 744 ὁ
589 698 839 757 Ἀστυάγης,
870 706 922 757 τῇ
944 700 1122 757 ἔκρινάν
1144 703 1188 746 οῖ
1206 702 1285 760 τήν
1307 702 1483 755 &mv-25

170 782 214 824 οἱ
242 780 288 824 δὲ
324 779 434 824 κατὰ
470 778 608 823 ταύτά
645 778 791 832 εἶπαν,
851 780 1046 836 λέγοντες
1088 779 1146 833 ὥς
1178 785 1428 838 βασιλεῦσαι

166 862 277 914 χρῆν
303 857 381 901 τὸν
412 860 570 910 παῖδα,
621 859 658 901 εἰ
695 858 870 912 ἐπέζωσε
911 861 983 903 καὶ
1012 859 1070 916 μὴ
1103 860 1293 905 ἀπέθανε
1323 861 1427 917 πρό-

139 944 320 992 2τερον.
374 935 423 980 Ὅ
454 938 498 981 δὲ
529 935 747 994 ἀμείβεται
786 937 947 990 αὐτοὺς
983 941 1148 983 τοῖσδε·
1207 939 1352 992 ,,”Εστι
1382 956 1427 983 τε

165 1015 225 1068 ,,ὁ
253 1020 375 1069 παῖς,
406 1017 478 1060 καὶ
507 1018 717 1071 περίεστι·
748 1018 821 1060 καί
847 1034 946 1073 μιν,
988 1015 1056 1061 ἐπ’
1088 1016 1228 1074 ἀγροῦ
1257 1017 1425 1062 διαιτώ-

167 1111 360 1151 ,,μενον,
396 1097 440 1140 οἵ
467 1096 514 1139 ἐκ
543 1100 618 1152 τῆς
651 1095 800 1153 κώμης
839 1098 988 1148 παῖδες
1025 1097 1260 1153 ἐστήσαντο
1306 1099 1425 1153 βασι-

139 1174 292 1226 3,,λεά.
325 1174 348 1218 ὁ
379 1175 423 1218 δέ
458 1174 625 1224 πάντα,
665 1174 747 1219 ὅσα
776 1190 855 1231 περ
887 1177 930 1219 οἱ
974 1173 1130 1233 ἀληθεῖ
1154 1175 1267 1235 λόγῳ
1307 1179 1481 1232 βασι-30

167 1253 313 1306 ,,λεές,
343 1253 538 1297 ἐτελέωσε
568 1253 764 1309 ποιήσας.
803 1254 876 1298 καὶ
903 1254 989 1310 γάρ
1020 1254 1322 1311 δορυφόρους,
1353 1255 1428 1298 καὶ

166 1331 464 1388 ,,θυρωροὺς,
495 1332 567 1376 καὶ
597 1331 962 1389 ἀγγελιηφόρους,
997 1333 1143 1377 καὶτὰ
1160 1332 1290 1377 λοιποὶ
1314 1331 1426 1375 πάν-

164 1427 254 1463 ,,τα
283 1410 484 1463 διατάξας
513 1409 607 1467 εἶχε.
666 1412 739 1454 καὶ
767 1415 851 1455 νῦν
883 1410 925 1462 ἐς
952 1413 993 1454 τί
1020 1409 1128 1468 ὑμῖν
1156 1415 1293 1456 ταῦτα
1323 1413 1422 1469 φαί-

137 1493 323 1542 4,,νεται
352 1489 566 1546 φέρεινςίι
624 1488 769 1533 Εἶπαν
797 1491 842 1533 οἱ
869 1489 1021 1546 μάγοι·
1079 1523 1104 1543 „
1119 1491 1177 1534 Εἰ
1205 1491 1284 1549 μὲν
1310 1491 1426 1547 περί-

165 1570 395 1629 ,,εστί,τε,
445 1570 520 1614 καὶ
556 1568 801 1626 ἐβασίλευσε
839 1566 864 1613 ὁ
902 1574 1004 1621 παῖς
1032 1569 1092 1626 μὴ
1131 1569 1178 1614 ἐκ
1215 1571 1481 1627 προνοίης35

167 1646 344 1700 ,,τινὸς,
395 1648 554 1704 θάρσει
582 1664 626 1693 τε
654 1647 816 1692 τούτου
852 1650 1015 1698 εἵνεκα,
1063 1648 1137 1693 καὶ
1174 1650 1323 1707 θυμὸν
1360 1650 1426 1706 ἔχε

167 1724 401 1782 ,,οἷγαθόν·
433 1726 486 1771 οὐ
514 1727 597 1783 γάρ
627 1728 688 1772 ἔτι
718 1727 766 1772 τὸ
797 1726 1001 1784 δεύτερον
1030 1727 1161 1784 ἄρξει.
1190 1727 1310 1784 παρά
1334 1739 1425 1784 σμι-

169 1804 294 1860 ,,κρά
328 1805 411 1861 γὰρ
441 1807 514 1850 καὶ
542 1809 630 1850 τῶν
658 1806 819 1861 λογίων
846 1804 953 1862 ἡμῖν
974 1806 1069 1851 ἔνια
1088 1805 1319 1864 κεχώρηκε·
1349 1806 1424 1850 καὶ

314 2001 424 2051 Cap.
455 1999 572 2038 CXX.

169 2057 208 2098 εἶ
234 2055 478 2106 ἐπέζωσε]
510 2055 676 2103 ἐπέζωσε
705 2070 764 2094 ra-

112 2126 155 2151 ra
184 2115 302 2151 forma
330 2113 430 2150 verbi
456 2109 629 2161 ἐπιζώω,
666 2114 767 2163 quod

833 2002 905 2049 ξας
933 1995 1056 2052 εἶχε]
1089 1996 1165 2052 εἶχε
1190 2001 1357 2052 praebuit
1388 2000 1482 2038 San-

833 2058 938 2095 crofti
953 2057 1044 2095 liber
1061 2057 1140 2095 loco
1161 2058 1331 2106 vulgatae
1349 2051 1377 2107 ἦ
1387 2072 1408 2109 ρ
1420 2072 1440 2107 χ
1452 2071 1482 2105 ε,

833 2127 927 2163 quae
946 2113 1106 2163 glossam
1132 2114 1238 2163 sapit.
1282 2114 1378 2150 Hinc
1397 2126 1485 2163 pro-

112 2170 202 2207 alias
217 2170 253 2206 in
284 2169 469 2220 praesenti
493 2172 632 2206 tantum
654 2174 766 2218 atque

112 2226 323 2276 imperfecto
345 2225 506 2262 occurrit.
553 2225 611 2262 Cf.
634 2224 764 2262 Matth.

115 2280 153 2332 ἓ·
175 2283 257 2323 236
280 2295 316 2332 p.
335 2281 430 2322 462.
461 2281 670 2319 Buttmann.
701 2281 766 2318 Gr.

116 2338 182 2374 Gr.
206 2337 331 2374 maior.
349 2337 384 2374 II
411 2350 496 2388 pag.
516 2337 607 2378 145.
657 2337 770 2375 Unde

114 2398 288 2443 apparet,
317 2393 411 2431 male
440 2407 483 2431 ex
507 2393 601 2430 AIdo
633 2406 770 2444 propa-

116 2449 196 2497 gari
224 2447 405 2498 ἕπέζησε,
459 2450 558 2499 quod
598 2449 769 2487 meliores

115 2504 197 2542 libri
237 2505 409 2542 reiiciunt.
476 2505 579 2549 Quos
619 2506 770 2543 eosdem

116 2559 248 2606 secuti,
278 2560 316 2597 in
333 2573 436 2610 seqq.
456 2574 536 2597 cum
558 2560 769 2598 Gaisfordio

117 2617 282 2654 dedimus
302 2614 477 2666 βασιλέες
494 2630 562 2667 pro
578 2617 676 2666 vulg.
699 2617 768 2667 βα-

116 2674 258 2722 σιλῆες.
283 2693 330 2700 -—
353 2671 413 2710 De
432 2672 500 2719 iis,
529 2673 590 2721 qui
610 2673 644 2709 h.
665 2671 688 2709 l.
710 2673 767 2710 di-

115 2732 241 2766 cuntur
257 2722 564 2781 ἄγγελιηφόροι,
590 2730 634 2766 cf.
657 2741 768 2780 supra

115 2785 165 2822 ad
184 2784 222 2831 Ι,
245 2784 337 2825 114.

170 2839 238 2879 καὶ
259 2837 306 2879 τά
335 2836 455 2880 λοιπά
479 2835 610 2881 πάντα
635 2837 767 2880 διατά-

132 2895 345 2935 Ηειιιοοοτ.
375 2897 405 2934 Ι.

832 2170 942 2207 hante
977 2169 1050 2206 iam
1098 2170 1233 2206 dudum
1262 2169 1408 2219 Toupio
1445 2170 1485 2206 in

835 2224 1014 2263 Emendd.
1035 2226 1082 2262 ad
1102 2226 1203 2262 Suid.
1223 2225 1264 2262 P.
1285 2225 1334 2261 III
1353 2239 1388 2274 p.
1401 2223 1484 2265 454

838 2283 895 2319 ed.
914 2281 1018 2331 Lips.
1045 2294 1125 2318 cum
1143 2281 1283 2329 Schwg.
1309 2285 1344 2318 et
1368 2281 1484 2318 Gaisf.

837 2337 935 2374 haud
955 2341 1160 2374 cunctanter
1178 2337 1390 2386 recepimus.
1409 2336 1486 2374 Lo-

836 2394 1016 2431 cutionem
1037 2394 1152 2442 ipsam
1173 2393 1355 2441 attigimus
1375 2404 1487 2442 supra

835 2449 874 2497 I,
897 2451 951 2490 37
973 2448 1048 2485 init.
1067 2470 1121 2476 —-
1139 2449 1179 2484 In
1198 2449 1360 2499 proxime
1381 2460 1485 2497 seqq.

835 2518 903 2556 pro
933 2503 1068 2555 φέρειν
1097 2517 1189 2541 unus
1224 2504 1334 2542 habet
1359 2503 1487 2555 ἓ’χειν;

835 2562 935 2611 quod
960 2565 1149 2609 utrumque
1177 2560 1246 2598 dici
1271 2572 1382 2610 posse
1408 2573 1487 2597 mo-

835 2621 899 2655 net
934 2616 1152 2664 wesseling.
1192 2628 1213 2654 e
1247 2615 1375 2653 Nostri
1407 2616 1485 2653 loco

835 2673 907 2720 VI,
928 2675 979 2714 19
1000 2672 1078 2710 coll.
1098 2673 1143 2719 V,
1164 2673 1229 2713 81.
1258 2672 1365 2719 VIII,
1393 2671 1485 2714 144.

834 2728 916 2767 Nec
933 2728 1001 2765 hoc
1017 2741 1137 2766 rarum
1154 2732 1216 2764 aut
1234 2728 1456 2777 infrequens

889 2781 997 2835 παρά
1027 2781 1171 2835 σμικροὶ
1205 2781 1277 2836 γάρ
1309 2805 1365 2812 —
1400 2783 1485 2823 ἔνιοι

833 2837 1045 2894 κεχώρηκε]
1074 2841 1157 2879 Hoc
1177 2841 1225 2877 ad
1245 2853 1390 2878 sensum
1410 2853 1485 2878 non

1186 2898 1240 2937 19
