1909 3228
473 206 556 246 52⁰

860 199 1329 240 HERODOTI

474 316 562 357 τῶν
590 309 800 365 θερινέων
830 306 1090 363 ἀρξάμενος,
1121 306 1188 350 ἐπὶ
1209 306 1361 351 ἑκατὸν
1378 305 1559 364 ἡμέρας·
1593 306 1721 351 πελά-

477 403 556 441 σας
583 387 624 432 δ’
653 388 693 438 ἐς
720 386 797 430 τὸν
826 383 1016 441 ἀριθμὸν
1043 384 1228 429 τουτέων
1258 390 1347 428 τῶν
1375 384 1588 441 ἡμερέων,
1624 385 1720 428 ὀπί-

477 480 537 512 σω
567 465 791 521 ἀπέρχεται
819 463 1067 508 οέπολείπων
1095 464 1144 508 τὸ
1175 464 1376 519 ῥέεθρον·

422 655 497 689 tate
521 651 558 687 in
582 649 669 687 haec
687 648 966 698 inquisiverunt,
995 648 1066 686 vid.

421 707 550 745 Ritter.
565 705 767 743 Erdkunde
792 704 808 741 I
828 717 864 753 p.
885 706 965 746 837
990 704 1068 742 coll.

421 762 575 800 Salmas.
596 761 766 799 Exercitt.
795 760 910 797 Plinn.
929 774 965 811 p.
985 759 1067 802 804

422 831 500 868 seq.
525 817 654 856 Verbis
683 812 759 856 οἷπὸ
781 814 956 867 τροπέων
987 818 1067 855 τῶν

421 871 616 926 θερινέων
637 873 825 910 solstitium
843 873 990 910 indicari
1007 885 1069 910 ae-

423 931 574 978 stivum,
612 929 670 967 vix
696 941 895 967 memorare
931 929 1069 966 attinet.

416 986 476 1035 ,Ac
493 986 563 1024 dici
588 986 645 1023 vix
663 989 804 1036 potest,
834 988 922 1034 quot
942 984 1070 1034 imagi-

421 1043 527 1082 nibus
544 1041 612 1079 hoc
628 1042 745 1093 ipsum
755 1046 897 1091 tempus
915 1041 1071 1090 indeque

422 1100 588 1150 pendens
603 1096 762 1147 Aegypti
777 1097 928 1135 felicitas
953 1097 1072 1135 decla-

422 1158 522 1192 retur
546 1153 582 1190 in
608 1153 820 1204 anaglyphis
857 1153 1072 1204 templorum

423 1214 667 1257 vetustorum,
704 1222 798 1259 quae
823 1209 1073 1259 frequentissi-

423 1279 483 1304 ma
511 1279 577 1317 per
601 1265 810 1316 Aegyptum
834 1267 1073 1316 reperiuntur.

423 1321 610 1361 Nonnulla
642 1322 763 1370 attigit
796 1321 999 1360 Creuzerus
1037 1321 1074 1358 in

424 1377 584 1427 Symbol.
600 1376 615 1413 I
638 1391 673 1428 p.
691 1380 786 1424 269,
799 1377 868 1414 alia
887 1378 983 1416 idem
995 1390 1074 1415 mo-

424 1438 488 1471 net
507 1434 544 1470 in
561 1433 739 1470 Philarum
762 1437 798 1470 et
813 1433 1071 1483 Elephantines

425 1489 547 1526 insulis
572 1490 719 1538 reperiri
744 1489 791 1526 de
822 1490 953 1537 quibus
975 1488 1073 1525 Galli

426 1545 464 1582 in
481 1544 659 1594 Descript.
678 1545 724 1582 de
739 1544 904 1594 l’Egypt.
922 1544 1070 1593 Antiqq.

426 1600 495 1637 vol.
523 1600 538 1635 1
564 1612 600 1649 p.
624 1600 676 1640 57
704 1613 780 1648 seq.
820 1600 899 1637 coll.
938 1613 1016 1650 cap.
1045 1603 1070 1640 3

427 1653 465 1707 ἓ
479 1656 560 1705 41)
584 1657 645 1695 13.
666 1668 720 1705 cp.
742 1653 823 1706 ὃὸ
837 1658 910 1706 41).
927 1657 1070 1705 14seq.

483 1706 655 1756 πελάσας
685 1707 723 1749 δ’
743 1710 781 1756 ἐς
806 1708 870 1750 τὸν
900 1707 1075 1763 α’ριθιιόν

428 1765 597 1806 τουτέων
625 1768 703 1804 τῶν
726 1765 923 1816 ημερέων]
957 1763 1076 1805 πελα-

430 1835 501 1869 σας
520 1826 614 1859 recte
633 1834 727 1858 nunc
745 1823 879 1868 editur,
908 1836 987 1859 cum
1009 1836 1075 1859 an-

429 1883 489 1916 tea
505 1890 526 1915 e
545 1877 711 1914 Mediceo
729 1877 932 1914 Gronovius
946 1879 1077 1915 substi-

428 1938 545 1971 tutum
563 1932 734 1970 voluisset
752 1931 882 1979 πέλας.
921 1935 998 1971 Sed
1018 1948 1076 1972 re-

430 1994 487 2027 cte
524 1989 595 2025 iam
632 1994 754 2026 monet
792 1989 1079 2039 Wesselingius,

430 2040 601 2091 πελάσας
628 2045 685 2081 hic
717 2045 825 2096 paulo
850 2047 965 2083 minus
999 2060 1079 2085 esse

433 2114 476 2139 ac
504 2096 716 2152 πληρώσας
745 2100 784 2147 ἐς
806 2099 875 2140 τόν
902 2098 1078 2154 εἷριθμόν

432 2156 479 2205 11,
499 2160 545 2198 7:
576 2157 741 2207 „quando
759 2159 972 2207 compleverit
994 2173 1077 2209 pro—

428 2213 607 2264 pemodum
637 2213 765 2250 huncce
799 2214 929 2252 dierum
964 2228 1080 2252 nume-

433 2282 509 2306 rum
531 2283 558 2306 s.
572 2270 686 2317 magis
705 2270 752 2305 ad
768 2272 933 2308 verbum:
966 2285 1077 2322 quan-

433 2325 476 2362 do
494 2324 669 2362 crescendo
694 2330 875 2364 accesserit
902 2328 949 2364 ad
974 2330 1078 2364 istum

434 2381 566 2418 dierum
584 2384 798 2418 numerum.“
835 2384 972 2421 Contra
988 2385 1079 2422 Lar-

435 2436 560 2475 cherus
578 2433 747 2483 πελασας
775 2439 821 2476 de
848 2452 986 2476 accessu
1004 2441 1026 2476 i.
1046 2451 1078 2477 e.

435 2494 482 2530 de
492 2494 710 2530 incremento
724 2495 821 2531 fluvii
834 2496 984 2544 intelligi
995 2495 1080 2543 vult,

436 2548 491 2585 cui
517 2561 600 2586 mox
619 2555 822 2599 opponatur
847 2549 890 2590 τό
921 2547 1079 2601 ἐπέρχε-

438 2608 535 2643 σθαι
553 2618 580 2642 s.
602 2617 751 2641 recessus
764 2608 898 2656 fluvii,
927 2607 1082 2658 defectus

433 2660 545 2708 fluvii
555 2661 803 2700 decrescentis.
826 2663 957 2701 Verum
973 2664 1082 2702 talem

439 2716 797 2765 interpretationem
790 2732 905 2769 ipsum
923 2720 1082 2768 verbum,

441 2783 512 2817 quo
533 2771 667 2808 Noster
686 2774 812 2822 utitur,
840 2778 986 2826 respuit.
1016 2776 1082 2813 Vi-

443 2825 512 2862 deo
531 2830 650 2864 tamen
671 2841 750 2867 eam
767 2831 836 2868 iam
848 2833 982 2870 dudum
998 2845 1083 2882 pro-

1427 463 1532 508 ὥστε
1562 463 1724 521 βραχύς

1135 649 1244 687 latam
1256 649 1367 686 fuisse
1387 661 1409 686 a
1426 648 1602 685 Salmasio
1622 648 1658 685 in
1668 647 1783 686 Exer-

1135 706 1207 743 citt.
1227 705 1344 743 l'linn.
1364 718 1400 754 p.
1413 706 1508 751 310,
1523 704 1568 741 A.

1190 757 1316 801 ὀπίσω
1335 756 1539 813 ἀπέρχεται
1561 755 1785 798 απολείπων

1135 833 1178 857 το
1209 817 1398 869 ῥέεθρον]
1442 816 1635 854 Molestam
1676 816 1785 853 inter-

1134 875 1364 926 punctionem
1388 873 1495 923 vulgo
1516 877 1599 923 post
1621 867 1786 922 ἀπέρχε-

1135 945 1198 969 ται
1219 931 1374 980 positam
1393 943 1470 967 cum
1491 929 1699 965 Gaissordio
1726 941 1786 964 su-

1138 986 1238 1034 stuli,
1267 987 1441 1024 iubente
1433 999 1504 1023 iam
1525 985 1660 1021 dudum
1681 983 1787 1021 Wer-

1137 1044 1216 1080 sero
1244 1043 1280 1079 in
1298 1042 1396 1079 Actis
1428 1041 1526 1091 phill.
1554 1040 1786 1077 Monacenss.

1138 1099 1168 1146 Ι,
1190 1101 1211 1140 1
1235 1112 1271 1149 p.
1291 1098 1358 1144 85,
1377 1098 1437 1146 qui
1455 1097 1679 1147 participium
1692 1091 1788 1134 α’πο-

1138 1155 1284 1194 λείπων
1306 1166 1385 1191 cum
1408 1149 1612 1203 ἀπέρχεται
1634 1152 1683 1190 ita
1702 1164 1788 1189 con-

1138 1211 1239 1260 iungi
1258 1210 1346 1257 vult,
1375 1213 1415 1246 ut
1434 1210 1535 1246 huius
1553 1209 1664 1259 ipsius
1684 1212 1791 1258 pote-

1140 1272 1214 1305 stas
1239 1267 1306 1304 hoc
1327 1266 1438 1304 modo
1455 1271 1559 1303 aucta
1578 1265 1789 1315 reperiatur,

1139 1324 1450 1371 accusativumque
1477 1319 1520 1361 ‘co'
1543 1320 1712 1372 ῥέεθρον
1730 1333 1790 1357 ac-

1139 1384 1261 1418 curate
1279 1379 1329 1416 sic
1344 1379 1595 1429 exponendum
1617 1378 1734 1423 docet,
1750 1379 1790 1412 ut

1139 1436 1286 1486 proprie
1307 1433 1442 1471 valeat:
1475 1434 1591 1483 „quod
1608 1433 1655 1470 ad
1669 1434 1790 1482 fluen-

1140 1495 1213 1527 tum
1234 1493 1359 1527 attinet
1370 1491 1407 1536 ,“
1439 1490 1514 1527 aliis
1536 1502 1680 1538 quoque
1702 1489 1787 1525 locis

1139 1546 1261 1584 similis
1276 1551 1472 1583 structurae
1484 1552 1518 1583 et
1530 1551 1706 1594 cognatae
1725 1557 1791 1581 no-

1139 1603 1247 1640 tionis
1267 1603 1303 1638 in
1324 1602 1479 1639 medium
1499 1603 1659 1652 prolatis.
1675 1602 1790 1637 Recte

1140 1664 1262 1695 tamen
1307 1658 1665 1706 Scliweighaeuserus
1705 1657 1790 1693 mihi

1141 1727 1288 1751 monere
1306 1714 1468 1760 videtur,
1508 1716 1655 1751 verbum
1675 1708 1791 1763 οἷπέρ-

1141 1774 1283 1820 χεσθαι
1306 1770 1441 1818 opponi
1470 1770 1523 1816 ei,
1554 1770 1653 1819 quod
1682 1781 1793 1818 supra

1143 1830 1259 1863 exstat
1302 1822 1543 1875 κατέρχεται,
1591 1826 1793 1874 eodemque

1143 1882 1252 1918 modo
1265 1875 1489 1919 α’πολείπων
1499 1882 1686 1932 participio
1697 1884 1793 1931 πλη-

1144 1933 1274 1976 θύων.
1305 1937 1474 1986 Namque
1496 1934 1724 1977 οἷπολειπειν
1749 1952 1792 1976 το

1146 1993 1313 2045 ῥέεθρον
1331 1994 1388 2029 vix
1406 1993 1507 2030 aliter
1525 1999 1633 2043 atque
1656 1995 1791 2044 deflu-

1144 2052 1201 2087 vio
1230 2050 1437 2086 decrescente
1464 2050 1609 2100 intelligi
1639 2051 1794 2100 poterit3

1146 2119 1262 2154 eoque
1301 2107 1380 2155 ipso
1418 2106 1559 2143 adiecto
1596 2106 1791 2143 accuratius

1145 2162 1346 2199 declaratur
1365 2166 1399 2198 et
1417 2162 1606 2211 ampliatur
1621 2162 1671 2208 id,
1694 2162 1793 2210 quod

1146 2219 1182 2254 in
1202 2218 1402 2254 universum
1423 2219 1566 2266 quidem
1589 2219 1656 2254 iam
1679 2218 1793 2266 signi-

1144 2274 1287 2310 ficatum
1318 2277 1396 2310 erat
1432 2274 1541 2310 verbo
1575 2270 1791 2323 ἀπέρχεται.

1145 2329 1204 2367 De
1236 2329 1362 2366 eodem
1399 2330 1506 2366 ssuvio
1549 2331 1723 2366 diminuto
1751 2343 1794 2367 ae

1145 2385 1273 2422 minori
1291 2398 1461 2433 aquarum
1476 2387 1578 2435 copia
1590 2389 1723 2424 ssuente
1739 2387 1794 2423 in·

1144 2441 1378 2489 telligendum
1399 2439 1546 2493 βραχύς
1565 2443 1601 2480 in
1623 2443 1793 2479 continuo

1145 2498 1387 2546 sequentibus.
1429 2520 1477 2525 ——-
1519 2498 1576 2535 Ad
1603 2497 1712 2551 μέχρι
1744 2493 1793 2539 οὗ

1148 2555 1241 2590 cons·
1267 2553 1291 2600 Ι,
1314 2556 1404 2595 181.
1446 2553 1690 2605 ἱστορεῖν,
1720 2568 1793 2606 quo

1147 2610 1204 2646 bis
1230 2609 1266 2645 in
1292 2623 1394 2659 seqq.
1423 2610 1560 2648 Noster
1578 2611 1708 2659 utitur,
1739 2616 1795 2650 est

1149 2668 1336 2712 sciscitari,
1367 2680 1545 2716 quaeret-‘35
1576 2670 1667 2705 conf.
1691 2669 1792 2716 l,56.

1149 2723 1371 2763 61—123.
1401 2745 1457 2750 -
1485 2723 1597 2761 Paulo
1625 2724 1719 2761 infra
1746 2721 1794 2762 ταὶ

1149 2777 1376 2829 λελεγμένα,
1414 2780 1514 2829 quod
1543 2784 1616 2817 tres
1650 2781 1790 2830 probati

1149 2834 1305 2872 offerunt
1324 2834 1423 2881 libri,
1454 2840 1600 2873 recentt.
1626 2837 1709 2873 edd.
1736 2848 1792 2872 re-
