<?xml version="1.0" encoding="UTF-8"?>
<!DOCTYPE html PUBLIC "-//W3C//DTD XHTML 1.0 Transitional//EN"
    "http://www.w3.org/TR/xhtml1/DTD/xhtml1-transitional.dtd">
<html xmlns="http://www.w3.org/1999/xhtml" xml:lang="en" lang="en">
 <head>
  <title>
</title>
<meta http-equiv="Content-Type" content="text/html;charset=utf-8" />
  <meta name='ocr-system' content='tesseract 3.04.00' />
  <meta name='ocr-capabilities' content='ocr_page ocr_carea ocr_par ocr_line ocrx_word'/>
</head>
<body>
  <div class='ocr_page' id='page_1' title='image "./musaeherodoto01hero/musaeherodoto01hero_0583.png"; bbox 0 0 1909 3228; ppageno 0'>
   <div class='ocr_carea' id='block_1_1' title="bbox 566 212 1089 252">
    <p class='ocr_par' dir='ltr' id='par_1_1' title="bbox 566 212 1089 252">
     <span class='ocr_line' id='line_1_1' title="bbox 566 212 1089 252; baseline 0 -2"><span class='ocrx_word' id='word_1_1' title='bbox 566 212 986 252; x_wconf 84' lang='lat' dir='ltr'><strong>EUTERPE.</strong></span> <span class='ocrx_word' id='word_1_2' title='bbox 1044 213 1089 251; x_wconf 89' lang='grc' dir='ltr'>ΙΙ.</span> 
     </span>
    </p>
   </div>
   <div class='ocr_carea' id='block_1_2' title="bbox 1372 214 1457 255">
    <p class='ocr_par' dir='ltr' id='par_1_2' title="bbox 1372 214 1457 255">
     <span class='ocr_line' id='line_1_2' title="bbox 1372 214 1457 255; baseline 0 0"><span class='ocrx_word' id='word_1_3' title='bbox 1372 214 1457 255; x_wconf 81' lang='lat'>569</span> 
     </span>
    </p>
   </div>
   <div class='ocr_carea' id='block_1_3' title="bbox 178 315 1457 379">
    <p class='ocr_par' dir='ltr' id='par_1_3' title="bbox 178 315 1457 379">
     <span class='ocr_line' id='line_1_3' title="bbox 178 315 1457 379; baseline 0.001 -15"><span class='ocrx_word' id='word_1_4' title='bbox 178 326 277 376; x_wconf 81' lang='grc' dir='ltr'><em>3ζει.</em></span> <span class='ocrx_word' id='word_1_5' title='bbox 309 323 470 378; x_wconf 78' lang='grc' dir='ltr'><em>δίζηται</em></span> <span class='ocrx_word' id='word_1_6' title='bbox 502 321 548 366; x_wconf 79' lang='grc' dir='ltr'>δὲ</span> <span class='ocrx_word' id='word_1_7' title='bbox 581 326 718 365; x_wconf 82' lang='grc' dir='ltr'><em>ταῦτα</em></span> <span class='ocrx_word' id='word_1_8' title='bbox 747 315 980 379; x_wconf 74' lang='grc' dir='ltr'><em>ἐπὶτούτῳ</em></span> <span class='ocrx_word' id='word_1_9' title='bbox 1011 320 1263 378; x_wconf 76' lang='grc' dir='ltr'><em>τεταγμένος</em></span> <span class='ocrx_word' id='word_1_10' title='bbox 1290 325 1378 365; x_wconf 73' lang='grc' dir='ltr'><em>τῶν</em></span> <span class='ocrx_word' id='word_1_11' title='bbox 1394 339 1457 374; x_wconf 81' lang='grc' dir='ltr'>τις</span> 
     </span>
    </p>
   </div>
   <div class='ocr_carea' id='block_1_4' title="bbox 206 400 1456 458">
    <p class='ocr_par' dir='ltr' id='par_1_4' title="bbox 206 400 1456 458">
     <span class='ocr_line' id='line_1_4' title="bbox 206 400 1456 458; baseline 0.001 -14"><span class='ocrx_word' id='word_1_12' title='bbox 206 402 352 457; x_wconf 79' lang='grc' dir='ltr'><em>ἱρέων,</em></span> <span class='ocrx_word' id='word_1_13' title='bbox 385 403 456 445; x_wconf 77' lang='grc' dir='ltr'>καὶ</span> <span class='ocrx_word' id='word_1_14' title='bbox 486 401 629 456; x_wconf 74' lang='grc' dir='ltr'><em>ὀρθοῦ</em></span> <span class='ocrx_word' id='word_1_15' title='bbox 659 402 863 452; x_wconf 70' lang='grc' dir='ltr'><em>ἑστεῶτος</em></span> <span class='ocrx_word' id='word_1_16' title='bbox 891 405 970 444; x_wconf 85' lang='grc' dir='ltr'>τοῦ</span> <span class='ocrx_word' id='word_1_17' title='bbox 998 400 1173 458; x_wconf 76' lang='grc' dir='ltr'><strong><em>κτήνεος</em></strong></span> <span class='ocrx_word' id='word_1_18' title='bbox 1194 402 1265 445; x_wconf 87' lang='grc' dir='ltr'>καὶ</span> <span class='ocrx_word' id='word_1_19' title='bbox 1283 400 1456 455; x_wconf 80' lang='grc' dir='ltr'><em>ὑπτίου,</em></span> 
     </span>
    </p>
   </div>
   <div class='ocr_carea' id='block_1_5' title="bbox 204 479 1513 537">
    <p class='ocr_par' dir='ltr' id='par_1_5' title="bbox 204 479 1513 537">
     <span class='ocr_line' id='line_1_5' title="bbox 204 479 1513 537; baseline -0.001 -13"><span class='ocrx_word' id='word_1_20' title='bbox 204 481 279 524; x_wconf 78' lang='grc' dir='ltr'>καὶ</span> <span class='ocrx_word' id='word_1_21' title='bbox 309 479 388 537; x_wconf 71' lang='grc' dir='ltr'><em>τήν</em></span> <span class='ocrx_word' id='word_1_22' title='bbox 426 484 626 535; x_wconf 70' lang='grc' dir='ltr'><em>γλῶσσαν</em></span> <span class='ocrx_word' id='word_1_23' title='bbox 665 480 904 535; x_wconf 74' lang='grc' dir='ltr'><strong><em>ἐξειρύσας,</em></strong></span> <span class='ocrx_word' id='word_1_24' title='bbox 951 482 988 524; x_wconf 80' lang='grc' dir='ltr'><em>εἰ</em></span> <span class='ocrx_word' id='word_1_25' title='bbox 1017 479 1190 536; x_wconf 74' lang='grc' dir='ltr'><em>καθαρὴ</em></span> <span class='ocrx_word' id='word_1_26' title='bbox 1228 484 1314 524; x_wconf 76' lang='grc' dir='ltr'><em>τῶν</em></span> <span class='ocrx_word' id='word_1_27' title='bbox 1343 496 1453 536; x_wconf 84' lang='grc' dir='ltr'><em>προ-</em></span> <span class='ocrx_word' id='word_1_28' title='bbox 1468 483 1513 523; x_wconf 86' lang='grc'>45</span> 
     </span>
    </p>
   </div>
   <div class='ocr_carea' id='block_1_6' title="bbox 204 557 1456 617">
    <p class='ocr_par' dir='ltr' id='par_1_6' title="bbox 204 557 1456 617">
     <span class='ocr_line' id='line_1_6' title="bbox 204 557 1456 617; baseline -0.001 -15"><span class='ocrx_word' id='word_1_29' title='bbox 204 560 414 615; x_wconf 70' lang='grc' dir='ltr'><em>κειμένων</em></span> <span class='ocrx_word' id='word_1_30' title='bbox 462 562 678 615; x_wconf 50' lang='grc' dir='ltr'><em>σῑᾌαηΐων,</em></span> <span class='ocrx_word' id='word_1_31' title='bbox 738 559 792 602; x_wconf 74' lang='grc' dir='ltr'>τοὶ</span> <span class='ocrx_word' id='word_1_32' title='bbox 830 559 912 615; x_wconf 77' lang='grc' dir='ltr'>ἐγώ</span> <span class='ocrx_word' id='word_1_33' title='bbox 954 558 1000 602; x_wconf 81' lang='grc' dir='ltr'><em>ἐν</em></span> <span class='ocrx_word' id='word_1_34' title='bbox 1040 558 1154 614; x_wconf 73' lang='grc' dir='ltr'><em>ἄλλῳ</em></span> <span class='ocrx_word' id='word_1_35' title='bbox 1196 557 1309 617; x_wconf 75' lang='grc' dir='ltr'><em>λόγῳ</em></span> <span class='ocrx_word' id='word_1_36' title='bbox 1340 559 1456 613; x_wconf 79' lang='grc' dir='ltr'><em>ἐρέω.</em></span> 
     </span>
    </p>
   </div>
   <div class='ocr_carea' id='block_1_7' title="bbox 182 636 1457 695">
    <p class='ocr_par' dir='ltr' id='par_1_7' title="bbox 182 636 1457 695">
     <span class='ocr_line' id='line_1_7' title="bbox 182 636 1457 695; baseline 0.004 -18"><span class='ocrx_word' id='word_1_37' title='bbox 182 641 379 695; x_wconf 71' lang='grc' dir='ltr'><em>4κατορςῖ</em></span> <span class='ocrx_word' id='word_1_38' title='bbox 410 638 454 681; x_wconf 78' lang='grc' dir='ltr'>δὲ</span> <span class='ocrx_word' id='word_1_39' title='bbox 485 640 556 681; x_wconf 72' lang='grc' dir='ltr'>καὶ</span> <span class='ocrx_word' id='word_1_40' title='bbox 585 637 660 689; x_wconf 72' lang='grc' dir='ltr'>τας</span> <span class='ocrx_word' id='word_1_41' title='bbox 697 640 841 693; x_wconf 77' lang='grc' dir='ltr'><em>τρίχας</em></span> <span class='ocrx_word' id='word_1_42' title='bbox 870 642 944 693; x_wconf 69' lang='grc' dir='ltr'>τῆς</span> <span class='ocrx_word' id='word_1_43' title='bbox 974 636 1126 694; x_wconf 69' lang='grc' dir='ltr'><em>οὐρῆς,</em></span> <span class='ocrx_word' id='word_1_44' title='bbox 1165 640 1202 681; x_wconf 81' lang='grc' dir='ltr'><em>εἰ</em></span> <span class='ocrx_word' id='word_1_45' title='bbox 1230 637 1337 682; x_wconf 75' lang='grc' dir='ltr'><em>κατὰ</em></span> <span class='ocrx_word' id='word_1_46' title='bbox 1369 638 1457 694; x_wconf 81' lang='grc' dir='ltr'>φύ-</span> 
     </span>
    </p>
   </div>
   <div class='ocr_carea' id='block_1_8' title="bbox 178 714 1456 774">
    <p class='ocr_par' dir='ltr' id='par_1_8' title="bbox 178 714 1456 774">
     <span class='ocr_line' id='line_1_8' title="bbox 178 714 1456 774; baseline 0.002 -18"><span class='ocrx_word' id='word_1_47' title='bbox 178 722 280 759; x_wconf 84' lang='grc' dir='ltr'><em>5σιν</em></span> <span class='ocrx_word' id='word_1_48' title='bbox 309 717 390 771; x_wconf 73' lang='grc' dir='ltr'><em>ἔχει</em></span> <span class='ocrx_word' id='word_1_49' title='bbox 419 719 674 772; x_wconf 69' lang='grc' dir='ltr'><em>πεφυκυίας.</em></span> <span class='ocrx_word' id='word_1_50' title='bbox 706 717 760 773; x_wconf 80' lang='grc' dir='ltr'><em>ἢν</em></span> <span class='ocrx_word' id='word_1_51' title='bbox 790 716 834 759; x_wconf 79' lang='grc' dir='ltr'>δὲ</span> <span class='ocrx_word' id='word_1_52' title='bbox 865 715 1033 760; x_wconf 78' lang='grc' dir='ltr'><em>τούτων</em></span> <span class='ocrx_word' id='word_1_53' title='bbox 1062 716 1236 760; x_wconf 77' lang='grc' dir='ltr'><em>πάντων</em></span> <span class='ocrx_word' id='word_1_54' title='bbox 1262 714 1289 774; x_wconf 82' lang='grc' dir='ltr'><em>ᾗ</em></span> <span class='ocrx_word' id='word_1_55' title='bbox 1317 723 1456 761; x_wconf 75' lang='grc' dir='ltr'><em>καθα-</em></span> 
     </span>
    </p>
   </div>
   <div class='ocr_carea' id='block_1_9' title="bbox 203 794 1593 930">
    <p class='ocr_par' dir='ltr' id='par_1_9' title="bbox 203 794 1593 930">
     <span class='ocr_line' id='line_1_9' title="bbox 206 794 1593 855; baseline 0.001 -17"><span class='ocrx_word' id='word_1_56' title='bbox 206 794 301 848; x_wconf 82' lang='grc' dir='ltr'>ρός,</span> <span class='ocrx_word' id='word_1_57' title='bbox 331 797 579 850; x_wconf 70' lang='grc' dir='ltr'><em>σημαίνεται</em></span> <span class='ocrx_word' id='word_1_58' title='bbox 607 795 752 855; x_wconf 72' lang='grc' dir='ltr'><em>βύβλῳ</em></span> <span class='ocrx_word' id='word_1_59' title='bbox 783 796 878 851; x_wconf 81' lang='grc' dir='ltr'><em>περὶ</em></span> <span class='ocrx_word' id='word_1_60' title='bbox 905 794 956 839; x_wconf 71' lang='grc' dir='ltr'>τά</span> <span class='ocrx_word' id='word_1_61' title='bbox 986 795 1110 852; x_wconf 77' lang='grc' dir='ltr'><em>κέρεα</em></span> <span class='ocrx_word' id='word_1_62' title='bbox 1139 797 1355 839; x_wconf 76' lang='grc' dir='ltr'><em>εἱλίσσων·</em></span> <span class='ocrx_word' id='word_1_63' title='bbox 1385 796 1457 839; x_wconf 83' lang='grc' dir='ltr'>καὶ</span> <span class='ocrx_word' id='word_1_64' title='bbox 1517 807 1593 845; x_wconf 79' lang='lat'>122</span> 
     </span>
     <span class='ocr_line' id='line_1_10' title="bbox 203 873 1065 930; baseline 0.002 -14"><span class='ocrx_word' id='word_1_65' title='bbox 203 873 344 916; x_wconf 72' lang='grc' dir='ltr'><em>ἔπειτα</em></span> <span class='ocrx_word' id='word_1_66' title='bbox 383 878 465 927; x_wconf 68' lang='grc' dir='ltr'>γῆν</span> <span class='ocrx_word' id='word_1_67' title='bbox 497 877 762 930; x_wconf 69' lang='grc' dir='ltr'><em>σ)]μαι,’τρίδα</em></span> <span class='ocrx_word' id='word_1_68' title='bbox 801 874 1065 926; x_wconf 73' lang='grc' dir='ltr'><em>ἐπιπλάσας,</em></span> 
     </span>
    </p>
   </div>
   <div class='ocr_carea' id='block_1_10' title="bbox 1126 873 1513 931">
    <p class='ocr_par' dir='ltr' id='par_1_10' title="bbox 1126 873 1513 931">
     <span class='ocr_line' id='line_1_11' title="bbox 1126 873 1513 931; baseline -0.005 -14"><span class='ocrx_word' id='word_1_69' title='bbox 1126 874 1339 931; x_wconf 72' lang='grc' dir='ltr'><em>ἐπιβάλλει</em></span> <span class='ocrx_word' id='word_1_70' title='bbox 1381 873 1458 918; x_wconf 78' lang='grc' dir='ltr'><em>τόν</em></span> <span class='ocrx_word' id='word_1_71' title='bbox 1469 882 1513 916; x_wconf 82' lang='lat'>50</span> 
     </span>
    </p>
   </div>
   <div class='ocr_carea' id='block_1_11' title="bbox 175 951 1457 1009">
    <p class='ocr_par' dir='ltr' id='par_1_11' title="bbox 175 951 1457 1009">
     <span class='ocr_line' id='line_1_12' title="bbox 175 951 1457 1009; baseline 0.002 -16"><span class='ocrx_word' id='word_1_72' title='bbox 175 952 463 996; x_wconf 76' lang='grc' dir='ltr'><em>ὀδακτύλιον·</em></span> <span class='ocrx_word' id='word_1_73' title='bbox 495 954 566 996; x_wconf 77' lang='grc' dir='ltr'>καὶ</span> <span class='ocrx_word' id='word_1_74' title='bbox 599 953 713 997; x_wconf 80' lang='grc' dir='ltr'><em>οὕτω</em></span> <span class='ocrx_word' id='word_1_75' title='bbox 745 951 978 1008; x_wconf 66' lang='grc' dir='ltr'><em>ἀπάγουσι.</em></span> <span class='ocrx_word' id='word_1_76' title='bbox 1020 952 1268 1009; x_wconf 68' lang='grc' dir='ltr'><em>ἀσήμαντον</em></span> <span class='ocrx_word' id='word_1_77' title='bbox 1298 953 1342 996; x_wconf 82' lang='grc' dir='ltr'>δὲ</span> <span class='ocrx_word' id='word_1_78' title='bbox 1371 952 1457 995; x_wconf 70' lang='grc' dir='ltr'>θύ-</span> 
     </span>
    </p>
   </div>
   <div class='ocr_carea' id='block_1_12' title="bbox 204 1030 1458 1090">
    <p class='ocr_par' dir='ltr' id='par_1_12' title="bbox 204 1030 1458 1090">
     <span class='ocr_line' id='line_1_13' title="bbox 204 1030 1458 1090; baseline -0.001 -15"><span class='ocrx_word' id='word_1_79' title='bbox 204 1042 327 1075; x_wconf 85' lang='grc' dir='ltr'><em>σαντι</em></span> <span class='ocrx_word' id='word_1_80' title='bbox 356 1030 549 1083; x_wconf 66' lang='grc' dir='ltr'><em>θάνατος</em></span> <span class='ocrx_word' id='word_1_81' title='bbox 586 1032 611 1090; x_wconf 73' lang='grc' dir='ltr'>ἡ</span> <span class='ocrx_word' id='word_1_82' title='bbox 650 1035 772 1089; x_wconf 68' lang='grc' dir='ltr'><em>ζημίη</em></span> <span class='ocrx_word' id='word_1_83' title='bbox 802 1032 1024 1077; x_wconf 78' lang='grc' dir='ltr'><em>ἐπικέεται.</em></span> <span class='ocrx_word' id='word_1_84' title='bbox 1084 1031 1352 1089; x_wconf 79' lang='grc' dir='ltr'><em>δοκιμάζεται</em></span> <span class='ocrx_word' id='word_1_85' title='bbox 1380 1030 1458 1088; x_wconf 80' lang='grc' dir='ltr'><em>μέν</em></span> 
     </span>
    </p>
   </div>
   <div class='ocr_carea' id='block_1_13' title="bbox 144 1286 799 2121">
    <p class='ocr_par' dir='ltr' id='par_1_13' title="bbox 144 1286 799 2121">
     <span class='ocr_line' id='line_1_14' title="bbox 145 1286 796 1336; baseline 0.002 -13"><span class='ocrx_word' id='word_1_86' title='bbox 145 1286 203 1323; x_wconf 88' lang='lat' dir='ltr'>cui</span> <span class='ocrx_word' id='word_1_87' title='bbox 238 1286 445 1336; x_wconf 75' lang='lat' dir='ltr'>explorandi</span> <span class='ocrx_word' id='word_1_88' title='bbox 483 1299 609 1324; x_wconf 85' lang='lat' dir='ltr'>munus</span> <span class='ocrx_word' id='word_1_89' title='bbox 658 1288 796 1336; x_wconf 73' lang='lat' dir='ltr'>obtigit.</span> 
     </span>
     <span class='ocr_line' id='line_1_15' title="bbox 147 1343 797 1390; baseline 0.002 -11"><span class='ocrx_word' id='word_1_90' title='bbox 147 1343 253 1379; x_wconf 87' lang='lat' dir='ltr'>Conf.</span> <span class='ocrx_word' id='word_1_91' title='bbox 280 1343 324 1388; x_wconf 82' lang='lat' dir='ltr'>ll,</span> <span class='ocrx_word' id='word_1_92' title='bbox 352 1343 416 1383; x_wconf 80' lang='lat'>47.</span> <span class='ocrx_word' id='word_1_93' title='bbox 446 1343 474 1390; x_wconf 84' lang='lat' dir='ltr'>I,</span> <span class='ocrx_word' id='word_1_94' title='bbox 496 1345 584 1384; x_wconf 79' lang='grc'><strong>195.</strong></span> <span class='ocrx_word' id='word_1_95' title='bbox 634 1343 692 1379; x_wconf 76' lang='lat' dir='ltr'>Ad</span> <span class='ocrx_word' id='word_1_96' title='bbox 720 1357 797 1381; x_wconf 86' lang='lat' dir='ltr'>rem</span> 
     </span>
     <span class='ocr_line' id='line_1_16' title="bbox 145 1398 794 1444; baseline 0.003 -11"><span class='ocrx_word' id='word_1_97' title='bbox 145 1399 239 1436; x_wconf 84' lang='lat' dir='ltr'>conf.</span> <span class='ocrx_word' id='word_1_98' title='bbox 270 1399 410 1435; x_wconf 82' lang='lat' dir='ltr'><strong>Herod.</strong></span> <span class='ocrx_word' id='word_1_99' title='bbox 432 1398 502 1444; x_wconf 78' lang='lat' dir='ltr'>Ill,</span> <span class='ocrx_word' id='word_1_100' title='bbox 536 1402 600 1440; x_wconf 80' lang='lat'>28.</span> <span class='ocrx_word' id='word_1_101' title='bbox 643 1399 794 1437; x_wconf 85' lang='lat' dir='ltr'>Diodor.</span> 
     </span>
     <span class='ocr_line' id='line_1_17' title="bbox 144 1453 796 1499; baseline 0.002 -9"><span class='ocrx_word' id='word_1_102' title='bbox 144 1453 182 1499; x_wconf 84' lang='lat' dir='ltr'>l,</span> <span class='ocrx_word' id='word_1_103' title='bbox 204 1455 256 1494; x_wconf 84' lang='grc'>88</span> <span class='ocrx_word' id='word_1_104' title='bbox 289 1458 324 1490; x_wconf 89' lang='lat' dir='ltr'>et</span> <span class='ocrx_word' id='word_1_105' title='bbox 354 1454 532 1491; x_wconf 75' lang='lat' dir='ltr'>Plutarch.</span> <span class='ocrx_word' id='word_1_106' title='bbox 568 1456 615 1492; x_wconf 86' lang='lat' dir='ltr'>de</span> <span class='ocrx_word' id='word_1_107' title='bbox 646 1454 729 1491; x_wconf 84' lang='lat' dir='ltr'>Isid.</span> <span class='ocrx_word' id='word_1_108' title='bbox 761 1460 796 1492; x_wconf 86' lang='lat' dir='ltr'>et</span> 
     </span>
     <span class='ocr_line' id='line_1_18' title="bbox 145 1510 796 1559; baseline 0 -12"><span class='ocrx_word' id='word_1_109' title='bbox 145 1510 278 1547; x_wconf 89' lang='lat' dir='ltr'>Osirid.</span> <span class='ocrx_word' id='word_1_110' title='bbox 302 1511 452 1559; x_wconf 81' lang='lat' dir='ltr'><strong>p.363,</strong></span> <span class='ocrx_word' id='word_1_111' title='bbox 475 1510 519 1557; x_wconf 81' lang='lat' dir='ltr'>B,</span> <span class='ocrx_word' id='word_1_112' title='bbox 548 1510 646 1547; x_wconf 81' lang='lat' dir='ltr'>uude</span> <span class='ocrx_word' id='word_1_113' title='bbox 667 1510 796 1547; x_wconf 75' lang='lat' dir='ltr'>intelli-</span> 
     </span>
     <span class='ocr_line' id='line_1_19' title="bbox 146 1567 795 1614; baseline 0.002 -12"><span class='ocrx_word' id='word_1_114' title='bbox 146 1567 285 1614; x_wconf 76' lang='lat' dir='ltr'>gimus,</span> <span class='ocrx_word' id='word_1_115' title='bbox 318 1567 417 1602; x_wconf 87' lang='lat' dir='ltr'>rufos</span> <span class='ocrx_word' id='word_1_116' title='bbox 440 1570 581 1602; x_wconf 76' lang='lat' dir='ltr'>tantum</span> <span class='ocrx_word' id='word_1_117' title='bbox 609 1567 717 1604; x_wconf 76' lang='lat' dir='ltr'>boves</span> <span class='ocrx_word' id='word_1_118' title='bbox 750 1568 795 1603; x_wconf 76' lang='lat' dir='ltr'>ab</span> 
     </span>
     <span class='ocr_line' id='line_1_20' title="bbox 145 1620 797 1672; baseline -0.002 -12"><span class='ocrx_word' id='word_1_119' title='bbox 145 1620 333 1672; x_wconf 73' lang='lat' dir='ltr'>Aegyptiis</span> <span class='ocrx_word' id='word_1_120' title='bbox 358 1622 545 1668; x_wconf 68' lang='lat' dir='ltr'>immolari,</span> <span class='ocrx_word' id='word_1_121' title='bbox 573 1623 797 1659; x_wconf 75' lang='lat' dir='ltr'>accuratissi-</span> 
     </span>
     <span class='ocr_line' id='line_1_21' title="bbox 145 1678 795 1726; baseline 0 -10"><span class='ocrx_word' id='word_1_122' title='bbox 145 1691 204 1716; x_wconf 85' lang='lat' dir='ltr'>mo</span> <span class='ocrx_word' id='word_1_123' title='bbox 224 1682 307 1715; x_wconf 80' lang='lat' dir='ltr'>ante</span> <span class='ocrx_word' id='word_1_124' title='bbox 323 1678 484 1715; x_wconf 80' lang='lat' dir='ltr'>instituto</span> <span class='ocrx_word' id='word_1_125' title='bbox 509 1679 684 1726; x_wconf 70' lang='lat' dir='ltr'>examine,</span> <span class='ocrx_word' id='word_1_126' title='bbox 716 1693 795 1716; x_wconf 90' lang='lat' dir='ltr'>cum</span> 
     </span>
     <span class='ocr_line' id='line_1_22' title="bbox 145 1734 797 1784; baseline -0.002 -12"><span class='ocrx_word' id='word_1_127' title='bbox 145 1736 174 1772; x_wconf 80' lang='lat' dir='ltr'>si</span> <span class='ocrx_word' id='word_1_128' title='bbox 201 1734 257 1771; x_wconf 73' lang='lat' dir='ltr'>vel</span> <span class='ocrx_word' id='word_1_129' title='bbox 285 1747 393 1770; x_wconf 84' lang='lat' dir='ltr'>unum</span> <span class='ocrx_word' id='word_1_130' title='bbox 423 1735 533 1784; x_wconf 86' lang='lat' dir='ltr'>pilum</span> <span class='ocrx_word' id='word_1_131' title='bbox 573 1735 714 1783; x_wconf 74' lang='lat' dir='ltr'>nigrum</span> <span class='ocrx_word' id='word_1_132' title='bbox 744 1736 797 1771; x_wconf 81' lang='lat' dir='ltr'>al-</span> 
     </span>
     <span class='ocr_line' id='line_1_23' title="bbox 147 1789 797 1836; baseline 0 -9"><span class='ocrx_word' id='word_1_133' title='bbox 147 1791 275 1828; x_wconf 82' lang='lat' dir='ltr'>bumve</span> <span class='ocrx_word' id='word_1_134' title='bbox 296 1790 446 1826; x_wconf 85' lang='lat' dir='ltr'>haberet</span> <span class='ocrx_word' id='word_1_135' title='bbox 467 1789 620 1836; x_wconf 72' lang='lat' dir='ltr'>victima,</span> <span class='ocrx_word' id='word_1_136' title='bbox 649 1791 797 1827; x_wconf 77' lang='lat' dir='ltr'>mactari</span> 
     </span>
     <span class='ocr_line' id='line_1_24' title="bbox 146 1845 798 1895; baseline -0.002 -13"><span class='ocrx_word' id='word_1_137' title='bbox 146 1859 219 1883; x_wconf 90' lang='lat' dir='ltr'>non</span> <span class='ocrx_word' id='word_1_138' title='bbox 237 1849 372 1895; x_wconf 85' lang='lat' dir='ltr'>posset.</span> <span class='ocrx_word' id='word_1_139' title='bbox 411 1845 491 1882; x_wconf 70' lang='lat' dir='ltr'>Nec</span> <span class='ocrx_word' id='word_1_140' title='bbox 513 1858 592 1881; x_wconf 81' lang='lat' dir='ltr'>raro</span> <span class='ocrx_word' id='word_1_141' title='bbox 613 1847 650 1882; x_wconf 86' lang='lat' dir='ltr'>iu</span> <span class='ocrx_word' id='word_1_142' title='bbox 670 1859 798 1882; x_wconf 87' lang='lat' dir='ltr'>monu-</span> 
     </span>
     <span class='ocr_line' id='line_1_25' title="bbox 145 1901 799 1951; baseline -0.003 -12"><span class='ocrx_word' id='word_1_143' title='bbox 145 1902 276 1939; x_wconf 78' lang='lat' dir='ltr'>mentis</span> <span class='ocrx_word' id='word_1_144' title='bbox 305 1901 558 1951; x_wconf 75' lang='lat' dir='ltr'>Aegyptiacis,</span> <span class='ocrx_word' id='word_1_145' title='bbox 590 1915 683 1950; x_wconf 73' lang='lat' dir='ltr'>quae</span> <span class='ocrx_word' id='word_1_146' title='bbox 712 1915 799 1939; x_wconf 85' lang='lat' dir='ltr'>con-</span> 
     </span>
     <span class='ocr_line' id='line_1_26' title="bbox 145 1958 797 2007; baseline -0.002 -12"><span class='ocrx_word' id='word_1_147' title='bbox 145 1959 235 1996; x_wconf 84' lang='lat' dir='ltr'>tinet</span> <span class='ocrx_word' id='word_1_148' title='bbox 274 1958 414 2005; x_wconf 79' lang='lat' dir='ltr'>grande</span> <span class='ocrx_word' id='word_1_149' title='bbox 462 1970 552 2007; x_wconf 71' lang='lat' dir='ltr'>opus</span> <span class='ocrx_word' id='word_1_150' title='bbox 596 1959 797 2005; x_wconf 79' lang='lat' dir='ltr'>Gallorum,</span> 
     </span>
     <span class='ocr_line' id='line_1_27' title="bbox 146 2013 798 2052; baseline 0.003 -2"><span class='ocrx_word' id='word_1_151' title='bbox 146 2014 349 2051; x_wconf 83' lang='lat' dir='ltr'>istiusmodi</span> <span class='ocrx_word' id='word_1_152' title='bbox 377 2013 489 2051; x_wconf 81' lang='lat' dir='ltr'>boves</span> <span class='ocrx_word' id='word_1_153' title='bbox 520 2013 684 2052; x_wconf 79' lang='lat' dir='ltr'>victimae</span> <span class='ocrx_word' id='word_1_154' title='bbox 713 2027 798 2052; x_wconf 87' lang='lat' dir='ltr'>con-</span> 
     </span>
     <span class='ocr_line' id='line_1_28' title="bbox 148 2070 354 2121; baseline -0.01 -13"><span class='ocrx_word' id='word_1_155' title='bbox 148 2070 354 2121; x_wconf 87' lang='lat' dir='ltr'>spiciuntur.</span> 
     </span>
    </p>
   </div>
   <div class='ocr_carea' id='block_1_14' title="bbox 147 2177 801 2570">
    <p class='ocr_par' dir='ltr' id='par_1_14' title="bbox 147 2177 801 2570">
     <span class='ocr_line' id='line_1_29' title="bbox 204 2177 800 2235; baseline -0.002 -14"><span class='ocrx_word' id='word_1_156' title='bbox 204 2180 269 2221; x_wconf 77' lang='grc' dir='ltr'>ἐντὶ</span> <span class='ocrx_word' id='word_1_157' title='bbox 296 2177 424 2235; x_wconf 78' lang='grc' dir='ltr'><em>τούτῳ</em></span> <span class='ocrx_word' id='word_1_158' title='bbox 461 2179 692 2233; x_wconf 79' lang='grc' dir='ltr'><em>τεταγμένος</em></span> <span class='ocrx_word' id='word_1_159' title='bbox 720 2183 800 2220; x_wconf 77' lang='grc' dir='ltr'><em>τῶν</em></span> 
     </span>
     <span class='ocr_line' id='line_1_30' title="bbox 147 2236 799 2289; baseline -0.003 -12"><span class='ocrx_word' id='word_1_160' title='bbox 147 2253 206 2286; x_wconf 85' lang='grc' dir='ltr'>τις</span> <span class='ocrx_word' id='word_1_161' title='bbox 224 2237 363 2289; x_wconf 80' lang='grc' dir='ltr'><em>ἱρέων]</em></span> <span class='ocrx_word' id='word_1_162' title='bbox 395 2238 494 2276; x_wconf 77' lang='lat' dir='ltr'>Male</span> <span class='ocrx_word' id='word_1_163' title='bbox 521 2239 603 2275; x_wconf 88' lang='lat' dir='ltr'>olim</span> <span class='ocrx_word' id='word_1_164' title='bbox 623 2236 687 2277; x_wconf 81' lang='grc' dir='ltr'>ἐπὶ</span> <span class='ocrx_word' id='word_1_165' title='bbox 710 2240 799 2276; x_wconf 84' lang='grc' dir='ltr'><em>τοῦ-</em></span> 
     </span>
     <span class='ocr_line' id='line_1_31' title="bbox 148 2295 798 2343; baseline -0.003 -11"><span class='ocrx_word' id='word_1_166' title='bbox 148 2310 203 2333; x_wconf 91' lang='grc' dir='ltr'>το.</span> <span class='ocrx_word' id='word_1_167' title='bbox 234 2295 294 2332; x_wconf 91' lang='lat' dir='ltr'>Tu</span> <span class='ocrx_word' id='word_1_168' title='bbox 312 2296 382 2332; x_wconf 78' lang='lat' dir='ltr'>vid.</span> <span class='ocrx_word' id='word_1_169' title='bbox 399 2296 440 2343; x_wconf 82' lang='lat' dir='ltr'>V,</span> <span class='ocrx_word' id='word_1_170' title='bbox 463 2298 541 2337; x_wconf 87' lang='grc'>109</span> <span class='ocrx_word' id='word_1_171' title='bbox 559 2300 596 2332; x_wconf 87' lang='lat' dir='ltr'>et</span> <span class='ocrx_word' id='word_1_172' title='bbox 615 2296 710 2332; x_wconf 90' lang='lat' dir='ltr'>conf.</span> <span class='ocrx_word' id='word_1_173' title='bbox 723 2298 798 2330; x_wconf 81' lang='lat' dir='ltr'>not.</span> 
     </span>
     <span class='ocr_line' id='line_1_32' title="bbox 149 2351 798 2400; baseline 0 -14"><span class='ocrx_word' id='word_1_174' title='bbox 149 2351 197 2387; x_wconf 81' lang='lat' dir='ltr'>ad</span> <span class='ocrx_word' id='word_1_175' title='bbox 214 2351 391 2388; x_wconf 74' lang='lat' dir='ltr'><strong>Plutarch.</strong></span> <span class='ocrx_word' id='word_1_176' title='bbox 412 2351 586 2388; x_wconf 80' lang='lat' dir='ltr'>Alcibiad.</span> <span class='ocrx_word' id='word_1_177' title='bbox 607 2363 692 2400; x_wconf 80' lang='lat' dir='ltr'><strong>pag.</strong></span> <span class='ocrx_word' id='word_1_178' title='bbox 708 2353 798 2391; x_wconf 73' lang='lat'><strong>162.</strong></span> 
     </span>
     <span class='ocr_line' id='line_1_33' title="bbox 149 2406 800 2456; baseline 0.003 -14"><span class='ocrx_word' id='word_1_179' title='bbox 149 2406 244 2443; x_wconf 88' lang='lat' dir='ltr'>Huic</span> <span class='ocrx_word' id='word_1_180' title='bbox 271 2407 419 2455; x_wconf 83' lang='lat' dir='ltr'>negotio</span> <span class='ocrx_word' id='word_1_181' title='bbox 451 2408 654 2456; x_wconf 80' lang='lat' dir='ltr'>praefectos</span> <span class='ocrx_word' id='word_1_182' title='bbox 682 2420 800 2444; x_wconf 81' lang='lat' dir='ltr'>sacer-</span> 
     </span>
     <span class='ocr_line' id='line_1_34' title="bbox 151 2462 801 2500; baseline 0.005 -3"><span class='ocrx_word' id='word_1_183' title='bbox 151 2462 256 2498; x_wconf 82' lang='lat' dir='ltr'>dotes</span> <span class='ocrx_word' id='word_1_184' title='bbox 277 2462 488 2500; x_wconf 82' lang='lat' dir='ltr'><strong>Plutarchus</strong></span> <span class='ocrx_word' id='word_1_185' title='bbox 516 2463 593 2500; x_wconf 90' lang='lat' dir='ltr'>loco</span> <span class='ocrx_word' id='word_1_186' title='bbox 621 2476 705 2500; x_wconf 76' lang='lat' dir='ltr'>mox</span> <span class='ocrx_word' id='word_1_187' title='bbox 723 2462 801 2500; x_wconf 85' lang='lat' dir='ltr'>lau-</span> 
     </span>
     <span class='ocr_line' id='line_1_35' title="bbox 151 2514 667 2570; baseline 0.004 -17"><span class='ocrx_word' id='word_1_188' title='bbox 151 2517 273 2554; x_wconf 82' lang='lat' dir='ltr'>dando</span> <span class='ocrx_word' id='word_1_189' title='bbox 288 2523 394 2555; x_wconf 83' lang='lat' dir='ltr'>vocat</span> <span class='ocrx_word' id='word_1_190' title='bbox 412 2514 667 2570; x_wconf 75' lang='grc' dir='ltr'><em>σφραγιστάς.</em></span> 
     </span>
    </p>
   </div>
   <div class='ocr_carea' id='block_1_15' title="bbox 154 2624 802 2845">
    <p class='ocr_par' dir='ltr' id='par_1_15' title="bbox 154 2624 802 2845">
     <span class='ocr_line' id='line_1_36' title="bbox 211 2624 802 2682; baseline 0.003 -16"><span class='ocrx_word' id='word_1_191' title='bbox 211 2626 252 2667; x_wconf 80' lang='grc' dir='ltr'><em>ἓν</em></span> <span class='ocrx_word' id='word_1_192' title='bbox 271 2624 374 2682; x_wconf 69' lang='grc' dir='ltr'><em>ι’ἷλλῳ</em></span> <span class='ocrx_word' id='word_1_193' title='bbox 396 2624 520 2681; x_wconf 80' lang='grc' dir='ltr'><em>λόγῳ]</em></span> <span class='ocrx_word' id='word_1_194' title='bbox 554 2631 576 2666; x_wconf 90' lang='lat' dir='ltr'>i.</span> <span class='ocrx_word' id='word_1_195' title='bbox 601 2643 630 2667; x_wconf 89' lang='lat' dir='ltr'>e.</span> <span class='ocrx_word' id='word_1_196' title='bbox 660 2632 698 2667; x_wconf 78' lang='lat' dir='ltr'>in</span> <span class='ocrx_word' id='word_1_197' title='bbox 725 2631 802 2668; x_wconf 79' lang='lat' dir='ltr'>alia</span> 
     </span>
     <span class='ocr_line' id='line_1_37' title="bbox 154 2686 801 2734; baseline 0.005 -14"><span class='ocrx_word' id='word_1_198' title='bbox 154 2686 365 2721; x_wconf 74' lang='lat' dir='ltr'>narrationis</span> <span class='ocrx_word' id='word_1_199' title='bbox 375 2689 498 2734; x_wconf 81' lang='lat' dir='ltr'>parte,</span> <span class='ocrx_word' id='word_1_200' title='bbox 527 2690 567 2722; x_wconf 86' lang='lat' dir='ltr'>ut</span> <span class='ocrx_word' id='word_1_201' title='bbox 584 2686 676 2723; x_wconf 89' lang='lat' dir='ltr'>bene</span> <span class='ocrx_word' id='word_1_202' title='bbox 696 2686 801 2724; x_wconf 84' lang='lat' dir='ltr'>intel-</span> 
     </span>
     <span class='ocr_line' id='line_1_38' title="bbox 155 2741 802 2792; baseline 0.006 -16"><span class='ocrx_word' id='word_1_203' title='bbox 155 2741 238 2778; x_wconf 86' lang='lat' dir='ltr'>lexit</span> <span class='ocrx_word' id='word_1_204' title='bbox 253 2741 454 2788; x_wconf 81' lang='lat' dir='ltr'>Schweigh.</span> <span class='ocrx_word' id='word_1_205' title='bbox 480 2741 655 2792; x_wconf 66' lang='lat' dir='ltr'>Respexit</span> <span class='ocrx_word' id='word_1_206' title='bbox 666 2741 802 2780; x_wconf 80' lang='lat' dir='ltr'><strong>Noster</strong></span> 
     </span>
     <span class='ocr_line' id='line_1_39' title="bbox 155 2796 800 2845; baseline 0.002 -11"><span class='ocrx_word' id='word_1_207' title='bbox 155 2810 217 2843; x_wconf 80' lang='lat' dir='ltr'>ea,</span> <span class='ocrx_word' id='word_1_208' title='bbox 248 2809 342 2845; x_wconf 86' lang='lat' dir='ltr'>quae</span> <span class='ocrx_word' id='word_1_209' title='bbox 365 2796 436 2844; x_wconf 89' lang='grc' dir='ltr'>ΙΙΙ,</span> <span class='ocrx_word' id='word_1_210' title='bbox 455 2800 510 2840; x_wconf 84' lang='grc'>28</span> <span class='ocrx_word' id='word_1_211' title='bbox 527 2797 726 2835; x_wconf 83' lang='lat' dir='ltr'>traduntur.</span> <span class='ocrx_word' id='word_1_212' title='bbox 759 2799 800 2836; x_wconf 89' lang='lat' dir='ltr'>In</span> 
     </span>
    </p>
   </div>
   <div class='ocr_carea' id='block_1_16' title="bbox 863 1280 1515 1560">
    <p class='ocr_par' dir='ltr' id='par_1_16' title="bbox 863 1280 1515 1560">
     <span class='ocr_line' id='line_1_40' title="bbox 865 1280 1515 1336; baseline 0 -11"><span class='ocrx_word' id='word_1_213' title='bbox 865 1299 965 1336; x_wconf 77' lang='lat' dir='ltr'>seqq.</span> <span class='ocrx_word' id='word_1_214' title='bbox 987 1300 1066 1324; x_wconf 89' lang='lat' dir='ltr'>cum</span> <span class='ocrx_word' id='word_1_215' title='bbox 1090 1286 1204 1323; x_wconf 82' lang='lat' dir='ltr'>Gaisf.</span> <span class='ocrx_word' id='word_1_216' title='bbox 1222 1286 1345 1336; x_wconf 85' lang='lat' dir='ltr'>scripsi</span> <span class='ocrx_word' id='word_1_217' title='bbox 1363 1280 1515 1325; x_wconf 78' lang='grc' dir='ltr'><em>τούτων</em></span> 
     </span>
     <span class='ocr_line' id='line_1_41' title="bbox 863 1341 1512 1393; baseline -0.002 -14"><span class='ocrx_word' id='word_1_218' title='bbox 863 1357 929 1393; x_wconf 85' lang='lat' dir='ltr'>pro</span> <span class='ocrx_word' id='word_1_219' title='bbox 959 1341 1127 1381; x_wconf 80' lang='grc' dir='ltr'><em>τουτέων</em></span> <span class='ocrx_word' id='word_1_220' title='bbox 1169 1348 1206 1379; x_wconf 78' lang='lat' dir='ltr'>et</span> <span class='ocrx_word' id='word_1_221' title='bbox 1236 1342 1414 1381; x_wconf 77' lang='grc' dir='ltr'><em>εἱλίσσων</em></span> <span class='ocrx_word' id='word_1_222' title='bbox 1446 1356 1512 1392; x_wconf 84' lang='lat' dir='ltr'>pro</span> 
     </span>
     <span class='ocr_line' id='line_1_42' title="bbox 865 1399 1514 1446; baseline -0.002 -10"><span class='ocrx_word' id='word_1_223' title='bbox 865 1399 1056 1437; x_wconf 81' lang='grc' dir='ltr'><em>εῖλίσσων.</em></span> <span class='ocrx_word' id='word_1_224' title='bbox 1087 1399 1162 1435; x_wconf 86' lang='lat' dir='ltr'>Sed</span> <span class='ocrx_word' id='word_1_225' title='bbox 1181 1399 1336 1446; x_wconf 76' lang='lat' dir='ltr'>Stegero</span> <span class='ocrx_word' id='word_1_226' title='bbox 1356 1412 1429 1434; x_wconf 88' lang='lat' dir='ltr'>non</span> <span class='ocrx_word' id='word_1_227' title='bbox 1449 1399 1514 1435; x_wconf 90' lang='lat' dir='ltr'>ob-</span> 
     </span>
     <span class='ocr_line' id='line_1_43' title="bbox 864 1449 1513 1505; baseline 0 -15"><span class='ocrx_word' id='word_1_228' title='bbox 864 1459 1007 1492; x_wconf 77' lang='lat' dir='ltr'>secutus</span> <span class='ocrx_word' id='word_1_229' title='bbox 1037 1466 1114 1490; x_wconf 84' lang='lat' dir='ltr'>sum</span> <span class='ocrx_word' id='word_1_230' title='bbox 1146 1467 1212 1503; x_wconf 81' lang='lat' dir='ltr'>pro</span> <span class='ocrx_word' id='word_1_231' title='bbox 1246 1449 1448 1505; x_wconf 77' lang='grc' dir='ltr'><em>οὲτεάγουσι</em></span> <span class='ocrx_word' id='word_1_232' title='bbox 1476 1455 1513 1490; x_wconf 89' lang='lat' dir='ltr'>in</span> 
     </span>
     <span class='ocr_line' id='line_1_44' title="bbox 864 1505 1514 1560; baseline -0.002 -13"><span class='ocrx_word' id='word_1_233' title='bbox 864 1523 965 1559; x_wconf 84' lang='lat' dir='ltr'>seqq.</span> <span class='ocrx_word' id='word_1_234' title='bbox 980 1509 1180 1546; x_wconf 82' lang='lat' dir='ltr'>coniicienti</span> <span class='ocrx_word' id='word_1_235' title='bbox 1200 1505 1250 1547; x_wconf 70' lang='grc' dir='ltr'><em>ἂν</em></span> <span class='ocrx_word' id='word_1_236' title='bbox 1264 1506 1424 1560; x_wconf 66' lang='grc' dir='ltr'><em>ἅγουσις</em></span> <span class='ocrx_word' id='word_1_237' title='bbox 1442 1510 1514 1547; x_wconf 68' lang='lat' dir='ltr'>vid.</span> 
     </span>
    </p>
   </div>
   <div class='ocr_carea' id='block_1_17' title="bbox 862 1566 1360 1616">
    <p class='ocr_par' dir='ltr' id='par_1_17' title="bbox 862 1566 1360 1616">
     <span class='ocr_line' id='line_1_45' title="bbox 862 1566 1360 1616; baseline -0.002 -13"><span class='ocrx_word' id='word_1_238' title='bbox 862 1566 1021 1614; x_wconf 61' lang='lat' dir='ltr'>Praet&#39;ut.</span> <span class='ocrx_word' id='word_1_239' title='bbox 1039 1567 1086 1603; x_wconf 84' lang='lat' dir='ltr'>ad</span> <span class='ocrx_word' id='word_1_240' title='bbox 1103 1566 1242 1603; x_wconf 89' lang='lat' dir='ltr'>Herod.</span> <span class='ocrx_word' id='word_1_241' title='bbox 1262 1579 1298 1616; x_wconf 91' lang='lat' dir='ltr'>p.</span> <span class='ocrx_word' id='word_1_242' title='bbox 1314 1566 1360 1603; x_wconf 92' lang='lat' dir='ltr'>X.</span> 
     </span>
    </p>
   </div>
   <div class='ocr_carea' id='block_1_18' title="bbox 862 1676 1521 2791">
    <p class='ocr_par' dir='ltr' id='par_1_18' title="bbox 862 1676 1521 2791">
     <span class='ocr_line' id='line_1_46' title="bbox 922 1676 1518 1729; baseline -0.003 -13"><span class='ocrx_word' id='word_1_243' title='bbox 922 1677 1208 1728; x_wconf 67' lang='grc' dir='ltr'><em>σημαίνεται-</em></span> <span class='ocrx_word' id='word_1_244' title='bbox 1219 1676 1416 1729; x_wconf 71' lang='grc' dir='ltr'><em>εἱλίσσων]</em></span> <span class='ocrx_word' id='word_1_245' title='bbox 1429 1678 1518 1715; x_wconf 90' lang='lat' dir='ltr'>Per-</span> 
     </span>
     <span class='ocr_line' id='line_1_47' title="bbox 862 1735 1516 1783; baseline -0.003 -11"><span class='ocrx_word' id='word_1_246' title='bbox 862 1736 979 1772; x_wconf 69' lang='lat' dir='ltr'>tinent</span> <span class='ocrx_word' id='word_1_247' title='bbox 999 1735 1087 1771; x_wconf 75' lang='lat' dir='ltr'>haec</span> <span class='ocrx_word' id='word_1_248' title='bbox 1107 1735 1154 1770; x_wconf 77' lang='lat' dir='ltr'>ad</span> <span class='ocrx_word' id='word_1_249' title='bbox 1177 1736 1400 1772; x_wconf 77' lang='lat' dir='ltr'>sacerdotem</span> <span class='ocrx_word' id='word_1_250' title='bbox 1416 1763 1425 1781; x_wconf 85' lang='lat'>‚</span> <span class='ocrx_word' id='word_1_251' title='bbox 1456 1735 1516 1783; x_wconf 88' lang='lat' dir='ltr'>qui</span> 
     </span>
     <span class='ocr_line' id='line_1_48' title="bbox 863 1791 1517 1839; baseline -0.002 -12"><span class='ocrx_word' id='word_1_252' title='bbox 863 1791 991 1827; x_wconf 87' lang='lat' dir='ltr'>bovem</span> <span class='ocrx_word' id='word_1_253' title='bbox 1015 1791 1133 1838; x_wconf 79' lang='lat' dir='ltr'>signat</span> <span class='ocrx_word' id='word_1_254' title='bbox 1159 1802 1300 1839; x_wconf 80' lang='lat' dir='ltr'>papyro</span> <span class='ocrx_word' id='word_1_255' title='bbox 1327 1791 1419 1827; x_wconf 81' lang='lat' dir='ltr'>circa</span> <span class='ocrx_word' id='word_1_256' title='bbox 1437 1803 1517 1826; x_wconf 90' lang='lat' dir='ltr'>cor-</span> 
     </span>
     <span class='ocr_line' id='line_1_49' title="bbox 864 1845 1517 1894; baseline 0 -12"><span class='ocrx_word' id='word_1_257' title='bbox 864 1858 936 1883; x_wconf 81' lang='lat' dir='ltr'>nua</span> <span class='ocrx_word' id='word_1_258' title='bbox 964 1845 1225 1882; x_wconf 85' lang='lat' dir='ltr'>circumvoluto.</span> <span class='ocrx_word' id='word_1_259' title='bbox 1273 1846 1517 1894; x_wconf 77' lang='lat' dir='ltr'>Signatoriam</span> 
     </span>
     <span class='ocr_line' id='line_1_50' title="bbox 865 1901 1517 1953; baseline 0 -15"><span class='ocrx_word' id='word_1_260' title='bbox 865 1906 1011 1947; x_wconf 81' lang='lat' dir='ltr'>terram,</span> <span class='ocrx_word' id='word_1_261' title='bbox 1028 1901 1123 1953; x_wconf 74' lang='grc' dir='ltr'><em>(γῆν</em></span> <span class='ocrx_word' id='word_1_262' title='bbox 1146 1902 1407 1951; x_wconf 75' lang='grc' dir='ltr'><em>σημαντρίδα)</em></span> <span class='ocrx_word' id='word_1_263' title='bbox 1423 1913 1517 1950; x_wconf 84' lang='lat' dir='ltr'>quae</span> 
     </span>
     <span class='ocr_line' id='line_1_51' title="bbox 866 1957 1518 2006; baseline -0.005 -11"><span class='ocrx_word' id='word_1_264' title='bbox 866 1957 934 1995; x_wconf 88' lang='lat' dir='ltr'>hoc</span> <span class='ocrx_word' id='word_1_265' title='bbox 955 1957 1033 1993; x_wconf 88' lang='lat' dir='ltr'>loco</span> <span class='ocrx_word' id='word_1_266' title='bbox 1054 1962 1284 2004; x_wconf 81' lang='lat' dir='ltr'>memoratur,</span> <span class='ocrx_word' id='word_1_267' title='bbox 1306 1960 1518 2006; x_wconf 81' lang='lat' dir='ltr'>comparant</span> 
     </span>
     <span class='ocr_line' id='line_1_52' title="bbox 866 2013 1517 2062; baseline 0.002 -13"><span class='ocrx_word' id='word_1_268' title='bbox 866 2014 1079 2062; x_wconf 70' lang='lat' dir='ltr'>interpretes</span> <span class='ocrx_word' id='word_1_269' title='bbox 1105 2025 1184 2049; x_wconf 89' lang='lat' dir='ltr'>cum</span> <span class='ocrx_word' id='word_1_270' title='bbox 1225 2016 1319 2049; x_wconf 78' lang='lat' dir='ltr'>creta</span> <span class='ocrx_word' id='word_1_271' title='bbox 1354 2013 1517 2050; x_wconf 71' lang='lat' dir='ltr'>Asiatica</span> 
     </span>
     <span class='ocr_line' id='line_1_53' title="bbox 867 2069 1519 2118; baseline -0.002 -12"><span class='ocrx_word' id='word_1_272' title='bbox 867 2070 914 2106; x_wconf 81' lang='lat' dir='ltr'>ad</span> <span class='ocrx_word' id='word_1_273' title='bbox 926 2069 1188 2117; x_wconf 81' lang='lat' dir='ltr'>obsignandum</span> <span class='ocrx_word' id='word_1_274' title='bbox 1200 2073 1298 2118; x_wconf 80' lang='lat' dir='ltr'>apta,</span> <span class='ocrx_word' id='word_1_275' title='bbox 1309 2070 1406 2106; x_wconf 90' lang='lat' dir='ltr'>cuius</span> <span class='ocrx_word' id='word_1_276' title='bbox 1416 2081 1519 2106; x_wconf 85' lang='lat' dir='ltr'>men-</span> 
     </span>
     <span class='ocr_line' id='line_1_54' title="bbox 865 2125 1517 2174; baseline 0 -12"><span class='ocrx_word' id='word_1_277' title='bbox 865 2126 917 2162; x_wconf 86' lang='lat' dir='ltr'>tio</span> <span class='ocrx_word' id='word_1_278' title='bbox 939 2126 1036 2174; x_wconf 80' lang='lat' dir='ltr'>apud</span> <span class='ocrx_word' id='word_1_279' title='bbox 1057 2125 1172 2162; x_wconf 86' lang='lat' dir='ltr'>Cicer.</span> <span class='ocrx_word' id='word_1_280' title='bbox 1200 2125 1237 2161; x_wconf 87' lang='lat' dir='ltr'>in</span> <span class='ocrx_word' id='word_1_281' title='bbox 1257 2125 1359 2163; x_wconf 90' lang='lat' dir='ltr'>Verr.</span> <span class='ocrx_word' id='word_1_282' title='bbox 1377 2125 1517 2171; x_wconf 79' lang='lat' dir='ltr'><strong>IV,26.</strong></span> 
     </span>
     <span class='ocr_line' id='line_1_55' title="bbox 865 2180 1520 2233; baseline -0.002 -15"><span class='ocrx_word' id='word_1_283' title='bbox 865 2195 933 2233; x_wconf 88' lang='lat' dir='ltr'>pro</span> <span class='ocrx_word' id='word_1_284' title='bbox 950 2181 1068 2217; x_wconf 81' lang='lat' dir='ltr'>Flacc.</span> <span class='ocrx_word' id='word_1_285' title='bbox 1091 2183 1153 2221; x_wconf 87' lang='lat'>16.</span> <span class='ocrx_word' id='word_1_286' title='bbox 1194 2180 1316 2229; x_wconf 79' lang='lat' dir='ltr'>Magis</span> <span class='ocrx_word' id='word_1_287' title='bbox 1343 2194 1429 2218; x_wconf 86' lang='lat' dir='ltr'>vero</span> <span class='ocrx_word' id='word_1_288' title='bbox 1450 2181 1520 2218; x_wconf 92' lang='lat' dir='ltr'>huc</span> 
     </span>
     <span class='ocr_line' id='line_1_56' title="bbox 868 2237 1521 2287; baseline -0.002 -13"><span class='ocrx_word' id='word_1_289' title='bbox 868 2241 1008 2287; x_wconf 81' lang='lat' dir='ltr'>spectat</span> <span class='ocrx_word' id='word_1_290' title='bbox 1027 2237 1207 2274; x_wconf 81' lang='lat' dir='ltr'>Plutarchi</span> <span class='ocrx_word' id='word_1_291' title='bbox 1225 2237 1321 2274; x_wconf 91' lang='lat' dir='ltr'>locus</span> <span class='ocrx_word' id='word_1_292' title='bbox 1350 2238 1397 2275; x_wconf 88' lang='lat' dir='ltr'>de</span> <span class='ocrx_word' id='word_1_293' title='bbox 1416 2238 1462 2274; x_wconf 87' lang='lat' dir='ltr'>Is.</span> <span class='ocrx_word' id='word_1_294' title='bbox 1483 2240 1521 2274; x_wconf 86' lang='lat' dir='ltr'>et</span> 
     </span>
     <span class='ocr_line' id='line_1_57' title="bbox 869 2292 1518 2344; baseline -0.003 -12"><span class='ocrx_word' id='word_1_295' title='bbox 869 2295 964 2332; x_wconf 84' lang='lat' dir='ltr'>Osir.</span> <span class='ocrx_word' id='word_1_296' title='bbox 987 2307 1022 2344; x_wconf 89' lang='lat' dir='ltr'>p.</span> <span class='ocrx_word' id='word_1_297' title='bbox 1040 2294 1135 2340; x_wconf 86' lang='lat'><strong>363,</strong></span> <span class='ocrx_word' id='word_1_298' title='bbox 1156 2293 1209 2341; x_wconf 84' lang='lat' dir='ltr'>B,</span> <span class='ocrx_word' id='word_1_299' title='bbox 1237 2294 1298 2330; x_wconf 89' lang='lat' dir='ltr'>ubi</span> <span class='ocrx_word' id='word_1_300' title='bbox 1320 2294 1409 2330; x_wconf 85' lang='lat' dir='ltr'>haec</span> <span class='ocrx_word' id='word_1_301' title='bbox 1427 2292 1518 2342; x_wconf 83' lang='lat' dir='ltr'>legi-</span> 
     </span>
     <span class='ocr_line' id='line_1_58' title="bbox 868 2344 1518 2400; baseline -0.002 -12"><span class='ocrx_word' id='word_1_302' title='bbox 868 2363 966 2388; x_wconf 87' lang='lat' dir='ltr'>mus:</span> <span class='ocrx_word' id='word_1_303' title='bbox 995 2346 1060 2388; x_wconf 88' lang='grc' dir='ltr'><em>τὸν</em></span> <span class='ocrx_word' id='word_1_304' title='bbox 1073 2347 1114 2387; x_wconf 75' lang='grc' dir='ltr'>δὲ</span> <span class='ocrx_word' id='word_1_305' title='bbox 1134 2347 1320 2400; x_wconf 77' lang='grc' dir='ltr'><em>μέλλοντα</em></span> <span class='ocrx_word' id='word_1_306' title='bbox 1336 2344 1518 2388; x_wconf 77' lang='grc' dir='ltr'><em>θύεσθαι</em></span> 
     </span>
     <span class='ocr_line' id='line_1_59' title="bbox 868 2401 1514 2458; baseline -0.002 -14"><span class='ocrx_word' id='word_1_307' title='bbox 868 2407 968 2458; x_wconf 87' lang='grc' dir='ltr'><em>βοῦν</em></span> <span class='ocrx_word' id='word_1_308' title='bbox 991 2405 1032 2444; x_wconf 81' lang='grc' dir='ltr'>οἵ</span> <span class='ocrx_word' id='word_1_309' title='bbox 1051 2404 1284 2457; x_wconf 72' lang='grc' dir='ltr'><em>σφραγισταὶ</em></span> <span class='ocrx_word' id='word_1_310' title='bbox 1313 2401 1514 2457; x_wconf 77' lang='grc' dir='ltr'><em>λεγόμενοι</em></span> 
     </span>
     <span class='ocr_line' id='line_1_60' title="bbox 868 2459 1518 2512; baseline -0.005 -11"><span class='ocrx_word' id='word_1_311' title='bbox 868 2465 948 2501; x_wconf 74' lang='grc' dir='ltr'><em>τῶν</em></span> <span class='ocrx_word' id='word_1_312' title='bbox 990 2459 1126 2512; x_wconf 81' lang='grc' dir='ltr'><em>ἱερέων</em></span> <span class='ocrx_word' id='word_1_313' title='bbox 1173 2461 1518 2512; x_wconf 76' lang='grc' dir='ltr'><em>κατεσημαίνοντο.</em></span> 
     </span>
     <span class='ocr_line' id='line_1_61' title="bbox 869 2517 1517 2556; baseline -0.003 0"><span class='ocrx_word' id='word_1_314' title='bbox 869 2517 985 2556; x_wconf 86' lang='lat' dir='ltr'>Addit</span> <span class='ocrx_word' id='word_1_315' title='bbox 1007 2518 1139 2555; x_wconf 90' lang='lat' dir='ltr'>deinde</span> <span class='ocrx_word' id='word_1_316' title='bbox 1164 2518 1375 2554; x_wconf 80' lang='lat' dir='ltr'>Plutarchus</span> <span class='ocrx_word' id='word_1_317' title='bbox 1406 2531 1426 2555; x_wconf 92' lang='lat' dir='ltr'>e</span> <span class='ocrx_word' id='word_1_318' title='bbox 1446 2518 1517 2554; x_wconf 85' lang='lat' dir='ltr'>Ca-</span> 
     </span>
     <span class='ocr_line' id='line_1_62' title="bbox 870 2573 1518 2624; baseline -0.005 -12"><span class='ocrx_word' id='word_1_319' title='bbox 870 2579 979 2621; x_wconf 84' lang='lat' dir='ltr'>store,</span> <span class='ocrx_word' id='word_1_320' title='bbox 1009 2573 1113 2622; x_wconf 77' lang='lat' dir='ltr'>sigilli</span> <span class='ocrx_word' id='word_1_321' title='bbox 1135 2574 1352 2624; x_wconf 82' lang='lat' dir='ltr'>sculpturam</span> <span class='ocrx_word' id='word_1_322' title='bbox 1373 2574 1518 2610; x_wconf 86' lang='lat' dir='ltr'>exhibe-</span> 
     </span>
     <span class='ocr_line' id='line_1_63' title="bbox 868 2629 1516 2679; baseline -0.003 -12"><span class='ocrx_word' id='word_1_323' title='bbox 868 2643 908 2667; x_wconf 88' lang='lat' dir='ltr'>re</span> <span class='ocrx_word' id='word_1_324' title='bbox 933 2631 1115 2667; x_wconf 84' lang='lat' dir='ltr'>hominem</span> <span class='ocrx_word' id='word_1_325' title='bbox 1142 2630 1179 2666; x_wconf 90' lang='lat' dir='ltr'>in</span> <span class='ocrx_word' id='word_1_326' title='bbox 1202 2642 1321 2679; x_wconf 82' lang='lat' dir='ltr'>genua</span> <span class='ocrx_word' id='word_1_327' title='bbox 1347 2629 1516 2667; x_wconf 88' lang='lat' dir='ltr'>desiden-</span> 
     </span>
     <span class='ocr_line' id='line_1_64' title="bbox 868 2685 1515 2736; baseline 0 -14"><span class='ocrx_word' id='word_1_328' title='bbox 868 2691 942 2724; x_wconf 85' lang='lat' dir='ltr'>tem</span> <span class='ocrx_word' id='word_1_329' title='bbox 961 2685 1124 2724; x_wconf 85' lang='lat' dir='ltr'>manibus</span> <span class='ocrx_word' id='word_1_330' title='bbox 1145 2690 1228 2736; x_wconf 82' lang='lat' dir='ltr'>post</span> <span class='ocrx_word' id='word_1_331' title='bbox 1245 2690 1385 2734; x_wconf 83' lang='lat' dir='ltr'>tergum</span> <span class='ocrx_word' id='word_1_332' title='bbox 1407 2685 1515 2722; x_wconf 87' lang='lat' dir='ltr'>redu-</span> 
     </span>
     <span class='ocr_line' id='line_1_65' title="bbox 868 2741 1447 2791; baseline -0.003 -11"><span class='ocrx_word' id='word_1_333' title='bbox 868 2742 952 2790; x_wconf 89' lang='lat' dir='ltr'>ctis,</span> <span class='ocrx_word' id='word_1_334' title='bbox 981 2741 1106 2791; x_wconf 88' lang='lat' dir='ltr'>iugulo</span> <span class='ocrx_word' id='word_1_335' title='bbox 1128 2755 1214 2781; x_wconf 88' lang='lat' dir='ltr'>ense</span> <span class='ocrx_word' id='word_1_336' title='bbox 1229 2742 1447 2780; x_wconf 83' lang='lat' dir='ltr'>imminente.</span> 
     </span>
    </p>
   </div>
  </div>
 </body>
</html>
