<?xml version="1.0" encoding="UTF-8"?>
<!DOCTYPE html PUBLIC "-//W3C//DTD XHTML 1.0 Transitional//EN"
    "http://www.w3.org/TR/xhtml1/DTD/xhtml1-transitional.dtd">
<html xmlns="http://www.w3.org/1999/xhtml" xml:lang="en" lang="en">
 <head>
  <title>
</title>
<meta http-equiv="Content-Type" content="text/html;charset=utf-8" />
  <meta name='ocr-system' content='tesseract 3.04.00' />
  <meta name='ocr-capabilities' content='ocr_page ocr_carea ocr_par ocr_line ocrx_word'/>
</head>
<body>
  <div class='ocr_page' id='page_1' title='image "./musaeherodoto01hero/musaeherodoto01hero_0395.png"; bbox 0 0 1909 3228; ppageno 0'>
   <div class='ocr_carea' id='block_1_1' title="bbox 679 245 978 288">
    <p class='ocr_par' dir='ltr' id='par_1_1' title="bbox 679 245 978 288">
     <span class='ocr_line' id='line_1_1' title="bbox 679 245 978 288; baseline 0 -1"><span class='ocrx_word' id='word_1_1' title='bbox 679 245 978 288; x_wconf 79' lang='lat' dir='ltr'>cL10.1.</span> 
     </span>
    </p>
   </div>
   <div class='ocr_carea' id='block_1_2' title="bbox 1364 245 1447 287">
    <p class='ocr_par' dir='ltr' id='par_1_2' title="bbox 1364 245 1447 287">
     <span class='ocr_line' id='line_1_2' title="bbox 1364 245 1447 287; baseline -0.012 0"><span class='ocrx_word' id='word_1_2' title='bbox 1364 245 1447 287; x_wconf 76' lang='lat'>831</span> 
     </span>
    </p>
   </div>
   <div class='ocr_carea' id='block_1_3' title="bbox 188 347 1452 415">
    <p class='ocr_par' dir='ltr' id='par_1_3' title="bbox 188 347 1452 415">
     <span class='ocr_line' id='line_1_3' title="bbox 188 347 1452 415; baseline -0.006 -10"><span class='ocrx_word' id='word_1_3' title='bbox 188 358 428 406; x_wconf 76' lang='grc' dir='ltr'><strong><em>ἐκαλέοντο.</em></strong></span> <span class='ocrx_word' id='word_1_4' title='bbox 465 358 571 410; x_wconf 81' lang='grc' dir='ltr'><strong><em>τέως</em></strong></span> <span class='ocrx_word' id='word_1_5' title='bbox 596 357 676 414; x_wconf 75' lang='grc' dir='ltr'>μὲν</span> <span class='ocrx_word' id='word_1_6' title='bbox 703 356 757 415; x_wconf 75' lang='grc' dir='ltr'><em>δὴ</em></span> <span class='ocrx_word' id='word_1_7' title='bbox 787 354 933 401; x_wconf 77' lang='grc' dir='ltr'><strong><em>αὐτῶν</em></strong></span> <span class='ocrx_word' id='word_1_8' title='bbox 962 353 1210 414; x_wconf 74' lang='grc' dir='ltr'><strong><em>Σαρπηδών</em></strong></span> <span class='ocrx_word' id='word_1_9' title='bbox 1238 347 1362 411; x_wconf 70' lang='grc' dir='ltr'><strong><em>ἦρχε*</em></strong></span> <span class='ocrx_word' id='word_1_10' title='bbox 1405 355 1452 397; x_wconf 82' lang='grc' dir='ltr'>οῖ</span> 
     </span>
    </p>
   </div>
   <div class='ocr_carea' id='block_1_4' title="bbox 190 432 1448 492">
    <p class='ocr_par' dir='ltr' id='par_1_4' title="bbox 190 432 1448 492">
     <span class='ocr_line' id='line_1_4' title="bbox 190 432 1448 492; baseline -0.006 -8"><span class='ocrx_word' id='word_1_11' title='bbox 190 440 238 484; x_wconf 81' lang='grc' dir='ltr'>δὲ</span> <span class='ocrx_word' id='word_1_12' title='bbox 278 437 524 488; x_wconf 81' lang='grc' dir='ltr'><strong><em>ἐκαλέοντο,</em></strong></span> <span class='ocrx_word' id='word_1_13' title='bbox 581 435 630 480; x_wconf 91' lang='grc' dir='ltr'>τό</span> <span class='ocrx_word' id='word_1_14' title='bbox 669 452 748 490; x_wconf 88' lang='grc' dir='ltr'>περ</span> <span class='ocrx_word' id='word_1_15' title='bbox 787 452 832 479; x_wconf 88' lang='grc' dir='ltr'>τε</span> <span class='ocrx_word' id='word_1_16' title='bbox 870 434 1098 492; x_wconf 77' lang='grc' dir='ltr'><strong><em>ἠνείκαντο</em></strong></span> <span class='ocrx_word' id='word_1_17' title='bbox 1141 434 1328 490; x_wconf 81' lang='grc' dir='ltr'><strong><em>οὕνομα,</em></strong></span> <span class='ocrx_word' id='word_1_18' title='bbox 1375 432 1448 476; x_wconf 85' lang='grc' dir='ltr'>καὶ</span> 
     </span>
    </p>
   </div>
   <div class='ocr_carea' id='block_1_5' title="bbox 191 510 1446 570">
    <p class='ocr_par' dir='ltr' id='par_1_5' title="bbox 191 510 1446 570">
     <span class='ocr_line' id='line_1_5' title="bbox 191 510 1446 570; baseline -0.005 -9"><span class='ocrx_word' id='word_1_19' title='bbox 191 521 278 561; x_wconf 86' lang='grc' dir='ltr'>νῦν</span> <span class='ocrx_word' id='word_1_20' title='bbox 317 517 378 560; x_wconf 73' lang='grc' dir='ltr'>ἔτι</span> <span class='ocrx_word' id='word_1_21' title='bbox 418 518 646 561; x_wconf 80' lang='grc' dir='ltr'><strong><em>καλέονται</em></strong></span> <span class='ocrx_word' id='word_1_22' title='bbox 684 514 770 559; x_wconf 80' lang='grc' dir='ltr'>ὑπὸ</span> <span class='ocrx_word' id='word_1_23' title='bbox 811 518 899 558; x_wconf 79' lang='grc' dir='ltr'>τῶν</span> <span class='ocrx_word' id='word_1_24' title='bbox 938 516 1172 570; x_wconf 79' lang='grc' dir='ltr'><strong><em>περιοίκων</em></strong></span> <span class='ocrx_word' id='word_1_25' title='bbox 1203 515 1247 557; x_wconf 84' lang='grc' dir='ltr'>οἷ</span> <span class='ocrx_word' id='word_1_26' title='bbox 1274 510 1446 565; x_wconf 83' lang='grc' dir='ltr'><strong><em>Λύκιοι,</em></strong></span> 
     </span>
    </p>
   </div>
   <div class='ocr_carea' id='block_1_6' title="bbox 162 592 1442 652">
    <p class='ocr_par' dir='ltr' id='par_1_6' title="bbox 162 592 1442 652">
     <span class='ocr_line' id='line_1_6' title="bbox 162 592 1442 652; baseline -0.002 -15"><span class='ocrx_word' id='word_1_27' title='bbox 162 597 416 652; x_wconf 83' lang='grc' dir='ltr'><strong><em>4Τερμίλαι.</em></strong></span> <span class='ocrx_word' id='word_1_28' title='bbox 475 594 534 646; x_wconf 75' lang='grc' dir='ltr'>ὡς</span> <span class='ocrx_word' id='word_1_29' title='bbox 563 595 608 639; x_wconf 81' lang='grc' dir='ltr'>δὲ</span> <span class='ocrx_word' id='word_1_30' title='bbox 639 596 680 647; x_wconf 78' lang='grc' dir='ltr'>ἐξ</span> <span class='ocrx_word' id='word_1_31' title='bbox 707 593 921 650; x_wconf 77' lang='grc' dir='ltr'><strong><em>Ἀθηνέων</em></strong></span> <span class='ocrx_word' id='word_1_32' title='bbox 950 593 1097 645; x_wconf 81' lang='grc' dir='ltr'><strong><em>Λύκος</em></strong></span> <span class='ocrx_word' id='word_1_33' title='bbox 1127 592 1151 637; x_wconf 88' lang='grc' dir='ltr'>ὁ</span> <span class='ocrx_word' id='word_1_34' title='bbox 1183 594 1442 643; x_wconf 85' lang='grc' dir='ltr'><strong><em>Πανδίονος,</em></strong></span> 
     </span>
    </p>
   </div>
   <div class='ocr_carea' id='block_1_7' title="bbox 1505 588 1558 626">
    <p class='ocr_par' dir='ltr' id='par_1_7' title="bbox 1505 588 1558 626">
     <span class='ocr_line' id='line_1_7' title="bbox 1505 588 1558 626; baseline 0 0"><span class='ocrx_word' id='word_1_35' title='bbox 1505 588 1558 626; x_wconf 80' lang='lat'>82</span> 
     </span>
    </p>
   </div>
   <div class='ocr_carea' id='block_1_8' title="bbox 190 670 1504 728">
    <p class='ocr_par' dir='ltr' id='par_1_8' title="bbox 190 670 1504 728">
     <span class='ocr_line' id='line_1_8' title="bbox 190 670 1504 728; baseline -0.005 -9"><span class='ocrx_word' id='word_1_36' title='bbox 190 676 428 728; x_wconf 78' lang='grc' dir='ltr'><strong><em>ἐξελασθεὶς</em></strong></span> <span class='ocrx_word' id='word_1_37' title='bbox 476 675 549 718; x_wconf 87' lang='grc' dir='ltr'>καὶ</span> <span class='ocrx_word' id='word_1_38' title='bbox 588 670 717 724; x_wconf 83' lang='grc' dir='ltr'><strong><em>οὗτος</em></strong></span> <span class='ocrx_word' id='word_1_39' title='bbox 754 671 840 716; x_wconf 82' lang='grc' dir='ltr'>ὑπὸ</span> <span class='ocrx_word' id='word_1_40' title='bbox 879 678 959 716; x_wconf 84' lang='grc' dir='ltr'>τοῦ</span> <span class='ocrx_word' id='word_1_41' title='bbox 1004 672 1222 728; x_wconf 75' lang='grc' dir='ltr'><strong><em>ἀδελφεοῦ</em></strong></span> <span class='ocrx_word' id='word_1_42' title='bbox 1267 670 1504 727; x_wconf 77' lang='grc' dir='ltr'><strong><em>Αἶγέως,55</em></strong></span> 
     </span>
    </p>
   </div>
   <div class='ocr_carea' id='block_1_9' title="bbox 192 749 1447 808">
    <p class='ocr_par' dir='ltr' id='par_1_9' title="bbox 192 749 1447 808">
     <span class='ocr_line' id='line_1_9' title="bbox 192 749 1447 808; baseline -0.004 -10"><span class='ocrx_word' id='word_1_43' title='bbox 192 753 366 798; x_wconf 79' lang='grc' dir='ltr'><strong><em>ἀπίκετο</em></strong></span> <span class='ocrx_word' id='word_1_44' title='bbox 398 753 440 804; x_wconf 81' lang='grc' dir='ltr'>ἐς</span> <span class='ocrx_word' id='word_1_45' title='bbox 468 752 571 804; x_wconf 79' lang='grc' dir='ltr'>τούς</span> <span class='ocrx_word' id='word_1_46' title='bbox 602 753 813 808; x_wconf 83' lang='grc' dir='ltr'><strong><em>Τερμίλας</em></strong></span> <span class='ocrx_word' id='word_1_47' title='bbox 842 751 961 806; x_wconf 75' lang='grc' dir='ltr'><strong><em>παρὰ</em></strong></span> <span class='ocrx_word' id='word_1_48' title='bbox 990 750 1284 807; x_wconf 82' lang='grc' dir='ltr'><strong><em>Σαρπηδόνα,</em></strong></span> <span class='ocrx_word' id='word_1_49' title='bbox 1331 749 1447 794; x_wconf 80' lang='grc' dir='ltr'><strong><em>οὕτω</em></strong></span> 
     </span>
    </p>
   </div>
   <div class='ocr_carea' id='block_1_10' title="bbox 191 828 1449 889">
    <p class='ocr_par' dir='ltr' id='par_1_10' title="bbox 191 828 1449 889">
     <span class='ocr_line' id='line_1_10' title="bbox 191 828 1449 889; baseline -0.003 -12"><span class='ocrx_word' id='word_1_50' title='bbox 191 832 244 889; x_wconf 72' lang='grc' dir='ltr'>δὴ</span> <span class='ocrx_word' id='word_1_51' title='bbox 283 831 392 876; x_wconf 75' lang='grc' dir='ltr'><strong><em>κατὰ</em></strong></span> <span class='ocrx_word' id='word_1_52' title='bbox 432 834 512 874; x_wconf 88' lang='grc' dir='ltr'>τοῦ</span> <span class='ocrx_word' id='word_1_53' title='bbox 550 829 703 874; x_wconf 86' lang='grc' dir='ltr'><strong><em>Λύκου</em></strong></span> <span class='ocrx_word' id='word_1_54' title='bbox 744 830 823 886; x_wconf 73' lang='grc' dir='ltr'>την</span> <span class='ocrx_word' id='word_1_55' title='bbox 862 830 1112 887; x_wconf 80' lang='grc' dir='ltr'><strong><em>ἐπωνυμίην</em></strong></span> <span class='ocrx_word' id='word_1_56' title='bbox 1157 828 1316 874; x_wconf 85' lang='grc' dir='ltr'><strong><em>Λύκιοι</em></strong></span> <span class='ocrx_word' id='word_1_57' title='bbox 1364 828 1449 873; x_wconf 74' lang='grc' dir='ltr'>ἀνα</span> 
     </span>
    </p>
   </div>
   <div class='ocr_carea' id='block_1_11' title="bbox 159 908 1450 967">
    <p class='ocr_par' dir='ltr' id='par_1_11' title="bbox 159 908 1450 967">
     <span class='ocr_line' id='line_1_11' title="bbox 159 908 1450 967; baseline 0 -15"><span class='ocrx_word' id='word_1_58' title='bbox 159 910 350 967; x_wconf 87' lang='grc' dir='ltr'><strong><em>5χρόνον</em></strong></span> <span class='ocrx_word' id='word_1_59' title='bbox 378 909 636 967; x_wconf 77' lang='grc' dir='ltr'><strong><em>ἐκλήθησαν.</em></strong></span> <span class='ocrx_word' id='word_1_60' title='bbox 685 908 862 965; x_wconf 81' lang='grc' dir='ltr'><strong><em>νόμοισι</em></strong></span> <span class='ocrx_word' id='word_1_61' title='bbox 891 909 962 962; x_wconf 78' lang='grc' dir='ltr'>δὲ,</span> <span class='ocrx_word' id='word_1_62' title='bbox 1003 908 1057 953; x_wconf 75' lang='grc' dir='ltr'>τοὶ</span> <span class='ocrx_word' id='word_1_63' title='bbox 1087 910 1165 965; x_wconf 76' lang='grc' dir='ltr'>μὲν</span> <span class='ocrx_word' id='word_1_64' title='bbox 1194 913 1450 966; x_wconf 76' lang='grc' dir='ltr'><strong><em>Κρητικοῖσι</em></strong></span> 
     </span>
    </p>
   </div>
   <div class='ocr_carea' id='block_1_12' title="bbox 187 987 1448 1045">
    <p class='ocr_par' dir='ltr' id='par_1_12' title="bbox 187 987 1448 1045">
     <span class='ocr_line' id='line_1_12' title="bbox 187 987 1448 1045; baseline -0.002 -12"><span class='ocrx_word' id='word_1_65' title='bbox 187 989 240 1033; x_wconf 80' lang='grc' dir='ltr'>τὰ</span> <span class='ocrx_word' id='word_1_66' title='bbox 270 989 314 1033; x_wconf 77' lang='grc' dir='ltr'>δὲ</span> <span class='ocrx_word' id='word_1_67' title='bbox 341 992 578 1044; x_wconf 84' lang='grc' dir='ltr'><strong><em>Καρικοῖσι</em></strong></span> <span class='ocrx_word' id='word_1_68' title='bbox 605 991 827 1045; x_wconf 81' lang='grc' dir='ltr'><strong><em>χρὲωνται.</em></strong></span> <span class='ocrx_word' id='word_1_69' title='bbox 856 989 906 1033; x_wconf 70' lang='grc' dir='ltr'>ἓν</span> <span class='ocrx_word' id='word_1_70' title='bbox 935 988 982 1032; x_wconf 78' lang='grc' dir='ltr'>δὲ</span> <span class='ocrx_word' id='word_1_71' title='bbox 1007 987 1107 1031; x_wconf 83' lang='grc' dir='ltr'><strong><em>τόδε</em></strong></span> <span class='ocrx_word' id='word_1_72' title='bbox 1135 990 1251 1032; x_wconf 79' lang='grc' dir='ltr'><strong><em>’ίδιον</em></strong></span> <span class='ocrx_word' id='word_1_73' title='bbox 1279 989 1448 1045; x_wconf 74' lang='grc' dir='ltr'><strong><em>νενομί·</em></strong></span> 
     </span>
    </p>
   </div>
   <div class='ocr_carea' id='block_1_13' title="bbox 187 1064 1503 1125">
    <p class='ocr_par' dir='ltr' id='par_1_13' title="bbox 187 1064 1503 1125">
     <span class='ocr_line' id='line_1_13' title="bbox 187 1064 1503 1125; baseline -0.004 -12"><span class='ocrx_word' id='word_1_74' title='bbox 187 1079 313 1121; x_wconf 86' lang='grc' dir='ltr'><strong><em>κασι,</em></strong></span> <span class='ocrx_word' id='word_1_75' title='bbox 362 1069 435 1112; x_wconf 87' lang='grc' dir='ltr'>καὶ</span> <span class='ocrx_word' id='word_1_76' title='bbox 470 1067 702 1125; x_wconf 79' lang='grc' dir='ltr'><strong><em>οὐδαμοῖσι</em></strong></span> <span class='ocrx_word' id='word_1_77' title='bbox 742 1068 910 1112; x_wconf 72' lang='grc' dir='ltr'><strong><em>ἄλλοισι</em></strong></span> <span class='ocrx_word' id='word_1_78' title='bbox 947 1067 1246 1124; x_wconf 78' lang='grc' dir='ltr'><strong><em>συμφέρονται</em></strong></span> <span class='ocrx_word' id='word_1_79' title='bbox 1274 1064 1503 1121; x_wconf 76' lang='grc' dir='ltr'><strong><em>ἀνθρώ-60</em></strong></span> 
     </span>
    </p>
   </div>
   <div class='ocr_carea' id='block_1_14' title="bbox 187 1143 1446 1205">
    <p class='ocr_par' dir='ltr' id='par_1_14' title="bbox 187 1143 1446 1205">
     <span class='ocr_line' id='line_1_14' title="bbox 187 1143 1446 1205; baseline -0.001 -14"><span class='ocrx_word' id='word_1_80' title='bbox 187 1162 305 1192; x_wconf 91' lang='grc' dir='ltr'><strong><em>πων·</em></strong></span> <span class='ocrx_word' id='word_1_81' title='bbox 336 1147 542 1191; x_wconf 85' lang='grc' dir='ltr'><strong><em>καλέουσι</em></strong></span> <span class='ocrx_word' id='word_1_82' title='bbox 569 1146 656 1192; x_wconf 85' lang='grc' dir='ltr'><strong><em>οἷπὸ</em></strong></span> <span class='ocrx_word' id='word_1_83' title='bbox 685 1151 773 1192; x_wconf 77' lang='grc' dir='ltr'>τῶν</span> <span class='ocrx_word' id='word_1_84' title='bbox 800 1146 996 1205; x_wconf 79' lang='grc' dir='ltr'><strong><em>μητέρων</em></strong></span> <span class='ocrx_word' id='word_1_85' title='bbox 1011 1146 1223 1201; x_wconf 76' lang='grc' dir='ltr'><strong><em>ἑωυτοὺς,</em></strong></span> <span class='ocrx_word' id='word_1_86' title='bbox 1252 1146 1325 1191; x_wconf 88' lang='grc' dir='ltr'>καὶ</span> <span class='ocrx_word' id='word_1_87' title='bbox 1346 1143 1446 1190; x_wconf 79' lang='grc' dir='ltr'><strong><em>οὐκὶ</em></strong></span> 
     </span>
    </p>
   </div>
   <div class='ocr_carea' id='block_1_15' title="bbox 135 1258 412 1266">
    <p class='ocr_par' dir='ltr' id='par_1_15' title="bbox 135 1258 412 1266">
     <span class='ocr_line' id='line_1_15' title="bbox 135 1258 412 1266; baseline 0 1962"><span class='ocrx_word' id='word_1_88' title='bbox 135 1258 412 1266; x_wconf 95' lang='lat' dir='ltr'> </span> 
     </span>
    </p>
   </div>
   <div class='ocr_carea' id='block_1_16' title="bbox 129 1319 785 2942">
    <p class='ocr_par' dir='ltr' id='par_1_16' title="bbox 129 1319 785 2942">
     <span class='ocr_line' id='line_1_16' title="bbox 134 1319 780 1374; baseline -0.008 -12"><span class='ocrx_word' id='word_1_89' title='bbox 134 1337 203 1374; x_wconf 90' lang='grc' dir='ltr'>μοι</span> <span class='ocrx_word' id='word_1_90' title='bbox 221 1319 449 1367; x_wconf 79' lang='grc' dir='ltr'><strong><em>ἐκαλέοντο]</em></strong></span> <span class='ocrx_word' id='word_1_91' title='bbox 480 1319 622 1358; x_wconf 85' lang='lat' dir='ltr'>Eadem</span> <span class='ocrx_word' id='word_1_92' title='bbox 648 1319 780 1358; x_wconf 84' lang='lat' dir='ltr'>Strabo</span> 
     </span>
     <span class='ocr_line' id='line_1_17' title="bbox 133 1375 783 1417; baseline -0.008 0"><span class='ocrx_word' id='word_1_93' title='bbox 133 1391 178 1417; x_wconf 85' lang='lat' dir='ltr'>ex</span> <span class='ocrx_word' id='word_1_94' title='bbox 221 1378 403 1416; x_wconf 85' lang='lat' dir='ltr'>Herodoti</span> <span class='ocrx_word' id='word_1_95' title='bbox 449 1377 660 1414; x_wconf 80' lang='lat' dir='ltr'>auctoritate</span> <span class='ocrx_word' id='word_1_96' title='bbox 710 1375 783 1413; x_wconf 89' lang='lat' dir='ltr'>XII</span> 
     </span>
     <span class='ocr_line' id='line_1_18' title="bbox 129 1432 782 1486; baseline -0.006 -15"><span class='ocrx_word' id='word_1_97' title='bbox 129 1447 217 1486; x_wconf 85' lang='lat' dir='ltr'>pag.</span> <span class='ocrx_word' id='word_1_98' title='bbox 238 1434 320 1475; x_wconf 84' lang='lat'>858</span> <span class='ocrx_word' id='word_1_99' title='bbox 348 1448 376 1471; x_wconf 91' lang='lat' dir='ltr'>s.</span> <span class='ocrx_word' id='word_1_100' title='bbox 404 1446 490 1484; x_wconf 81' lang='lat' dir='ltr'><strong>pag.</strong></span> <span class='ocrx_word' id='word_1_101' title='bbox 509 1433 592 1473; x_wconf 83' lang='lat'>573</span> <span class='ocrx_word' id='word_1_102' title='bbox 620 1433 677 1469; x_wconf 89' lang='lat' dir='ltr'>ed.</span> <span class='ocrx_word' id='word_1_103' title='bbox 708 1432 782 1468; x_wconf 82' lang='lat' dir='ltr'>Ca-</span> 
     </span>
     <span class='ocr_line' id='line_1_19' title="bbox 130 1487 782 1528; baseline -0.006 0"><span class='ocrx_word' id='word_1_104' title='bbox 130 1490 231 1528; x_wconf 87' lang='lat' dir='ltr'>saub.</span> <span class='ocrx_word' id='word_1_105' title='bbox 286 1488 340 1526; x_wconf 90' lang='lat' dir='ltr'>Ac</span> <span class='ocrx_word' id='word_1_106' title='bbox 371 1490 464 1527; x_wconf 92' lang='lat' dir='ltr'>bene</span> <span class='ocrx_word' id='word_1_107' title='bbox 498 1488 696 1527; x_wconf 89' lang='lat' dir='ltr'>tenendum</span> <span class='ocrx_word' id='word_1_108' title='bbox 725 1487 782 1525; x_wconf 88' lang='lat' dir='ltr'>vel</span> 
     </span>
     <span class='ocr_line' id='line_1_20' title="bbox 129 1544 781 1599; baseline -0.005 -16"><span class='ocrx_word' id='word_1_109' title='bbox 129 1550 278 1599; x_wconf 84' lang='lat' dir='ltr'>postera</span> <span class='ocrx_word' id='word_1_110' title='bbox 297 1549 415 1583; x_wconf 78' lang='lat' dir='ltr'>aetate</span> <span class='ocrx_word' id='word_1_111' title='bbox 439 1544 616 1594; x_wconf 71' lang='lat' dir='ltr'>Milyadc&#39;s</span> <span class='ocrx_word' id='word_1_112' title='bbox 634 1556 781 1592; x_wconf 83' lang='lat' dir='ltr'>nomen,</span> 
     </span>
     <span class='ocr_line' id='line_1_21' title="bbox 131 1600 781 1650; baseline -0.005 -11"><span class='ocrx_word' id='word_1_113' title='bbox 131 1603 216 1640; x_wconf 90' lang='lat' dir='ltr'>olim</span> <span class='ocrx_word' id='word_1_114' title='bbox 235 1602 426 1640; x_wconf 82' lang='lat' dir='ltr'>universae</span> <span class='ocrx_word' id='word_1_115' title='bbox 443 1601 577 1650; x_wconf 84' lang='lat' dir='ltr'>Lyciae</span> <span class='ocrx_word' id='word_1_116' title='bbox 598 1600 781 1648; x_wconf 87' lang='lat' dir='ltr'>tributum,</span> 
     </span>
     <span class='ocr_line' id='line_1_22' title="bbox 131 1656 781 1707; baseline -0.006 -10"><span class='ocrx_word' id='word_1_117' title='bbox 131 1661 178 1697; x_wconf 88' lang='lat' dir='ltr'>de</span> <span class='ocrx_word' id='word_1_118' title='bbox 193 1671 266 1696; x_wconf 86' lang='lat' dir='ltr'>una</span> <span class='ocrx_word' id='word_1_119' title='bbox 286 1659 443 1707; x_wconf 80' lang='lat' dir='ltr'>quadam</span> <span class='ocrx_word' id='word_1_120' title='bbox 460 1656 594 1706; x_wconf 84' lang='lat' dir='ltr'><strong>Lyciae</strong></span> <span class='ocrx_word' id='word_1_121' title='bbox 611 1657 781 1694; x_wconf 88' lang='lat' dir='ltr'>interiore</span> 
     </span>
     <span class='ocr_line' id='line_1_23' title="bbox 130 1713 781 1767; baseline -0.006 -14"><span class='ocrx_word' id='word_1_122' title='bbox 130 1719 236 1767; x_wconf 82' lang='lat' dir='ltr'>parte</span> <span class='ocrx_word' id='word_1_123' title='bbox 268 1714 358 1761; x_wconf 87' lang='lat' dir='ltr'>dici,</span> <span class='ocrx_word' id='word_1_124' title='bbox 387 1714 483 1751; x_wconf 92' lang='lat' dir='ltr'>cuius</span> <span class='ocrx_word' id='word_1_125' title='bbox 514 1713 604 1750; x_wconf 88' lang='lat' dir='ltr'>fines</span> <span class='ocrx_word' id='word_1_126' title='bbox 634 1725 781 1750; x_wconf 81' lang='lat' dir='ltr'>accura-</span> 
     </span>
     <span class='ocr_line' id='line_1_24' title="bbox 131 1768 779 1809; baseline -0.003 -1"><span class='ocrx_word' id='word_1_127' title='bbox 131 1772 202 1809; x_wconf 85' lang='lat' dir='ltr'><strong>tius</strong></span> <span class='ocrx_word' id='word_1_128' title='bbox 221 1770 354 1807; x_wconf 86' lang='lat' dir='ltr'>indicat</span> <span class='ocrx_word' id='word_1_129' title='bbox 374 1770 507 1806; x_wconf 84' lang='lat' dir='ltr'>Strabo</span> <span class='ocrx_word' id='word_1_130' title='bbox 528 1768 617 1805; x_wconf 86' lang='grc' dir='ltr'>ΧΙΙΙ</span> <span class='ocrx_word' id='word_1_131' title='bbox 638 1769 675 1805; x_wconf 87' lang='lat' dir='ltr'>in</span> <span class='ocrx_word' id='word_1_132' title='bbox 695 1769 779 1806; x_wconf 89' lang='lat' dir='ltr'>fine.</span> 
     </span>
     <span class='ocr_line' id='line_1_25' title="bbox 131 1824 781 1874; baseline -0.005 -10"><span class='ocrx_word' id='word_1_133' title='bbox 131 1827 215 1864; x_wconf 91' lang='lat' dir='ltr'>Hoc</span> <span class='ocrx_word' id='word_1_134' title='bbox 249 1839 359 1863; x_wconf 88' lang='lat' dir='ltr'>sensu</span> <span class='ocrx_word' id='word_1_135' title='bbox 404 1824 651 1874; x_wconf 84' lang='lat' dir='ltr'>accipiendum</span> <span class='ocrx_word' id='word_1_136' title='bbox 682 1825 781 1874; x_wconf 85' lang='lat' dir='ltr'>apud</span> 
     </span>
     <span class='ocr_line' id='line_1_26' title="bbox 132 1879 780 1930; baseline -0.005 -11"><span class='ocrx_word' id='word_1_137' title='bbox 132 1882 323 1920; x_wconf 82' lang='lat' dir='ltr'>Arrianum</span> <span class='ocrx_word' id='word_1_138' title='bbox 347 1880 488 1930; x_wconf 86' lang='lat' dir='ltr'>Exped.</span> <span class='ocrx_word' id='word_1_139' title='bbox 516 1879 618 1917; x_wconf 84' lang='lat' dir='ltr'>Alex.</span> <span class='ocrx_word' id='word_1_140' title='bbox 648 1879 684 1926; x_wconf 89' lang='grc' dir='ltr'>Ι,</span> <span class='ocrx_word' id='word_1_141' title='bbox 714 1879 780 1921; x_wconf 77' lang='lat'>24.</span> 
     </span>
     <span class='ocr_line' id='line_1_27' title="bbox 134 1936 782 1987; baseline -0.008 -11"><span class='ocrx_word' id='word_1_142' title='bbox 134 1939 263 1987; x_wconf 85' lang='lat' dir='ltr'>Polyb.</span> <span class='ocrx_word' id='word_1_143' title='bbox 294 1937 340 1984; x_wconf 88' lang='lat' dir='ltr'>V,</span> <span class='ocrx_word' id='word_1_144' title='bbox 363 1938 428 1977; x_wconf 84' lang='lat'>73.</span> <span class='ocrx_word' id='word_1_145' title='bbox 451 1939 517 1977; x_wconf 90' lang='lat'>77.</span> <span class='ocrx_word' id='word_1_146' title='bbox 574 1936 670 1972; x_wconf 88' lang='lat' dir='ltr'>Hinc</span> <span class='ocrx_word' id='word_1_147' title='bbox 699 1948 782 1972; x_wconf 81' lang='lat' dir='ltr'>ver-</span> 
     </span>
     <span class='ocr_line' id='line_1_28' title="bbox 133 1986 782 2033; baseline -0.003 -2"><span class='ocrx_word' id='word_1_148' title='bbox 133 1995 200 2032; x_wconf 82' lang='lat' dir='ltr'>ba:</span> <span class='ocrx_word' id='word_1_149' title='bbox 232 1993 273 2033; x_wconf 82' lang='grc' dir='ltr'>οἷ</span> <span class='ocrx_word' id='word_1_150' title='bbox 299 1991 340 2032; x_wconf 83' lang='grc' dir='ltr'>δὲ</span> <span class='ocrx_word' id='word_1_151' title='bbox 374 1986 537 2031; x_wconf 80' lang='grc' dir='ltr'><strong><em>Μιλύαι</em></strong></span> <span class='ocrx_word' id='word_1_152' title='bbox 550 1986 637 2030; x_wconf 87' lang='grc' dir='ltr'><strong><em>τότε</em></strong></span> <span class='ocrx_word' id='word_1_153' title='bbox 658 1988 782 2030; x_wconf 84' lang='grc' dir='ltr'><strong><em>Σόλυ-</em></strong></span> 
     </span>
     <span class='ocr_line' id='line_1_29' title="bbox 135 2047 782 2102; baseline -0.009 -12"><span class='ocrx_word' id='word_1_154' title='bbox 135 2065 203 2102; x_wconf 88' lang='grc' dir='ltr'>μοι</span> <span class='ocrx_word' id='word_1_155' title='bbox 238 2047 463 2095; x_wconf 81' lang='grc' dir='ltr'><strong><em>ἕκαλέοντο,</em></strong></span> <span class='ocrx_word' id='word_1_156' title='bbox 500 2047 620 2085; x_wconf 82' lang='lat' dir='ltr'>malim</span> <span class='ocrx_word' id='word_1_157' title='bbox 653 2047 703 2084; x_wconf 90' lang='lat' dir='ltr'>sic</span> <span class='ocrx_word' id='word_1_158' title='bbox 726 2047 782 2084; x_wconf 88' lang='lat' dir='ltr'>in-</span> 
     </span>
     <span class='ocr_line' id='line_1_30' title="bbox 133 2102 782 2159; baseline -0.006 -15"><span class='ocrx_word' id='word_1_159' title='bbox 133 2106 343 2159; x_wconf 73' lang='lat' dir='ltr'>terpretari:</span> <span class='ocrx_word' id='word_1_160' title='bbox 363 2103 435 2153; x_wconf 76' lang='lat' dir='ltr'>„Iz‘</span> <span class='ocrx_word' id='word_1_161' title='bbox 457 2106 519 2153; x_wconf 77' lang='lat' dir='ltr'>qm·</span> <span class='ocrx_word' id='word_1_162' title='bbox 531 2117 622 2141; x_wconf 79' lang='lat' dir='ltr'>nunc</span> <span class='ocrx_word' id='word_1_163' title='bbox 641 2102 782 2153; x_wconf 71' lang='lat' dir='ltr'>Milyae</span> 
     </span>
     <span class='ocr_line' id='line_1_31' title="bbox 133 2160 780 2209; baseline -0.006 -9"><span class='ocrx_word' id='word_1_164' title='bbox 133 2162 318 2209; x_wconf 79' lang='lat' dir='ltr'>dicuntur,</span> <span class='ocrx_word' id='word_1_165' title='bbox 348 2165 421 2198; x_wconf 79' lang='lat' dir='ltr'>tum</span> <span class='ocrx_word' id='word_1_166' title='bbox 451 2161 559 2208; x_wconf 89' lang='lat' dir='ltr'>(cum</span> <span class='ocrx_word' id='word_1_167' title='bbox 582 2174 630 2197; x_wconf 83' lang='lat' dir='ltr'>sc.</span> <span class='ocrx_word' id='word_1_168' title='bbox 665 2160 780 2196; x_wconf 87' lang='lat' dir='ltr'>omnis</span> 
     </span>
     <span class='ocr_line' id='line_1_32' title="bbox 132 2216 781 2266; baseline -0.006 -10"><span class='ocrx_word' id='word_1_169' title='bbox 132 2223 230 2257; x_wconf 85' lang='lat' dir='ltr'>terra</span> <span class='ocrx_word' id='word_1_170' title='bbox 260 2217 374 2266; x_wconf 85' lang='lat' dir='ltr'>Lycia</span> <span class='ocrx_word' id='word_1_171' title='bbox 410 2217 588 2254; x_wconf 86' lang='lat' dir='ltr'>diceretur</span> <span class='ocrx_word' id='word_1_172' title='bbox 622 2216 781 2264; x_wconf 77' lang='lat' dir='ltr'>Milyas)</span> 
     </span>
     <span class='ocr_line' id='line_1_33' title="bbox 135 2272 782 2325; baseline -0.008 -13"><span class='ocrx_word' id='word_1_173' title='bbox 135 2275 276 2325; x_wconf 76' lang='lat' dir='ltr'>Solymi</span> <span class='ocrx_word' id='word_1_174' title='bbox 292 2274 542 2311; x_wconf 79' lang='lat' dir='ltr'>vocabantur.“</span> <span class='ocrx_word' id='word_1_175' title='bbox 570 2273 692 2310; x_wconf 89' lang='lat' dir='ltr'>Hosce</span> <span class='ocrx_word' id='word_1_176' title='bbox 710 2272 782 2308; x_wconf 84' lang='lat' dir='ltr'>Mi-</span> 
     </span>
     <span class='ocr_line' id='line_1_34' title="bbox 134 2328 780 2380; baseline -0.006 -12"><span class='ocrx_word' id='word_1_177' title='bbox 134 2331 211 2380; x_wconf 83' lang='lat' dir='ltr'>lyas</span> <span class='ocrx_word' id='word_1_178' title='bbox 242 2330 404 2368; x_wconf 80' lang='lat' dir='ltr'>nominat</span> <span class='ocrx_word' id='word_1_179' title='bbox 429 2328 567 2367; x_wconf 84' lang='lat' dir='ltr'>Noster</span> <span class='ocrx_word' id='word_1_180' title='bbox 595 2328 683 2375; x_wconf 78' lang='lat' dir='ltr'>Vll,</span> <span class='ocrx_word' id='word_1_181' title='bbox 714 2331 780 2369; x_wconf 87' lang='lat'>77.</span> 
     </span>
     <span class='ocr_line' id='line_1_35' title="bbox 133 2380 783 2436; baseline -0.003 -12"><span class='ocrx_word' id='word_1_182' title='bbox 133 2387 211 2424; x_wconf 88' lang='lat' dir='ltr'>Iam</span> <span class='ocrx_word' id='word_1_183' title='bbox 242 2386 390 2436; x_wconf 84' lang='lat' dir='ltr'>planum</span> <span class='ocrx_word' id='word_1_184' title='bbox 422 2386 490 2423; x_wconf 90' lang='lat' dir='ltr'>erit</span> <span class='ocrx_word' id='word_1_185' title='bbox 509 2380 592 2424; x_wconf 85' lang='grc' dir='ltr'><strong><em>τότε</em></strong></span> <span class='ocrx_word' id='word_1_186' title='bbox 618 2388 783 2435; x_wconf 82' lang='lat' dir='ltr'>spectare</span> 
     </span>
     <span class='ocr_line' id='line_1_36' title="bbox 135 2437 782 2481; baseline -0.003 -2"><span class='ocrx_word' id='word_1_187' title='bbox 135 2443 185 2479; x_wconf 84' lang='lat' dir='ltr'>ad</span> <span class='ocrx_word' id='word_1_188' title='bbox 209 2438 254 2481; x_wconf 75' lang='grc' dir='ltr'>τό</span> <span class='ocrx_word' id='word_1_189' title='bbox 280 2437 449 2480; x_wconf 77' lang='grc' dir='ltr'><strong><em>παλαιόν</em></strong></span> <span class='ocrx_word' id='word_1_190' title='bbox 477 2454 544 2480; x_wconf 89' lang='lat' dir='ltr'>nec</span> <span class='ocrx_word' id='word_1_191' title='bbox 571 2440 640 2478; x_wconf 90' lang='lat' dir='ltr'>ullo</span> <span class='ocrx_word' id='word_1_192' title='bbox 672 2441 782 2477; x_wconf 92' lang='lat' dir='ltr'>modo</span> 
     </span>
     <span class='ocr_line' id='line_1_37' title="bbox 135 2496 781 2546; baseline -0.003 -11"><span class='ocrx_word' id='word_1_193' title='bbox 135 2498 348 2535; x_wconf 87' lang='lat' dir='ltr'>mutandum</span> <span class='ocrx_word' id='word_1_194' title='bbox 385 2511 476 2535; x_wconf 89' lang='lat' dir='ltr'>esse.</span> <span class='ocrx_word' id='word_1_195' title='bbox 513 2517 570 2525; x_wconf 94' lang='lat'>—-</span> <span class='ocrx_word' id='word_1_196' title='bbox 604 2496 646 2533; x_wconf 93' lang='lat' dir='ltr'>In</span> <span class='ocrx_word' id='word_1_197' title='bbox 677 2510 781 2546; x_wconf 84' lang='lat' dir='ltr'>seqq.</span> 
     </span>
     <span class='ocr_line' id='line_1_38' title="bbox 137 2547 782 2603; baseline 0 -13"><span class='ocrx_word' id='word_1_198' title='bbox 137 2553 340 2603; x_wconf 84' lang='lat' dir='ltr'>scripsimus</span> <span class='ocrx_word' id='word_1_199' title='bbox 363 2548 498 2592; x_wconf 75' lang='grc' dir='ltr'><strong><em>αὐτῶν</em></strong></span> <span class='ocrx_word' id='word_1_200' title='bbox 518 2565 585 2603; x_wconf 87' lang='lat' dir='ltr'>pro</span> <span class='ocrx_word' id='word_1_201' title='bbox 605 2547 782 2601; x_wconf 72' lang='grc' dir='ltr'><strong><em>αὐτέων,-</em></strong></span> 
     </span>
     <span class='ocr_line' id='line_1_39' title="bbox 139 2608 703 2659; baseline -0.002 -13"><span class='ocrx_word' id='word_1_202' title='bbox 139 2609 238 2659; x_wconf 89' lang='lat' dir='ltr'>quod</span> <span class='ocrx_word' id='word_1_203' title='bbox 256 2610 403 2646; x_wconf 87' lang='lat' dir='ltr'>recurrit</span> <span class='ocrx_word' id='word_1_204' title='bbox 421 2609 458 2646; x_wconf 89' lang='lat' dir='ltr'>in</span> <span class='ocrx_word' id='word_1_205' title='bbox 474 2609 547 2646; x_wconf 85' lang='lat' dir='ltr'>fine</span> <span class='ocrx_word' id='word_1_206' title='bbox 566 2608 703 2658; x_wconf 81' lang='lat' dir='ltr'>capitis.</span> 
     </span>
     <span class='ocr_line' id='line_1_40' title="bbox 193 2660 784 2704; baseline 0.003 -2"><span class='ocrx_word' id='word_1_207' title='bbox 193 2662 261 2702; x_wconf 86' lang='grc' dir='ltr'>καὶ</span> <span class='ocrx_word' id='word_1_208' title='bbox 291 2666 368 2703; x_wconf 81' lang='grc' dir='ltr'>νῦν</span> <span class='ocrx_word' id='word_1_209' title='bbox 396 2663 451 2703; x_wconf 74' lang='grc' dir='ltr'>ἔτι</span> <span class='ocrx_word' id='word_1_210' title='bbox 479 2662 682 2702; x_wconf 82' lang='grc' dir='ltr'><strong><em>καλέονται</em></strong></span> <span class='ocrx_word' id='word_1_211' title='bbox 702 2660 784 2704; x_wconf 72' lang='grc' dir='ltr'>ὖπό</span> 
     </span>
     <span class='ocr_line' id='line_1_41' title="bbox 137 2715 784 2771; baseline -0.002 -12"><span class='ocrx_word' id='word_1_212' title='bbox 137 2721 220 2759; x_wconf 76' lang='grc' dir='ltr'>τῶν</span> <span class='ocrx_word' id='word_1_213' title='bbox 236 2720 450 2771; x_wconf 86' lang='grc' dir='ltr'><strong><em>περιοίκων</em></strong></span> <span class='ocrx_word' id='word_1_214' title='bbox 468 2719 510 2759; x_wconf 85' lang='grc' dir='ltr'>οἷ</span> <span class='ocrx_word' id='word_1_215' title='bbox 516 2715 677 2765; x_wconf 76' lang='grc' dir='ltr'><strong><em>Λύκιοι,</em></strong></span> <span class='ocrx_word' id='word_1_216' title='bbox 694 2723 784 2771; x_wconf 84' lang='grc' dir='ltr'><strong><em>Τερ-</em></strong></span> 
     </span>
     <span class='ocr_line' id='line_1_42' title="bbox 138 2774 785 2827; baseline -0.003 -12"><span class='ocrx_word' id='word_1_217' title='bbox 138 2774 276 2827; x_wconf 82' lang='grc' dir='ltr'><strong><em>μίλαι]</em></strong></span> <span class='ocrx_word' id='word_1_218' title='bbox 307 2775 357 2813; x_wconf 86' lang='lat' dir='ltr'>Et</span> <span class='ocrx_word' id='word_1_219' title='bbox 387 2775 551 2813; x_wconf 86' lang='lat' dir='ltr'>classicus</span> <span class='ocrx_word' id='word_1_220' title='bbox 581 2775 708 2813; x_wconf 84' lang='lat' dir='ltr'>Nostri</span> <span class='ocrx_word' id='word_1_221' title='bbox 730 2775 785 2813; x_wconf 91' lang='lat' dir='ltr'>lo-</span> 
     </span>
     <span class='ocr_line' id='line_1_43' title="bbox 139 2831 783 2880; baseline 0.002 -11"><span class='ocrx_word' id='word_1_222' title='bbox 139 2845 202 2869; x_wconf 89' lang='lat' dir='ltr'>cus</span> <span class='ocrx_word' id='word_1_223' title='bbox 213 2831 292 2879; x_wconf 85' lang='lat' dir='ltr'>VH,</span> <span class='ocrx_word' id='word_1_224' title='bbox 314 2833 369 2874; x_wconf 83' lang='lat'>92</span> <span class='ocrx_word' id='word_1_225' title='bbox 386 2831 548 2870; x_wconf 88' lang='lat' dir='ltr'>eiusdem</span> <span class='ocrx_word' id='word_1_226' title='bbox 563 2832 783 2880; x_wconf 82' lang='lat' dir='ltr'>argumenti:</span> 
     </span>
     <span class='ocr_line' id='line_1_44' title="bbox 138 2882 784 2942; baseline 0.002 -14"><span class='ocrx_word' id='word_1_227' title='bbox 138 2882 287 2928; x_wconf 80' lang='grc' dir='ltr'><strong><em>Λύκιοι</em></strong></span> <span class='ocrx_word' id='word_1_228' title='bbox 312 2885 356 2929; x_wconf 83' lang='grc' dir='ltr'>δὲ</span> <span class='ocrx_word' id='word_1_229' title='bbox 380 2887 564 2942; x_wconf 79' lang='grc' dir='ltr'><strong><em>Τερμίλαι</em></strong></span> <span class='ocrx_word' id='word_1_230' title='bbox 580 2885 784 2930; x_wconf 81' lang='grc' dir='ltr'><strong><em>ἐκαλέοντο</em></strong></span> 
     </span>
    </p>
   </div>
   <div class='ocr_carea' id='block_1_17' title="bbox 847 1313 1503 2941">
    <p class='ocr_par' dir='ltr' id='par_1_17' title="bbox 847 1313 1503 2094">
     <span class='ocr_line' id='line_1_45' title="bbox 848 1313 1503 1372; baseline -0.003 -12"><span class='ocrx_word' id='word_1_231' title='bbox 848 1318 891 1360; x_wconf 79' lang='grc' dir='ltr'>ἔκ</span> <span class='ocrx_word' id='word_1_232' title='bbox 924 1315 1089 1372; x_wconf 81' lang='grc' dir='ltr'><strong><em>Κρήτης</em></strong></span> <span class='ocrx_word' id='word_1_233' title='bbox 1114 1313 1337 1372; x_wconf 77' lang='grc' dir='ltr'><strong><em>γεγονότες·</em></strong></span> <span class='ocrx_word' id='word_1_234' title='bbox 1366 1315 1433 1358; x_wconf 79' lang='grc' dir='ltr'>ἐπὶ</span> <span class='ocrx_word' id='word_1_235' title='bbox 1459 1315 1503 1357; x_wconf 81' lang='grc' dir='ltr'>δὲ</span> 
     </span>
     <span class='ocr_line' id='line_1_46' title="bbox 848 1370 1503 1422; baseline -0.002 -8"><span class='ocrx_word' id='word_1_236' title='bbox 848 1371 992 1415; x_wconf 77' lang='grc' dir='ltr'><strong><em>Λύκου</em></strong></span> <span class='ocrx_word' id='word_1_237' title='bbox 1031 1378 1104 1415; x_wconf 85' lang='grc' dir='ltr'>τοῦ</span> <span class='ocrx_word' id='word_1_238' title='bbox 1142 1376 1390 1422; x_wconf 80' lang='grc' dir='ltr'><strong><em>Πανδίονος,</em></strong></span> <span class='ocrx_word' id='word_1_239' title='bbox 1433 1370 1503 1413; x_wconf 78' lang='grc' dir='ltr'><strong><em>οἷν-</em></strong></span> 
     </span>
     <span class='ocr_line' id='line_1_47' title="bbox 849 1427 1502 1483; baseline -0.005 -12"><span class='ocrx_word' id='word_1_240' title='bbox 849 1429 943 1483; x_wconf 79' lang='grc' dir='ltr'>δρός</span> <span class='ocrx_word' id='word_1_241' title='bbox 967 1428 1187 1483; x_wconf 81' lang='grc' dir='ltr'><strong><em>Ἀθηναίου</em></strong></span> <span class='ocrx_word' id='word_1_242' title='bbox 1222 1430 1334 1481; x_wconf 78' lang='grc' dir='ltr'><strong><em>ἔσχον</em></strong></span> <span class='ocrx_word' id='word_1_243' title='bbox 1362 1427 1435 1480; x_wconf 67' lang='grc' dir='ltr'>τήν</span> <span class='ocrx_word' id='word_1_244' title='bbox 1465 1429 1502 1469; x_wconf 79' lang='grc' dir='ltr'>ἒ-</span> 
     </span>
     <span class='ocr_line' id='line_1_48' title="bbox 847 1486 1502 1539; baseline -0.006 -12"><span class='ocrx_word' id='word_1_245' title='bbox 847 1488 1073 1539; x_wconf 88' lang='grc' dir='ltr'><strong><em>πωννμίην.</em></strong></span> <span class='ocrx_word' id='word_1_246' title='bbox 1130 1487 1227 1524; x_wconf 88' lang='lat' dir='ltr'>Add.</span> <span class='ocrx_word' id='word_1_247' title='bbox 1258 1486 1423 1524; x_wconf 88' lang='lat' dir='ltr'>Siebelis.</span> <span class='ocrx_word' id='word_1_248' title='bbox 1452 1487 1502 1524; x_wconf 83' lang='lat' dir='ltr'>ad</span> 
     </span>
     <span class='ocr_line' id='line_1_49' title="bbox 847 1542 1501 1595; baseline -0.003 -14"><span class='ocrx_word' id='word_1_249' title='bbox 847 1544 1005 1581; x_wconf 84' lang='lat' dir='ltr'>Pausan.</span> <span class='ocrx_word' id='word_1_250' title='bbox 1027 1544 1063 1591; x_wconf 87' lang='grc' dir='ltr'>Ι,</span> <span class='ocrx_word' id='word_1_251' title='bbox 1082 1547 1133 1586; x_wconf 87' lang='lat'>19</span> <span class='ocrx_word' id='word_1_252' title='bbox 1153 1543 1189 1595; x_wconf 65' lang='grc' dir='ltr'>ἓ.</span> <span class='ocrx_word' id='word_1_253' title='bbox 1210 1542 1247 1584; x_wconf 83' lang='grc'>4.</span> <span class='ocrx_word' id='word_1_254' title='bbox 1266 1564 1323 1571; x_wconf 87' lang='grc'>-</span> <span class='ocrx_word' id='word_1_255' title='bbox 1342 1542 1382 1579; x_wconf 90' lang='lat' dir='ltr'>In</span> <span class='ocrx_word' id='word_1_256' title='bbox 1396 1555 1501 1592; x_wconf 89' lang='lat' dir='ltr'>seqq.</span> 
     </span>
     <span class='ocr_line' id='line_1_50' title="bbox 852 1598 1499 1648; baseline -0.002 -11"><span class='ocrx_word' id='word_1_257' title='bbox 852 1601 1018 1638; x_wconf 88' lang='lat' dir='ltr'>dedimus</span> <span class='ocrx_word' id='word_1_258' title='bbox 1041 1598 1264 1648; x_wconf 79' lang='grc' dir='ltr'><strong><em>ἐξελασθεὶς</em></strong></span> <span class='ocrx_word' id='word_1_259' title='bbox 1284 1603 1323 1636; x_wconf 89' lang='lat' dir='ltr'>ut</span> <span class='ocrx_word' id='word_1_260' title='bbox 1346 1598 1384 1645; x_wconf 85' lang='lat' dir='ltr'>I,</span> <span class='ocrx_word' id='word_1_261' title='bbox 1408 1601 1499 1640; x_wconf 88' lang='grc'><strong>168.</strong></span> 
     </span>
     <span class='ocr_line' id='line_1_51' title="bbox 847 1652 1501 1708; baseline -0.008 -12"><span class='ocrx_word' id='word_1_262' title='bbox 847 1676 904 1684; x_wconf 83' lang='lat'>—-</span> <span class='ocrx_word' id='word_1_263' title='bbox 920 1652 998 1696; x_wconf 75' lang='grc' dir='ltr'><strong><em>α’νά</em></strong></span> <span class='ocrx_word' id='word_1_264' title='bbox 1019 1652 1166 1708; x_wconf 83' lang='grc' dir='ltr'><strong><em>χρόνον</em></strong></span> <span class='ocrx_word' id='word_1_265' title='bbox 1185 1661 1240 1694; x_wconf 88' lang='lat' dir='ltr'>est</span> <span class='ocrx_word' id='word_1_266' title='bbox 1249 1656 1409 1706; x_wconf 76' lang='lat' dir='ltr'>temporis</span> <span class='ocrx_word' id='word_1_267' title='bbox 1419 1668 1501 1692; x_wconf 78' lang='lat' dir='ltr'>suc-</span> 
     </span>
     <span class='ocr_line' id='line_1_52' title="bbox 849 1710 1501 1762; baseline -0.003 -12"><span class='ocrx_word' id='word_1_268' title='bbox 849 1726 946 1750; x_wconf 77' lang='lat' dir='ltr'>cessu</span> <span class='ocrx_word' id='word_1_269' title='bbox 963 1727 991 1751; x_wconf 88' lang='lat' dir='ltr'>s.</span> <span class='ocrx_word' id='word_1_270' title='bbox 1008 1713 1154 1750; x_wconf 78' lang='lat' dir='ltr'>decursu</span> <span class='ocrx_word' id='word_1_271' title='bbox 1166 1742 1177 1761; x_wconf 91' lang='lat'>‚</span> <span class='ocrx_word' id='word_1_272' title='bbox 1193 1713 1215 1750; x_wconf 87' lang='lat' dir='ltr'>i.</span> <span class='ocrx_word' id='word_1_273' title='bbox 1234 1726 1265 1750; x_wconf 87' lang='lat' dir='ltr'>e.</span> <span class='ocrx_word' id='word_1_274' title='bbox 1281 1715 1372 1762; x_wconf 75' lang='lat' dir='ltr'>post.</span> <span class='ocrx_word' id='word_1_275' title='bbox 1402 1710 1501 1749; x_wconf 83' lang='lat' dir='ltr'>Nam</span> 
     </span>
     <span class='ocr_line' id='line_1_53' title="bbox 848 1765 1501 1819; baseline -0.006 -11"><span class='ocrx_word' id='word_1_276' title='bbox 848 1765 927 1808; x_wconf 75' lang='grc' dir='ltr'><strong><em>οἷνοέ</em></strong></span> <span class='ocrx_word' id='word_1_277' title='bbox 957 1770 1014 1806; x_wconf 90' lang='lat' dir='ltr'>hic</span> <span class='ocrx_word' id='word_1_278' title='bbox 1034 1782 1180 1819; x_wconf 89' lang='lat' dir='ltr'>quoque</span> <span class='ocrx_word' id='word_1_279' title='bbox 1208 1768 1383 1818; x_wconf 86' lang='lat' dir='ltr'>temporis</span> <span class='ocrx_word' id='word_1_280' title='bbox 1413 1780 1501 1805; x_wconf 88' lang='lat' dir='ltr'>con-</span> 
     </span>
     <span class='ocr_line' id='line_1_54' title="bbox 847 1824 1500 1871; baseline -0.002 -10"><span class='ocrx_word' id='word_1_281' title='bbox 847 1825 975 1861; x_wconf 83' lang='lat' dir='ltr'>tinuati</span> <span class='ocrx_word' id='word_1_282' title='bbox 1004 1826 1190 1862; x_wconf 90' lang='lat' dir='ltr'>notionem</span> <span class='ocrx_word' id='word_1_283' title='bbox 1215 1824 1394 1871; x_wconf 83' lang='lat' dir='ltr'>retinere,</span> <span class='ocrx_word' id='word_1_284' title='bbox 1423 1836 1500 1860; x_wconf 89' lang='lat' dir='ltr'>non</span> 
     </span>
     <span class='ocr_line' id='line_1_55' title="bbox 849 1879 1500 1917; baseline -0.003 0"><span class='ocrx_word' id='word_1_285' title='bbox 849 1881 1007 1917; x_wconf 86' lang='lat' dir='ltr'>dubium.</span> <span class='ocrx_word' id='word_1_286' title='bbox 1066 1881 1174 1917; x_wconf 90' lang='lat' dir='ltr'><strong>Conf.</strong></span> <span class='ocrx_word' id='word_1_287' title='bbox 1210 1879 1420 1917; x_wconf 87' lang='lat' dir='ltr'>Fischerum</span> <span class='ocrx_word' id='word_1_288' title='bbox 1451 1880 1500 1916; x_wconf 83' lang='lat' dir='ltr'>ad</span> 
     </span>
     <span class='ocr_line' id='line_1_56' title="bbox 848 1935 1500 1985; baseline -0.005 -12"><span class='ocrx_word' id='word_1_289' title='bbox 848 1936 997 1973; x_wconf 52' lang='lat' dir='ltr'>WVeller.</span> <span class='ocrx_word' id='word_1_290' title='bbox 1028 1936 1104 1983; x_wconf 84' lang='grc' dir='ltr'>ΙΙΙ,</span> <span class='ocrx_word' id='word_1_291' title='bbox 1129 1949 1151 1972; x_wconf 86' lang='lat' dir='ltr'>a</span> <span class='ocrx_word' id='word_1_292' title='bbox 1183 1948 1270 1985; x_wconf 80' lang='lat' dir='ltr'><strong>pag.</strong></span> <span class='ocrx_word' id='word_1_293' title='bbox 1294 1936 1384 1975; x_wconf 81' lang='lat'><strong>163.</strong></span> <span class='ocrx_word' id='word_1_294' title='bbox 1441 1935 1500 1971; x_wconf 83' lang='lat' dir='ltr'>Ex</span> 
     </span>
     <span class='ocr_line' id='line_1_57' title="bbox 847 1989 1497 2038; baseline -0.002 -10"><span class='ocrx_word' id='word_1_295' title='bbox 847 1992 1038 2029; x_wconf 80' lang='lat' dir='ltr'>Herodoto</span> <span class='ocrx_word' id='word_1_296' title='bbox 1059 1992 1152 2028; x_wconf 87' lang='lat' dir='ltr'>conf.</span> <span class='ocrx_word' id='word_1_297' title='bbox 1173 1991 1233 2038; x_wconf 90' lang='lat' dir='ltr'>H,</span> <span class='ocrx_word' id='word_1_298' title='bbox 1256 1991 1348 2032; x_wconf 83' lang='lat'><strong>151.</strong></span> <span class='ocrx_word' id='word_1_299' title='bbox 1369 1989 1415 2038; x_wconf 82' lang='lat' dir='ltr'>V,</span> <span class='ocrx_word' id='word_1_300' title='bbox 1431 1993 1497 2032; x_wconf 80' lang='grc'>27.</span> 
     </span>
     <span class='ocr_line' id='line_1_58' title="bbox 849 2047 1033 2094; baseline 0 -10"><span class='ocrx_word' id='word_1_301' title='bbox 849 2047 938 2094; x_wconf 83' lang='lat' dir='ltr'>VH,</span> <span class='ocrx_word' id='word_1_302' title='bbox 970 2050 1033 2088; x_wconf 87' lang='grc'>10.</span> 
     </span>
    </p>

    <p class='ocr_par' dir='ltr' id='par_1_18' title="bbox 848 2097 1501 2941">
     <span class='ocr_line' id='line_1_59' title="bbox 901 2097 1499 2153; baseline -0.002 -11"><span class='ocrx_word' id='word_1_303' title='bbox 901 2103 948 2142; x_wconf 68' lang='grc' dir='ltr'>ἓν</span> <span class='ocrx_word' id='word_1_304' title='bbox 969 2101 1010 2141; x_wconf 82' lang='grc' dir='ltr'>δὲ</span> <span class='ocrx_word' id='word_1_305' title='bbox 1037 2097 1125 2141; x_wconf 83' lang='grc' dir='ltr'><strong><em>τόδε</em></strong></span> <span class='ocrx_word' id='word_1_306' title='bbox 1154 2101 1259 2141; x_wconf 78' lang='grc' dir='ltr'><strong><em>’ίδιον</em></strong></span> <span class='ocrx_word' id='word_1_307' title='bbox 1291 2101 1499 2153; x_wconf 84' lang='grc' dir='ltr'><strong><em>νενομίκα-</em></strong></span> 
     </span>
     <span class='ocr_line' id='line_1_60' title="bbox 850 2154 1498 2210; baseline -0.002 -12"><span class='ocrx_word' id='word_1_308' title='bbox 850 2170 889 2198; x_wconf 92' lang='grc' dir='ltr'>σι</span> <span class='ocrx_word' id='word_1_309' title='bbox 902 2190 913 2208; x_wconf 90' lang='grc'>,</span> <span class='ocrx_word' id='word_1_310' title='bbox 934 2158 1000 2197; x_wconf 85' lang='grc' dir='ltr'>καὶ</span> <span class='ocrx_word' id='word_1_311' title='bbox 1016 2154 1225 2209; x_wconf 86' lang='grc' dir='ltr'><strong><em>ου’δαμοῖσι</em></strong></span> <span class='ocrx_word' id='word_1_312' title='bbox 1242 2155 1394 2197; x_wconf 70' lang='grc' dir='ltr'><strong><em>ἄλλοισι</em></strong></span> <span class='ocrx_word' id='word_1_313' title='bbox 1404 2170 1498 2210; x_wconf 88' lang='grc' dir='ltr'><strong><em>συμ-</em></strong></span> 
     </span>
     <span class='ocr_line' id='line_1_61' title="bbox 850 2210 1501 2268; baseline -0.003 -14"><span class='ocrx_word' id='word_1_314' title='bbox 850 2214 1039 2268; x_wconf 84' lang='grc' dir='ltr'><strong><em>φέρονται</em></strong></span> <span class='ocrx_word' id='word_1_315' title='bbox 1056 2210 1311 2264; x_wconf 67' lang='grc' dir='ltr'><strong><em>ἀνθρώπων]</em></strong></span> <span class='ocrx_word' id='word_1_316' title='bbox 1343 2215 1401 2253; x_wconf 91' lang='lat' dir='ltr'>De</span> <span class='ocrx_word' id='word_1_317' title='bbox 1418 2229 1501 2253; x_wconf 87' lang='lat' dir='ltr'>ver-</span> 
     </span>
     <span class='ocr_line' id='line_1_62' title="bbox 848 2271 1498 2322; baseline -0.002 -14"><span class='ocrx_word' id='word_1_318' title='bbox 848 2274 896 2309; x_wconf 92' lang='lat' dir='ltr'>bo</span> <span class='ocrx_word' id='word_1_319' title='bbox 919 2273 1093 2322; x_wconf 84' lang='grc' dir='ltr'><strong><em>νομίζειν</em></strong></span> <span class='ocrx_word' id='word_1_320' title='bbox 1125 2273 1169 2308; x_wconf 89' lang='lat' dir='ltr'>cf.</span> <span class='ocrx_word' id='word_1_321' title='bbox 1188 2274 1262 2307; x_wconf 85' lang='lat' dir='ltr'>not.</span> <span class='ocrx_word' id='word_1_322' title='bbox 1283 2271 1330 2307; x_wconf 84' lang='lat' dir='ltr'>ad</span> <span class='ocrx_word' id='word_1_323' title='bbox 1351 2271 1380 2318; x_wconf 88' lang='grc' dir='ltr'>Ι,</span> <span class='ocrx_word' id='word_1_324' title='bbox 1405 2273 1498 2313; x_wconf 86' lang='lat'><strong>131.</strong></span> 
     </span>
     <span class='ocr_line' id='line_1_63' title="bbox 851 2329 1499 2366; baseline -0.002 -1"><span class='ocrx_word' id='word_1_325' title='bbox 851 2329 1087 2366; x_wconf 89' lang='lat' dir='ltr'>Consuetudo</span> <span class='ocrx_word' id='word_1_326' title='bbox 1112 2340 1155 2365; x_wconf 83' lang='lat' dir='ltr'>ea</span> <span class='ocrx_word' id='word_1_327' title='bbox 1171 2331 1275 2364; x_wconf 80' lang='lat' dir='ltr'>natos</span> <span class='ocrx_word' id='word_1_328' title='bbox 1303 2329 1499 2364; x_wconf 88' lang='lat' dir='ltr'>secundum</span> 
     </span>
     <span class='ocr_line' id='line_1_64' title="bbox 848 2383 1500 2433; baseline -0.005 -11"><span class='ocrx_word' id='word_1_329' title='bbox 848 2385 973 2422; x_wconf 86' lang='lat' dir='ltr'>matris</span> <span class='ocrx_word' id='word_1_330' title='bbox 997 2397 1129 2421; x_wconf 88' lang='lat' dir='ltr'>nomen</span> <span class='ocrx_word' id='word_1_331' title='bbox 1161 2383 1369 2433; x_wconf 82' lang='lat' dir='ltr'>appellandi</span> <span class='ocrx_word' id='word_1_332' title='bbox 1397 2384 1500 2420; x_wconf 84' lang='lat' dir='ltr'>Xan-</span> 
     </span>
     <span class='ocr_line' id='line_1_65' title="bbox 850 2439 1499 2489; baseline -0.003 -12"><span class='ocrx_word' id='word_1_333' title='bbox 850 2441 955 2488; x_wconf 89' lang='lat' dir='ltr'>thiis,</span> <span class='ocrx_word' id='word_1_334' title='bbox 991 2439 1185 2489; x_wconf 85' lang='lat' dir='ltr'>Lyciorum</span> <span class='ocrx_word' id='word_1_335' title='bbox 1216 2440 1337 2487; x_wconf 86' lang='lat' dir='ltr'>genti,</span> <span class='ocrx_word' id='word_1_336' title='bbox 1366 2451 1388 2476; x_wconf 86' lang='lat' dir='ltr'>a</span> <span class='ocrx_word' id='word_1_337' title='bbox 1411 2439 1499 2476; x_wconf 93' lang='lat' dir='ltr'>Plu-</span> 
     </span>
     <span class='ocr_line' id='line_1_66' title="bbox 848 2495 1499 2546; baseline -0.006 -12"><span class='ocrx_word' id='word_1_338' title='bbox 848 2497 972 2534; x_wconf 85' lang='lat' dir='ltr'>tarcho</span> <span class='ocrx_word' id='word_1_339' title='bbox 993 2497 1157 2533; x_wconf 83' lang='lat' dir='ltr'>tribuitur</span> <span class='ocrx_word' id='word_1_340' title='bbox 1169 2495 1288 2546; x_wconf 87' lang='lat' dir='ltr'><strong>(Opp.</strong></span> <span class='ocrx_word' id='word_1_341' title='bbox 1301 2495 1335 2531; x_wconf 92' lang='grc' dir='ltr'>ΙΙ</span> <span class='ocrx_word' id='word_1_342' title='bbox 1354 2508 1390 2545; x_wconf 92' lang='lat' dir='ltr'>p.</span> <span class='ocrx_word' id='word_1_343' title='bbox 1404 2495 1499 2543; x_wconf 81' lang='lat'>248,</span> 
     </span>
     <span class='ocr_line' id='line_1_67' title="bbox 848 2550 1498 2601; baseline -0.005 -10"><span class='ocrx_word' id='word_1_344' title='bbox 848 2553 907 2601; x_wconf 87' lang='lat' dir='ltr'>I),</span> <span class='ocrx_word' id='word_1_345' title='bbox 960 2553 1022 2589; x_wconf 85' lang='lat' dir='ltr'>ubi</span> <span class='ocrx_word' id='word_1_346' title='bbox 1068 2551 1202 2590; x_wconf 85' lang='lat' dir='ltr'>consul.</span> <span class='ocrx_word' id='word_1_347' title='bbox 1243 2550 1498 2599; x_wconf 84' lang='lat' dir='ltr'>Wyttenbach.</span> 
     </span>
     <span class='ocr_line' id='line_1_68' title="bbox 849 2607 1500 2658; baseline -0.003 -13"><span class='ocrx_word' id='word_1_348' title='bbox 849 2608 1118 2646; x_wconf 84' lang='lat' dir='ltr'>Animadverss.</span> <span class='ocrx_word' id='word_1_349' title='bbox 1139 2608 1174 2644; x_wconf 89' lang='grc' dir='ltr'>ΙΙ</span> <span class='ocrx_word' id='word_1_350' title='bbox 1199 2619 1284 2658; x_wconf 83' lang='lat' dir='ltr'><strong>pag.</strong></span> <span class='ocrx_word' id='word_1_351' title='bbox 1304 2608 1363 2655; x_wconf 87' lang='lat'>9),</span> <span class='ocrx_word' id='word_1_352' title='bbox 1391 2607 1500 2658; x_wconf 88' lang='lat' dir='ltr'>ipsis-</span> 
     </span>
     <span class='ocr_line' id='line_1_69' title="bbox 850 2663 1501 2714; baseline -0.002 -13"><span class='ocrx_word' id='word_1_353' title='bbox 850 2678 921 2714; x_wconf 84' lang='lat' dir='ltr'>que</span> <span class='ocrx_word' id='word_1_354' title='bbox 939 2664 1059 2713; x_wconf 87' lang='lat' dir='ltr'>Lyciis</span> <span class='ocrx_word' id='word_1_355' title='bbox 1080 2677 1101 2701; x_wconf 81' lang='lat' dir='ltr'>a</span> <span class='ocrx_word' id='word_1_356' title='bbox 1121 2663 1273 2701; x_wconf 81' lang='lat' dir='ltr'>Nicolao</span> <span class='ocrx_word' id='word_1_357' title='bbox 1299 2663 1501 2701; x_wconf 83' lang='lat' dir='ltr'>Damasce-</span> 
     </span>
     <span class='ocr_line' id='line_1_70' title="bbox 849 2719 1496 2770; baseline 0 -13"><span class='ocrx_word' id='word_1_358' title='bbox 849 2733 897 2757; x_wconf 89' lang='lat' dir='ltr'>no</span> <span class='ocrx_word' id='word_1_359' title='bbox 919 2722 1025 2770; x_wconf 78' lang='lat' dir='ltr'><strong>(pag.</strong></span> <span class='ocrx_word' id='word_1_360' title='bbox 1046 2723 1124 2761; x_wconf 84' lang='lat'>148</span> <span class='ocrx_word' id='word_1_361' title='bbox 1145 2720 1202 2757; x_wconf 87' lang='lat' dir='ltr'>ed.</span> <span class='ocrx_word' id='word_1_362' title='bbox 1227 2719 1352 2766; x_wconf 88' lang='lat' dir='ltr'>Orell.,</span> <span class='ocrx_word' id='word_1_363' title='bbox 1371 2720 1432 2756; x_wconf 87' lang='lat' dir='ltr'>ubi</span> <span class='ocrx_word' id='word_1_364' title='bbox 1452 2721 1496 2757; x_wconf 87' lang='lat' dir='ltr'>cf.</span> 
     </span>
     <span class='ocr_line' id='line_1_71' title="bbox 850 2774 1498 2827; baseline -0.003 -13"><span class='ocrx_word' id='word_1_365' title='bbox 850 2781 942 2815; x_wconf 88' lang='lat' dir='ltr'>nott.</span> <span class='ocrx_word' id='word_1_366' title='bbox 961 2789 1048 2827; x_wconf 86' lang='lat' dir='ltr'><strong>pag.</strong></span> <span class='ocrx_word' id='word_1_367' title='bbox 1068 2776 1182 2824; x_wconf 78' lang='lat'><strong>229).</strong></span> <span class='ocrx_word' id='word_1_368' title='bbox 1222 2774 1289 2812; x_wconf 90' lang='lat' dir='ltr'>Cr.</span> <span class='ocrx_word' id='word_1_369' title='bbox 1308 2779 1498 2825; x_wconf 84' lang='lat' dir='ltr'>praeterea</span> 
     </span>
     <span class='ocr_line' id='line_1_72' title="bbox 849 2830 1498 2882; baseline -0.009 -12"><span class='ocrx_word' id='word_1_370' title='bbox 849 2834 989 2871; x_wconf 86' lang='lat' dir='ltr'>confert</span> <span class='ocrx_word' id='word_1_371' title='bbox 1009 2832 1122 2870; x_wconf 87' lang='lat' dir='ltr'>Orell.</span> <span class='ocrx_word' id='word_1_372' title='bbox 1142 2831 1179 2869; x_wconf 87' lang='lat' dir='ltr'>in</span> <span class='ocrx_word' id='word_1_373' title='bbox 1202 2830 1341 2882; x_wconf 88' lang='lat' dir='ltr'><strong>Suppll.</strong></span> <span class='ocrx_word' id='word_1_374' title='bbox 1365 2831 1412 2868; x_wconf 86' lang='lat' dir='ltr'>ad</span> <span class='ocrx_word' id='word_1_375' title='bbox 1430 2831 1498 2868; x_wconf 79' lang='lat' dir='ltr'>Ni-</span> 
     </span>
     <span class='ocr_line' id='line_1_73' title="bbox 849 2885 1496 2941; baseline -0.002 -14"><span class='ocrx_word' id='word_1_376' title='bbox 849 2887 914 2927; x_wconf 90' lang='lat' dir='ltr'>col.</span> <span class='ocrx_word' id='word_1_377' title='bbox 937 2900 1024 2941; x_wconf 80' lang='lat' dir='ltr'><strong>pag.</strong></span> <span class='ocrx_word' id='word_1_378' title='bbox 1055 2888 1122 2931; x_wconf 80' lang='lat'>75.</span> <span class='ocrx_word' id='word_1_379' title='bbox 1180 2885 1277 2926; x_wconf 69' lang='lat' dir='ltr'>Alias</span> <span class='ocrx_word' id='word_1_380' title='bbox 1301 2887 1496 2939; x_wconf 82' lang='lat' dir='ltr'>antiquita-</span> 
     </span>
    </p>
   </div>
  </div>
 </body>
</html>
