1909 3228
527 216 948 256 EUTERPE.
1001 216 1046 255 11.

1324 216 1408 258 753

148 326 355 382 ἄφθονον
385 326 532 382 ἔχωσι,
565 325 815 382 τεχνάσαιτο
848 323 1114 380 οἰκοδομέων
1142 324 1221 368 τὸν
1233 330 1403 381 θησαυ-

93 414 135 447 10
149 406 231 460 ρόν
258 410 338 450 τοῦ
367 406 577 461 βασιλέος.
610 405 782 462 σαφέως
818 405 862 448 δὲ
893 404 1066 448 αὐτοῖσι
1094 403 1234 448 πάντα
1253 404 1402 460 ἐξηγη-

145 484 335 541 σάμενον
364 484 416 529 τά
451 486 547 540 περὶ
581 485 662 541 τὴν
691 486 902 540 ἐξαίρεσιν
930 487 1011 527 τοῦ
1039 485 1194 534 λίθου,
1246 485 1404 527 δοῦναι

144 565 197 608 τὰ
225 564 360 621 μέτρα
390 564 555 618 αὐτοῦ,
606 565 787 620 λέγοντα
818 562 876 613 ὥς
905 566 1042 606 ταῦτα
1081 561 1402 617 διαφυλάσσον-
1414 569 1460 603 50

91 652 130 684 11
149 660 238 696 τες,
277 646 424 700 ταμίαι
459 649 547 688 τῶν
584 643 782 700 βασιλέος
815 640 1046 697 χρημάτων
1086 642 1271 685 ἔσονται.

1329 643 1404 685 καὶ

145 722 224 767 τὸν
253 723 332 779 μὲν
359 728 607 780 τελευτῆσαι
635 721 713 765 τόν
741 722 860 778 βίον,
891 720 993 770 τούς
1021 719 1067 763 δὲ
1085 722 1242 771 παῖδας
1264 719 1404 765 αὐτοῦ

146 802 229 846 οὐκ
259 802 301 854 ἐς
329 803 504 859 μακρὴν
534 802 664 858 ἔργου
702 801 893 856 ἔχεσθαι·

947 797 1210 850 ἐπελθόντας
1250 800 1295 843 δὲ
1336 800 1402 843 ἐπὶ

143 881 197 925 τά
227 881 431 937 βασιλήϊα
460 880 638 934 νυκτὸς,
678 880 751 923 καὶ
776 878 855 922 τόν
883 879 1012 922 λίθον
1041 878 1109 921 ἐπὶ
1136 881 1197 934 τῷ
1228 879 1400 921 οἰκοδο-

142 958 304 1016 μήματι
337 958 628 1015 ἀνευρόντας,
674 960 849 1015 ῥηϊδίως
877 958 1257 1014 μεταχειρίσασθαι
1280 989 1291 1008 ,
1328 959 1456 1001 καὶ55

90 1043 231 1082 ῙΞτῶν
266 1039 496 1095 χρημάτων
532 1039 668 1082 πολλὰ
706 1038 1010 1091 ἐξενείκασθαι.

1061 1034 1138 1087 Ὡς
1175 1036 1220 1079 δὲ
1256 1040 1399 1091 τυχεῖν

141 1118 218 1161 τὸν
248 1119 425 1175 βασιλέα
449 1118 679 1170 ἀνοίξαντα
697 1117 745 1161 τό
768 1119 949 1173 οἴκημα,
977 1114 1228 1172 θωυμάσαι,
1251 1114 1401 1159 ἰδόντα

141 1201 229 1240 τῶν
263 1197 493 1253 χρημάτων
531 1200 720 1241 καταδεᾶ
757 1196 809 1240 τοὶ
849 1194 1023 1252 άγγήϊα·

1083 1192 1167 1239 οὐκ
1207 1195 1315 1250 ἔχειν
1352 1194 1399 1238 δὲ

143 1276 195 1320 ὅν
220 1293 318 1320 τινα
348 1276 607 1328 ἐπαιτιᾶται,
645 1281 733 1319 τῶν
762 1292 805 1319 τε
835 1275 1094 1332 σημάντρων
1122 1272 1284 1318 ἐόντων
1314 1272 1401 1316 σω’-

88 1363 129 1396 13
145 1372 229 1409 ων,
269 1356 343 1400 καὶ
371 1360 451 1399 τοῦ
483 1355 716 1412 οἰκήματος
754 1355 1043 1410 κεκλειμένου.

1099 1352 1157 1404 ὠς
1187 1352 1232 1396 δὲ
1263 1350 1398 1408 αὐτῷ,

1455 1038 1551 1066 Fures
1600 1039 1730 1067 fratrea:

1454 1072 1533 1100 alter
1557 1072 1666 1107 laqueo
1683 1081 1731 1102 ca-

1460 1126 1540 1164 160

1455 1192 1543 1250 PmS'
1547 1189 1624 1216 alter
1633 1190 1732 1224 capite

1472 1223 1543 1249 ratri
1579 1228 1731 1258 amputato

1455 1257 1588 1291 elapsus.

141 1435 211 1479 καὶ
243 1435 308 1485 δὶς
335 1434 408 1477 καὶ
442 1435 534 1487 τρὶς
573 1433 818 1486 ἀνοίξαντι,
859 1434 940 1476 αἰεὶ
968 1432 1134 1475 ἐλάσσω
1164 1433 1456 1486 φαίνεσθαιὸο

138 1513 191 1556 τοὶ
221 1513 438 1570 χρήματα,
480 1512 603 1565 (τοὺς
631 1512 713 1568 γάρ
744 1512 927 1562 κλέπτας
957 1510 1040 1555 οὐκ
1070 1509 1238 1554 ἀνιέναι
1267 1526 1396 1565 κερα-

139 1592 354 1645 muas.)
385 1593 564 1648 ποιῆσαί
602 1608 676 1647 μιν
713 1590 836 1635 τάδε·

140 1794 206 1836 τόν
223 1795 434 1849 θησαυρόν
445 1800 519 1837 τοῦ
537 1795 734 1849 βασιλέος]

85 1852 266 1904 βασιλέως
281 1868 361 1891 cum
373 1855 558 1892 Gaisford.
578 1855 734 1904 reposui.

84 1911 204 1959 Vulgo
224 1911 431 1962 βασιλῆος,
462 1916 502 1948 ut
520 1911 612 1947 infra
635 1908 671 1960 ξ.
696 1911 733 1951 5.

84 1966 143 2003 Ad
170 1967 282 2004 verba
308 1966 399 2016 περὶ
434 1964 509 2017 τήν
541 1966 734 2015 ἐξαίρεσιν

84 2025 157 2061 τοῦ
189 2023 307 2061 λίθου
343 2024 408 2061 Cr.
448 2025 587 2060 confert
619 2023 733 2072 llgen.

84 2080 132 2116 ad
148 2079 269 2128 hymn.
291 2079 440 2117 Homer.
461 2092 546 2130 pag.
565 2079 659 2120 304.

142 2135 282 2174 δοῦναι
301 2132 347 2173 τά
373 2135 492 2187 μέτρα
512 2131 651 2185 αὐτοῦ]
684 2133 731 2174 τά

84 2188 223 2242 μέτρα,
254 2204 451 2239 mensuras,
473 2192 636 2229 consulto
652 2192 733 2229 No-

85 2252 197 2284 strum
220 2248 404 2298 scripsisse
430 2253 534 2298 putat
547 2248 732 2298 Schweig-

83 2304 293 2351 haeumrus,
307 2305 380 2341 scil.
396 2317 471 2342 non
488 2304 602 2342 solum
617 2306 731 2356 ipsius

85 2360 215 2409 lapidis
238 2373 464 2409 mensuram,
495 2362 561 2400 sed
586 2376 735 2400 mensu—

84 2428 163 2452 ram
184 2416 432 2454 distantiarum
460 2418 506 2455 ab
534 2419 607 2456 imo
634 2419 736 2457 aedi-

87 2472 168 2508 ficio
183 2476 225 2537 ’et
244 2473 289 2508 ab
309 2478 462 2522 utroque
476 2474 600 2543 la’tere.

143 2522 217 2565 οὐκ
244 2526 283 2573 ἐς
309 2544 465 2580 μακρην
501 2529 615 2581 ἔργου
657 2528 735 2580 ἕχε-

89 2582 212 2633 σθαι]
245 2583 283 2630 ἐς
311 2600 337 2634 μ
351 2582 511 2635 ακρὴν
532 2587 608 2624 iure
629 2599 736 2636 prae-

86 2639 167 2675 tulit
185 2639 386 2688 Schweigh.
404 2641 567 2689 vulgato:
599 2641 638 2688 ἐς
664 2658 734 2692 μα-

84 2690 204 2746 κρόν,·
238 2696 285 2732 ad
316 2696 402 2733 illud
427 2697 534 2746 vulgo
566 2698 735 2747 supplent

85 2748 206 2802 ὥραν.
266 2751 349 2789 Vid.
379 2752 564 2790 Lambert.
581 2754 667 2790 Bos.
686 2756 734 2792 de

85 2807 198 2858 ellips.
215 2820 301 2858 pag.
316 2811 395 2850 576
414 2822 489 2858 seq.
515 2809 592 2845 coll.
610 2810 651 2847 ἶ
644 2823 733 2858 iger.

85 2864 133 2902 de
158 2865 329 2902 idiotism.
365 2878 451 2915 pag.
477 2865 571 2907 596.
637 2866 733 2904 Hinc

143 2919 351 2959 HEnonor.
384 2921 410 2958 Ι.

893 1590 1033 1646 πάγας
1061 1588 1300 1645 προστάξαι
1329 1589 1398 1646 ἐρ-

804 1794 877 1838 ofin
914 1797 953 1845 ἐς
996 1793 1155 1847 μακρήν
1194 1797 1283 1834 verti
1318 1799 1454 1847 poterit

796 1854 907 1904 paulo
923 1858 1013 1904 post.
1040 1851 1188 1905 ’Έργου
1208 1852 1367 1902 ἔχεσθαι
1385 1853 1451 1890 acl-

801 1923 931 1948 movere
956 1924 1098 1957 ηιαηιιε,
1126 1909 1286 1946 accedere
1311 1909 1360 1946 ad
1380 1909 1451 1946 ali-

802 1967 911 2016 quid,
940 1980 1015 2004 non
1044 1967 1121 2003 sine
1148 1966 1267 2002 studio
1293 1978 1334 2002 ac
1351 1966 1453 2002 festi-

802 2024 979 2070 natione,
1027 2024 1115 2060 satis
1151 2021 1365 2058 illustratum
1404 2023 1450 2058 ab

801 2080 1052 2118 Hemsterhus.
1082 2079 1131 2116 ad
1156 2078 1280 2127 Viger.
1309 2091 1346 2129 p.
1368 2078 1450 2120 255

801 2149 877 2186 seq.

1073 2216 1174 2269 §.2

856 2305 929 2343 τοῦ
959 2299 1173 2354 οἰκήματος
1200 2317 1224 2342 κ
1234 2316 1250 2341 ε
1261 2317 1283 2340 κ
1294 2303 1314 2340 λ
1325 2316 1341 2341 ε
1351 2317 1364 2341 ι
1377 2318 1402 2353 μ
1414 2300 1450 2341 ε’-

802 2375 827 2400 ν
839 2360 915 2410 ον]
957 2375 1000 2398 κε
1003 2358 1208 2410 κλειμένου
1241 2358 1367 2406 (Attio.
1390 2372 1449 2397 κε-

802 2415 1020 2471 κλῃμένον)
1038 2417 1156 2453 forma
1173 2416 1290 2452 minus
1315 2416 1449 2451 usitata

802 2487 869 2524 pro
885 2475 1012 2511 κεκλει
1023 2471 1186 2523 σμένον.
1217 2471 1297 2509 Vid.
1316 2470 1447 2508 Matth.

804 2531 869 2567 Gr.
894 2530 959 2566 Gr.
986 2542 1073 2579 pag
1098 2530 1191 2569 333.

860 2581 933 2625 οὐκ
963 2581 1160 2624 άνιέναι
1198 2584 1448 2636 κεραΐζον-

802 2641 900 2691 τας]
921 2641 1104 2691 Participii
1120 2653 1221 2677 usum
1240 2645 1326 2691 post
1346 2636 1446 2679 α’νιέ-

802 2713 869 2736 ναι
900 2698 985 2734 satis
1013 2700 1316 2743 commonstrant,
1355 2710 1449 2746 quae

801 2753 931 2790 Matth.
972 2755 1138 2804 p-1081
1172 2754 1344 2803 disputat.
1401 2753 1450 2790 Et

801 2811 894 2847 conf.
916 2822 1062 2859 quoque
1082 2809 1138 2856 11,
1160 2811 1251 2850 113.

856 2861 984 2918 πάγας
996 2888 1051 2895 —-
1064 2878 1132 2916 στη
1121 2837 1218 2915 ἰσαι]
1240 2865 1378 2903 Eadem
1395 2865 1450 2902 lo-
