1909 3228
261 364 360 410 135

88 428 108 453 A
129 427 250 456 Xantho
274 430 368 458 abdu-

85 466 164 487 cmm
200 462 230 489 ἰιι
270 465 365 498 Aegy-

85 499 184 528 ptum,
199 496 363 525 redointmu

84 535 102 554 a
129 515 265 556 (tharam
288 530 362 564 Sap-

246 563 361 603 fratre,

105 598 209 622 uaestu
237 605 299 623 max
304 585 361 623 ἰιιιο

230 629 272 655 De
258 630 344 669 elpho
329 639 361 657 os

82 662 164 689 misia
168 670 199 688 sc
218 662 253 689 do
238 664 361 691 ocimaiu

82 703 119 729 (ιιι
124 703 171 722 um
188 702 281 722 ιρι-υἷι
300 697 329 723 fe
314 706 361 723 er-

82 736 152 764 rea:
173 730 363 758 meretricum

81 762 330 792 Naucraticarum

79 795 251 825 celebritas.

84 561 135 595 phi
128 570 160 588 us

97 632 162 655 dcto

426 180 510 221 796

842 183 1308 223 HERODOTl

426 289 471 333 δὲ
500 291 655 341 παιδὸς
683 296 805 342 παῖς,
835 290 965 342 ἄλλος
991 290 1194 347 Ἰάδμων,
1231 292 1442 338 ἀνείλετο·
1473 296 1588 339 οὕτω
1611 299 1683 340 καὶ

419 370 626 418 Αἴσωπος
663 368 883 424 Ἰάδμονος
922 371 1096 425 ἐγένετο.

1149 370 1359 423 Ῥοδῶπις
1399 374 1443 416 δὲ
1473 374 1516 424 ἐς
1545 379 1738 431 Αἴγυ-ωο

423 463 533 490 πτον
562 448 761 498 ἀπίκετο,
792 446 975 495 Ξάνθεω
997 454 1079 493 τοῦ
1098 453 1274 506 Σαμίου
1297 452 1557 506 κομίσαντός
1578 471 1653 508 μιν
1667 470 1678 481 ·

388 766 496 819 Ξτῆς
521 768 809 819 μουσοποιοῦ.

358 969 414 1007 dis
440 969 568 1020 Aesopi
595 986 622 1009 s.
664 971 780 1008 caedis
808 974 844 1008 in
878 971 1010 1022 Aesopo

357 1029 576 1075 commissae,
609 1042 703 1077 quac
723 1029 851 1066 eadem
878 1029 929 1066 sic
947 1042 1010 1066 ex-

355 1084 488 1134 pressit
504 1084 716 1121 Plutarchus
746 1085 793 1122 de
822 1098 890 1122 ser.
910 1098 1008 1123 num.

355 1140 500 1177 vindict.
534 1155 569 1191 p.
591 1141 696 1189 556,
724 1141 756 1177 F
791 1154 867 1190 seq.
908 1137 1007 1181 ὥστε

354 1197 573 1248 περιΐοντες
600 1219 656 1225 ——
685 1193 901 1249 κηρύσσειν
940 1197 1005 1237 καὶ

354 1256 489 1292 καλεῖν
535 1249 598 1292 οἷεὶ
646 1250 715 1293 τόν
764 1249 1006 1305 βουλόμενον

353 1307 456 1360 ’ὑπὲρ
488 1305 683 1349 Αἰσώπου
721 1311 839 1361 δίκην
868 1312 1005 1362 λαβεῖν

353 1362 444 1417 παρ’
465 1362 609 1406 αὐτῶν.
669 1366 841 1416 Namque
859 1368 1002 1418 Delphi,

353 1426 393 1459 ut
414 1423 510 1459 idem
530 1423 690 1473 pluribus
712 1429 856 1471 narrat,
884 1424 1002 1461 Aeso-

352 1492 439 1528 pum
470 1492 491 1515 a
528 1480 666 1516 Croeso
695 1481 840 1516 missum
870 1493 890 1518 e
914 1494 1004 1530 rupe

349 1535 544 1585 Hyampeei
576 1536 655 1572 urbi
684 1536 800 1572 vicini}
825 1538 1005 1586 praeeipi-

349 1594 484 1627 taruut.
545 1591 630 1634 Qua
653 1592 699 1629 de
730 1592 863 1641 Aesopi
891 1594 1003 1631 caede

349 1647 461 1683 iratus
492 1645 624 1697 Apollo
661 1647 852 1686 sterilitate
884 1653 1002 1686 terrae

349 1704 538 1751 omnisque
568 1705 710 1752 generis
748 1705 881 1740 morbis
914 1706 1003 1742 Del-

346 1760 440 1810 phos
466 1760 625 1808 puniisse
654 1761 766 1796 sertur
802 1761 1002 1797 oraculum-

348 1828 419 1864 que
448 1816 532 1852 dein
559 1816 717 1853 edidisse
736 1845 747 1863 ,
787 1821 825 1853 ut
853 1817 1003 1867 Aesopi,

347 1872 409 1920 qui
438 1871 508 1921 ipsi
534 1872 738 1909 carissimus
767 1873 894 1921 suerit,
926 1886 1003 1910 ma-

346 1941 412 1964 nes
443 1928 649 1978 placarent3
689 1930 789 1977 quod
829 1943 909 1966 cum
948 1931 1003 1966 fa-

347 1989 442 2021 ctum
469 1989 587 2031 esset,
628 1987 792 2022 omnibus
819 1986 1003 2023 calamita-

345 2041 443 2076 tibus
467 2041 587 2077 statim
606 2041 745 2078 liberati
768 2056 848 2079 esse
876 2043 1001 2079 dicun-

346 2100 404 2132 tur
424 2097 570 2146 Delphi.
632 2098 736 2141 Quae
757 2104 933 2147 quantum
952 2100 1000 2136 ad

345 2152 573 2190 Herodotum
591 2153 840 2191 illustrandum
852 2156 998 2202 faciant,

346 2221 453 2246 nemo
474 2223 547 2246 non
568 2211 687 2256 videt,
717 2212 765 2247 ad
782 2212 922 2248 fabulas
943 2217 998 2249 ta-

345 2277 429 2302 men
451 2278 688 2315 quaecunque
720 2272 756 2304 et
786 2268 996 2305 Plutarchus

345 2325 382 2358 et
403 2321 461 2358 alii
488 2322 547 2369 (ut
570 2323 678 2360 schol.
702 2325 749 2360 ad
768 2323 997 2374 Aristophan.

341 2389 445 2428 vesp.
477 2378 585 2419 1446
612 2381 721 2429 seq.)
770 2381 825 2417 vel
854 2381 995 2418 brevius

341 2433 396 2471 vel
424 2435 607 2484 copiosius
642 2437 708 2473 hac
732 2437 778 2473 de
803 2450 842 2474 re
862 2437 996 2475 retule-

341 2489 432 2536 rint,
462 2496 630 2528 revocata
660 2493 733 2529 vult
760 2493 927 2531 Grauert.
958 2494 995 2531 iu

339 2546 427 2582 diss.
445 2546 541 2585 laud
569 2561 651 2598 ι).5
627 2548 680 2590 55
706 2562 809 2598 seqq.
840 2552 894 2591 62
915 2563 992 2598 seq.

342 2602 403 2639 Tu
422 2605 515 2640 conf.
537 2605 646 2642 etiam
665 2606 824 2643 Schultz.
854 2607 876 2643 l.
898 2606 992 2644 laud.

342 2670 425 2708 pag.
448 2659 514 2700 25.
532 2662 598 2701 38.

512 2744 543 2780 C
556 2756 577 2780 a
587 2757 624 2794 p.
655 2743 843 2783 CXXXV.

400 2823 640 2877 κομίσαντός
662 2828 755 2880 μιν]
785 2829 931 2880 Reliqui
959 2831 995 2868 in

421 524 661 582 ἀπικομένη
701 528 746 570 δὲ
787 526 879 570 κατ’
920 528 1144 584 ἐργασίην,
1180 529 1314 587 ἐλύθη
1344 530 1575 587 χρημάτων
1603 549 1678 587 με·

417 603 565 660 γάλων
604 602 691 648 ὑπὸ
740 603 903 660 ἀνδρὸς
942 610 1251 664 Μυτιληναίου
1300 609 1539 663 Χαράξου,
1597 614 1678 653 τοῦ

419 683 849 739 Σκαμανδρωνύμου
886 685 1064 739 παιδός,
1111 685 1327 743 ἀδελφεοῦ
1376 688 1420 732 δὲ
1458 692 1679 743 Σαπφοῦς

868 765 982 809 οὕτω
1018 767 1070 823 δὴ
1099 766 1126 823 ἡ
1152 766 1362 819 Ῥοδῶπις
1387 765 1676 823 ἐλευθερώθη,
1689 774 1733 808 65

1077 977 1177 1010 textu
1197 973 1359 1011 voculam
1382 989 1473 1025 μιν,
1503 986 1524 1010 a
1550 973 1729 1011 nonnullis

1077 1030 1175 1067 libris
1194 1032 1342 1067 vetustis
1363 1031 1543 1067 omissam.
1564 1052 1619 1058 —-—
1649 1026 1733 1068 κατ’

1076 1085 1263 1137 ἐργασίην
1283 1087 1306 1123 i.
1331 1100 1362 1123 e.
1393 1091 1432 1123 ut
1455 1090 1635 1136 quaestum
1655 1100 1731 1122 cor-

1070 1155 1153 1191 pore
1176 1142 1339 1193 faceret‚·
1375 1144 1468 1180 conf.
1498 1142 1531 1190 l,
1561 1145 1614 1184 93
1644 1143 1732 1192 ibiq.

1075 1203 1166 1236 nott.
1197 1200 1295 1236 Infra
1315 1199 1362 1246 ll,
1380 1200 1459 1240 152
1477 1196 1575 1237 nato?
1597 1199 1726 1248 ληΐην,

1075 1255 1135 1292 ubi
1157 1256 1228 1292 vid.
1248 1261 1323 1292 not.
1381 1255 1439 1293 Ad
1469 1256 1580 1292 verba
1601 1250 1728 1305 ἐλύθη

1074 1307 1287 1362 χρημάτων
1309 1314 1403 1350 conf.
1425 1311 1557 1349 Matth.
1581 1312 1647 1350 Gr.
1661 1312 1726 1349 Gr.

1074 1367 1110 1419 ἓ·
1132 1368 1225 1409 364.

1129 1422 1208 1463 ’ὑπὸ
1227 1421 1372 1473 α’νδρός
1395 1423 1675 1473 Μυτιληναίου
1691 1438 1724 1462 κ.

1072 1495 1102 1518 τ.
1126 1479 1173 1530 λ.]
1217 1481 1332 1528 Vulgo
1365 1485 1401 1517 et
1432 1480 1489 1516 hic
1518 1485 1554 1517 et
1583 1480 1619 1516 in
1653 1480 1725 1517 fine

1072 1537 1198 1586 capitis
1256 1540 1304 1574 st]
1315 1551 1355 1574 ιτ
1368 1552 1392 1574 υ
1404 1537 1579 1585 ληναίου.
1647 1537 1724 1573 Sed

1070 1594 1141 1629 vid.
1163 1598 1255 1630 nott.
1274 1594 1320 1629 ad
1350 1593 1388 1640 Ι,
1410 1596 1475 1633 27.
1535 1593 1644 1636 Quod
1675 1593 1723 1629 ad

1071 1649 1240 1699 Sapphus
1269 1649 1579 1694 necessitudines,
1624 1649 1722 1685 cuius

1072 1705 1118 1741 de
1141 1710 1246 1754 patre
1273 1718 1314 1741 ac
1334 1710 1451 1742 matre
1472 1718 1545 1740 non
1566 1704 1653 1740 satis
1680 1705 1723 1740 li-

1070 1766 1177 1808 quet,
1215 1766 1290 1797 tres
1324 1761 1436 1797 fuisse
1464 1762 1594 1797 fratres
1629 1760 1724 1797 eius-

1072 1817 1155 1853 dem
1179 1816 1287 1865 vulgo
1311 1821 1611 1854 commemorant:
1641 1815 1721 1853 La-

1071 1874 1203 1910 n'clium
1216 1903 1226 1920 ,
1250 1873 1451 1910 Clzaraxum
1461 1903 1470 1920 ,
1493 1872 1721 1922 Eurygium;

1072 1943 1092 1967 e
1119 1930 1247 1979 quibus
1273 1930 1462 1967 Larichum
1488 1931 1622 1966 sororis
1641 1943 1722 1966 ver-

1071 1987 1169 2023 sibus
1207 1986 1424 2024 celebratum
1451 2000 1532 2024 esse
1559 1986 1721 2023 scribunt

1069 2042 1275 2080 Athenaeus
1298 2049 1408 2092 atque
1427 2043 1659 2085 Eustathius·,
1682 2043 1718 2078 in

1069 2099 1273 2136 Charaxuin
1297 2103 1441 2136 insenso
1463 2100 1583 2135 animo
1607 2100 1718 2135 fuisse

1067 2155 1163 2191 illam
1182 2161 1328 2204 praeter
1339 2156 1566 2192 Herodotum
1579 2160 1718 2192 testan-

1067 2216 1126 2247 tur
1156 2211 1390 2259 Athenaeus,
1427 2213 1560 2248 Strabo
1578 2240 1588 2257 ,
1629 2211 1718 2248 Ovi-

1066 2268 1171 2316 dius,
1213 2282 1233 2304 e
1261 2269 1358 2304 cuius
1392 2269 1511 2305 verbis
1538 2268 1717 2304 Burman-

1065 2337 1133 2361 nus
1166 2324 1238 2370 (ad
1259 2325 1411 2361 Heroid.
1441 2324 1523 2371 XV,
1546 2326 1618 2369 63)
1649 2324 1718 2360 hoc

1065 2381 1277 2417 coniiciebat
1298 2410 1309 2427 ,
1352 2381 1557 2417 Chai-axum
1585 2381 1715 2430 opibus

1064 2436 1272 2486 dilapidatis
1291 2439 1420 2473 factum
1443 2450 1525 2474 esse
1546 2437 1600 2474 vel
1619 2437 1717 2486 pira-

1062 2497 1135 2529 tam
1164 2493 1218 2530 vel
1251 2494 1435 2542 remigem.
1494 2493 1555 2530 Tu
1583 2494 1655 2530 vid.
1688 2492 1714 2529 l.

1063 2550 1197 2586 Christ.
1216 2550 1328 2587 wolf.
1355 2549 1526 2599 Sapphus
1549 2550 1714 2598 fragium.

1063 2606 1286 2655 (Hamburg.
1310 2607 1438 2653 1733)
1475 2619 1561 2656 pag.
1583 2606 1647 2643 Vll
1678 2609 1716 2643 et

1120 2720 1191 2768 τῆς
1211 2715 1474 2767 μουσοποιοῦ]
1496 2717 1606 2762 Quod
1626 2716 1713 2754 Ful-

1063 2774 1141 2811 vius
1171 2774 1325 2811 Ursinus
1355 2773 1559 2825 protulerat
1595 2775 1709 2823 μελο-

1062 2832 1199 2880 ποιοῦ,
1221 2831 1260 2868 id
1277 2831 1474 2869 memoriae
1492 2829 1629 2868 fallenti
1644 2830 1710 2867 de-
