1909 3228
493 207 577 247 482

906 201 1373 242 HERODOTI

495 330 559 359 ων
592 315 769 358 εἵνεκεν·
815 309 1049 367 Αἰγύπτιοι
1078 311 1124 354 δὲ
1153 311 1542 367 τριηκοντημέρους
1573 310 1748 367 ἄγοντες

494 392 597 443 τούς
627 389 823 434 δυώδεκα
853 395 1010 445 μῆνας,
1038 388 1247 444 ἐπάγουσι
1276 387 1361 432 dvo}
1392 393 1479 432 πᾶν
1509 390 1601 441 ἔτος
1623 390 1747 433 πέντε

494 469 651 526 ἡμέρας
681 468 815 524 πάρεξ
844 471 923 511 τοῦ
948 466 1164 524 ἀριθμοῦ,
1206 469 1280 511 καί
1311 479 1390 522 σφι
1420 466 1443 510 ὁ
1475 469 1634 520 κύκλος
1662 474 1805 512 τῶνδ’)

463 548 647 603 4ὠρὲων
675 546 718 599 ἐς
747 546 886 591 τωύτό
919 545 1100 601 περιϊών
1128 549 1421 604 παραγίνεται.
1467 547 1681 591 Δυώδεκά
1708 563 1748 590 τε

495 631 613 670 θεῶν
642 627 888 683 ἐπωνυμίας
918 626 1065 681 ἔλεγον
1105 624 1304 680 πρώτους
1334 627 1598 681 Αἰγυπτίους
1626 628 1748 681 νομί-

465 714 592 759 5σαι,
623 706 696 749 καὶ
713 705 922 762 Ἕλληνας
951 704 1067 760 παρὰ
1098 705 1245 761 σφέων
1275 704 1521 762 ἀναλαβεῖν.
1573 703 1750 761 βωμούς

439 934 694 986 appellabant,
728 935 827 984 quod
862 933 970 971 tertio
999 945 1090 982 quo-

440 1005 512 1041 que
530 1004 626 1028 anno
643 991 922 1029 intercalabatur
933 1019 943 1037 ‚
963 1003 1090 1039 quaru-

439 1048 491 1084 vis
510 1047 644 1086 biennii
673 1047 836 1084 circuitus
849 1075 860 1093 ,
890 1051 927 1084 et
946 1058 985 1083 re
1004 1059 1090 1084 vera

440 1102 610 1154 διετηρὶς
638 1108 754 1149 esset3
784 1103 881 1140 unde
904 1103 1090 1150 mysteria,

440 1173 534 1209 quae
551 1160 685 1197 Libero
711 1160 805 1210 patri
831 1159 976 1196 alternis
1000 1159 1090 1195 fiunt

439 1216 543 1253 annis
555 1245 565 1263 ‚
594 1215 773 1253 trieterica
787 1228 810 1252 a
827 1215 945 1265 poetis
967 1214 1090 1251 dicun-

439 1274 536 1309 tur.“
593 1270 781 1322 Adscripsi
810 1275 924 1308 totum
959 1271 1089 1317 locum,

441 1341 484 1366 ex
504 1341 576 1377 quo
599 1328 751 1365 forsitan
771 1328 829 1364 lux
847 1327 1018 1365 nonnulla
1037 1328 1092 1364 as-

440 1386 525 1422 serri
554 1385 688 1434 poterit
717 1384 932 1430 Herodoto,
971 1396 1091 1420 secum

441 1444 480 1476 ut
504 1439 629 1476 volunt
656 1440 754 1477 haud
781 1440 1034 1485 concordanti,
1064 1438 1093 1485 l,

441 1497 516 1543 32,
547 1496 606 1532 ubi
625 1496 764 1532 scribit:
796 1495 832 1534 εἰ
858 1493 899 1534 δὲ
927 1492 976 1545 δή
1007 1494 1092 1533 ἐθε-

441 1548 553 1602 λήσει
572 1548 757 1602 τοῦτερον
777 1553 856 1589 τῶν
880 1550 995 1590 ἐτέων
1020 1565 1091 1600 μη-

441 1607 482 1646 νὶ
517 1603 756 1658 μακρότερον
789 1607 993 1658 γίνεσθαι.
1024 1607 1092 1645 ἵνα

443 1661 493 1714 δή
514 1663 557 1702 αἱ
572 1658 672 1715 ὧραι
694 1663 938 1713 συμβαίνωσι
966 1678 1090 1714 παρα-

441 1718 649 1773 γινόμεναι
681 1718 720 1766 ἕς
740 1717 782 1759 τὸ
808 1718 899 1759 δέον
925 1735 960 1758 κ.
983 1735 1016 1758 τ.
1037 1722 1089 1767 A„

441 1777 502 1813 ubi
519 1776 590 1812 vid.
610 1780 686 1812 not.

497 1827 687 1883 ἐπάγουσι
708 1825 784 1869 οἷνᾶ
804 1832 886 1869 πᾶν
904 1828 1090 1876 ἔτοςπέν-

441 1901 482 1927 τε
499 1886 647 1939 ἡμέρας
667 1883 791 1938 πάρεξ
802 1888 874 1926 τοῦ
893 1881 1089 1937 α’ριθμοῦ]

441 1945 484 1982 ln
506 1956 643 1981 summa
663 1944 739 1981 sere
758 1943 937 1981 consentit
950 1943 1091 1980 Diodo-

441 2014 500 2038 rus
524 2000 664 2037 Siculus
695 1999 732 2046 l,
757 2002 813 2041 50
843 1998 921 2036 coll.
944 1999 1090 2037 Gemin.

441 2056 556 2095 Elem.
590 2055 735 2093 Astron.
765 2055 814 2092 VI
845 2068 931 2105 pag.
952 2058 1024 2103 19,
1055 2059 1091 2093 et

441 2113 612 2150 strabon.
635 2112 739 2148 XVll
761 2125 797 2162 p.
818 2114 898 2153 806
920 2125 948 2149 s,
970 2114 1090 2158 1160,

441 2167 495 2217 A,
518 2169 581 2206 ubi
608 2180 740 2205 annum
770 2168 852 2209 365
874 2168 1012 2205 dierum
1044 2168 1089 2205 ab

441 2223 631 2275 Aegyptiis
652 2224 896 2261 sacerdotibus
908 2224 1089 2261 inventum

442 2294 523 2319 esse
541 2283 684 2326 narrat,
713 2292 735 2316 a
764 2280 894 2329 quibus
920 2283 1006 2330 post
1033 2292 1093 2317 ac-

442 2337 602 2388 ceperint
628 2336 771 2373 Graeci.
831 2334 882 2372 Ac
908 2336 985 2373 dies
1012 2335 1090 2372 illos

443 2394 602 2443 quinque
645 2391 875 2430 intercalatos
918 2393 964 2429 ad
1003 2393 1091 2429 deos

443 2450 494 2486 ita
524 2448 632 2497 vulgo
673 2448 872 2486 retulerunt
908 2447 1093 2499 Aegyptii,

443 2509 483 2542 ut
501 2518 624 2543 eorum
637 2517 857 2554 unoquoque
875 2504 992 2541 editus
1014 2506 1093 2542 sue-

443 2562 491 2599 rit
508 2561 597 2599 deus
620 2573 663 2598 ex
684 2560 768 2598 love
790 2564 826 2598 et
845 2560 982 2599 Iunone
1002 2561 1090 2607 sive,

443 2622 485 2655 ut
513 2617 571 2654 alii
611 2616 826 2663 tradebant,
873 2628 895 2653 a
932 2617 1090 2654 Saturno

444 2677 553 2722 atque
570 2671 685 2709 Rhea.
743 2672 825 2708 Viti.
857 2672 1008 2709 Diodor.
1032 2674 1092 2709 Si·

445 2728 513 2765 cul.
535 2729 569 2775 l,
595 2729 645 2768 13
667 2728 981 2777 ibiq.lVesscling.
1007 2728 1091 2766 Plu-

445 2784 555 2820 tarch.
579 2783 678 2833 opp.
704 2783 738 2820 ΙΙ
762 2797 847 2834 pag.
870 2787 972 2832 429,
991 2784 1023 2822 F
1055 2790 1090 2823 et

447 2851 484 2890 p.
515 2839 621 2886 355,
653 2838 686 2876 D
718 2840 806 2890 ibiq.
838 2841 1090 2891 l‘Vyttenbach.

1156 935 1193 972 in
1215 933 1482 973 Animadversa
1504 947 1590 984 pag.
1606 935 1695 975 186.
1722 933 1807 971 Plut-

1156 1004 1196 1028 ra
1224 992 1270 1029 de
1296 991 1351 1028 his
1377 991 1515 1028 monuit
1538 991 1738 1028 Creuzerus
1770 990 1806 1025 in

1157 1047 1317 1096 Syrnbol.
1341 1048 1352 1084 1
1373 1062 1407 1097 p.
1430 1048 1522 1088 259.
1537 1046 1619 1088 294
1641 1045 1807 1094 seq.coll.

1157 1106 1240 1145 266
1261 1117 1337 1153 seq.
1368 1103 1430 1139 Tu
1451 1104 1544 1139 cons.
1560 1106 1651 1138 nott.
1672 1102 1720 1139 ad
1731 1101 1809 1138 Hc-

1157 1161 1235 1197 rod.
1269 1159 1322 1207 ll,
1370 1162 1459 1200 122.
1517 1158 1570 1196 Ac
1609 1157 1810 1208 suspicatur

1157 1215 1359 1254 Larcherus
1387 1214 1565 1265 duplicem
1603 1214 1702 1265 apud
1736 1212 1811 1251 Ae-

1159 1273 1306 1323 gyptios
1328 1271 1506 1310 exstitisse
1531 1283 1688 1318 annum,
1718 1269 1810 1308 alte-

1159 1342 1238 1366 rum
1266 1329 1401 1366 civilem
1439 1331 1677 1365 trecentorum
1707 1338 1811 1363 sexa-

1160 1386 1261 1434 ginta
1287 1386 1445 1434 quiuque
1466 1384 1628 1429 dierum,
1659 1382 1808 1420 alterum

1158 1441 1436 1478 astronomicum
1457 1439 1541 1475 solis
1563 1438 1807 1476 sacerdotibus

1159 1497 1364 1546 cognitum,
1394 1508 1466 1544 quo
1495 1495 1542 1531 illi
1572 1495 1626 1531 usi
1661 1495 1732 1531 sint
1761 1495 1808 1530 ad

1159 1554 1271 1590 festos
1314 1551 1540 1589 definiendos
1575 1551 1808 1601 ipsorumque

1160 1608 1408 1645 auctoritatem
1444 1608 1627 1645 tuendam.
1688 1607 1808 1650 Quam

1159 1666 1195 1701 in
1214 1678 1288 1702 rein
1307 1664 1506 1701 accuratius
1535 1676 1630 1700 nunc
1660 1663 1810 1712 inquisi-

1157 1722 1207 1758 vit
1219 1721 1389 1758 Creuzer.
1401 1721 1437 1756 in
1448 1719 1609 1769 Symbol.
1632 1719 1647 1755 I
1663 1733 1700 1770 p.
1715 1721 1808 1760 268.

1214 1803 1282 1842 καί
1302 1815 1374 1852 σφι
1395 1801 1416 1842 ὁ
1436 1798 1582 1850 κύκλος
1608 1804 1689 1841 τῶν
1711 1800 1810 1853 αἱρέ-

1161 1874 1216 1898 ων
1238 1874 1272 1898 κ.
1291 1875 1322 1897 τ.
1341 1858 1389 1910 λ.]
1420 1860 1488 1896 Est
1515 1860 1604 1898 haec
1630 1859 1812 1896 Herodoti

1159 1917 1365 1964 sententia,
1403 1916 1480 1953 fieri
1510 1916 1578 1953 hoc
1610 1915 1743 1963 modo,
1771 1920 1812 1952 ut

1158 1973 1256 2009 orbis
1288 1977 1544 2023 tempestatum
1573 1985 1715 2009 annuus
1743 1972 1811 2010 n'te

1157 2028 1382 2079 perficiatur,
1420 2041 1560 2078 suoque
1594 2029 1616 2066 i.
1647 2042 1679 2066 e.
1716 2028 1810 2065 iusto

1157 2089 1323 2135 tempore
1342 2086 1470 2123 eodem
1483 2084 1646 2134 singulae
1657 2085 1810 2122 redeant

1157 2145 1403 2190 tempestates.
1472 2142 1578 2184 Quae
1607 2145 1749 2187 tamen,
1780 2140 1810 2177 si

1158 2200 1400 2233 trecentorum
1429 2198 1618 2246 sexaginta
1648 2197 1809 2246 quinque

1160 2253 1297 2289 dierum
1326 2253 1439 2289 iustus
1469 2259 1524 2290 est
1547 2265 1689 2299 annus,
1719 2253 1810 2289 mul-

1159 2312 1235 2345 tum
1256 2309 1360 2346 abest
1389 2314 1426 2346 ut
1446 2323 1511 2346 suo
1528 2314 1691 2359 tempore
1714 2322 1809 2347 sem-

1159 2377 1226 2414 per
1250 2365 1428 2413 redeant,
1459 2370 1497 2402 ut
1527 2365 1663 2414 aliquot
1682 2378 1810 2402 saecu-

1159 2420 1200 2457 lis
1228 2421 1483 2472 praeterlapsis
1512 2434 1657 2472 prorsus
1679 2433 1810 2458 earun-

1159 2477 1242 2514 dem
1271 2477 1435 2515 turbetur
1466 2479 1557 2515 ordo
1579 2490 1621 2515 ac
1639 2478 1734 2514 iusta
1752 2491 1811 2515 ra-

1158 2534 1233 2579 tio,
1279 2535 1476 2571 secundum
1508 2547 1618 2584 quam
1652 2534 1810 2572 incidere

1157 2590 1326 2627 debeant.

1214 2676 1326 2712 θεῶν
1358 2672 1609 2725 ἐπωνυμίας]
1657 2672 1809 2714 ἐπωνυ-

1160 2729 1255 2781 μίαν
1276 2731 1469 2768 Herodoto
1489 2731 1626 2782 passim
1640 2731 1734 2769 idem
1750 2744 1808 2769 es-

1158 2800 1198 2824 se
1220 2791 1330 2836 atque
1349 2784 1496 2839 ὄνομα,
1525 2788 1726 2825 monuimus
1757 2786 1806 2823 ad

1157 2843 1196 2890 Ι,
1231 2846 1294 2884 14.
