1877 3223
425 226 481 264 26
825 223 1287 261 HERODOTI

425 363 451 384 „
464 347 539 387 μοι
577 330 744 388 λέγοντι
783 333 882 386 περὶ
916 335 997 375 τοῦ
1034 333 1168 382 εἴδεος
1209 336 1284 388 τῆς
1326 330 1554 387 γυναικός·
1596 326 1748 386 (ὦτα25

426 409 544 466 ,,γο“ερ
573 409 772 467 τυγχάνει
798 409 1074 465 ἀνθρώποισι
1102 410 1229 454 ἐόντα
1259 408 1517 464 ἀπιστότερα
1536 408 1702 466 ὄφθαλ·

401 492 601 545 4,,μῶν·)
632 490 751 533 ποίεε
781 488 894 541 ὅκως
923 490 1089 546 ἐκείνην
1118 489 1295 545 θεήσεαι
1323 487 1534 544 γυμνήν.“
1590 487 1639 531 Ὁ
1657 489 1702 532 δὲ

422 568 531 623 μέγα
564 567 787 624 ἀμβώσας,
831 566 940 612 εἶπε·
983 569 1244 622 ,,Δέσποτα,
1275 569 1372 610 τίνα
1401 565 1536 622 λέγεις
1564 568 1700 622 λόγον

422 644 540 698 ,,ου’κ
569 644 715 701 ὑγιέα,
757 646 945 690 κελεύων
981 664 1031 704 με
1071 648 1305 691 δέσποιναν
1341 645 1421 701 τὴν
1465 644 1573 700 ἐμήν
1600 643 1701 700 θεή·

421 730 622 776 ,,σασθαι
659 724 854 783 γυμνὴνς
899 726 988 782 ἅμα
1034 726 1079 771 δὲ
1119 729 1276 770 κιθῶνι
1316 724 1562 780 ἐκδυομένῳ
1602 734 1701 767 συν-

377 897 462 946 gula
497 898 611 936 simile
637 899 723 947 quid
753 903 959 936 narrantem
988 900 1026 935 in

376 953 452 990 eius
471 953 555 991 Vita
579 968 607 993 c.
634 955 698 996 25.
730 954 909 991 Particula
936 952 1026 1006 γάρ,

375 1021 470 1058 quae
508 1011 705 1048 orationem
748 1012 949 1058 exorditur,
988 1016 1027 1047 ut

374 1066 467 1102 infra
497 1066 533 1113 I,
573 1069 650 1108 121
684 1072 721 1104 et
754 1067 851 1108 124:
894 1061 926 1105 ὦ
953 1070 1030 1105 παῖ

375 1118 621 1172 Καμβύσεω,
650 1120 692 1161 σὲ
716 1120 810 1175 γὰρ
840 1128 908 1161 etc.
940 1123 1021 1160 coll.

376 1176 445 1224 Vl,
498 1181 570 1226 11,
622 1179 766 1217 mininie
813 1180 1025 1229 explicanda

372 1237 481 1279 certe,
511 1238 551 1270 ut
575 1234 686 1271 voluit
712 1235 761 1271 W
763 1235 1022 1283 yttenbachius,

373 1290 440 1327 sed
468 1289 541 1336 ita,
570 1294 610 1326 ut
635 1291 775 1328 ratione
805 1292 927 1328 habita
947 1291 1022 1341 pri-

371 1345 515 1382 mitivae
543 1346 647 1382 huius
677 1347 872 1397 particulae
904 1348 1022 1383 notio-

372 1402 451 1447 nis,
482 1406 544 1437 aut
577 1402 711 1438 omissa
736 1416 818 1440 esse
842 1404 1021 1452 quaedam

371 1457 480 1494 verba
508 1470 628 1494 sumas
668 1458 772 1495 facile
802 1472 822 1495 e
854 1463 1022 1495 contextu

371 1511 598 1562 supplenda,
627 1514 756 1563 quibus
784 1515 1022 1563 subiungatur

371 1566 445 1621 γάρ
466 1581 610 1606 causam
630 1571 809 1616 reddens3
827 1575 900 1618 aut,
921 1571 1021 1619 quod

372 1624 511 1673 malim,
540 1626 714 1676 particula
739 1623 812 1678 γάρ
846 1628 1021 1664 reseratur

370 1683 418 1718 ad
456 1682 739 1720 enuntiationem
777 1683 1019 1733 postpositam

369 1750 464 1786 quae
482 1739 629 1788 proprie
649 1752 750 1786 eam,
779 1741 816 1775 in
840 1752 913 1788 qua
933 1752 1018 1788 par-

371 1792 477 1830 ticula
513 1790 588 1845 γὰρ
615 1800 753 1842 exstat,
804 1796 1020 1832 antecedere

370 1849 548 1896 debebat,
598 1851 732 1887 causali
768 1853 949 1889 sententia
980 1855 1019 1887 ut

372 1905 542 1955 primaria
569 1907 782 1956 praemissa.
815 1908 873 1946 Cf.
909 1909 957 1944 ad
989 1907 1018 1954 I,

369 1961 437 2002 24.
492 1962 549 1998 lta
575 1962 644 1998 hoc
663 1962 741 1999 loco
761 1964 879 2011 fingas
898 1963 1018 2000 Hero-

370 2014 507 2055 dotunf
535 2017 585 2054 ita
630 2019 786 2057 scribere
820 2020 856 2055 in
895 2019 1016 2056 animo

368 2073 555 2110 habuisse:
594 2074 729 2123 ποίεε,
767 2070 1016 2125 ὅκως-θεή-

369 2140 455 2196 σεαι
479 2125 660 2181 γυμνήν·
691 2127 740 2170 ου’
769 2127 827 2184 γά
844 2147 865 2183 ρ
887 2143 929 2171 σε
953 2132 1016 2171 δο-

369 2199 458 2241 uem:

426 2242 506 2280 ὠτα
555 2240 630 2295 γάρ
679 2265 735 2271 ——
772 2241 1014 2294 ὀφθαλμῶν]

369 2297 517 2334 Plurimi
543 2298 651 2336 hocce
670 2300 848 2338 Herodoti
881 2301 1014 2336 dictum

369 2354 588 2404 repetierunt
651 2361 821 2405 posterae
888 2355 1015 2393 aetatis

368 2410 582 2460 scriptores,
613 2411 793 2450 indicante
815 2411 1016 2450 W'esselin-

369 2466 430 2515 gio
453 2467 501 2503 ad
530 2466 565 2503 h.
586 2466 608 2502 l.
640 2472 675 2503 ct
697 2469 833 2518 Upton.
854 2469 902 2506 ad
925 2468 1016 2505 Dio-

370 2535 448 2570 uyS.
477 2522 593 2559 Halic.
632 2536 668 2573 p.
701 2523 756 2565 42
783 2527 839 2562 ed.
871 2524 1014 2560 Schaef.

370 2579 512 2621 Quibus
532 2578 600 2615 alia
618 2592 734 2629 nuper
753 2581 892 2617 addidit
911 2581 952 2616 C.
973 2579 1019 2616 F.

369 2635 567 2672 Hermann.
615 2636 662 2672 ad
706 2635 854 2673 Lucian.
915 2636 1018 2678 Quo-

370 2692 466 2728 mod.
490 2692 572 2728 hist.
594 2705 730 2729 conscr.
749 2706 784 2743 p.
809 2694 900 2733 183.
923 2692 1014 2732 184.

370 2749 464 2798 Apte
482 2747 701 2798 Sophoclem
719 2750 787 2786 huc
808 2750 919 2787 refert
947 2749 1012 2787 Cr.

370 2806 405 2841 in
432 2807 558 2853 fragm.
586 2804 658 2845 No.
689 2808 742 2846 77
775 2806 833 2843 ed.
855 2806 1014 2845 Brunck.

371 2868 406 2899 et
427 2862 555 2901 Senec.
588 2861 703 2913 Epist.
727 2861 775 2899 Vl
805 2876 839 2913 p.
875 2865 924 2902 17
953 2864 1011 2901 ed.

1089 898 1246 936 Matth.:
1275 919 1329 925 —-
1358 898 1556 944 „homines
1587 896 1739 946 amplius

1089 955 1222 1001 oculis,
1252 967 1361 1003 quam
1390 955 1534 991 auribus
1554 953 1740 991 creduut.“

1088 1011 1130 1047 In
1161 1023 1263 1058 seqq.
1295 1010 1342 1046 de
1381 1023 1450 1046 usu
1489 1024 1531 1047 ac
1561 1013 1738 1046 structura

1088 1066 1283 1117 particulae
1307 1061 1408 1110 ὅκως
1439 1067 1483 1102 cf.
1514 1065 1645 1101 Matth.
1670 1065 1736 1102 Gr.

1089 1124 1154 1159 Gr.
1177 1120 1215 1172 ξ.
1242 1122 1321 1162 531
1355 1126 1430 1158 not.
1450 1125 1476 1162 2
1500 1133 1587 1170 pag.
1617 1121 1736 1160 1037.

1147 1175 1167 1216 ὁ
1196 1174 1238 1216 δὲ
1263 1176 1360 1228 μέγα
1386 1172 1651 1228 ἀμβώσας]
1679 1175 1739 1213 De

1088 1234 1226 1281 forma,
1264 1246 1373 1282 quam
1426 1233 1608 1270 Aeolicam
1654 1231 1740 1268 dicit

1089 1290 1209 1326 Schol.
1231 1290 1410 1338 Hermog.
1442 1303 1479 1340 p.
1500 1289 1581 1330 407
1612 1301 1635 1325 a
1667 1287 1697 1325 C
1706 1301 1734 1325 r.

1088 1345 1280 1393 laudatus,
1308 1346 1381 1383 vid.
1411 1345 1439 1392 l,
1473 1347 1538 1386 10.

1144 1401 1233 1440 τίνα
1289 1399 1412 1455 λέγεις
1476 1397 1597 1452 λόγον
1662 1395 1738 1439 οὐκ

1087 1455 1258 1510 ν’γιέα]
1302 1459 1324 1495 i.
1359 1472 1393 1495 e.
1428 1470 1524 1507 quem
1554 1469 1736 1494 sermonem

1087 1516 1127 1550 tu
1151 1514 1290 1564 profers
1316 1517 1453 1551 nu‘m'me
1483 1527 1616 1550 sanum.
1675 1514 1736 1550 Sic

1087 1568 1205 1622 ὑγιὴς
1228 1583 1338 1621 saepe
1363 1571 1412 1607 ad
1431 1571 1631 1608 orationem
1652 1583 1737 1607 sen-

1086 1628 1291 1676 tentiasque
1316 1629 1490 1674 refertur,
1522 1639 1595 1664 non
1618 1626 1735 1663 solum

1087 1684 1184 1732 apud
1214 1687 1343 1733 poetas
1374 1684 1426 1729 (ν.
1463 1696 1492 1720 c.
1528 1683 1627 1733 apud
1649 1682 1734 1719 Pin-

1086 1740 1235 1785 darinn3
1265 1740 1312 1776 de
1340 1753 1412 1788 quo
1444 1739 1509 1776 Cr.
1538 1740 1623 1776 citat
1653 1738 1732 1775 Ast.

1085 1795 1122 1831 in
1142 1796 1362 1833 Commentt.
1383 1797 1505 1834 societ.
1529 1795 1614 1845 phil.
1628 1794 1731 1844 Lips.

1085 1851 1141 1898 Π,
1167 1857 1185 1892 1
1219 1865 1257 1902 p.
1289 1855 1362 1900 21)
1392 1865 1514 1890 verum
1537 1851 1636 1900 apud
1654 1850 1735 1899 phi-

1085 1907 1260 1957 losophos
1295 1921 1452 1957 quoque.
1511 1907 1596 1944 Vid.
1630 1907 1734 1954 wyt-

1085 1964 1250 2000 tenbach.
1284 1965 1332 2000 ad
1362 1964 1548 2002 Phaedon.
1581 1977 1619 2013 p.
1651 1964 1734 2005 238

1085 2024 1122 2057 et
1149 2032 1243 2068 quae
1269 2020 1378 2058 habet
1408 2021 1438 2058 C
1446 2035 1473 2058 r.
1505 2021 1552 2057 ad
1569 2019 1735 2057 Proclum

1086 2076 1153 2124 (ad
1195 2076 1280 2113 calc.
1319 2076 1451 2113 Plotin.
1491 2077 1539 2114 de
1576 2075 1735 2126 pulerit.)

1083 2146 1121 2183 p.
1136 2133 1202 2172 83.
1215 2160 1226 2178 ,
1251 2132 1289 2168 in
1305 2133 1471 2181 sragrnm.
1491 2132 1589 2169 histt.
1609 2145 1646 2182 p.
1662 2134 1728 2174 25.

1141 2184 1222 2237 ἅμα
1265 2185 1308 2226 δὲ
1347 2191 1494 2227 κιθῶνι
1514 2210 1571 2216 —
1598 2184 1730 2240 γυνή]

1084 2243 1301 2293 Scripsimus
1361 2245 1471 2283 αἰδῶ
1525 2258 1592 2295 pro
1633 2243 1732 2284 αἰδῶ

1084 2311 1164 2336 cuin
1213 2304 1360 2338 recentt.
1419 2303 1519 2339 editt.
1564 2302 1732 2340 Conserri

1083 2354 1158 2391 vult
1185 2355 1242 2392 Cr.
1279 2356 1464 2395 Schaeseri
1497 2358 1643 2395 laudata
1683 2359 1731 2395 ad

1082 2410 1237 2459 Diony-S.
1259 2412 1373 2450 Halic.
1395 2415 1442 2451 de
1465 2427 1581 2464 comp.
1603 2414 1727 2452 verbb.

1081 2479 1118 2516 p.
1141 2467 1207 2508 43.
1239 2468 1463 2508 Sententiam
1490 2471 1606 2521 ipsam
1634 2469 1731 2507 haud

1083 2525 1186 2572 pauci
1203 2525 1368 2574 fuerunt,
1399 2528 1460 2575 qui
1483 2540 1526 2564 ex
1548 2527 1729 2564 Herodoti

1082 2592 1144 2616 ore
1167 2585 1371 2630 repeterent
1401 2586 1464 2620 aut
1488 2588 1584 2621 certe
1605 2583 1732 2620 similia

1081 2639 1295 2685 proferrent.
1345 2639 1404 2676 Cf.
1446 2639 1601 2678 Wessel.
1637 2639 1726 2688 ibiq.

1082 2694 1211 2744 potiss.
1253 2694 1436 2734 Plutarch.
1476 2697 1523 2734 de
1559 2696 1726 2734 audiend.

1083 2754 1148 2786 rat.
1171 2765 1207 2802 p.
1231 2752 1297 2798 37,
1327 2752 1374 2789 D.
1403 2753 1450 2788 ad
1472 2765 1579 2802 quem
1610 2752 1728 2789 locum

1083 2820 1176 2844 nunc
1196 2808 1332 2845 consul.
1353 2809 1401 2845 W
1404 2809 1620 2856 >ttenbachii
1638 2807 1726 2846 Ani-

1083 2865 1220 2902 inadvv.
1252 2879 1288 2915 p.
1321 2866 1403 2907 308
1433 2879 1509 2915 seq.
1558 2865 1649 2911 Qui,
1690 2869 1727 2901 ut
