1877 3223
634 203 848 245 CLIO.
905 204 933 242 Ι.

1320 203 1403 243 203

154 317 270 368 ἔταξε
301 312 427 358 ἀντία
454 316 529 371 τῆς
558 315 716 366 ἵππου,
747 314 884 357 τῶνδε
906 313 1088 357 εἵνεκεν·
1120 308 1316 366 κάμηλον
1340 312 1403 355 ἴπ-

151 410 231 446 πος
260 393 484 450 φοβέεται,
515 394 588 437 καὶ
618 391 697 437 οὐκ
727 389 920 448 ἀνέχεται
954 389 1055 435 οὔτε
1082 390 1161 446 τήν
1184 389 1305 445 ἰδέην
1329 388 1403 433 αὐ-

150 477 226 530 τῆς
256 472 415 528 ὁρέων,
451 473 551 517 οὔτε
583 472 660 529 τὴν
690 470 830 528 ὀδμὴν
861 469 1218 527 ὀσφραινόμενος.
1264 466 1404 511 αὐτοῦ

152 551 205 609 δὴ
236 547 297 595 ὦν
326 551 487 596 τούτου
521 554 681 596 εἵνεκεν
710 549 984 607 ἐσεσόφιστο,
1034 550 1106 592 ἵνα
1136 551 1196 606 τῷ
1229 549 1404 604 Κροίσῳ

153 631 365 688 ἄχρηστον
389 626 417 688 ᾗ
443 631 491 675 τὸ
521 632 718 684 ἱππικὸν,
752 633 812 686 τῷ
842 629 894 686 δή
924 646 963 672 τι
992 628 1066 673 καὶ
1094 628 1228 682 ἐπεῖχε
1247 624 1403 682 ἐλλάμ-

126 716 316 763 emmam
347 710 369 754 6
400 708 554 760 Λυδός.
614 708 673 760 ὥς
702 712 747 753 δὲ
776 710 848 752 καὶ
878 706 1094 765 συνῄεσαν
1131 707 1173 758 ἐς
1209 704 1289 762 τὴν
1325 703 1460 761 μοὶ-55

153 805 256 846 χην,
294 789 486 832 ἐνθαῦτα
523 787 581 839 ὥς
612 788 838 844 ὅσφραντο
880 786 1055 843 τάχιστα
1084 790 1171 830 τῶν
1200 782 1406 841 καμήλων

153 868 198 911 οἱ
225 868 368 919 ἵπποι,
410 868 484 911 καὶ
512 865 631 912 εἶδον
664 865 817 921 αὐτὰς,
860 865 996 911 ὀπίσω
1027 864 1312 921 ἀνέστρεφον,
1344 865 1406 908 δι-

151 1046 332 1103 κιὶμηλον
356 1052 479 1100 ’ἵππος
502 1050 685 1103 φοβέεται
705 1067 740 1091 κ.

96 1123 127 1147 τ.
149 1107 197 1158 λ.]
241 1109 470 1147 Camelorum
500 1110 657 1160 speciem
686 1114 741 1146 at-

96 1177 167 1213 que
191 1165 339 1203 odorem
371 1179 484 1214 equos
508 1166 740 1204 reformidare

96 1233 163 1257 nec
199 1222 293 1259 ferre
329 1222 512 1271 potuisse,
561 1222 597 1259 in
636 1222 739 1259 huius

95 1277 209 1325 ipsius
226 1277 352 1326 proelii
371 1278 577 1315 narratione
593 1279 740 1315 tradunt

96 1332 314 1381 Xenophon.
341 1334 547 1383 Cyropaed.
586 1333 674 1381 VII⁷
707 1336 743 1380 1,

96 1390 162 1429 27.
187 1387 390 1437 Polyaenus
412 1390 571 1437 Strateg.
597 1389 677 1436 Vll,
702 1391 741 1436 6,

95 1446 133 1486 6.
193 1443 303 1487 Quod
337 1458 384 1483 ne
421 1446 549 1482 mirum
579 1446 744 1483 videatur

96 1503 134 1538 et
163 1512 186 1537 a
214 1504 344 1538 natura
379 1514 498 1539 rerum
529 1502 741 1548 abhorrens,

94 1556 232 1593 monuit
268 1560 361 1595 teste
388 1558 452 1596 Cr.
487 1557 743 1596 Blumenbach.

95 1611 153 1660 (in
171 1612 392 1651 Commentt.
411 1615 533 1652 societ.
553 1628 630 1664 reg.
649 1615 744 1651 Got-

96 1668 186 1716 ting.
210 1668 318 1711 1804
337 1682 423 1720 pag.
437 1672 551 1720 186),
580 1671 743 1719 cogitan-

95 1724 165 1760 dos
184 1737 265 1762 esse
277 1738 390 1774 equos
403 1756 413 1775 ‚
431 1728 494 1776 qui
507 1729 621 1778 primo
634 1727 742 1777 ipsis-

98 1792 170 1829 que
205 1781 313 1831 plane
350 1782 491 1819 insueto
529 1784 745 1821 camelorum

99 1847 248 1873 occursu
274 1842 534 1886 expavescant,
559 1840 643 1888 quia
670 1851 745 1875 non

98 1891 198 1942 prius
209 1892 351 1930 camelis
368 1894 502 1931 assueti
511 1895 643 1932 fuerint
662 1907 744 1932 eos-

99 1960 172 1997 que
218 1949 312 1986 ferre
358 1949 561 1987 didicerint.
624 1949 745 1998 Atque

98 2004 204 2053 primi
237 2002 377 2042 Arabes
409 2005 552 2043 camelis
579 2005 617 2042 in
649 2005 744 2043 bello

98 2060 190 2095 vecti
214 2072 295 2097 esse
312 2062 498 2109 dicuntur,
528 2074 645 2111 eoque
667 2074 745 2099 1110-

99 2115 148 2152 do
167 2115 360 2153 militantes
382 2117 418 2153 iu
435 2116 627 2154 Persarum
644 2130 746 2155 exer-

97 2171 169 2208 citu
197 2172 433 2209 inveniuntur.
490 2173 601 2211 Unde
619 2174 743 2210 similis

99 2228 281 2276 equitatus
313 2229 412 2279 apud
438 2228 625 2275 Bactri0s‚
654 2230 745 2267 Par-

99 2283 200 2331 thos,
229 2283 318 2321 alias
345 2284 456 2323 Asiae
489 2289 629 2333 gentes.
685 2285 745 2323 De

99 2339 228 2388 quibus
256 2340 322 2378 Cr.
342 2341 514 2379 amandat
533 2341 581 2378 ad
606 2342 743 2379 Gesen.

101 2396 139 2431 in
157 2395 375 2436 Commentt.
395 2398 444 2434 ad
461 2397 564 2435 Iesai.
586 2397 698 2445 XXI,
717 2400 743 2438 7

104 2462 189 2499 pag
209 2454 290 2492 660
309 2465 387 2501 seq.
444 2452 506 2491 Tu
532 2453 604 2492 vid.
625 2453 746 2492 Hero-

105 2505 180 2542 dot.
200 2507 285 2554 VII,
311 2509 376 2549 86.

160 2559 228 2600 καὶ
256 2557 328 2601 οὐκ
355 2558 528 2614 οἷνὲχεται
553 2561 643 2603 οὔτε
672 2561 744 2614 τὴν

107 2615 217 2667 ἰδέην
247 2613 369 2669 αυτῆς
399 2617 542 2671 ὁρέων]
585 2621 747 2657 Str-uctu

107 2685 182 2710 ram
202 2674 301 2711 161ὺί
325 2671 391 2713 α’νε
385 2673 534 2726 χεσθαι
558 2689 637 2713 611111
664 2689 747 2725 par-

105 2730 225 2778 ticipio
251 2730 428 2767 illustrant
455 2745 548 2780 quae
572 2731 746 2771 Matthiae

105 2785 246 2833 collegit
267 2787 427 2836 exempla
446 2787 595 2837 plurium
608 2786 643 2838 g.
653 2788 745 2836 550

106 2841 128 2878 b
145 2855 229 2892 pdg
257 2844 373 2884 1080
414 2842 498 2883 ἰδέα
525 2849 579 2882 est
601 2847 744 2896 speciem

809 1051 879 1089 xid.
907 1064 1001 1101 quae
1024 1050 1073 1089 ad
1103 1047 1282 1087 Plutarch.
1305 1047 1461 1085 Flamin.

809 1109 1010 1145 monuimus
1032 1119 1118 1158 pag
1140 1108 1205 1146 77.
1227 1105 1331 1152 256,
1348 1104 1383 1141 b-

865 1166 917 1202 τῶ
938 1159 986 1214 δη
1016 1178 1051 1201 τι
1079 1160 1145 1200 καὶ
1168 1161 1294 1225 ἐπεῖχε
1317 1155 1462 1211 ἐλλαμ-

809 1224 963 1269 ψεσθαι
985 1218 1008 1258 6
1027 1213 1182 1264 Λυδός]
1212 1217 1235 1255 i
1256 1231 1286 1256 e.
1308 1230 1373 1266 quo
1394 1219 1461 1254 sci-

811 1277 890 1314 licet
919 1276 1067 1313 multum
1096 1276 1200 1312 etiam
1225 1286 1259 1311 se
1290 1273 1462 1311 ῖίἰαεΐτί-ιὶ

811 1346 881 1370 rem
895 1333 977 1383 fore
994 1331 1119 1381 Lydus
1141 1331 1376 1366 emffstzmabat.
1407 1332 1462 1382 τῷ

813 1385 864 1440 δή
892 1403 960 1436 τι,
990 1388 1172 1438 plerisque
1202 1385 1300 1422 libris
1327 1386 1462 1436 proba-

810 1449 906 1492 tum,
933 1444 1011 1480 loco
1029 1455 1103 1479 non
1114 1441 1311 1487 movimus3
1341 1441 1460 1492 aptius

811 1502 905 1540 enim
917 1499 1041 1538 sensui
1059 1498 1219 1545 videtur,
1235 1510 1343 1546 quam
1363 1498 1463 1546 quod

810 1556 925 1594 Aldus
947 1556 1076 1594 edidit:
1107 1556 1161 1608 τῷ
1183 1549 1233 1604 δή
1253 1568 1342 1593 τοι.
1371 1554 1462 1592 Ver-

811 1614 895 1651 bum
915 1610 1065 1662 ἒπέχειν
1085 1611 1153 1648 1106
1166 1623 1275 1648 5611511
1305 1612 1362 1657 (in
1380 1613 1460 1648 ani-

810 1683 864 1708 mo
893 1670 1035 1717 habere,
1065 1668 1241 1716 cogitare,
1271 1667 1332 1704 ubi
1358 1679 1463 1704 accu-

811 1726 964 1763 sativum
983 1721 1049 1764 τόν
1060 1726 1159 1763 νοῦν
1179 1723 1261 1760 licet
1269 1723 1461 1774 supplere)

811 1782 989 1819 illustrant
1006 1781 1074 1818 loci
1097 1794 1118 1817 a
1129 1778 1373 1829 VVesselingio
1384 1780 1462 1817 lau-

812 1839 910 1885 dati,
940 1837 1002 1874 ubi
1028 1837 1137 1874 etiam
1164 1835 1378 1872 infinitivum
1408 1837 1461 1873 vi-

811 1894 938 1932 demus
968 1892 1037 1929 hoc
1068 1892 1217 1929 verbum
1252 1890 1320 1929 hoc
1352 1905 1463 1929 sensu

812 1949 1070 1998 excipientem:
1107 1946 1145 1994 Ι,
1174 1945 1265 1987 153.
1295 1947 1366 1994 VI,
1395 1950 1461 1989 96,

811 2003 887 2053 Vl,
916 2003 980 2045 49.
1036 2002 1151 2040 Addit
1187 2001 1252 2040 Cr.
1294 2002 1461 2042 Eustath.
1495 2044 1507 2054 ο

812 2061 862 2098 ad
895 2058 1048 2097 Homeri
1089 2059 1226 2106 odyss.
1258 2058 1367 2107 XIX,
1406 2063 1460 2101 71

811 2130 848 2167 p.
862 2117 942 2158 683
961 2116 1056 2152 med.
1068 2113 1178 2151 Basil.
1188 2113 1314 2163 Polyb.
1326 2115 1462 2165 XVIII,

813 2175 890 2219 28,
912 2174 975 2213 11.
1003 2191 1061 2199 —--
1088 2170 1160 2207 Pro
1179 2167 1203 2209 6
1220 2168 1352 2217 Λυδὸς
1369 2185 1462 2209 11011-

812 2227 899 2266 nulli
919 2227 999 2265 libri
1021 2224 1044 2266 6
1066 2221 1202 2274 αὕτός,
1235 2228 1333 2275 quod
1353 2229 1462 2265 exin-

813 2286 1094 2334 terpretainento
1107 2286 1223 2319 ortum
1235 2283 1457 2321 crediderim.

811 2340 983 2389 Namque
1025 2336 1046 2378 6
1078 2334 1215 2384 Λυδός
1251 2339 1461 2389 intelligitur

812 2396 992 2444 Croesus,
1008 2395 1116 2445 igitur
1138 2393 1248 2443 idem,
1270 2396 1368 2433 cuius
1381 2410 1461 2434 mo-

812 2453 860 2489 do
878 2452 1097 2489 mentionem
1114 2450 1293 2488 intulerat.

869 2507 1046 2548 ἐνθαῦτα
1080 2520 1134 2553 ως
1162 2503 1365 2560 όσφραντο
1394 2523 1459 2547 τα-

813 2577 922 2615 χιστα
942 2566 1020 2602 τῶν
1041 2557 1227 2613 καμήλων
1262 2563 1304 2603 οἵ
1323 2563 1457 2615 ι’πποι]

814 2622 1002 2658 Structura
1027 2619 1127 2657 verbi
1165 2614 1459 2672 ὀσφραίνεσθαι

813 2691 892 2714 cum
912 2676 1069 2725 genitivo
1098 2673 1293 2714 illustratui
1321 2690 1343 2714 a
1360 2676 1458 2714 Mat-

812 2734 908 2770 thiae
940 2731 976 2783 §-
999 2732 1080 2774 349
1108 2734 1182 2768 not.
1202 2733 1227 2773 3
1251 2745 1336 2783 pag.
1363 2733 1458 2780 659,

813 2791 872 2838 qui
893 2789 987 2826 idem
1008 2789 1054 2826 de
1074 2786 1198 2825 aoristi
1229 2789 1346 2825 forma
1372 2802 1458 2826 con-

813 2845 982 2883 sulendus
1005 2843 1041 2897 ἓ.
1064 2842 1144 2886 245
1170 2856 1255 2897 pag.
1277 2844 1371 2888 478.
1416 2845 1457 2883 In
