1909 3228
566 207 991 247 EUTERPE.
1043 209 1089 247 11.

153 320 175 354 2
189 314 467 369 δαιμονίοισι,

1364 212 1449 251 663

541 318 584 359 οἱ
621 316 827 371 νεώτεροι
869 315 1015 361 αὐτῶν
1057 321 1172 361 τοῖσι
1207 317 1444 374 πρεσβυτέ-

183 405 300 448 ροισι
331 394 722 451 συντυγχάνοντες,
755 397 920 439 εἴκουσι
950 400 1025 452 τῆς
1054 394 1165 440 ὁδοῦ
1184 397 1255 440 καὶ
1286 396 1442 451 ἐκτρά-

151 480 359 517 3πονται·
390 475 462 517 καὶ
493 475 686 528 ἐπιοῦσι,
719 475 760 527 ἐξ
788 475 918 530 ἕδρης
946 474 1268 520 ὑπανιστέαται.

178 552 327 608 μέντοι
365 552 531 596 ἄλλοισι
581 553 796 609 Ἑλλήνων
845 553 1078 610 οὐδαμοῖσι
1120 555 1498 611 συμφέρονται·85

179 630 274 674 ἀντὶ
304 636 384 674 τοῦ
424 632 768 687 προσαγορεύειν
807 631 1020 689 ἀλλήλους
1067 635 1112 678 ἐν
1150 639 1248 692 τῇσι
1286 633 1442 687 ὁδοῖσι,

178 711 503 766 προσκυνέουσι
545 714 760 764 κατιέντες
816 712 938 768 μέχρι
982 717 1062 756 τοῦ
1109 713 1324 769 γούνατος
1363 712 1442 771 τὴν

54 803 116 848 81
177 796 310 846 χεῖρα.
369 789 646 834 Ἐνδεδύκασι
689 792 735 835 δὲ
774 796 967 843 κιθῶνας
1006 791 1199 846 λινέους,
1248 793 1346 849 περὶ
1386 792 1439 836 τὰ

120 996 245 1045 seling.
264 997 310 1034 ad
333 997 367 1034 h.
390 997 412 1034 l.
436 1019 486 1025 —
512 998 552 1034 In
567 1011 669 1047 seqq.
687 998 773 1035 scri-

117 1054 174 1104 psi
195 1067 275 1091 cum
293 1055 412 1091 Gaisf.
439 1050 572 1093 αὐτῶν
602 1068 669 1105 pro
702 1051 772 1093 αὕ-

117 1108 230 1148 τέων.

175 1166 327 1206 εἴκουσι
349 1168 418 1215 τῆς
439 1164 535 1205 ὁδοῦ
550 1165 616 1205 καὶ
636 1163 769 1217 ἐκτρά-

116 1222 282 1272 πονται]
317 1223 373 1260 De
397 1228 575 1260 structura
603 1225 767 1261 conferas

117 1279 295 1316 Matthiae
327 1280 392 1315 Gr.
426 1281 490 1316 Gr.
522 1278 558 1329 ς.
591 1280 699 1327 354,
733 1281 768 1318 δ.

115 1336 226 1372 Plura
249 1335 465 1372 Valckenar.
493 1337 541 1372 ad
564 1336 598 1372 h.
616 1336 638 1372 l.
678 1337 770 1374 Inde

113 1393 287 1441 frequens
308 1392 510 1428 Pausaniae
525 1392 615 1429 haec
635 1394 770 1429 sormu-

113 1448 169 1495 la,
208 1452 359 1484 notante
396 1447 529 1484 Siebel.
562 1448 609 1484 ad
649 1448 687 1495 Ι,
715 1448 769 1489 44

116 1503 154 1554 ᾗ.
172 1508 208 1545 2.
267 1504 326 1541 De
349 1505 465 1540 forma
485 1501 769 1543 ’ὑπανιστέαται

113 1561 185 1598 vid.
206 1560 385 1598 Matthiae
406 1560 428 1596 l.
450 1560 471 1597 l.
504 1573 589 1610 pag.
609 1560 703 1602 409.

169 1613 257 1657 τόδε
286 1614 419 1667 μέντοι
447 1614 599 1655 ἄλλοισι
635 1613 768 1668 Ἑλλή-

114 1689 199 1713 νων
231 1669 443 1724 οὐδαμοῖσι
475 1671 765 1724 συμφέρονται]

113 1731 328 1779 Elegantem
346 1730 443 1766 vocis
462 1728 576 1776 ἄλλος
588 1744 691 1768 usum
704 1731 770 1768 ali-

113 1792 204 1836 quot
235 1786 410 1836 exemplis
440 1786 650 1834 illustravit,
689 1800 767 1824 mo-

114 1848 223 1880 nente
255 1842 284 1879 C
292 1856 343 1889 r.‚
372 1842 564 1879 Heindorf.
597 1843 644 1878 ad
682 1843 768 1880 Pla-

113 1905 189 1936 ton.
221 1899 406 1936 Phaedon.
442 1912 529 1948 pag.
565 1898 670 1945 234,
711 1899 766 1936 cui

114 1957 210 1993 adde
225 1956 272 1992 sis
287 1954 427 1991 Astium
447 1956 494 1991 ad
506 1955 596 1991 Plat.
608 1955 765 1992 Phaedr.

111 2025 197 2062 pag.
228 2011 308 2053 241
330 2041 340 2059 ,
380 2012 440 2059 qui
474 2012 689 2048 adiectivum
727 2013 764 2048 in

110 2068 209 2105 hisce
252 2081 319 2118 pro
361 2068 533 2104 adverbio
588 2067 764 2114 (omnino,

104 2137 270 2175 prorsus,
295 2126 494 2173 praeterea)
516 2125 603 2174 poni
625 2125 762 2161 statuit.

168 2181 209 2220 ἐν
239 2182 331 2234 τῇσι
359 2178 514 2225 ὁδοῖσι,
546 2179 763 2231 προσκυνέ-

112 2235 225 2286 ουσι]
266 2240 506 2287 προσκυνεῖν
535 2237 583 2274 de
612 2250 763 2274 venera-

109 2295 215 2330 tionis
238 2306 372 2341 genere
397 2294 433 2329 in
461 2294 549 2330 deos
571 2297 631 2329 aut
654 2306 760 2342 reges

110 2350 270 2386 adhibito
291 2349 504 2399 plerumque
525 2350 667 2396 dicitur,
689 2364 761 2399 quo

110 2407 216 2455 proni
241 2406 277 2441 in
300 2411 434 2442 terram
464 2407 537 2442 sive
556 2405 654 2442 humi
675 2419 762 2457 pro-

112 2462 319 2498 cumbentes
349 2461 436 2498 alios
466 2462 540 2498 sive
571 2462 658 2499 deos
688 2464 763 2500 sive

111 2518 292 2567 principes
311 2518 503 2554 adoramus
514 2547 524 2564 ‚
535 2519 761 2555 maiestatem

112 2573 253 2609 illorum
274 2578 500 2611 venerantes.
532 2574 643 2617 Quod
663 2575 761 2623 apud

113 2629 245 2666 Persas
309 2634 511 2678 gentesque
567 2630 759 2667 orientales

112 2686 306 2735 praecipue
329 2685 528 2722 obtinuisse
556 2686 642 2722 satis
676 2699 762 2723 con-

113 2746 195 2778 stat.
256 2740 290 2777 T
295 2754 316 2776 u
343 2740 415 2777 vid.
446 2741 591 2778 Cornel.
623 2741 760 2793 Nepot.

112 2797 149 2833 in
182 2797 325 2834 Conon.
354 2795 427 2842 111,
460 2798 486 2837 3
524 2802 561 2834 et
589 2810 684 2846 quae
712 2798 762 2835 ibi

112 2853 267 2904 plurima
297 2852 495 2891 attulerunt
534 2853 764 2905 interpretes,

840 1012 914 1036 non
964 999 1221 1050 praetermisso
1271 999 1416 1036 Sturzio
1462 1001 1497 1036 in

839 1055 942 1093 lexic.
970 1056 1204 1106 Xenophont.
1224 1056 1273 1093 ΙΙΙ
1296 1069 1381 1105 pag.
1400 1058 1494 1096 726.

839 1112 947 1150 Conf.
971 1125 1082 1163 supra
1110 1112 1149 1159 Ι,
1176 1112 1268 1154 134.
1297 1112 1350 1160 ll,
1374 1115 1466 1154 121.

1006 1197 1036 1233 C
1047 1209 1067 1233 a
1079 1209 1116 1246 p.
1153 1195 1323 1234 LXXXI.

895 1276 1127 1319 ἐνδεδύκασι
1156 1278 1198 1319 δὲ
1227 1282 1408 1327 κιθῶνας
1437 1282 1494 1319 λι-

838 1333 977 1386 νέους]
1011 1337 1119 1373 Cons.
1138 1336 1232 1383 adl,
1255 1337 1347 1378 195.
1365 1337 1411 1384 ll,
1425 1339 1492 1378 37.

841 1392 1021 1428 Calasirin
1043 1397 1205 1439 vestem,
1235 1405 1346 1441 quam
1369 1392 1494 1442 Aegy-

836 1448 902 1497 ptii
940 1449 1143 1496 vocabant,
1189 1449 1348 1485 tunicam
1380 1450 1493 1487 fuisse

836 1504 1045 1541 interiorem
1061 1504 1291 1554 perspicuum
1312 1509 1378 1551 est,
1397 1518 1493 1553 quae

837 1560 955 1610 ipsum
975 1564 1118 1609 tegeret
1129 1574 1260 1610 corpus
1274 1589 1284 1607 ‚
1295 1561 1489 1598 interulam

838 1617 914 1654 sive
933 1617 1140 1654 subuculam
1153 1646 1163 1664 ,
1181 1630 1275 1666 quae
1298 1617 1390 1654 circa
1410 1631 1490 1654 cru-

837 1686 879 1710 ra
905 1673 1085 1710 fimbriata
1113 1678 1189 1711 erat
1216 1678 1253 1710 et
1282 1674 1330 1710 ad
1366 1686 1488 1722 genua

838 1733 979 1767 tantum
1003 1730 1238 1779 pertingeret.
1296 1730 1406 1773 Quod
1425 1743 1489 1767 vo·-

837 1786 886 1822 cis
904 1786 1017 1836 ipsius
1035 1787 1138 1834 origo
1157 1786 1371 1823 confirmare
1387 1787 1489 1824 vide-

833 1846 911 1889 tur,
943 1843 971 1879 si
997 1843 1147 1891 quidem
1168 1841 1258 1878 Kalz‘
1281 1855 1309 1878 s.
1327 1841 1411 1878 Kelz‘
1432 1842 1488 1878 in-

834 1898 932 1935 dicat
949 1911 1060 1946 genu,
1084 1911 1184 1945 cruS,
1215 1898 1400 1946 vestisque
1419 1898 1488 1946 igi-

833 1957 891 1990 tur
930 1955 1128 2001 indicatur,
1169 1966 1266 2002 quae
1304 1954 1353 1990 ad
1384 1967 1489 1991 crura

832 2023 948 2058 usque
968 2011 1151 2060 pertingit.
1200 2010 1280 2046 Vid.
1303 2010 1487 2047 lablonsk.

830 2079 927 2104 voce.
949 2067 1124 2116 Aegyptt.
1156 2079 1246 2115 pag.
1270 2068 1350 2106 102
1380 2079 1485 2115 seqq.

831 2127 929 2161 recte
960 2124 1234 2168 observantem,
1274 2134 1336 2158 eas
1364 2127 1486 2159 vestes

830 2180 866 2215 in
885 2179 1073 2229 permultis
1093 2178 1359 2224 monumentis,
1390 2190 1487 2226 quae

830 2236 1025 2273 etiamnum
1039 2235 1242 2285 supersint,
1253 2234 1349 2271 cerni
1361 2247 1484 2284 posse.

828 2293 1044 2340 „Eiusmodi
1067 2292 1176 2328 cirros
1194 2292 1230 2326 in
1248 2290 1388 2338 aliquot
1406 2303 1484 2326 mu-

828 2349 979 2385 miaruni
1001 2347 1269 2385 Thebaicaruin
1288 2347 1484 2382 vestimen-

829 2407 875 2442 tis
902 2407 1112 2455 repererunt
1135 2403 1230 2439 docti
1255 2402 1363 2438 Galli.
1394 2402 1480 2439 Vid.

828 2461 984 2498 Iomard.
1008 2461 1044 2496 in
1062 2459 1233 2508 descript.
1256 2458 1302 2494 de
1322 2457 1480 2507 l’Egypt.

829 2518 968 2565 antiqq.
994 2529 1055 2553 sur
1074 2515 1126 2552 les
1145 2515 1280 2563 hypog.
1303 2515 1348 2551 de
1361 2514 1481 2551 Theb.

830 2578 914 2611 sect.
937 2573 971 2609 X
1013 2571 1048 2623 ξ.
1080 2573 1104 2612 8
1142 2584 1228 2620 pag.
1256 2570 1348 2610 340.
1407 2569 1482 2613 Qui

828 2630 865 2665 id
876 2643 931 2665 em
951 2629 1005 2677 (p.
1027 2627 1128 2675 385)
1150 2627 1197 2663 ad
1216 2639 1338 2663 vocem
1357 2627 1480 2664 κιθῶ-

827 2700 900 2730 νας
941 2683 1070 2730 λινέας
1111 2687 1259 2719 revocat
1295 2683 1482 2731 hodieque

828 2746 1038 2790 usurpatam
1086 2738 1280 2788 Aegyptiis
1340 2743 1476 2776 vestem

828 2797 980 2845 milayelz
1013 2799 1049 2833 et
1077 2796 1126 2832 ad
1156 2794 1293 2845 εἵματα
1320 2790 1478 2846 εὕρίνεα

828 2853 975 2904 pallium
1003 2851 1162 2889 Arabum
1188 2851 1382 2889 barnous.“
1410 2850 1474 2888 Cr.

1334 475 1446 520 Τόδε
1506 477 1584 520 141

1494 797 1602 825 Vestes
1620 798 1719 826 lineae
1736 807 1771 826 ac

1494 831 1628 858 laneae:
1663 833 1772 860 laneae

1493 868 1592 893 vestes
1614 866 1770 902 profanae.
