1877 3223
454 230 510 268 64
858 227 1322 266 HERODOTI

344 337 409 381 26

172 400 300 428 croesus
324 405 410 428 natus
554 421 562 428 .
767 420 784 427 0
906 413 916 426 e
947 414 956 429 2
1062 415 1071 428 ι

138 435 325 495 affluant&
339 435 410 494 mol
457 416 627 472 σιληῑην
667 418 858 469 Κροισος
896 433 918 458 ο
950 420 1196 467 Αλυαττεω,

139 501 408 569 fgfflgfflggbffiffi
453 494 576 538 πέντε
613 495 685 537 καὶ
714 492 958 550 τριήκοντα·
1003 494 1051 545 ὃς
1082 495 1133 549 δὴ
1158 492 1372 548 Ἑλλήνων
1400 493 1608 546 πρώτοισι
1644 493 1733 536 έπε-

433 574 622 629 Ξθήκατο
651 571 893 628 Ἐφεσίοισι.
947 574 1052 616 ἔνθα
1083 571 1134 629 δη
1169 574 1211 615 οἱ
1247 570 1440 626 Ἐφέσιοι
1485 571 1735 625 πολιορκεό-

574 336 915 392 Τελευτήσαντος
945 336 989 380 ὁὲ
1014 335 1272 390 Ἀλυάττεω,
1310 336 1521 388 ἐξεδέξατο
1551 337 1629 393 τήν
1658 340 1730 393 βα-

1256 414 1385 457 έτέων
1435 413 1517 456 ἐών
1560 413 1776 470 ἡλικίην75

454 668 578 709 μενοι
605 649 686 693 ὑπ’
717 649 877 704 αὐτοῦ,
914 650 1124 695 ἀνέθεσαν
1160 650 1239 706 τὴν
1276 649 1407 692 πόλιν
1436 653 1487 706 τῇ
1510 647 1734 705 Ἀρτέμιδι,

457 728 686 782 ἐξάψαντες
745 729 791 773 ἐκ
847 733 929 773 τοῦ
983 734 1096 786 νηοῦ
1149 730 1343 785 σχοινίον
1397 728 1438 780 ἐς
1493 729 1541 771 τὸ
1587 733 1735 784 τεῖχος.

410 923 498 948 πων
522 900 688 957 σιδήρου
708 900 892 955 κόλλησιν
916 904 1060 956 ἐξεῦρε]
1130 906 1356 943 celebratum.
1416 906 1525 943 Locis
1555 918 1664 956 supra
1691 906 1783 941 hanc

408 964 609 1003 Pausanias
640 962 661 998 l.
684 962 706 998 l.
745 962 840 999 idem
870 963 979 999 refert
1008 962 1062 998 his

411 1021 548 1058 verbis:
576 1040 631 1047 ——
650 1019 766 1058 τοῦτο
789 1012 971 1057 Γλαύκου
993 1016 1064 1068 μέν

410 1076 514 1116 ἐστιν
551 1074 663 1127 ἔργον
699 1076 771 1113 τοῦ
812 1074 934 1122 Χίου,
983 1085 1063 1112 σι-

412 1130 569 1184 δήρου
602 1127 843 1180 κόλλησιν
873 1125 1064 1181 ἀνδρὸς

410 1185 665 1239 εὑρόντος.
722 1186 801 1224 Nec
823 1187 926 1223 aliter
944 1187 1063 1223 Hero-

407 1244 485 1281 doti
521 1244 631 1280 verba
664 1244 785 1280 reddit
819 1243 1063 1290 Hieronymus

410 1300 565 1349 (Euseb.
582 1300 750 1335 Chronic.
779 1298 923 1349 Olymp.
945 1298 1063 1345 XXV,

411 1356 438 1397 4
473 1369 502 1391 s.
533 1358 614 1396 677
649 1368 671 1391 a
701 1356 828 1401 Chr.):
872 1355 1062 1401 „Glaucus

412 1411 520 1449 Chius
544 1412 680 1460 primus
693 1410 788 1459 ferri
806 1412 895 1446 inter
922 1424 956 1447 se
981 1410 1061 1458 glu-

410 1470 521 1504 tinum
558 1468 784 1514 excogitavit.
798 1468 822 1485 ‘⁴
859 1465 957 1503 Male
988 1466 1062 1503 Sa-

408 1526 516 1559 mium
539 1523 624 1559 dicit
653 1522 830 1558 Glaucum
855 1523 1063 1572 Stephanus

407 1579 560 1627 Byzant.
592 1592 621 1614 s.
648 1592 680 1614 v.
710 1574 898 1629 Αἰθᾶλη,
939 1591 1064 1626 quam-

410 1648 521 1683 quam
560 1635 607 1670 ad
638 1635 841 1671 Samiorum
887 1635 1063 1671 artificum

410 1689 635 1740 disciplinam
664 1691 879 1737 (Samische
911 1691 1063 1738 Erzgie-

412 1746 634 1794 sserschule)
650 1746 708 1783 ille
732 1747 829 1783 haud
856 1747 984 1783 iniuria
1007 1760 1062 1784 re-

411 1803 495 1839 serri
526 1806 668 1851 potest,
702 1803 892 1851 Biittigero
921 1816 1066 1851 quoque

410 1862 505 1894 teste
523 1858 560 1894 in
580 1858 829 1894 Amalthealll
852 1872 886 1908 p.
906 1859 958 1900 25
979 1864 1066 1905 not,

410 1918 450 1949 ut
476 1913 538 1950 Cr.
567 1914 765 1950 admonuit.
797 1915 881 1957 Quo
902 1920 1067 1965 tempore

410 1969 569 2005 Glaucus
594 1969 738 2016 vixerit,
768 1982 811 2007 ex
829 1970 977 2006 Eusebii
1002 1973 1067 2006 ad-

410 2029 516 2075 paret
550 2025 630 2060 loco
660 2038 770 2074 supra
798 2025 965 2073 laudato,
1003 2025 1064 2062 ubi

407 2084 531 2117 tamen
547 2080 605 2116 alii
631 2080 777 2130 Olymp.
798 2081 907 2128 XXI,
943 2083 968 2122 3
997 2095 1064 2130 po—

407 2140 500 2172 nunt
526 2136 600 2172 sive
618 2148 700 2173 ann.
722 2137 803 2177 694
822 2150 853 2174 a.
878 2138 962 2173 Chr.
988 2137 1063 2173 Re-

408 2191 526 2241 liquos
560 2191 657 2228 locos
697 2194 743 2230 de
775 2193 919 2229 artificis
958 2193 1062 2229 huius

408 2260 519 2298 opere
551 2248 704 2297 praebet
728 2248 843 2296 Sillig.
884 2249 921 2283 in
952 2248 1062 2284 Cata-

409 2303 482 2352 log.
516 2301 653 2340 Artific.
681 2316 717 2352 p.
744 2306 836 2344 219.
872 2304 971 2340 Satis
998 2316 1061 2340 au-

408 2364 483 2396 tem
522 2363 646 2395 notum
677 2363 751 2405 est,
793 2358 920 2395 Glauci
948 2365 1061 2396 artem

409 2416 447 2452 in
490 2414 717 2464 proverbium
756 2416 859 2464 quasi
896 2418 1060 2461 cessisse,

409 2472 461 2507 ita
487 2475 527 2507 ut
565 2466 749 2509 Γλαύκου
781 2469 894 2521 τέχνη
929 2472 975 2508 de
1003 2484 1059 2508 re-

409 2528 477 2564 bus
495 2527 670 2564 diceretur
686 2526 833 2563 multum
852 2528 987 2576 ingenii
1003 2540 1061 2564 ar-

409 2583 580 2631 tificiique
621 2584 907 2631 requirentibus,
962 2583 1061 2632 quod

411 2651 486 2675 non
523 2638 616 2686 sugit
656 2638 847 2675 Heindorf.
881 2640 927 2676 ad
970 2639 1060 2675 Plat.

410 2693 597 2731 Phaedon.
638 2707 673 2744 p.
709 2695 802 2736 225.
866 2694 963 2732 Nam
998 2696 1064 2732 im-

410 2750 535 2799 primis
564 2750 655 2787 hanc
691 2752 737 2788 ob
775 2763 918 2788 causam
954 2751 1063 2789 hocce

410 2818 501 2854 opus
532 2806 719 2843 Herodoto
747 2813 1062 2844 commemoratum

406 2874 449 2899 ac
471 2875 539 2912 per
563 2868 675 2902 totam
705 2865 780 2902 sere
811 2864 1060 2915 antiquitatem

1130 962 1166 997 in
1185 975 1260 998 rem
1281 962 1433 999 laudatis
1456 963 1523 999 Cr.
1542 963 1644 999 addit
1657 960 1781 997 Achill.

1131 1016 1279 1053 Tatium
1311 1017 1372 1065 ll,
1409 1020 1435 1058 3
1470 1032 1505 1067 p.
1541 1021 1631 1058 110.
1689 1018 1784 1053 Sunt

1130 1085 1215 1109 vero
1235 1073 1427 1122 praecipue
1450 1074 1647 1122 spectanda
1668 1075 1702 1110 in
1726 1073 1782 1109 his

1130 1132 1297 1178 tempora
1320 1128 1379 1165 illa
1401 1129 1613 1174 remotiora,
1654 1129 1782 1177 quibus

1129 1185 1216 1220 talia
1243 1198 1355 1234 opera
1384 1186 1547 1222 confecta
1564 1197 1645 1221 csse
1661 1185 1783 1221 dicun-

1128 1244 1205 1287 tur,
1254 1242 1466 1290 praesertim
1516 1254 1594 1277 cum
1639 1242 1784 1286 serrum,

1130 1309 1347 1344 quamquam
1373 1297 1483 1333 multo
1515 1300 1598 1332 ante
1624 1297 1693 1333 iam
1720 1297 1784 1332 ‹le-

1128 1356 1261 1388 tectum
1292 1352 1392 1400 (1577
1421 1353 1524 1388 annis
1552 1357 1635 1388 ante
1660 1351 1785 1399 Alyat-

1128 1411 1223 1453 tem,
1270 1408 1300 1443 si
1340 1410 1485 1456 quidem
1527 1414 1621 1445 recte
1659 1407 1784 1443 statuit

1128 1462 1365 1511 Larcllerus),
1383 1465 1449 1501 hoc
1467 1469 1586 1501 tamen
1609 1470 1786 1514 tempore,

1130 1532 1200 1567 quo
1232 1520 1391 1555 Glaucus
1429 1521 1513 1556 vixit
1550 1520 1786 1568 Alyattesque

1131 1588 1258 1622 regnax
1268 1576 1313 1622 it,
1343 1577 1379 1611 in
1399 1576 1550 1613 metallis
1564 1575 1787 1626 pretiosiori-

1132 1632 1197 1667 bus
1229 1631 1419 1680 magisque
1454 1633 1651 1668 aestimatis
1684 1631 1786 1667 habi-

1130 1691 1204 1723 tum
1221 1689 1346 1731 suerit3
1375 1689 1472 1736 quod
1494 1688 1536 1723 iis
1554 1689 1674 1734 etium,
1693 1699 1787 1735 quae

1130 1744 1227 1793 apud
1266 1744 1403 1780 Herod.
1442 1744 1477 1790 l,
1517 1746 1569 1784 68
1607 1744 1787 1791 leguntur,

1129 1800 1216 1836 satis
1243 1800 1388 1849 probari
1417 1804 1539 1836 censet
1570 1798 1786 1836 Larcherus.

1185 1851 1208 1894 ὃ
1238 1858 1430 1905 μοῦνος
1459 1853 1509 1905 δή
1535 1851 1696 1894 πάντων
1718 1850 1786 1893 ἆν-

1127 1906 1304 1961 θρώπων
1328 1926 1362 1949 κ.
1388 1925 1418 1948 τ.
1447 1913 1494 1957 λ.]
1527 1913 1653 1949 Codex
1678 1910 1786 1947 Pala-

1127 1968 1223 2002 tinus
1255 1968 1293 2002 in
1335 1967 1524 2017 Excerptis
1563 1967 1785 2004 Herodoteis

1129 2035 1196 2073 pro
1220 2024 1368 2073 μοῦνος
1396 2023 1464 2060 hoc
1488 2024 1566 2061 loco
1589 2025 1651 2060 dat
1679 2024 1786 2074 πρῶ-

1129 2093 1215 2125 τος,
1254 2083 1292 2114 ut
1315 2079 1513 2116 Pausanias
1539 2093 1684 2128 quoque
1710 2079 1731 2114 l.
1761 2077 1783 2114 l.

1129 2134 1178 2170 Et
1204 2135 1333 2170 variari
1363 2135 1485 2182 utique
1520 2136 1662 2171 videtur
1692 2135 1785 2171 inter

1130 2191 1278 2239 μοῦνος
1299 2194 1333 2225 et
1351 2192 1524 2239 πρῶτος,
1557 2191 1603 2227 de
1625 2203 1696 2239 quo
1717 2190 1782 2226 Cr.

1129 2245 1251 2281 laudat
1282 2245 1520 2295 Havercamp.
1555 2247 1602 2282 ad
1640 2246 1783 2296 loseph.

1127 2300 1275 2348 Antiqq.
1301 2300 1324 2346 l,
1346 2304 1370 2340 7
1401 2314 1485 2351 pag.
1510 2304 1584 2349 28,
1614 2303 1712 2339 cuius
1727 2306 1784 2340 ta-

1128 2369 1211 2395 men
1230 2356 1396 2393 iudicium
1421 2371 1493 2393 non
1512 2358 1642 2408 placet.

1318 2440 1349 2476 C
1361 2453 1423 2491 ap.
1453 2441 1585 2478 XXVI.

1183 2519 1482 2576 τελευτήσαντος
1500 2521 1542 2563 δὲ
1558 2520 1781 2574 Ἀλυάττεω,

1128 2579 1322 2628 ἐξεδέξατο
1345 2578 1418 2630 την
1432 2582 1642 2632 βασιληίην
1661 2585 1782 2635 Κροῖ-

1129 2650 1196 2682 σος
1227 2636 1250 2676 ό
1278 2632 1492 2676 Ἀλυάττεω
1520 2652 1554 2675 κ.
1578 2653 1609 2676 τ.
1635 2641 1685 2684 λ.]
1721 2638 1781 2676 De

1131 2693 1390 2742 chronologicis
1449 2694 1645 2731 rationibus
1698 2695 1780 2732 vide

1130 2750 1278 2798 disputa
1298 2749 1390 2796 adl,
1412 2748 1465 2791 45
1487 2749 1546 2786 fin.
1574 2750 1639 2797 (al.
1665 2752 1749 2798 46).

1183 2803 1401 2854 ἐξάψαντες
1458 2805 1500 2846 ἐκ
1555 2809 1627 2845 τοῦ
1677 2808 1780 2854 νηοῦ

1128 2863 1301 2912 σχοινίον
1318 2861 1357 2909 ἐς
1376 2858 1418 2902 τὸ
1438 2865 1584 2912 τεῖχος]
1614 2861 1672 2898 Ad
1692 2874 1778 2899 ean-
