1877 3223
656 225 960 266 CLIO.I.
1354 232 1438 272 229

183 334 452 392 ἀχαρίστοισι
489 333 624 391 νόμος
663 333 773 380 εἶναι
810 341 922 381 τοῖσι
954 336 1242 395 Ἑλληνικοῖσι
1276 342 1434 383 θεοῖσι.

60 423 122 468 91
178 413 494 470 Ἀπικομὲνοισι
523 415 569 459 δὲ
597 420 710 459 τοῖσι
738 418 944 471 Λυδοῖσι,
982 415 1054 460 καὶ
1083 413 1258 471 λέγουσι
1286 416 1337 460 τοὶ
1367 418 1430 461 ἐν-

178 492 430 549 τεταλμένα,
458 493 537 550 τὴν
565 495 741 552 Πυθίην
771 494 936 550 λέγεται
965 496 1100 539 εἰπεῖν
1126 495 1250 539 τάδε’

150 654 317 710 2,,θεῷ.
375 655 563 706 Κροῖσος
592 653 637 696 δὲ
673 653 869 708 πέμπτου
906 652 1058 709 γονέος
1097 651 1323 709 αμαρτοέδα
1352 655 1432 707 ἐξέ-

178 735 368 787 ,,πλησε,
398 731 444 782 ὃς
474 730 559 774 ἐῶν
578 732 831 787 δορυφόρος
853 730 1185 787 Ἡρακλειδέων,
1216 732 1330 790 δόλῳ
1358 751 1431 790 γυ-

176 812 393 867 ,,ναικη“ί·ῳ
421 808 730 865 ἐπισπόμενος,
761 810 970 868 ἐφόνευσε
996 811 1073 856 τὸν
1102 811 1322 866 δεσπότεα,
1351 814 1426 858 καὶ

325 1017 440 1069 Cap.
469 1015 567 1054 XCI.

173 1114 248 1152 την
257 1098 533 1167 πεπρωμένην
553 1104 696 1154 μοῖραν
727 1099 769 1142 α’-

116 1151 268 1196 δυνατά
302 1156 382 1197 ἐστι
428 1151 672 1210 ἅποφυγέειν
700 1158 767 1198 καὶ

115 1212 226 1266 θεῷ]
274 1217 418 1266 μοῖραν
448 1226 527 1250 cum
553 1215 766 1252 Gaisfordio

114 1268 170 1305 hic
196 1282 344 1318 quoque
365 1269 582 1306 restituimus
604 1285 623 1308 e
640 1271 766 1309 melio-

113 1324 212 1361 ribus
237 1324 350 1362 libris.
407 1325 449 1362 In
470 1320 650 1365 ἀδύνατα
682 1327 764 1377 plu-

112 1380 222 1417 ralem
239 1393 306 1430 pro
327 1381 500 1430 singulari
512 1386 616 1418 notat
629 1382 761 1421 Matth.

113 1434 149 1487 ἓ.
178 1438 261 1477 443
295 1449 380 1486 pag.
415 1440 508 1478 829.
571 1439 760 1476 Sententia

111 1493 192 1543 ipsa
209 1493 388 1530 veteribus
418 1494 590 1542 frequens
622 1508 760 1532 memo-

111 1552 231 1596 ratur,
262 1552 304 1585 ut
320 1562 427 1587 nemo
440 1579 451 1597 ,
477 1563 544 1587 nec
563 1550 670 1587 homo
691 1564 759 1590 nee

110 1605 189 1655 ipse
206 1605 294 1642 deus
317 1607 431 1642 fatum
453 1607 617 1654 effugere
629 1608 759 1657 possit.

109 1660 206 1698 Vide
236 1665 275 1697 tu
310 1674 403 1710 quae
430 1664 599 1711 congessi
630 1663 758 1701 similia

110 1717 159 1753 ad
178 1716 356 1754 Plutarch.
385 1718 513 1766 Pyrrh.
537 1722 589 1759 30
618 1733 653 1769 p.
675 1722 757 1761 236

110 1785 187 1822 seq.
212 1772 242 1809 C
248 1785 277 1808 r.
299 1774 401 1810 addit
413 1774 619 1811 Cudworth.
632 1776 760 1823 Syste-

109 1841 169 1866 ma
211 1828 376 1866 intellect.
415 1827 535 1879 §.111
574 1844 610 1880 p.
637 1832 662 1871 5
699 1832 755 1868 ed.

109 1884 287 1922 Moshem.
345 1884 456 1922 Unde
505 1898 579 1922 non
617 1887 757 1934 mirum,

108 1941 203 1978 hunc
218 1942 398 1978 Herodoti
422 1941 537 1978 locum
559 1954 581 1978 a
602 1942 756 1978 nonnul-

108 1997 150 2034 lis
168 1998 268 2034 citari
289 1998 498 2048 posterioris
526 1999 655 2035 aetatis
673 1999 757 2034 scri-

107 2054 270 2103 ptoribus
287 2083 297 2101 ,
328 2067 421 2104 quos
447 2053 583 2091 indicat
605 2054 757 2092 wesse-

106 2110 252 2159 lingius.

163 2195 338 2245 Κροῖσος
354 2190 396 2233 δὲ
415 2191 593 2244 πέμπτου
619 2191 758 2245 γονέος

109 2246 339 2301 ἁρμαρτοῖδα
376 2249 584 2300 ἐξέπλησε]
623 2246 757 2301 γόνεος

107 2318 203 2343 nunc
220 2307 422 2344 restitutum
443 2320 462 2344 e
480 2307 695 2356 quibusdam
715 2307 757 2343 li—

109 2362 204 2408 bris,
245 2376 324 2400 cum
357 2363 416 2400 alii
453 2365 571 2400 serant
610 2361 757 2415 γενέος,

107 2419 206 2466 quod
239 2419 361 2456 sensui
391 2421 602 2468 refragatur.
658 2419 756 2456 Nam

107 2472 226 2525 γονέα
241 2477 491 2523 progenitorem
529 2476 598 2511 dici
635 2476 757 2512 docuit

108 2530 336 2577 Gronovius,
355 2536 391 2567 et
401 2536 486 2581 post
508 2545 589 2569 eum
609 2531 758 2569 Bellan-

108 2597 184 2633 ger.
195 2613 207 2634 ,
224 2585 293 2622 hoc
305 2587 464 2635 quinque
481 2588 754 2637 progenitorum

107 2654 256 2678 numero
286 2642 389 2678 simul
413 2648 449 2680 et
475 2644 629 2693 primum
659 2657 756 2680 com—

106 2698 309 2747 prehendi,
346 2698 407 2746 qui
433 2704 577 2748 gentem
605 2700 757 2747 duxerit,

108 2758 145 2790 et
163 2758 380 2800 extremum,
408 2755 445 2791 in
467 2768 538 2805 quo
563 2755 620 2791 illa
639 2756 759 2793 desie-

109 2810 167 2844 rit.
224 2810 299 2847 Iam
327 2811 436 2858 igitur
467 2813 626 2862 quinque
651 2824 756 2859 reges

113 2876 134 2902 e
160 2863 450 2905 Mermnadarum
499 2870 609 2906 domo
653 2873 759 2906 sunt:

840 1019 989 1069 GygeS,
1016 1018 1135 1070 Ardys
1147 1049 1158 1069 ,
1178 1020 1386 1070 Sadyattes,
1400 1018 1488 1070 Aly-

837 1079 952 1123 astes,
976 1077 1145 1114 Croesus.
1201 1077 1312 1115 Unde
1332 1077 1484 1126 Pythiae

835 1131 1066 1181 intelligimus
1096 1133 1153 1180 (I,
1177 1134 1248 1181 13)
1287 1132 1483 1182 oraculum,

835 1188 1029 1226 vindictam
1058 1188 1260 1226 Heraclidis
1295 1194 1485 1227 venturam

835 1257 917 1281 esse
947 1243 986 1290 ἐς
1015 1241 1081 1284 τὸν
1104 1243 1283 1295 πέμπτον
1307 1240 1482 1296 οἷπόγο-

833 1314 924 1338 νον
954 1296 1103 1352 Γύγεω.
1143 1301 1240 1338 Nam
1262 1302 1389 1350 Gyges
1405 1305 1483 1338 erat

831 1356 978 1404 quintus
1008 1357 1112 1393 huius
1137 1358 1326 1405 dynastiae
1346 1370 1482 1407 proge-

829 1411 946 1459 nitor,
975 1412 1006 1448 si
1026 1425 1049 1448 a
1069 1413 1210 1450 Croeso
1238 1412 1361 1449 ultimo
1382 1417 1480 1450 retro

826 1468 1083 1505 numeraveris,

881 1523 945 1561 De*
962 1525 1032 1561 ista
1047 1537 1133 1561 vero
1154 1528 1313 1562 veterum
1331 1528 1477 1563 senten-

825 1579 896 1626 tia,
927 1593 999 1629 qua
1016 1581 1191 1617 maiorum
1207 1594 1347 1631 poenas
1364 1594 1477 1631 saepe

825 1648 848 1672 a
871 1637 1029 1685 posteris
1046 1638 1165 1686 expeti
1185 1638 1392 1684 credebant,
1412 1638 1477 1673 Ci-

825 1693 966 1728 ceronis
987 1693 1104 1730 locum
1124 1694 1170 1730 de
1181 1693 1268 1730 Nat.
1287 1693 1398 1731 Deor.
1411 1693 1475 1741 Ill,

826 1750 879 1789 38
900 1753 985 1798 apte
1002 1750 1073 1785 iam
1093 1750 1251 1786 laudavit
1269 1749 1473 1786 Larcherus

825 1804 1007 1853 aliumque
1033 1805 1174 1841 addidit
1202 1805 1328 1841 Bionis
1359 1805 1475 1854 philo-

826 1860 931 1908 sophi
955 1860 1047 1897 hanc
1071 1861 1268 1897 doctrinam
1290 1861 1472 1897 irridentis

825 1916 923 1964 apud
938 1914 1116 1952 Plutarch.
1139 1917 1187 1953 (le
1206 1917 1244 1952 S.
1256 1916 1304 1952 N.
1312 1916 1355 1952 V.
1369 1929 1405 1964 p.
1416 1919 1471 1956 72

825 1971 881 2007 ed.
894 1970 942 2006 W
944 1972 1080 2018 yttenb.
1110 1971 1275 2008 Eandem
1297 1975 1470 2007 damnant

824 2026 916 2062 sacri
952 2026 1167 2063 Iudaeorum
1211 2027 1342 2063 codicis
1377 2027 1471 2073 libri,

822 2082 1022 2119 Deuteron.
1042 2082 1117 2130 24,
1151 2085 1214 2123 16.
1246 2083 1379 2120 Ezech.
1405 2084 1470 2129 18,

825 2141 890 2179 20.
948 2138 1107 2176 Haecin
1134 2139 1342 2188 praesentia
1369 2139 1470 2175 suffi-

825 2195 937 2240 ciant3
967 2194 1116 2243 longum
1139 2196 1233 2232 enim
1247 2199 1314 2242 est,
1343 2207 1469 2231 omnes

825 2255 983 2288 veterum
999 2251 1066 2288 hac
1086 2252 1132 2288 de
1151 2264 1189 2288 re
1200 2251 1397 2288 sententias
1410 2263 1468 2287 re-

822 2307 916 2344 ferre
934 2310 970 2344 et
990 2307 1036 2344 ab
1067 2306 1172 2344 huius
1198 2307 1366 2346 editionis
1383 2319 1467 2344 con-

823 2362 901 2399 silio
922 2363 1086 2400 alienum.

879 2415 979 2458 §bico
1014 2419 1233 2484 γυναικηΐῳ
1268 2414 1470 2458 ἐπισπό-

825 2492 852 2527 μ
866 2490 882 2514 ε
896 2490 916 2514 ν
930 2490 950 2515 ο
963 2492 981 2522 ς
994 2474 1006 2526 ]
1050 2478 1072 2513 i.
1100 2491 1131 2514 e.
1173 2476 1365 2523 „mulieris
1392 2476 1470 2512 dolo

823 2533 1025 2569 obsecutus.
1015 2533 1040 2551 ⁴
1095 2532 1194 2570 Male
1220 2531 1404 2582 quidam’
1387 2547 1468 2571 επι-

823 2584 1038 2639 σπώμενος.
1095 2590 1172 2625 Sed
1200 2601 1320 2625 veram
1346 2588 1469 2625 lectio-

822 2658 905 2682 nem
921 2649 1040 2683 tuetur
1058 2658 1202 2694 quoque
1211 2645 1361 2682 Homeri
1381 2658 1468 2681 usus

824 2702 960 2749 Odyss.
996 2701 1067 2749 Ill,
1101 2700 1181 2742 215
1222 2705 1259 2738 et
1298 2701 1467 2751 Sophocl.

822 2758 953 2794 Electr.
971 2760 1064 2798 973.
1105 2758 1315 2794 Herodotus
1342 2758 1420 2806 ipse
1439 2757 1468 2803 l,

826 2817 917 2855 105.
943 2813 1015 2861 Ill,
1033 2814 1095 2854 14.
1117 2815 1182 2853 31.
1205 2812 1269 2854 54.
1321 2814 1423 2850 Haec
1446 2825 1469 2848 a

824 2870 1067 2920 Wesselingio
1095 2870 1166 2906 iam
1199 2869 1341 2921 prolata
1368 2868 1470 2906 suffi-

1489 415 1632 450 Apollinis
1641 424 1763 452 respou-

1488 457 1521 475 su
1505 458 1562 484 um,
1582 450 1659 476 Deos
1677 458 1711 476 cu
1695 450 1763 485 ulpa

1300 528 1325 547 ,9
1339 496 1430 552 Τὴν
1484 470 1600 577 Ξ-ΞὲιῐξΙΞῃ
1604 483 1764 551 iinteifiire:

178 573 500 629 ,,πεπρωμὲνην
529 578 689 629 μοῖραν
732 572 927 618 ἀδύνατοι
957 575 1044 618 ἐστι
1073 573 1337 631 ἄποφυγέειν
1356 577 1428 620 καὶ
1441 583 1594 618 Somulus

1657 549 1762 585 Cyrus,
