1909 3228
480 215 564 255 448
892 210 1352 252 HERODOTI

481 323 536 368 τά
565 323 681 366 οἰκία
692 352 703 372 ,
742 319 770 375 ἢ
796 320 861 369 τίς
891 320 934 363 οἱ
962 320 1114 371 ξείνων
1143 319 1355 376 ἀργύριον
1384 321 1579 378 ἐμβαλών
1609 322 1651 373 ἐς
1678 338 1731 366 τα

456 400 701 458 6γούνατα,
751 401 886 454 μιχθῇ
924 397 1002 450 ἔξω
1039 401 1120 441 τοῦ
1152 400 1264 452 ἱροῦ.
1323 398 1565 453 ἐμβαλόντα
1595 401 1640 444 δὲ
1671 403 1736 444 δεῖ

483 483 616 525 εἰπεῖν
642 476 844 520 τοσόνδε·
874 474 1141 527 ,,Ἐπικαλέω
1170 493 1239 520 τοι
1266 476 1346 533 τήν
1365 477 1472 521 θεὸν
1494 478 1735 523 Μύλιττα.“

455 556 684 602 7Μύλιττα
713 555 759 599 δὲ
787 554 990 599 καλέουσι
1017 554 1096 611 τήν
1123 553 1380 612 Ἀφροδίτην
1407 554 1635 610 Ἀσσύριοι.
1683 558 1733 602 τὸ

1471 634 1526 679 ου’
1565 636 1648 691 7029
1677 636 1792 694 evi-40

1331 716 1494 771 γίνεται
1521 715 1604 771 γάρ
1636 715 1735 771 ἷρόν

1012 796 1074 849 τῷ
1103 793 1149 836 δὲ
1178 792 1334 849 πρώτῳ
1376 793 1607 850 ἐμβαλόντι
1639 794 1734 838 ἕπε-

483 637 529 681 δὲ
569 634 780 691 ἀργύριον
815 633 1005 690 μέγαθός
1044 633 1135 678 ἐστι
1170 635 1280 678 ὅσον
1327 630 1410 679 ών·

484 715 725 771 ἀπώσηται·
757 712 813 757 οὐ
840 713 925 769 γάρ
958 714 1001 757 οἱ
1028 713 1152 769 θέμις
1180 712 1290 757 ἐστι’·

455 799 616 840 ὃτοῦτο
649 793 697 836 τὸ
728 790 954 848 ἀργύριον.

482 891 576 924 ται,
622 870 723 916 οὐδὲ
752 868 999 928 ἀποδοκιμᾷ
1022 870 1193 915 οὐδένα.
1222 872 1353 917 ἐπεὰν
1379 874 1425 917 δὲ
1447 877 1600 931 μιχθῇ,
1629 871 1739 917 ἄπο-

485 951 731 1008 σιωσαμένη
759 953 813 1008 τῇ
839 954 954 1007 θεῷ,
995 948 1311 995 ἀπαλλάσσεται
1339 951 1381 1004 ἐς
1408 951 1461 996 τὰ
1490 953 1629 996 οἰκία·
1669 951 1795 995 καὶ45

485 1029 604 1076 τώπὸ
636 1029 798 1074 τούτου
830 1027 914 1073 οὐκ
952 1027 1068 1073 οὕτω
1106 1030 1214 1086 μέγα
1243 1032 1284 1074 τί
1314 1032 1357 1075 οἱ
1397 1030 1548 1082 δώσεις
1577 1029 1636 1082 ὤς
1663 1047 1739 1086 μιν

457 1109 692 1167 9λάμψεαι.

485 1190 559 1235 καὶ
586 1187 822 1247 μεγάθεος,
860 1187 968 1244 ταχὺ
997 1186 1367 1232 ἀπαλλάσσονται·
1408 1187 1508 1232 ὅσαι
1538 1188 1582 1232 δὲ
1612 1186 1743 1244 ἄμορ-

753 1108 852 1153 ὅσαι
887 1107 964 1165 μέν
1001 1126 1086 1152 νυν
1129 1108 1266 1160 εἴδεός
1303 1125 1346 1153 τε
1385 1108 1622 1166 ἐπαμμέναι
1661 1108 1743 1152 εἰσὶ

489 1396 679 1439 ἐπικαλέω
703 1410 763 1436 τοι
780 1390 852 1445 τὴν
870 1391 991 1447 θεὸν]
1021 1411 1082 1435 τοι

432 1457 455 1493 i.
470 1469 500 1494 e.
523 1456 605 1503 σοὶ,
637 1455 721 1500 tibi,
743 1456 839 1489 tuam
859 1454 894 1489 in
912 1456 1081 1500 gratiam,

432 1516 474 1549 ut
494 1512 560 1549 ΐιὺὶ
572 1513 728 1561 propitia
746 1509 840 1545 adsit
860 1508 935 1544 (lea.
995 1508 1081 1545 boli

433 1582 513 1606 cum
529 1565 752 1616 He311iol.l.
784 1578 869 1615 pag.
893 1566 948 1605 32
975 1564 1081 1601 intel-

434 1623 584 1674 ligere'
567 1622 632 1662 επὶ
655 1620 735 1665 σοὶ,
767 1621 790 1658 i.
810 1634 841 1657 e.
872 1624 936 1657 tua
962 1634 1080 1657 causa.

489 1677 532 1719 τὸ
549 1677 591 1718 δὲ
613 1675 804 1730 ἀργύριον
816 1673 1019 1728 μέγαθός’
1003 1690 1082 1716 εστι

435 1733 531 1777 όσον
551 1730 628 1787 ών]
660 1736 683 1772 i.
703 1748 734 1772 e.
758 1736 910 1783 pecunia
929 1737 1081 1782 quantu-

434 1791 738 1842 lacunqzcesuerit.
796 1790 904 1826 conf.
932 1790 987 1836 ΙΙ,
1015 1792 1080 1830 22.

493 1844 541 1888 ου’
562 1863 637 1900 γαρ
665 1863 718 1898 μη
741 1840 968 1895 ἀπώσηται]
1001 1846 1023 1882 i.
1049 1857 1081 1882 e.

434 1918 542 1956 neque
568 1906 655 1941 enim
684 1902 835 1950 (mulier
863 1901 1082 1952 pecuniam)

434 1964 588 2008 reiz’cc‘et,
626 1959 790 2009 repudzet.
849 1958 960 2001 Quod
985 1957 1084 1994 Mat-

435 2020 534 2056 thiae
552 2018 588 2054 in
611 2017 676 2053 Gr.
697 2016 761 2052 Gr.
785 2027 871 2064 pag.
889 2015 971 2055 728
993 2014 1080 2051 edit.

436 2075 584 2126 primis,
622 2073 802 2122 probante
839 2070 884 2107 W
888 2071 1004 2107 erfelo
1044 2069 1081 2105 in

436 2132 530 2169 Actt.
549 2129 683 2181 philoll.
705 2127 869 2165 Monacc.
887 2126 967 2193 ’'.Ip
987 2126 1082 2172 228,

436 2187 495 2225 hic
513 2186 693 2235 coirigeie
710 2184 855 2221 volebat
873 2177 1083 2227 ἀπώσεται,

437 2244 524 2281 satis
551 2243 622 2279 iam
648 2241 717 2291 ipsi
744 2239 985 2290 prohibebant
1002 2237 1083 2274 libri

437 2299 587 2346 vetusti,
616 2298 654 2334 in
671 2296 818 2345 vulgata
835 2295 986 2332 lectione
999 2306 1086 2330 con-

439 2357 628 2406 spirantes.
698 2353 778 2391 Nec
813 2352 966 2389 eandem
1002 2353 1087 2400 post

439 2411 617 2450 Matthiae
640 2409 750 2447 fuisse
767 2407 1002 2453 sententiam,
1031 2407 1088 2442 in-

440 2470 488 2506 de
499 2467 641 2516 colligo,
657 2466 755 2515 quod
775 2465 812 2501 in
831 2463 943 2501 altera
955 2462 1087 2499 Gram-

441 2525 592 2562 matieae
637 2523 797 2560 editione
838 2519 1088 2556 Herodoteum

440 2580 558 2618 locum
584 2579 704 2616 omisit
721 2578 836 2627 (pag.
855 2576 965 2623 987)
994 2575 1088 2612 aori-

442 2641 607 2685 stumque
628 2635 734 2672 etiam
758 2637 843 2684 post
867 2627 916 2671 ov’
933 2627 987 2681 μή
1004 2631 1088 2668 ferri

443 2705 552 2742 posse
576 2692 681 2728 docet
700 2690 848 2740 (9.988
867 2688 976 2737 seq).
998 2687 1088 2725 Ver-

445 2749 529 2784 bum
547 2743 802 2785 ἀπωθεῖσθαι
820 2745 1000 2794 aspernari
1023 2744 1089 2780 ali-

446 2808 534 2851 quot
550 2803 718 2852 exemplis
745 2801 930 2838 illustravit
946 2799 1090 2838 W'erse-

446 2871 505 2895 rus
525 2857 547 2895 1.
568 2858 590 2895 l.
617 2871 701 2909 pag.
722 2860 817 2899 229.

1206 1390 1514 1446 ἀποσιωσαμένη
1534 1397 1586 1449 τῇ
1601 1393 1703 1448 θεῷ]
1724 1395 1745 1431 i.
1765 1407 1797 1431 e.

1148 1453 1289 1499 mulier,
1321 1466 1408 1501 quae
1432 1452 1512 1488 luu'c
1546 1452 1684 1488 Veneris
1714 1450 1798 1487 reli-

1147 1511 1248 1556 gioni
1274 1508 1512 1557 satisfecerit,
1553 1521 1580 1544 s.
1616 1519 1703 1558 quae
1738 1507 1798 1543 de-

1142 1565 1275 1614 functa
1289 1564 1407 1613 suerit
1429 1564 1495 1600 hac
1515 1563 1691 1612 religione.
1705 1564 1800 1599 Sunt

1147 1622 1258 1658 verba
1292 1620 1555 1669 wyttenbachii
1590 1621 1626 1656 iu
1663 1619 1798 1657 selectt.

1148 1677 1247 1714 histt.
1292 1690 1328 1726 p.
1357 1676 1462 1722 354,
1502 1676 1562 1712 ubi
1591 1675 1694 1713 simul
1720 1688 1801 1713 eam

1149 1732 1249 1770 verbi
1279 1728 1558 1780 ἀφοσιοῦσθαι
1584 1733 1690 1769 docet
1720 1743 1801 1768 esse

1151 1788 1472 1836 significationem:
1497 1787 1636 1837 aliquid
1654 1787 1801 1835 religio-

1149 1846 1205 1881 nis
1223 1857 1332 1881 causa
1354 1844 1498 1894 facere,
1527 1857 1594 1881 non
1621 1857 1663 1881 ea:
1692 1845 1804 1880 animi

1148 1902 1340 1947 sententia,
1369 1913 1429 1937 nec
1448 1901 1609 1947 uberius,
1638 1899 1698 1937 sed
1713 1912 1801 1949 par-

1150 1970 1206 2004 ce,
1235 1961 1275 1993 ut
1303 1957 1425 1993 saltem
1447 1957 1611 2005 religioni
1631 1957 1800 2006 satisfiat.

1150 2015 1259 2050 Cous.
1280 2013 1342 2060 lv,
1372 2013 1451 2055 154
1469 2014 1554 2062 ibiq.
1582 2012 1799 2050 Valckenar.

1149 2069 1232 2106 Alia
1261 2070 1408 2107 excitaxi
1431 2070 1478 2106 ad
1505 2069 1682 2107 Plutarch.
1705 2068 1803 2105 Alci-

1151 2126 1248 2163 biad.
1272 2138 1357 2175 pag.
1374 2126 1466 2167 239.

1206 2180 1272 2220 καὶ
1310 2177 1418 2219 τώπό
1441 2176 1584 2220 τούτου
1611 2202 1668 2210 -
1705 2175 1802 2231 λάμ-

1152 2236 1274 2287 ψεαι]
1304 2233 1414 2275 τώπό
1444 2232 1587 2276 τούτου
1614 2238 1637 2274 i.
1671 2251 1702 2275 e.
1721 2237 1802 2274 inde

1153 2294 1197 2331 ab
1220 2307 1256 2330 eo
1274 2297 1437 2343 tempore,
1467 2307 1533 2344 pro
1552 2290 1595 2333 τό
1616 2289 1694 2332 ἀπὸ
1711 2288 1801 2332 τού-

1152 2365 1234 2389 του.
1294 2350 1422 2386 Crasin
1452 2350 1591 2387 notavit
1624 2349 1803 2387 Matthiae

1155 2407 1316 2443 Graunn.
1339 2406 1403 2442 Gr.
1430 2419 1465 2456 p.
1491 2409 1589 2453 122,
1624 2406 1685 2455 qui
1706 2406 1802 2443 idem

1153 2476 1238 2513 pag.
1268 2463 1351 2503 472
1384 2463 1431 2499 de
1468 2463 1584 2500 forma
1622 2457 1803 2513 λα’μψεαι

1154 2518 1290 2556 consuli
1319 2519 1463 2569 poterit.

1210 2570 1298 2614 ’ὅσαι
1311 2573 1380 2624 μέν
1402 2589 1477 2613 νυν
1494 2569 1613 2620 εἴδεός
1629 2572 1800 2624 τεὲπαμ-

1154 2628 1268 2682 μέναι
1286 2630 1359 2670 εἰσὶ
1376 2630 1443 2670 καὶ
1460 2627 1668 2682 μεγάθεος]
1679 2629 1800 2680 ἐπαμ-

1155 2686 1267 2738 μέναι
1279 2687 1402 2734 εἴδεος
1422 2686 1487 2726 καὶ
1505 2682 1700 2738 μεγάθεος
1718 2690 1801 2723 sunt

1153 2746 1268 2781 forma
1288 2757 1329 2781 ac
1351 2743 1600 2793 magnitudine
1614 2743 1800 2793 praeditae

1155 2800 1342 2846 mulieres,
1372 2800 1573 2846 formosae,
1602 2811 1694 2848 quae
1714 2809 1799 2846 spe-

1156 2857 1246 2894 ciem
1280 2856 1348 2892 sibi
1373 2861 1496 2906 aptam
1525 2860 1562 2893 et
1592 2854 1696 2905 quasi
1712 2863 1798 2890 eon-
