1909 3228
455 151 538 190 84⁴)

853 147 1319 186 HEROD-OTI

455 261 597 313 Κᾶρες
643 258 826 308 τούτους
866 255 968 307 τοὺς
1016 256 1185 312 χώρους
1228 256 1411 310 οἴκησαν
1449 257 1608 311 χρόνον
1646 256 1770 300 ἐπὶ55

457 334 640 380 πολλόν·

701 335 782 378 εἰσὶ
823 334 869 377 δὲ
909 329 1034 377 οὗτοι
1075 336 1119 378 οἱ
1157 337 1291 389 χῶροι
1329 332 1438 388 πρὸς
1477 336 1712 393 θαλάσσης,

457 415 606 470 ὀλίγον
645 414 795 467 ἔνερθε
838 412 1108 469 Βουβάστιος
1135 412 1309 464 πόλιος,
1356 412 1422 455 ἐπὶ
1451 417 1510 471 τῷ
1543 418 1714 470 Πηλου-

427 494 537 545 5σίῳ
569 491 816 548 καλευμένῳ
855 491 1034 546 στόματι
1073 494 1154 534 τοῦ
1190 492 1366 534 Νείλου.
1423 490 1609 543 τούτους
1637 493 1715 548 μὲν

457 571 509 624 δὴ
547 570 692 627 χρόνῳ
730 569 913 624 ὕστερον
953 568 1155 626 βασιλεὺς
1193 567 1374 623 ’Ἀμασις
1415 569 1714 626 ἐξαναστήσας,

457 649 662 692 ἐνθεῦτεν
709 650 926 693 κατοίκισε
965 649 1008 700 ἐς
1048 649 1256 703 Μέμφιν,
1307 647 1509 704 φυλακήν
1550 648 1718 692 ἑωυτοῦ

430 735 450 768 6
460 727 716 783 ποιεύμενος
745 726 854 782 πρὸς
883 728 1145 783 Αἰγυπτίων.

1209 724 1392 769 Τούτων
1422 727 1467 770 δὲ
1497 727 1713 771 οἰκισθέν-
1729 736 1774 769 60

459 822 546 849 των
583 806 630 849 έν
659 805 883 862 Αἰγύπτῳ,
931 808 974 850 οἱ
997 805 1201 861 Ἕλληνες
1237 805 1352 849 οὕτω
1394 804 1718 862 ἐπιμισγόμενοι

458 884 654 928 τούτοισι
682 885 734 928 τά
763 885 861 939 περὶ
891 887 1116 940 Αἴγυπτον
1145 883 1351 940 γινόμενα
1383 884 1466 930 άπὸ
1504 887 1718 941 Ψαμμιτί-

458 981 539 1019 χου
570 964 768 1020 βασιλέος
799 962 1032 1020 ἀρξάμενοι
1061 962 1202 1007 πάντα
1231 964 1304 1006 καὶ
1334 962 1384 1005 τά
1415 963 1596 1017 ὕστερον
1625 963 1718 1006 ἐπι-

432 1051 452 1082 7
464 1042 656 1098 στάμεθα
687 1041 909 1099 ἀτρεκέως.

462 1268 608 1324 χρόνον
636 1271 702 1312 ἐπὶ
728 1270 901 1324 πολλόν]
951 1274 1058 1311 conf.

406 1330 462 1377 ΙΙ,
485 1332 574 1370 119.
603 1332 690 1371 133.

465 1385 538 1424 εἰσὶ
561 1383 603 1424 δὲ
630 1381 740 1425 οὗτοι
761 1385 802 1425 οἵ
819 1387 941 1437 χῶροι
958 1381 1059 1434 πρὸς

408 1437 617 1491 θαλάσσης
645 1458 680 1480 κ.
711 1457 742 1480 τ.
769 1441 818 1491 λ.]
853 1438 955 1493 πρός
982 1445 1057 1479 θα-

408 1494 557 1546 λάσσης
578 1502 632 1535 est
662 1510 755 1535 mare
775 1511 917 1544 versus,
947 1501 987 1533 nt
1014 1496 1058 1542 ΙΙ,

412 1554 511 1600 148,
542 1553 637 1590 alibi.
702 1554 759 1591 De
799 1553 956 1590 Bubastz'
987 1553 1060 1590 vid.

409 1614 484 1647 not.
507 1610 554 1646 ad
574 1609 629 1657 ΙΙ,
647 1609 699 1650 59
730 1614 766 1647 et
789 1610 837 1647 de
862 1608 937 1646 Nili
967 1609 1059 1645 ostio

412 1665 598 1703 Pelusiaco
629 1678 819 1702 excursum
843 1666 890 1701 ad
918 1664 974 1711 ΙΙ,
997 1667 1060 1704 17.

410 1722 545 1758 Scribit
574 1725 696 1757 autem
725 1721 912 1757 Diodorus
942 1721 1060 1756 minus

410 1780 599 1823 accurate,
622 1790 730 1824 agros
748 1775 890 1825 amplos
915 1777 1062 1812 sortitos

411 1847 491 1871 esse
528 1833 615 1869 istos
645 1829 786 1896 μικρὸν
820 1826 954 1870 ἐπάνω
991 1832 1064 1870 τοῦ

414 1890 701 1940 Πηλουσιακοῦ
718 1883 922 1938 στόματος.

478 1944 725 1984 κατοίκισε
776 1943 816 1991 ἐς
863 1942 1061 1994 Μέμφιν]

414 2002 512 2039 Male
533 2001 615 2038 olim
632 2016 703 2039 κατ
717 2016 737 2040 ο
748 2000 761 2038 ί
774 2015 796 2038 κ
810 2015 834 2050 η
849 2012 871 2039 σ
884 2015 946 2045 εν,
963 2000 1065 2049 quod

414 2059 561 2095 minime
576 2057 647 2095 huc
667 2058 835 2106 quadrat.
895 2056 1066 2105 Requiri-

415 2120 472 2151 tur
500 2114 595 2151 enim
640 2114 789 2151 verbnm
816 2113 1064 2159 κατοικίζειν,

416 2171 517 2218 quod
537 2171 584 2207 de
601 2169 644 2206 iis
678 2170 826 2215 dicitur,
857 2170 917 2218 qui
936 2169 1007 2206 alio
1028 2169 1066 2205 in

416 2228 495 2264 loco
514 2227 620 2263 sedes
638 2225 839 2262 habitatum
860 2226 914 2262 cui
935 2238 1068 2262 conce-

417 2283 521 2319 dunt.
578 2283 694 2320 Recte
726 2282 907 2318 Diodorus
935 2282 973 2328 Ι,
992 2283 1068 2321 67:

420 2353 491 2386 ους
511 2337 701 2377 έντευθεν
719 2334 889 2388 ’Ἄμασις
908 2359 962 2364 --
981 2332 1068 2375 α’νέ-

420 2406 562 2443 στησεν
592 2393 660 2433 καὶ
691 2408 762 2431 κατ
777 2405 984 2432 ωκισειν
1015 2392 1071 2439 εἰς

423 2449 606 2498 Μέμφιν.
654 2450 751 2487 Hinc
770 2450 972 2499 Polyaenus
989 2449 1071 2496 Vll,

422 2509 447 2547 3
470 2511 505 2543 et
533 2505 710 2556 Stephan.
730 2507 818 2555 Β)Ζ.
849 2521 877 2543 s.
898 2519 929 2542 v.
954 2507 1074 2556 Καρι-

423 2557 497 2600 κόν
537 2563 686 2599 tradunt
708 2590 718 2607 ,
776 2563 890 2599 Cares
936 2567 1076 2612 partem

425 2618 608 2665 quandam
639 2618 819 2668 Memphis
854 2618 950 2655 urbis
978 2618 1079 2655 inco-

426 2674 533 2710 luisse
572 2674 730 2722 indeque
774 2675 1080 2724 Ααρομεμφίτας

429 2729 629 2777 appellatos
650 2743 739 2766 csse.
783 2731 995 2779 suspicatur
1017 2744 1081 2767 au-

430 2788 503 2822 tem
520 2784 789 2823 Schlichthorst.
812 2787 834 2823 Ι.
857 2786 879 2822 Ι.
910 2800 994 2838 pag.
1014 2789 1082 2835 93,

969 1048 1136 1100 πρῶτοι
1159 1042 1244 1100 γὰρ
1277 1037 1401 1087 οὗτοι
1439 1042 1485 1085 ἐν
1514 1041 1719 1099 Αἰγύπτῳ

1126 1285 1341 1324 comparans
1382 1272 1561 1309 Herodot.
1590 1271 1622 1309 ΙΙ
1641 1299 1652 1318 ,
1685 1274 1778 1318 112,

1126 1330 1326 1367 Phoenices
1361 1328 1546 1376 Tyriosve
1567 1356 1577 1374 ‚
1626 1341 1779 1376 quorum

1126 1386 1161 1423 h.
1180 1386 1202 1422 l.
1222 1386 1356 1423 mentio
1379 1385 1463 1430 fiat,
1480 1385 1780 1422 mercenariorum

1127 1443 1172 1479 ab
1188 1441 1312 1478 Amasi
1333 1440 1521 1490 Memphin
1540 1441 1780 1489 transposito-

1126 1511 1204 1535 rum
1225 1511 1291 1548 pro
1313 1497 1468 1546 posteris
1488 1509 1566 1533 esse
1579 1496 1778 1533 habendos.

1126 1554 1203 1591 Sed
1248 1552 1365 1589 nullos
1419 1552 1558 1589 Noster
1606 1557 1781 1589 memorat

1127 1610 1327 1647 Phoenices
1369 1608 1551 1657 Tyriosve
1598 1621 1781 1645 mercena-

1129 1666 1200 1702 rios
1222 1694 1232 1711 ,
1278 1664 1339 1712 qni
1372 1664 1477 1701 lones
1517 1668 1628 1712 atque
1667 1665 1780 1701 Cares

1129 1725 1269 1757 tantum
1290 1720 1411 1766 novit,
1442 1732 1596 1767 qnorum
1619 1721 1724 1757 sedes
1747 1721 1783 1756 in

1130 1777 1219 1813 urbe
1242 1773 1406 1824 Memphi
1427 1776 1484 1811 vix
1508 1774 1694 1825 Tyriorum
1715 1774 1784 1813 Ca·

1131 1836 1207 1869 stra
1226 1831 1402 1881 appellari
1423 1833 1616 1881 potuerint.

1189 1885 1375 1937 φυλακην
1404 1910 1459 1914 —-
1479 1885 1574 1937 πρὸς
1599 1887 1786 1940 Αἰγυπτί-

1134 1945 1205 1994 ων]
1236 1941 1338 1995 πρὸς
1355 1943 1586 1994 Αἰγυπτίων
1606 1946 1786 1982 reddunt:

1133 2004 1255 2038 contra
1273 1998 1489 2050 Aegyptc'os;
1526 2001 1598 2037 vid.
1624 2000 1787 2039 Fischer.

1133 2058 1181 2095 ad
1207 2055 1353 2094 WVeller.
1374 2056 1472 2104 ΙΙΙ,Ι)
1496 2071 1531 2106 p.
1550 2058 1642 2099 253.
1673 2058 1787 2106 Equi-

1133 2114 1217 2151 dem
1244 2113 1387 2149 malim:
1416 2126 1439 2149 a
1466 2117 1567 2162 parte
1594 2114 1787 2163 Aegyptio-

1133 2181 1231 2215 rum,
1261 2172 1302 2205 ut
1323 2168 1395 2205 scil.
1426 2173 1523 2206 tutus
1549 2174 1633 2206 esset
1654 2170 1698 2206 ab
1717 2171 1786 2207 Ae-

1132 2226 1269 2276 gyptiis
1290 2253 1300 2271 ,
1347 2238 1414 2262 nec
1439 2226 1528 2274 quid
1557 2226 1640 2262 mali
1670 2227 1715 2262 ab
1744 2226 1788 2263 iis

1136 2281 1325 2331 acciperet.
1383 2282 1489 2319 Cons.
1521 2281 1698 2320 Matthiae
1722 2283 1788 2320 Gr.

1139 2338 1204 2374 Gr.
1225 2351 1260 2387 p.
1284 2339 1401 2378 1179.

1195 2388 1493 2444 ἐπιμισγόμενοι
1513 2389 1701 2444 τούτοισι]
1731 2394 1790 2432 De

1140 2449 1420 2500 ἐπιμίσγεσθαι
1439 2452 1532 2487 conf.
1554 2451 1608 2497 ΙΙ,
1628 2453 1718 2492 151.
1750 2450 1790 2487 ln

1142 2520 1245 2555 seqq.
1267 2506 1511 2554 iungendum:
1553 2502 1792 2556 οἰ”Έλληνες

1144 2562 1247 2609 (nos,
1285 2563 1441 2610 Graeci)
1464 2586 1516 2590 —
1538 2559 1790 2613 ἐπιστάμεθα.

1145 2613 1319 2657 τούτοισι
1345 2620 1392 2656 ad
1429 2619 1689 2666 mercenarios,
1730 2620 1792 2668 qni

1147 2674 1310 2724 Memphi
1331 2680 1454 2723 erant,
1483 2676 1721 2714 referendum.
1739 2698 1792 2702 -—

1148 2729 1330 2781 βασιλέος
1354 2745 1433 2769 cum
1465 2731 1580 2769 Gaisf.
1613 2731 1698 2770 dedi
1727 2744 1793 2782 pro

1151 2788 1350 2838 βασιλῆος.
