1877 3223
447 243 530 283 148

859 239 1327 279 HERODoTl

414 348 561 395 Ξοῧτω
597 349 677 405 μὲν
718 349 1027 404 Πεισίστρατος
1064 349 1156 404 ἔσχε
1193 350 1242 393 τὸ
1280 352 1455 403 πρῶτον
1495 347 1690 405 Ἀθήνας,
1707 354 1747 389 15

443 428 519 472 καὶ
545 428 623 484 τὴν
651 430 889 483 τυραννίδα
917 426 1036 472 οὔκω
1073 428 1209 483 κάρτα
1248 427 1531 484 ἐρριζωμένην
1569 428 1692 483 ἔχων,

419 505 649 563 θᾶπέβαλε.
693 509 736 551 οἱ
764 509 810 552 δὲ
838 507 1109 560 ἐξελάσαντες
1139 508 1476 561 Πεισίστρατον,
1507 502 1627 558 αὖτις
1645 509 1691 551 ἐκ

441 585 540 641 νέης
568 583 630 628 ἐπ’
659 583 883 642 ἀλλήλοισι
913 587 1179 630 ἐστασίασαν.
1232 584 1617 641 περιελαυνόμενος
1647 586 1692 629 δὲ

442 668 496 721 τῇ
527 661 670 707 στάσει
696 662 720 707 ὁ
750 665 1022 720 Μεγακλέης,
1064 662 1401 720 ἐπεκηρυκεύετο
1434 663 1693 718 Πεισιστρά-

440 758 529 798 τῳ,
565 742 600 784 εἰ
629 741 834 797 βούλοιτό
865 746 908 787 οῖ
937 743 1016 800 τὴν
1043 743 1264 798 θυγατέρα
1294 743 1401 799 ἔχειν
1420 748 1607 798 γυναῖκα
1626 742 1748 786 ἐπὶΞο

412 823 498 877 4τῇ
527 822 766 874 τυραννίδι.
823 822 1106 879 ἐνδεξαμένου
1139 823 1185 866 δὲ
1217 821 1294 866 τὸν
1329 820 1461 879 λόγον
1490 823 1562 867 καὶ
1591 820 1693 878 ὁμο-

386 1040 496 1080 supra
518 1027 761 1075 indicaffimus.
790 1027 904 1067 Eiecti
933 1029 1027 1067 Pisi-

386 1085 487 1122 strati
524 1085 620 1122 bona
651 1085 856 1136 publicata,
905 1099 1028 1125 verum

384 1152 408 1178 a
427 1141 570 1178 nemine
593 1146 737 1190 praeter
759 1142 908 1179 Calliam
931 1147 1029 1180 emta

386 1209 469 1234 esse
488 1202 611 1234 narrat
629 1198 840 1235 Herodotus
857 1199 1028 1247 V1‚121.

384 1251 465 1289 Alia
491 1257 651 1291 veterum
686 1255 892 1291 testimonia
920 1255 1029 1292 colle-

384 1309 439 1357 git
464 1308 698 1346 Mem-siusin
716 1310 894 1348 Pisistrat.
915 1324 969 1361 cp.
989 1313 1028 1352 4.

440 1358 554 1411 αὖτις
579 1364 623 1404 ἐκ
643 1363 734 1414 νέης
760 1363 824 1405 ἐπ’
849 1364 1028 1417 αλληλοι-

385 1430 425 1459 σι
466 1419 728 1470 ἐστασίασαν]
771 1421 815 1461 ἐκ
857 1421 950 1472 νέης
987 1423 1029 1459 de

383 1486 492 1523 novo,
539 1476 600 1513 ubi
644 1477 814 1526 supplent
848 1473 973 1529 ἀρχῆς
1006 1491 1028 1516 a

383 1531 576 1569 Plutarcho
609 1531 656 1570 dc
694 1533 836 1571 Sollert.
871 1535 1028 1572 Animal.

382 1600 420 1636 p.
438 1588 521 1629 959
539 1588 721 1635 additum·
749 1590 819 1626 w'd.
841 1589 1026 1629 Lambert.

381 1641 469 1680 Bos.
491 1644 539 1682 de
556 1643 684 1694 Ellips.
713 1659 749 1695 p.
779 1648 846 1687 42

437 1693 514 1738 ἐπ’
556 1695 851 1750 ἄλληλοισιε
903 1701 1029 1741 culver-

383 1767 445 1791 sus
475 1767 510 1792 se
536 1758 708 1800 ²1'‚·wzcem
747 1759 808 1794 ubi
840 1760 1029 1810 praeposi-

382 1810 518 1848 tionem
542 1824 617 1848 non
649 1818 797 1862 quartus
817 1816 884 1852 sed
902 1816 1027 1852 tertius

382 1878 489 1903 casus
519 1868 704 1917 sequitur,
734 1874 923 1919 poetarum
952 1873 1029 1909 sere

382 1934 426 1959 ex
440 1935 562 1970 more,
592 1924 639 1961 de
661 1937 732 1972 quo
756 1925 956 1965 Biomfieid.
981 1927 1030 1963 ad

381 1977 546 2027 Aeschyl.
575 1979 614 2016 S.
640 1992 669 2016 c.
699 1981 770 2018 Th.
806 1995 857 2018 VS.
888 1986 922 2023 1.
950 1983 1029 2020 He-

381 2034 498 2071 rodot.
532 2033 571 2082 I,
619 2037 692 2076 61:
741 2034 886 2087 μαθων
928 2036 970 2077 δὲ
1006 2036 1028 2079 ὁ

383 2090 664 2157 Πεισίστρατος
704 2107 752 2132 τα
803 2090 1025 2146 ποιεύμενα

382 2141 458 2185 ἐπ’
487 2144 664 2202 ἑωυτῷ.

437 2188 801 2255 περιελαυνόμενος
808 2203 850 2246 δὲ
869 2207 920 2261 τῇ
936 2218 1025 2246 στα-

382 2269 441 2296 σει
464 2273 484 2297 o
523 2260 781 2313 Ii‘Ieyanhivqg]
823 2265 1025 2315 περιελαυ-

381 2309 549 2364 νόμενος
584 2322 659 2354 cst:
697 2321 880 2367 agitatus,
917 2332 1026 2356 vexa—

381 2373 457 2417 tus,
505 2374 745 2411 czrcumactus.
812 2375 923 2413 Unde
959 2388 1027 2413 nec

380 2425 588 2476 Stephanus
633 2431 811 2468 aberravit
848 2444 871 2468 a
905 2444 1027 2478 sensu,

380 2486 541 2519 vertens:
563 2483 772 2534 fatigatus,
792 2500 858 2525 nec
882 2487 1028 2524 Grono-

380 2537 457 2573 vius
477 2544 637 2578 v2ertens
669 2544 831 2580 obsessus.

436 2591 472 2630 εἰ
507 2591 689 2644 βούλοιτό
725 2599 765 2638 οἱ
797 2613 871 2650 την
898 2602 1022 2650 θυγα-

379 2645 470 2699 τέρα
491 2648 628 2703 ἔχειν)
628 2659 782 2694 ννυιαῐκα
804 2654 868 2695 ἐπὶ
888 2657 940 2709 τῇ
958 2670 1021 2694 τν-

379 2706 549 2753 ραννίδι]
590 2708 709 2747 xerba
736 2711 786 2751 οἷ
812 2708 897 2762 τὴν
929 2714 1022 2749 θυ-

379 2759 561 2812 γατέρα
599 2770 716 2803 verte:
766 2780 867 2804 suam
912 2769 1023 2817 ipsius

379 2814 593 2866 (Megaclis)
619 2821 758 2869 fili,am
788 2824 1022 2872 quemadmo-

379 2871 464 2908 dum
483 2876 580 2924 apud
607 2876 799 2915 Pindarum
829 2879 940 2926 01.1‚
967 2882 1018 2921 91

1094 1024 1168 1069 τάν
1205 1028 1254 1069 οἷ
1280 1027 1439 1081 πατὴρ
1478 1026 1747 1082 ὑπερκρέμασε

1095 1084 1284 1137 καρτερόν
1309 1082 1414 1137 αὐτῷ
1434 1086 1574 1133 λίθον,
1619 1097 1747 1135 quam-

1095 1156 1202 1192 quam
1234 1144 1290 1180 hic
1325 1143 1431 1180 aliam
1468 1154 1614 1192 quoque
1638 1142 1749 1178 inter-

1094 1201 1263 1250 pretandi
1299 1201 1476 1236 rationem
1521 1197 1749 1249 propositam

1097 1268 1179 1293 esse
1215 1255 1311 1292 hmd
1346 1268 1425 1292 sum
1455 1255 1607 1292 nescius.
1666 1253 1750 1291 Dif-

1097 1313 1168 1349 sert
1187 1324 1207 1348 a
1228 1316 1354 1348 nostro
1375 1311 1476 1358 loco,
1506 1311 1606 1360 quod
1635 1321 1750 1359 supra

1096 1367 1126 1415 Ι,
1154 1369 1209 1408 34
1231 1372 1366 1405 exstat:
1396 1383 1450 1418 μη
1472 1381 1509 1405 τι
1531 1366 1581 1406 οἱ
1608 1361 1749 1417 κρεμά-

1097 1438 1220 1474 μενον
1256 1425 1309 1476 τῷ
1336 1422 1451 1462 παιδὶ
1481 1421 1648 1476 ἐμπέσῃ,
1687 1421 1748 1458 ubi

1096 1480 1167 1516 vid.
1179 1479 1389 1517 —Nomen
1404 1479 1498 1516 filiae
1515 1483 1611 1516 tacet
1627 1478 1749 1515 Hero-

1097 1536 1217 1573 dotus.
1274 1536 1349 1573 Sed
1399 1548 1443 1573 ex
1479 1535 1594 1572 Suida
1624 1533 1681 1581 (S.
1711 1546 1746 1570 v.

1094 1587 1526 1643 Ἑγκεκοισυρωμένην)
1559 1594 1595 1628 et
1625 1589 1746 1627 Schol.

1096 1650 1145 1686 ad
1166 1648 1348 1698 Aristoph.
1369 1648 1466 1686 Nub.
1487 1650 1540 1689 49
1563 1646 1749 1695 colligunt,

1097 1717 1178 1742 eam
1218 1705 1349 1741 dictam
1375 1705 1486 1741 fuisse
1525 1698 1746 1753 Κοισύραν.

1096 1761 1154 1798 De
1175 1774 1247 1809 quo
1267 1761 1433 1808 equidem
1455 1773 1529 1796 non
1549 1759 1649 1797 litem
1668 1771 1749 1795 mo-

1095 1817 1200 1853 vebo.
1240 1815 1358 1853 verba
1388 1813 1452 1854 ἐπὶ
1473 1817 1523 1870 τῇ
1542 1814 1749 1867 τυραννίδι

1095 1872 1166 1909 iam
1188 1873 1438 1909 contendimus
1459 1885 1538 1909 cum
1558 1872 1600 1908 iis
1613 1901 1624 1919 ,
1654 1883 1748 1921 quae

1095 1928 1125 1975 I,
1159 1928 1211 1969 59
1247 1928 1307 1964 fin.
1335 1928 1523 1978 leguntur:
1552 1927 1617 1967 ε’πὶ
1645 1931 1748 1967 τοῖσι

1095 1986 1337 2023 κατεστεῶσι.
1385 1985 1454 2022 Est
1479 1985 1573 2022 enim
1609 1982 1674 2023 ἐπὶ
1707 1983 1746 2021 in

1094 2040 1151 2077 his
1170 2041 1433 2089 conditionale,
1465 2045 1505 2078 ut
1525 2040 1636 2092 panio
1659 2043 1746 2090 post

1092 2097 1130 2133 in
1146 2097 1265 2134 verbis
1284 2096 1347 2135 ε’πὶ
1365 2093 1537 2136 τούτοισι
1554 2100 1590 2134 et
1610 2096 1638 2143 Ι,
1651 2096 1742 2136 141.

1095 2155 1187 2199 160,
1232 2152 1324 2190 alibi.
1364 2153 1476 2190 Unde
1513 2151 1577 2192 ἐπὶ
1603 2153 1653 2205 τῇ
1679 2166 1743 2190 τυ·

1094 2207 1252 2257 ραννίδι
1278 2208 1363 2245 erit:
1414 2208 1510 2256 „sub
1549 2207 1744 2244 conditione

1093 2264 1305 2314 tyrannidis,
1325 2277 1354 2300 s.
1376 2277 1415 2301 ea
1435 2264 1627 2302 conditione
1636 2266 1744 2311 inita,

1092 2324 1132 2356 ‘ut
1146 2333 1211 2370 pro
1231 2319 1410 2369 ssIegaclzs
1431 2321 1520 2371 filza
1550 2322 1588 2357 in
1618 2322 1743 2358 matri-

1093 2388 1242 2413 monmm
1260 2377 1367 2414 ducta
1386 2376 1422 2414 Ρ
1421 2380 1599 2415 i'szstratus
1618 2380 1743 2426 tyran-

1093 2432 1205 2469 nulem
1243 2436 1436 2483 acciperetf
1426 2435 1450 2453 “
1495 2433 1579 2470 Vid.
1609 2432 1741 2470 Matth.

1095 2487 1131 2538 ἓ.
1149 2488 1253 2536 585,
1281 2490 1306 2539 β
1340 2504 1376 2540 p.
1402 2489 1519 2531 1165.
1551 2489 1663 2533 Quod
1682 2485 1742 2527 se:

1091 2545 1212 2593 quitur
1236 2545 1298 2585 ἐπὶ
1320 2549 1370 2600 τῇ
1397 2542 1547 2599 κατόδῳ
1577 2550 1651 2583 est:
1687 2558 1741 2582 re-

1091 2600 1186 2637 ditus
1212 2614 1323 2639 causa
1344 2617 1373 2639 s.
1398 2616 1466 2654 quo
1484 2602 1544 2639 ille
1563 2601 1741 2639 reducere-

1090 2660 1172 2701 tnr‚·
1201 2659 1251 2695 uti
1273 2672 1384 2710 supra
1410 2659 1446 2707 Ι,
1476 2658 1550 2700 41:
1585 2656 1651 2697 ἐπὶ
1673 2658 1740 2708 δη-

1090 2710 1210 2763 λήσει.
1245 2735 1300 2742 -
1337 2715 1425 2752 Mox
1459 2716 1620 2767 πρᾶγμα
1651 2710 1739 2764 εὐη-

1089 2768 1282 2809 θέστατον
1321 2776 1378 2809 est
1421 2785 1479 2809 res
1515 2770 1736 2815 stultissima,

1087 2827 1312 2874 ineptissima.
1342 2827 1476 2864 Vocem
1499 2822 1651 2876 εὐήθης
1670 2826 1737 2861 hac

1088 2882 1351 2930 significatione
1379 2883 1482 2920 Plato
1512 2883 1737 2933 potissimum
