1909 3228
699 246 918 285 CLlO.
974 248 1002 285 I.

1396 249 1477 288 331

228 358 473 414 Κολοφών,
519 358 728 414 Λέβεδος,
780 357 920 410 Τέως,
957 357 1247 414 Κλαζομεναὶ,
1287 354 1478 399 Φώκαια.

171 533 200 569 si
211 546 296 570 vera
312 537 412 580 sunt,
433 533 580 571 evidens
600 538 655 570 est
673 533 818 569 Andro-

171 589 288 636 clum,
319 590 431 626 Codri
454 590 585 636 filium,
614 590 675 638 qui
692 590 819 625 Ionum

171 645 349 683 coloniam
375 646 561 696 Ephesum
593 646 736 683 duxisse
763 646 819 682 di-

170 703 281 749 citur,
308 702 345 738 id
373 703 492 752 potius
518 702 668 749 secisse,
698 706 737 739 ut
766 702 820 737 in-

172 758 313 807 digenis
326 758 445 795 eiectis
459 787 469 803 ‚
499 771 623 794 eorum
641 759 745 795 sedes
757 770 818 795 co-

170 815 261 852 lonis
291 814 362 851 suis
384 815 597 861 assignaret.
645 813 726 851 Nec
755 814 818 850 ali-

170 876 225 908 ter
242 871 318 907 fere
342 869 388 906 de
411 869 601 919 Colophone
628 871 752 907 statuit
768 870 819 906 vir

169 926 396 964 doctissimus
417 926 458 973 (l.
480 926 502 962 l.
522 940 558 976 p.
577 929 664 974 90),
684 927 820 976 quippe

168 995 242 1031 quo
260 982 388 1018 Ionum
416 982 533 1020 coloni
555 985 707 1033 profecti
729 983 819 1020 Cre-

168 1044 291 1075 tenses
318 1038 355 1074 in
381 1039 435 1075 his
475 1039 683 1087 regionibus
718 1039 821 1075 habi-

169 1100 288 1132 tantes
311 1095 490 1132 eiecerint.
527 1095 576 1132 Et
596 1095 644 1131 illi
666 1095 734 1145 ipsi
760 1095 820 1131 Io-

170 1164 235 1189 nes
254 1150 379 1188 Mileto
411 1152 547 1200 egressi
571 1152 737 1189 videntur
762 1152 818 1188 in-

171 1208 291 1256 deque
310 1207 503 1257 Colophon
525 1221 592 1258 pro
615 1208 730 1246 Mileti
761 1222 821 1245 co-

170 1263 267 1301 lonia
293 1263 474 1301 habenda.
532 1263 706 1301 Lebedum
736 1265 820 1301 olim

171 1320 285 1357 Cares
311 1321 471 1357 tenuisse
508 1322 691 1367 videntum
728 1334 820 1369 quos

171 1376 260 1413 alius
299 1376 445 1424 quidam
483 1377 596 1414 Codri
619 1377 709 1413 filius
739 1377 821 1413 hinc

169 1433 274 1470 eiecit
293 1431 472 1482 Ionesque
490 1446 573 1470 suos
590 1433 737 1470 colonos
758 1446 821 1470 eo-

169 1501 247 1525 rum
270 1489 308 1525 in
338 1487 418 1525 loco
449 1489 644 1526 collocavit.
681 1489 820 1537 Viginti

169 1545 287 1582 stadia
323 1544 434 1581 distat
470 1550 546 1582 tum
582 1559 605 1583 a
644 1545 821 1583 Teiorum

169 1601 275 1649 urbe,
304 1604 380 1637 tum
402 1613 424 1638 a
443 1602 668 1652 Colophone.
719 1601 819 1648 Teos,

171 1670 265 1706 quae
282 1657 381 1707 prius
408 1658 454 1694 ab
481 1657 654 1696 Aeolibus
674 1659 820 1696 condita

171 1714 396 1763 perhibetur,
425 1719 510 1763 post
529 1716 672 1752 demum
690 1715 819 1752 Ionum

171 1769 350 1819 recepisse
375 1770 504 1806 dicitur
533 1771 733 1817 coloniam,
773 1772 818 1807 ab

171 1826 242 1862 alio
263 1826 421 1874 quodam
440 1826 553 1862 Codri
575 1826 646 1862 filio
666 1827 734 1862 huc
755 1827 820 1863 de—

173 1883 337 1925 ductam3
367 1881 453 1918 etin
484 1895 563 1919 eam
582 1883 732 1920 cessisse
764 1883 819 1918 di-

171 1941 298 1976 cuntur
315 1936 463 1985 Minyae
488 1938 546 1974 isti
574 1938 818 1984 Orchomenii,

173 2007 266 2043 quos
295 1993 423 2030 Ionum
455 1994 678 2043 expeditioni
709 1994 821 2030 inter-

171 2051 283 2088 fuisse
294 2050 373 2099 ipse
386 2049 521 2086 Noster
542 2051 674 2087 indicat
686 2049 714 2097 I,
729 2050 819 2090 146.

173 2107 280 2144 Conf.
299 2106 417 2142 Raoul
431 2106 633 2144 -Rochette
652 2106 673 2142 l.
686 2106 706 2142 l.
717 2119 753 2156 p.
767 2108 816 2147 91

172 2167 209 2199 et
227 2163 271 2199 C.
292 2162 337 2198 Ο.
360 2161 499 2199 Miiiler.
519 2163 555 2198 in
572 2163 820 2199 Orchomenos

172 2232 257 2270 pag·
279 2220 372 2259 399·
392 2219 486 2259 400.
517 2218 625 2255 Nunc
644 2218 740 2255 vicus
759 2218 822 2265 ibi,

173 2276 229 2313 cui
254 2288 390 2312 nomen
420 2274 542 2324 Sz'gcsz'
579 2275 635 2312 vel
664 2274 823 2321 Bodrun,

174 2335 213 2367 ut
228 2331 290 2368 alii
313 2331 446 2368 dicunt.
487 2332 596 2367 Conf.
622 2331 753 2380 Poppo
775 2331 822 2367 ad

175 2387 379 2436 Thucydid.
411 2387 448 2435 Ι,
479 2391 505 2428 2
533 2400 619 2438 pag.
643 2387 736 2429 459.
771 2408 818 2413 —

177 2443 401 2481 Clazomenae
432 2457 505 2480 non
532 2445 660 2481 eadem
691 2448 823 2490 aetate,

177 2511 249 2547 qua
267 2499 425 2549 reliquae
445 2500 573 2536 Ionum
590 2500 696 2536 urbes
708 2529 718 2546 ,
739 2512 825 2536 con-

178 2555 276 2592 ditae
301 2560 406 2601 suut,
443 2557 506 2593 sed
538 2561 689 2606 postea,
725 2556 825 2592 duci—

179 2611 244 2647 bus
270 2611 506 2661 Colophoniis
533 2611 735 2657 nonuullis3
775 2612 826 2648 ita

177 2670 217 2703 ut
235 2666 458 2717 Colophonis
476 2667 615 2704 colonia
635 2668 825 2705 existimari

179 2727 298 2771 queat.
357 2724 463 2760 Conf.
492 2722 634 2759 Raoul-
650 2724 826 2761 Rochette

179 2778 231 2816 ΠΙ
260 2792 344 2827 pag.
367 2780 431 2820 93.
492 2778 655 2816 Phocaea
681 2793 826 2829 quoque

178 2835 380 2885 posteriore
399 2839 562 2884 tempore
584 2836 729 2873 condita
745 2850 825 2874 esse

179 2890 406 2941 perhibetur,
446 2891 584 2929 colonia
630 2891 823 2931 Athenien-

889 533 978 571 sium
998 532 1080 569 illuc
1090 533 1266 578 deducta3
1286 530 1536 568 cuicummul-

887 591 914 628 ti
945 603 1090 638 quoque
1115 588 1341 626 interfuerint
1365 586 1535 623 Phocidis

888 651 1005 684 terrae
1022 646 1182 693 incolae,
1212 645 1297 682 inde
1323 656 1456 680 nomen
1478 655 1537 678 ur-

889 702 943 739 bis
974 701 1210 739 derivandum
1237 714 1317 738 esse
1342 698 1537 751 probabili-

885 763 941 796 ter
970 761 1141 795 statuunt.
1189 758 1317 804 Confi,
1345 769 1391 793 ne
1421 754 1537 805 plura,

888 813 1005 852 Raoul
1028 836 1045 842 -
1064 813 1245 852 Rochette
1279 813 1330 850 ΙΙΙ
1361 825 1447 861 pag.
1472 811 1536 851 94.

886 870 997 908 Nunc
1027 870 1103 908 eius
1130 883 1264 907 nomen
1292 868 1425 906 Palaeo
1445 867 1537 904 Fot'a

888 941 916 964 s.
939 926 1116 975 Pltoggz’a.
1158 927 1278 975 Atque
1303 927 1395 962 infra
1414 924 1441 972 Ι,
1457 926 1537 965 146

887 984 1092 1020 Phocenses
1126 981 1322 1031 (Φωκέες)
1353 981 1475 1018 itidem
1499 981 1537 1017 in

887 1041 928 1076 iis
960 1041 1146 1087 dicuntur,
1193 1040 1254 1088 qui
1281 1051 1360 1075 cum
1389 1037 1536 1073 Ionibus

887 1097 924 1133 in
944 1095 1067 1133 Asiam
1086 1095 1190 1132 simul
1206 1094 1454 1143 immigrarint.
1477 1093 1537 1130 De

889 1153 1000 1190 ternis
1024 1152 1169 1201 reliquis
1193 1151 1412 1196 civitatibus,
1443 1162 1537 1198 quae

889 1210 936 1246 ad
958 1208 1085 1245 Ionum
1120 1209 1248 1246 foedus
1287 1206 1536 1256 pertinuerint,

888 1277 1004 1315 pauca
1025 1278 1092 1302 nec
1112 1278 1155 1301 ea
1175 1265 1262 1301 satis
1283 1263 1459 1313 disposita
1477 1275 1535 1299 se·

890 1334 1042 1370 cumque
1058 1321 1315 1358 concordantia
1330 1319 1429 1369 apud
1451 1318 1537 1355 scri-

888 1382 1011 1427 ptores
1047 1378 1215 1425 antiqnos
1239 1376 1487 1426 reperiuntur3
1517 1388 1538 1411 e

888 1433 1017 1482 quibus
1045 1433 1113 1468 hoc
1143 1433 1286 1469 efficere
1306 1431 1443 1467 studuit
1461 1431 1537 1466 Ra-

888 1488 1162 1525 oul-Rochette
1179 1487 1201 1523 l.
1221 1487 1244 1524 l.
1265 1499 1350 1537 pag.
1369 1487 1421 1528 95
1433 1498 1536 1534 seqq.

891 1545 1014 1582 Chium
1044 1549 1154 1594 atque
1182 1543 1363 1594 Erythras
1395 1544 1440 1579 ab
1466 1555 1538 1578 una

890 1603 1091 1650 eademque
1128 1600 1268 1637 colonia
1296 1600 1460 1637 conditas
1484 1598 1539 1634 vi-

889 1658 989 1706 deri,
1017 1659 1228 1708 praesertim
1254 1669 1334 1693 cum
1362 1669 1429 1706 par
1447 1667 1539 1705 quo-

889 1728 959 1764 que
980 1714 1087 1751 fuerit
1108 1727 1232 1751 eorum
1252 1713 1387 1761 lingua.

949 1766 1136 1820 Φώκαια]
1160 1770 1368 1820 Stephanus
1387 1769 1475 1815 Byz.
1492 1768 1539 1805 de

888 1826 955 1863 hac
974 1827 1115 1863 civitate
1143 1826 1293 1874 loquens
1316 1829 1352 1862 et
1368 1824 1541 1860 Herodo-

888 1886 963 1918 tum
984 1882 1073 1918 libro
1102 1883 1219 1931 primo
1248 1885 1378 1918 testem
1412 1879 1537 1925 citans,

887 1942 1011 1974 monet
1057 1938 1131 1974 dici
1163 1949 1309 1985 quoqne
1361 1936 1538 1985 Φωκαίῃ.

887 1993 1009 2041 Atque
1039 1993 1090 2030 sic
1113 1994 1302 2042 Φωκαίην
1323 1992 1480 2040 reperies
1510 1991 1539 2038 I,

890 2051 955 2089 80.
970 2049 1067 2093 164⁸,
1093 2050 1158 2086 sed
1175 2049 1271 2085 idern
1290 2047 1428 2084 Noster
1451 2042 1539 2085 Φώ-

890 2120 1006 2143 καιαν
1028 2105 1073 2151 n,
1093 2107 1181 2145 106.
1210 2099 1433 2150 Φώκαιαιι,
1448 2106 1539 2144 178.

890 2161 1001 2199 Unde
1022 2161 1137 2198 nostri
1158 2161 1226 2198 loci
1249 2161 1355 2198 lectio
1386 2160 1471 2197 satis
1501 2173 1540 2197 se

889 2218 1058 2254 tuebitur.
1116 2217 1174 2254 De
1218 2230 1261 2255 eo
1301 2230 1395 2253 nunc
1430 2216 1540 2252 nolim

890 2287 1060 2320 monere,
1091 2274 1189 2323 quod
1208 2274 1335 2311 eadem
1357 2273 1441 2309 urbs
1463 2273 1541 2309 He-

891 2330 1013 2367 raclidi
1036 2330 1186 2367 Pontico
1208 2328 1244 2380 ᾗ.
1268 2329 1344 2375 34,
1375 2334 1413 2364 ut
1438 2332 1540 2365 notat

894 2386 981 2433 Cn,
1011 2386 1139 2423 dicitur
1160 2385 1323 2432 Φωκέα,
1354 2386 1453 2433 quod
1472 2398 1541 2421 no-

891 2456 974 2480 men
994 2443 1040 2480 de
1051 2442 1194 2480 Graeca
1207 2443 1304 2480 terra
1321 2442 1423 2478 unice
1436 2455 1540 2478 usur-

891 2499 971 2550 pari
992 2498 1099 2546 vulgo
1123 2498 1364 2543 contendunt,
1395 2502 1434 2534 ut
1454 2493 1542 2535 Φώ-

893 2571 984 2594 καια
995 2555 1041 2592 de
1052 2554 1160 2592 Asiae
1179 2555 1267 2591 urbe
1286 2553 1417 2590 Ionica.
1444 2554 1540 2590 Scri-

891 2618 1034 2663 pturam
1061 2611 1166 2647 istam
1198 2610 1296 2660 apud
1311 2610 1540 2647 Heraclidem

893 2669 977 2705 satis
1005 2667 1096 2704 tueri
1123 2668 1243 2704 studet
1260 2665 1409 2703 Koeler.
1441 2667 1488 2703 ad
1502 2667 1537 2703 h.

894 2726 915 2761 l.
939 2727 1117 2774 1)ag.0'6,
1156 2723 1212 2760 cui
1242 2722 1343 2758 addit
1368 2722 1537 2760 Creuzer.

892 2780 1101 2829 Spanhemii
1130 2780 1301 2829 disputat.
1333 2779 1369 2814 iu
1406 2779 1540 2827 Begeri

894 2837 1070 2873 Thesaur.
1090 2835 1366 2883 Brandenburg.
1379 2835 1395 2871 I
1407 2849 1441 2884 p.
1457 2835 1539 2876 495

895 2897 931 2930 et
973 2893 1008 2929 in
1055 2893 1190 2930 notatis
1236 2891 1283 2928 ad
1330 2891 1537 2929 Callimachi
