1877 3223
640 214 856 253 CLIO.
913 215 941 253 Ι.

157 323 301 375 ξείνου
342 321 572 373 πεπονθώς
612 323 696 378 εἰἠ·

1321 187 1326 194 ι
1355 219 1436 258 1οἴ)

739 321 883 367 ἐκάλεε
930 323 975 368 δὲ
1009 322 1226 367 Ἐπίστιόν
1274 341 1316 367 τε
1362 327 1481 375 καὶγο

150 400 419 457 Ἑταιρήϊον,
455 401 533 446 τόν
565 399 699 445 αὐτόν
727 406 887 446 τοῦτον
924 399 1153 458 ὀνομάζων
1191 401 1320 446 θεόν·
1359 404 1436 447 τὸν

154 479 233 535 μὲν
260 479 480 525 Ἐπίστιον
502 480 688 533 καλέων,
720 480 830 524 διότι
850 480 903 537 δὴ
923 482 1097 524 οἰκίοισι
1117 480 1436 537 ὑποδεξάμενος

154 558 233 602 τὸν
261 561 425 612 ξεῖνον,
456 559 596 617 φονέα
625 563 707 604 τοῦ
726 558 883 611 παιδός
902 557 1114 604 ἐλάνθανε
1132 559 1326 616 βόσκων
1357 559 1436 604 τόν

110 721 167 758 ed.
183 720 329 769 Β3511.),
359 717 419 761 ὅτι
438 717 589 773 μάρτυς
611 719 759 773 λέγεται

108 780 191 822 τοῖς
215 775 358 824 ἱκέταις
388 776 410 818 ὁ
430 775 532 824 Ζευς
551 775 661 817 καθά
690 777 758 817 καὶ

108 836 189 878 τοῖς
218 831 344 879 ξένοις
371 832 438 872 καὶ
464 837 547 880 τοῖς
574 833 756 886 ἕταίοοις,

106 887 175 927 ι’να
200 903 255 935 ως
279 890 322 928 εὐ
352 887 465 936 εἰδως
492 905 560 929 και
584 886 758 942 ἐπιτιμη-

106 959 184 996 τωο
202 949 417 995 ποιητικῶς
445 946 571 986 εἰπεῖν
592 944 759 998 ὕστερον

105 1005 188 1046 τοῖς
246 999 516 1052 άιιαοτάνουσι
573 1004 757 1055 γίγνοιτο.

105 1038 293 1094 Pertineut
318 1038 407 1096 11300
428 1060 475 1095 ad
502 1072 604 1096 sacra
618 1060 759 1111 privata

107 1114 353 1161 Graecormn,
384 1128 456 1163 quo
488 1116 617 1153 eodem
657 1112 758 1161 Ζευς

103 1164 302 1217 Ἐφίστιος
329 1176 365 1207 et
387 1170 599 1220 Ἑταιρεῖος
614 1203 622 1219 ,
653 1173 757 1209 item-

107 1238 178 1274 que
213 1226 369 1274 Φίλιος,
408 1225 563 1275 Ξένιος,
587 1226 761 1279 Ἑρκεῖος

107 1285 144 1318 et
178 1281 208 1316 si
242 1282 304 1330 qui
339 1282 472 1319 similes
506 1285 597 1320 tituli
630 1284 759 1320 summi

105 1337 328 1381 Graecorum
340 1339 406 1379 ,(1οἰ
422 1339 660 1377 inveniuntur.
684 1340 759 1375 Cur

103 1404 189 1430 vero
218 1392 334 1430 Iovem
361 1390 616 1434 Ἐπίστιον
648 1409 677 1431 5.
698 1390 756 1432 ’E-

105 1463 136 1498 φ
151 1448 227 1487 ίστ
242 1464 325 1488 ιον
361 1451 523 1487 Croesus
555 1447 758 1491 advocave-

103 1505 173 1553 rit,
201 1505 291 1543 haec
310 1507 477 1556 proditur
494 1496 623 1544 caissa:
656 1502 758 1546 διότι

105 1558 157 1611 δη
183 1561 346 1601 οἰκίοισι
367 1560 508 1601 ’11710δὲ
485 1560 665 1614 -ςάμενος
686 1560 755 1602 τὸν

105 1618 256 1665 ξεῖνον,
301 1617 428 1668 φονέα
461 1622 533 1658 τοῦ
563 1616 702 1666 παιδὸς
723 1618 755 1658 ἒ·

106 1671 287 1712 λάνθανε
308 1671 484 1725 βόσκων.·
514 1676 639 1726 „quod
660 1675 757 1713 scili-

105 1734 180 1776 cet,
210 1731 351 1768 aedibus
372 1736 503 1781 recepto
523 1734 666 1782 hospite,
679 1732 758 1782 filii

105 1786 358 1836 interfectorem
370 1817 380 1834 ,
409 1801 443 1824 se
461 1790 536 1837 ipso
554 1792 675 1837 z’nscz'O,
694 1802 755 1825 su-

107 1844 326 1879 stentassetf‘
385 1842 437 1880 Ac
457 1858 567 1895 snpra
589 1846 659 1882 iam
679 1858 757 1881 mo-

106 1899 219 1935 nitum
239 1899 306 1947 (ad
326 1898 366 1946 I,
385 1901 472 1948 35),
502 1902 588 1950 quid
611 1901 757 1951 proprie

106 1954 226 1992 valeat
261 1954 455 2004 ἐφίστιος,
494 1961 535 1992 ut
562 1957 610 1993 nil
631 1957 758 1993 mirum

107 2011 173 2058 sit,
207 2024 290 2048 eum
320 2011 449 2058 deum,
481 2012 542 2060 qui
578 2012 757 2061 supplices

107 2067 156 2103 ad
186 2069 305 2104 focum
337 2068 546 2104 adsidentes
573 2068 758 2105 auxilium-

107 2136 179 2172 que
210 2122 386 2172 hospitis,
428 2124 475 2159 ad
516 2124 616 2160 cuius
647 2124 756 2160 aedes

108 2179 349 2227 confugerint,
362 2179 598 2229 implorantes
609 2184 757 2225 tutetur,

106 2235 204 2272 haud
223 2235 398 2271 minorem
423 2248 569 2284 quoque
592 2236 680 2282 eius,
710 2235 757 2271 ad

109 2291 206 2328 cuius
229 2292 345 2328 sorum
365 2291 413 2327 illi
433 2292 647 2338 adsideant,
676 2291 757 2340 qui-

108 2359 180 2396 que
201 2346 366 2383 auxilium
383 2360 488 2384 omne
499 2351 608 2397 atque
625 2347 755 2383 lustra-

109 2403 243 2440 tionem
263 2404 437 2453 praebere
459 2404 587 2441 iisdem
612 2404 756 2450 debeat,

111 2471 228 2495 curam
267 2472 393 2507 gerere
430 2460 589 2508 indeque
626 2460 756 2497 eodem

112 2514 189 2550 fere
206 2527 315 2551 sensu
336 2515 406 2552 dici
434 2516 512 2554 Δία
540 2511 754 2565 Ἐφίστιον,

114 2581 185 2617 quo
220 2569 306 2607 alias
343 2571 422 2609 Δία
448 2570 617 2610 Ἱκέσιον.
672 2572 755 2609 Vid.

114 2626 286 2662 Creuzer.
307 2626 445 2664 Melett.
474 2627 490 2663 1
518 2641 556 2677 p.
584 2630 634 2668 16
658 2640 711 2664 nr.
733 2631 758 2669 6

115 2679 193 2716 coll.
229 2681 389 2729 symbol.
421 2683 454 2719 ll
481 2697 519 2732 p.
551 2683 632 2724 522
673 2684 756 2733 ibiq.

114 2741 189 2774 not.
209 2739 277 2777 97.
334 2737 429 2773 Nam
457 2740 573 2776 focum
600 2744 758 2778 veterum

113 2792 344 2840 religionibus
367 2793 581 2831 celebratum
602 2810 758 2833 summo-

114 2861 185 2898 que
221 2849 257 2886 in
289 2849 426 2888 honore
456 2850 639 2900 habitum,
677 2854 756 2904 quis

827 727 902 771 est,
942 723 1004 773 qui
1034 721 1208 772 ignoret?
1249 722 1327 760 Sed
1360 721 1481 759 omnia

825 781 934 828 11300,
965 780 1095 828 quibus
1118 779 1238 817 caedis
1261 780 1411 828 eiusque
1422 779 1478 815 in-

826 836 988 874 consulto
1023 837 1235 874 commissae
1277 848 1360 873 reus
1387 835 1480 872 exci-

827 894 940 943 pitur,
970 892 1133 942 expiatur
1170 896 1206 930 et
1237 904 1258 928 a
1291 891 1479 939 sanguinis

828 950 985 986 vindicta
1006 949 1074 985 hoc
1100 952 1206 999 pacto
1239 952 1400 984 servatur
1425 948 1480 983 in-

828 1005 973 1042 columis
987 1034 997 1052 ,
1027 1005 1112 1053 quia
1126 1005 1174 1041 ad
1198 1003 1385 1040 amicitiam
1395 1015 1479 1053 per-

826 1063 964 1108 tinent,
1005 1061 1076 1109 qua
1114 1064 1289 1109 uterque,
1319 1063 1355 1097 et
1378 1059 1479 1109 expi—

827 1131 893 1154 ans
935 1122 972 1154 et
1000 1117 1183 1166 expiatus,
1225 1116 1294 1152 sibi
1327 1115 1480 1152 invicem

826 1174 968 1210 iunctus
1007 1177 1083 1220 est,
1132 1172 1294 1209 Croesus
1338 1172 1481 1208 invocat

824 1230 948 1267 Iovem
976 1227 1212 1280 Ἑταιρεῖον,
1262 1241 1342 1265 011111
1372 1240 1480 1276 quem

825 1287 893 1322 sibi
912 1285 1165 1322 amicissimum
1187 1288 1285 1321 ratus
1316 1283 1389 1320 filio
1412 1295 1478 1319 suo

826 1343 1014 1379 custodem
1049 1341 1263 1387 addiderat,
1293 1353 1375 1377 eum
1411 1339 1479 1375 sibi

824 1397 1110 1434 inimicissimum
1160 1400 1259 1433 esset
1308 1399 1478 1445 expertus

824 1454 1014 1502 omnisque
1034 1453 1070 1489 in
1082 1452 1233 1488 amicum
1249 1451 1358 1487 officii
1374 1451 1479 1499 igna-

822 1523 914 1546 rum.
973 1508 1043 1545 Cui
1074 1521 1175 1554 cum,
1205 1507 1382 1557 quidquid
1418 1508 1476 1543 sas

824 1569 924 1614 erat,
954 1565 1131 1602 cumulate
1165 1564 1245 1614 ipse
1272 1563 1478 1613 praestitis-

823 1626 901 1669 set,
931 1621 1029 1658 illum
1048 1622 1168 1672 ipsum
1181 1632 1269 1668 erga
1289 1633 1330 1656 50
1354 1620 1478 1667 ingra-

821 1683 899 1715 tum
925 1680 1057 1725 fuisse,
1097 1676 1273 1725 neglectis
1300 1675 1478 1713 amicitiae

821 1735 949 1772 officiis
981 1739 1017 1771 et
1045 1738 1168 1784 spreto
1200 1746 1243 1770 eo
1278 1733 1375 1779 (100,
1416 1732 1478 1781 qui

824 1792 1000 1828 amicitiae
1018 1803 1170 1840 praeses
1191 1789 1388 1835 habeatur,
1418 1800 1477 1824 ar-

825 1848 978 1884 bitratus
1019 1850 1086 1883 est.
1144 1845 1388 1881 Conferantur
1415 1856 1477 1881 ve-

824 1907 940 1939 terum
957 1901 1165 1938 testimonia
1186 1901 1233 1937 de
1252 1899 1337 1936 Iove
1353 1897 1475 1937 Ἑται-

826 1958 918 2010 ρείῳ
943 1958 1042 2006 apud
1063 1957 1233 1992 Creuzer.
1255 1954 1405 2004 l.l.pag.
1424 1958 1476 1996 17

825 2017 890 2049 not
911 2015 936 2053 7
959 2012 1037 2049 coll.
1068 2024 1153 2061 pag.
1177 2013 1228 2051 16
1249 2015 1325 2048 not.
1348 2013 1386 2057 6,
1415 2011 1476 2048 ubi

826 2070 933 2107 etiam
955 2069 1001 2105 de
1021 2067 1105 2105 Iove
1130 2066 1253 2120 Φιλίῳ
1270 2071 1377 2115 atque
1398 2065 1474 2108 Ξε-

824 2126 910 2178 νίῳ.
928 2123 1097 2161 Larcher.
1117 2123 1327 2160 laudaverat
1352 2123 1472 2162 Schol.

824 2183 872 2219 ad
889 2181 1054 2230 Euripid.
1084 2179 1224 2217 Hecub.
1256 2179 1337 2220 345
1363 2184 1399 2217 et
1427 2181 1474 2217 ad

823 2237 1058 2286 Aristophan
1080 2236 1216 2284 Equitt.
1239 2238 1342 2281 4983
1363 2235 1474 2273 Wes-

824 2294 998 2345 selingius
1016 2292 1127 2329 Dion.
1156 2291 1345 2340 Chry.sost
1368 2292 1472 2329 Orat.

822 2350 943 2400 Ipag.
967 2350 1012 2395 8,
1039 2348 1073 2385 D
1106 2352 1143 2385 et
1168 2347 1239 2384 XII
1271 2361 1356 2399 pag.
1377 2351 1473 2395 226,

823 2406 866 2443 A.
907 2404 1055 2453 ’13)101.
1086 2404 1135 2441 ad
1169 2401 1470 2452 [)5.Ρ31·.011131

823 2475 909 2513 pag.
933 2463 1001 2502 35.
1059 2460 1168 2497 Plura
1189 2461 1235 2498 de
1266 2460 1323 2497 his
1347 2461 1474 2510 dispu-

823 2519 913 2556 tavit
960 2517 1132 2554 Creuzer.
1173 2515 1211 2553 in
1250 2515 1472 2565 8)1111101.Ι[

825 2588 861 2625 p-
894 2574 975 2615 518
1002 2594 1056 2600 —-
1078 2572 1171 2613 523·
1229 2571 1282 2609 Ac
1314 2586 1360 2609 ne
1390 2572 1471 2621 quis

824 2630 1011 2679 Lydorum
1032 2642 1089 2666 res
1119 2628 1217 2678 apud
1242 2629 1472 2666 Herodotum

826 2687 886 2735 agi
923 2684 1087 2732 obiiciat,
1144 2697 1210 2721 nec
1237 2685 1470 2731 Graecoriun,

827 2744 905 2792 ipse
926 2742 1061 2779 hoster
1079 2741 1248 2779 admonet
1267 2742 1306 2788 I,
1324 2742 1397 2788 35,
1417 2741 1471 2777 lu*

826 2798 1034 2834 strationem
1058 2798 1209 2836 s'unilem
1242 2811 1323 2836 esse
1355 2797 1468 2846 Lydis

827 2860 862 2893 et
891 2853 1053 2893 Graecis.
