1909 3228
455 162 540 201 856
872 160 1342 198 HERODOTl

456 268 625 324 ἐγένετο
668 267 1054 322 εὐδαιμονέστατος
1098 270 1186 310 τῶν
1232 267 1447 322 πρότερον
1493 270 1720 325 βασιλέων,

456 346 519 391 ἐπ’
560 347 653 390 ἔτεα
689 346 813 388 πέντε
850 347 922 389 καὶ
964 348 1099 389 εἴκοσι
1139 345 1290 400 ἄρξας·
1353 347 1399 389 ἐν
1427 352 1540 389 τοῖσι
1579 349 1644 391 ἐπί
1674 357 1775 392 τε85

455 428 633 469 Σιδῶνα
664 425 852 479 στρατὸν
885 425 1041 480 ἤλασε,
1071 425 1145 468 καὶ
1174 424 1442 481 ἐναυμάχησε
1469 430 1529 482 τῷ
1559 429 1718 484 Τυρίῳ.

427 504 569 546 3Έπεὶ
599 503 644 546 δέ
676 505 719 546 οἱ
749 503 837 546 ἔδεε
868 508 1011 554 κακῶς
1039 503 1262 559 γενέσθαι,
1295 504 1461 558 ἐγένετο
1492 503 1578 549 ἀπὸ
1611 521 1719 561 προ-

458 582 617 637 φάσιος
652 581 732 638 τὴν
780 582 864 638 ἐγώ
902 583 1093 638 μεζόνως
1132 583 1210 638 μὲν
1245 583 1291 627 ἐν
1332 589 1443 626 τοῖσι
1485 588 1719 640 Λιβυκοῖσι

459 660 628 716 λόγοισι
667 659 968 718 ἀπηγήσομαι,
1013 665 1196 719 μετρίως
1239 662 1280 706 δ’
1320 662 1366 706 ἐν
1401 666 1463 720 τῷ
1499 663 1719 716 παρεόντι.

429 737 722 794 4ἇποπέμψας
750 740 832 795 γὰρ
864 741 1107 796 στράτευμα
1139 742 1161 786 ὁ
1189 740 1365 797 Ἀπρίης
1395 743 1461 785 ἐπὶ
1494 743 1716 797 Κυρηναί-
1731 750 1777 782 90

429 826 561 873 5ους,
605 820 842 875 μεγαλωστὶ
883 824 1182 875 προσέπταισε.
1240 821 1471 877 Αἰγύπτιοι
1510 821 1720 864 δὲταῦτα

459 896 833 953 ἐπιμεμφόμενοι,
882 897 1132 957 ἀπέστησαν
1173 900 1252 944 ἀπ’
1286 898 1448 954 αὐτοῦ,
1496 901 1720 952 δοκέοντες

458 976 538 1020 τὸν
565 976 742 1033 Ἀπρίην
771 977 817 1020 ἐκ
847 981 1058 1035 προνοίης
1089 978 1250 1031 αὐτούς
1279 978 1530 1035 α’ποπέμψαι
1551 981 1592 1031 ἐς
1616 997 1719 1035 φαι-

455 1056 647 1113 νόμενον
676 1056 838 1109 κακὸν,
869 1059 943 1100 ἴνα
974 1058 1026 1114 δή
1060 1059 1208 1114 σφέων
1239 1058 1390 1114 φθορὴ
1421 1059 1609 1114 γένηται,
1642 1058 1720 1102 αὐ-

455 1134 528 1187 τὸς
558 1136 603 1179 δὲ
631 1139 722 1178 τῶν
751 1139 920 1179 λοιπῶν
949 1138 1201 1192 Αἰγυπτίων
1244 1136 1569 1193 ἀσφαλέστερον
1599 1137 1777 1194 ἄρχῃ.95

427 1218 595 1257 6ταῦτα
626 1215 672 1258 δὲ
703 1216 825 1258 δεινὰ
863 1215 1114 1271 ποιεύμενοι
1152 1211 1276 1260 οὗτοί
1313 1233 1357 1260 τε
1398 1219 1440 1260 οἱ
1474 1215 1719 1273 ἀπονοστή-

456 1305 631 1346 σαντες,
680 1294 754 1337 καὶ
787 1296 830 1338 οἱ
858 1299 947 1338 τῶν
977 1293 1264 1352 ἀπολομένων
1296 1297 1435 1351 φίλοι,
1476 1294 1719 1352 ἀπέστησαν

299 1386 397 1430 162
455 1371 503 1415 ἐκ
533 1376 609 1427 τῆς
636 1374 788 1428 ἰθείης.
851 1375 1114 1430 Πυθόμενος
1145 1377 1190 1419 δὲ
1218 1375 1391 1430 Ἀπρίης
1420 1378 1581 1427 ταῦτα,
1611 1374 1717 1430 πέμ-

128 1449 401 1477 ΠΘΜΠΘΒΑΜΜ
455 1467 526 1494 πει
554 1449 615 1494 ἐπ’
648 1450 810 1503 αὐτούς
836 1451 1043 1508 Ἄμασιν,
1084 1452 1420 1497 καταπαύσοντα
1451 1452 1632 1507 λόγοισι.
1693 1471 1716 1496 ο
1763 1460 1841 1500 184

128 1491 230 1517 regem
289 1484 400 1510 consti-

126 1520 233 1549 luunt,
253 1521 284 1544 et
303 1519 401 1552 Aegy-

1703 1451 1715 1466 θ

127 1551 181 1584 pm
216 1551 327 1578 caeteri
364 1551 402 1577 οι,
459 1529 504 1573 δὲ
535 1530 623 1573 ἐπεί
652 1547 695 1574 τε
725 1529 986 1587 ἀπικόμενος
1005 1532 1299 1589 κατελάμβανε
1323 1533 1425 1583 τοὺς
1441 1534 1719 1586 Αἰγυπτίους,

128 1584 237 1612 sactum
257 1584 354 1618 Apriis
372 1584 403 1611 in

126 1617 335 1651 Patarbemin,
363 1617 402 1645 ad
457 1611 594 1651 ταῦτα
623 1608 681 1664 μή
721 1609 883 1654 ποιέειν
920 1610 1124 1667 λέγοντος
1162 1610 1322 1664 αὐτοῦ,
1369 1615 1458 1655 τῶν
1487 1627 1550 1661 τις
1579 1613 1746 1666 Atyn-1

129 1652 249 1680 Amasin
302 1655 401 1679 trans·

127 1689 208 1715 eunt.

399 1793 475 1830 licis
491 1792 597 1831 valde
617 1794 759 1832 deditus
785 1799 901 1841 esset,
932 1794 1055 1843 Aegy-

398 1850 555 1900 ptiorum
582 1851 721 1888 animos
750 1864 895 1888 aversos
925 1864 1055 1901 exper-

401 1910 461 1943 tus
488 1910 558 1952 est,
578 1908 715 1957 quippe
733 1907 793 1956 qui
813 1920 879 1957 pro
903 1920 968 1943 suo
987 1920 1054 1957 pe-

400 1963 628 2010 regrinorum
651 1965 736 1999 odio
765 1964 969 2000 istiusmodi
991 1976 1054 2001 ex-

397 2019 604 2068 peditiones
624 2020 823 2068 aegerrime
849 2019 975 2057 tulisse
999 2021 1053 2057 vi-

398 2075 566 2112 deantur.
632 2076 715 2113 vid.
741 2077 900 2114 Heeren.
939 2077 1052 2113 ldeen

393 2129 450 2177 11,
469 2135 494 2172 2
513 2131 705 2181 pag.40l1.
734 2133 793 2170 De
818 2133 1051 2182 expeditione

395 2187 597 2236 Cyrenaica
622 2189 722 2225 huius
742 2189 839 2237 regis
863 2190 908 2225 cf.
939 2189 1050 2227 etiam

394 2242 548 2281 Diodor.
571 2244 680 2281 Sicul.
702 2245 738 2292 l,
759 2247 824 2286 68.
856 2266 906 2271 ψ

452 2302 507 2353 τῷ
545 2299 699 2353 Τυρίῳ]
736 2302 756 2337 i.
789 2314 820 2338 e.
866 2301 1050 2351 Usqriorum

398 2359 486 2404 regi.
528 2357 636 2393 Cons.
657 2357 693 2404 l,
718 2361 743 2398 2
759 2387 770 2405 ,
799 2370 845 2394 ne
865 2358 978 2407 plura.
993 2380 1047 2384 —-

399 2412 512 2448 Paulo
541 2417 649 2450 antea
675 2427 754 2451 cum
781 2414 899 2450 Gaisf.
923 2415 1051 2451 rescri-

399 2469 456 2519 psi
483 2467 691 2518 βασιλέων
722 2483 789 2520 pro
816 2467 1049 2520 βασιλήων.

456 2523 539 2563 ἐπεὶ
561 2523 602 2564 δέ
626 2525 666 2564 οἱ
688 2525 769 2565 ἔδεε
797 2528 928 2572 κακῶς
948 2524 1052 2577 γενέ-

401 2580 512 2630 σθαι]
544 2582 625 2618 vid.
647 2582 686 2629 Ι,
707 2585 733 2623 8
755 2583 841 2631 ibiq.
865 2586 956 2619 nott.

456 2635 497 2674 ἐν
520 2641 621 2676 τοῖσι
640 2639 856 2689 Λιβυκοῖσι
884 2635 1048 2690 λόγοισι]

400 2690 483 2727 Vid.
502 2692 594 2729 infra
614 2694 676 2741 IV,
703 2695 803 2743 159,
842 2696 903 2731 ubi
928 2697 974 2733 de
993 2696 1050 2732 his

401 2748 507 2784 rebus
540 2751 740 2798 exponitur.
807 2751 958 2789 Minime
988 2765 1053 2789 au-

400 2808 473 2840 tem
494 2803 549 2841 hic
567 2806 801 2853 cogitandum
815 2808 860 2845 de
881 2808 1051 2859 peculiari

1122 1796 1338 1845 scriptione,
1364 1807 1474 1844 quam
1493 1795 1539 1832 de
1560 1794 1680 1844 Libya
1698 1795 1777 1834 He-

1120 1853 1272 1889 rodotus
1301 1852 1557 1902 composuerit.

1178 1920 1395 1974 μεγαλωστὶ
1417 1920 1692 1971 προσέπταισε]
1718 1920 1777 1960 De

1121 1980 1233 2016 verbo
1256 1979 1514 2030 προσπταίειν
1533 1979 1603 2015 vid.
1629 1982 1703 2014 not.
1729 1979 1778 2014 ad

1121 2036 1160 2083 Ι,
1181 2035 1245 2075 (55.
1280 2056 1336 2064 —
1365 2035 1406 2071 In
1433 2048 1535 2083 seqq.
1568 2034 1607 2080 ἐς
1639 2032 1776 2083 φαινό-

1122 2106 1244 2142 μενον
1272 2089 1397 2131 κακόν
1430 2096 1503 2128 est:
1550 2093 1587 2127 ιἰι
1623 2090 1774 2140 manife-

1120 2152 1210 2185 stam
1223 2177 1234 2195 ‚
1264 2152 1419 2198 apertum
1440 2149 1597 2183 exitium.

1174 2214 1297 2265 αύτός
1335 2216 1376 2257 δὲ
1402 2239 1457 2245 -
1490 2216 1611 2270 ἄρχῃ]
1661 2213 1777 2270 ἄρχῃ,

1118 2277 1219 2325 quod
1240 2276 1321 2312 libri
1342 2275 1502 2311 nonnulli
1528 2273 1778 2311 subministra-

1117 2333 1226 2377 bant,
1258 2345 1337 2368 cuin
1362 2332 1479 2367 Gaisf.
1501 2331 1658 2380 reposui.
1689 2329 1776 2366 Vul-

1119 2401 1167 2437 go
1189 2385 1312 2437 ἄρχοι.
1330 2409 1386 2414 -
1410 2388 1468 2423 Ad
1490 2387 1709 2424 locutionem
1733 2385 1775 2424 ἐκ

1118 2447 1189 2494 τῆς
1204 2445 1337 2494 ἰθείης
1355 2444 1390 2487 (e
1409 2446 1570 2491 vestigio,
1592 2444 1774 2490 continuo)

1119 2502 1214 2538 cons.
1235 2499 1278 2540 ἐκ
1299 2499 1390 2551 νέης
1412 2501 1450 2548 1,
1471 2503 1523 2541 60
1546 2500 1631 2548 ibiq.
1652 2499 1774 2536 laudd.

1301 2612 1594 2662 Cap.CLxu.

1163 2693 1337 2746 ’Ἄμασιν
1361 2725 1372 2744 ,
1420 2691 1772 2735 καταπαύσον-

1119 2767 1173 2790 τα
1203 2748 1380 2804 λόγοισι]
1412 2753 1470 2790 Ad
1489 2753 1637 2790 verbum
1659 2767 1772 2790 κατα-

1119 2804 1267 2848 παύειν
1289 2811 1383 2847 cons.
1404 2809 1433 2857 1,
1454 2811 1519 2849 86.
1537 2812 1603 2850 90.
1622 2808 1668 2855 ΙΙ,
1684 2808 1773 2848 144.
