1909 3228
428 244 511 283 620

821 240 1289 281 HERODOTI

430 353 585 406 βαστιν
622 348 750 394 πόλιν
796 348 927 392 ἐπεὰν
965 350 1245 405 κομίζωνται,
1299 355 1472 396 ποιεῦσι
1518 351 1678 396 τοιάδε.

401 430 616 472 Ξπλὲουσί
644 444 688 472 τε
715 427 798 485 γὰρ
831 429 883 484 δὴ
917 427 1006 483 ἅμα
1043 427 1199 483 ἄνδρες
1239 431 1431 484 γυναιξὶ,
1473 433 1546 475 καὶ
1574 437 1679 475 πολ-

399 507 511 552 Βλόν
547 524 588 550 τι
625 511 794 564 πλῆθος
831 506 1044 563 ἑκατέρων
1081 507 1129 551 ἐν
1167 506 1322 565 ἑκάστῃ
1360 509 1474 565 βάρι.
1521 512 1566 553 αἱ
1602 511 1707 565 μέν1

427 604 540 638 τινες
568 591 656 630 τῶν
684 590 908 642 γυναικῶν
937 586 1125 640 κρόταλα
1165 587 1339 642 ἔχουσαι
1367 590 1681 643 κροταλίζουσι,

429 669 472 710 οῖ
501 667 545 710 δὲ
575 664 798 717 αὐλέουσι,
831 666 941 709 κατὰ
970 666 1112 709 πάντα
1142 667 1217 709 τόν
1243 667 1399 711 πλόον·
1441 670 1486 710 αἱ
1516 667 1560 710 δὲ
1592 671 1683 710 λοι-

423 746 500 790 παὶ
529 750 730 801 γυναῖκες
767 746 840 789 καὶ
878 743 1032 800 ἄνδρες
1068 743 1285 799 ἀείδουσι,
1337 746 1512 797 καὶτὰς
1540 751 1685 802 χεῖρας

399 826 672 879 4κροτέουσι.
714 823 843 868 ἐπεάν
882 825 928 867 δὲ
959 825 1157 876 πλέοντες
1186 825 1294 869 κατά
1323 843 1419 869 τινα
1447 824 1576 869 πόλιν
1606 823 1682 868 ἅλ-

426 910 507 962 λην
535 905 765 960 γένωνται,
805 903 1078 960 ἐγχρίψαντες
1106 904 1186 962 τὴν
1223 904 1352 962 βάριν
1378 909 1431 963 τῇ
1458 909 1539 962 γῇ,
1580 912 1709 949 ποι-5

370 1087 491 1131 ἕπεοέν
524 1087 785 1141 κομίζωνται]
823 1089 1018 1141 κομίζε-

371 1152 438 1187 σθ
453 1162 501 1186 αι
537 1148 632 1184 bene
662 1148 819 1184 reddunt
838 1148 1018 1197 interpre-

369 1209 445 1242 tes:
482 1216 571 1241 nave
599 1203 699 1251 vehi,
737 1203 876 1253 deferri.
934 1204 1017 1240 vid.

368 1261 409 1307 I,
433 1261 522 1301 185.
575 1260 768 1307 Bubastis,
799 1261 884 1296 urbs
907 1264 945 1296 ut
965 1260 1019 1295 vi-

370 1319 476 1354 detur
496 1317 750 1363 celeberrima,
773 1316 911 1366 templo
927 1315 1018 1352 Dia-

369 1387 461 1419 nae,
508 1386 603 1422 quae
642 1372 831 1422 Aegyptiis
876 1377 1022 1409 vocatur

369 1429 541 1467 Bubastis
565 1429 647 1477 (II,
676 1431 766 1470 137.
792 1430 905 1475 138),
934 1429 1021 1464 insi-

369 1487 451 1535 gnis
475 1490 513 1523 et
546 1491 653 1534 caput
686 1486 783 1521 nomi
822 1485 1019 1521 Bubastici.

370 1543 490 1578 Sacris
509 1543 545 1577 in
572 1542 668 1577 libris
689 1540 891 1590 appellatur
913 1540 1018 1576 Pthe-

369 1602 438 1644 set,
460 1611 537 1634 cum
556 1597 776 1646 Aegyptium
793 1610 924 1633 nomen
940 1598 1018 1633 fue-

369 1656 417 1691 rit
435 1652 624 1700 Poubasti,
655 1655 708 1689 uti
728 1654 868 1690 videtur
884 1653 1018 1688 Cham-

367 1710 516 1761 pollioni
535 1710 694 1760 l'Egypt.
714 1723 801 1745 sous
820 1709 841 1745 l.
864 1709 963 1758 phar.
986 1709 1017 1745 ΙΙ

368 1780 404 1817 p.
428 1766 480 1806 65
504 1779 605 1814 seqq.
662 1766 703 1801 ln
725 1765 833 1802 Delta
860 1766 928 1801 sita
952 1765 1019 1800 suit

368 1823 455 1858 urbs
474 1822 520 1858 ad
534 1822 742 1858 orientalem
755 1820 930 1858 Pelusiaci
950 1822 1018 1856 ssu-

368 1878 415 1914 vii
435 1879 568 1927 ripam,
598 1890 619 1914 a
640 1890 712 1926 quo
731 1890 805 1913 non
830 1876 954 1926 procul
972 1877 1017 1913 ab

368 1935 446 1985 ipsa
472 1935 560 1971 urbe
598 1933 729 1970 canalis
758 1934 939 1970 derivatus
971 1933 1018 1968 ad

369 1992 484 2028 sinum
504 1989 694 2027 Arabicum
715 2002 830 2038 usque
848 1989 1021 2039 pertinuit

368 2047 443 2095 (ll,
475 2047 585 2093 158).
645 2047 717 2089 Qui
744 2059 839 2082 nunc
858 2045 1019 2095 appella-

366 2108 425 2140 tur
444 2102 541 2139 locus
566 2102 672 2139 Tell-
686 2102 828 2139 Rus-talc
849 2102 889 2149 (i.
910 2115 941 2138 e.
961 2114 1020 2138 ve-

367 2164 425 2196 tus
443 2158 647 2205 Bubastis),
677 2160 713 2195 in
733 2172 776 2196 eo
800 2158 1019 2208 amplissima

367 2229 493 2253 reeens
512 2217 655 2253 detecta
669 2219 751 2253 sunt
772 2215 1017 2252 aedificiorum

367 2273 458 2309 illius
496 2272 593 2309 urbis
628 2273 776 2318 rudera,
824 2272 951 2307 mirum
981 2270 1017 2307 in

367 2330 515 2365 modum
537 2333 727 2377 congesta,
746 2333 786 2364 ut
803 2327 941 2364 mireris
956 2327 1017 2375 qui

366 2389 469 2421 tanta
484 2385 596 2422 moles
628 2386 765 2422 destrui
793 2388 829 2421 et
854 2383 890 2419 in
924 2383 1018 2420 hunc

368 2445 502 2477 statum
538 2442 652 2490 redigi
686 2440 853 2491 potuerit.
919 2441 1018 2476 Con-

369 2501 465 2533 stant
496 2497 556 2533 illa
577 2499 634 2535 vel
658 2497 838 2547 lapidibus
865 2496 1015 2546 syenitis

369 2554 553 2602 (Granit)
591 2553 647 2591 vel
684 2553 858 2590 lateribus
895 2553 1019 2598 coctis,

368 2610 493 2657 quales
505 2623 526 2645 a
540 2610 679 2646 Iudaeis
693 2610 897 2647 elaboratos
906 2609 1018 2646 fuisse

367 2665 538 2702 credibile
556 2667 597 2702 fit
617 2666 754 2713 (Exod.
777 2665 813 2711 l,
835 2666 916 2714 15).
959 2665 1016 2701 Ad

367 2718 509 2758 Dianae
522 2727 642 2759 autem
657 2722 831 2772 templum
847 2735 890 2759 ea
903 2722 1017 2771 perti-

368 2787 454 2812 nere
478 2779 640 2824 credunt,
650 2791 745 2827 quae
764 2778 800 2813 in
818 2777 944 2816 mediis
962 2778 1015 2814 his

367 2831 554 2869 ruderibus
572 2834 838 2883 conspiciuntur
864 2834 1016 2871 aedificii

368 2886 646 2937 splendidissimi
675 2889 857 2939 reliquiae.
903 2889 1019 2928 Pluri-

1088 1091 1153 1128 bus
1183 1089 1272 1128 haec
1298 1092 1467 1140 exposuit
1482 1091 1614 1129 Ritter.
1642 1091 1738 1128 Erd-

1087 1148 1199 1184 kund.
1236 1147 1251 1183 Ι
1288 1160 1373 1197 pag.
1402 1149 1482 1189 825
1524 1149 1610 1197 ibiq.
1638 1147 1734 1185 laud.

1086 1203 1204 1240 Malus
1225 1204 1261 1239 in
1283 1203 1464 1254 Descript.
1488 1204 1533 1242 (le
1553 1203 1646 1253 l’Eg.
1674 1203 1734 1241 Et.

1085 1261 1248 1297 modern.
1277 1260 1353 1296 livr.
1378 1260 1426 1296 ΙΙΙ
1455 1262 1559 1297 mem.
1589 1275 1624 1311 p.
1654 1262 1736 1301 307

1089 1330 1190 1365 seqq.
1250 1317 1307 1353 Cf.
1331 1318 1438 1354 etiam
1469 1316 1738 1354 Schlichthorst.

1088 1374 1109 1410 l.
1131 1373 1151 1409 l.
1172 1386 1257 1423 pag.
1284 1375 1336 1413 79
1358 1386 1435 1422 seq.
1466 1373 1648 1411 Mannert.
1673 1373 1694 1409 l.
1712 1372 1735 1409 l.

1087 1443 1173 1480 pag.
1195 1431 1275 1469 588
1296 1442 1372 1477 seq.

1145 1485 1186 1524 οἵ
1203 1483 1243 1523 ὁὲ
1265 1480 1470 1533 αὐλέουσι,
1489 1481 1589 1522 nocto?
1605 1479 1737 1522 πάντα

1086 1538 1155 1580 τόν
1190 1537 1332 1590 πλόον]
1367 1542 1438 1577 Iam
1469 1554 1576 1590 supra
1603 1540 1657 1587 H,
1681 1540 1734 1581 48

1086 1598 1286 1634 invenimus
1319 1598 1442 1633 tibiam
1481 1597 1517 1633 in
1559 1597 1734 1634 Bacchico

1084 1655 1200 1698 festo3
1231 1666 1341 1701 quare
1364 1666 1437 1689 non
1459 1655 1584 1689 mirum
1606 1654 1641 1689 in
1666 1653 1736 1690 hoc

1085 1723 1230 1759 quoque
1251 1711 1346 1746 festo
1375 1710 1484 1746 tibiae
1509 1710 1625 1746 locum
1646 1710 1736 1746 suis·

1086 1780 1145 1812 se,
1189 1770 1228 1801 ut
1264 1766 1301 1800 in
1336 1765 1481 1813 reliquis
1513 1767 1589 1803 sere
1630 1765 1735 1801 huius

1087 1823 1205 1870 gentis
1238 1822 1339 1857 sestis
1371 1821 1610 1868 solemnibus,
1646 1820 1736 1858 Dio-

1086 1878 1190 1926 nysio
1211 1891 1236 1913 s.
1251 1878 1386 1914 Osiridi
1407 1878 1735 1923 consecratis,(lum

1086 1935 1221 1971 cithara
1241 1936 1357 1982 magis
1380 1935 1426 1970 ad
1452 1935 1661 1972 sacerdotes
1679 1938 1736 1971 at-

1087 2004 1159 2039 que
1185 1989 1316 2027 cultum
1350 1991 1623 2028 reconditiorem
1652 2003 1735 2040 per-

1086 2047 1236 2084 tinuisse
1253 2048 1428 2084 videatur.
1488 2047 1578 2084 Inde
1598 2047 1735 2084 Osiridi

1088 2116 1235 2152 quoque
1257 2104 1470 2140 adscribitur
1499 2104 1587 2140 tibia
1609 2104 1735 2140 inven-

1085 2161 1154 2196 tori
1171 2188 1181 2206 ‚
1206 2161 1276 2208 qua
1295 2161 1390 2197 feras
1409 2164 1536 2208 gentes
1551 2160 1734 2207 rudesque

1086 2216 1301 2260 excoluerit3
1335 2229 1400 2253 nec
1421 2216 1513 2253 enim
1535 2215 1592 2251 illa
1612 2215 1660 2251 ad
1680 2215 1734 2251 al-

1085 2276 1198 2308 teram
1219 2276 1372 2308 aetatem
1387 2273 1567 2320 pertinere
1581 2272 1734 2317 videtur,

1085 2328 1157 2376 qua
1172 2329 1206 2364 in
1228 2329 1388 2365 deterius
1407 2328 1477 2364 iam
1504 2328 1606 2378 lapsa
1628 2328 1734 2364 suerit

1085 2384 1236 2433 antiqua
1261 2385 1395 2420 musica
1420 2396 1543 2430 sacra,
1573 2384 1638 2421 sed
1670 2395 1733 2421 ae-

1084 2453 1155 2489 quo
1177 2442 1252 2477 iure
1283 2440 1392 2489 priori
1409 2454 1499 2477 aevo
1525 2440 1734 2477 adscriben-

1085 2498 1154 2543 da,
1186 2497 1243 2532 ubi
1262 2497 1298 2532 in
1316 2497 1413 2545 vulgi
1443 2497 1545 2533 festis
1563 2508 1732 2534 necessa-

1081 2553 1134 2589 rio
1163 2553 1413 2589 adhibebatur.
1451 2552 1533 2589 Vid.
1562 2552 1735 2590 Creuzeri

1084 2609 1247 2657 Symbol.
1266 2609 1281 2645 l
1300 2622 1336 2659 p.
1355 2609 1435 2650 448
1449 2637 1459 2656 ,
1489 2609 1550 2658 qui
1568 2609 1638 2646 hoc
1654 2608 1733 2645 loco

1084 2665 1247 2716 inprimis
1280 2665 1433 2702 conferri
1464 2665 1536 2701 vult
1578 2665 1733 2702 Iomard.

1085 2722 1121 2758 in
1153 2721 1335 2771 Descript.
1366 2722 1413 2759 de
1439 2721 1530 2771 l'Eg.
1555 2722 1693 2770 antiqq.
1716 2721 1732 2758 Ι

1086 2777 1132 2824 (3
1152 2777 1250 2825 livr.)
1277 2789 1363 2827 pag.
1383 2777 1477 2819 422.
1503 2799 1560 2805 -—
1583 2777 1642 2815 Ad
1666 2790 1732 2813 vo-

1086 2846 1166 2872 cem
1187 2830 1301 2885 βάρις
1318 2834 1392 2870 vid.
1415 2833 1460 2881 ΙΙ,
1480 2836 1533 2875 96
1557 2835 1641 2882 ibiq.
1654 2836 1729 2870 not.

1143 2888 1398 2943 ἐγχρίψαντες
1428 2886 1504 2941 τήν
1532 2884 1652 2942 βάριν
1680 2889 1731 2942 τῇ
