1909 3228
554 165 978 204 EUTERPE.
1033 166 1077 203 ll.

0 291 2 300 ’
47 278 145 325 125
169 278 258 318 τῶν
304 275 443 318 λίθων
481 273 714 331 τριήκοντα
752 277 903 319 ποδῶν
952 274 1157 319 ἐλάσσων.

109 452 252 489 maioris
270 452 369 488 molis
388 454 594 502 pyramides
615 454 662 490 ibi
681 467 768 492 con-

110 510 330 559 spiciuntur,
369 509 460 546 aliae
489 522 616 547 novem
650 512 763 547 mino-

109 579 165 602 res
185 566 408 602 circumcirca
437 571 640 603 exstructae
666 572 761 604 sunt.

109 623 149 659 ln
189 635 341 670 quarum
377 635 528 658 numero
565 635 627 670 ea,
667 637 761 672 quae

108 679 393 728 septentrionem
423 679 576 715 maxime
606 685 760 728 spectat,

107 736 267 771 omnium
289 746 383 770 nunc
408 734 617 783 perhibetur
646 737 760 773 maxi-

105 804 188 837 ma,
228 803 249 826 a
273 790 424 838 Cheope
453 790 540 827 olim
569 796 758 839 exstructa,

106 860 214 896 quam
228 846 438 882 Herodotus
458 845 492 883 h.
508 846 530 883 l.
553 848 755 898 descripsit.

105 903 182 940 Sed
214 907 375 952 praestat
406 903 485 951 ipsa
506 903 657 941 Zoi'ecae
678 917 758 942 ver-

104 960 151 997 ba
172 971 357 1009 apponere
374 958 396 994 l.
417 958 437 994 l.
463 972 499 1008 p.
519 958 620 1000 400:
643 989 666 1007 „
680 961 758 998 Sci-

103 1016 186 1054 licet
214 1029 235 1052 a
261 1015 354 1051 Gize
387 1016 447 1051 ubi
474 1020 628 1064 quatuor
652 1017 756 1053 milli-

105 1073 171 1110 bus
200 1085 371 1121 passuum
390 1073 591 1120 perrexeris
619 1074 666 1110 ad
697 1086 757 1110 oc-

103 1142 223 1166 casum
255 1127 466 1175 hiemalem,
497 1129 629 1166 canalis
659 1134 714 1167 est
735 1143 756 1167 a

102 1185 187 1223 Nilo
217 1185 417 1231 deductus,
473 1197 494 1220 a
531 1198 603 1233 quo
632 1186 757 1236 incipit

102 1243 160 1279 via
185 1255 251 1291 per
280 1253 387 1289 agros
420 1240 569 1278 humiles
592 1243 756 1279 substru-

102 1298 280 1336 ctionibus
308 1297 490 1333 sublevata
520 1302 557 1334 et
582 1303 679 1335 secto
703 1299 755 1335 la-

100 1355 187 1405 pide
209 1353 369 1399 munita,
399 1353 589 1391 latitudine
619 1356 754 1404 pedum

99 1410 248 1458 viginti,
305 1409 534 1457 longitudine
581 1422 752 1459 passuum

98 1466 195 1504 mille
215 1465 495 1515 quingentorum
512 1495 522 1512 ,
552 1467 695 1503 duobus
715 1468 752 1504 in

97 1523 184 1560 locis
215 1527 328 1572 ponte
355 1535 465 1571 super
488 1523 605 1559 fossas
636 1527 753 1559 trans-

97 1584 210 1617 vecta.
262 1579 367 1623 Quae
384 1578 465 1616 licet
482 1592 577 1615 nunc
598 1580 753 1616 maxima

97 1648 142 1673 ex
182 1640 288 1685 parte
331 1635 489 1672 Arabum
519 1649 627 1672 manu
656 1637 752 1672 sacta

96 1696 292 1742 appareat,
316 1696 436 1729 tamen
456 1693 585 1728 veteris
604 1693 684 1729 viae
704 1692 750 1729 ab

97 1748 289 1784 Herodoto
303 1753 524 1784 memoratae
536 1761 675 1784 cursum
696 1748 752 1784 in-

98 1804 221 1840 dicare
260 1804 420 1850 videtur,
458 1805 580 1839 forsan
613 1805 752 1840 instau-

97 1864 178 1897 rata
204 1874 224 1896 a
246 1860 408 1896 barbaris
427 1864 463 1895 ut
482 1861 676 1896 avehere-,nt
700 1859 752 1896 la-

97 1916 233 1967 pides,
283 1916 412 1964 quibus
448 1916 669 1952 advehendis
705 1916 750 1952 ab

98 1973 248 2021 antiquo
278 1986 367 2020 rege
403 1973 519 2008 suerat
557 1973 749 2009 destinata.

100 2028 154 2078 [ln
176 2029 328 2066 eandem
355 2029 573 2066 sententiam
592 2030 754 2077 disputat

96 2085 191 2122 Hirt.
215 2085 236 2121 l.
259 2085 281 2121 l.
311 2099 347 2135 p.
376 2087 438 2125 16.
471 2084 551 2134 17.]
608 2084 753 2122 Desinit

96 2146 216 2178 autem
238 2142 285 2178 ad
307 2142 440 2191 pedem
460 2141 555 2178 collis
571 2155 633 2178 seu
653 2154 752 2178 cam-

96 2198 134 2247 pi
160 2198 255 2235 saxei
278 2199 325 2233 ad
347 2202 502 2244 centum,
535 2199 611 2235 sive
635 2201 673 2234 ut
694 2210 751 2234 re-

95 2254 176 2290 tulit
191 2254 423 2300 Niebuhrius,
441 2259 583 2291 centum
604 2258 751 2304 septua-

96 2311 201 2359 ginta
227 2310 363 2360 pedum
389 2310 612 2348 altitudinem
641 2322 751 2360 supra

97 2367 325 2403 subiacentes
348 2379 455 2415 agros
477 2368 561 2404 elati
580 2395 590 2413 ‚
620 2368 656 2402 in
676 2378 748 2415 quo

95 2423 303 2472 pyramides
321 2423 489 2461 conditae
509 2428 602 2460 sunt.
634 2422 750 2460 Nem-

96 2491 144 2528 pe
170 2478 297 2526 Libyci
332 2480 463 2516 montis
503 2480 642 2516 radices
681 2479 749 2515 hoc

96 2534 175 2570 loco
205 2537 441 2584 promontorii
471 2537 584 2572 instar
602 2547 750 2585 procur-

96 2594 179 2626 runt
202 2591 248 2626 ad
276 2596 392 2627 ortum
417 2591 634 2637 brmnalem,
666 2603 750 2626 mox

96 2646 227 2683 iterum
268 2652 426 2696 pergunt
470 2649 517 2684 ad
562 2648 749 2684 meridiem

96 2715 222 2740 versus
248 2702 392 2740 Busirin
413 2708 449 2740 et
467 2704 670 2748 Saccaram,
693 2707 748 2739 at-

97 2771 168 2808 que
209 2759 256 2795 ad
298 2759 430 2808 Dasjur
469 2761 627 2796 tendunt
663 2758 749 2795 Nilo

95 2814 246 2867 propius
265 2816 444 2854 admotae.
485 2816 603 2867 Rupis
622 2815 749 2854 eadem

1353 167 1437 208 773

836 458 965 492 natura
1002 456 1057 490 est
1092 465 1134 489 ac
1169 452 1327 504 lapidis,
1367 466 1388 491 e
1417 466 1488 502 quo

836 517 920 548 sunt
954 510 1182 560 pyramides,
1212 523 1343 560 nempe
1372 509 1488 547 calca-

832 581 894 604 rea
918 572 992 611 est,
1019 567 1164 602 modica
1186 567 1337 614 duritie,
1363 572 1485 616 petre-

830 624 935 660 sactis
979 622 1243 659 lenticularibus
1291 628 1326 660 et
1368 623 1487 659 numi-

830 679 1003 716 smatibus
1021 680 1253 728 interspersa,
1275 684 1385 729 atque
1403 692 1485 715 mo-

829 735 888 772 bili
910 748 1020 772 arena
1040 735 1207 781 obtecta3
1233 739 1426 772 occurrunt
1446 736 1483 772 in

827 805 870 829 ea
893 792 975 828 hinc
1001 795 1038 828 et
1065 791 1151 827 inde
1169 790 1394 828 latomiarum
1421 805 1484 829 ve-

826 849 945 896 stigia.
1004 846 1142 883 Multas
1166 847 1248 884 olim
1274 848 1480 898 pyramides

826 905 937 941 fuisse
958 904 994 940 in
1012 905 1260 952 promontorio
1285 905 1331 940 ad
1349 905 1479 942 Gizam

827 966 1015 1011 spectante
1039 974 1058 996 e
1071 960 1180 996 ruinis
1194 960 1370 1009 arguitur,
1384 973 1479 1009 quae

825 1017 935 1054 hodie
962 1020 1155 1065 supersunt
1187 1017 1222 1052 in
1252 1016 1360 1066 plano
1383 1030 1480 1054 cam-

824 1087 873 1123 po
895 1085 957 1110 sex
976 1074 1051 1109 sere
1062 1072 1207 1108 millium
1222 1085 1393 1122 passuum
1410 1073 1479 1109 cir-

824 1130 933 1167 cuitu.
992 1129 1138 1165 Plurimi
1172 1134 1362 1178 praeterea
1398 1134 1482 1166 sunt

823 1185 947 1223 tumuli
977 1198 997 1222 e
1032 1190 1129 1222 secto
1171 1185 1294 1235 lapide
1332 1186 1482 1222 circum-

824 1243 917 1279 circa
963 1242 1169 1278 adiacentes
1190 1271 1200 1288 ,
1249 1242 1413 1290 quadrati
1445 1246 1481 1279 et

824 1298 986 1345 oblongi,
1008 1298 1090 1334 olim
1115 1299 1210 1334 sorte
1228 1298 1478 1347 pyramidibus

823 1355 938 1402 figura
955 1354 1106 1401 similes,
1137 1367 1232 1389 nunc
1253 1355 1377 1402 paucis
1396 1359 1478 1390 tan-

822 1414 897 1447 tum
918 1411 1072 1460 pedibus
1093 1422 1204 1458 super
1223 1409 1338 1446 solum
1358 1422 1478 1446 assur-

821 1471 973 1514 gentes,
1006 1467 1042 1501 in
1069 1478 1221 1514 quorum
1239 1466 1389 1514 singulis
1410 1480 1476 1514 pu-

820 1523 867 1559 tei
887 1526 969 1559 sunt
989 1523 1100 1559 ruinis
1124 1526 1159 1559 et
1186 1534 1296 1558 arena
1326 1522 1476 1572 oppleti,

820 1592 885 1629 per
902 1592 994 1628 quos
1010 1578 1092 1614 olim
1116 1578 1406 1615 descendebatur
1428 1580 1476 1615 ad

820 1640 966 1685 cryptas
987 1634 1244 1685 sepulcrorum.
1263 1635 1474 1682 Pyramides

820 1692 1012 1728 duodecim
1048 1691 1102 1728 rel
1141 1691 1313 1727 tredecim
1357 1691 1474 1727 adhuc

820 1751 1085 1795 agnoscuntur,
1116 1748 1150 1782 in
1171 1746 1299 1794 quibus
1322 1750 1394 1782 tres
1409 1759 1477 1781 no-

821 1808 941 1839 tantur
960 1803 1054 1840 mole
1074 1816 1138 1839 sua
1152 1803 1379 1851 conspicuae.
1397 1803 1474 1838 Ha-

819 1872 897 1895 rum
913 1872 1007 1908 quae
1026 1872 1047 1895 a
1065 1858 1174 1896 Delta
1195 1860 1229 1894 in
1247 1859 1473 1895 Thebaidem

819 1916 1052 1952 tendentibus
1075 1916 1190 1964 prima
1216 1915 1384 1960 obvenit,
1414 1928 1474 1950 so-

820 1972 929 2009 lemni
949 1971 1126 2007 vocabulo
1153 1983 1286 2019 magna
1305 1972 1378 2008 sive
1396 1983 1473 2007 ma-

819 2029 914 2065 xima
952 2029 1111 2078 pyramis
1151 2027 1327 2076 appellari
1367 2027 1472 2074 solet,

820 2097 1026 2133 quanquam
1084 2084 1288 2131 ambigatur
1354 2084 1472 2120 adhuc

819 2145 937 2177 utrum
961 2153 1040 2177 eam
1064 2145 1222 2190 superet,
1247 2153 1340 2188 quae
1362 2152 1472 2176 ame—

818 2197 909 2234 ridie
946 2198 1108 2246 proxime
1153 2197 1328 2232 adstituta
1376 2197 1472 2232 est.“

818 2253 894 2290 Iam
913 2258 1111 2301 sequuntur
1131 2252 1199 2288 alia
1217 2253 1263 2288 de
1282 2252 1471 2288 latitudine

817 2310 1017 2360 pyramidis
1040 2314 1150 2357 atque
1175 2308 1384 2353 altitudine,
1412 2321 1471 2344 su-

817 2379 884 2416 pra
905 2366 1010 2402 nobis
1042 2366 1112 2402 iam
1133 2365 1287 2401 indicata
1302 2392 1312 2409 ,
1342 2364 1388 2401 de
1417 2364 1472 2400 la-

816 2427 933 2459 terum
966 2421 1213 2471 aequalitate,
1251 2421 1297 2457 de
1330 2433 1469 2457 summo

816 2480 969 2525 vertice,
997 2479 1032 2514 in
1055 2491 1126 2526 quo
1146 2477 1293 2526 planum
1314 2478 1471 2525 quadra-

815 2540 904 2582 tum,
915 2536 961 2572 de
982 2534 1159 2584 lapidibus
1178 2534 1330 2578 extimis,
1354 2532 1470 2569 omni-

818 2592 883 2628 bus
907 2604 1002 2628 nunc
1026 2589 1182 2636 avulsis,
1229 2590 1276 2626 de
1307 2590 1400 2625 ostio
1430 2590 1467 2626 in

816 2646 929 2685 latere
946 2646 1104 2693 boreali,
1145 2647 1191 2683 de
1211 2646 1389 2682 meatibus
1410 2645 1468 2682 in-

818 2705 933 2740 ternis
969 2708 1079 2751 atque
1104 2703 1281 2740 descensu
1312 2702 1360 2738 ad
1389 2714 1468 2750 cry-

817 2763 898 2809 ptas
933 2760 1206 2805 subterraneas,
1242 2758 1289 2794 de
1316 2758 1469 2795 cadave-

818 2816 914 2853 ribus
945 2817 982 2853 in
1012 2819 1122 2867 puteo
1143 2814 1341 2866 pyramidis
1358 2818 1469 2864 atque

1223 273 1432 332 Ἐποιήθη
1490 285 1643 325 ρμοηιοαο
1678 295 1766 323 pyra-

1489 328 1544 346 uns
1563 325 1723 357 exstructa,
1733 326 1766 350 et
