1909 3228
380 1040 446 1084 26

506 223 589 262 53⁰

901 217 1367 257 HERoDoTl

507 327 772 385 μισγομένου
809 329 975 368 πολλοῦ
1024 324 1216 376 αὐτοῖσι,
1275 326 1348 370 ἅτε
1384 326 1569 384 ὑομένης
1605 344 1649 372 τε
1688 331 1763 384 τῆς

508 407 649 463 χώρης
676 405 744 449 καὶ
776 403 1184 460 κεχαραδρωμένης,
1213 405 1363 460 ῥέουσι
1384 407 1582 462 μεγάλοι·
1612 411 1692 451 τοῦ
1716 407 1762 450 δὲ

507 486 680 538 θέρεος,
725 487 815 526 τῶν
844 499 887 526 τε
918 482 1096 539 ὄμβρων
1125 483 1432 528 ἐπιλειπόντων
1472 484 1653 537 αὐτοὺς,
1691 486 1818 529 καὶ95

480 561 597 606 (ὶὺπὸ
625 567 706 605 τοῦ
735 561 861 618 ἡλίου
891 561 1133 618 ἑλκόμενοι,
1167 560 1369 614 ἀσθενέες
1399 565 1490 606 εἰσί.
1529 562 1552 606 ὁ
1585 567 1629 608 δὲ
1659 568 1759 608 Νεῖ-

508 645 583 692 λος
613 640 697 683 ἐών
727 640 971 697 ἄνομβρος,
1023 640 1252 696 ἑλκόμενος
1290 642 1335 685 δὲ
1372 641 1460 684 ὑπὸ
1501 646 1580 685 τοῦ
1616 640 1761 698 ἡλίου,

507 723 671 774 μοῦνος
700 724 904 776 ποταμῶν
932 724 1090 762 τοῦτον
1119 719 1196 763 τὸν
1230 721 1390 776 χρόνον
1421 720 1600 771 οἰκότως
1629 720 1762 772 αὐτὸς

507 797 674 842 ἑωυτοῦ
703 798 788 854 ῥέει
817 804 963 857 πολλῷ
991 799 1298 854 ὑποδεέστερος
1321 799 1348 855 ἢ
1369 804 1446 842 τοῦ
1467 800 1638 854 θέρεος·
1668 799 1763 842 τότε

508 878 586 931 μὲν
623 877 705 932 γάρ
745 878 848 932 μετὰ
885 877 1062 921 πάντων
1099 883 1186 921 τῶν
1222 877 1397 922 ὑδάτων
1440 881 1539 922 ἰ’σον
1583 879 1762 928 ἕλκεται,

505 955 584 1000 τὸν
614 957 659 1000 δὲ
688 961 896 1013 χειμῶνα,
936 961 1099 1012 μοῦνος
1127 957 1322 1010 πιέζεται.
1377 958 1495 1000 οὕτω
1529 957 1606 1001 τὸν
1637 957 1762 1013 ἥλιον

503 1035 712 1091 νενόμικα
749 1035 916 1079 τούτων
966 1037 1107 1079 αἴτιον
1154 1035 1274 1079 εἶναι.

1342 1039 1489 1087 Αἴτιος
1536 1037 1581 1079 δὲ
1619 1034 1758 1086 ὦυτός
1771 1043 1787 1074 1

509 1109 657 1166 οὗτος,
688 1114 797 1158 κατὰ
824 1113 1003 1171 γνώμην
1031 1115 1110 1171 τὴν
1139 1115 1268 1172 ἐμήν,
1298 1116 1371 1159 καὶ
1399 1114 1477 1158 τὸν
1506 1113 1611 1171 ἠέρα
1631 1115 1764 1171 ξηρὸν

447 1304 556 1337 mem,
574 1291 636 1327 ubi
651 1288 823 1327 remotior
838 1301 859 1325 a
870 1288 1015 1338 reliquis
1028 1293 1101 1327 ter-

448 1347 496 1383 ris
523 1351 764 1383 commoratur
793 1346 829 1381 in
855 1346 1099 1394 superioribus

446 1403 653 1451 regionibus
680 1403 721 1449 (i.
741 1417 771 1440 e.
793 1402 908 1449 magis
931 1401 1097 1438 australi-

447 1459 548 1506 bus),
579 1471 599 1495 e
618 1459 732 1494 fluviis
751 1456 967 1505 reliquarum
986 1462 1098 1494 terra-

448 1527 527 1551 rum
550 1513 598 1549 nil
626 1527 741 1562 aquae
768 1512 948 1549 attrahere
975 1517 1098 1562 potest

447 1583 561 1618 usque
582 1570 630 1605 ad
655 1569 803 1607 aestatis
830 1573 993 1617 tempus,
1024 1582 1095 1617 quo

448 1638 491 1663 ex
522 1625 588 1661 illis
618 1625 704 1661 locis
738 1624 980 1673 superioribus
1019 1624 1096 1669 (ad

448 1693 542 1730 quae
569 1681 705 1730 frigore
731 1679 894 1730 repulsus
928 1681 1028 1727 erat)
1060 1681 1095 1716 in

446 1737 604 1774 medium
623 1737 760 1774 coelum
789 1736 882 1772 redit
907 1748 948 1772 ac
968 1736 1096 1771 fluvio-

444 1806 522 1829 rum
544 1805 696 1840 aquam,
726 1791 822 1828 cuius
843 1796 983 1839 partem
1001 1804 1096 1827 nunc

446 1849 494 1885 ad
516 1861 555 1884 se
574 1848 694 1894 trahit,
719 1847 904 1883 imminuit.
917 1866 973 1873 —
987 1841 1094 1896 χώρη

444 1901 770 1955 κεχαραδρωμένη
789 1914 810 1938 a
821 1902 1020 1950 Schweigh.
1034 1915 1095 1939 ex-

443 1961 590 2010 ponitur
605 1962 701 2008 regio
723 1958 928 1995 torrentibus
942 1970 1095 1995 excava-

444 2021 495 2064 ta,
518 2021 558 2053 ut
574 2016 653 2063 Vn,
675 2018 763 2056 176.

497 2074 576 2111 τῶν
589 2087 628 2110 τε
637 2070 795 2122 ὄμβρων
814 2064 1094 2109 ἐπιλειπόντων

443 2125 613 2179 αὐτούς]
636 2129 658 2164 i.
680 2142 710 2166 e.
736 2127 872 2177 quando
885 2127 1028 2176 pluviae
1039 2139 1093 2163 eos

443 2186 590 2231 (fluvios
604 2185 695 2232 scil.)
713 2184 890 2234 deficiunt,
906 2197 933 2219 s.
947 2187 1090 2219 cessant.

443 2242 550 2278 Conf.
566 2242 718 2279 Werser.
731 2241 768 2277 in
782 2241 873 2276 Actt.
895 2239 991 2289 phill.
1008 2239 1090 2275 Μο-

441 2310 538 2334 nacc.
560 2298 585 2344 l,
609 2299 628 2337 1
652 2310 687 2345 p.
710 2299 774 2338 86.
803 2296 842 2331 ln
864 2308 965 2344 seqq.
988 2295 1034 2331 ob
1048 2295 1089 2331 li-

440 2354 584 2390 brorum
598 2353 781 2390 meliorum
798 2364 1011 2388 consensum
1033 2364 1090 2389 re-

440 2410 525 2459 liqui
544 2405 718 2456 οἰκότως,
739 2421 817 2445 cum
829 2407 1021 2444 minimain
1034 2407 1087 2444 his

440 2466 565 2502 formis
590 2470 759 2502 constans
779 2465 823 2500 sit
835 2464 1003 2500 historiae
1023 2476 1089 2512 pa-

438 2526 504 2559 ter.
535 2522 631 2558 Infra
649 2522 694 2567 ll,
715 2524 767 2562 27
789 2515 894 2564 οἰκός
914 2524 1028 2556 exstat
1041 2519 1089 2555 si-

441 2591 486 2614 ne
511 2577 582 2614 ulla
602 2577 763 2614 lectionis
791 2576 972 2611 varietate.
1030 2575 1087 2610 Ad

440 2634 567 2671 verba:
599 2629 715 2678 αὕτός
739 2631 888 2670 ἑωυτοῦ
909 2653 963 2657 —
991 2628 1088 2668 ὕπο-

441 2687 638 2739 δεέστερος
667 2690 760 2726 conf.
783 2687 912 2724 Matth.
934 2687 998 2723 Gr.
1023 2688 1088 2724 Gr.

496 2796 564 2837 τὸν
578 2797 620 2838 δὲ
639 2802 822 2850 χειμῶνα,
840 2800 987 2849 μοῦνος
1007 2797 1087 2837 πιέ-

440 2853 555 2903 ζεται]
587 2856 658 2892 Per
675 2856 825 2893 hiemem
846 2855 942 2892 solus
973 2856 1089 2892 omni-

1167 1301 1225 1324 um
1247 1288 1437 1324 fluviorum
1447 1288 1553 1325 Nilus
1567 1289 1608 1336 (a
1620 1287 1714 1335 sole)
1735 1300 1819 1337 pre-

1167 1345 1274 1381 mitur
1292 1358 1537 1393 magnamque
1548 1357 1721 1394 aquarum
1735 1344 1818 1379 inde

1167 1401 1295 1437 amittit
1316 1402 1472 1450 copiam,
1503 1414 1609 1450 qui-21m
1636 1400 1689 1436 sol
1709 1400 1755 1435 ad
1777 1412 1817 1435 se

1166 1457 1335 1502 attrahit,
1380 1458 1440 1504 qui
1470 1457 1614 1504 frigoris
1645 1468 1752 1492 causa
1781 1455 1817 1490 in

1165 1511 1271 1548 hasce
1289 1512 1415 1561 plagas
1428 1512 1601 1549 australes
1616 1524 1816 1560 regressus,

1163 1567 1232 1604 illic
1259 1569 1421 1604 subsistit
1448 1568 1607 1617 Niloque
1631 1568 1734 1616 quasi
1763 1568 1816 1602 in-

1164 1624 1319 1670 cumbit,
1349 1625 1413 1660 sed
1436 1625 1582 1660 aestatis
1603 1629 1767 1673 tempore
1780 1624 1815 1659 iu

1163 1680 1319 1716 medium
1341 1680 1477 1716 coelum
1500 1681 1580 1717 hine
1598 1692 1814 1729 progressus

1162 1748 1237 1771 non
1257 1735 1408 1784 amplius
1430 1749 1450 1772 e
1479 1736 1563 1771 Nilo
1594 1735 1671 1771 solo
1698 1748 1815 1784 aquae

1163 1791 1303 1839 copiam
1329 1791 1504 1836 adsumit,
1544 1804 1666 1828 verum
1699 1803 1816 1840 aequo

1162 1847 1272 1882 modo
1294 1860 1337 1883 ex
1363 1847 1528 1884 omnibus
1543 1847 1689 1893 fluviis,
1718 1848 1815 1884 unde

1161 1907 1441 1940 consentaneum
1460 1908 1526 1950 est,
1556 1903 1678 1940 Nilum
1701 1904 1816 1939 mino-

1162 1971 1238 1995 rem
1259 1972 1375 2007 aquae
1403 1960 1544 2009 copiam
1569 1960 1733 1998 amittere
1753 1972 1814 1997 ae-

1162 2015 1262 2051 statis
1305 2020 1486 2064 tempore,
1526 2029 1634 2064 quam
1675 2016 1812 2063 hiemis,

1161 2070 1319 2119 indeque
1355 2072 1462 2108 etiam
1488 2073 1659 2109 maiorem
1695 2073 1812 2122 ipsum

1159 2128 1271 2163 fluere
1287 2127 1422 2163 aestivo
1442 2140 1547 2175 quam
1561 2128 1709 2164 hiberno
1720 2132 1812 2164 tem-

1158 2195 1258 2231 pore.
1290 2183 1466 2219 Herodoti
1489 2184 1703 2220 sententiam
1726 2183 1809 2220 Plu-

1155 2238 1277 2274 tarcho
1290 2251 1433 2286 quoque
1441 2244 1752 2276 commemoratam
1763 2240 1810 2277 ‹le

1156 2293 1274 2343 placit.
1300 2293 1501 2344 philosoph.
1526 2294 1587 2342 lv,
1614 2299 1634 2336 1
1657 2309 1693 2345 p.
1713 2297 1809 2342 898,

1155 2349 1187 2385 A
1209 2351 1363 2387 refutare
1379 2355 1527 2387 conatus
1547 2356 1603 2388 est
1620 2351 1807 2389 Diodorus

1155 2405 1297 2442 Siculus
1317 2405 1344 2452 l,
1363 2407 1429 2446 38.

1341 2490 1372 2526 C
1384 2503 1451 2541 ap.
1481 2489 1615 2529 XXVI.

1214 2573 1337 2619 αἴτιος
1350 2572 1392 2612 δὲ
1413 2570 1535 2620 ὦυτὸς
1548 2567 1727 2620 οῦτος-
1738 2572 1806 2612 καὶ

1156 2627 1225 2669 τόν
1244 2627 1342 2679 ἠ’έροι
1372 2628 1490 2679 ξηρὸν
1516 2627 1580 2667 τᾶν
1611 2624 1732 2683 ταύτῃ
1755 2626 1805 2668 εἶ-

1156 2684 1244 2736 ναι]
1277 2687 1371 2723 Ante
1398 2687 1506 2723 verba
1536 2682 1606 2725 τόν
1627 2684 1805 2737 ἠέρα,-

1158 2738 1273 2788 εἶναι,
1305 2755 1398 2790 quac
1420 2743 1465 2779 ab
1488 2741 1611 2788 αἴτιος
1630 2743 1804 2791 pendent,

1156 2812 1229 2835 non
1265 2799 1472 2835 addendum
1512 2799 1621 2845 τοῦ,
1680 2809 1803 2835 verum

1156 2860 1276 2892 mente
1298 2855 1587 2903 intelligendum,
1610 2859 1647 2890 ut
1667 2854 1714 2900 ll,
1736 2854 1801 2894 20.
