1877 3223
633 212 851 251 CLIO.
907 211 936 250 Ι.

1329 209 1412 250 221

157 325 407 381 Ἀθηναῖος,
454 323 527 368 καὶ
554 321 821 380 θεησάμενος
858 319 998 364 πάντα
1039 319 1116 363 τὸν
1144 319 1310 363 ἑωυτοῦ
1341 317 1411 361 ὅλ-

161 407 244 461 βον
275 403 631 459 ἀποφλαυρίσειε·
664 399 736 444 οἷα
766 399 817 456 δὴ
850 401 992 451 ε’ίπας,
1025 397 1131 442 ὥστε
1164 395 1280 453 αὐτῷ
1309 396 1414 440 ποίν-

162 500 216 526 τα
245 481 510 538 ἀποβεβήκοι
539 484 671 539 τῇπερ
703 478 864 529 ἐκεῖνος
894 476 1003 531 εἶπε,
1035 476 1165 520 οὐδέν
1185 494 1225 520 τι
1247 479 1415 532 μᾶλλον

161 563 205 614 ἐς
234 561 397 606 ἑωυτὸν
426 562 584 617 λέγων,
632 559 661 616 ἢ
691 560 732 610 ἐς
764 558 880 602 ἅπαν
917 555 966 600 τὸ
1000 554 1303 610 ἀνθρώπινον,
1343 555 1471 599 καὶ90

161 641 345 698 μάλιστα
385 639 489 691 τούς
529 638 649 694 παρὰ
679 640 802 694 σφίσι
842 636 1010 680 αὐτοῖσι
1040 635 1272 686 δοκέοντας
1301 634 1415 690 ὀλβί-

163 737 240 772 ους
278 718 401 763 εἶναι.

465 716 555 761 Τὸν
592 719 670 773 μὲν
718 720 914 772 Κροῖσον
952 719 1087 760 ταῦτα
1125 713 1412 770 ἀπηγέεσθαι·

161 802 237 854 τῆς
267 798 312 841 δὲ
341 801 480 853 πυρῆς
508 796 591 853 ἤδη
611 795 800 852 ἁμμένης
811 827 823 847 ,
852 797 1052 839 καίεσθαι
1079 793 1132 837 τὰ
1149 793 1414 849 περιέσχατα.

133 876 238 920 7καὶ
276 876 353 919 τὸν
389 879 542 931 Κῦρον
578 873 828 919 ἀκούσαντα
866 878 955 918 τῶν
995 873 1214 929 ἑρμηνέων
1242 871 1296 916 τὰ
1327 871 1416 916 εἶπε

163 958 379 1010 Κροῖσος,
436 953 702 1010 μεταγνόντα
738 970 800 1007 τε,
859 954 932 997 καὶ
970 951 1217 996 ἐννώσαντα
1247 950 1314 994 ὅτι
1342 952 1416 995 καὶ

163 1032 296 1085 αὐτὸς
327 1034 561 1090 ἄνθρωπος
591 1033 699 1085 ἐών,
732 1032 862 1076 ἄλλον
893 1031 1148 1088 ἄνθρωπον,
1178 1028 1414 1087 γενόμενον
1427 1037 1471 1072 95

162 1112 329 1157 ἑωυτοῦ
359 1112 614 1170 εὐδαιμονίῃ
652 1111 733 1156 οὐκ
772 1112 961 1164 ἐλάσσω,
1010 1111 1174 1164 ζώοντα
1213 1110 1319 1165 πυρὶ
1359 1111 1416 1154 δι-

164 1194 260 1249 δοίη
273 1206 281 1216 ·

105 1399 228 1448 Viger.
272 1413 308 1449 p.
345 1401 438 1441 723.
476 1420 532 1427 ——
576 1397 755 1436 Notamus

104 1469 189 1493 vero
211 1457 248 1492 in
267 1456 322 1492 his
340 1456 569 1493 indicativum
591 1460 627 1492 et
651 1459 756 1505 opta-

103 1512 215 1549 tivum
240 1525 310 1549 uno
328 1514 403 1550 sere
416 1512 618 1560 eodemque
628 1515 756 1548 tenore

104 1572 192 1619 post
227 1564 286 1607 ὅτι
328 1569 504 1619 positum,
554 1581 598 1605 eo
629 1572 754 1604 tamen

106 1624 329 1672 discrimine,
359 1630 397 1661 ut
419 1625 456 1660 id
485 1625 584 1673 quod
609 1637 648 1661 re
672 1636 758 1660 vera

106 1680 252 1727 accidit,
282 1694 347 1731 per
364 1681 594 1717 indicativum
615 1673 756 1730 (ἦλθε)

107 1737 153 1772 sit
171 1736 362 1786 proiatum,
388 1738 487 1785 quod
507 1749 591 1772 vero
614 1749 656 1774 ex
668 1736 757 1772 alius

107 1793 284 1829 referatur
300 1792 520 1840 cogitatione
531 1787 575 1839 (α’
580 1806 628 1830 πο
635 1794 758 1840 φλαυ-

108 1848 247 1899 ρίσειε)
275 1861 341 1897 per
362 1849 569 1897 optativum.
600 1848 659 1885 De
686 1860 757 1895 quo

107 1905 179 1941 vid
213 1904 576 1941 Matth.m0nente1n
607 1903 643 1954 ἓ.
676 1905 758 1945 529

108 1961 337 2011 pag.1031

167 2011 231 2054 οἷα
261 2012 310 2064 δη
345 2014 479 2061 είπας,
519 2009 616 2052 ὥστε
649 2006 760 2066 αὐτῷ

108 2067 239 2110 πάντα
281 2067 531 2121 αποβεβήκοι
558 2072 683 2123 τῇπερ
717 2069 758 2108 ἐ-

108 2133 238 2173 κεῖνος
267 2125 373 2172 εἶπε]
416 2127 540 2164 Secuti
567 2140 689 2162 sumus
721 2125 757 2162 in

107 2184 188 2221 loco
211 2184 361 2221 multum
379 2187 506 2220 vexato
537 2195 616 2219 eam
635 2182 758 2219 lectio-

109 2254 214 2287 nem,
244 2253 352 2289 quam
380 2239 546 2287 Schwgh.
582 2242 618 2274 et
648 2239 758 2274 Gais-

108 2297 248 2333 fordius
275 2296 554 2340 constituerunt,
583 2294 652 2331 hoc
680 2295 758 2332 fere

110 2365 238 2390 sensu:
270 2354 427 2402 „quippe
452 2354 506 2388 ita
534 2351 690 2397 locutus,
718 2354 757 2386 ut

111 2410 181 2456 ipsi
209 2411 323 2445 omnia
352 2421 427 2444 eum
453 2410 489 2444 in
518 2407 654 2443 modum
682 2419 759 2442 eve-

112 2466 242 2511 nerent,
266 2468 372 2514 prout
397 2464 456 2500 zlle
477 2464 678 2500 ριῖιζιιεεθΐ.“
716 2463 760 2499 In

114 2514 180 2558 οἷα
199 2517 268 2568 δη,
299 2521 399 2568 quod
418 2521 631 2556 Herodoteo
660 2532 760 2555 more

115 2576 247 2625 excipit
277 2571 372 2614 ὥστε
357 2600 392 2621 ‚
423 2589 528 2612 neruo
557 2576 607 2611 ita
630 2575 760 2612 haere-

113 2631 188 2677 bit,
218 2636 257 2667 ut
280 2631 593 2677 emendamveht,
612 2631 761 2678 idquod

114 2685 193 2722 aliis
214 2687 250 2723 in
278 2692 435 2724 mentem
454 2688 572 2732 venit,
603 2687 761 2723 scriben-

114 2742 231 2779 tibus:
263 2739 328 2781 οἷα
351 2739 399 2793 δὴ
424 2742 555 2788 εἴπας,
594 2739 641 2780 τοὶ
659 2738 758 2780 αὐτὰ

114 2812 148 2834 κ.
170 2812 201 2835 τ.
223 2801 255 2837 λ.
284 2799 403 2834 invitis
428 2803 524 2835 certe
543 2798 659 2845 libris,
692 2812 759 2836 nee

114 2852 182 2889 loci
199 2855 378 2893 sententia
394 2867 544 2905 prorsus
560 2855 759 2903 flagitante.

338 1191 449 1249 πρός
483 1209 527 1237 τε
565 1191 782 1244 τούτοισι,
825 1192 1025 1234 δείσαντα
1054 1189 1134 1247 τήν
1162 1191 1297 1244 τίσιν,
1343 1188 1416 1234 καὶ

823 1398 992 1447 Denique
1007 1397 1190 1447 optativus
1211 1392 1471 1448 οἷποβεβήκοι,

823 1467 930 1503 quein
972 1454 1126 1490 restituit
1166 1454 1367 1502 Schweigh.
1405 1466 1472 1503 pro

821 1510 968 1559 vulgata
989 1509 1159 1545 librorum
1173 1509 1345 1546 lectione:
1376 1505 1474 1548 οἷπο-

823 1563 988 1618 βεβήκεέ
1018 1565 1059 1604 οἵ
1088 1565 1145 1603 vel
1173 1561 1396 1616 οἷποβέβηκέ
1423 1565 1474 1613 οἵ,

825 1636 868 1660 eo
897 1622 1015 1671 magis
1046 1635 1086 1660 se
1115 1624 1367 1669 commendat,
1401 1635 1474 1671 quo

826 1680 1001 1716 Gronovii
1019 1680 1110 1715 ratio
1131 1674 1240 1733 αὐτῷ
1260 1679 1301 1718 οἵ
1325 1680 1476 1715 coniun-

824 1736 944 1784 gentis
966 1739 1002 1773 et
1028 1748 1095 1784 pro
1116 1733 1246 1788 ἑωυτῷ
1265 1735 1475 1785 accipientis

824 1792 969 1828 minime
1010 1796 1106 1828 stare
1138 1795 1285 1841 potest,
1323 1805 1391 1828 nec
1418 1791 1475 1837 iis,

826 1860 919 1895 quae
939 1860 958 1883 e
980 1846 1118 1883 Nostro
1148 1848 1323 1896 scriptore
1350 1851 1476 1896 protu-

825 1902 882 1948 lit,
914 1902 1083 1950 exemplis
1099 1903 1291 1952 probatur,
1322 1903 1476 1939 docente

825 1958 1187 2005 Schweighaeusero‚
1208 1959 1268 2007 qui
1289 1959 1382 1995 bene
1397 1971 1476 1994 mo-

826 2019 910 2060 net,
942 2027 982 2050 se
1000 2026 1066 2050 uec
1086 2027 1257 2063 spernere
1277 2009 1476 2065 ἀποβεβή-

826 2084 888 2107 κεε
936 2074 1086 2119 propter
1130 2070 1477 2120 plusquamperfecti

826 2139 931 2162 usum
960 2126 995 2161 in
1025 2130 1149 2161 nostro
1178 2127 1353 2175 scriptore
1379 2127 1477 2163 haud

826 2183 1103 2230 infrequentem,
1121 2183 1168 2219 de
1189 2195 1261 2232 quo
1280 2183 1352 2219 vid.
1370 2183 1475 2230 1,79.

828 2241 880 2279 84
901 2238 986 2287 ibiq.
1006 2241 1099 2274 nott.

885 2345 1004 2388 οὐδέν
1024 2364 1061 2388 τι
1082 2348 1244 2401 μᾶλλον]
1260 2350 1298 2387 In
1310 2351 1476 2400 Schwgh.

827 2406 987 2443 editione
1032 2406 1247 2457 impressum
1281 2408 1385 2443 video
1427 2422 1478 2447 τε

827 2476 894 2512 pro
916 2477 977 2509 τι,
1008 2462 1104 2499 nulla
1122 2464 1160 2499 in
1184 2463 1269 2499 Var.
1286 2463 1400 2501 Lectt.
1421 2465 1478 2501 fa-

829 2523 885 2555 cta
916 2519 1096 2555 mentione
1109 2548 1119 2565 ‚
1165 2523 1204 2555 ut
1248 2521 1368 2569 operis
1408 2520 1476 2558 hoc

829 2576 989 2611 dandum
1001 2588 1081 2612 esse
1091 2576 1245 2612 credam.
1260 2575 1361 2612 —In
1372 2589 1475 2626 seqq.

827 2627 874 2669 τα
914 2630 1142 2681 περιέσχατα
1179 2636 1262 2668 sunt
1296 2636 1478 2670 extremae

827 2688 907 2735 rogi
937 2693 1081 2737 partes,
1121 2700 1215 2736 quae
1253 2689 1478 2725 circumcirca

827 2747 933 2789 sunt,
965 2748 1003 2779 ut
1023 2743 1067 2789 V,
1088 2746 1177 2784 101.
1193 2744 1308 2781 ——De
1329 2743 1381 2782 ἐν
1395 2760 1416 2783 ν
1430 2741 1478 2782 ω’·

829 2811 883 2836 σα
898 2814 980 2836 vva
1012 2800 1082 2835 vid.
1116 2812 1228 2849 supra
1254 2801 1301 2836 ad
1332 2800 1367 2846 Ι,
1403 2803 1476 2846 68;

827 2856 873 2892 dc
894 2852 1170 2906 ἐπιλεξάμενον
1188 2855 1225 2902 Ι,
1249 2857 1314 2897 78.
