1909 3228
475 252 560 293 596
875 247 1345 288 HERODOTI

347 359 414 405 48
472 358 735 415 ὀπτήσαντες
761 355 944 408 ταύτας,
975 355 1154 399 θύουσι.
1219 360 1290 412 Τῷ
1320 358 1365 400 δὲ
1394 356 1626 415 Διονύσῳ,
1655 360 1732 413 τῆς

149 422 292 459 quomodo
347 424 423 451 flac-

152 457 225 485 cho:
260 457 345 483 huius
379 457 423 485 se-

148 495 227 519 ntum
245 495 277 518 ut
288 493 389 525 agant.

479 436 608 492 ὁρτῆς
636 439 689 493 τῇ
719 437 897 492 δορπίῃ,
942 440 1094 491 χοῖρον
1131 434 1217 490 πρὸ
1249 439 1337 478 τῶν
1364 437 1536 490 θυρέων
1567 436 1733 492 σφάξας

477 515 676 567 ἕκαστος,
728 515 845 558 διδοῖ
882 513 1184 570 ἀποφέρεσθαι
1217 512 1295 557 τὸν
1336 519 1486 569 χοῖρον
1524 514 1640 574 αὐτῷ
1670 519 1730 572 τῷ

449 592 740 648 Ξᾶποδομένῳ
773 596 861 636 τῶν
890 594 1130 649 συβωτέων.
1177 593 1255 649 τὴν
1284 592 1328 635 δὲ
1359 591 1493 648 ἄλλην
1521 593 1732 648 ἀνάγουσι

476 671 606 727 ὁρτὴν
634 674 694 730 τῷ
723 672 927 730 Διονύσῳ
959 675 1002 716 οἱ
1032 670 1292 727 Αἰγύπτιοι,
1321 671 1432 727 πλὴν
1453 675 1622 727 χορῶν,
1653 688 1730 714 κα-
1744 676 1787 713 45

445 750 528 793 3τοὶ
559 748 692 794 ταύτὰ
723 750 875 806 σχεδὸν
911 750 1053 795 πάντα
1080 751 1271 807 ”Ελλησι.
1331 749 1430 794 ἀντὶ
1459 751 1504 794 δὲ
1534 755 1731 806 φαλλῶν,

475 827 584 872 ἄλλα
613 831 693 886 σφί
721 829 809 873 ἐστι
846 829 1108 886 ἐξευρημένα
1148 829 1254 874 ὅσον
1292 845 1336 873 τε
1372 834 1564 886 πηχυαῖα
1603 829 1734 886 ἀγάλ-

475 924 590 963 ματα
627 908 953 964 νευρόσπαστα,
1003 909 1055 952 τά
1085 908 1398 966 περιφορέουσι
1435 907 1543 952 κατὰ
1585 909 1734 965 κώμας

598 1093 706 1144 Cap.
737 1092 903 1131 valn.

479 1178 551 1227 τῆς
568 1174 688 1228 ὁρτῆς
711 1179 764 1231 τῇ
789 1176 956 1231 δορπίῃ]
987 1177 1010 1214 i.
1039 1190 1071 1215 e.

421 1233 602 1283 ‚,vesper‹t‚
614 1247 702 1283 quae
712 1234 847 1283 festum
858 1235 1071 1281 antecedstf‘

423 1294 465 1326 ut
492 1293 588 1327 recte
613 1291 870 1340 interpretatur
888 1291 1073 1339 Schweig-

422 1346 586 1383 haeuser.
643 1345 854 1383 Admonent
876 1346 1071 1396 Apaturio-

422 1415 503 1439 rum
524 1402 606 1438 sesti
627 1402 693 1448 (de
713 1415 785 1451 quo
810 1402 844 1448 l,
868 1404 979 1448 147),
1010 1403 1070 1439 ubi

422 1458 558 1508 primus
588 1457 664 1494 dies
695 1458 890 1494 vocabatur
914 1458 1071 1507 Δορπία

420 1525 569 1551 acoena
591 1513 757 1560 solemni,
773 1512 957 1561 asingulis
980 1526 1070 1561 gen-

420 1570 516 1606 tibus
536 1569 725 1606 familiisve
750 1582 901 1618 vespere
924 1569 1068 1606 institu-

420 1625 470 1662 ta.
509 1625 567 1662 De
584 1637 655 1674 quo
677 1629 822 1675 praeter
845 1625 1068 1672 Hesychium

421 1693 464 1718 ac
485 1681 634 1717 suidam
657 1694 683 1717 s.
696 1694 728 1717 V.
748 1675 948 1732 Ἀπατουρ.
973 1682 1067 1718 conf.

420 1735 551 1773 Athen.
579 1736 627 1772 lV
658 1749 744 1785 pag.
768 1739 859 1782 171,
884 1737 931 1773 D.
980 1736 1069 1773 Ani-

421 1793 617 1829 madverss.
640 1796 664 1828 t.
684 1792 715 1827 ll
744 1805 779 1841 p.
800 1795 879 1832 613
900 1792 1066 1840 Schwgh.

420 1870 476 1875 —
494 1848 551 1885 De
573 1843 798 1885 ἀποδόσθαι
819 1847 998 1895 (vendere)
1022 1849 1067 1884 cf.

420 1903 450 1951 I,
469 1907 534 1944 70.
564 1904 605 1940 In
625 1916 727 1952 seqq.
748 1899 821 1953 τήν
844 1900 966 1953 ἄλλην
988 1902 1070 1954 ἔορ-

421 1957 496 2008 τήν
523 1972 609 1997 cave
634 1959 806 2008 accipias:
848 1960 923 1996 alia
951 1960 1070 2009 Aegy-

414 2018 567 2066 ptiorum
589 2015 781 2065 Dionysia,
813 2029 890 2052 cum
919 2016 991 2052 sint
1014 2029 1069 2052 re-

418 2072 517 2122 liqua
536 2072 683 2108 eiusdem
694 2071 788 2121 festi
805 2071 979 2120 solemnia,
991 2085 1069 2109 mo·-

418 2134 527 2166 nente
550 2128 905 2176 Schweighaeusero.

474 2208 580 2263 πλήν
615 2213 746 2263 χορῶν
765 2240 776 2258 ‚
815 2209 912 2250 stam*
945 2207 1067 2250 ταῦτοέ

421 2265 553 2318 σχεδὸν
573 2264 704 2306 πάντα
722 2263 909 2318 ΓἸἰίὶλησι]
939 2270 1070 2319 χορῶν

422 2324 587 2362 meliores
621 2325 742 2374 scripti
773 2325 940 2362 exhibent
967 2324 1071 2370 libri3

422 2381 566 2431 χοίρων
593 2394 636 2418 ex
653 2380 785 2417 Aldina
798 2412 808 2427 ,
839 2380 991 2430 aliisque
1011 2393 1071 2417 co-

422 2437 559 2474 dicibus
570 2437 685 2474 tenuit
698 2437 974 2485 Wesselingius,
989 2450 1070 2473 cum

423 2505 548 2529 sensus
568 2494 614 2530 sit
629 2493 699 2529 alia
710 2493 970 2543 Aegyptiorum
980 2492 1070 2529 Dio-

423 2549 525 2596 nysia
554 2562 575 2585 a
593 2549 812 2586 Graecorum
838 2548 1070 2585 Bacchanali-

423 2605 488 2640 bus
510 2605 566 2640 vix
593 2605 760 2652 differre,
788 2605 986 2653 eademque
1015 2605 1067 2640 vi-

424 2661 501 2698 deri
517 2661 677 2710 exceptis
696 2661 818 2697 suibus
845 2657 969 2710 (πλήν
987 2659 1067 2710 χοί-

424 2717 537 2764 ρων),
566 2729 656 2764 quas
677 2717 840 2753 nimirum
858 2717 905 2753 illi
927 2717 962 2753 in
978 2715 1068 2752 Dio-

424 2772 576 2817 nysiacis
601 2772 709 2808 sacris
736 2765 808 2809 non
826 2771 1066 2809 adhibuerint.

426 2826 500 2862 Sed
520 2830 663 2875 praeter
687 2827 871 2864 meliorum
898 2829 1066 2865 librorum

423 2882 667 2918 auctoritatem
691 2882 778 2920 illud
806 2885 1003 2921 tenendum
1030 2883 1067 2921 in

1141 1094 1366 1131 Graecorum
1385 1093 1512 1140 sacris,
1541 1096 1581 1130 ut
1599 1091 1707 1143 paulo
1725 1104 1791 1129 an-

1140 1154 1179 1187 te
1209 1150 1384 1197 diximus,
1414 1149 1641 1197 Dionysiacis
1661 1149 1789 1197 utique

1140 1206 1411 1243 commemorari
1433 1219 1514 1243 sues
1546 1206 1657 1251 (conf.
1679 1204 1788 1242 schol.

1140 1263 1188 1298 ad
1218 1261 1403 1311 Aristoph.
1432 1262 1527 1298 Ran.
1563 1261 1639 1302 341
1667 1261 1791 1309 ibique

1140 1318 1370 1369 Spauhem.),
1389 1318 1610 1367 easdemque
1632 1317 1789 1355 crebrius

1138 1375 1296 1424 conspici
1331 1375 1366 1410 in
1394 1376 1489 1411 vasis
1528 1375 1654 1424 pictis,
1694 1386 1789 1421 quae

1137 1431 1184 1466 ad
1229 1430 1382 1477 Dionysi
1412 1429 1542 1466 cultum
1571 1429 1790 1479 pertinentia

1136 1485 1173 1521 in
1201 1485 1342 1521 Graeca
1362 1486 1493 1533 magna
1521 1490 1664 1534 reperta
1691 1490 1786 1522 sunt.

1137 1540 1218 1577 Vid.
1240 1541 1370 1577 Creuz.
1392 1541 1515 1589 symb.
1536 1540 1583 1577 ΙΙΙ
1604 1554 1688 1591 pag.
1702 1542 1787 1582 332

1137 1610 1213 1645 seq.
1281 1597 1405 1640 Quare
1445 1597 1671 1634 retinendum
1708 1612 1787 1647 χο-

1137 1667 1158 1703 ρ
1173 1655 1260 1700 ὦν,
1292 1654 1504 1702 praesertim
1531 1667 1610 1690 cum
1632 1667 1788 1702 sequen-

1135 1709 1185 1745 tia
1204 1721 1349 1756 quoque
1372 1710 1482 1745 verba
1497 1722 1576 1745 eam
1596 1709 1787 1747 lectionem

1136 1765 1390 1801 commendare
1409 1765 1608 1801 videantur.
1640 1765 1680 1801 In
1702 1766 1787 1802 cho-

1137 1820 1185 1856 ris
1233 1820 1326 1856 enim
1370 1820 1516 1856 differre
1561 1820 1697 1858 Noster
1737 1822 1787 1858 ait

1138 1876 1361 1911 Graecorum
1386 1875 1563 1924 Dionysia
1590 1877 1634 1914 ab
1661 1877 1787 1926 Aegy-

1138 1932 1243 1981 ptiis,
1278 1932 1473 1980 statimque
1501 1933 1662 1980 subiicit,
1693 1947 1788 1983 quae

1138 2001 1181 2025 eo
1194 1988 1377 2036 pertinent
1397 1987 1569 2025 solemnia
1586 1989 1631 2026 de
1645 1989 1786 2039 phallis,

1137 2044 1278 2092 utrique
1317 2044 1419 2092 genti
1458 2044 1554 2081 haud
1592 2046 1703 2095 paria.
1731 2068 1787 2072 —

1137 2129 1160 2147 ,‚
1171 2099 1389 2149 Anaglypha
1409 2105 1444 2137 et
1454 2101 1612 2150 picturae
1628 2102 1673 2137 ad
1688 2104 1787 2150 φαλ-

1136 2152 1207 2194 λόν
1226 2156 1448 2205 pertinentes
1465 2156 1597 2194 multae
1621 2157 1786 2194 visuntur

1135 2212 1172 2247 in
1192 2212 1428 2248 monumentis
1440 2212 1670 2261 Aegyptiacis
1681 2226 1788 2262 prae-

1137 2268 1260 2304 sertim
1300 2266 1512 2314 Thebaicis,
1558 2269 1719 2317 inprimis
1748 2270 1786 2306 in

1136 2323 1270 2374 palatio
1296 2336 1411 2373 prope
1433 2323 1585 2359 Karnak
1615 2330 1651 2360 et
1671 2325 1706 2361 in
1728 2339 1786 2363 se-

1136 2379 1268 2429 pulcris
1302 2392 1436 2427 regum.
1495 2379 1578 2416 vid.
1599 2380 1780 2431 Descript.

1137 2436 1182 2471 de
1205 2434 1295 2483 l'Eg.
1322 2435 1351 2470 11
1372 2448 1407 2484 p.
1424 2434 1502 2475 411
1537 2449 1612 2485 seq.
1634 2442 1669 2473 et
1688 2438 1782 2474 conf.

1137 2492 1242 2528 etiam
1264 2491 1515 2539 wyttenbach.
1536 2493 1582 2528 ad
1604 2492 1781 2530 Plutarch.

1135 2548 1182 2584 ‹le
1203 2547 1285 2583 isid.
1309 2560 1394 2597 pag.
1423 2548 1542 2588 186.‘⁴
1573 2547 1636 2585 Cr.

1191 2599 1393 2654 ἀγάλματα
1413 2600 1700 2654 νευρόσπαστα]
1718 2604 1737 2641 ἰ.
1749 2618 1782 2643 e.

1131 2662 1320 2708 imagines,
1354 2672 1440 2709 quae
1464 2672 1567 2696 nervo
1594 2664 1782 2708 moventur,

1131 2729 1235 2752 nervo
1255 2715 1413 2761 mobiles,
1443 2715 1567 2764 quales
1599 2716 1780 2753 Lucianus

1133 2785 1280 2821 quoque
1306 2776 1481 2809 memorat
1513 2772 1570 2818 (t.
1591 2772 1642 2809 lx
1669 2786 1704 2822 p.
1726 2774 1779 2813 99

1132 2829 1189 2865 ed.
1208 2828 1323 2879 Bip.),
1356 2829 1402 2865 de
1419 2828 1489 2864 dea
1506 2828 1587 2876 Syr.
1611 2831 1672 2868 16.
1704 2828 1779 2864 lam

1132 2897 1224 2933 quae
1264 2888 1464 2934 sequuntur
1497 2886 1617 2923 νεῦον
1641 2879 1684 2923 τὸ
1721 2882 1780 2922 αἰ-
