1909 3228
434 225 518 266 478

408 332 621 390 6ρήξουσι
657 327 847 384 πρώτην.
883 326 1015 382 τάπερ
1058 323 1122 371 ὧν
1157 328 1231 371 καὶ
1267 326 1447 382 ἐγένετο.

825 219 1294 260 HERODOT1

1517 328 1575 381 ὥς
1603 329 1685 385 γὰρ
1697 335 1743 369 3ο

435 412 575 467 διέτης
601 407 760 465 χρόνος
779 405 968 462 ἐγεγόνεε
996 410 1133 450 ταῦτα
1161 409 1221 464 τῷ
1246 407 1416 462 ποιμένι
1436 407 1686 463 πρήσσοντι,

435 489 656 544 ἀνοίγοντι
683 484 764 542 τὴν
791 485 938 542 θύρην
978 486 1050 529 καὶ
1087 484 1247 530 ἐσιόντι
1281 486 1335 529 τὰ
1362 487 1512 529 παιδία
1541 485 1687 542 ἀμφό-

346 600 359 610 .
434 584 536 622 τερα
575 566 902 622 προσπίπτοντα
937 563 1064 622 βεκὸς
1103 564 1318 621 ἐφώνεον,
1367 562 1577 620 ὀρέγοντα
1612 565 1687 617 τοὶς

378 783 604 832 inarticule‘s,
633 782 691 820 des
709 785 956 832 vagissements
974 785 1030 820 in-

377 841 557 880 articule‘s.
613 840 682 878 Est
719 840 816 878 enim
850 836 1029 891 κνύζημα

377 900 547 948 vagitus,
565 896 718 934 eiulatus
733 896 950 946 infantium,
971 910 1030 933 re-

379 969 463 994 cens
483 958 649 991 natorum
673 953 879 1004 praecipue.
917 953 1026 990 Conf.

379 1012 530 1049 Suidam
551 1024 580 1047 s.
593 1022 625 1047 v.
650 1014 686 1047 et
697 1009 853 1058 Gregor.
864 1009 1027 1046 Corinth.

379 1068 428 1106 de
449 1066 532 1104 dial.
552 1066 663 1104 Ionie.
687 1064 724 1116 ἓ.
749 1067 839 1106 113.

435 1121 578 1175 ἥντινα
590 1137 733 1174 φωνην
745 1117 912 1172 ῥήξουσι
921 1114 1027 1174 πρῶ-

379 1179 476 1231 την]
517 1179 635 1231 ρῆξαι
682 1175 827 1243 φωνὴν
872 1190 1028 1228 rumpere

379 1237 529 1286 (edere)
551 1248 666 1273 vocem
698 1235 769 1272 iam
800 1247 911 1285 supra
941 1247 1031 1272 eno-

379 1294 532 1332 tavimus
560 1291 604 1340 Ι,
641 1291 706 1333 85.
758 1290 855 1328 Add.
887 1290 932 1338 V,
961 1292 1028 1333 93.

379 1349 460 1387 Alia
495 1348 718 1386 laudavimus
759 1348 808 1384 ad
847 1347 1029 1385 Plutarch.

378 1404 492 1443 Alcib.
526 1417 612 1455 pag.
650 1407 725 1451 92,
768 1403 895 1453 quibus
932 1415 1030 1440 nunc

380 1462 479 1499 addo
507 1462 654 1510 copiose
683 1461 730 1497 de
756 1458 825 1496 hac
849 1459 1028 1497 locutione

380 1518 627 1568 disputantem
663 1515 875 1565 Kypkium‚
917 1515 1026 1552 Obss.

381 1586 487 1611 sacrr.
515 1572 563 1609 ad
585 1570 705 1610 Galat.
725 1570 788 1619 lv,
809 1574 863 1613 27
885 1584 921 1622 p.
946 1571 1029 1612 283

381 1629 490 1668 Tom.
514 1628 576 1666 ΙΙΙ.

439 1700 494 1732 ως
518 1681 593 1737 γαρ
620 1680 750 1733 διέτης
779 1677 922 1734 χρόνος
953 1679 1029 1732 ἐγε-

380 1736 493 1795 γόνεε
511 1743 635 1780 ταῦτα
653 1741 706 1792 τῷ
728 1738 886 1789 ποιμένι
906 1733 1029 1788 πρήσ-

382 1795 513 1848 σοντι]
578 1779 699 1833 Vertit
751 1794 1030 1831 Valckenarius:

376 1858 563 1906 postquam
591 1852 680 1888 enim
705 1851 778 1887 ista
796 1854 921 1900 pastor
931 1849 1032 1899 fece-

381 1914 439 1948 rat
470 1922 533 1961 per
568 1908 761 1954 bzeanum
798 1906 949 1943 laudans
985 1907 1032 1943 de

381 1965 560 2019 participii
591 1977 685 2011 usu,
714 1963 815 2012 quod
843 1963 880 1999 in
908 1962 1030 1999 dativo

383 2024 433 2061 sic
467 2021 584 2060 verbis
618 2020 828 2074 γίγνεσθαι
867 2032 896 2056 S.
928 2014 1031 2057 εἶναι

382 2078 518 2131 adponi
538 2077 651 2124 solet,
682 2075 914 2122 Herodotql
938 2077 1029 2116 113.

382 2135 455 2183 ΙΙΙ,
484 2135 549 2176 56-
582 2133 655 2180 IX,
685 2134 750 2174 38.
781 2131 948 2180 Thucyd.
967 2130 1031 2178 ΙΙΙ,

384 2195 436 2234 29
449 2220 459 2239 ,
479 2190 559 2228 alia.
607 2189 670 2227 Tu
690 2189 785 2226 conf.
807 2188 914 2225 etiam
932 2186 1032 2224 Mat-

382 2248 478 2285 thiae
499 2247 563 2283 Gr.
586 2246 652 2283 Gr.
675 2244 710 2296 ἓ.
733 2246 816 2286 388
837 2244 1031 2294 pag.711,

383 2304 446 2353 qui
477 2303 573 2340 idem
600 2303 647 2339 de
682 2301 752 2337 alio
783 2300 928 2347 dativo,
968 2298 1030 2348 qui

384 2360 553 2398 continuo
580 2357 743 2395 adiicitur
771 2357 882 2394 verbo
910 2365 1028 2405 προσ-

384 2417 595 2462 πίπτοντα,
625 2413 765 2451 monuit
782 2425 867 2463 pag.
887 2411 981 2453 735.

441 2482 553 2537 βεκὸς
582 2479 784 2534 ἐφώνεον]
825 2482 895 2520 ΑΙίἰ
919 2477 1031 2533 βεκὸς

385 2542 515 2592 duplici
544 2554 624 2578 cum
653 2541 757 2578 litera
789 2542 814 2577 ῐι
851 2537 1030 2576 exhibent.

387 2598 470 2642 Qua
487 2611 574 2635 voce
596 2610 721 2648 panem
750 2596 849 2646 apud
868 2594 1032 2643 Phryges

387 2654 591 2703 designari,
631 2654 724 2690 infra
759 2655 883 2688 monet
911 2650 1032 2688 Hero-

388 2709 514 2756 dotus,
551 2722 593 2747 cx
619 2722 692 2758 quo
717 2707 937 2756 Hesychius:
970 2707 1030 2756 βε-

388 2761 475 2811 κός·
508 2762 644 2816 ἄρτος-,-
681 2765 736 2802 cui
765 2764 861 2800 adde
886 2763 1031 2813 Hippo-

389 2821 502 2858 nactis
530 2821 644 2857 locum
684 2821 781 2870 apud
813 2819 1028 2856 Strabonem

393 2876 473 2913 Vlll
492 2889 527 2926 p.
547 2877 645 2923 524,
664 2876 706 2912 B.
730 2889 764 2926 p.
781 2876 862 2916 340
881 2875 937 2912 ed.
956 2875 1030 2911 Ca-

1098 783 1221 831 saub.‚
1249 783 1309 820 ubi
1330 782 1443 834 Cypri
1458 780 1592 820 incolas
1616 779 1744 819 eadem

1096 842 1147 877 uti
1169 853 1256 878 voce
1280 840 1456 891 proditur.
1514 838 1556 875 In
1575 850 1647 887 qua
1664 851 1744 875 cum

1099 926 1143 958 ος
1172 911 1314 948 Graeca
1331 910 1376 946 sit
1402 909 1626 956 terminatio,
1652 907 1747 945 Lar-

1097 967 1203 1005 chero
1218 965 1406 1017 probabile
1430 966 1593 1013 videtur,
1622 965 1742 1002 insan-

1095 1028 1150 1062 tes
1177 1023 1395 1061 exclamasse
1412 1022 1481 1072 βεκ
1510 1034 1553 1060 ex
1577 1021 1747 1058 imitatio-

1094 1093 1142 1118 ne
1163 1079 1260 1117 vocis
1290 1091 1487 1129 caprarum.
1547 1077 1653 1121 Quae
1683 1089 1746 1114 ea-

1096 1137 1178 1175 dem
1203 1135 1432 1173 inveniuntur
1473 1135 1509 1171 in
1549 1132 1669 1170 Schol.
1697 1132 1745 1169 ad

1095 1192 1266 1243 Apollon.
1289 1191 1409 1228 Rhod.
1431 1189 1494 1237 IV,
1516 1192 1598 1231 262
1628 1194 1666 1227 et
1683 1201 1742 1239 ap.

1096 1249 1199 1286 Suid.
1217 1262 1245 1286 s.
1266 1260 1299 1284 v.
1339 1247 1416 1284 Sed
1438 1246 1565 1284 Pollux
1582 1246 1617 1282 in
1638 1245 1744 1283 Ono-

1098 1309 1201 1342 mast.
1223 1304 1269 1352 V,
1290 1304 1437 1351 88,ubi
1457 1315 1644 1353 caprarum
1663 1314 1745 1340 esse

1097 1366 1220 1399 monet
1256 1356 1500 1411 φριμαγμὸς,
1538 1353 1744 1408 φριμάττε-

1099 1422 1215 1465 σθαι,
1255 1417 1343 1453 haec
1375 1416 1501 1462 addit,
1537 1414 1633 1451 haud
1671 1415 1744 1451 scio

1096 1486 1143 1511 an
1168 1478 1331 1509 nostrum
1376 1471 1492 1508 locum
1529 1483 1585 1508 res
1589 1470 1743 1520 piciens·

1096 1545 1150 1575 ως
1160 1523 1369 1578 Ηρόδοτος
1389 1526 1576 1575 ἔσφαλται
1591 1524 1745 1565 ἐπὶτῶν

1095 1586 1259 1637 βρεφῶν
1299 1587 1378 1622 τῶν
1418 1582 1606 1634 Φρυγίων
1640 1579 1743 1647 λόγῳ

1095 1643 1321 1693 βληχᾱσθαι
1357 1655 1426 1686 τας
1460 1634 1572 1690 αἶγας
1613 1634 1745 1689 οἰόμε-

1095 1713 1178 1744 νος.
1234 1696 1282 1733 At
1318 1708 1443 1733 vocem
1474 1696 1566 1745 βεκ,
1605 1695 1746 1732 abiecta

1099 1754 1242 1790 Graeca
1276 1752 1550 1798 terminatione,
1596 1750 1745 1799 originis

1098 1809 1279 1857 Phrygiae
1297 1820 1378 1845 esse
1394 1807 1505 1844 dubio
1517 1818 1638 1844 carere
1658 1806 1746 1843 scri-

1099 1865 1151 1902 bit
1170 1863 1396 1901 lablonskius
1419 1863 1571 1901 Dissert.
1595 1862 1642 1900 de
1659 1862 1747 1911 ling.

1097 1920 1260 1969 Lycaon.
1289 1920 1339 1967 (a
1367 1919 1432 1957 Cr.
1466 1919 1622 1968 citatus)
1649 1923 1675 1956 t.
1694 1918 1745 1955 ΙΙΙ

1098 1991 1134 2028 p.
1159 1978 1213 2018 68
1239 1976 1397 2026 Opuscc.
1435 1975 1567 2025 Neque
1596 1988 1641 2013 eo
1670 1987 1746 2012 non

1099 2035 1260 2084 spectat,
1289 2032 1388 2081 quod
1412 2032 1511 2082 apud
1533 2030 1747 2082 Aristopha-

1098 2103 1182 2127 nem
1209 2089 1326 2136 (Mb.
1361 2090 1462 2137 397)
1494 2087 1657 2136 aliosque
1682 2099 1745 2124 ex-

1100 2150 1171 2183 stat
1189 2142 1452 2195 βεκκεσὲληνε.
1468 2143 1622 2193 Scripsit
1636 2143 1744 2180 etiam

1098 2213 1215 2251 nuper
1248 2199 1422 2236 nonnulla
1468 2199 1515 2236 de
1553 2200 1618 2236 hac
1656 2211 1744 2236 voce

1098 2257 1269 2294 Volneius
1299 2254 1492 2303 (Chronol.
1526 2254 1742 2292 d’Herodot.

1098 2327 1133 2364 p.
1157 2315 1222 2354 28.
1253 2315 1305 2354 29
1327 2312 1445 2361 not),
1473 2310 1533 2348 ubi
1560 2310 1744 2360 Phrygum

1096 2370 1254 2418 linguam
1286 2368 1382 2405 haud
1415 2367 1522 2405 aliam
1565 2379 1646 2404 esse
1669 2366 1744 2404 vult

1096 2430 1206 2474 atque
1227 2423 1427 2470 Thracum,
1457 2425 1556 2461 uude
1580 2423 1744 2472 Phryges

1099 2481 1246 2518 omuino
1272 2481 1415 2517 oriundi
1443 2481 1596 2527 fuerint,
1625 2480 1745 2516 addit-

1100 2551 1170 2587 que
1194 2538 1230 2573 in
1254 2535 1592 2586 Anglo-Saxonum
1620 2534 1744 2584 lingua

1100 2598 1135 2630 to
1154 2592 1254 2630 Bake
1279 2593 1409 2643 (quod
1438 2592 1744 2642 pronuntiandum

1099 2651 1144 2686 sit
1176 2653 1235 2686 tou
1254 2648 1349 2697 Bek)
1379 2649 1581 2697 significare
1604 2660 1743 2698 panem.

1099 2706 1284 2753 „Gon-res.
1304 2707 1339 2742 in
1358 2704 1631 2753 Mythengesch.
1654 2705 1741 2752 ibiq.

1098 2762 1286 2798 Rudbeck.
1313 2761 1468 2799 Atlantis
1509 2765 1535 2797 t.
1561 2760 1572 2796 Ι
1601 2773 1636 2810 p.
1660 2761 1741 2801 808

1097 2831 1219 2855 vocem
1247 2818 1339 2854 illam
1374 2829 1451 2854 cum
1481 2816 1739 2853 Scandinavio-

1098 2887 1172 2910 rum
1193 2873 1297 2910 Balsa
1319 2873 1540 2922 couiponit.“
1571 2871 1634 2908 Cr.
