1909 3228
305 760 404 804 167

130 822 267 858 Dignitas
278 824 402 851 militum

127 866 201 892 prae
249 858 402 892 opificibus

128 891 204 925 apud
217 899 273 917 omi
276 901 318 917 ies
328 900 400 925 gen-

127 928 184 958 tes,
206 929 236 951 et
253 925 281 951 in
302 926 399 951 Grae-

126 959 172 984 cia
177 946 306 985 maxime
323 959 400 994 apud

125 991 377 1019 Lacedaemonia

126 1025 272 1052 Corinthii
316 1027 398 1053 mini-

125 1066 173 1084 me
210 1063 402 1088 contemnunt

126 1092 258 1127 opifices.

397 1532 481 1582 poll.
502 1532 524 1568 l.
544 1532 566 1568 l.
596 1533 629 1569 H
659 1546 694 1582 p.
715 1535 809 1573 227.

397 1588 473 1635 (X,
497 1591 517 1628 1
553 1602 589 1638 p.
609 1589 719 1635 573)
753 1590 896 1625 videtur
920 1603 1047 1627 nomus

461 175 547 215 864
859 177 1326 219 HERODOTI

463 283 665 339 φορίτης·
727 278 857 334 οὗτος
897 284 920 328 ὁ
958 286 1095 342 νομὸς
1134 287 1180 330 έν
1219 287 1340 346 νήσῳ
1380 291 1529 342 οἰκέει,
1573 290 1722 337 ἀντίον

432 361 738 417 ΞΒουβάστιος
766 361 932 414 πόλιος.
981 359 1103 409 οὗτοι
1133 367 1178 410 δὲ
1208 369 1251 411 οἱ
1285 370 1415 424 νομοὶ
1443 373 1723 426 Καλασιρίων

462 443 566 484 εἰσί·
599 438 850 495 γενόμενοι,
881 442 951 486 ὅτε
981 443 1050 487 ἐπὶ
1079 447 1305 498 πλείστους
1334 448 1553 503 ἐγενέατο,
1592 451 1716 495 πέντε
1732 460 1777 494 55

460 520 533 563 καὶ
564 521 703 562 εἴκοσι
731 521 940 575 μυριάδες
973 521 1159 577 ἀνδρῶν.
1222 524 1323 569 οὐδὲ
1358 526 1553 570 τούτοισι
1591 528 1722 580 ἔξεστι

459 597 612 654 τέχνην
650 598 891 655 ἐπασκῆσαι
932 600 1164 658 οὐδεμίαν,
1217 603 1322 647 ἄλλα
1361 605 1413 648 τὰ
1452 607 1494 656 ἐς
1530 605 1722 663 πόλεμον

457 676 713 720 ἐπασκέουσι
743 683 910 733 μοῦνα,
957 686 1059 732 παῖς
1087 683 1207 736 παρὰ
1236 685 1399 737 πατρὸς
1429 684 1721 740 ἐκδεκόμενος.

462 758 519 797 Εἰ
549 756 627 810 μέν
656 773 740 799 νυν
769 758 842 800 καὶ
874 763 1008 803 τοῦτο
1039 760 1144 815 παρ’
1177 764 1429 818 Αἰγυπτίων
1444 765 1722 821 μεμαθήκασι

460 837 504 877 οἵ
528 834 753 892 ’Έλληνες,
797 836 878 881 οὐκ
909 839 988 894 ἔχω
1019 837 1232 893 ἀτρεκέως
1261 847 1429 897 κρῖναι·
1480 841 1620 897 ὁρέων
1649 845 1776 887 καὶὸο

460 913 649 970 Θρήϊκας
678 916 751 959 καὶ
780 917 964 969 Σκύθας
992 919 1065 961 καὶ
1097 919 1267 973 Πέρσας
1307 921 1380 964 καὶ
1408 922 1603 975 Λυδοὺς,
1645 924 1720 966 καὶ

458 993 611 1049 σχεδὸν
639 994 805 1046 πάντας
834 995 937 1048 τοὺς
963 997 1238 1055 βαρβάρους,
1271 997 1610 1055 ἀποτιμοτέρους
1630 1006 1718 1045 τῶν

460 1071 603 1116 ἄλλων
632 1074 875 1130 ἡγημένους
903 1079 1143 1133 πολιητέων
1183 1077 1288 1129 τούς
1325 1079 1402 1129 τὰς
1430 1079 1579 1135 τέχνας
1609 1097 1718 1136 μαν-

428 1149 691 1206 Ξθάνοντας,
721 1155 794 1197 καὶ
816 1155 921 1206 τούς
941 1156 1148 1211 ἐκγόνους
1167 1157 1356 1201 τούτων·
1388 1157 1493 1209 τούς
1512 1159 1557 1202 δὲ
1582 1157 1717 1203 ἀπαλ-

455 1233 698 1287 λαγμένους
737 1237 825 1277 τῶν
860 1235 1193 1291 χειρωναξιέων,
1232 1238 1462 1292 γενναίους
1490 1239 1775 1293 νομιζομέ-65

455 1327 562 1362 νους
591 1309 725 1367 εἶναι,
755 1314 828 1357 καὶ
856 1314 1041 1371 μάλιστα
1069 1315 1175 1367 τούς
1204 1315 1246 1368 ἐς
1271 1314 1350 1360 τόν
1376 1315 1569 1373 πόλεμον
1601 1316 1716 1361 ἄνει-

1118 1547 1247 1585 reapse
1265 1539 1413 1584 postero
1432 1538 1597 1585 tempore
1614 1534 1684 1571 ulla
1703 1535 1770 1572 hu-

1119 1592 1171 1627 ius
1194 1592 1290 1627 nomi
1313 1592 1468 1637 mentio,
1492 1604 1599 1639 quem
1620 1597 1771 1641 septen-

854 1532 1048 1571 Mannerto

397 1645 584 1681 meridiem
606 1658 728 1681 versus
749 1645 794 1681 ab
815 1646 924 1692 urbe,
954 1659 1048 1694 quae

396 1713 492 1736 nunc
530 1700 732 1750 appellatur
769 1700 966 1747 Mwsura,
1011 1702 1048 1737 in

396 1757 518 1793 media
562 1760 659 1793 terra
689 1768 711 1792 a
739 1757 848 1793 fluvio
886 1762 1048 1793 remotus

393 1812 560 1849 collocari
584 1825 704 1862 posse.

452 1865 699 1919 Ἀνύσιος]
745 1869 852 1905 Conf.
894 1873 968 1906 not.
999 1870 1047 1906 ad

396 1925 449 1971 Il,
473 1926 552 1965 137
577 1925 655 1961 init.
702 1925 774 1961 Hic
790 1925 922 1961 addam
941 1925 1048 1962 Man-

395 1982 488 2018 nerti
510 1980 575 2028 (X,
598 1984 617 2021 1
640 1995 675 2031 p.
694 1982 795 2029 591)
820 1983 1048 2029 sententiam,

397 2038 452 2074 cni
479 2050 608 2074 nomus
641 2038 796 2085 Anysius
826 2038 923 2075 haud
958 2039 1049 2075 alius

399 2108 480 2131 esse
513 2094 655 2131 videtur
685 2098 796 2142 atque
821 2107 948 2131 nomus
979 2096 1049 2133 Se-

394 2150 565 2196 throites,
603 2150 795 2187 Herodoto
826 2150 921 2187 haud
951 2164 1048 2188 com-

394 2211 640 2252 memoratus,
682 2206 718 2242 in
749 2207 913 2243 orientali
941 2212 1046 2256 parte

394 2262 491 2299 lacus
512 2262 729 2309 Menzaleh,
757 2276 828 2312 quo
849 2263 932 2300 olim
944 2264 1045 2313 Any-

393 2320 441 2356 sis
464 2332 527 2356 rex
548 2320 774 2367 confugerit,
792 2320 830 2356 in
851 2321 948 2356 cuius
968 2334 1045 2358 me-

394 2377 542 2412 moriam
560 2377 716 2413 fortasse
738 2389 867 2413 nomus
897 2377 947 2413 ita
966 2378 1045 2414 fue-

393 2433 437 2468 rit
457 2431 671 2482 appellatus.

452 2485 764 2539 ,ἶῑῙυεκφορίτης]
795 2488 888 2524 Cum
914 2487 1043 2535 insula,

391 2544 427 2579 in
455 2558 528 2592 qua
555 2545 612 2580 hic
632 2557 779 2590 nonius,
809 2557 935 2594 parum
967 2558 1043 2581 am-

390 2600 450 2649 pla
472 2601 538 2646 sit,
571 2600 773 2650 Champoll.
794 2600 814 2636 l.
833 2601 855 2637 l.
876 2601 905 2637 H
935 2615 968 2650 1).
987 2603 1041 2641 68

390 2668 469 2692 eam
481 2656 675 2693 Bubastico
695 2670 803 2693 nomo
821 2657 1040 2706 adscriptam

388 2712 498 2748 fuisse
515 2717 629 2761 putat.
690 2713 834 2749 Nomen
853 2714 971 2763 ipsum
991 2715 1040 2749 si-

389 2768 560 2815 gnificare
588 2769 696 2805 docet
722 2769 874 2805 insulam
903 2771 1037 2819 floren-

388 2828 478 2871 tem,
500 2824 652 2874 floribus
679 2829 848 2862 ornatam.
905 2826 1039 2876 Neque

1117 1648 1269 1684 trionem
1289 1661 1412 1684 versus
1434 1648 1479 1683 ab
1498 1648 1585 1683 urbe
1603 1648 1768 1695 Bubasti,

1117 1703 1211 1738 intra
1238 1703 1463 1739 Pelusiacum
1493 1707 1531 1739 et
1559 1702 1768 1741 Taniticum

1117 1760 1265 1794 fluvium
1297 1759 1407 1795 fuisse
1446 1758 1625 1795 existimat
1661 1759 1768 1795 Man-

1116 1819 1208 1850 nert.
1239 1814 1261 1851 Ι.
1284 1813 1306 1850 1.
1334 1815 1387 1859 X,
1421 1817 1442 1854 1
1476 1827 1562 1865 pag.
1590 1816 1683 1856 591.
1717 1836 1765 1843 —

1115 1869 1174 1907 De
1191 1871 1280 1907 urbe
1307 1870 1464 1908 Bubastz·
1490 1871 1560 1907 vid.
1591 1885 1700 1922 supra
1721 1872 1768 1919 ΙΙ,

1115 1929 1179 1967 60-
1204 1928 1293 1967 137.

1175 1981 1217 2021 ἐν
1245 1978 1356 2035 νήσῳ
1384 1981 1526 2029 οἰκέει]
1561 1982 1685 2022 οἰκεῖν
1712 1983 1768 2021 hic

1117 2041 1223 2075 situm
1260 2052 1328 2076 esse
1365 2040 1553 2088 significat.
1617 2039 1766 2076 Laudat

1117 2095 1336 2144 U‘esseling.
1366 2096 1515 2133 Homer.
1548 2095 1586 2132 ll.
1608 2095 1660 2141 11,
1682 2098 1763 2137 626

1117 2152 1195 2188 coll.
1215 2152 1382 2202 Sophocl.
1413 2152 1469 2188 Ai.
1491 2151 1572 2192 604
1599 2151 1764 2200 aliosque

1113 2207 1263 2245 aliorum
1292 2209 1504 2257 scriptorum
1535 2207 1641 2245 locos.
1702 2207 1763 2245 Tu

1113 2264 1184 2301 vid.
1207 2264 1313 2301 etiam
1348 2277 1456 2314 supra
1487 2265 1521 2309 l,
1555 2268 1607 2304 27
1639 2264 1763 2313 ibique

1113 2324 1188 2357 not.
1204 2342 1250 2348 —-
1266 2321 1323 2356 Ad
1343 2322 1469 2357 verba:
1493 2316 1556 2359 ὅτε
1576 2319 1641 2359 ἐπὶ
1658 2320 1762 2358 πλεί-

1114 2389 1229 2423 στους
1247 2375 1424 2428 ε’γενέατο
1445 2379 1538 2414 conf.
1558 2381 1634 2413 not.
1657 2377 1704 2413 ad
1718 2376 1762 2423 H,

1115 2433 1206 2473 165.
1265 2433 1305 2469 ln
1325 2446 1428 2483 seqq.
1453 2434 1550 2470 edidi
1571 2429 1763 2483 οὐδεμίαν

1111 2502 1191 2526 cum
1216 2489 1331 2526 Gaisf.
1351 2503 1418 2540 pro
1435 2489 1530 2538 vulg.
1555 2485 1760 2539 ου’δεμίηι

1167 2548 1261 2591 παῖς
1292 2561 1399 2593 παρα
1438 2543 1581 2596 πατρὸς
1611 2541 1760 2585 ἐκδεκό-

1111 2600 1252 2652 μενος]
1294 2602 1520 2649 Conf.1‚7
1560 2603 1648 2652 ibiq.
1683 2606 1758 2639 not

1107 2658 1260 2696 Diodor.
1286 2658 1341 2705 11,
1362 2661 1428 2699 21.

1276 2741 1595 2793 cap.chvn.

1162 2824 1256 2874 τούς
1287 2826 1327 2874 ἐς
1356 2823 1422 2867 τὸν
1447 2822 1618 2876 πόλεμον
1653 2820 1757 2864 οἷνει-
