1909 3228
496 178 581 220 850

893 174 1362 214 HERODOTI

470 294 590 334 3λιν·
621 285 751 341 ἐσέχει
782 283 826 327 δὲ
857 283 899 334 ἐς
928 283 1008 338 τήν
1034 281 1254 338 Ἐρυθρὴν
1283 281 1521 325 θάλασσαν.
1566 282 1760 337 ὤρυκται

500 367 545 411 δὲ
575 368 751 420 πρῶτον
780 362 857 417 μὲν
886 366 967 405 τοῦ
993 364 1148 406 πεδίου
1188 364 1269 404 τοῦ
1299 362 1541 415 Αἰγυπτίου
1569 363 1620 405 τὰ
1651 362 1761 416 πρὸς

496 444 699 499 Ἀραβίην
729 441 880 496 ἔχοντα
894 456 902 465 ·

445 629 491 666 ad
511 627 546 664 h.
569 627 611 663 l.:
642 625 740 673 ‚‚Cf.
764 624 976 676 bibliotheq.
999 625 1097 663 choi-

444 687 495 723 sie
516 688 603 720 tom.
624 683 693 719 XV
714 695 749 732 p.
768 682 891 723 241.“

500 737 674 792 α’)’ρυκται
696 736 738 777 δὲ
763 740 923 790 πρῶτον
947 734 1018 788 μὲν
1040 758 1095 764 -

444 793 545 847 πρὸς
565 792 752 848 Ἀραβίην
773 793 925 844 ἔχοντα]
960 794 999 830 ld
1021 798 1095 831 est:

445 854 587 890 initium
617 852 769 889 sodendi
798 853 930 888 factum
966 855 1021 887 est
1051 850 1097 886 ab

446 922 491 948 ea
534 908 739 959 Aegyptiae
780 907 942 957 planitiei
980 911 1098 956 parte,

447 978 542 1015 quae
575 967 623 1002 ad
650 964 820 1000 Arabiam
853 967 1016 1014 spectat,
1046 962 1101 998 cui

446 1022 606 1073 planitiei
635 1033 792 1070 superne
821 1020 871 1067 (i.
895 1033 926 1056 e.
954 1032 976 1055 a
994 1019 1100 1056 meri-

450 1079 535 1127 die)
565 1078 755 1125 contiguus
789 1080 843 1113 est
881 1088 1002 1122 mons,
1039 1074 1100 1123 qui

448 1147 492 1172 ex
514 1135 666 1171 adverso
687 1132 909 1182 Memphidis
927 1132 1102 1168 orientem

448 1203 573 1228 versus
599 1190 800 1241 porrigitur
825 1202 939 1237 usque
957 1188 1004 1224 ad
1024 1188 1102 1223 He-

448 1247 616 1297 roopolin
635 1274 647 1293 ,
709 1246 772 1283 ubi
819 1246 866 1282 ad
916 1242 1102 1281 meridiem

450 1304 602 1351 (mons)
631 1303 809 1348 flectitur,
860 1301 971 1337 altera
1000 1305 1103 1349 parte

451 1361 566 1396 sinum
577 1359 767 1395 Arabicum
778 1357 975 1394 includens.
988 1356 1103 1393 Nam-

454 1430 524 1465 que
543 1414 678 1452 canalis
698 1414 794 1450 haud
818 1413 928 1461 louge
944 1414 989 1449 ab
1014 1413 1103 1448 urbe

450 1472 601 1508 Bubasti
623 1483 667 1508 ex
681 1469 870 1507 Pelusiaco
899 1468 973 1505 Nili
994 1468 1103 1504 fluvio

454 1532 534 1565 erat
555 1528 682 1563 ductus
697 1526 885 1562 meridiem
905 1537 1028 1562 versus
1044 1537 1104 1560 us-

453 1596 524 1633 que
541 1584 589 1619 ad
612 1594 694 1620 eum
711 1581 848 1628 locum,
878 1581 939 1617 ubi
961 1584 1102 1616 montes

454 1641 674 1685 obstabant,
712 1651 734 1675 a
764 1637 977 1687 Memphide
1005 1643 1105 1673 recta

453 1696 609 1747 porrecti
640 1707 755 1742 usque
792 1694 839 1729 ad
864 1692 1103 1742 Heroopoliu.

458 1753 624 1796 Quorum
646 1751 693 1786 ad
712 1750 852 1786 radices
866 1750 936 1785 iam
958 1747 1105 1793 canalis,

454 1820 561 1845 cursu
597 1808 690 1843 flexo
714 1835 725 1853 ,
766 1806 942 1842 orientem
979 1816 1105 1840 versus

455 1865 583 1901 ductus
605 1867 686 1909 est,
717 1866 753 1899 et
782 1862 960 1898 montium
992 1860 1106 1896 sauci-

458 1921 524 1957 bus
547 1919 722 1969 superatis
745 1919 825 1965 (ubi
841 1931 889 1954 sc.
909 1920 1051 1954 montes
1071 1919 1108 1954 et

456 1977 525 2026 ipsi
559 1976 743 2013 meridiem
775 1988 900 2011 versus
931 1974 1106 2021 vergunt)

456 2033 504 2069 ad
522 2033 705 2069 meridiem
722 2032 841 2068 denuo
858 2031 1013 2068 tendens
1030 2042 1104 2066 non

456 2088 566 2137 longe
596 2089 640 2124 ab
676 2088 766 2124 urbe
795 2086 995 2137 Heroopoli
1024 2099 1103 2122 cum

456 2145 538 2195 ipso
567 2144 656 2182 mari
685 2145 896 2181 coniunctus
929 2147 994 2180 est.
1053 2141 1106 2178 Ac

457 2201 534 2238 iure
572 2201 712 2238 mireris
745 2201 842 2249 apud
875 2200 1105 2237 Herodotum

457 2257 603 2295 minime
612 2257 880 2293 commemorari
894 2256 994 2292 lacus
1005 2267 1105 2291 anm-

457 2327 534 2361 ros,
565 2314 612 2349 ad
642 2326 733 2362 quos
763 2325 877 2361 usque
907 2312 1066 2349 canalem
1086 2323 1107 2346 a

458 2370 573 2407 Dario
612 2371 826 2419 perductum
866 2382 948 2406 esse
998 2369 1108 2404 refert

459 2426 595 2463 Plinius
608 2425 629 2462 l.
643 2425 666 2462 l.
691 2425 798 2463 Nunc
816 2429 989 2462 vocantur
1000 2423 1107 2461 Sln‘eb

459 2482 590 2519 s.Abul
606 2481 781 2530 IlIenage'e
802 2486 839 2519 et
856 2485 1011 2530 quatuor
1030 2481 1107 2517 sere

459 2539 621 2575 milliaria
652 2538 898 2588 geographica
936 2538 981 2574 ab
1019 2538 1107 2573 urbe

460 2595 616 2642 Belbeys
638 2596 775 2632 distare
792 2595 968 2631 dicuntur.
1000 2593 1108 2630 Plura

460 2650 612 2688 Rennel.
633 2650 655 2686 l.
678 2651 701 2688 l.
726 2665 761 2701 p.
784 2650 865 2691 586
884 2663 961 2698 seq.
1000 2649 1108 2685 Man-

460 2711 553 2743 nert.
576 2707 597 2742 l.
616 2706 637 2743 l.
659 2720 743 2757 pag.
765 2707 1004 2748 507—513
1029 2705 1107 2742 coll.

462 2762 592 2799 Ritter.
607 2763 796 2800 Erdkund.
816 2763 829 2799 I
860 2778 894 2814 p.
917 2762 1018 2808 824,
1046 2762 1108 2810 qui

463 2818 497 2853 in
518 2822 604 2854 nota
624 2821 749 2855 merito
776 2820 900 2857 laudat
921 2819 1108 2856 Gallorum

963 441 1098 496 ἔχεται
1128 441 1173 484 δὲ
1206 439 1452 493 κατύπερθε
1490 444 1571 483 τοῦ
1609 443 1760 484 πεδίου

1164 625 1356 662 doctorum
1375 624 1588 674 scriptiones
1601 624 1636 661 in
1648 624 1820 674 descript.

1164 682 1211 719 de
1236 681 1328 729 l’Eg.
1358 680 1515 718 Roziere
1537 682 1584 718 de
1603 681 1638 717 la
1661 682 1818 730 ge'ogra-

1163 737 1247 787 phie
1277 738 1469 788 comparee
1505 741 1542 774 et
1581 738 1628 775 de
1668 737 1820 774 l'ancien

1166 795 1241 830 ‹stat
1262 794 1326 830 des
1355 795 1456 830 cotes
1484 794 1530 831 de
1547 793 1581 830 la
1598 806 1675 830 mer
1692 807 1820 842 rouge,

1169 855 1235 886 etc.
1264 850 1421 898 (antiqq.
1445 850 1577 887 livrais.
1599 850 1613 886 l
1632 863 1718 900 pag.
1739 852 1819 891 127

1171 908 1293 955 seqq.)
1315 911 1350 943 et
1374 905 1407 942 le
1427 906 1538 943 Pere:
1564 907 1738 944 memoire
1759 919 1820 943 sur

1169 962 1204 998 la
1223 962 1526 999 communication
1541 963 1587 999 de
1605 963 1638 999 la
1660 976 1738 1000 mer
1755 963 1820 999 des

1170 1018 1278 1055 lndes
1290 1031 1376 1055 avec
1393 1018 1427 1055 la
1445 1019 1709 1056 mediterranee
1727 1020 1823 1065 (etat

1169 1076 1332 1111 modern.
1364 1079 1388 1110 t.
1415 1075 1429 1111 l
1456 1088 1492 1124 p.
1518 1074 1604 1122 49).
1664 1075 1737 1118 Qui
1755 1088 1823 1124 po-

1169 1135 1265 1168 stera
1298 1134 1418 1167 aetate
1452 1143 1473 1166 a
1504 1130 1666 1167 Traiano
1694 1132 1822 1168 ductus

1171 1191 1227 1223 est
1256 1186 1412 1234 canalis,
1451 1200 1472 1224 e
1499 1186 1585 1224 Nilo
1616 1187 1701 1224 exiit
1729 1187 1824 1224 infra

1172 1243 1392 1290 eumlocum,
1416 1243 1474 1279 ubi
1493 1256 1591 1280 nunc
1607 1244 1716 1281 Cairo
1736 1245 1822 1281 urbs

1172 1303 1228 1338 est
1248 1300 1339 1346 sita,
1378 1304 1414 1336 et
1442 1301 1539 1336 recta
1566 1300 1621 1337 via
1645 1300 1823 1338 orientem

1171 1369 1295 1393 versus
1318 1356 1364 1392 ad
1393 1356 1568 1392 montium
1587 1355 1823 1394 Arabicorum

1171 1413 1310 1448 radices
1353 1425 1511 1461 pergens
1548 1426 1662 1461 prope
1697 1414 1823 1449 urbem

1170 1468 1328 1516 Belbeys
1345 1468 1380 1503 in
1401 1480 1481 1504 eum
1502 1468 1663 1505 canalem
1686 1469 1823 1514 incidit,

1171 1524 1233 1572 qui
1253 1523 1364 1573 priori
1389 1528 1553 1572 tempore
1573 1536 1595 1560 a
1617 1524 1726 1560 Dario
1755 1525 1823 1561 du·-

1171 1585 1248 1616 ctus
1271 1580 1315 1615 ab
1335 1580 1525 1616 Herodoto
1546 1580 1580 1616 h.
1604 1580 1625 1616 l.
1649 1581 1823 1618 describi-

1171 1641 1241 1672 tur.
1298 1635 1378 1671 Nec
1398 1635 1467 1671 alia
1493 1637 1569 1673 fere
1589 1637 1738 1674 directio
1765 1650 1824 1673 ca-

1172 1691 1264 1728 nalis
1283 1692 1328 1726 ab
1347 1691 1527 1727 Arabibus
1556 1697 1640 1741 post
1663 1694 1825 1729 deducti.

1173 1748 1282 1784 Conf.
1316 1746 1469 1783 Rennel.
1499 1747 1520 1782 l.
1550 1747 1571 1783 l.
1613 1761 1697 1798 pag.
1729 1749 1824 1789 587.

1175 1803 1272 1846 Quin
1292 1803 1487 1851 hodieque,
1507 1804 1566 1840 ubi
1589 1805 1722 1841 canalis
1743 1804 1824 1854 pla-

1173 1873 1219 1896 ne
1237 1859 1441 1895 destructus
1463 1863 1520 1896 est
1545 1861 1702 1899 aren'cive
1721 1861 1825 1898 obte-

1173 1920 1275 1962 ctus,
1321 1914 1407 1952 Nilo
1435 1915 1539 1953 valde
1572 1921 1676 1954 aucto
1706 1930 1825 1967 aquae

1174 1973 1350 2009 orientem
1369 1984 1491 2009 versus
1507 1986 1573 2022 per
1591 1985 1735 2011 omnem
1752 1979 1824 2011 ter-

1174 2042 1251 2065 ram
1270 2028 1381 2076 longe
1404 2027 1549 2078 lateque
1583 2030 1740 2067 diffundi
1769 2030 1825 2067 di-

1172 2090 1323 2131 cuntur,
1353 2085 1406 2121 ita
1429 2090 1468 2122 ut
1494 2098 1588 2122 anno
1609 2088 1714 2127 1800
1740 2090 1825 2136 post

1174 2142 1259 2178 Chr.
1274 2154 1323 2186 n.,
1351 2154 1430 2177 cum
1452 2140 1526 2177 Nili
1547 2154 1701 2190 aggeres
1721 2143 1824 2179 fracti

1175 2202 1320 2242 essent,
1357 2209 1451 2245 aqua
1473 2198 1663 2234 duodecim
1680 2203 1824 2235 tantum

1175 2254 1342 2290 horarum
1360 2254 1477 2302 spatio
1499 2254 1643 2292 abesset
1667 2255 1713 2291 ab
1735 2255 1824 2292 urbe

1174 2311 1282 2348 SueZ.
1343 2309 1463 2358 Prope
1484 2311 1610 2347 urbem
1633 2312 1742 2358 Suez,
1768 2315 1824 2347 te-

1175 2367 1289 2403 stibus
1327 2367 1587 2404 recentioribus
1616 2367 1825 2418 peregrina-

1173 2423 1312 2459 toribus
1330 2451 1341 2469 ,
1378 2422 1495 2459 adhuc
1524 2428 1734 2474 comparent
1763 2437 1825 2460 xe-

1176 2479 1285 2527 stigia
1303 2480 1426 2515 fossae
1453 2491 1547 2516 nunc
1573 2481 1683 2516 arena
1711 2479 1824 2515 maxi-

1173 2548 1270 2572 mam
1298 2539 1439 2585 partem
1470 2535 1655 2585 oppletae.
1712 2535 1825 2573 Vide-

1174 2597 1236 2628 tur
1263 2592 1358 2628 enim
1387 2603 1498 2629 arena
1520 2593 1746 2642 potissimum
1786 2592 1824 2628 in

1175 2660 1283 2685 causa
1309 2660 1391 2685 esse
1408 2675 1419 2694 ‚
1457 2648 1529 2696 qua
1557 2649 1728 2686 continuo
1758 2648 1824 2684 ad-

1175 2705 1282 2752 gesta
1301 2703 1434 2740 canalis
1454 2717 1597 2754 semper
1617 2705 1822 2742 obstruere-

1177 2766 1237 2796 tur
1275 2774 1343 2797 nec
1373 2760 1434 2795 diu
1466 2761 1610 2808 integer
1648 2765 1821 2797 maneret.

1176 2817 1284 2854 Plura
1302 2818 1349 2854 de
1365 2816 1418 2853 his
1437 2817 1592 2856 Rennel.
1606 2818 1628 2854 l.
1650 2816 1671 2853 l.
1690 2830 1725 2866 p.
1740 2818 1822 2857 563
