1877 3223
291 644 356 690 79

91 708 163 743 cyr}
188 706 333 748 Croesum

89 746 295 805 35f551235¹¹²²⁸

415 214 497 255 200
825 208 1285 248 HERODOTI

415 320 688 376 ἐπιχωρίους·
733 319 928 375 λέγοντες
962 318 1066 375 ὅφιν
1097 316 1208 362 εἶναι
1235 321 1313 373 γῆς
1341 319 1494 367 παῖδα,
1532 317 1666 360 ’ἵππον

387 399 486 451 4δὲ,
516 398 725 455 πολέμιόν
753 415 797 442 τε
826 399 900 442 καὶ
928 397 1132 454 ἐπήλυδα.
1183 395 1439 451 Τελμησσέες
1470 397 1549 451 μέν
1581 411 1665 438 νυν

415 484 551 521 ταῦτα
579 476 863 532 ὑπεκρίναντο
897 478 1066 536 Κροίσῳ
1095 476 1178 533 ἤδη
1207 472 1415 532 ἡλωκότι,
1453 473 1583 517 οὐδέν
1602 480 1722 516 κω15

418 555 575 607 εἰδότες
603 559 691 600 τῶν
719 552 775 612 ἦν
804 555 902 611 περὶ
928 555 1093 609 Σάρδις
1121 571 1165 598 τε
1194 555 1267 598 καὶ
1296 551 1432 597 αὐτόν
1461 555 1664 606 Κροῖσον.

530 638 678 689 Κῦρος
709 636 778 689 δὲ,
809 633 963 679 αὐτίκα
993 632 1312 683 ἀπελαύνοντος
1341 632 1539 686 Κροίσου
1568 631 1671 685 μετὰ

421 714 502 770 τὴν
529 713 667 769 μάχην
694 713 772 769 τὴν
800 712 1036 769 γενομένην
1066 712 1112 755 ἐν
1141 716 1194 768 τῇ
1219 711 1404 767 Πτερίῃ,
1435 708 1591 765 μαθὼν
1616 707 1673 760 ὡς

418 790 636 842 ἀπελάσας
675 791 822 847 μέλλοι
862 794 1052 845 Κροῖσος
1091 792 1326 847 διασκεδᾷν
1364 788 1442 833 τὸν
1472 789 1674 842 στρατόν,

415 869 736 927 βουλευόμενος
767 869 937 923 εὕρισκε
965 868 1139 924 πρῆγμά
1171 871 1214 912 οἱ
1244 866 1353 912 εἶναι
1383 867 1583 911 ἐλαύνειν
1612 866 1673 918 ὥς
1686 874 1732 908 20

417 948 599 994 δύναιτο
628 948 806 1004 τάχιστα
840 948 908 992 ἐπὶ
936 948 1012 999 τὰς
1041 946 1228 1002 Σάρδις,
1261 948 1365 1002 πρὶν
1394 946 1421 1003 ἢ
1450 946 1499 990 τὸ
1529 946 1677 990 δεύτε-

390 1037 504 1084 Ξρον
533 1026 772 1083 ἁλισθῆναι
800 1030 889 1070 τῶν
918 1028 1080 1071 Λυδῶν
1108 1024 1189 1082 τὴν
1219 1024 1417 1080 δύναμιν.
1471 1023 1529 1076 ὡς
1559 1024 1604 1068 δέ
1634 1026 1677 1068 οἱ

421 1111 559 1152 ταῦτα
589 1107 726 1159 ἔδοξε,
775 1106 849 1150 καὶ
886 1105 1024 1149 ἐποίεε
1061 1103 1171 1148 κατὰ
1208 1101 1349 1159 τάχος.
1407 1102 1561 1154 ἐλάσας
1595 1102 1679 1158 γὰρ

420 1186 498 1230 τὸν
527 1184 713 1241 στρατόν
742 1185 785 1237 ἐς
812 1184 892 1241 τὴν
921 1185 1115 1241 Λυδίην,
1146 1180 1277 1233 αὐτὸς
1305 1180 1483 1238 ἄγγελος
1506 1183 1679 1239 Κροίσῳ

391 1264 642 1321 Βὲληλύθεε.
702 1264 897 1309 ἐνθαῦτα
927 1267 1118 1319 Κροῖσος
1147 1262 1190 1314 ἐς
1219 1260 1406 1318 ἀπορίην
1437 1260 1602 1318 πολλὴν
1632 1260 1682 1304 ἆ-

421 1343 650 1399 πιγμένος,
701 1344 761 1395 ὥς
792 1345 835 1387 οἱ
862 1343 980 1397 παρὰ
1013 1342 1144 1395 δόξαν
1184 1342 1276 1398 ἔσχε
1310 1341 1362 1385 τά
1393 1340 1622 1397 πρήγματα
1649 1338 1736 1396 ἢ25

426 1420 482 1472 ὦς
513 1421 644 1473 αὐτὸς
676 1422 926 1470 κατεδόκεε,
985 1420 1100 1477 ὅμως
1135 1421 1238 1472 τούς
1277 1419 1453 1470 Λυδούς
1491 1419 1609 1474 ἐξῆγε
1639 1418 1683 1469 ἐς

399 1498 582 1557 4μάχην.
639 1494 695 1556 ἦν
729 1500 775 1545 δὲ
813 1503 972 1544 τοῦτον
1008 1499 1088 1544 τόν
1122 1499 1281 1557 χρόνον
1312 1499 1442 1550 ἔθνος
1472 1496 1602 1542 οὐδὲν
1637 1497 1685 1541 ἐν

428 1729 552 1767 ταῦτα
567 1725 831 1778 ὖπεκρίναντο
842 1728 1020 1782 Κροίσῳ]

375 1783 473 1820 citat
518 1784 606 1822 haee
659 1784 823 1821 Thomas
870 1784 1020 1832 Magist.

374 1852 460 1889 pag.
482 1841 577 1887 874,
596 1853 668 1889 quo
690 1853 794 1877 usum
815 1841 914 1877 verbi
925 1838 1023 1879 ’ὑπο-

376 1895 587 1946 κρίνεσθαι
620 1909 688 1947 pro
737 1891 1026 1947 ἀποκρίνεσθαι

377 1951 602 2001 respondendi
622 1952 771 1990 notione
792 1953 1025 1990 demonstret.

378 2007 421 2045 ln
456 2008 618 2057 proxime
656 2009 891 2057 sequentibus
930 2008 1028 2045 Mat-

379 2064 478 2100 thiae
509 2064 665 2101 deletum
696 2065 773 2101 vult
791 2066 939 2102 verbum
959 2059 1025 2115 ἦν,

380 2132 481 2166 cum,
511 2133 606 2170 quae
625 2120 787 2158 hocloco
800 2122 847 2157 sit
862 2121 1027 2158 attractio

380 2174 564 2223 (ἐκείνων
577 2204 586 2222 ,
619 2172 645 2214 δι’
662 2170 748 2226 ἦν),
776 2190 821 2215 ea
838 2178 925 2215 ferri
942 2189 1030 2214 neu-

380 2232 517 2280 tiquam
541 2233 669 2282 possit.
728 2233 804 2270 Sed
822 2234 881 2270 vix
899 2233 1032 2270 idonea

381 2287 471 2324 haec
500 2300 632 2336 causa,
680 2292 721 2325 ut
749 2289 828 2327 sine
862 2289 1032 2326 librorum

382 2344 594 2381 auctoritate
636 2344 800 2383 voculam
833 2357 1032 2396 expungas.

385 2398 433 2434 Et
451 2404 678 2449 repugnant,
708 2413 804 2450 quae
820 2401 916 2439 idem
934 2401 1034 2438 Mat-

385 2455 480 2491 thiae
509 2455 653 2504 collegit
680 2457 785 2494 huius
810 2457 1032 2494 attractionis

387 2510 569 2560 exempla,
590 2513 750 2551 Gramm.
764 2514 893 2551 Graec.
908 2512 1034 2564 §.473

387 2569 462 2600 not.
496 2569 517 2606 1
548 2580 632 2616 pag.
656 2569 760 2616 884,
805 2570 935 2618 quibus
961 2571 1035 2606 iure

389 2626 549 2657 nostrum
572 2623 687 2661 locum
711 2626 849 2663 adiecit.
899 2625 1035 2662 Assen-

392 2677 476 2712 titur
499 2678 583 2714 mihi
617 2680 781 2718 Strnvins
809 2683 847 2718 in
880 2682 1034 2731 Specim.

393 2732 543 2774 Quaest.
578 2734 715 2773 Herod.
746 2750 832 2787 pag.
865 2741 914 2779 16
949 2743 1038 2785 not„

393 2787 453 2834 qni
473 2789 604 2827 similes
623 2791 749 2828 Nostri
780 2793 878 2832 locos
907 2794 990 2832 citat
1010 2794 1038 2841 I,

393 2845 458 2885 92.
491 2844 543 2892 11,
561 2849 596 2887 8.
630 2847 672 2895 v,
694 2851 758 2890 92.

1257 1728 1364 1777 Cap.
1395 1726 1566 1765 LXXIX.

1147 1779 1289 1823 αὐτίκα
1310 1780 1607 1830 ἀπελαύνοντος
1625 1782 1744 1835 Κροί-

1093 1843 1188 1886 σου]
1220 1841 1242 1876 ἰ.
1262 1853 1292 1877 e.
1315 1842 1458 1887 statim,
1480 1840 1628 1877 simulac
1641 1840 1743 1877 Croe-

1093 1910 1152 1933 sus
1182 1895 1377 1933 discederet.
1436 1896 1586 1933 Consul.
1613 1895 1745 1934 Matth.

1096 1954 1162 1990 Gr.
1187 1953 1251 1989 Gr.
1281 1951 1318 2003 g.
1338 1953 1418 1995 565
1441 1957 1516 1989 not.
1540 1956 1566 1993 2
1587 1966 1622 2003 p.
1639 1952 1746 1994 1114

1096 2010 1143 2047 ob
1160 2022 1263 2045 usmn
1286 2009 1434 2047 voculae
1467 2004 1608 2048 αὐτίκα
1634 2009 1747 2059 parti-

1096 2066 1197 2117 cipiis
1216 2066 1389 2103 adiectae.

1154 2117 1310 2173 εὕρισκε
1345 2115 1510 2173 πρῆγμά
1541 2119 1583 2158 οἷ
1619 2115 1746 2168 εἶναι]

1096 2179 1120 2214 i.
1138 2190 1169 2215 e.
1199 2189 1216 2213 e
1240 2189 1276 2213 re
1307 2190 1395 2223 sua,
1430 2188 1473 2212 ex
1491 2189 1558 2212 usu
1585 2188 1648 2211 suo
1667 2187 1746 2211 esse.

1098 2234 1159 2270 Sic
1176 2232 1239 2279 IV,
1254 2235 1317 2273 10.
1334 2232 1415 2279 Vll,
1438 2234 1501 2274 12.
1518 2251 1568 2258 --
1589 2231 1631 2268 In
1642 2243 1746 2280 seqq.

1099 2289 1147 2327 ad
1174 2285 1363 2338 ἐληλύθεε
1393 2289 1486 2325 conf.
1518 2287 1648 2324 Matth.
1681 2287 1748 2323 Gr.

1101 2345 1167 2382 Gr.
1192 2343 1229 2395 ἓ.
1249 2344 1344 2392 505,
1372 2343 1423 2381 IV
1443 2357 1481 2395 p.
1501 2345 1594 2386 959.
1642 2342 1748 2380 Plus-

1102 2403 1409 2451 quamperfectum
1422 2400 1516 2438 enim
1532 2411 1598 2450 pro
1612 2399 1748 2436 aot-isto

1101 2458 1272 2508 positum.
1309 2456 1368 2494 Ad
1388 2456 1525 2505 reliqua
1541 2457 1633 2493 conf.
1654 2454 1750 2493 Pau-

1102 2525 1180 2549 san.
1199 2513 1290 2561 VH,
1314 2515 1364 2553 16
1399 2511 1435 2563 ἓ.
1449 2513 1485 2553 4.

1158 2565 1187 2619 ἢ
1207 2567 1261 2616 ὥς
1281 2563 1402 2615 αὐτὸς
1414 2563 1750 2613 κατεδόκεε]Ηᾶεε

1104 2627 1235 2672 verba,
1274 2639 1354 2662 cum
1385 2624 1620 2663 antecesserit
1644 2619 1751 2673 παρὰ

1106 2678 1244 2729 δόξαν,
1273 2682 1457 2719 abundare
1471 2681 1646 2718 videntur.
1674 2678 1753 2716 Nec

1107 2743 1227 2775 tamen
1247 2739 1331 2775 ideo
1352 2738 1535 2775 eiicienda.
1583 2735 1644 2791 'sn
1659 2735 1751 2772 cons.

1107 2793 1138 2828 V
1144 2794 1189 2830 [ΙΙ
1203 2824 1212 2841 ‚
1235 2794 1261 2835 4
1281 2798 1316 2831 et
1335 2793 1403 2830 alia
1423 2794 1521 2843 apud
1538 2791 1666 2829 Matth.
1687 2791 1748 2827 Gr.

1110 2850 1174 2886 Gr.
1195 2849 1232 2902 ὃ.
1253 2851 1334 2892 636
1363 2862 1448 2900 pag.
1470 2850 1583 2890 1311.
