1909 3228
546 213 970 256 EUTERPE.
1019 212 1065 251 11.
1341 210 1426 251 7⁰3

163 334 290 385 χαῖον
321 327 508 383 ῥέεθρον
538 324 828 383 οἷποξηράναι,
858 323 936 367 τόν
966 322 1011 366 δὲ
1039 318 1237 376 ποταμόν
1260 317 1429 375 ὀχετεῦ-

136 417 262 461 5σαι,
294 407 343 451 τὸ
373 408 507 464 μέσον
537 411 625 450 τῶν
654 404 822 459 οὐρέων
863 403 986 458 ῥέειν.
1048 403 1109 446 ἔτι
1147 401 1193 445 δὲ
1233 400 1306 443 καὶ
1344 403 1430 442 νῦν

164 486 251 531 ὑπὸ
284 488 491 539 Περσέων
520 486 543 529 ὁ
576 485 721 541 ἀγκών
751 478 879 533 οὗτος
908 486 988 525 τοῦ
1011 484 1198 533 Νείλου,
1227 479 1274 531 ὃς
1298 478 1429 533 οἷπερ-

166 568 323 623 γμέ-νος
354 566 459 621 ῥέει,
506 566 553 609 ἐν
583 568 804 620 φυλακῇσι
843 562 1049 618 μεγάλῃσι
1080 562 1236 616 ἔχεται,
1288 570 1431 614 φρασ-

139 647 352 702 ὅσόμενος
383 646 466 689 ἀνὰ
495 649 583 688 πᾶν
620 645 722 694 ἔτος.
757 645 792 686 εἰ
815 643 899 697 γάρ
924 640 1118 696 ἐθελήσει
1140 640 1269 695 ῥήξας
1298 638 1449 691 ὑπερ-.

170 730 297 782 βῆναι
328 726 350 768 ὁ
381 724 572 781 ποταμὸς
600 723 759 780 ταύτῃ,
791 723 996 771 κίνδυνος
1026 722 1143 776 πάσῃ
1167 719 1322 774 Μέμφι
1352 734 1432 761 κα-

141 806 470 859 7τακλυσθῆναί
499 804 600 847 ἐστι.
643 802 701 854 ὡς
732 801 777 845 δὲ
807 805 866 858 τῷ
897 804 1024 857 Μῆνι
1053 799 1195 856 τούτῳ
1225 802 1285 854 τῷ
1314 795 1433 851 πρώ-

169 901 227 941 τῳ
257 884 475 940 γενομένῳ
507 883 675 939 βασιλέϊ
710 882 866 937 χέρσον
889 880 1112 936 γεγονέναι
1141 879 1190 922 vo*
1219 875 1434 932 ἀπεργμέ-

168 979 271 1014 νον,
328 967 459 1006 τοῦτο
499 963 599 1018 μἐν,
659 962 705 1005 ἐν
746 959 864 1020 αὐτῷ
903 958 1031 1003 πόλιν
1067 960 1210 1003 κτίσαι
1248 954 1434 1011 ταύτην,

142 1041 266 1098 8ἥτις
292 1046 374 1085 νῦν
405 1043 584 1099 Μέμφις
612 1041 827 1086 καλέεται·
858 1040 947 1084 ἔστι
980 1038 1062 1095 γὰρ
1093 1038 1165 1082 καὶ
1194 1035 1221 1095 ἡ
1252 1036 1436 1093 Μέμφις

170 1234 241 1276 τόν
277 1234 319 1275 δὲ
343 1234 520 1288 ποταμὸν
553 1232 765 1288 ὀχετεῦσαι,

114 1291 157 1333 vd
191 1292 311 1344 μέσον
344 1296 422 1332 τῶν
461 1290 613 1345 οὐρέων
643 1293 764 1344 ῥέειν]

115 1351 137 1387 i.
157 1365 187 1388 e.
212 1351 360 1386 fluvium
390 1364 474 1387 vere
508 1364 574 1399 per
606 1351 767 1387 canalem

116 1407 164 1454 (s.
185 1406 324 1443 alveum
346 1419 454 1442 manu
480 1408 633 1451 factum)
657 1421 693 1444 eo
710 1407 769 1443 de-

116 1464 283 1509 duxisse,
315 1466 354 1498 ut
373 1465 444 1499 iam
475 1463 534 1499 ille
561 1464 691 1499 medius
713 1465 769 1499 in-

115 1524 166 1557 ter
184 1523 309 1555 montes
329 1519 522 1567 (Arabicos
544 1524 578 1556 et
590 1520 769 1567 Libycos)

114 1577 352 1626 interflueret,
384 1589 450 1612 nec
471 1577 517 1612 ad
537 1575 694 1625 Libycos
716 1577 770 1612 ni-

115 1634 182 1669 mis
205 1633 412 1669 declinaret.
425 1654 479 1658 —-
501 1628 523 1671 0⁷
535 1648 556 1682 χ
570 1647 585 1671 ε
597 1648 616 1669 τ
629 1647 644 1670 ε
655 1628 680 1670 ν’
697 1647 712 1670 ε
726 1647 738 1670 ι
749 1647 770 1670 ν

117 1690 169 1726 sic
189 1690 367 1725 invenitur
394 1688 463 1736 ΙΙΙ,
495 1692 559 1730 60.
599 1689 770 1726 Infinitivi

116 1759 222 1782 usum
252 1742 530 1794 (τό-ῥέειν)
554 1746 689 1795 explico
713 1759 771 1782 se-

118 1802 273 1838 cundum
303 1814 366 1847 ea,
398 1814 491 1850 quae
517 1803 655 1838 monuit
674 1802 772 1839 Mat-

118 1859 215 1894 thiae
237 1858 303 1893 Gr.
323 1858 387 1893 Gr.
411 1871 446 1905 p.
468 1861 586 1899 1067.

177 1912 196 1952 ὁ
222 1909 353 1965 α’γκών
377 1909 492 1960 οὗτος
512 1916 586 1952 τοῦ
608 1913 770 1962 Νείλου,

120 1967 169 2026 ὃς
186 1965 429 2021 ἀπεργμένος
453 1969 555 2021 ῥέει]
596 1969 619 2009 ό
641 1966 773 2022 dymin!

120 2028 235 2072 οὖτος
254 2032 308 2064 est
335 2041 460 2064 recens
481 2027 555 2063 Nili
573 2027 695 2064 alveus
710 2056 719 2073 ‚
751 2040 773 2063 a

118 2088 243 2120 vetere
273 2083 342 2119 iam
371 2084 491 2120 Menis
517 2084 628 2133 opera
657 2085 773 2120 exsie-

119 2144 199 2177 cato
220 2141 418 2176 deflectens
443 2145 479 2176 et
494 2142 669 2177 orientem
692 2153 774 2177 ver-

118 2210 179 2232 sus
198 2196 386 2234 deductus.
418 2197 542 2240 Quare
558 2197 773 2233 Herodotus

120 2253 242 2290 addit:
275 2249 315 2298 ὃς
335 2248 580 2304 α’περγμένος
601 2251 679 2302 ῥέει
698 2254 720 2289 i.
740 2266 771 2290 e.

120 2311 182 2359 qui
201 2309 361 2345 exclusus
393 2323 413 2346 a
434 2310 545 2359 priori
576 2323 624 2346 sc.
657 2309 773 2356 alveo,

119 2366 191 2402 alio
211 2378 349 2402 cursum
377 2366 528 2414 dirigit,
568 2367 628 2415 qui
649 2366 774 2416 prohi-

119 2423 226 2459 betur
242 2435 346 2458 cursu
361 2424 471 2472 priori
499 2423 643 2471 alioque
659 2424 773 2459 fluere

122 2482 266 2514 coaetus
286 2483 356 2514 est.
395 2478 592 2517 Rennelius
621 2479 669 2515 ad
688 2492 773 2516 sen-

122 2547 201 2569 sum
220 2534 316 2570 haud
337 2534 431 2571 male
459 2536 508 2572 sic
534 2535 675 2572 reddit:
700 2535 772 2571 die-

121 2602 173 2626 ser
195 2590 431 2639 abgegrabene
462 2591 600 2627 Wz’nlcel
619 2591 677 2627 des
705 2590 773 2628 Nil

122 2646 163 2692 (l.
182 2645 204 2682 l.
228 2660 264 2696 p.
279 2649 392 2695 602).
438 2647 497 2685 De
520 2649 636 2684 forma
657 2643 773 2698 οἷπερ-

121 2700 265 2754 γμένος
292 2705 386 2740 conf.
406 2702 538 2740 Matth.
565 2717 651 2753 pag.
674 2703 769 2752 458,

121 2763 157 2796 et
177 2772 287 2809 supra
304 2760 342 2806 I,
358 2763 447 2801 160.
464 2759 555 2800 174.
568 2763 633 2802 72.
650 2772 775 2812 φρασ-

121 2810 285 2866 σόμενος
328 2817 460 2854 dicitur
505 2816 580 2853 Nili
626 2811 773 2868 ἀγκών,

124 2876 302 2922 quatenus
320 2873 518 2923 quotannis
535 2873 693 2911 munitur
715 2887 774 2912 se-

833 1241 899 1287 pto
927 1236 981 1274 vel
1011 1237 1132 1286 potius
1165 1238 1309 1287 septum
1337 1233 1491 1284 (agger)

836 1297 1057 1331 exstructum
1101 1294 1297 1342 quotannis
1330 1293 1494 1329 invisitur

837 1354 895 1396 et,
918 1351 946 1385 si
968 1350 1057 1398 quid
1078 1363 1190 1399 opus,
1211 1350 1381 1386 reficitur.
1412 1349 1495 1386 Un-

839 1407 885 1442 do
920 1406 1015 1442 idem
1040 1405 1258 1442 Rennelius:
1308 1418 1375 1452 „er
1405 1403 1495 1442 wz‘rd

832 1461 994 1510 jc'ilzrlz'clt
1016 1462 1290 1510 ausgebessert.“

897 1518 932 1557 εἰ
952 1516 1026 1569 γάρ
1051 1513 1236 1569 ἐθελήσει
1264 1513 1389 1568 ῥήξας
1407 1533 1441 1556 κ.
1461 1534 1493 1556 τ.

839 1573 890 1625 λ.]
928 1575 986 1612 De
1010 1575 1066 1622 εἰ,
1107 1579 1283 1624 sequente
1311 1575 1494 1612 indicativi

838 1633 958 1668 futuro
982 1633 1076 1668 conf.
1097 1631 1230 1668 Matth.
1266 1645 1352 1682 pag.
1376 1635 1494 1673 1017.

840 1684 964 1739 ῥήξας
1003 1688 1075 1725 scil.
1112 1702 1286 1737 aggerem
1301 1718 1312 1736 ,
1355 1702 1427 1738 quo
1457 1689 1496 1725 in

839 1745 947 1781 alium
966 1744 1105 1782 alveum
1122 1746 1248 1781 fluvius
1268 1746 1396 1783 ductus
1418 1749 1497 1782 erat

839 1814 957 1850 eoque
982 1803 1244 1839 continebatur.
1275 1797 1398 1856 ταύτῃ
1422 1802 1443 1838 i.
1463 1815 1494 1839 e.

841 1858 884 1894 ea
903 1861 1030 1907 parte,
1061 1858 1133 1906 qua
1154 1859 1254 1908 prius
1276 1859 1392 1895 undas
1420 1859 1497 1895 vol-

840 1914 946 1950 vebat
961 1942 971 1960 ,
1011 1927 1084 1963 quo
1128 1914 1164 1950 in
1193 1914 1272 1950 loco
1315 1916 1495 1952 exsiccato

839 1983 933 2006 nunc
966 1971 1052 2007 urbs
1092 1970 1275 2021 Memphis
1315 1976 1412 2009 erat·
1435 1984 1497 2009 ex-

841 2030 986 2062 structa.

896 2080 1101 2134 γεγονέναι
1146 2079 1190 2122 τὸ
1233 2077 1495 2135 ἀπεργμένον]

840 2140 862 2175 i.
886 2152 917 2176 e.
946 2142 977 2176 z's
996 2143 1131 2176 tractus
1152 2143 1285 2188 terrae,
1315 2141 1405 2177 unde
1417 2142 1497 2191 flu-

840 2198 921 2232 vius
941 2209 1071 2244 aggere
1092 2196 1266 2234 obstructo
1286 2199 1355 2234 iam
1372 2198 1496 2247 prohi-

842 2253 936 2289 bitus
958 2257 1019 2300 est,
1043 2266 1139 2303 quem
1157 2255 1330 2304 perfluere
1346 2254 1497 2304 amplius

840 2322 907 2346 non
919 2313 1050 2358 potuit.
1071 2332 1127 2337 —
1146 2311 1205 2347 Ad
1225 2314 1438 2348 structuram
1453 2323 1497 2348 ex

841 2368 1033 2404 antecedd.
1072 2367 1190 2418 suppl.
1222 2366 1263 2406 οἱ
1290 2365 1390 2418 ἱρέες
1420 2366 1496 2406 ἔλε-

840 2437 925 2475 γον.

897 2474 1015 2518 πόλιν
1041 2478 1171 2519 κτίσαι
1197 2476 1368 2530 ταύτην,
1408 2476 1497 2531 ἥτις

841 2538 918 2574 νῦν
940 2535 1111 2586 Μέμφις
1126 2535 1318 2586 καλέεται]
1350 2537 1409 2574 De
1429 2537 1497 2574 hac

843 2593 933 2630 urbe
954 2592 1057 2630 multi
1077 2593 1198 2630 multa.
1244 2593 1324 2631 Nos
1350 2594 1397 2631 de
1415 2593 1496 2644 ipso

843 2649 940 2685 urbis
974 2649 1052 2685 loco
1074 2653 1186 2698 atque
1209 2651 1357 2688 nomine
1381 2663 1496 2699 quae-

843 2705 928 2741 dam
950 2705 1007 2742 hic
1026 2706 1244 2744 notabimus.
1274 2706 1371 2744 Nam
1388 2707 1497 2744 situm

843 2761 920 2799 eius
938 2762 1037 2799 vario
1066 2763 1176 2799 modo
1203 2763 1408 2800 indicarunt
1428 2764 1497 2800 viri

843 2818 962 2863 docti3
1007 2831 1160 2868 quorum
1183 2820 1243 2869 qui
1262 2821 1359 2870 apud
1378 2820 1496 2857 Gizeh

843 2873 1038 2923 s.Djizah‚
1078 2876 1179 2926 quod
1208 2888 1304 2914 nunc
1333 2880 1495 2924 vocatur,
