1909 3228
427 216 511 258 458
820 215 1288 253 HERODOTl

427 323 606 378 ταύτης,
630 326 704 378 τῆς
726 324 920 377 Κασπίης
942 322 1228 378 καλεομένης,
1259 323 1283 367 ὁ
1308 324 1536 376 Καύκασος
1557 322 1712 379 οἷπέρ·5

425 419 489 459 γει
507 419 516 429 ·
547 402 597 445 τὰ
629 401 674 444 ὁὲ
705 400 815 454 πρὸς
847 398 911 456 ἠῶ
939 417 982 444 τε
1011 402 1083 445 καὶ
1112 401 1239 457 ἥλιον
1268 400 1571 454 ἀνατέλλοντα,
1604 420 1683 448 πε-

425 484 521 525 δίον
553 481 788 528 ἐκδέκεται,
839 483 1008 536 πλῆθος
1047 479 1229 534 ἄπειρον
1269 481 1311 532 ἐς
1350 480 1539 533 ἄποψιν·
1597 488 1678 527 τοῦ

424 555 487 603 ὧν
516 559 568 615 δι)
607 560 761 603 πεδίου
797 563 877 602 τοῦ
915 559 1106 615 μεγάλου
1143 558 1225 604 οὐκ
1264 560 1488 617 ἐλαχίστην
1525 564 1685 619 μοίρην

421 638 644 694 μετέχουσι
684 640 727 681 οἱ
768 639 1073 696 Μασσαγέται,
1131 638 1202 683 ἐπ’
1242 639 1322 691 οὓς
1360 639 1385 684 ὁ
1417 642 1565 694 Κῦρος
1593 641 1685 697 ἔσχε

394 719 682 774 Ξπροθυμίην
722 716 1080 771 στρατεύσασθαι.
1139 718 1277 763 πολλά
1316 736 1360 763 τε
1394 719 1479 776 γάρ
1508 736 1584 777 μιν
1613 721 1686 763 καὶ

422 796 584 853 μεγάλα
613 796 664 840 τὰ
693 797 948 852 ἐπαείροντα
977 798 1049 842 καὶ
1078 797 1373 854 ἐποτρύνοντα
1401 794 1469 856 ἦν.
1502 803 1683 854 πρῶτον
1698 808 1741 841 10

421 876 501 933 μὲν
529 876 554 933 ἡ
585 877 771 933 γένεσις,
820 876 867 921 τὸ
901 877 1069 921 δοκέειν
1104 878 1238 921 πλέον
1278 896 1321 922 τι
1360 877 1472 922 εἶναι
1513 877 1686 934 ἀνθρώ-

422 971 529 999 που·
566 955 745 1010 δεύτερα
776 957 845 1009 δὲ,
881 956 907 1013 ἡ
940 956 1161 1013 εὐτυχίηὴ
1192 957 1300 1000 κατα
1330 956 1434 1010 τούς
1462 957 1681 1013 πολέμους

420 1034 631 1091 γενομένη
642 1051 651 1060 ·

710 1036 790 1092 ὅκη
828 1036 912 1092 γὰρ
953 1035 1118 1080 ἰθύσειε
1154 1037 1468 1091 στρατεύεσθαι
1516 1037 1682 1091 Κῦρος,

421 1112 645 1171 ἀμήχανον
673 1110 727 1172 ἦν
758 1116 894 1160 έκεῖνο
922 1115 970 1160 τό
1003 1116 1133 1168 ἔθνος
1164 1119 1430 1173 διαφυγέειν.

364 1287 432 1328 καὶ
462 1285 577 1340 ἥλιον
607 1285 870 1329 οἷνατέλλοντα
896 1291 1018 1340 regio-

364 1359 430 1383 nes
451 1347 499 1383 ad
521 1347 697 1384 orientem
725 1348 767 1395 (i.
791 1361 823 1385 e.
843 1348 881 1384 in
903 1348 1017 1397 parti-

364 1403 432 1440 bus
450 1403 710 1451 orientalibus)
738 1404 812 1441 sive
840 1404 1017 1440 orientem

364 1471 488 1496 versus
509 1472 531 1495 a
557 1459 695 1509 Caspio
713 1460 804 1496 mari
826 1460 924 1495 sitas.
957 1460 1015 1496 Cf.

363 1514 693 1564 Schweighaeuser.
713 1515 762 1551 ad
783 1515 818 1563 1,
839 1518 930 1557 202.

420 1571 562 1610 πεδίον
598 1569 816 1619 ἐκδέκεται,
855 1572 1017 1621 πλῆθος

365 1623 532 1679 ἄπειρον
573 1625 611 1673 ἒς
643 1624 801 1676 ἄποψιν
833 1642 870 1665 κ.
895 1642 925 1665 τ.
958 1630 1013 1673 λ.]

364 1683 452 1721 Νοιι
482 1697 629 1734 possum
669 1684 757 1733 quin
801 1684 1016 1731 adscribam,

365 1752 460 1790 quae
477 1740 625 1789 egregie
653 1741 700 1778 de
727 1740 796 1776 hoc
822 1740 899 1777 loco
920 1753 1017 1776 corn-

363 1800 545 1833 mentatus
568 1800 624 1833 est
642 1796 802 1833 Heeren.
825 1796 965 1843 (ldeeu
988 1794 1015 1842 Ι,

363 1855 391 1893 2
419 1864 505 1902 pag.
527 1853 648 1901 292);
679 1852 785 1899 „Die
811 1865 1014 1889 unermess-

363 1907 455 1945 liche
478 1908 608 1947 Ebene
628 1930 684 1935 —
711 1908 837 1946 ‹leutet
867 1909 934 1945 auf
956 1908 1015 1946 die

364 1964 493 2001 weiten
516 1964 830 2015 Steppenlander,
868 1965 928 2001 die
950 1965 1017 2001 be·-

363 2021 450 2058 reits
478 2021 516 2057 in
539 2021 606 2058 der
638 2033 792 2070 grossen
827 2020 1016 2069 Bucharey

364 2076 467 2114 ihren
483 2075 633 2126 Ansang
660 2077 816 2114 nehmen
845 2077 919 2114 und
940 2077 1016 2114 sich

364 2132 518 2170 alsdann
534 2133 571 2170 in
591 2134 658 2171 ‹ler
669 2147 823 2183 grossen
835 2133 1015 2181 Tartarey

364 2193 470 2226 unter
487 2190 553 2227 der
572 2189 803 2239 Beuennung
831 2190 897 2227 der
918 2189 1015 2227 Sun-

363 2258 473 2296 garey
493 2246 567 2282 und
588 2245 780 2297 Mongoley
797 2247 916 2284 neben
933 2247 1016 2283 dem

363 2301 496 2340 Lande
515 2301 650 2351 Eggur
674 2303 729 2340 bis
755 2316 800 2339 zu
822 2303 887 2340 der
904 2303 1016 2341 Kette

365 2359 429 2395 des
471 2357 566 2396 Altai
601 2359 731 2396 hinauf
767 2359 1015 2397 erstrecken.“

364 2413 504 2451 Aurum
526 2415 622 2452 enim
641 2415 789 2453 multum
810 2420 920 2465 atque
938 2428 1017 2461 aes,

365 2483 437 2518 quo
472 2470 706 2520 Massagetae
750 2472 802 2508 uti
851 2473 1018 2509 dicuntur

367 2526 435 2573 (l,
459 2527 592 2575 215),
630 2541 703 2565 non
737 2528 840 2566 aliter
876 2529 942 2565 nisi
975 2539 1020 2565 ex

367 2587 491 2620 monte
512 2583 615 2620 Altae·
642 2584 806 2635 accipere
840 2589 1020 2635 poteraut.

367 2637 480 2676 Unde
504 2639 610 2677 simul
634 2641 737 2691 ipsae
766 2641 870 2678 huius
901 2641 1019 2691 gentis

370 2694 477 2730 sedes
496 2695 725 2745 aliquatenus
756 2697 897 2735 definiri
914 2702 1023 2748 pote-

368 2753 463 2786 runt.
520 2750 640 2800 Atque
668 2753 739 2790 iam
756 2753 955 2792 Rennelius
983 2753 1020 2790 in

370 2804 583 2855 Geograph.
617 2808 795 2846 Herodot.
821 2822 908 2861 pag.
937 2810 1021 2851 473

371 2872 450 2909 seq.
469 2866 627 2900 veterum
648 2863 747 2901 locos
768 2866 814 2904 de
829 2865 1023 2916 Massage-

1085 1291 1131 1328 tis
1151 1291 1342 1339 (Strabon.
1373 1290 1426 1327 XI
1457 1303 1542 1341 pag.
1561 1290 1641 1332 511
1663 1302 1741 1340 seq.

1085 1348 1238 1385 Diodor.
1276 1347 1385 1384 Sicul.
1418 1347 1471 1394 ΙΙ,
1507 1349 1544 1387 3.
1599 1347 1740 1383 Arrian.

1084 1404 1232 1454 Exped.
1253 1403 1353 1441 Alex.
1377 1403 1443 1450 lV,
1477 1406 1539 1444 17.
1569 1403 1740 1450 Ptolem.)

1085 1460 1257 1508 collegit,
1293 1473 1365 1508 quo
1393 1460 1440 1497 de
1473 1460 1564 1496 veris
1593 1460 1740 1496 sedibus

1084 1517 1285 1554 accuratius
1312 1515 1418 1552 statui
1448 1520 1585 1566 posset.
1642 1515 1741 1552 Scri-

1083 1577 1206 1623 ptores
1220 1572 1411 1609 Herodoto
1424 1572 1644 1621 posteriores
1660 1584 1739 1609 me·

1083 1629 1150 1665 lius
1199 1630 1348 1666 edoctos
1407 1641 1489 1665 esse
1533 1628 1740 1672 contendit3

1085 1698 1176 1735 quos
1207 1686 1236 1721 si
1267 1697 1479 1733 sequamur,
1508 1683 1739 1733 Massagetas

1084 1742 1244 1779 tenuisse
1261 1746 1374 1778 terras
1397 1752 1513 1789 usque
1533 1741 1580 1777 ad
1601 1741 1739 1777 lmaum

1086 1797 1278 1834 dicendum
1291 1826 1302 1844 ‚
1327 1809 1371 1834 ea
1390 1797 1428 1834 in
1445 1797 1615 1845 regione,
1645 1808 1741 1845 quae

1084 1853 1214 1890 dicitur
1250 1853 1419 1903 Kipzak‚
1456 1852 1493 1888 in
1528 1852 1741 1890 occidentali

1083 1914 1187 1960 parte
1206 1913 1328 1947 terrae
1349 1908 1560 1947 Turkestan
1579 1913 1617 1947 et
1638 1909 1676 1946 in
1697 1909 1739 1946 iis

1083 1966 1240 2017 campis,
1275 1977 1370 2015 quae
1399 1968 1547 2017 proprie
1581 1965 1629 2003 ad
1666 1970 1741 2003 ter-

1083 2035 1160 2059 ram
1187 2023 1284 2060 Gete
1311 2023 1519 2072 pertineant
1545 2023 1598 2071 (‚‚
1610 2023 1658 2059 im
1685 2023 1739 2060 ei-

1083 2078 1289 2129 gentlichen
1308 2078 1441 2116 Gebiet
1466 2093 1536 2116 von
1563 2079 1735 2126 Gete“).

1141 2131 1426 2187 στρατεύεσθαι
1444 2136 1603 2187 Κῦρος]
1626 2145 1737 2184 στρα-

1085 2188 1217 2232 τεύειν
1251 2205 1340 2228 unus
1369 2191 1486 2237 liber3
1533 2190 1632 2240 quod
1664 2203 1737 2227 nou

1083 2248 1251 2298 displicet
1261 2247 1615 2296 Schweighaeusero,
1639 2259 1736 2283 com-

1082 2305 1227 2357 paranti
1267 2304 1305 2351 l,
1334 2307 1399 2344 77.
1440 2304 1514 2351 vl,
1546 2306 1583 2344 7.
1640 2301 1737 2340 Ante

1085 2363 1223 2412 Κῦρος
1260 2360 1445 2397 articulum
1479 2358 1525 2409 ό,
1553 2359 1653 2396 libris
1681 2360 1738 2396 in-

1083 2419 1165 2455 vitis
1185 2416 1292 2465 vulgo
1312 2417 1514 2464 adiectum,
1541 2416 1738 2454 omisimus.

1086 2474 1147 2511 Sic
1178 2474 1214 2510 in
1243 2474 1431 2511 antecedd.
1461 2486 1527 2523 pro
1560 2467 1738 2523 δεύτερα,

1086 2531 1186 2580 quod
1212 2529 1337 2579 optimi
1377 2534 1502 2567 tenent
1536 2528 1640 2575 libri,
1679 2529 1738 2566 alii

1089 2582 1300 2638 δεύτερον,
1329 2599 1409 2623 cum
1432 2589 1540 2622 antea
1569 2585 1606 2622 in
1631 2587 1738 2636 πρῶ-

1087 2657 1158 2682 τον
1202 2655 1328 2679 omncs
1365 2642 1583 2692 conspirent.
1640 2641 1738 2680 Nam

1090 2699 1180 2736 alias
1227 2698 1325 2748 apud
1371 2698 1548 2735 Nostrum
1599 2700 1738 2749 πρῶτα

1090 2752 1164 2805 μὲν
1184 2775 1240 2782 --
1261 2749 1425 2806 δεύτερα
1443 2752 1504 2800 δὲ,
1533 2758 1573 2790 ut
1589 2754 1651 2802 lll,
1671 2755 1737 2794 80.

1090 2811 1200 2858 Vlll,
1240 2812 1331 2852 106.
1407 2810 1605 2848 Adnotavit
1648 2810 1737 2846 haec

1088 2867 1304 2916 Schweigh.,
1331 2867 1411 2918 ipse
1438 2871 1558 2904 tamen
1582 2865 1735 2910 addens,
