1909 3228
443 219 530 259 338
858 211 1324 252 HERODOTI

443 327 554 382 πρὸς
582 328 832 373 Σικυῶνος·
863 321 967 375 μετὰ
996 320 1064 371 δὲ,
1095 321 1302 376 Αἴγειρα,
1333 319 1406 362 καὶ
1434 319 1586 375 Αἰγαί·
1627 318 1700 374 (ἐν

442 409 497 463 τῇ
531 408 701 460 Κρᾶθις
734 399 929 456 ποταμὸς
964 397 1150 450 ἀένναός
1179 398 1288 450 ἐστι,
1335 395 1413 441 ἀπ’
1456 398 1561 442 ὅτου
1599 397 1623 442 ὁ
1654 397 1701 441 ἐν

416 483 597 540 3Ἰταλίῃ
627 479 820 535 ποταμὸς
846 479 895 522 τό
926 477 1098 534 οὕνομα
1127 478 1264 533 έ’σχε·)
1314 476 1388 520 καὶ
1422 479 1581 532 Βοῦρα,
1625 478 1755 521 καὶ40

437 562 604 617 Ἑλίκη,
643 558 703 614 (ἐς
732 557 812 614 τήν
839 556 1090 614 κατέφυγον
1118 554 1264 607 Ἴωνες
1292 553 1378 599 ὑπὸ
1414 552 1596 610 Ἀχαιῶν
1624 554 1700 610 μά-

443 657 496 697 χῃ
525 637 833 692 ἕσσωθέντες,)
875 638 948 681 καὶ
977 637 1157 692 Αἴγιον,
1196 635 1270 679 καὶ
1293 633 1467 686 Ῥύπες,
1505 633 1577 677 καὶ
1607 637 1699 678 Πα-

441 718 582 773 τρέες,
613 717 686 760 καὶ
718 716 898 770 Φαρέες,
928 716 1002 760 καὶ
1021 715 1226 767 ’Ὡλενος,
1257 714 1325 768 (έν
1353 717 1414 771 τῷ
1433 716 1594 767 Πεῖρος
1622 728 1700 757 πο·
1767 723 1822 761 72

441 795 577 852 ταμὸς
601 796 731 852 μέγας
761 795 902 850 έστί·)
960 795 1034 839 καὶ
1062 793 1216 851 Δύμη,
1266 793 1338 838 καὶ
1372 792 1610 847 Τριταιέες,
1657 795 1700 837 οἳ

284 887 384 933 146
441 879 600 932 μοῦνοι
629 872 796 918 τούτων
833 872 1058 930 μεσόγαιοι
1095 874 1297 918 οἰκέουσι.
1362 875 1508 915 Ταῦτα
1538 870 1755 916 dudda-45

131 962 202 981 ⁰⁰⁰⁸
233 953 387 980 ”¹¹⁰d002‘
441 971 498 998 κα
523 954 652 1010 μέρεα
680 957 765 997 νῦν
790 951 970 1009 Ἀχαιῶν
999 953 1108 1005 ἐστὶ,
1137 952 1211 996 καὶ
1238 951 1334 995 τότε
1363 966 1411 1006 γε
1438 948 1599 994 Ἰώνων
1625 944 1698 1007 ἦν.

228 987 388 1021 iquibuse

187 1021 282 1047 ›n‘bus
308 1028 385 1047 com·
510 1033 520 1047 ι
687 1032 696 1046 x
758 1033 780 1048 η
974 1031 984 1047 ι
1062 1032 1076 1046 ι·
1112 1029 1133 1045 ,t
1381 1029 1391 1043 ι
1593 1028 1604 1043 ι

187 1052 385 1114 inea-:flami
414 1041 613 1078 Ξτουτων
643 1034 696 1089 δη
737 1048 879 1076 εινεκα
916 1048 989 1076 και
1032 1048 1075 1075 οι
1126 1034 1257 1082 Ιωνες
1302 1031 1501 1075 δυωδεκα
1547 1033 1700 1082 πολιας

111 1096 129 1114 c
132 1096 185 1114 ιιιιι
188 1096 216 1115 m
324 1094 388 1114 ems

113 1121 284 1160 veui-ssent,
335 1127 388 1147 eos

141 1161 238 1181 aneas
280 1161 298 1180 u
301 1161 387 1179 xxxxx

133 1187 246 1214 uxiese:
281 1186 386 1213 harum

110 1221 157 1248 ira
175 1224 205 1248 et
221 1220 268 1249 lex
284 1220 315 1248 in
324 1227 386 1250 ma-

109 1254 195 1283 titos.

115 955 206 1027 =mlita

135 1027 186 1060 ειμι

144 1059 182 1081 txt

383 1402 523 1436 remota
543 1410 565 1435 a
579 1397 699 1435 Patris
729 1398 846 1447 (conf.
864 1396 1032 1435 Siebelis.

382 1455 431 1491 ad
453 1454 611 1490 Pausan.
632 1453 722 1500 Vll,
746 1456 798 1494 18
823 1451 859 1503 ἓ.
882 1454 938 1501 1).
973 1452 1031 1489 Ab

384 1510 504 1547 Oleno
521 1509 764 1559 quadraginta
785 1509 903 1546 stadia
928 1508 1033 1545 abest

385 1565 513 1616 Dyme,
541 1565 579 1602 in
596 1566 695 1602 cuius
706 1565 823 1602 locum
841 1577 935 1601 nunc
949 1577 1032 1600 suc-

383 1622 493 1659 cessit
531 1622 628 1659 vicus
658 1620 862 1659 Karabosta
898 1619 1029 1667 (Iliad.

381 1677 470 1725 Vll,
491 1680 542 1718 17
563 1675 600 1728 ὃ.
621 1678 680 1726 3).
719 1677 849 1715 Restat
872 1675 1031 1723 Trztaea,

380 1746 404 1771 a
423 1733 552 1770 Pharis
577 1737 717 1770 remota
736 1737 879 1771 centum
905 1732 1031 1781 viginti

381 1789 531 1835 stadiis,
560 1789 707 1826 interior
738 1789 822 1825 urbs
839 1816 850 1835 ‚
879 1788 926 1826 de
958 1799 1031 1836 qua

381 1844 584 1882 Pausanias
606 1844 700 1892 Vll,
726 1847 781 1886 22
804 1842 900 1895 §.4.
928 1843 1032 1881 Haec

381 1900 461 1937 sola
484 1895 693 1951 μεσόγαιος
719 1900 803 1938 ideo
831 1899 900 1937 dici
927 1899 1029 1937 vide-

379 1960 457 2003 tur,
478 1957 648 2005 quoniam
667 1955 827 2005 reliquae
842 1955 951 1993 urbes
968 1958 1031 1992 aut

381 2012 471 2050 mari
497 2013 732 2060 adiacebant,
761 2016 824 2048 aut
851 2011 1029 2063 portubus

380 2073 477 2107 certe
498 2068 588 2106 mari
604 2068 748 2106 iunctae
765 2069 877 2106 fuere.

434 2151 573 2189 Crathis
609 2152 739 2189 fluvius
778 2151 903 2189 itidem
931 2162 1029 2188 com-

376 2212 596 2246 memoratur
638 2207 796 2245 Pausan.
848 2206 936 2254 VII,
973 2206 1026 2248 25

376 2262 413 2314 5.
431 2267 479 2312 7,
508 2264 569 2301 ubi
589 2263 692 2314 plura
721 2262 887 2302 Siebelis.
917 2262 1026 2301 Nunc

374 2324 522 2357 vocatur
542 2319 711 2358 Sacrates
738 2332 767 2356 s·
787 2319 929 2356 Acrato.
966 2318 1025 2357 De

375 2374 468 2413 Riro
488 2376 597 2414 fluvio
636 2376 708 2412 vid.
737 2375 823 2413 ibid.
850 2374 939 2421 Vll,
968 2377 1024 2417 22

373 2429 411 2482 ἓ.
435 2434 470 2473 1.
527 2432 650 2470 Hodie
670 2432 703 2469 ei
736 2443 869 2470 nomen
890 2430 1019 2469 Kame-

371 2489 482 2526 m‘tza.

427 2565 472 2607 ἐν
497 2570 548 2623 τῇ
566 2571 728 2623 Κρᾶθις
747 2567 946 2622 ποταμός]
976 2568 1020 2610 ἕν

370 2623 422 2674 τῇ
453 2625 542 2662 dixit
569 2640 716 2665 sensum
743 2627 880 2677 magis,
909 2639 1018 2676 quam

370 2682 639 2725 grammaticam
677 2688 890 2721 structuram
916 2696 1020 2721 secu-

372 2739 451 2781 tus,
497 2750 577 2775 cum
608 2740 801 2777 antecedat
830 2737 951 2791 Αἰγαὶ
979 2739 1016 2777 in

370 2789 521 2883 lilurali,
552 2794 610 2832 ubi
633 2795 715 2833 licet
744 2795 923 2846 intelligas
944 2790 1014 2836 πό-

397 2859 442 2891 ις.

443 1110 720 1168 ἐποιήσαντο·
752 1111 862 1162 ἐπεὶ,
892 1109 952 1163 ὥς
981 1127 1028 1167 γε
1056 1127 1097 1154 τι
1124 1114 1291 1166 μᾶλλον
1312 1104 1435 1154 οὗτοι
1451 1106 1599 1159 Ἴωνές
1617 1108 1699 1151 εἶσι

440 1194 530 1235 τῶν
560 1190 703 1236 ἄλλων
727 1189 909 1244 Ἰώνων,
944 1189 974 1246 ἢ
1002 1188 1181 1235 κάλλιόν
1207 1206 1249 1234 τι
1278 1188 1510 1246 γεγόνασι,
1552 1187 1697 1244 μωρίη

1274 1397 1307 1434 C
1319 1409 1340 1434 a
1349 1409 1388 1447 p.
1417 1393 1585 1434 CXLVI.

1154 1478 1223 1519 καὶ
1249 1476 1332 1520 τότε
1359 1493 1401 1531 γε
1423 1474 1568 1518 Ἰώνων
1596 1470 1678 1527 ἦν]
1708 1474 1751 1513 In

1098 1549 1247 1574 numero
1269 1536 1459 1573 duodecim
1476 1534 1629 1580 urbium,
1656 1545 1752 1582 quae

1097 1593 1147 1630 ad
1181 1593 1307 1629 Ionum
1343 1592 1473 1629 foedus
1498 1588 1751 1642 pertinuerint,

1097 1649 1223 1698 utique
1253 1649 1448 1698 scriptores
1469 1636 1628 1696 &ntiqui
1662 1657 1751 1683 con-

1098 1705 1268 1743 sentiunt.
1326 1703 1406 1742 Nec
1435 1708 1558 1740 tamen
1587 1714 1658 1738 uno
1686 1713 1751 1738 eo-

1099 1760 1256 1809 demque
1272 1761 1349 1798 fere
1374 1763 1536 1810 tempore
1561 1758 1638 1794 illas
1667 1769 1750 1795 esse

1099 1817 1264 1854 conditas
1277 1844 1288 1863 ,
1309 1828 1378 1853 nec
1398 1815 1505 1854 etiam
1524 1814 1672 1851 Ionibus
1692 1813 1749 1850 in-

1099 1873 1147 1910 de
1167 1873 1212 1909 ab
1233 1872 1372 1921 origine
1390 1871 1500 1909 hocce
1529 1871 1640 1908 fuisse
1660 1882 1748 1907 con-

1098 1928 1237 1976 silium,
1282 1928 1381 1977 quod
1417 1927 1627 1965 Herodotus
1658 1925 1747 1974 vult,

1096 1984 1280 2022 contendit
1307 1982 1645 2021 Raoul-Rochette
1668 1981 1692 2019 L
1720 1981 1745 2019 Ι.

1094 2040 1146 2078 111
1163 2052 1248 2090 pag.
1267 2041 1320 2080 83
1345 2052 1448 2090 seqq.
1507 2038 1564 2077 De
1592 2037 1746 2088 singulis

1095 2096 1295 2135 civitatibus
1315 2097 1409 2133 conf.
1430 2096 1479 2134 ad
1506 2094 1546 2143 1,
1567 2096 1660 2136 142.

1150 2177 1260 2226 ἐπεὶ,
1291 2175 1344 2226 ὥς
1364 2193 1407 2231 γε
1437 2194 1474 2219 τι
1498 2179 1647 2230 μᾶλλον
1675 2171 1742 2218 οὗ-

1093 2232 1296 2282 τοιἽωνές
1319 2235 1458 2274 εἰσι-
1474 2234 1604 2286 μωρίη
1615 2230 1741 2285 πολλή

1091 2290 1240 2343 λέγειν]
1274 2291 1371 2329 Olim
1396 2291 1584 2341 legebatur
1616 2286 1671 2337 ὥς
1696 2305 1741 2343 γε

1090 2362 1172 2396 τοι,
1217 2347 1316 2385 cuius
1352 2347 1430 2385 loco
1474 2346 1740 2396 Wesselingius

1091 2402 1146 2450 ὥς
1164 2401 1207 2457 γέ
1226 2419 1264 2442 τι
1284 2403 1419 2452 edidit,
1447 2404 1548 2453 quod
1573 2403 1667 2440 binis
1697 2403 1740 2440 li-

1087 2460 1162 2497 bris
1193 2461 1371 2498 firmatum
1398 2460 1632 2507 retinuimus,
1660 2471 1740 2497 mu-

1085 2520 1161 2553 tato
1182 2520 1322 2554 tantum
1342 2521 1500 2554 accentu.
1556 2514 1627 2553 Est
1650 2528 1739 2553 vero

1086 2571 1175 2610 haec
1216 2572 1395 2610 Herodoti
1431 2571 1633 2619 sententia,
1669 2571 1737 2609 ab·

1086 2629 1233 2666 surdum
1253 2642 1334 2667 esse
1355 2629 1494 2675 dicere,
1524 2628 1593 2666 hos
1613 2627 1735 2675 lones,

1084 2697 1235 2733 quorum
1257 2686 1329 2722 sint
1349 2685 1540 2723 duodecim
1559 2684 1651 2721 istae
1673 2696 1735 2720 ur-

1084 2740 1167 2788 bes,
1197 2742 1313 2790 magis
1324 2741 1431 2779 lones
1454 2754 1536 2779 esse
1555 2752 1730 2790 quamre-

1080 2795 1196 2845 liquos
1223 2797 1372 2835 aliarnun
1405 2802 1579 2836 terrarum
1608 2795 1729 2841 Iones,

1079 2853 1286 2893 nobiliorive
1312 2866 1448 2904 genere
1477 2851 1650 2892 oriundos
1687 2862 1729 2887 ae
