1909 3228
683 206 775 245 CL
806 208 817 244 1
850 210 894 245 0.
952 208 978 246 1.

1371 191 1454 254 4:37

199 313 362 370 μεγάλα
389 316 525 357 ταῦτα
552 313 604 357 τά
634 319 785 368 πλοῖα,
816 318 886 360 καὶ
918 315 1100 360 ἐλάσσω·
1130 317 1181 361 τα
1212 318 1256 362 δὲ
1275 320 1451 376 μέγιστα
1463 328 1506 363 5ο

201 391 368 444 αὐτῶν,
408 393 478 436 καὶ
519 397 871 451 πεντακισχιλίων
906 395 1126 440 ταλάντων
1173 396 1314 455 γόμον
1354 401 1448 456 ἔχει.

200 472 246 515 ἐν
277 471 438 533 ἑκάστῳ
469 472 514 516 δὲ
543 474 677 532 πλοίῳ
709 471 811 524 ὄνος
847 474 948 528 ζωὸς
977 475 1134 529 ἔνεστι,
1188 477 1234 521 ἐν
1263 478 1309 523 δὲ
1337 484 1450 523 τοῖσι

171 550 351 608 ὁμέζοσι
387 557 578 603 πλεῦνες.
637 552 765 597 ἐπεὰν
795 547 857 596 ὦν
902 553 1140 599 ἀπίκωνται
1177 556 1375 610 πλέοντες
1407 559 1450 610 ἐς

199 630 278 687 τήν
309 634 576 687 Βαβυλῶνα,
625 632 696 674 καὶ
727 633 986 676 διαθέωνται
1025 634 1103 676 τὸν
1132 633 1321 689 φόρτον,
1374 653 1445 682 νο-

194 711 298 765 μὲας
325 710 403 765 μὲν
430 714 510 753 τοῦ
539 711 696 754 πλοίου
733 712 803 754 καὶ
845 711 922 768 τὴν
958 712 1154 769 καλάμην
1188 717 1332 757 πᾶσαν
1372 713 1449 761 ἆπέ

192 784 255 832 ὦν
290 789 522 844 ἐκήρυξαν·
551 787 628 839 τὰς
659 790 703 832 δὲ
722 789 934 846 διφθέρας
958 790 1230 844 ἐπισάξαντες
1257 793 1322 837 ἐπὶ
1341 794 1443 846 τούς
1458 803 1503 840 55

161 866 346 920 7ὅνους,
396 865 688 911 ἀπελαύνουσι
725 868 768 919 ἐς
803 868 909 921 τοὺς
944 867 1205 926 Ἀρμενίους.
1261 870 1344 916 άνά
1372 873 1449 917 τόν
1504 879 1560 919 93

191 945 388 1002 ποταμὸν
415 946 497 1002 γάρ
528 946 579 1002 δὴ
611 946 694 991 οὐκ
725 944 796 991 οἷά
827 948 869 991 τέ
899 948 987 992 ἐστι
1009 948 1154 993 πλέειν
1179 947 1325 994 οὐδενὶ
1348 951 1446 1005 τρό-

188 1041 279 1082 πῳ,
311 1024 396 1069 ὑπὸ
424 1025 572 1082 τάχεος
601 1030 680 1070 τοῦ
709 1031 918 1083 ποταμοῦ.

979 1027 1051 1072 διὰ
1085 1028 1168 1084 γὰρ
1206 1033 1342 1072 ταῦτα
1371 1031 1446 1074 καὶ

188 1104 269 1148 οὐκ
297 1104 345 1148 ἐκ
374 1103 515 1157 ξύλων
544 1110 766 1149 ποιεῦνται
806 1105 858 1149 τὰ
892 1110 1047 1159 πλοῖα,
1089 1105 1184 1150 ἀλλ’
1214 1107 1261 1151 ἐκ
1291 1110 1444 1163 διφθε-

161 1191 180 1224 S
192 1183 315 1237 ρέων.

187 1261 325 1305 ὀπίσω
355 1262 398 1312 ές
427 1261 530 1313 τους
557 1262 826 1319 Ἀρμενίους,
886 1262 994 1308 ἄλλα
1031 1263 1179 1318 τρόπω
1219 1268 1280 1322 τῷ
1324 1264 1441 1324 αὐτῷ

183 1345 409 1384 ποιεῦνται
439 1345 582 1384 πλοῖα.
612 1341 664 1384 τά
692 1341 770 1396 μὲν
800 1341 851 1396 δὴ
881 1346 1011 1385 πλοῖα
1041 1340 1211 1385 αὐτοῖσί
1239 1343 1326 1386 ἐστι
1356 1361 1441 1388 τοι-

65 1419 158 1467 195
184 1422 308 1463 αὕτα.
362 1418 534 1475 Ἐσθῆτι
565 1419 610 1464 δὲ
636 1422 780 1476 τοιῇδε
805 1419 1040 1476 χρέωνται,
1073 1423 1232 1466 κιθῶνι
1260 1423 1437 1479 ποδηνε-
1496 1428 1660 1462 Corporum
1671 1431 1766 1458 culeus

177 1613 224 1655 τὰ
249 1613 291 1655 δὲ
312 1614 471 1668 μέγιστα
492 1610 681 1661 αὐτῶν]
705 1610 770 1654 αὖ-

122 1674 200 1711 τῶν
227 1686 247 1710 e
267 1673 364 1710 libris
382 1674 620 1723 reposuimus.
650 1672 770 1722 Vulgo

123 1724 285 1767 αὐτέων.
341 1729 429 1765 Mox
475 1726 598 1775 ζωός
644 1729 769 1778 utique

122 1785 298 1834 praebent
342 1785 486 1834 plurimi
535 1785 636 1831 libri,
677 1798 766 1822 unus

123 1836 239 1887 ζοοδς,
279 1840 368 1877 alter
404 1837 501 1889 ζώς,
542 1841 641 1889 quod
668 1840 767 1877 haud

120 1896 244 1933 melius
266 1908 374 1945 quam
398 1896 581 1945 vulgatum
609 1897 683 1942 ζῶς
709 1909 768 1932 re·

119 1952 323 1989 iiciendum.
362 1952 570 1989 Gaisfordio
600 1963 685 1989 vera
715 1951 768 1987 vi-

119 2009 224 2045 detur
242 2008 416 2058 scriptura
438 2009 458 2054 ζ
465 2023 484 2047 ο
497 2004 518 2047 ό
530 2023 549 2054 ς
559 2024 572 2055 ,·
596 2020 637 2044 ac
655 2006 766 2044 talem

119 2077 158 2100 re
184 2076 268 2100 vera
293 2064 472 2101 exstitisse
501 2066 654 2101 sormam
681 2075 766 2111 pro-

117 2119 235 2156 babile
260 2119 436 2166 reddunt,
474 2132 568 2168 quae
586 2118 764 2156 Matthiae

117 2175 313 2225 disputavit
331 2175 368 2211 in
389 2176 454 2212 Gr.
475 2176 539 2212 Gr.
558 2187 644 2225 pag.
666 2174 762 2214 247.

116 2231 237 2268 Minus
256 2231 324 2268 huc
335 2231 543 2269 contulerim
560 2233 651 2277 σῶς,
663 2230 762 2278 quod

115 2287 217 2324 huius
266 2287 335 2324 loci
380 2300 455 2324 non
502 2300 582 2325 esse
637 2289 761 2324 monet

115 2343 486 2391 Schweighaeuserus.
507 2364 563 2371 -
593 2343 637 2379 In
654 2355 757 2391 seqq.

116 2399 166 2434 ad‘
194 2396 431 2437 διαθέωνται
472 2399 544 2436 vid.
586 2411 680 2448 quae
711 2399 759 2435 de

116 2454 184 2489 hoc
206 2454 316 2490 verbo
338 2459 463 2491 notata
487 2458 569 2492 sunt
591 2455 639 2491 ad
660 2454 698 2500 Ι,
721 2456 758 2494 1.

134 2556 153 2564 ..
171 2505 244 2559 τήν
288 2506 469 2561 καλάμην
503 2512 635 2549 πᾶσαν
674 2504 760 2548 ἀπ’

118 2564 183 2601 ὠν
213 2561 487 2615 ἐκήρυξαν]
526 2566 582 2602 Ita
610 2566 759 2614 egregie

116 2632 138 2656 e
158 2619 426 2658 Schellershem.
446 2622 538 2658 libro
550 2634 571 2657 a
589 2621 757 2669 Schwgh.

115 2675 318 2713 restitutum
349 2690 432 2715 esse
454 2689 665 2728 persuasum
692 2678 757 2713 ha-

114 2730 250 2768 bemus.
315 2731 434 2782 Vulgo
476 2747 509 2770 τ.
552 2747 588 2770 κ.
624 2734 757 2771 πᾶσαν

116 2781 378 2836 α’πεκήρυξαν.
444 2788 619 2838 Exempla
653 2788 757 2826 huius

115 2845 273 2880 tmeseos
312 2844 411 2895 apud
451 2844 627 2882 Nostrum
661 2844 760 2882 haud

839 1615 1032 1654 inusitatae
1062 1618 1204 1654 exstant
1234 1617 1332 1668 apud
1357 1615 1489 1657 Matth.

838 1672 860 1709 l·
883 1672 905 1710 l.
932 1685 1018 1722 pag·
1041 1674 1148 1713 1189
1169 1685 1269 1722 seq„
1303 1675 1363 1723 qui
1392 1675 1489 1713 idem

834 1727 921 1779 pag.
942 1727 1024 1769 954
1052 1732 1203 1778 propter
1225 1731 1350 1767 aoristi
1372 1731 1487 1779 sigui-

835 1785 1036 1821 ficationem
1053 1784 1305 1823 consulendus.
1335 1786 1403 1823 Est
1423 1800 1486 1824 ve-

836 1852 876 1875 ro
895 1834 1184 1888 άποκηρύττειν
1203 1854 1267 1889 per
1282 1854 1483 1891 praeconem

835 1895 884 1943 (s,
893 1895 1048 1944 publice)
1073 1895 1217 1932 vendere
1233 1897 1288 1934 vel
1308 1897 1483 1936 vendenda

833 1954 913 1988 voci
931 1951 1096 1987 subiicere
1118 1954 1319 2000 praeconis,
1349 1956 1388 1989 ut
1404 1966 1484 1989 1110-

833 2010 896 2044 net
913 2007 1174 2055 &Vesselingius
1187 2035 1198 2054 ,
1218 2008 1278 2056 qui
1293 2008 1482 2047 lectionem

833 2075 900 2098 sua
931 2066 1051 2100 aetate
1082 2075 1104 2099 a
1136 2063 1321 2100 Gronovio
1353 2064 1482 2112 vulga-

832 2122 906 2155 tam
937 2113 1237 2168 εἷπενεκήρνξαν
1276 2119 1312 2155 111
1343 2118 1478 2159 ἐπανε-

829 2170 1005 2224 κήρυξαν
1034 2174 1201 2222 (insuper
1229 2175 1292 2211 sub
1310 2187 1476 2224 praecone

827 2230 1044 2278 vendebant)
1090 2234 1263 2267 mutatam
1299 2230 1473 2270 voluerat.

827 2286 904 2323 Sed
930 2289 1092 2336 praestat
1110 2298 1132 2322 a
1151 2285 1350 2335 Schweigh.
1363 2299 1473 2337 repo-

824 2341 895 2379 sita
913 2341 1029 2380 lectio.

881 2391 960 2436 άνοὶ
988 2394 1058 2437 τόν
1098 2393 1276 2448 ποταμὸν
1308 2393 1382 2449 γάρ
1418 2394 1470 2448 δὴ

826 2449 898 2494 οὔκ
920 2449 985 2493 οἷά
1004 2452 1044 2492 τέ
1065 2452 1144 2492 ἔστι
1163 2451 1294 2491 πλέειν
1311 2467 1345 2490 κ.
1367 2467 1398 2490 τ.
1417 2456 1467 2499 λ.]

823 2510 926 2547 Idem
946 2511 1063 2547 adhue
1083 2511 1119 2546 in
1138 2509 1243 2557 Tigri
1267 2508 1345 2545 fieri
1372 2508 1470 2545 affir-

823 2570 938 2603 mant.
995 2567 1103 2602 Conf.
1122 2565 1252 2602 Ritter.
1269 2563 1469 2601 Erdkunde

823 2621 860 2659 II
879 2635 966 2672 pag.
989 2624 1067 2662 127
1094 2620 1173 2658 coll.
1195 2622 1290 2662 126.

1002 2702 1115 2754 Cap.
1144 2702 1296 2741 CXCV.

881 2786 1023 2838 ἐσθῆτι
1049 2784 1092 2825 δὲ
1119 2786 1252 2840 τοιῇδε
1284 2781 1470 2837 χρέωνται

825 2858 861 2884 κ.
879 2857 912 2882 τ.
931 2845 981 2890 λ.]
1011 2843 1115 2881 Haec
1134 2842 1255 2881 omnia
1280 2843 1357 2880 fere
1371 2845 1469 2879 retu-

379 1183 508 1226 ἐπεοὲν
538 1184 583 1227 δὲ
612 1184 716 1236 τούς
746 1184 879 1236 ὅνους
918 1184 1170 1236 ἐλαύνοντες
1201 1184 1437 1230 ἀπίκωνται
1453 1194 1498 1228 60

1494 1463 1653 1499 apuduabJ
1662 1464 1764 1493 Ionios.
