1877 3223
458 259 542 300 212

429 367 596 424 5μὲνον
629 369 705 423 τῆς
742 365 904 417 πόλιος.

848 256 1312 296 HERODOTI

967 365 1018 410 ‘0
1055 360 1117 409 ὦν
1157 364 1210 420 δή
1255 364 1482 421 Ὑροιάδης
1519 359 1648 415 οὗτος
1686 362 1766 407 635

461 445 670 500 Μάρδος,
702 445 811 488 ἰδών
839 449 891 502 τῇ
919 446 1154 501 προτεραίῃ
1184 448 1272 486 τῶν
1301 460 1398 486 τινα
1424 446 1584 488 Λυδῶν
1603 443 1711 487 κατὰ

457 528 587 568 τοῦτο
623 526 698 578 τῆς
735 521 997 578 ἄκροπόλιος
1031 521 1280 579 καταβάντα
1321 523 1389 565 ἐπὶ
1417 521 1709 579 κυνέην·ἆ’νω-

456 608 537 647 θεν
565 606 978 656 κατακυλισθεῖσαν,
1009 603 1082 646 καὶ
1100 601 1386 658 ἀνελόμενον,
1417 599 1617 658 ἐφράσθη
1637 602 1710 644 καὶ

403 824 484 857 tunt
502 819 632 868 vulgo:
663 823 739 867 „est
755 824 871 858 autem
883 835 942 870 ea,
962 834 1052 872 quae

407 876 527 914 Tmolo
545 875 667 925 oppido
688 880 843 926 opposita
860 880 951 915 est.“
973 878 1052 916 Nee

404 933 509 970 aliter
537 934 613 969 fere
653 933 828 970 Cellarius
870 935 908 971 in
935 934 1051 971 Notit.

403 989 495 1027 Orb.
515 987 639 1037 Antiq.
667 989 700 1025 ΙΙ
725 1002 763 1039 p.
787 993 867 1030 112
893 990 1053 1040 pluribus

401 1043 490 1082 locis
541 1045 804 1094 comprobans,
873 1046 1055 1083 exstitisse

403 1099 575 1139 Tmolum
594 1101 719 1138 urbem
751 1115 867 1152 prope
894 1107 1055 1140 montem

403 1157 567 1195 eiusdem
585 1157 751 1195 nominis.
812 1158 916 1201 Quae
934 1163 1056 1195 tamen

403 1213 491 1250 urbs
511 1225 558 1250 an
578 1213 647 1250 hoc
665 1226 811 1263 quoqne
828 1214 907 1251 loco
925 1214 1057 1253 intelli-

404 1269 528 1318 genda
560 1269 625 1316 sit,
670 1270 732 1307 ubi
759 1271 927 1319 iungatur
961 1267 1057 1320 πρὸς

403 1327 476 1364 τοῦ
511 1321 679 1376 Τμώλου
710 1328 782 1377 τῆς
809 1323 964 1376 πόλιος,
994 1340 1057 1365 ve-

404 1380 594 1419 hementer
613 1382 782 1430 equidem
805 1384 953 1430 dubito,
980 1383 1056 1420 dis-

405 1437 584 1474 suadente
612 1437 668 1474 vel
698 1439 825 1475 ordine
851 1440 1056 1486 verborum,

405 1504 453 1530 ne
477 1491 547 1528 alia
577 1493 765 1541 attingam.
795 1493 965 1544 Namque
983 1496 1054 1543 τῆς

404 1542 545 1594 πόλιος
565 1548 839 1598 intelligendum
859 1552 906 1588 de
928 1551 1053 1587 Sardi-

404 1603 473 1641 bus
483 1604 559 1642 sive
580 1605 661 1654 ipsa
679 1606 768 1643 urbe
789 1607 865 1644 sive
880 1620 962 1644 aree
973 1611 1054 1643 tan-

381 1700 385 1704 ,
405 1663 503 1707 tum,
539 1664 576 1698 et
593 1661 771 1709 genitivus
793 1663 916 1701 referri
945 1663 1057 1700 debet

405 1716 453 1753 ad
482 1717 598 1755 τοῦτο
625 1713 668 1755 τὸ
697 1714 863 1767 χώριον,
902 1723 942 1755 nt
966 1719 1054 1755 haec

405 1771 453 1808 ait
469 1771 600 1809 Nostri
616 1775 814 1810 sententia:
846 1787 953 1821 „eam
967 1787 1054 1823 par-

405 1829 493 1874 tem,
524 1828 596 1877 (1αᾶ
617 1841 685 1865 arx
708 1829 874 1867 adscendi
896 1834 1054 1879 nequeat,

406 1883 600 1932 neglectam
621 1898 644 1921 α
661 1883 808 1932 Melete,
839 1898 909 1923 esse
940 1886 1052 1933 illam,

407 1953 496 1990 quae
510 1939 669 1976 Tmolum
678 1953 796 1978 versus
815 1946 947 1992 spectat
957 1956 1053 1980 mon-

403 1997 511 2033 tem.“
567 1997 650 2034 Hoc
679 2001 716 2034 et
747 1998 798 2036 rei
821 2000 939 2048 magis
965 2012 1053 2036 con-

405 2057 618 2090 sentaneum
642 2057 679 2091 et
707 2056 948 2102 grammatias
969 2057 1056 2092 rati-

406 2109 547 2145 onibus.
604 2109 646 2146 In
674 2111 833 2157 genitivo
870 2115 942 2162 τῆς
982 2108 1053 2150 πό-

407 2167 489 2210 λιος
504 2164 578 2201 noli
601 2165 770 2213 haerere,
808 2171 955 2205 tuentur
971 2181 1053 2205 eum

407 2221 495 2258 satis
515 2221 574 2258 alii
592 2221 660 2258 loci
677 2235 699 2258 a
717 2222 899 2262 Larchero
918 2224 988 2261 iam
1001 2224 1052 2260 al-

406 2275 492 2323 lati,
526 2277 597 2325 vl,
629 2281 694 2319 22.
731 2279 819 2327 vll,
857 2283 948 2322 176.
1005 2280 1055 2316 Et

407 2333 539 2382 probat
570 2333 758 2372 Letronne
796 2336 832 2372 in
868 2336 988 2374 Iourn.
1016 2336 1051 2372 d.

407 2389 548 2425 Savans
598 2392 701 2431 1837
736 2404 820 2441 pag.
853 2394 918 2433 96.
993 2391 1052 2430 De

407 2446 678 2495 praepositione
696 2445 791 2498 πρὸς
807 2449 977 2498 denique,
996 2448 1052 2484 cui

408 2499 477 2538 hac
511 2503 659 2541 notione
694 2505 889 2552 genitivum
921 2504 1053 2541 Graeci

409 2556 612 2606 adstruunt,
624 2560 760 2596 eonsnl.
771 2560 899 2597 Matth.
911 2559 947 2611 ἓ.
959 2562 1054 2607 590,

409 2625 433 2661 y
448 2624 534 2660 pag·
559 2617 664 2656 1179
686 2628 761 2665 seq.
821 2616 931 2654 Unde
950 2617 1055 2654 mini-

409 2679 468 2704 me
500 2672 763 2720 necessarium,
793 2686 871 2709 cnm
904 2672 1055 2710 Reiskio

409 2721 467 2759 hic
494 2723 615 2773 legere
644 2724 743 2778 πρὸς
771 2725 839 2767 τὸν
877 2731 1054 2778 Τμῶλον.

411 2798 467 2804 —-
482 2778 540 2816 De
559 2781 639 2830 ipso
658 2788 781 2822 monte
809 2784 942 2822 Tmolo
958 2786 1052 2823 cons.

411 2837 486 2870 not.
501 2835 548 2870 ad
569 2837 606 2883 1,
629 2839 693 2878 93.

469 2886 493 2928 ὁ
511 2884 568 2929 ὦν
596 2890 646 2944 ὂή
674 2891 883 2947 Ὑροιάδης
906 2891 1054 2943 οὗτος

1436 795 1451 810 t:
1471 787 1480 803 )

1119 820 1139 862 ὁ
1167 818 1361 873 Μάρδος]
1408 820 1601 870 Vulgatam
1634 814 1768 863 αὐτὸς,

1120 891 1340 928 quamquain
1358 877 1413 914 hic
1431 891 1450 915 e
1478 877 1575 914 libris
1596 874 1692 912 nulla
1718 875 1767 912 ci—

1121 940 1218 971 tatur
1251 934 1413 971 lectionis
1454 934 1630 979 varietas,
1687 944 1766 968 cnm

1123 991 1201 1027 aliis
1236 991 1446 1027 mutandam
1489 989 1690 1027 censuimus
1731 987 1766 1022 in

1124 1041 1246 1086 οὗτο
1260 1061 1299 1092 ς,
1331 1059 1442 1083 sensu
1464 1046 1544 1095 ipso
1566 1045 1766 1092 flagitante.

1122 1103 1177 1140 Ac
1194 1103 1352 1153 probant
1371 1102 1533 1151 exempla
1552 1099 1768 1147 aSchweig-

1123 1159 1298 1196 haeusero
1334 1157 1492 1208 prolata:
1532 1156 1567 1202 I,
1597 1157 1663 1197 33·
1703 1155 1767 1195 53.

1125 1216 1190 1256 85.
1247 1215 1328 1252 hec
1351 1215 1454 1251 aliter
1481 1213 1624 1251 exhibet
1657 1211 1770 1249 editio

1123 1271 1322 1318 Matthiae,
1359 1271 1420 1320 qui
1458 1275 1580 1307 tamen
1607 1268 1646 1304 in
1675 1268 1770 1304 notis

1123 1332 1248 1366 monet
1277 1327 1426 1364 defendi
1460 1339 1570 1377 posse
1609 1324 1770 1361 codicum

1123 1384 1313 1422 lectionem
1337 1379 1396 1421 αὖ
1407 1398 1426 1421 τ
1442 1380 1463 1421 ὀ
1477 1398 1495 1429 ς
1507 1411 1517 1429 ,
1549 1381 1579 1417 si
1600 1380 1769 1430 Hyroea-

1123 1441 1207 1477 dem
1227 1439 1334 1488 Lydo
1354 1440 1405 1475 illi
1421 1438 1629 1488 oppositum
1648 1436 1768 1473 dicas:

1121 1525 1144 1543 ‚‚
1157 1509 1266 1544 quum
1288 1495 1432 1544 Lydum
1458 1494 1615 1543 aliquem
1641 1496 1677 1530 et
1705 1492 1769 1528 de-

1122 1553 1271 1590 fendere
1306 1558 1342 1589 et
1375 1551 1572 1588 ascendere
1606 1549 1770 1593 vidisset,

1121 1611 1195 1658 ipse
1219 1609 1327 1646 etium
1348 1608 1566 1656 flyroeades
1587 1606 1682 1643 etc.“
1720 1603 1769 1640 Et

1120 1665 1225 1714 sequi
1249 1668 1351 1714 post:
1381 1659 1467 1703 τότε
1485 1661 1527 1702 δὲ
1546 1658 1595 1712 δή
1619 1655 1771 1705 αὐτός

1122 1735 1162 1759 τε
1195 1716 1311 1770 εἷναβ.
1368 1720 1445 1757 Sed
1476 1732 1518 1757 ea
1535 1719 1617 1769 ipsa
1641 1718 1771 1767 opinor

1122 1780 1348 1822 monstrant,
1378 1776 1488 1825 priori
1512 1775 1590 1811 loco
1621 1787 1642 1811 a
1662 1774 1770 1811 libra-

1122 1833 1183 1868 riis
1219 1837 1405 1882 peccatum
1438 1832 1475 1868 in
1517 1825 1646 1877 αὐτός.
1728 1830 1771 1867 In

1120 1889 1282 1939 proxime
1334 1888 1570 1937 sequentibus
1617 1887 1772 1924 observa

1122 1945 1284 1982 ordinem
1308 1945 1499 1981 verborum
1516 1943 1654 1981 Nostro
1673 1943 1770 1980 haud

1122 2001 1329 2038 inusitatum
1342 2014 1351 2038 :
1365 2016 1383 2038 τ
1396 2003 1428 2039 ὦ
1440 2015 1461 2039 v
1482 2016 1502 2039 τ
1513 2015 1525 2038 ι
1539 2016 1559 2038 ν
1574 2016 1598 2038 α
1608 2000 1770 2038 Λυδῶν.

1123 2058 1230 2094 Cont'.
1250 2057 1278 2105 I,
1299 2058 1363 2098 85.
1379 2059 1468 2098 109.
1486 2056 1563 2098 124
1582 2057 1769 2106 alia‚quae

1120 2114 1367 2163 suppeditabit
1377 2113 1506 2150 Matth.
1520 2112 1557 2164 ἓ.
1570 2115 1652 2155 279
1664 2112 1769 2152 not.4

1117 2183 1204 2220 pag.
1223 2170 1315 2210 567.

1178 2223 1258 2264 ἐπὶ
1291 2223 1505 2274 κυνέην]
1542 2224 1584 2261 In
1613 2235 1769 2274 praepo-

1121 2280 1250 2318 sitione
1269 2279 1353 2329 ἐπὶ,
1393 2282 1563 2318 adiuncto
1597 2280 1771 2317 accusati-

1119 2350 1188 2384 vo,
1244 2342 1412 2374 notamus
1470 2336 1770 2386 significationem

1121 2398 1262 2439 motus,
1292 2393 1481 2430 coniuncta
1507 2393 1611 2430 simul
1631 2392 1768 2430 consilii

1120 2450 1288 2486 notione:
1317 2479 1340 2496 „
1354 2449 1401 2486 ml
1419 2448 1768 2500 recuperandamga-

1122 2504 1211 2542 lemn
1232 2519 1372 2556 superne
1388 2506 1622 2543 (levolutam.“
1659 2505 1768 2542 Cous.

1122 2563 1153 2597 si
1183 2563 1273 2598 tanti
1304 2568 1377 2609 est,
1408 2563 1568 2600 Fischer.
1598 2562 1646 2598 ad
1664 2560 1770 2599 Wel-

1123 2618 1185 2655 Ιιϊ.
1205 2619 1270 2665 ΙΙΙ,
1289 2619 1311 2655 b
1341 2631 1426 2669 pag.
1448 2619 1529 2660 243
1555 2623 1590 2656 et
1610 2617 1768 2666 Kriiger.

1124 2674 1158 2710 in
1190 2674 1299 2711 Indic.
1325 2677 1372 2712 ad
1406 2674 1573 2724 Xenoph.
1605 2674 1767 2710 Anabas.

1123 2729 1451 2782 1›.487.Mat1h.§.
1464 2730 1558 2779 586,
1568 2744 1586 2768 c
1596 2744 1632 2781 p.
1648 2731 1766 2772 1169.

1121 2788 1241 2835 Supra
1259 2787 1297 2833 1,
1320 2789 1384 2828 37.

1177 2840 1366 2893 ἐφράσθη
1382 2841 1447 2881 καὶ
1467 2841 1505 2888 ἐς
1522 2837 1659 2892 θυμόν
1678 2834 1767 2890 ἐβά-

1121 2896 1230 2948 λετο]
1270 2899 1290 2936 i.
1323 2913 1353 2936 e.
1385 2901 1575 2946 „animum
1602 2895 1768 2944 advertit,
