1877 3223
315 435 382 482 66
438 428 638 480 κοῦρνοο

108 498 263 534 Lycurgus
288 507 306 527 a
323 500 380 528 La-

109 541 139 558 c
136 532 308 561 ·d.1c1nooniis
334 542 380 561 rc

109 566 187 592 latus
213 568 266 593 int«
259 575 291 593 vr
320 567 367 595 Hc

106 607 185 628 roae.
225 599 347 628 luorum

435 239 516 277 166
826 236 1287 275 HERODO'rl

433 360 479 389 τε
505 343 695 388 τούτοισι
724 344 824 396 τούς
855 343 1044 401 ἐφόρους
1081 346 1153 388 καὶ
1190 345 1397 400 γέροντας
1427 347 1571 403 ἔστησε
1602 352 1683 391 Λυ-

709 424 833 467 Οὕτω
883 425 962 479 μὲν
1007 425 1315 479 μεταβαλόντες
1367 423 1684 482 εὐνομήθησαν.

437 508 498 560 τῷ
529 504 574 547 a}
615 503 856 561 Λυκούργῳ
892 503 1188 560 τελευτήσαντι
1215 502 1313 558 ἱρὸν
1341 502 1560 559 εἱσάμενοι
1571 536 1584 556 ,
1614 505 1683 549 σέ·
1695 508 1740 545 4ο

106 633 222 694 prima
221 633 264 659 cla
269 634 319 661 des
348 635 381 663 in

127 665 184 692 eno
216 666 244 694 '1
246 667 390 703 egentico.

108 700 213 735 primo.

379 702 419 728 m
442 688 643 735 triacadas,
692 687 766 725 sive
791 687 859 725 hae
894 700 1024 738 reapse

380 746 527 793 triginta
540 744 672 781 suerint
699 744 824 781 cixium
851 745 926 782 sive
955 745 1022 781 mi-

380 814 448 838 nus
479 800 562 848 (ut
553 813 589 836 m
598 799 843 837 Romanorum
856 801 1024 838 centuriis

380 858 476 894 idem
490 856 663 893 accidisse
681 856 877 904 videmus),
888 857 1024 906 quippe

379 926 490 963 quum
506 913 543 949 in
562 912 655 949 bello
665 924 737 948 nou
750 912 947 958 seiunctim,
959 914 1024 949 sed

382 970 511 1006 iunctis
539 969 631 1005 iuter
653 981 693 1005 se
722 967 872 1016 singulis
907 969 1023 1015 genti-

383 1025 449 1062 bus
476 1038 518 1062 ac
552 1025 734 1070 tribubus,
763 1024 945 1074 stipendia
970 1025 1023 1060 sa<

382 1085 513 1119 cerent.
571 1080 653 1117 Yid.
688 1078 829 1117 Miiller.
855 1080 974 1117 Dorer
994 1080 1026 1116 '11

383 1150 419 1187 p.
438 1139 491 1178 82
510 1149 587 1186 seq.
653 1135 732 1173 Nec
760 1135 828 1172 alia
854 1135 1025 1186 Syssitc'o-

381 1205 479 1239 rum,
509 1205 603 1242 quae
624 1193 730 1230 tertio
748 1191 827 1229 loco
847 1192 1024 1238 dicuntur,

381 1249 483 1286 ratio.
543 1249 647 1292 Quae
665 1261 745 1286 cum
764 1249 911 1299 proprie
929 1262 1024 1286 com-

381 1305 540 1342 munium
565 1304 748 1355 epularum
775 1305 939 1341 instituta
960 1317 1027 1354 per

380 1360 541 1409 singulas
559 1364 687 1408 gentes
704 1360 931 1409 familiasque
948 1363 1024 1398 sue-

380 1417 453 1453 rint
481 1417 719 1464 omnibusque
759 1417 835 1453 sere
870 1416 1025 1453 Doricae

380 1472 504 1522 stirpis
521 1472 689 1522 gentibus
706 1472 1025 1518 commu11ia‚inde

379 1528 430 1564 ad
462 1521 538 1566 rem
569 1527 756 1565 militarem
786 1528 836 1564 ita
860 1528 1026 1564 traducta

378 1584 566 1630 videntur,
606 1587 645 1620 ut
679 1584 739 1632 qui
762 1584 865 1620 unius
906 1584 1025 1632 gemis

379 1638 608 1688 familiaeque
642 1643 784 1685 essent,
827 1640 1026 1689 iisdemque

380 1695 496 1744 epulis
516 1696 700 1743 victusque
724 1708 859 1743 genere
882 1701 1025 1733 uteren-

381 1754 460 1798 tur,
489 1751 513 1787 ii
532 1751 569 1787 in
584 1751 677 1788 bello
691 1752 797 1788 etiam
809 1753 1023 1801 peculiarem

379 1806 564 1843 cohortem
587 1807 661 1844 sive
690 1808 852 1844 ordinem
872 1809 1023 1844 confice-

379 1866 481 1910 rent,
498 1863 651 1912 ipseque
670 1864 843 1900 exercitus
863 1876 929 1913 per
944 1876 1024 1912 sys-

379 1918 465 1954 sitia
490 1930 607 1967 aeque
633 1919 767 1955 divisus
795 1924 893 1956 esset
916 1922 1025 1968 atque

378 1975 545 2012 universa
590 1973 851 2025 Spartanorum
890 1975 1025 2012 civitas.

384 2031 492 2067 Cons.
504 2030 604 2067 C.O.
624 2030 763 2068 Miiller.
783 2030 805 2068 l.
826 2031 848 2068 l.
866 2031 898 2068 II
909 2045 945 2082 p.
959 2033 1025 2073 82.

383 2088 463 2127 201
483 2099 586 2136 seqq.
614 2088 707 2128 237.
731 2089 812 2129 273
829 2101 906 2137 seq.
946 2087 1026 2126 Nec

382 2142 431 2178 ab
450 2141 506 2178 his
536 2143 803 2191 quodammodo
828 2144 1023 2181 abhorrent

381 2196 627 2235 Romanorum
659 2200 840 2237 centuriae
868 2203 943 2236 tum
972 2200 1020 2237 ad

381 2266 457 2290 rem
473 2253 677 2302 militarem,
688 2259 763 2293 tum
782 2257 830 2293 ad
843 2257 1018 2294 civitatem

380 2309 529 2359 eiusque
546 2311 697 2349 formam
711 2312 943 2363 peltinentes.

441 2378 534 2412 τους
550 2362 724 2419 ἐφόρους
748 2367 816 2407 καὶ
840 2367 1025 2420 γέροντας

381 2419 520 2472 ἔστησε
539 2423 797 2476 Λυκοῦργος]
828 2424 886 2463 De
900 2425 1026 2476 Epho-

380 2478 428 2515 ris
450 2477 594 2516 uberius
612 2493 805 2532 exponere,
814 2481 918 2519 hulus
930 2485 1024 2518 certe

380 2533 452 2571 loci
471 2546 545 2571 non
564 2539 629 2573 est.
685 2535 743 2576 De
761 2537 910 2587 quibus,
934 2537 1022 2574 alios

381 2593 424 2627 ut
443 2593 601 2639 taceam,
630 2598 755 2631 nostra
771 2597 889 2632 aetate
901 2593 1025 2643 dispu-

380 2649 504 2683 tarunt
520 2645 650 2684 Mauso
661 2649 794 2700 Sparta
804 2649 832 2698 I,
852 2652 874 2691 1
894 2663 930 2700 p.
944 2648 1025 2691 243

383 2705 421 2738 et
436 2701 479 2738 C.
499 2702 545 2739 Ο.
565 2703 703 2743 Miiller.
726 2705 816 2745 Dor.
835 2706 868 2743 Π
887 2720 922 2757 p.
946 2708 1023 2746 111

382 2769 485 2806 seqq.
516 2757 586 2796 Hic
603 2772 711 2798 unum
732 2761 819 2799 illud
845 2761 1025 2799 monuisse

382 2813 470 2849 satis
490 2814 574 2861 erit,
604 2816 670 2852 hos
689 2818 919 2866 magistratus
932 2848 942 2865 ,
965 2818 1025 2867 qui

382 2870 574 2919 quotannis
587 2874 742 2926 quinque
755 2888 903 2913 numero
917 2874 1024 2923 elige-

1091 689 1240 736 bantur,
1270 688 1453 726 institutos
1473 687 1608 737 videri,
1628 693 1668 726 ut
1685 701 1742 727 re-

1092 758 1178 793 gum
1194 749 1413 795 potestatem
1437 746 1663 783 continerent
1680 758 1744 783 eo-

1090 814 1243 850 rumque
1264 802 1334 837 vim
1359 802 1504 838 nimiam
1525 805 1744 847 coercerent,

1092 858 1250 906 indeque
1277 859 1325 894 ad
1352 871 1394 895 ea
1425 858 1589 894 instituta
1618 857 1743 894 referri

1094 914 1248 959 debere,
1280 927 1373 962 quae
1402 915 1437 950 in
1472 914 1515 950 iis
1544 913 1743 950 civitatibus

1094 970 1145 1004 iux
1156 969 1319 1005 emuntur
1329 998 1339 1015 ,
1368 970 1427 1005 ubi
1442 970 1664 1019 optImatium
1676 982 1743 1019 po-

1094 1029 1207 1061 testas
1229 1025 1423 1074 praecipue
1442 1026 1540 1073 viget
1564 1037 1606 1062 ac
1628 1027 1743 1062 floret.

1094 1080 1174 1117 Nec
1194 1080 1311 1128 magis
1333 1081 1389 1117 hic
1403 1081 1530 1118 attinet
1545 1081 1591 1117 de
1602 1081 1743 1118 dissen-

1094 1150 1137 1173 su
1156 1140 1315 1173 veterum
1344 1137 1564 1186 disquirere,
1591 1149 1743 1186 quorum

1092 1192 1255 1229 nonnulli
1271 1206 1292 1230 a
1309 1191 1480 1241 Lycurgo
1505 1192 1661 1242 ephoros
1690 1193 1744 1229 in-

1092 1249 1237 1285 stitutos
1257 1248 1397 1296 volunt,
1420 1249 1478 1285 alii
1497 1249 1742 1299 Theopompo

1093 1306 1171 1353 regi
1186 1305 1255 1342 hoc
1273 1305 1442 1342 tribuunt.
1474 1304 1528 1342 Ab
1551 1305 1742 1342 Herodoto

1092 1366 1192 1397 stant
1219 1361 1426 1411 Xenophon
1451 1366 1507 1407 et,
1538 1373 1644 1409 quem
1676 1361 1741 1398 Cr.

1093 1417 1215 1453 laudat
1233 1445 1242 1462 ‚
1294 1421 1418 1453 auctor
1457 1417 1664 1454 Platonicae
1705 1429 1743 1453 e-

1092 1473 1176 1523 pist.
1195 1472 1292 1519 vul,
1311 1472 1379 1508 alii.
1412 1473 1639 1509 Contrariam
1658 1486 1742 1510 sen-

1093 1529 1241 1565 tentiam
1263 1533 1382 1565 tuetur
1402 1527 1616 1566 Aristoteles
1635 1529 1741 1566 Polit.

1093 1583 1138 1631 V,
1164 1587 1237 1630 113
1268 1597 1421 1633 quocum
1448 1598 1617 1635 compara
1638 1586 1741 1622 Cice—

1093 1641 1192 1677 ronis
1210 1640 1309 1676 locos
1332 1642 1377 1678 de
1397 1640 1516 1689 Legg.
1540 1641 1585 1677 lll
1598 1671 1608 1688 ,
1627 1644 1666 1682 7.
1683 1641 1741 1679 De

1094 1697 1151 1734 Re
1170 1696 1266 1746 publ.
1286 1697 1316 1733 ll
1331 1726 1341 1743 ‚
1359 1698 1413 1737 33
1434 1698 1518 1746 ibiq.
1541 1700 1655 1733 notat.
1687 1719 1742 1724 ——

1093 1752 1151 1789 De
1182 1753 1365 1805 γερουσίᾳ
1401 1753 1476 1789 sive
1506 1753 1632 1801 viginti
1661 1758 1742 1790 octo

1092 1821 1219 1844 senum
1245 1808 1414 1855 consilio,
1453 1810 1553 1858 quod
1594 1810 1742 1858 regibus

1092 1864 1240 1900 adesset
1267 1866 1303 1901 in
1328 1865 1494 1901 omnibus
1526 1866 1634 1902 rebus
1657 1878 1742 1915 gra-

1094 1920 1249 1956 vioribus
1258 1949 1268 1968 ‚
1284 1921 1377 1957 infra
1390 1921 1452 1968 VI,
1464 1921 1527 1962 57.
1557 1921 1738 1959 Plutarch.

1092 1974 1251 2024 Lycurg.
1271 1977 1296 2017 5
1322 1989 1368 2014 ne
1386 1977 1500 2028 plura.
1546 1977 1647 2015 Alios
1665 1978 1742 2015 lau-

1094 2032 1157 2068 dat
1212 2032 1415 2070 Neumann.
1474 2034 1521 2071 ad
1587 2033 1737 2072 Aristot.

1092 2089 1221 2136 fragm.
1250 2089 1408 2127 Politice.
1437 2103 1472 2140 p.
1495 2089 1574 2130 134
1593 2090 1670 2127 coll.
1695 2091 1737 2126 C.

1090 2144 1136 2181 O.
1157 2144 1296 2183 Miiller.
1317 2145 1438 2183 Dorer
1452 2146 1484 2182 11
1504 2159 1539 2196 p.
1565 2148 1614 2187 91
1633 2159 1737 2195 seqq.

1283 2228 1390 2279 Cap
1421 2228 1551 2266 LXVI.

1147 2313 1204 2365 τῷ
1233 2309 1275 2351 δὲ
1282 2308 1524 2379 Λυκούργῳ
1563 2310 1737 2364 τελευτή-

1093 2379 1203 2406 σαντι
1236 2364 1320 2419 ῖοὸν
1349 2365 1570 2418 εἱσάμενοι,
1603 2369 1736 2421 σέβον-

1091 2438 1154 2462 ται
1182 2421 1380 2476 μεγάλως]
1420 2426 1452 2463 V
1455 2427 1530 2463 aria
1547 2427 1737 2464 traduntur

1092 2481 1140 2517 de
1168 2480 1327 2530 Lycurgi
1357 2487 1496 2529 morte,
1535 2482 1617 2532 qui,
1655 2496 1736 2520 curn

1091 2539 1198 2574 antea
1209 2538 1410 2588 Spartanos
1430 2539 1658 2576 iureiurando
1670 2540 1735 2577 ob-

1093 2594 1318 2640 strinxisset,
1346 2607 1393 2631 ne
1413 2595 1495 2645 ipso
1514 2596 1665 2634 absente
1683 2595 1734 2633 le-

1094 2661 1160 2697 ges
1197 2651 1242 2687 ab
1274 2650 1354 2700 ipso
1379 2650 1470 2688 latas
1505 2651 1735 2701 abrogarent,

1094 2705 1206 2743 noluit
1233 2708 1375 2755 regredi
1403 2708 1439 2744 in
1467 2708 1640 2758 patriam,
1668 2707 1735 2745 sed

1093 2762 1237 2810 inedia,
1277 2766 1316 2800 ut
1344 2764 1510 2811 tradunt,
1553 2766 1663 2802 vitam
1690 2763 1733 2800 fi-

1093 2818 1167 2855 niit.
1211 2818 1346 2858 Auctor
1362 2824 1413 2858 est
1434 2819 1642 2858 Plutarchus
1661 2818 1730 2854 Vit-

1093 2873 1249 2925 Lyciu‘g.
1272 2878 1323 2918 31
1354 2877 1441 2915 alias
1469 2889 1612 2926 quoque
1643 2873 1731 2912 alio-
