1909 3228
706 160 920 199 CLIO.
979 162 1004 199 Ι.
1400 165 1482 206 27⁴1

224 271 406 326 ,,χίστην
435 268 709 326 οἷναλαβόντα
740 270 787 313 τό
818 271 1019 323 παιδίον,
1053 272 1248 327 οἴχεσθαι
1269 270 1474 327 φέροντα,

218 350 326 401 υκαὶ
354 354 497 392 θεῖναι
529 349 637 392 ἔνθα
677 349 1024 405 θηριωδέστατον
1067 352 1131 406 ε’ίη
1160 354 1249 393 τῶν
1280 347 1471 403 οὐρέων·

219 431 340 484 »φὰς
380 425 612 481 Ἀστυάγεα
653 426 764 471 εἶναι
802 430 877 473 τὸν
917 433 1053 472 ταῦτα
1091 427 1349 485 ἐπιθέμενόν
1384 445 1472 484 μοι,

191 507 398 560 uxone}
429 505 662 562 ἀπειλήσας
701 510 738 551 εἰ
766 506 824 564 μή
854 520 965 563 σφεα
1002 506 1241 564 ποιήσαιμι.
1284 508 1357 551 καὶ
1387 505 1468 562 ἐγώ
1485 514 1527 547 55

218 585 487 643 »ἀναλαβών
517 587 691 640 ἔφερον,
734 588 899 630 δοκέων
928 591 1014 630 τῶν
1041 605 1160 638 τινος
1190 585 1386 631 οἰκετέων
1416 583 1471 629 εἶ-

218 681 348 716 ,,ναι·
380 663 434 708 οὐ
462 663 546 720 γάρ
575 662 628 706 ἄν
658 681 755 707 κοτε
787 665 995 718 κατέδοξα
1025 666 1152 710 ἔνθεν
1173 683 1220 722 γε
1242 661 1304 724 ἦν.
1337 665 1471 720 ἐθάμ-

190 747 192 754 “
216 747 352 800 ,,βεον
383 744 428 787 δὲ
449 742 587 798 ὁρέων
617 747 762 802 χρυσῷ
790 760 834 787 τε
857 745 930 787 καὶ
960 746 1102 800 εἵμασι
1130 746 1470 802 κεκοσμημένον*

214 822 358 877 ,,πρὸς
397 822 465 874 δὲ,
517 823 587 865 καὶ
627 823 857 878 κλαυθμόν
895 829 1159 867 κατεστεῶτα
1198 823 1391 881 ἐμφανέα
1423 823 1470 866 ἐν

184 899 481 956 8,,Ἀρπάγου.
512 901 585 944 καὶ
613 900 757 955 πρόκα
786 917 829 945 τε
861 901 913 958 δὴ
944 902 1031 946 κατ’
1064 902 1170 946 ὁδὸν
1188 902 1525 958 πυνθάνομαισο

211 979 322 1033 ,,τόν
350 979 489 1022 πάντα
526 981 658 1035 λόγον
686 980 978 1035 θεράποντος,
1023 981 1072 1032 ὃς
1103 982 1174 1038 ἐμὲ
1203 982 1470 1037 προπέμπων

209 1059 322 1110 »ἔξω
353 1057 526 1109 πόλιος,
558 1059 781 1114 ἐνεχείρισε
814 1060 861 1103 τὸ
892 1061 1078 1116 βρέφος·
1133 1061 1191 1112 ὠς
1220 1060 1304 1114 ἄρα
1334 1064 1465 1103 Μαν-

208 1137 377 1194 ,,δάνης
406 1154 449 1181 τε
488 1140 551 1193 εἴη
588 1143 689 1188 παῖς
725 1143 800 1194 τῆς
833 1138 1073 1195 Ἀστυάγεω
1103 1139 1344 1195 θυγατρός,
1392 1138 1467 1183 καὶ

208 1250 234 1271 ,,
255 1216 495 1273 Καμβύσεω
529 1220 607 1259 τοῦ
636 1215 819 1272 Κύρου,
856 1221 930 1261 καί
958 1235 1033 1274 μιν
1067 1217 1302 1275 Ἀστυάγης
1331 1217 1468 1261 ἐντέλ-

86 1299 182 1344 112
206 1300 359 1349 „aem
389 1295 649 1339 ἀποκτεῖναι.
683 1300 770 1339 νῦν
799 1312 842 1340 τε
874 1296 946 1340 ὅδε
977 1298 1104 1340 ἐστί.“
1149 1297 1263 1353 ΓἈμα
1291 1297 1337 1340 δὲ
1365 1300 1517 1339 ταῦ-60

1500 1292 1593 1321 πΕῐιιε
1606 1293 1730 1322 consilio
1743 1301 1795 1329 pu-

1520 1335 1603 1353 erum
1622 1335 1708 1362 quem
1730 1328 1797 1362 ipsu

1515 1363 1664 1388 mortuum
1703 1369 1794 1396 pepe-

204 1391 257 1419 τα
298 1375 411 1431 ἔλεγε
453 1374 477 1418 ὁ
517 1373 756 1429 βουκόλος,
815 1375 889 1418 καὶ
917 1375 1164 1428 ἐκκαλύψας
1194 1373 1461 1419 ἀπεδείκνυε,
1516 1394 1795 1428 rerat‚pr0a1‹ero

144 1574 268 1622 utique
287 1576 451 1609 nostrum
461 1569 579 1607 locum
590 1569 795 1608 Blomfield.

145 1629 182 1665 in
214 1628 377 1666 Glossar.
415 1629 460 1664 ad
491 1626 657 1675 Aeschyl.
693 1626 794 1664 Pers.

145 1685 194 1721 ad
211 1697 263 1721 vs,
277 1687 372 1730 970,
400 1684 461 1720 ubi
484 1683 531 1720 de
550 1695 638 1720 voce
654 1677 794 1721 οἷσπαί-

146 1755 202 1790 ρω
233 1740 429 1789 (Τθίιισΐοτ,
463 1738 622 1788 palpito,
661 1740 708 1776 de
740 1739 795 1775 in-

143 1796 302 1833 fantibus
322 1795 574 1846 potissimum)
601 1794 694 1841 agit,
727 1795 795 1831 sed

143 1852 194 1889 nil
203 1856 376 1888 mutatum
397 1854 453 1889 est
463 1851 499 1887 in
509 1850 663 1887 lectione
675 1864 794 1901 κραυ-

141 1904 377 1960 γαυόμενον.

197 1963 265 2003 καὶ
286 1960 416 2015 πρόκα
445 1976 484 2001 τε
514 1958 564 2012 δή
592 1956 673 1999 κατ’
698 1958 792 2001 ὁδὸν

141 2015 428 2070 πυνθάνομαι]
461 2014 592 2070 πρόκα
619 2032 658 2056 τε
688 2018 792 2054 abest

140 2089 164 2114 a
180 2076 361 2113 nonnullis
381 2076 490 2112 libris.
550 2074 625 2111 Sed
645 2074 703 2110 alii
733 2087 791 2111 re-

138 2134 275 2180 tinent,
306 2133 366 2169 ubi
384 2127 553 2181 πρόκατε
575 2130 790 2167 coniunctim

140 2190 211 2226 una
240 2201 328 2226 voce
355 2188 540 2233 scribitur,
581 2199 675 2235 quae
703 2185 789 2222 scri-

139 2249 247 2295 ptura
276 2245 396 2295 placet
431 2243 789 2291 Schweighaeusero,

140 2314 220 2338 cum
247 2297 376 2352 πρόκα
405 2299 555 2350 simplex
583 2298 692 2346 (sine
716 2297 788 2345 τε)

141 2369 214 2392 non
235 2362 397 2393 occurrat
421 2356 519 2406 apud
537 2355 716 2393 Nostrum
745 2366 788 2391 ac

140 2416 328 2462 praeterea
354 2415 563 2449 constanter
579 2423 785 2462 praepona—

141 2472 199 2504 tur
218 2467 283 2506 καὶ
298 2468 471 2518 particula
482 2497 492 2515 ‚
521 2481 554 2504 v.
568 2481 596 2504 c.
615 2467 678 2513 Vl,
694 2468 783 2507 134.

140 2523 251 2570 VssI,
272 2525 337 2565 65.
362 2523 464 2569 1353
492 2528 531 2560 ut
551 2523 649 2572 apud
665 2522 786 2570 Hesy-

139 2579 257 2617 ch-ium
271 2580 337 2616 sub
354 2579 506 2617 literaK
526 2579 685 2628 legatur:
705 2576 787 2616 Καὶ

139 2633 387 2686 προκατέδη,
428 2630 514 2672 ἀντὶ
553 2636 624 2672 τοῦ
655 2631 787 2683 ἄφνω.

140 2691 220 2729 Nec
241 2691 344 2728 aliter
364 2690 423 2727 alii
452 2690 696 2740 lexicographi
727 2702 788 2728 ex-

139 2752 280 2799 ponunt
334 2742 483 2794 εύθῦς,
539 2748 789 2798 παραχρῆμα,

142 2803 354 2854 ἐξαίφνης,
413 2804 533 2840 statim
548 2833 560 2851 ,
616 2805 789 2853 protinus,

1518 1428 1646 1460 exponit:
1655 1427 1731 1454 hunc
1741 1435 1794 1454 au-

1517 1462 1596 1493 tem,
1623 1461 1673 1494 qui
1691 1463 1794 1495 postea

1519 1492 1615 1526 Cyrus
1634 1494 1729 1521 dictus
1739 1497 1796 1527 est,

1517 1534 1572 1561 pro
1602 1535 1655 1556 suo
1676 1528 1793 1556 educat.

864 1572 989 1610 subito.
1014 1592 1070 1599 —
1101 1570 1144 1608 In
1165 1583 1269 1621 seqq.
1287 1563 1518 1621 Ἀστυάγεω,

863 1630 962 1677 quod
992 1641 1012 1666 e
1039 1628 1221 1665 Sancrofti
1246 1627 1338 1664 libro
1365 1626 1519 1674 aliisque

863 1685 964 1722 dedit
1001 1684 1253 1732 Gaisfofflius,
1293 1682 1517 1720 retinuimus.

863 1741 982 1790 Vulgo
1002 1737 1234 1790 Ἀστυάγεος
1246 1769 1256 1786 ,
1275 1739 1375 1788 quod
1392 1738 1514 1773 firma-

862 1800 921 1832 tur
968 1796 1182 1832 auctoritate
1226 1795 1306 1831 libri
1341 1792 1513 1837 Medicei‚

861 1851 1220 1897 Schellershemiani‚
1245 1850 1403 1887 aliorum.
1434 1847 1512 1885 Sed

860 1909 954 1944 conf.
973 1919 1083 1955 supra
1107 1906 1146 1953 Ι,
1179 1907 1229 1946 13
1254 1918 1330 1953 seq.
1363 1899 1509 1953 Γύγεω,

867 1962 963 2010 Ι,67
986 1957 1183 2011 Ὀρέστεω.
1214 1961 1392 1997 Matthiae
1421 1960 1508 1996 reti-

857 2019 935 2055 nuit
958 2013 1204 2067 Ἀστυάγεος.

914 2076 990 2113 νῦν
1011 2087 1050 2111 τε
1072 2069 1138 2112 ὅδε
1159 2070 1262 2121 ἐστί]
1293 2068 1358 2110 ’ὅδε
1379 2071 1511 2108 merito

857 2135 1005 2168 recentt.
1044 2129 1143 2166 editt.
1167 2132 1381 2178 receperunt
1411 2141 1431 2164 e
1460 2127 1503 2162 li-

858 2188 942 2224 bris.
999 2185 1120 2234 Vulgo
1143 2179 1242 2231 ὦδε,
1271 2188 1312 2221 ut
1338 2184 1375 2219 in
1408 2184 1503 2218 San-

856 2243 959 2280 crofti
988 2242 1077 2279 libro
1108 2245 1237 2278 exstat.
1293 2240 1395 2276 Bene
1408 2238 1501 2274 Lar-

856 2300 971 2336 cher.:
1001 2297 1088 2346 „Le
1104 2299 1198 2342 voe'cz'
1216 2299 1268 2333 cet
1287 2295 1448 2346 enfant.“

1050 2378 1310 2431 Cap.cxn.

896 2461 1003 2516 ’Ἀμα
1031 2461 1214 2504 δὲταῦτα
1246 2460 1348 2514 ἔλεγε
1367 2459 1388 2501 ὃ
1414 2461 1505 2513 βου-

851 2516 968 2567 κόλος
981 2551 991 2568 ,
1012 2519 1142 2559 καὶ-
1161 2515 1409 2567 ἀπεδείκνυε]
1430 2517 1504 2554 Ex-

853 2578 1065 2628 spectabas:
1097 2572 1179 2626 ἅμα
1198 2573 1240 2615 δὲ
1267 2588 1300 2613 τ.
1324 2572 1504 2625 λέγων,

855 2634 954 2671 cuius
1001 2632 1180 2683 participii
1217 2631 1296 2668 loco
1342 2629 1500 2667 crebrius

854 2689 992 2727 Noster
1023 2689 1127 2739 ponit
1165 2687 1315 2724 verbum
1350 2686 1506 2732 finitum,

855 2746 955 2794 quod
968 2757 1035 2795 per
1049 2743 1258 2794 particulam
1270 2739 1335 2780 καὶ
1347 2753 1506 2790 sequen-

857 2803 953 2838 tibus
984 2801 1152 2838 annectit.
1208 2799 1294 2836 Vid.
1328 2797 1506 2835 Matthiae
