1909 3228
573 243 1095 283 EUTERPE.H.
1365 245 1448 284 5523

195 367 289 395 ται·
320 353 392 395 καὶ
414 351 464 395 τοὶ
495 352 573 408 μὲν
604 352 769 404 αὐτῶν,
810 352 903 409 ἱρά·
944 353 996 397 τὰ
1024 351 1094 404 δὲ,
1135 349 1344 408 δημοτικὰ
1375 367 1447 393 κα-
1461 358 1502 391 15

186 431 344 479 Aeetae.

137 637 340 689 Aegyptios
375 637 569 688 agnoscit,
611 637 789 688 hierogly-

132 696 276 745 plu'cum
306 700 341 733 et
372 696 542 742 vulgare‚·
592 695 692 742 quod
728 694 786 730 alii

138 752 278 788 addunt
313 751 520 787 lu‘eratz’cum
556 763 672 798 genus
694 779 705 796 ‚
752 753 789 788 et

137 808 273 857 ipsum,
305 808 526 844 characteres
547 806 576 841 si
599 811 788 856 spectave-

137 863 515 911 ris‚hieroglyphicu¹n
533 862 655 899 fuisse.
688 863 788 899 Con-

139 924 233 956 stare
245 924 363 958 autem
378 917 682 967 hieroglyphicam
702 919 787 955 scri-

137 976 297 1025 ptionem
327 989 370 1013 ex
395 973 580 1025 permultis
604 975 787 1012 characte-

135 1031 232 1068 ribus
244 1059 254 1077 ,
283 1031 347 1068 abs
368 1044 484 1068 rerum
501 1030 701 1068 imitatione
719 1032 787 1068 du-

135 1088 222 1125 ctis:
249 1087 432 1136 vulgarem
452 1100 494 1124 ex
512 1086 623 1123 multo
637 1087 786 1136 paucio-

135 1144 233 1180 ribus
262 1144 471 1192 (sexaginta
490 1144 567 1180 fere
593 1144 785 1192 numero);

135 1204 246 1249 atque
260 1201 353 1237 hanc
366 1201 412 1237 ad
431 1199 679 1249 alphabeticae
696 1199 784 1236 scri-

134 1260 264 1307 pturae
302 1256 566 1293 similitudinem
597 1255 783 1293 accedere.

135 1312 255 1349 Sensu
273 1326 336 1350 seu
353 1312 553 1361 significatu
565 1315 785 1348 tantummo-

135 1368 183 1404 do
218 1369 312 1405 inter
350 1381 389 1405 se
419 1368 643 1417 discrepasse
671 1367 784 1404 hiero·

132 1424 334 1473 glyphz‘cam
387 1423 618 1472 scriptionem
672 1427 784 1471 atque

135 1480 355 1517 ln'eratz‘cam.
424 1479 524 1516 Idem
561 1479 613 1514 vir
653 1479 783 1515 doctus

134 1537 188 1586 (p.
211 1538 290 1577 371
313 1537 420 1581 ibid.)
441 1535 489 1571 ita
507 1534 649 1584 pergit,
680 1538 783 1584 post-

133 1606 242 1642 quam
274 1591 441 1642 Appuleii
478 1591 596 1628 locum
631 1590 782 1637 (Meta-

133 1650 271 1699 morph.
296 1649 345 1685 Xl
360 1679 370 1695 ‚
390 1648 470 1690 255
492 1660 577 1697 pag.
598 1648 677 1688 801
700 1646 780 1684 Ou-

133 1706 329 1755 dendorp.)
359 1705 590 1749 exhibuerat,
623 1716 781 1752 eumque

134 1762 341 1811 scriptorem
358 1765 547 1808 utramque
566 1759 781 1808 scripturam

134 1830 197 1853 nox
207 1819 276 1854 isse
290 1817 429 1853 dixerat
441 1829 448 1852 :
459 1814 512 1861 „ll
524 1814 658 1852 semble
669 1810 780 1862 qil’un

133 1873 182 1910 tel
208 1872 508 1923 rapprochemeut
543 1870 648 1907 doive
684 1870 782 1908 lever

137 1934 256 1966 tontes
277 1929 327 1965 les
349 1929 481 1964 doutes
494 1939 554 1963 sur
566 1925 599 1962 la
611 1926 780 1974 question

133 1985 295 2030 acstrelle,
308 1988 343 2022 et
364 1983 540 2020 amtorise
560 1982 581 2018 a
601 1981 781 2029 conclure,

134 2055 205 2090 que
226 2041 277 2077 les
294 2040 416 2077 lettres
428 2039 656 2086 kz‘eratiques,
667 2037 781 2075 hiero-

131 2097 339 2146 glyplze'ques
368 2096 431 2132 ou‘
455 2093 681 2145 symboliques
732 2094 779 2131 de

133 2153 301 2191 Clement
321 2157 356 2190 et
371 2153 417 2189 de
430 2151 618 2201 Porphyre
637 2162 683 2186 ne
695 2152 779 2186 sont

131 2214 235 2247 autre
260 2209 368 2246 chose
403 2220 475 2257 que
500 2207 552 2244 les
574 2205 696 2243 lettres
718 2218 778 2242 sa-

133 2267 224 2302 cre'es
253 2266 300 2303 de
319 2265 481 2302 Diodore
500 2268 536 2300 et
553 2262 781 2299 d'Herodote

133 2326 169 2359 et
196 2322 260 2358 des
289 2326 410 2358 autres
446 2324 592 2356 auteurs
611 2346 621 2364 ,
658 2322 780 2355 autre-

133 2377 292 2415 mentles
311 2375 546 2426 lu'eroglyphes
561 2374 618 2411 cles
629 2374 779 2423 temples,

134 2438 170 2471 et
190 2446 259 2482 que
287 2432 338 2470 les
359 2431 711 2481 dpz'stolographz’quae
731 2431 778 2468 de

133 2489 227 2526 deux
246 2490 420 2537 premiers
450 2494 595 2525 auteurs
625 2491 708 2522 sont
725 2485 776 2523 les

134 2546 266 2581 memes
282 2556 354 2592 que
371 2544 422 2581 les
441 2543 563 2581 lettres
580 2541 779 2591 populaires

133 2614 180 2637 ou
204 2599 384 2648 vulgaire-s
403 2600 449 2636 de
474 2599 647 2644 secondS,
671 2603 708 2635 et
726 2598 779 2635 les

133 2658 267 2694 memes
297 2655 396 2692 aussi
435 2668 508 2703 que
545 2654 634 2691 celle
669 2654 716 2691 de
744 2652 779 2690 la

128 2716 243 2763 pierre
258 2711 299 2748 de
309 2711 454 2748 Rosette
474 2715 510 2747 et
530 2710 594 2746 des
606 2722 776 2759 papyrus.

135 2769 255 2812 Qu‘on
275 2781 313 2804 se
335 2767 449 2817 garde
468 2765 672 2803 toute-fois
693 2765 777 2803 d’en

132 2824 296 2862 conclure
317 2837 387 2873 que
406 2836 464 2860 ces
476 2823 569 2860 deux
581 2820 713 2858 classes
728 2822 776 2859 de

132 2880 257 2919 lettres
287 2884 370 2918 sont
393 2880 439 2918 de
468 2880 601 2916 formes
624 2878 776 2915 entiere-

855 639 954 674 ment
973 636 1181 675 differentes
1209 640 1246 675 et
1265 636 1367 674 n'ont
1385 649 1500 674 aucun

854 696 1002 743 rapport
1046 697 1149 731 entre
1195 692 1273 731 elle.
1292 694 1316 714 “
1402 693 1500 731 ldem

855 749 959 798 (pag.
981 751 1064 790 372
1088 749 1125 785 in
1146 750 1256 797 nota)
1286 749 1356 786 hoc
1375 749 1499 787 addit:

855 805 922 842 sibi
953 805 1149 842 admodum
1177 805 1270 843 levia
1300 805 1414 842 videri
1443 818 1502 842 ar-

854 866 1029 910 gumenta
1050 874 1195 909 eorum,
1219 861 1280 911 qui
1299 861 1501 911 inscriptio-

853 918 908 954 nis
917 918 1140 955 Rosettanae
1147 917 1370 955 characteres
1381 918 1501 955 dicant

854 973 1055 1023 singulares
1074 979 1184 1023 atque
1202 973 1392 1011 hieraticos
1405 986 1498 1011 esse.

853 1029 895 1066 Iu
912 1029 1076 1066 omnibus
1098 1034 1219 1068 autem
1235 1028 1499 1079 Aegyptiorum

852 1086 1093 1123 monumentis
1109 1098 1184 1123 non
1211 1085 1281 1123 nisi
1306 1086 1396 1122 duas
1419 1084 1499 1122 illas

852 1142 1098 1180 characterum
1114 1142 1310 1192 scripturas
1327 1141 1499 1191 conspici,

851 1197 1001 1236 alteram
1031 1197 1347 1249 hieroglyphicam‚
1383 1199 1498 1234 cursi-

850 1266 932 1291 vam
951 1253 1095 1302 (lettres
1105 1254 1317 1302 coarantes)
1335 1253 1497 1291 alteram.

851 1310 951 1348 Idem
969 1323 1054 1360 pag.
1073 1311 1154 1352 359
1172 1310 1255 1348 hinc
1270 1310 1320 1347 ita
1337 1322 1500 1360 pronun-

850 1367 936 1403 tiat:
965 1365 1029 1412 „ll
1051 1370 1109 1403 est
1135 1367 1230 1402 donc
1256 1365 1499 1414 grandement

849 1419 1045 1472 probable‚
1075 1434 1147 1470 que
1174 1420 1209 1457 la
1239 1421 1497 1458 connoissance

850 1477 899 1514 du
908 1476 1066 1525 langage
1077 1476 1332 1527 alphabetique
1339 1477 1497 1525 vulgaire

849 1532 1022 1570 conduira
1037 1532 1195 1583 quelque
1209 1532 1294 1580 jour
1325 1533 1347 1569 ἐι
1363 1532 1496 1570 l'inter-

847 1589 1029 1640 pretation
1068 1588 1251 1640 partieile,
1279 1588 1310 1630 si
1337 1601 1411 1625 non
1438 1593 1497 1625 to-

847 1645 919 1683 tale
938 1645 985 1682 de
1003 1644 1139 1695 langue
1158 1644 1497 1694 hieroglyphique.“

848 1702 978 1739 Creuz.
997 1701 1063 1748 (in
1084 1703 1305 1739 Commentt.
1328 1701 1495 1738 Herodd.

846 1770 933 1808 pag.
952 1757 1210 1805 375—378)
1237 1757 1378 1794 addens
1407 1757 1495 1795 insi-

847 1825 957 1861 gnem
978 1812 1111 1849 Plotini
1128 1813 1243 1850 locum
1262 1812 1427 1849 Ennead.
1448 1812 1494 1858 V,

847 1871 873 1909 6
898 1881 982 1918 pag.
1004 1868 1096 1909 547.
1127 1868 1255 1905 Idem
1273 1880 1368 1904 nunc
1388 1880 1496 1917 prae-

847 1928 950 1962 terea
977 1924 1132 1961 conferri
1156 1924 1250 1960 vult:
1280 1922 1493 1970 „Ammian.

846 1978 1007 2016 Marcell.
1030 1980 1153 2027 XVII,
1175 1979 1201 2020 4
1221 1978 1257 2030 ἓ.
1272 1981 1296 2020 8
1314 1992 1394 2017 cum
1404 1979 1495 2016 Lin-

847 2036 1037 2084 denbrogii
1061 2040 1136 2072 not.
1163 2049 1200 2085 p.
1222 2034 1302 2076 254
1330 2048 1406 2084 seq.
1436 2036 1494 2073 ed.

846 2091 1021 2140 WVagner.
1030 2095 1066 2129 et
1075 2091 1201 2141 Bellay
1217 2090 1493 2141 hieroglyphice.

846 2147 965 2196 origg.
997 2147 1209 2196 Cantabrig.
1239 2147 1494 2195 181663135-

848 2203 908 2241 sic.
926 2204 1051 2240 Journ.
1068 2202 1153 2240 XVl
1166 2215 1252 2253 pag.
1265 2205 1347 2245 318
1363 2204 1494 2253 seqq.“

846 2281 902 2286 —
911 2258 1008 2296 Nam
1026 2259 1189 2309 plerique
1200 2259 1265 2296 viri
1284 2259 1383 2297 docti
1399 2272 1494 2296 nuuc

847 2315 933 2353 satis
963 2316 1153 2365 probatum
1178 2315 1336 2362 habent,
1373 2328 1492 2352 sacros

847 2371 1027 2409 Herodoti
1044 2375 1080 2409 et
1095 2371 1249 2408 Diodori
1269 2370 1491 2408 characteres·

845 2427 1099 2477 hieroglyphas
1133 2440 1278 2476 quoque
1306 2426 1492 2476 complecti

846 2488 950 2521 notas
989 2483 1268 2532 hieraticamque
1301 2495 1410 2532 quam
1437 2483 1492 2519 di-

846 2544 931 2577 cunt
946 2539 1167 2590 scripturam,
1175 2537 1386 2590 popularem
1405 2539 1492 2575 scri-

844 2600 988 2646 pturam
1021 2608 1106 2633 vero
1141 2594 1239 2633 haud
1271 2595 1418 2649 differre
1445 2594 1491 2631 ab

845 2651 1179 2702 epistolographica.
1247 2650 1329 2687 Vid.
1371 2650 1492 2687 Uber-

846 2708 937 2744 sicht
957 2708 1023 2745 der
1050 2706 1228 2745 Versuche
1255 2719 1287 2743 z.
1313 2705 1490 2743 Entziffe-

841 2776 936 2812 rung
947 2764 983 2800 d.
1000 2762 1237 2813 Hierogljph.
1257 2762 1490 2800 nachBrown

842 2832 912 2857 von
932 2818 985 2857 Μ.
1003 2819 1146 2858 Fritsch
1165 2832 1202 2870 p.
1226 2820 1263 2860 8.
1286 2820 1350 2860 ll.

1179 2931 1236 2971 36
1255 2930 1274 2952 *
