1909 3228
411 233 494 272 330

383 343 500 396 3μοῦ
528 355 572 383 τε
601 340 672 382 καὶ
704 336 960 392 αὐχμώδεος.

802 225 1276 266 HERODOTI

1023 338 1233 378 Γλώσσαν
1264 334 1309 378 δὲ
1339 333 1392 378 οὐ
1421 335 1499 391 τὴν
1527 331 1664 389 αὐτήν

413 414 535 462 οὗτοι
563 419 834 470 νενομίκασι,
873 412 982 458 ἀλλὰ
1010 413 1202 467 τρόπους
1239 413 1438 466 τέσσερας
1466 428 1664 467 παραγω-

383 498 537 554 4γὲωυ.
594 496 789 550 Μίλητος
827 493 905 549 μὲν
960 490 1105 536 αὐτῶν
1154 491 1303 547 πρώτη
1353 491 1491 535 κέεται
1541 490 1665 541 πόλις

411 576 521 630 πρὸς
548 575 839 631 μεσαμβρίην·
872 572 976 628 μετά
1007 571 1073 624 δὲ,
1105 569 1266 622 Μυούς
1298 587 1341 613 τε
1365 571 1437 614 καὶ
1469 568 1721 625 mojam-90

412 649 538 698 αὗται
564 652 644 709 μὲν
681 652 728 696 ἐν
765 657 820 710 τῇ
859 653 1004 708 Καρίῃ
1040 652 1337 706 κατοίκηνται,
1384 648 1492 693 κατὰ
1530 645 1665 691 ταύτὰ

383 731 715 788 5διαλεγόμεναί
744 743 836 788 σφι,

356 909 507 945 sormam
539 902 770 958 πιεζόμενος
795 907 1004 956 praeferret.

355 964 451 1002 Nam
483 965 520 1002 in
549 977 616 1001 usu
650 967 727 1001 erat
764 967 801 1001 et
827 960 943 1008 πιέζω
971 966 1007 998 et

355 1018 511 1069 πιεζέω,·
542 1021 667 1070 quod'
660 1032 778 1070 ipsum
802 1018 858 1056 vel
877 1020 925 1055 ad
942 1016 1007 1054 At-

355 1078 444 1114 ticos
476 1078 668 1127 scriptores
690 1075 840 1113 transiit.
898 1075 1006 1112 Conf.

356 1146 452 1183 quae
471 1134 544 1170 dixi
561 1135 609 1171 ad
627 1132 807 1170 Plutarch.
829 1130 1005 1168 Alcibiad.

355 1202 441 1241 pag.
463 1192 528 1231 82
550 1191 603 1232 83
623 1189 703 1226 coll.
722 1191 787 1230 66

388 1248 593 1303 γλωσσαν
624 1243 666 1286 δὲ
700 1240 748 1284 ου’
776 1240 849 1294 τήν
883 1237 1007 1293 αὐτην

357 1304 468 1343 οὑτοι
498 1299 836 1354 νενομίκασι]
867 1300 888 1337 i.
909 1313 940 1338 e.
971 1313 1008 1336 m

356 1373 425 1397 usu
440 1360 564 1396 liabent
585 1373 612 1396 5.
625 1362 797 1404 utuntur,
817 1359 873 1394 uli
887 1357 1005 1393 solent

357 1416 468 1453 Conf.
487 1415 524 1463 I,
543 1419 618 1457 131
641 1414 726 1464 ibiq.
748 1417 824 1450 not.

415 1466 511 1510 ἄλλα
531 1466 698 1521 τρὸπους
728 1468 909 1519 τέσσερας
928 1483 1006 1506 πα-

358 1525 592 1580 ραγωγέων]
626 1527 647 1563 i.
667 1539 698 1564 e.
727 1528 877 1575 quatum·
895 1524 1009 1560 modos

358 1584 600 1621 ‹lecluctc'onum
626 1583 854 1632 (usurpant)
885 1595 912 1618 s.
938 1580 1007 1618 lin-

357 1640 435 1689 gmi
455 1643 603 1676 utuntur
619 1642 655 1676 in
677 1642 825 1688 quatuor
845 1636 958 1674 modos
976 1640 1008 1674 et

353 1698 584 1747 proprietates
613 1695 786 1742 deducta,
825 1698 865 1730 ut
892 1694 1007 1730 locum

359 1753 616 1802 interpretatus
645 1756 700 1789 est
718 1751 766 1788 H.
788 1750 1007 1798 Stephanus,

359 1809 538 1860 probante
551 1806 904 1855 Schweighaeusero.
920 1804 1008 1852 Agi-

359 1869 416 1902 tur
435 1864 532 1901 enim
553 1863 610 1901 hic
637 1864 684 1900 de
715 1866 869 1911 quatuor
886 1860 1008 1897 formis

359 1920 532 1967 diversis,
561 1920 598 1955 in
624 1931 713 1968 quas
733 1918 861 1954 Ionum
886 1917 1011 1965 lingua

359 1976 507 2023 abierit,
536 1988 700 2024 quasque
733 1974 771 2011 in
799 1974 871 2010 fine
907 1973 1009 2010 huius

360 2032 486 2083 capitis
507 2036 610 2069 vocat
630 2032 879 2082 χαρακτῆρας
895 2029 1010 2077 (conf.

362 2090 519 2137 Gregor.
548 2089 714 2126 Corinth.
746 2100 831 2137 pag.
853 2089 877 2128 9
901 2086 1009 2135 seq).

362 2146 522 2182 Easdem
549 2145 606 2182 hic
634 2143 794 2194 appellat
830 2156 1011 2193 παραγω-

361 2198 433 2254 γιές
462 2201 484 2238 i.
513 2215 544 2239 e.
582 2201 807 2250 deflexiones,
845 2201 1011 2236 nudatio-

360 2270 443 2295 num
470 2270 622 2305 genera,
652 2259 840 2294 varietates
850 2269 863 2300 ,·
907 2267 1013 2292 voca-

363 2314 445 2351 bulo
467 2315 623 2352 deducto
643 2326 664 2351 a
684 2314 795 2350 verbo
815 2307 1011 2365 παράγειν

363 2371 561 2419 (seducere,
600 2372 638 2407 in
673 2370 846 2407 diversum
877 2368 1011 2413 ducere,

358 2428 534 2477 flectere),
555 2427 601 2464 de
613 2440 685 2476 quo
696 2426 767 2463 vid.
778 2427 807 2474 1,
819 2428 885 2466 91.
909 2424 1013 2461 Haec

364 2483 724 2532 Schweigliucuserus
759 2486 903 2528 monet,
945 2479 1011 2516 ad-

365 2540 455 2577 dens
493 2544 707 2589 praeterea,
740 2539 870 2576 eodem
905 2549 1011 2574 seusu

367 2596 494 2632 eadem
514 2597 550 2631 in
569 2609 609 2633 re
633 2608 655 2632 a
675 2595 855 2645 Gregorio
881 2592 1012 2629 Corin-

368 2651 442 2687 thio
461 2656 496 2688 et
517 2652 652 2689 Ioanne
667 2651 910 2689 Grammatico
921 2648 1011 2695 (vid.

370 2706 523 2755 Grewor.
544 2708 710 2744 Corinth.
736 2722 773 2759 p.
794 2708 887 2749 490.
909 2705 1011 2753 491)

368 2761 438 2798 dici
467 2778 748 2815 παρατροπην,
774 2764 872 2813 quod
902 2773 1014 2812 praxe

369 2816 435 2854 illic
463 2824 634 2856 mutatum
655 2821 791 2858 suerit
785 2833 821 2856 in
839 2832 1012 2871 περιτρο-

370 2888 466 2923 πην.

896 733 988 775 αἵδε
1022 732 1067 775 δὲ
1098 732 1144 775 ἐν
1172 734 1226 787 τῇ
1255 730 1420 786 Λυδίῃ·

1463 727 1665 783 Ἔφεσος,

1130 903 1314 970 Μιλητος
1336 900 1408 952 μὲν
1435 895 1567 940 αὐτῶν
1586 894 1722 963 πρώτη

1075 974 1109 998 κ.
1120 975 1151 998 τ.
1165 958 1211 1010 λ.]
1243 974 1377 998 αυτων
1395 958 1451 995 hic
1470 956 1635 1006 rescripsi
1656 967 1722 1004 pro

1077 1031 1178 1055 αυτε-
1170 1015 1274 1064 ’ων,
1303 1016 1461 1064 itemque
1488 1026 1572 1050 mox
1605 1011 1724 1050 αι’δε

1077 1070 1126 1113 δ
1113 1087 1129 1112 ε
1148 1072 1189 1112 ἐν
1209 1088 1256 1127 τῃ
1242 1071 1405 1125 Λυδίῃ
1419 1100 1430 1118 ,
1460 1069 1520 1107 ubi
1537 1068 1630 1106 male
1648 1067 1724 1104 vul-

1075 1142 1124 1179 go
1151 1130 1266 1167 edunt
1291 1128 1343 1167 αἱ
1376 1112 1440 1166 δέ.
1498 1124 1554 1161 Ita
1577 1136 1723 1174 quoque

1074 1186 1280 1237 Stephanus
1292 1183 1515 1234 szantinus
1533 1195 1561 1218 5.
1572 1193 1605 1218 v.
1603 1177 1724 1230 ’Ἐφε-

1077 1255 1156 1289 σος.
1203 1241 1319 1279 Mileti
1339 1245 1458 1278 autem
1478 1237 1638 1286 Neleus,
1665 1236 1725 1274 Io-

1076 1313 1161 1337 num
1184 1313 1212 1336 s.
1232 1296 1507 1335 Atheniensium
1540 1295 1611 1331 dux
1638 1306 1725 1331 con-

1075 1357 1212 1395 sedisse
1232 1357 1365 1402 fertur,
1391 1350 1576 1403 expulsis
1568 1351 1610 1387 iis
1631 1363 1724 1399 gen·

1074 1413 1169 1450 tibus
1191 1411 1373 1458 barbaris,
1403 1421 1496 1458 quae
1517 1407 1600 1444 olim
1631 1407 1723 1443 hanc

1075 1469 1261 1517 regionem
1273 1470 1465 1504 tenuerant
1484 1465 1548 1512 (cf.
1564 1463 1593 1510 1,
1611 1461 1723 1510 149).

1078 1525 1153 1568 Qui
1172 1523 1308 1561 Neleus
1330 1534 1408 1560 cum
1425 1526 1498 1558 tres
1512 1520 1620 1557 urbes
1638 1531 1725 1555 con—

1077 1581 1213 1618 didisse
1267 1579 1525 1630 perhibeatur,
1581 1580 1726 1626 praeter

1077 1636 1259 1682 Miletum,
1288 1636 1346 1672 xix
1372 1634 1519 1671 dubium
1540 1636 1617 1678 est,
1646 1631 1726 1667 illas

1076 1694 1186 1730 fuisse
1206 1691 1255 1729 Μ
1252 1695 1392 1743 yuntem
1412 1694 1448 1728 et
1467 1689 1626 1725 Prienen.
1644 1688 1727 1724 Un-

1076 1750 1123 1786 de
1144 1750 1250 1786 etiam
1278 1748 1344 1784 illis
1372 1747 1484 1784 tribus
1504 1756 1727 1782 communem

1075 1805 1237 1853 linguam
1265 1804 1377 1841 fuisse
1403 1815 1510 1839 nemo
1531 1800 1726 1838 mirabitur.

1076 1860 1158 1898 Nec
1177 1873 1287 1911 porro
1307 1860 1434 1896 mirum
1445 1858 1607 1906 Myuntis
1630 1857 1729 1894 inco-

1078 1917 1132 1954 las
1145 1946 1155 1964 ,
1191 1929 1271 1954 cum
1301 1915 1535 1953 inundatione
1569 1913 1727 1963 quadam

1078 1974 1161 2010 urbs
1181 1976 1277 2010 esset
1301 1976 1462 2019 vastata,
1491 1969 1656 2007 Miletum
1687 1982 1728 2006 se

1078 2031 1258 2080 recepisse
1278 2034 1315 2066 et
1333 2030 1487 2065 immam
1500 2027 1728 2074 eandemque

1079 2087 1258 2124 civitatem
1277 2099 1356 2122 cum
1378 2083 1528 2121 Milesiis
1542 2081 1726 2120 coaluisse.

1079 2142 1244 2179 Pluribus
1285 2141 1454 2192 probavit
1498 2137 1727 2177 Raoul-Ro-

1080 2199 1199 2235 chette
1220 2198 1242 2234 l.
1263 2196 1284 2235 l.
1306 2197 1355 2233 ΙΙΙ
1386 2211 1421 2247 p.
1442 2197 1495 2238 85
1519 2209 1595 2245 seq.
1625 2192 1727 2233 Prie-

1080 2267 1151 2291 nen
1171 2258 1255 2305 post
1272 2253 1369 2291 venit
1389 2252 1648 2291 Thebanorum
1666 2264 1728 2289 co-

1077 2309 1195 2357 lonia,
1227 2310 1318 2347 duce
1345 2308 1498 2346 Philota.

1136 2367 1222 2406 αἵδε
1244 2364 1286 2405 δὲ
1305 2365 1346 2404 ἐν
1366 2368 1416 2419 τῇ
1429 2365 1562 2419 Λυδίῃ
1577 2376 1586 2385 ·
1606 2362 1726 2412 ’Ἐφε-

1079 2435 1171 2471 σος,
1203 2419 1402 2471 Κολοφών
1421 2437 1456 2460 κ.
1474 2436 1505 2460 τ.
1525 2419 1573 2471 λ.]
1602 2421 1727 2472 Ephe-

1079 2493 1158 2526 sus,
1189 2493 1283 2528 quae
1300 2478 1416 2529 primo
1433 2478 1512 2515 loco
1535 2477 1593 2515 hic
1610 2478 1727 2515 nomi-

1079 2542 1185 2573 natur
1204 2541 1241 2573 et
1260 2548 1353 2585 quae
1368 2548 1496 2585 reapse
1505 2534 1653 2583 longum
1662 2546 1727 2584 per

1077 2598 1220 2643 teinpus
1240 2592 1397 2629 omnium
1419 2592 1640 2629 Graecarum
1661 2602 1728 2641 per

1080 2649 1201 2686 Asiam
1221 2649 1360 2686 urbium
1390 2649 1457 2684 suit
1479 2647 1727 2693 illustrissima,

1079 2705 1230 2742 multum
1255 2709 1340 2743 ante
1373 2704 1500 2742 louum
1531 2704 1728 2741 adventum

1080 2762 1150 2798 iam
1176 2762 1355 2799 exstitisse
1380 2762 1511 2806 sertur3
1547 2772 1655 2809 quam
1690 2759 1726 2795 in

1082 2830 1155 2855 rem
1176 2818 1287 2854 multa
1316 2818 1478 2866 disputat
1496 2815 1637 2853 Raoul-
1654 2816 1726 2850 Ro-

1081 2874 1198 2911 chette
1216 2874 1238 2911 l.
1258 2873 1281 2911 l.
1304 2873 1352 2910 lll
1373 2888 1408 2923 p.
1431 2875 1483 2913 87
1499 2885 1600 2920 seqq.
1621 2872 1725 2914 Quae
