1909 3228
489 228 542 269 67
545 230 573 268 6

489 333 918 390 κατατετμημένοισι,
974 335 1254 392 ὑποχρίοντες
1293 338 1354 391 τῷ
1393 334 1551 392 κόμμι,
1598 340 1659 394 τῷ
1698 337 1750 394 δὴ
1791 339 1872 382 143

437 509 610 559 Aegyptt.
641 510 770 559 p.297
794 521 896 558 seqq.
918 513 953 547 et
970 509 1087 547 Creu-

436 567 509 602 zeri
528 566 649 602 laudd.
678 579 713 615 p.
735 564 800 606 46.
858 566 980 610 Quum
1000 580 1085 603 xero

434 623 503 658 hoc
540 622 618 658 loco
659 622 849 658 sindonem
890 623 1085 673 βυσσίνην

435 679 531 714 dicat
561 677 720 724 Noster,
761 678 902 728 plurimi
924 680 991 716 hoc
1019 693 1084 729 pro

436 738 573 770 cotoneo
589 736 993 784 acceperunt,nonnulli
1014 737 1084 773 Ιιή-

437 794 507 826 teos
524 790 729 828 intellexere
749 804 890 840 pannos
906 822 916 839 ,
951 793 1083 841 quibus

437 853 473 884 et
491 848 577 896 ipsis
606 847 787 884 involutae
807 853 975 898 repertae
1003 853 1086 885 sunt

435 904 611 950 murniae,
640 905 802 952 quamvis
822 905 880 941 alii
899 906 968 942 hoc
982 919 1088 955 pror-

437 973 497 996 sus
518 963 691 1008 negatum
721 960 863 998 vellent.
922 962 998 999 Sed
1028 963 1086 999 10-

436 1017 583 1053 mardus
602 1014 745 1067 (jdescr.
769 1018 815 1054 de
837 1018 928 1066 l'Eg.
949 1019 1085 1068 antiqq.

436 1072 482 1119 ll,
507 1076 557 1113 10
579 1071 615 1124 §.
629 1075 654 1113 8
671 1074 820 1122 p.339)
840 1075 1086 1124 utplurimum

436 1133 612 1166 cotoneum
633 1142 654 1166 a
685 1143 724 1167 se
753 1135 935 1180 repertum
960 1132 995 1168 in
1029 1145 1086 1169 se-

435 1186 567 1236 pulcris
581 1186 687 1231 dieit3
705 1200 796 1235 qnos
813 1187 944 1224 linteos
964 1188 1000 1224 in
1021 1188 1087 1237 hy-

436 1244 589 1293 pogaeis
619 1242 756 1281 insulae
785 1243 968 1281 Philarum
994 1258 1086 1294 pan-

437 1312 504 1336 nos
526 1299 744 1346 offenderit,
766 1313 828 1337 eos
847 1301 1086 1351 pauperrimis

437 1356 645 1393 amiciendis
691 1355 917 1403 inserviisse3
975 1371 1087 1406 qnare

437 1413 495 1449 vix
517 1413 778 1460 dubitandum,
809 1415 896 1461 quin
915 1414 950 1450 h.
976 1415 998 1451 l.
1029 1428 1087 1451 co-

438 1472 573 1504 toneum
600 1468 751 1517 intelligi
785 1469 937 1506 voluerit
966 1471 1088 1508 Hero-

439 1526 566 1571 dotus,
606 1525 666 1573 qui
699 1525 728 1560 si
756 1526 801 1561 de
824 1525 941 1564 linteis
969 1528 1086 1564 fasciis

439 1582 660 1629 cogitasset,
698 1580 767 1617 hoc
804 1581 881 1630 ipso
911 1583 1085 1620 vocabulo

440 1650 568 1673 usurus
587 1637 733 1682 fuisset,
762 1641 802 1673 ut
821 1651 929 1687 supra
946 1638 1000 1685 11,
1019 1642 1086 1686 81,

439 1694 500 1730 ubi
519 1694 658 1729 tunicas
677 1700 932 1730 commemorat
947 1694 1086 1733 linteas.

439 1749 489 1786 Et
507 1762 600 1798 quae
618 1750 709 1786 circa
729 1749 879 1786 Thebas
896 1764 1013 1799 nuper
1032 1765 1090 1789 re-

440 1811 543 1855 perta
562 1809 645 1842 sunt
671 1818 825 1854 operose
854 1807 1000 1843 condita
1029 1821 1089 1844 ca-

440 1863 587 1908 davera,
606 1861 652 1898 ad
661 1861 813 1911 primam
824 1861 973 1899 classem
990 1863 1087 1900 haud

442 1919 551 1955 dubie
575 1918 788 1965 reserenda,
827 1931 869 1955 ea
896 1919 1088 1967 plurimum

440 1974 836 2012 cotoneiexhibuerunt.
860 1974 1092 2014 PluraCreu-

440 2045 546 2068 zerus
573 2031 593 2067 l.
617 2031 638 2067 l.
668 2051 724 2057 —
752 2033 978 2081 τελαμῶνας
1005 2033 1091 2070 dicit

436 2088 578 2138 fascias
593 2087 779 2135 dissectas,
809 2089 907 2137 qnod
928 2089 1091 2126 additum

441 2142 811 2194 κατατετμημένοισι
851 2145 936 2181 satis
959 2147 1092 2194 arguit,

442 2206 551 2249 atque
572 2201 776 2238 Pausaniae
806 2201 981 2238 Nostrum
1012 2202 1093 2238 imi-

442 2258 550 2294 tantis
570 2270 657 2293 usus
687 2257 742 2303 II,
767 2260 815 2298 11
857 2256 892 2308 §
913 2257 959 2305 4,
990 2259 1089 2307 quod

442 2314 540 2350 haud
562 2314 656 2362 sugit
685 2314 817 2351 Siebel.
882 2313 978 2352 Add.
1010 2314 1092 2351 Sal-

442 2383 531 2407 mas.
555 2371 603 2406 ad
614 2370 754 2420 Vopisc.
766 2370 947 2407 Aurelian.
959 2386 995 2422 p.
1006 2371 1088 2413 422

443 2426 532 2473 (vol.
551 2427 623 2471 ΙΙ).
673 2426 740 2463 Alii
755 2426 830 2463 lora
847 2428 1088 2477 interpretan-

443 2488 520 2529 tur,
551 2484 688 2519 adrem
709 2483 805 2520 haud
827 2484 939 2530 falso,
963 2497 1089 2533 quam-

443 2553 552 2588 quam
572 2539 746 2575 vocabulo
767 2540 883 2577 minus
908 2540 975 2577 hac
997 2541 1032 2576 in
1051 2553 1090 2577 re

444 2596 593 2632 solemni
617 2599 727 2644 atque
756 2596 898 2633 usitato.
956 2596 1090 2634 Videas

444 2652 616 2689 Creuzer.
674 2652 860 2689 Summum
889 2666 975 2691 vero
1005 2653 1091 2689 arti-

444 2707 584 2754 ficium,
606 2708 706 2757 quod
732 2708 768 2744 in
797 2709 1002 2746 amiciendis
1032 2721 1092 2747 ca-

446 2764 637 2800 daveribus
678 2765 907 2802 adhibuerint
950 2770 1090 2803 veteres

446 2816 637 2867 Aegyptii,
666 2821 753 2856 satis
770 2833 865 2858 nunc
878 2822 1090 2858 mumiarum

445 2873 617 2923 reliquiae
646 2875 836 2924 indicant,
875 2890 965 2927 quas
993 2877 1091 2915 haud

880 225 1352 266 HERODOTI

1154 509 1282 545 minori
1323 521 1408 546 cura
1446 509 1665 548 illustrarunt
1708 512 1803 549 docti

1156 565 1263 601 Galli.
1312 566 1447 612 L'mle,
1484 567 1552 603 alia
1583 572 1622 603 ut
1651 572 1802 614 taceam,

1153 625 1324 671 apparet,
1355 636 1464 673 super
1488 624 1605 659 fasciis
1632 623 1804 673 applicita

1153 691 1234 715 esse
1254 678 1409 727 duplicia
1429 679 1625 728 tripliciave
1640 692 1681 716 ac
1692 692 1803 729 saepe

1152 734 1255 784 plura
1274 734 1380 771 etiam
1400 736 1646 783 integumenta
1666 749 1685 772 e
1704 740 1804 773 coto-

1153 804 1222 827 neo
1241 796 1431 837 contexta,
1462 797 1571 841 atque
1599 792 1635 828 in
1655 792 1709 829 his
1737 793 1802 829 de-

1152 860 1249 884 mum
1267 847 1521 895 integumentis
1541 849 1699 899 picturas
1721 861 1803 885 esse

1154 904 1328 941 exhibitas
1354 905 1439 940 varii
1459 906 1613 953 generis.
1643 904 1702 943 De
1719 905 1801 953 qui-

1152 960 1222 996 bus
1260 973 1338 996 cum
1368 960 1476 1010 plane
1515 966 1633 999 taceat
1664 961 1803 999 Noster

1152 1016 1301 1052 strictim
1318 1019 1568 1054 tantummodo
1583 1019 1803 1054 summatim-

1153 1085 1223 1120 que
1254 1085 1402 1109 narrans
1450 1074 1542 1110 hanc
1586 1075 1803 1111 cadaverum

1152 1128 1271 1165 fasciis
1292 1129 1588 1167 involvendorum
1613 1131 1803 1177 rationem,

1152 1185 1192 1220 id
1212 1190 1296 1222 ante
1315 1186 1435 1222 omnia
1452 1187 1650 1223 tenendum
1663 1216 1674 1234 ‚
1703 1186 1802 1224 illam

1153 1241 1250 1277 haud
1270 1242 1426 1279 caruisse
1454 1242 1623 1280 interiore
1645 1243 1803 1292 quadam

1154 1302 1265 1347 atque
1296 1298 1494 1347 insigniore
1525 1300 1804 1348 significatione,

1154 1358 1191 1391 et
1218 1354 1482 1404 Aegyptiorum
1513 1369 1593 1393 cum
1624 1356 1803 1405 mysteriis

1154 1411 1380 1447 coniunctam
1412 1413 1542 1457 suisse;
1590 1413 1635 1450 de
1672 1413 1803 1461 quibus

1154 1480 1233 1503 cum
1271 1467 1448 1504 silentium
1485 1469 1552 1504 sibi
1592 1469 1804 1518 imposuerit

1153 1522 1312 1569 Noster,
1343 1536 1415 1559 non
1440 1525 1589 1571 mirum,
1619 1538 1700 1562 eum
1729 1530 1803 1561 tam

1154 1579 1302 1615 strictim
1343 1584 1378 1616 et
1418 1580 1485 1617 levi
1523 1581 1626 1629 quasi
1657 1581 1802 1617 brachio

1154 1635 1242 1672 haec
1261 1636 1435 1683 attigisse.
1477 1637 1558 1673 Yid.
1579 1637 1803 1675 Creuzerum

1155 1691 1176 1727 l.
1199 1691 1219 1728 l.
1248 1691 1370 1740 ibique
1399 1693 1553 1729 lomard.
1583 1694 1727 1740 (deser.
1756 1694 1803 1731 de

1154 1746 1248 1795 l‘Eg.
1282 1749 1419 1797 antiqq.
1461 1749 1493 1785 11
1521 1753 1606 1786 sect.
1637 1750 1672 1786 X
1710 1748 1747 1800 ᾖ.
1777 1752 1803 1791 8

1154 1815 1240 1853 pag.
1259 1804 1341 1843 338
1369 1818 1445 1853 seq.
1489 1805 1623 1854 Royer.
1654 1806 1742 1843 ibid.
1768 1805 1804 1843 X

1155 1873 1191 1909 p.
1214 1862 1335 1905 219);
1374 1861 1458 1897 add.
1485 1861 1656 1899 Minutoli
1681 1862 1806 1900 Nach-

1154 1917 1258 1964 trage
1278 1921 1344 1953 etc.
1366 1930 1402 1967 p.
1422 1920 1505 1959 200
1531 1931 1635 1968 seqq.

1214 1969 1471 2024 ὑποχρίοντες
1490 1977 1544 2030 τῷ
1560 1971 1700 2025 κόμμι]
1720 1975 1804 2014 Scil.

1158 2031 1405 2079 τελαμῶνας,
1434 2032 1483 2068 ita
1516 2035 1555 2068 ut
1583 2032 1728 2081 fasciae
1749 2033 1807 2069 in-

1157 2085 1364 2134 telligantur
1381 2089 1682 2135 gummisublitae.
1698 2084 1806 2139 Κόμ-

1160 2157 1202 2192 μι
1221 2143 1294 2179 sive
1313 2144 1444 2191 gummi
1464 2144 1654 2182 Arabicum
1675 2158 1718 2182 ex
1732 2146 1807 2195 spi-

1160 2199 1206 2234 na
1226 2212 1376 2235 manans
1398 2200 1573 2236 simillima
1591 2201 1664 2238 loto
1690 2201 1806 2249 Cyre-

1159 2266 1273 2292 naeae
1300 2263 1475 2293 memorat
1496 2256 1631 2293 Noster
1659 2257 1713 2303 11,
1737 2260 1803 2298 96.

1158 2310 1311 2360 Capitur
1328 2312 1532 2349 humoriste
1551 2326 1593 2350 ex
1611 2314 1716 2364 spina
1729 2313 1804 2351 Ae-

1154 2368 1323 2416 gyptiac&
1342 2369 1415 2405 sive
1427 2368 1567 2417 Acacia,
1597 2382 1705 2419 quam
1726 2369 1806 2419 plu-

1154 2424 1233 2459 rimi
1265 2425 1470 2462 existimant
1496 2428 1673 2462 mz'mosam
1696 2424 1804 2463 Nilo-

1156 2483 1263 2516 ticam
1301 2481 1454 2519 Linnaei
1477 2511 1488 2529 ‚
1525 2483 1691 2531 guttatim
1718 2482 1805 2520 inde

1156 2536 1331 2574 defluens.
1388 2537 1509 2587 Atque
1546 2539 1655 2576 fidem
1683 2539 1805 2576 Hero-

1157 2593 1234 2628 doti
1256 2594 1312 2630 hic
1336 2606 1482 2643 quoque
1503 2599 1648 2632 tuentur
1665 2596 1804 2645 experi-

1157 2655 1279 2686 menta
1295 2650 1332 2686 in
1352 2652 1493 2688 mumiis
1510 2652 1669 2688 instituta
1681 2681 1692 2698 ,
1709 2664 1803 2700 quae

1156 2707 1312 2743 resinam
1330 2707 1805 2756 exhibuerunttenaciorem,

1158 2762 1252 2811 ignis
1276 2764 1414 2800 admoti
1439 2764 1473 2800 vi
1510 2776 1553 2801 ex
1592 2764 1802 2801 mumiarum

1155 2819 1347 2856 involucris
1362 2821 1637 2858 redundantem.
1694 2819 1804 2856 Plura

1158 2875 1360 2914 Creuzerus
1389 2876 1412 2914 l.
1436 2876 1460 2914 l.
1518 2875 1686 2914 Minutoli
1722 2875 1746 2913 l.
1776 2874 1801 2912 l.
