1909 3228
468 215 550 257 528

878 211 1344 251 HERODOTI

469 324 515 367 ἐκ
543 326 616 378 τῆς
645 320 820 376 ἀρχαίης
850 320 1045 372 διεξόδου
1084 319 1171 364 ὑπὸ
1199 324 1287 363 τῶν
1315 319 1556 376 χειμώνων,
1605 321 1718 377 ἔρχε-

439 409 540 446 3ται
568 406 642 456 τῆς
671 399 837 454 Λιβύης
865 399 917 442 τὰ
947 398 1049 442 ἅνω.
1109 397 1167 449 ὥς
1195 398 1274 453 μέν
1311 415 1396 458 νυν
1434 399 1480 442 ἐν
1518 400 1719 458 ἐλαχίστῳ

472 484 683 537 δηλῶσαι,
713 483 802 521 πᾶν
829 480 1016 534 εἴρηται·
1046 481 1122 533 τῆς
1150 478 1234 533 γάρ
1266 476 1319 520 ἂν
1349 475 1567 532 ἀγχοτάτω
1588 473 1615 534 ᾗ
1639 478 1720 534 xoi—
1732 485 1776 518 75

470 576 545 615 ρης
574 552 705 608 οὗτος
735 555 758 600 ὁ
787 557 914 610 θεὸς,
945 557 1018 600 καὶ
1046 556 1155 601 κατὰ
1185 556 1241 613 ἥν
1269 573 1387 609 τινα,
1418 555 1582 612 ταύτην
1610 556 1722 608 εἰκὸς

415 776 479 824 „in
492 775 558 812 hoc
568 774 729 824 laqueari
746 774 891 812 coelesti
905 774 957 811 sol
973 779 1064 812 tem-

415 846 505 882 pore
532 832 680 868 aestatis
700 832 943 880 quotidianam
962 835 1065 868 tenet

415 891 510 925 viani
531 888 610 937 scre
630 889 667 923 in
695 888 823 924 medio:
856 888 971 924 hieme
999 900 1065 924 au-

415 950 487 982 tem
499 945 691 993 ingruente
700 972 710 990 ,
730 944 924 992 frigoribus
936 957 957 980 a
967 957 1064 981 inea-

416 1006 457 1038 tn
478 1015 542 1037 suo
569 1001 605 1036 in
631 1000 746 1048 magis
773 1000 947 1036 australes
975 1000 1066 1036 coeli

415 1062 536 1107 partes
553 1056 722 1104 depulsus
734 1085 744 1101 ,
774 1057 904 1092 transit
921 1053 966 1093 τεὶ
982 1054 1064 1094 ἅνω

415 1116 487 1162 τῆς
505 1109 673 1161 Λιβύης.
706 1112 865 1155 Quando
887 1113 995 1160 igitur
1014 1111 1066 1148 sol

418 1169 610 1206 Graeciam
649 1168 767 1205 calore
795 1170 940 1205 aestatis
976 1169 1066 1206 urit:

417 1226 547 1263 eodem
565 1229 730 1274 tempore
746 1225 782 1260 in
799 1225 1068 1274 partibusAfri-

417 1295 481 1319 cae
502 1281 729 1327 australibus,
759 1281 834 1318 sole
851 1281 887 1316 in
909 1282 1068 1318 medium

418 1338 558 1375 coelum
594 1338 808 1383 recedente,
856 1337 969 1375 hiems
1002 1340 1070 1383 est,

418 1406 638 1443 quamquam
679 1406 752 1430 non
792 1393 906 1429 hiems
952 1394 1071 1430 Grae-

418 1451 515 1493 ciae3
545 1462 690 1495 venun,
720 1462 832 1497 quum
853 1450 905 1485 sol
927 1453 1070 1498 tempo-

418 1519 456 1542 re
485 1505 635 1541 Graecis
669 1505 806 1541 aestivo
836 1518 858 1541 a
882 1504 1002 1552 Libya
1031 1509 1069 1541 et

419 1561 577 1598 Graecia
606 1560 736 1597 eodem
765 1562 840 1596 sere
868 1561 985 1610 spatio
1014 1561 1069 1596 di-

420 1621 515 1654 stare
544 1617 754 1663 videbatur,
784 1616 897 1653 hienis
931 1615 1068 1664 Libyca

419 1673 574 1710 cundem
612 1673 688 1709 fere
736 1672 892 1708 calorem
938 1672 1068 1718 habet,

420 1742 529 1778 quem
567 1732 766 1765 ceterarum
802 1733 978 1764 terrarum
1008 1741 1069 1765 ae-

420 1789 507 1821 stas.
540 1783 698 1826 Quando
719 1787 840 1819 autem
860 1785 995 1831 frigore
1016 1784 1071 1819 in-

420 1843 574 1888 gruente
592 1839 643 1875 sol
663 1839 698 1874 in
716 1839 806 1875 fines
824 1839 912 1875 coeli
929 1843 1069 1875 austra-

419 1896 470 1932 les
500 1895 699 1945 repellitur,
736 1908 887 1932 neccsse
913 1899 990 1940 est,
1028 1898 1071 1932 ut

421 1952 495 1997 sol,
525 1951 678 1999 margini
697 1950 875 1999 laquearis
905 1951 1069 1988 coelestis

420 2008 612 2045 inclinatae
627 2007 794 2057 propior,
824 2007 1072 2044 vehementio-

420 2065 449 2101 ri
466 2064 583 2101 calore
605 2064 790 2113 superiora
809 2062 953 2101 Africae
980 2064 1071 2100 adu-

420 2125 486 2157 rat.
529 2121 660 2168 Itaque
684 2133 758 2156 non
785 2120 899 2156 solum
926 2120 1006 2156 Indi
1032 2123 1070 2156 et

420 2176 620 2225 Aethiopes
651 2177 717 2212 sub
743 2180 825 2212 ortu
853 2176 958 2223 solis,
1006 2176 1071 2213 scd

422 2233 530 2269 etiam
549 2232 742 2281 Aethiopes
764 2231 900 2280 Libyci,
931 2232 992 2281 qui
1011 2245 1071 2268 su-

421 2302 488 2339 per
505 2291 712 2337 Aegyptum
743 2288 928 2335 habitant,
959 2288 1071 2325 calore

422 2345 504 2381 solis
519 2346 709 2394 proprioris
725 2344 937 2392 aduruntur,
954 2348 996 2381 ut
1016 2343 1073 2380 ni-

423 2405 593 2449 grescant
610 2405 648 2438 et
671 2401 788 2438 crines
808 2400 944 2450 crispos
963 2399 1074 2438 maxi-

423 2471 481 2494 me
509 2457 602 2493 inter
627 2470 751 2493 omnes
780 2457 941 2494 homines
963 2456 1074 2493 habe-

424 2517 506 2559 ant,
532 2512 607 2558 Vll,
627 2516 680 2553 70
699 2514 763 2550 cfr.
788 2512 849 2558 Ill,
872 2513 990 2553 10l.“

480 2568 521 2607 ἐκ
539 2571 608 2619 τῆς
625 2563 786 2619 α’ρχαίης
806 2563 995 2618 διεξόδου]
1018 2568 1073 2606 δι-

426 2622 558 2671 έξοδος
595 2625 789 2662 Herodoto
838 2628 893 2661 est
941 2637 1074 2670 cursus,

424 2685 555 2717 meatus
576 2681 659 2717 solis
679 2683 715 2717 in
737 2680 848 2728 coelo,
883 2682 940 2717 via
972 2692 1074 2729 quam

427 2736 476 2771 sol
493 2739 673 2784 percurrit,
692 2741 732 2773 ut
742 2737 896 2786 explicat
906 2737 1073 2785 Schwgh.

426 2791 462 2826 in
476 2790 563 2827 Lex.
583 2793 722 2830 Herod.
744 2807 772 2829 s.
793 2806 825 2829 v.
856 2792 953 2830 Alias
975 2793 1072 2829 vocis

426 2846 612 2895 notiones,
642 2853 812 2887 monente
839 2849 925 2897 Cr.,
954 2849 1076 2898 attigit

1131 774 1389 824 wyttenbaeh.
1411 776 1457 812 ad
1476 774 1568 811 Plut.
1589 772 1684 810 Mor.
1707 773 1736 819 Ι,
1755 775 1782 813 2

1130 846 1165 882 p.
1185 834 1277 872 973.
1310 832 1358 868 Et
1376 832 1470 868 cons.
1491 831 1630 867 Herod.
1651 830 1680 875 l,
1705 831 1780 871 196

1131 888 1217 936 ibiq.
1235 893 1326 924 nott.
1371 888 1470 924 Hinc
1494 888 1544 933 ll,
1567 886 1619 928 25
1649 884 1783 932 διεξιέ-

1131 959 1209 983 ναι.
1239 944 1348 980 Plura
1366 945 1466 982 dabit
1493 943 1557 981 Cr.
1584 943 1631 980 ad
1650 942 1781 980 Plotin.

1131 1015 1165 1051 p.
1191 1004 1284 1048 189,
1304 1001 1347 1036 Β.

1188 1086 1261 1134 τῆς
1282 1078 1441 1133 Λιβύης
1466 1080 1513 1121 τρὶ
1544 1080 1649 1132 ἅνω]
1687 1082 1783 1129 „Su-

1132 1141 1275 1193 periora
1287 1140 1374 1176 dicit
1393 1139 1460 1175 hoc
1480 1139 1558 1176 loco
1575 1140 1611 1175 in
1625 1144 1784 1176 austrum

1135 1210 1259 1243 versa,
1298 1196 1395 1232 unde
1434 1196 1563 1232 fluvius
1609 1195 1784 1232 maximus

1135 1254 1274 1303 Libyae
1289 1252 1326 1288 in
1348 1264 1444 1289 mare
1462 1251 1640 1289 borealei.
1661 1264 1692 1289 e.
1711 1263 1786 1288 me-

1139 1312 1384 1348 diterraneum
1404 1309 1536 1345 effluit:
1569 1308 1696 1354 sicuti,
1727 1320 1787 1345 ea-

1138 1368 1222 1404 dem
1267 1365 1394 1414 opinor
1444 1365 1585 1401 ratione
1634 1365 1787 1411 ductus,

1137 1435 1216 1471 cap.
1238 1423 1290 1461 26
1321 1418 1366 1458 τοὶ
1389 1417 1471 1458 ἄνω
1491 1423 1562 1469 τῆς
1585 1415 1787 1469 Εὐρώπης

1138 1475 1436 1526 septentrionales
1464 1480 1588 1525 partes
1619 1475 1787 1524 Europae

1137 1533 1260 1570 dicit.“
1298 1532 1464 1568 Bredow.
1494 1531 1514 1567 l.
1533 1532 1554 1568 l.
1585 1545 1670 1581 pag.
1692 1531 1786 1567 Xlll.

1137 1589 1198 1626 Tu
1218 1589 1310 1624 conf.
1325 1589 1433 1624 etiam
1445 1587 1591 1624 Aristid.
1605 1588 1635 1624 ll
1648 1601 1682 1637 p.
1694 1588 1787 1628 341.

1137 1645 1245 1688 Quod
1273 1645 1420 1693 quidam
1449 1645 1484 1680 in
1506 1645 1686 1681 Herodoti
1708 1643 1788 1680 loco

1137 1701 1307 1737 exhibent
1339 1699 1377 1744 ἐς
1406 1696 1454 1737 τὰ
1487 1697 1591 1745 ἅνω,
1644 1712 1687 1737 eo
1716 1712 1790 1736 non

1137 1770 1239 1806 opus.
1277 1756 1386 1792 Conf.
1406 1755 1451 1803 Il,
1475 1754 1539 1796 25.
1562 1757 1626 1797 26.

1196 1836 1250 1884 ὥς
1269 1836 1340 1889 μέν
1357 1853 1432 1877 νυν
1451 1837 1494 1878 ἐν
1515 1837 1700 1893 ἐλαχίστῳ
1724 1838 1791 1888 δη-

1138 1897 1280 1942 λῶσαι,
1321 1897 1403 1933 πᾶν
1437 1894 1607 1946 εἴρηται]
1639 1896 1660 1931 i.
1686 1909 1717 1933 e.
1750 1898 1793 1931 ut

1134 1954 1356 2002 paucissimis
1367 1952 1478 1988 verbis
1490 1965 1558 1988 rem
1570 1963 1697 1988 omnem
1709 1963 1792 2000 ape-

1138 2011 1249 2055 riam,
1297 2022 1324 2044 s.
1355 2012 1393 2044 ut
1421 2008 1623 2057 Schweigh.
1653 2008 1792 2045 reddit:

1138 2067 1191 2101 ita
1209 2065 1418 2101 brevissimis
1437 2064 1548 2101 verbis
1567 2077 1619 2100 res
1638 2067 1712 2101 tota
1734 2063 1793 2099 ‹le-

1139 2121 1279 2157 clarata
1303 2124 1363 2157 est.
1396 2120 1538 2163 Quibus
1567 2119 1792 2169 respondent

1140 2190 1203 2223 ea,
1233 2188 1327 2225 quae
1357 2176 1456 2213 initio
1485 2176 1636 2226 proximi
1664 2175 1790 2225 capitis

1138 2233 1331 2280 leguntur,
1373 2231 1520 2268 laudata
1549 2232 1595 2268 ob
1627 2231 1792 2268 infinitivi

1139 2302 1244 2326 usum
1267 2301 1287 2324 a
1306 2287 1440 2324 Matth.
1473 2287 1536 2323 Gr.
1559 2288 1623 2324 Gr.
1653 2285 1689 2338 ἓ.
1710 2287 1790 2328 569

1138 2358 1175 2395 p.
1199 2346 1324 2385 1069:
1356 2342 1408 2390 ὥς
1423 2340 1463 2382 δὲ
1476 2342 1518 2382 ἐν
1536 2341 1672 2382 πλέονι
1689 2339 1791 2396 λόγῳ

1141 2401 1396 2450 δηλῶσαι.-
1416 2399 1457 2437 In
1480 2413 1582 2449 seqq.
1606 2400 1716 2437 libros
1730 2412 1794 2438 ve-

1140 2461 1257 2494 tustos
1291 2457 1403 2493 secuti
1431 2457 1655 2506 reposuimus
1690 2452 1794 2502 εἰκὸς

1141 2527 1206 2562 pro
1229 2513 1323 2561 vulg.
1341 2509 1461 2560 οἰκός,
1494 2513 1594 2561 qnod
1608 2512 1724 2549 Gaisf.
1737 2525 1794 2550 re-

1140 2569 1264 2617 liquit,
1296 2570 1356 2618 qni
1374 2570 1471 2607 idem
1488 2568 1532 2615 ll,
1555 2572 1609 2610 22
1631 2568 1795 2606 ediderat

1144 2621 1256 2670 εἰκός.
1286 2645 1341 2652 -
1371 2626 1443 2662 Pro
1463 2621 1559 2663 κατὰ
1579 2620 1631 2674 ἥν
1652 2639 1740 2662 τινα
1757 2628 1794 2661 et

1141 2680 1211 2717 hoc
1240 2681 1316 2717 loco
1349 2686 1385 2718 et
1418 2681 1469 2728 ll,
1496 2683 1551 2722 86
1591 2681 1723 2717 Struve
1756 2680 1793 2716 in

1142 2738 1249 2786 Spec.
1282 2736 1435 2780 Quaest.
1465 2737 1513 2774 de
1545 2735 1689 2773 dialect.
1714 2735 1794 2772 He-

1140 2794 1219 2830 rod.
1250 2806 1284 2842 p.
1315 2792 1370 2834 47
1398 2793 1505 2830 scribi
1535 2791 1671 2830 mavult
1704 2785 1791 2830 κατ’

1140 2845 1293 2900 ἥντινα.
