1909 3228
621 243 836 282 CLIO.
892 244 920 283 Ι.

141 350 279 407 πολλὴ
308 350 445 406 λέγειν
460 366 468 374 ·

1313 249 1396 289 3239

528 354 617 395 τῶν
652 352 859 410 ’Ἄβαντες
896 354 974 410 μὲν
1016 355 1059 408 ἐξ
1093 355 1285 413 Εὐβοίης
1314 359 1395 401 εἰσὶ

144 429 224 474 οὐκ
253 430 448 487 ἐλαχίστη
477 436 632 486 μοῖρα,
688 437 802 476 τοῖσι
838 432 1001 490 Ἰωνίης
1037 435 1140 491 μέτα
1180 435 1283 479 οὐδὲ
1311 440 1391 481 τοῦ
1404 445 1449 479 50

112 508 393 565 δούνόματος
424 509 575 553 οὐδέν·
626 512 801 556 Μινύαι
831 513 875 557 ὁὲ
901 511 1164 570 Ὀρχομένιοι
1193 513 1394 572 ἀναμεμί-

138 605 285 643 χαται,
331 590 404 633 καὶ
442 592 674 647 Καδμεῖοι,
721 591 792 635 καὶ
830 591 1059 646 Δρύοπες,
1118 594 1191 637 καὶ
1226 595 1395 646 Φωκέες

84 808 283 846 honestiori
301 808 380 845 loco
397 811 516 845 natos.
545 807 629 845 Hoc
639 807 735 845 enim

82 865 150 900 sibi
178 864 303 901 volunt
330 864 460 901 verba:
507 858 671 903 κάλλιόν
698 879 735 903 τι

82 915 279 971 γεγόνασι.
338 920 429 957 Inde
450 919 548 957 haud
565 932 661 957 vana
678 921 732 956 vi-

82 977 188 1013 detur
210 975 431 1013 Dahlmanni
461 976 527 1023 (in
552 976 732 1014 Herodot.

80 1044 166 1082 pag.
187 1034 297 1080 115)
338 1031 517 1082 suspicio,
560 1032 732 1070 Herodo-

80 1092 157 1125 tum
200 1088 290 1125 haec
329 1088 564 1138 pronuntiare
608 1093 733 1126 contra

79 1143 304 1181 Hecataeum
323 1143 526 1192 Milesium,
554 1145 733 1194 simulque

79 1200 224 1238 Ionicae
234 1201 354 1249 gentis
364 1201 607 1249 arrogantiam
616 1214 733 1250 quan-

80 1256 165 1293 dam
188 1256 225 1293 in
255 1257 425 1294 iactando
455 1270 590 1306 genere
618 1257 730 1294 nobili

79 1312 276 1362 reprimere
298 1313 482 1361 voluisse,
511 1314 650 1350 summa
674 1314 729 1350 in-

79 1369 128 1405 de
147 1369 231 1405 cura
249 1381 312 1406 eos
330 1373 601 1414 recensentem,
625 1369 655 1405 si
667 1369 729 1418 qui

78 1425 203 1461 forsan
223 1424 315 1461 alius
332 1425 454 1476 stirpis
476 1425 603 1462 Ionum
619 1437 730 1475 expe-

78 1480 205 1517 ditioni
246 1480 282 1517 in
318 1479 444 1518 Asiam
488 1481 729 1529 commigran-

77 1536 165 1573 tium
194 1537 439 1584 interfuerint,
476 1537 608 1586 quibus
632 1537 729 1575 inte-

77 1592 191 1641 gritas
216 1592 360 1631 Ionicae
387 1593 510 1644 stirpis
540 1593 729 1631 imminuta

77 1649 196 1687 fuerit.
251 1649 355 1687 Facit
403 1649 473 1687 huc
520 1662 667 1699 quoque
705 1662 729 1687 a

80 1704 146 1742 Cr.
176 1704 304 1742 citatus
324 1705 368 1742 C.
389 1706 436 1743 Ο.
448 1705 587 1743 Miiller.
607 1706 645 1742 in
656 1706 729 1744 Or-

79 1761 241 1798 chomen.
260 1773 346 1812 pag.
362 1762 443 1803 399
463 1775 556 1810 seq„
584 1762 647 1799 ubi
665 1775 730 1800 eos

79 1821 244 1854 recenset
287 1817 484 1864 Boeotios,
522 1817 729 1855 Cadmaeos

80 1873 158 1909 sive
179 1872 380 1910 Thebanos
398 1872 556 1919 aliosve,
577 1873 638 1921 qui
659 1874 732 1910 una

78 1941 160 1965 cum
193 1928 341 1965 Ionibus
371 1928 408 1964 in
426 1927 550 1964 Asiam
577 1929 732 1978 profecti

79 1984 163 2021 sint.
193 1983 254 2022 Tu
276 1984 369 2021 conf.
389 1984 616 2034 potissimum
635 1983 732 2021 Pan-

80 2040 206 2078 saniae
228 2040 348 2077 locum
378 2039 566 2077 classicum
585 2039 675 2088 VII,
704 2043 732 2082 2

81 2093 119 2146 ξ.
143 2099 169 2137 2
199 2096 278 2133 coll.
302 2095 392 2143 VII,
417 2097 444 2136 3
472 2094 509 2146 ὃ·
529 2095 566 2137 5·

133 2153 214 2190 τῶν
240 2148 433 2202 ’Ἀβαντες
470 2148 542 2202 μὲν
579 2149 620 2199 ἐξ
652 2144 734 2190 Ev’·

80 2207 252 2259 βοίηςκ.
273 2222 305 2246 τ.
326 2205 376 2258 λ.]
414 2207 607 2245 Consentit
637 2207 735 2245 Pau-

79 2264 200 2301 sanias
218 2264 242 2302 l.
263 2263 286 2302 l.
316 2263 487 2300 Primitus
508 2267 627 2301 autem
645 2262 735 2301 haec

81 2332 173 2369 gens
210 2333 254 2358 ex
297 2319 479 2357 Thraciae
523 2319 734 2368 regionibus

80 2376 244 2426 profecta
260 2375 298 2412 ‘m
316 2375 475 2413 Phocide
504 2376 612 2413 sedes
643 2375 733 2423 fixit,

82 2431 180 2469 uude
195 2435 280 2481 post
296 2431 334 2468 in
363 2431 552 2469 Euboeam
580 2431 732 2469 insulam

83 2486 323 2535 immigravit,
365 2491 512 2525 auctore
551 2487 734 2525 Strabone

85 2542 121 2579 X
140 2555 176 2592 p.
189 2544 294 2589 682,
315 2542 359 2580 Β.
379 2543 410 2579 C
423 2572 433 2590 ‚
453 2542 531 2581 coll.
547 2542 669 2581 Schol.
684 2543 733 2580 ad

84 2598 236 2635 Homer.
253 2598 292 2635 11.
315 2598 363 2645 II,
384 2597 489 2646 536,
517 2599 578 2636 ubi
598 2610 732 2636 nomen

85 2655 205 2703 gentis
222 2654 268 2691 ab
288 2652 420 2692 Alante
439 2667 551 2704 rege,
569 2654 734 2706 Neptuni

86 2709 160 2747 filio
179 2709 362 2774 repetitur.

143 2760 305 2804 Μινύαι
322 2759 384 2805 δὲ’
388 2762 621 2818 Ορχομὲνιοι
638 2759 735 2804 α’να-

87 2820 320 2873 μεμίχαται]
360 2821 462 2860 Libri
496 2834 622 2859 omnes
651 2816 734 2874 Ὀρ-

88 2878 329 2929 χομενίοισιῑ
359 2879 458 2928 quod
486 2891 566 2917 cum
584 2890 734 2930 pravum

803 820 886 845 esse
910 812 1052 859 pateat,
1082 808 1249 848 Palmerii
1278 814 1450 850 emenda-

802 864 853 900 tio
874 878 971 901 nunc
991 865 1026 901 in
1047 869 1182 904 textum
1201 874 1347 918 lecepta
1373 874 1448 907 est:

801 915 1055 972 Ὀρχομένιοι.
1086 922 1248 972 Egregie
1271 925 1338 961 hoc
1361 938 1447 976 pro-

801 977 865 1014 bat
895 977 1098 1015 Pausaniae
1130 978 1230 1016 locus
1266 980 1448 1027 laudatus,

801 1033 863 1069 ubi
891 1033 929 1070 in
963 1034 1150 1082 gentibuS,
1181 1048 1274 1086 quae
1300 1036 1448 1074 Ionibus

800 1092 886 1126 tunc
924 1091 1160 1138 accesserint,
1216 1097 1449 1130 recensentur

798 1139 1046 1195 Ὀρχομένιοι
1061 1142 1222 1186 Μινύαι
1244 1149 1450 1202 συγγενείᾳ

798 1203 877 1240 τῶν
896 1198 1063 1253 Κόδρου
1077 1203 1234 1242 παίδων
1255 1204 1359 1253 (nam
1375 1206 1449 1242 Co-

798 1257 854 1294 dri
883 1256 1114 1296 Atheniensis
1143 1261 1240 1309 regis
1272 1260 1365 1298 filios
1391 1261 1449 1299 Io-

798 1325 884 1349 num
897 1315 1117 1364 expeditioni
1138 1317 1341 1364 praefuisse
1361 1330 1447 1355 con-

798 1370 903 1417 stat).
960 1370 1123 1408 Eosdem
1141 1371 1286 1420 Minyas
1309 1373 1450 1410 Orcho-

797 1425 937 1461 menios
957 1424 1076 1462 Teum
1092 1427 1290 1465 condentes
1309 1441 1448 1465 memo-

796 1484 853 1517 rat
887 1480 985 1518 idem
1013 1480 1100 1529 VH,
1132 1483 1158 1523 3
1189 1480 1225 1534 §.
1255 1485 1293 1524 3.
1351 1483 1447 1522 Add.

795 1535 872 1584 lx,
893 1538 948 1578 37
971 1536 1032 1574 fin.

851 1591 920 1631 καὶ
951 1588 1160 1645 Δρύοπες,
1190 1594 1260 1635 καὶ
1294 1594 1449 1645 Φωκέες

796 1643 1059 1700 ἀποδάσμιοι]
1108 1650 1278 1716 Dryopes
1312 1654 1448 1703 primas

796 1706 905 1743 sedes
951 1706 1137 1744 habebant
1182 1709 1276 1746 circa
1314 1710 1449 1747 Oetam

794 1765 979 1809 montem,
1009 1763 1199 1812 contiguas
1227 1765 1357 1802 Doridi
1374 1770 1446 1803 ter-

796 1830 871 1854 rae.
928 1817 1039 1855 Unde
1061 1819 1164 1856 eiecti
1188 1821 1225 1856 in
1250 1820 1449 1859 Phocidem

797 1873 898 1909 iuxta
913 1872 1135 1911 Parnassum
1152 1880 1314 1913 montem
1330 1890 1371 1914 se
1390 1890 1448 1914 re-

797 1932 991 1977 ceperunt3
1020 1942 1093 1978 qua
1113 1931 1209 1967 terra
1228 1930 1370 1978 relicta,
1401 1933 1447 1969 ab

798 1982 957 2021 Hercule
984 1984 1022 2020 in
1042 1984 1334 2035 Peloponnesum
1351 1988 1448 2025 ducti

803 2043 1025 2089 occuparunt
1052 2038 1200 2078 Asinem
1231 2045 1350 2080 terrae
1377 2042 1448 2080 Ar-

802 2094 948 2144 golidis.
1013 2095 1121 2133 Conf.
1152 2096 1302 2135 Homer.
1330 2097 1370 2135 Il.
1399 2098 1447 2147 H,

803 2151 896 2191 560.
928 2150 978 2187 Et
997 2151 1083 2189 inde
1103 2152 1251 2190 Ionibus
1270 2156 1447 2202 quosdam

802 2219 886 2244 sese
907 2207 1112 2246 adiunxisse
1132 2209 1169 2245 in
1184 2208 1307 2246 Asiam
1327 2215 1448 2248 trans-

801 2262 936 2311 vectis,
971 2263 1160 2302 verisimile
1187 2265 1328 2302 videtur
1355 2266 1448 2304 Lar-

802 2318 922 2356 chero.
980 2318 1070 2357 Post
1090 2333 1175 2358 vero
1190 2319 1303 2359 Asine
1317 2321 1447 2360 iterum

801 2374 905 2412 eiecti
942 2373 1112 2426 Dryopes
1144 2376 1251 2414 aliam
1282 2377 1319 2414 in
1350 2382 1448 2416 terra

799 2429 1029 2468 Messeniaca
1064 2444 1235 2482 accepere
1261 2435 1447 2481 regionem

799 2487 847 2524 ab
891 2485 1216 2535 Lacedaemoniis,
1269 2489 1447 2539 aliamque

798 2542 870 2580 illic
888 2543 1127 2581 condiderunt
1144 2542 1292 2581 Asinem
1309 2546 1447 2594 urbem,

801 2599 848 2636 de
866 2611 940 2647 qua
955 2598 1093 2637 Noster
1112 2599 1220 2647 VIII,
1241 2602 1307 2641 73.

855 2653 924 2693 καὶ
965 2653 1119 2702 Φωκέες
1174 2651 1443 2708 ἀποδάσμιοι]

803 2708 959 2757 Φωκέες
985 2715 1069 2748 sunt
1094 2711 1301 2749 Phocenses
1329 2714 1447 2751 Grae-

799 2766 876 2805 ciae
893 2771 1032 2815 terrae,
1059 2779 1082 2804 a
1102 2768 1231 2816 quibus
1251 2768 1355 2807 valde
1373 2770 1447 2806 dis—

800 2823 972 2861 cernendi
1022 2822 1063 2863 οῑ
1104 2822 1300 2870 Φωκαιέες
1340 2825 1445 2862 Iones

799 2878 867 2927 (de
894 2879 1022 2931 quibus
1052 2879 1145 2919 infra
1173 2880 1212 2928 Ι,
1236 2882 1315 2923 163
1341 2894 1444 2932 seqq.

1136 2938 1192 2979 22
1213 2937 1230 2959 '⁸‘
