1909 3228
725 215 939 256 CLIO.
994 215 1023 254 1.
1416 217 1500 256 349

124 334 220 380 153
244 330 486 387 ,,μωρεέιν,
534 325 591 378 ὥς
628 325 775 371 αὐτῶν
813 325 867 370 οὐ
912 324 1249 382 περιοψομένων.
1262 328 1287 349 “
1350 328 1496 369 Ταῦτα
1554 338 1828 396 ογτιιεοιοηςοπηῑιη

1550 377 1827 432 dm

1549 440 1650 467 batum
1695 439 1827 472 Persam,

1551 481 1625 499 auro
1685 472 1827 507 Pactyarn

1551 505 1681 536 Lvdum:

243 411 441 459 εἰπόντος
479 410 561 450 τοῦ
599 404 812 462 κήρυκος,
853 406 1018 462 λέγεται
1059 408 1209 460 Κῦρον
1248 404 1495 460 ἐπείρεσθαι

243 488 348 540 τούς
375 484 618 541 παρεόντας
658 487 701 528 οἱ
722 483 940 541 Ἑλλήνων
974 518 999 536 ,,
1012 486 1123 535 τίνες
1151 483 1294 535 ἐόντες
1322 484 1496 539 ἄνθρω-
1739 506 1828 539 redit,

245 584 355 620 ,,ποι
384 563 742 620 Λακεδαιμόνιοι,
771 563 845 607 καὶ
873 561 1000 607 κόσοι
1017 569 1207 621 πλῆθος,
1237 568 1372 608 ταῦτα
1390 540 1827 608 ἑωυ-ὃῡξὲῑῗξῗῢῗῑῑῖἑιῗιῗξὲἶ

1612 607 1676 633 ibus
1727 615 1759 633 er
1785 607 1792 633 Ι
1815 622 1825 626 -

216 650 343 705 9,,τῷ
371 642 760 700 προαγορεύουσι.“
782 642 1122 697 πυνθανόμενον
1151 644 1196 687 δέ
1224 660 1324 700 μιν,
1361 644 1494 687 εἰπεῖν
1551 607 1653 676 &1³3⁰OE
1666 615 1812 669 salimus?

245 724 357 780 πρὸς
393 723 472 767 τόν
513 722 684 778 κήρυκα
719 720 798 764 τὸν
835 721 1136 779 Σπαρτιήτην
1192 723 1324 775 »Οὐκ
1359 721 1500 767 ἔδεισά

245 819 341 856 ,,κω
371 802 535 855 ἄνδρας
566 799 817 852 τοιούτους,
860 805 973 845 τοῖσι
1015 801 1101 844 ἐστὶ
1136 805 1278 858 χῶρος
1315 802 1362 846 ἐν
1390 803 1500 860 μέσῃ

244 884 330 937 ,,τῇ
359 879 482 923 πόλει
511 878 871 935 ἀποδεδεγμένος,
911 880 954 931 ἐς
989 880 1066 923 τόν
1095 879 1401 938 συλλεγόμενοι
1429 881 1507 926 ‹ik-¹

216 967 278 1013 3,,
290 958 449 1016 λη’λους
478 957 688 1015 ὀμοῦντες
717 959 966 1011 ἐξαπατῶσι.
995 964 1127 1013 τοῖσι,
1158 959 1215 1017 ἢν
1243 960 1325 1016 ἐγώ
1354 960 1499 1017 ὑγιαί-
1510 966 1555 1002 35

245 1056 368 1092 ,,νω,
398 1036 451 1083 οὐ
481 1038 535 1082 τοὶ
568 1035 731 1082 Ἰώνων
759 1037 904 1082 πάθεα
933 1038 1050 1082 ἔσται
1079 1039 1275 1096 ἔλλεσχα,
1314 1039 1422 1085 ἄλλα
1448 1041 1500 1084 τα

217 1117 467 1175 4,,οἰκήϊα.“
529 1121 676 1161 Ταῦτα
705 1118 747 1169 ἐς
784 1116 887 1168 τοὺς
925 1116 1090 1170 πάντας
1125 1119 1337 1177 ’Έλληνας
1367 1119 1499 1176 ἄπέρ-

248 1198 345 1254 ῥιψε
376 1196 400 1241 ὁ
431 1200 582 1252 Κῦρος
611 1196 663 1240 τὰ
692 1196 815 1249 ἔπεα,
844 1196 911 1241 ὅτι
940 1196 1101 1253 ἀγορὰς
1129 1199 1388 1256 κτησάμενοι
1407 1201 1502 1260 ὠνῇ

220 1285 292 1320 5τε
322 1277 395 1321 καὶ
422 1275 578 1332 πρήσει
605 1274 826 1332 χρέωνται.
866 1273 991 1321 αὐτοὶ
1019 1277 1102 1332 γὰρ
1132 1280 1175 1321 οἱ
1207 1279 1376 1336 Πέρσαι
1404 1279 1503 1337 ἆγο-

249 1360 351 1412 ρῇσι
380 1355 509 1399 οὐδὲν
539 1353 704 1400 ἐώθασι
730 1357 942 1411 χρῆσθαι,
993 1356 1094 1401 ου’δέ
1125 1358 1206 1413 σφί
1234 1358 1322 1402 ἐστι
1349 1358 1399 1403 τό
1426 1376 1503 1404 πα-
1515 1364 1561 1403 4ο

386 1574 660 1627 Cap.CLHL

248 1659 352 1707 τίνες
375 1655 502 1707 ἐόντες
525 1656 737 1711 ἅνθρωποι
759 1661 843 1698 Λα-

191 1712 435 1768 κεδαιμόνιοι
455 1732 490 1755 κ.
512 1731 544 1754 τ.
563 1715 615 1766 λ.]
647 1716 764 1753 Usum
783 1728 843 1752 re-

191 1773 290 1810 lativi
318 1773 542 1823 pronominis
573 1772 727 1808 illustrat
746 1772 845 1808 Mat-

193 1830 291 1867 thiae
312 1830 377 1866 Gr.
396 1828 462 1865 Gr.
485 1826 522 1878 ἓ.
547 1827 627 1869 567
660 1841 697 1877 p.
720 1828 841 1868 1118.

251 1906 301 1951 οὐ
328 1907 375 1950 w*
401 1906 546 1950 Ἰώνων
575 1905 711 1949 πάθεα
741 1909 845 1948 ἔσται

196 1966 426 2018 ἔλλεσχα,
464 1963 561 2005 α’λλτὶ
603 1963 650 2004 τοὶ
681 1962 841 2015 οἰκήϊα]

194 2026 218 2061 i.
237 2037 268 2062 e.
297 2037 395 2071 „non
415 2023 456 2059 de
476 2023 598 2060 Ionum
626 2022 844 2059 calamitati-

196 2081 258 2117 bus
285 2080 344 2117 illi
375 2079 693 2129 confabulabantur
723 2090 842 2115 verum

196 2136 237 2173 de
269 2138 342 2173 suis
368 2137 558 2184 ipsorumf‘
607 2136 733 2181 Quae,
765 2147 844 2171 mo-

196 2197 307 2230 nente
356 2192 568 2229 Schlossero
614 2190 842 2239 Universalg.

196 2249 268 2296 ]‚1
289 2262 326 2299 p.
340 2250 435 2295 290,
457 2249 504 2285 de
524 2247 844 2284 deliberationibus

197 2317 314 2354 aeque
341 2316 383 2341 ac
419 2305 467 2341 de
493 2303 844 2341 confabulationibus

199 2365 236 2398 et
250 2360 460 2410 quotidiano
483 2373 648 2398 sermone
677 2364 761 2396 sunt
789 2360 844 2395 in-

198 2417 405 2465 telligenda.
461 2416 534 2453 Pro
572 2415 725 2465 ἕλλεσχα
750 2415 844 2453 male

201 2472 286 2508 olim
309 2469 473 2522 ἅλεσχα,
502 2486 580 2509 cum
606 2471 761 2522 ἔλλεσχα
791 2472 843 2519 (i.

201 2540 232 2564 e.
257 2526 299 2566 ἐν
325 2526 439 2580 λέσχῃ
457 2525 668 2580 γενόμενα)
694 2540 737 2565 ea
762 2528 845 2576 sint,

202 2583 250 2620 de
269 2584 397 2632 quibus
415 2585 577 2621 homines
598 2585 692 2622 inter
712 2597 752 2621 se
772 2584 845 2621 col-

200 2638 415 2688 loquuntur,
445 2641 492 2677 de
511 2641 640 2689 quibus
667 2653 785 2677 sermo
806 2640 847 2677 fit

202 2695 296 2731 inter
331 2694 504 2732 homines.
567 2696 658 2734 Inde
693 2699 846 2745 περιλε-

205 2746 415 2800 σχήνευτος
433 2751 606 2789 hominum
624 2764 770 2789 sermone
790 2765 843 2789 ce-

203 2806 374 2853 lebratus,
414 2808 507 2844 infra
540 2808 595 2855 II,
639 2808 741 2854 135,
784 2809 846 2846 ubi

204 2863 437 2900 Grammatici
463 2864 641 2915 explicant
664 2860 845 2916 περιβόη-

910 1589 995 1624 τος,
1024 1571 1301 1629 περιλᾶλητος;
1342 1577 1429 1616 inde
1461 1573 1558 1629 πρό-

910 1634 1043 1683 λεσχος
1060 1634 1097 1670 in
1116 1632 1449 1684 Aeschyl.Supplic.
1462 1636 1556 1675 208.

911 1689 1020 1726 Conf.
1040 1690 1261 1739 lVesseling.
1291 1691 1339 1727 ad
1366 1691 1400 1728 h.
1416 1691 1438 1728 l.
1481 1691 1559 1728 Vo-

911 1745 990 1781 cula
1007 1744 1119 1796 λέσχη
1139 1746 1366 1796 colloquium,
1388 1747 1560 1798 confabu-

912 1800 1021 1847 latio,
1059 1815 1166 1838 sermo
1197 1802 1417 1852 familiaris,
1465 1804 1560 1840 infra

914 1856 969 1904 ΙΙ,
988 1858 1054 1898 32.
1088 1858 1160 1904 IX,
1189 1862 1256 1898 71.

970 1908 1168 1964 εἷπέῤῥιψε
1189 1912 1211 1952 ὁ
1225 1915 1360 1964 Κῦρος
1379 1909 1427 1952 τὰ
1448 1912 1556 1964 ἔπεα]

911 1962 1130 2018 ἐπέρριψε,
1159 1973 1199 2005 ut
1226 1968 1367 2007 Latini:
1398 1972 1560 2019 proiecit,

909 2025 1071 2061 iactavit.
1131 2025 1238 2061 Conf.
1256 2025 1350 2062 infra
1367 2025 1471 2074 VIII,
1491 2030 1558 2068 92.

966 2074 1084 2119 av'rol
1112 2077 1185 2131 γάρ
1214 2080 1255 2119 οἱ
1288 2080 1440 2133 Πέρσαι
1467 2079 1558 2134 οἰγο-

911 2138 1002 2190 ρῇσι
1022 2132 1137 2175 οὐδὲν
1159 2133 1311 2176 ἐώθασι
1333 2141 1509 2190 χρῆσθαι
1520 2154 1555 2178 κ.

908 2206 940 2230 τ.
962 2190 1009 2241 λ.]
1040 2193 1143 2230 Haec
1170 2194 1297 2231 eadem
1323 2195 1456 2232 Strabo
1481 2199 1557 2233 tra-

911 2249 982 2294 dit,
1013 2249 1082 2286 XV
1101 2262 1138 2298 p.
1167 2252 1273 2290 1067
1290 2278 1301 2296 ,
1326 2250 1370 2287 Β.
1399 2250 1479 2288 Nec
1497 2265 1555 2289 re-

908 2305 1069 2352 fragatur
1077 2305 1284 2354 Xenophon
1299 2306 1336 2342 in
1347 2306 1553 2357 Cyropaed.

909 2360 947 2406 I,
977 2363 1003 2400 2
1035 2359 1071 2411 ἓ.
1088 2362 1114 2401 3
1142 2362 1262 2399 sorum
1284 2362 1428 2411 quidem
1458 2365 1556 2413 apud

910 2416 1043 2454 Persas
1092 2417 1205 2454 fuisse
1258 2432 1557 2467 commemorans,

911 2486 1032 2510 verum
1050 2485 1117 2510 nee
1136 2473 1229 2521 tale,
1259 2474 1364 2523 quale
1378 2475 1485 2524 vulgo
1497 2489 1556 2513 re-

911 2530 978 2566 bus
1015 2529 1213 2566 vendendis
1250 2534 1359 2580 atque
1393 2533 1554 2569 emendis

913 2585 1155 2632 destinatum,
1188 2587 1254 2623 sed
1284 2587 1343 2622 ubi
1362 2586 1556 2625 liberaliter

912 2641 1062 2677 instituti
1072 2642 1234 2678 homines
1251 2643 1480 2680 convenirent
1490 2644 1556 2681 be-

914 2710 1031 2746 neque
1047 2698 1174 2734 morati
1194 2711 1260 2735 nee
1280 2699 1349 2734 nisi
1365 2700 1482 2749 proba
1511 2712 1554 2737 ac

912 2753 1010 2789 bona
1052 2754 1162 2790 verba
1195 2755 1412 2792 audirentur.
1471 2756 1556 2799 Quo

914 2809 1020 2846 etiam
1050 2809 1173 2846 alludit
1191 2809 1377 2860 Appianus
1408 2812 1455 2850 de
1473 2812 1554 2849 bell.

911 2865 1011 2903 civill.
1031 2865 1062 2901 Il
1081 2878 1168 2917 pag.
1188 2867 1280 2907 803.

1635 2805 1643 2822 Ι
