1909 3228
569 212 992 252 EUTERPE.
1043 213 1089 251 ΙΙ.

1364 213 1448 254 677

132 321 281 366 100}th
310 323 466 378 κόλλης
496 322 547 365 τὰ
579 322 717 366 πολλα
748 323 955 378 χρέωνται
969 319 1212 378 Αἰγύπτιοι.
1245 319 1501 362 ἐνθεῦτεν51

185 403 231 446 δὲ
260 402 605 457 παραδεξάμενοί
643 419 717 458 μιν
755 404 798 445 οἵ
841 401 1160 457 προσήκοντες,

1219 402 1446 442 ποιεῦνται

184 481 362 533 ξύλινον
379 481 520 524 τύπον
542 480 872 536 ἀνθρωποειδέα
887 494 895 503 ·
924 479 1212 536 ποιησάμενοι
1227 478 1293 529 δὲ,
1323 477 1445 531 ἐσερ-

182 565 310 616 γνῦσι
341 560 418 603 τὸν
447 560 624 615 νεκρόν·
673 561 745 603 καὶ
786 562 1145 615 κατακληίσαντες
1183 556 1320 609 οὕτω,
1358 562 1443 612 θή-

182 641 439 694 σαυρίζουσι
487 641 532 683 ἐν
577 638 777 696 οἰκήματι
823 640 1016 695 θηκαίῳ,

122 849 208 886 pag.
230 838 309 877 196
332 849 409 885 seq.
436 848 481 873 eo
504 836 649 885 quidem
670 835 771 873 incli-

121 897 207 939 nat,
244 897 283 928 ut
309 888 434 942 κόμμι
474 892 652 929 existimet
689 906 770 930 esse

124 949 261 996 gummi
283 946 498 995 Arabicum,
529 949 626 997 quod
641 950 676 985 in
701 949 773 986 Ae-

121 1009 237 1054 gypto
258 1005 435 1053 terrisque
453 1005 701 1043 adiacentibus
713 1020 770 1042 co-

121 1061 225 1111 piose
263 1062 436 1110 capiatur.
517 1061 593 1098 Sed
627 1062 770 1099 lollnius

119 1112 239 1167 κόμμι
267 1118 314 1153 ab
336 1117 573 1167 Aethiopibus
603 1118 672 1154 dici
704 1133 772 1168 pu-

119 1177 174 1209 tat
192 1174 364 1221 lacrymas
381 1173 503 1211 Tunae
516 1173 704 1221 Sarcolae,
721 1176 772 1212 ita

117 1234 158 1266 ut
182 1230 277 1266 illam
310 1231 520 1276 materiam,
558 1243 652 1279 quae
676 1244 772 1268 nunc

121 1285 327 1322 sarcocolla
349 1287 454 1334 vulgo
477 1292 642 1333 vocatur,
672 1301 771 1325 com-

117 1343 227 1380 mode
267 1343 440 1380 adhibere
479 1344 674 1392 potuerint.
714 1365 770 1371 ——

115 1397 206 1434 Mox
225 1395 344 1448 κόλλη
365 1404 419 1435 est
435 1399 567 1446 gluten.

172 1456 380 1493 ποιεῦνται
433 1451 595 1502 ξύλινον
639 1450 769 1494 τύπον

117 1504 457 1562 ἀνθρωποειδέα]
506 1512 528 1549 i.
557 1525 587 1549 e.
626 1525 768 1561 capsam

116 1568 364 1618 conficiendam
392 1573 517 1605 curant
548 1568 695 1605 hominis
711 1570 765 1618 fi-

114 1624 219 1673 gurd.
266 1624 340 1661 Ubi
362 1624 516 1662 observa
535 1638 637 1662 usum
658 1626 766 1662 medii

113 1682 214 1719 verbi
237 1683 466 1728 ποιεῖσθαι,
501 1694 607 1731 quem
639 1682 764 1729 attigi-

113 1750 191 1774 mus
220 1750 329 1787 supra
358 1737 395 1783 Ι,
416 1739 486 1778 31.
542 1733 670 1776 τύπον
695 1733 763 1776 α’ν-

112 1791 364 1843 θρωποειόέα
386 1793 559 1831 intellexit
577 1807 718 1844 capsam
735 1808 762 1831 s.

113 1863 232 1886 arcam
269 1849 316 1885 ad
343 1849 489 1886 hominis
510 1851 672 1899 figuram
692 1850 765 1899 effi-

114 1911 227 1951 ctam,
257 1918 405 1954 prorsus
428 1912 467 1942 ut
491 1907 589 1955 apud
610 1907 763 1943 Diodor.

113 1962 149 2008 l,
166 1964 230 2003 21.
260 1961 322 2008 IV,
343 1964 380 2001 6.
437 1961 559 2009 Atque
582 1963 764 2011 singulare

112 2020 297 2055 fabrorum
326 2030 442 2065 genus
470 2019 582 2056 fuisse
606 2021 761 2065 videtur,

112 2076 173 2124 qui
202 2074 404 2110 istiusmodi
433 2087 560 2124 capsas
592 2077 764 2122 facerent,

112 2136 149 2169 et
179 2131 325 2179 quidem
361 2143 403 2166 ex
432 2133 608 2178 sycomori
641 2133 763 2181 (quae

111 2187 220 2224 arbor
239 2192 292 2223 est
299 2188 396 2236 ficus
413 2190 582 2236 sycomori
594 2188 761 2236 Linnaei‚

109 2244 196 2281 Isidi
216 2242 335 2292 sacra)
358 2242 471 2292 ligno.
512 2243 622 2282 Plura
647 2245 763 2282 Creu-

110 2313 227 2337 zerus.

167 2355 370 2407 ἐσεργνῦσι
391 2353 460 2396 τὸν
479 2352 645 2409 νεκρόν]
676 2357 762 2394 Scil.

110 2410 149 2457 ἐς
179 2407 339 2458 ξύλινον
371 2409 497 2452 τύπον
528 2428 556 2450 S.
580 2414 616 2450 in
641 2426 761 2451 arcam

108 2467 275 2515 ligneam.

167 2524 454 2574 θησαυρίζουσι
496 2524 538 2564 ἕν
573 2520 760 2575 οἰκήματι

107 2579 292 2632 θηκαίῳ]
324 2581 345 2615 i.
369 2594 399 2618 e.
431 2582 629 2628 (inclusum
652 2583 761 2618 cada-

106 2638 187 2683 ver)
218 2641 385 2685 ¹reponunt
414 2640 451 2673 in
479 2638 668 2674 conditorio
703 2651 756 2673 se-

102 2691 287 2741 pulcrali,
325 2697 455 2729 rectum
484 2697 672 2730 statuentes
710 2694 758 2730 ad

101 2750 282 2797 parietem.
306 2749 518 2798 Elegantem
538 2763 641 2786 usum
657 2750 757 2786 verbi

104 2806 364 2855 θησαυρίζειν
382 2806 530 2855 exponit
542 2806 755 2843 Creuzerus.

107 2860 219 2904 Quod
245 2862 393 2913 proprie
415 2862 462 2900 de
486 2874 596 2910 auro,
623 2874 756 2911 argen-

1076 636 1268 688 ἱστάντες
1304 635 1443 691 ὀρθὸν

841 835 986 883 t0(11‚
1015 837 1091 877 121
1121 833 1157 886 ξ.
1185 834 1229 883 1)
1257 834 1408 883 aliisque
1429 833 1496 870 bo-

841 893 917 939 nis,
949 893 1055 930 etiam
1086 892 1150 938 iis,
1183 904 1278 940 quae
1306 890 1413 927 victui
1440 891 1495 926 in-

842 949 1030 995 senium,
1070 949 1257 985 servandis
1294 946 1495 984 adhibitum

841 1005 927 1042 inde
955 1006 1002 1042 ad
1034 1018 1076 1042 ea
1107 1005 1279 1050 refertur,
1311 1015 1495 1052 quaecun-

841 1075 912 1110 que
930 1090 940 1107 ,
972 1065 1012 1098 ut
1032 1073 1115 1098 cara
1142 1061 1246 1097 uobis
1269 1063 1304 1097 et
1319 1060 1493 1109 pretiosa,

839 1118 1028 1154 recondita
1062 1117 1225 1153 volumus
1274 1119 1493 1153 vetustatem

839 1176 947 1211 ferre.
977 1196 1032 1200 —
1061 1174 1203 1211 Verba:
1234 1171 1277 1211 ἐν
1307 1168 1494 1222 οἰκήματι

839 1230 1000 1282 θηκαίῳ
1031 1230 1060 1266 si
1094 1230 1240 1278 quidem
1268 1241 1356 1265 sana
1394 1232 1491 1275 sunt,

839 1287 924 1323 nihil
955 1287 1051 1323 aliud
1088 1286 1292 1335 significare
1324 1289 1491 1335 possunt,

839 1343 907 1379 nisi
935 1345 971 1379 in
1000 1342 1190 1378 conditorio
1220 1341 1312 1378 nulli
1345 1342 1413 1377 aliz·
1441 1343 1494 1377 rei

839 1412 943 1448 quam
963 1399 1048 1434 solis
1068 1399 1201 1435 arculis
1219 1398 1422 1447 recipiendis
1430 1397 1490 1434 de-

836 1457 969 1490 stinato
996 1455 1158 1504 reposita
1196 1455 1307 1491 fuisse
1335 1466 1492 1503 corpora

836 1511 1017 1548 medicata
1050 1510 1174 1548 loculis
1210 1510 1368 1557 inclusa,
1415 1510 1490 1547 sive

836 1568 895 1615 (ut
917 1567 1083 1617 Heynius
1108 1567 1202 1615 vult)
1237 1569 1274 1603 ιή
1301 1566 1374 1603 loco
1406 1580 1490 1616 qao-

835 1636 969 1673 cunque
992 1624 1195 1673 recipiendis
1216 1623 1338 1660 loculis
1358 1625 1488 1660 consti-

834 1683 890 1717 tui
907 1680 1025 1727 solito,
1047 1693 1093 1717 ne
1115 1680 1248 1717 scilicet
1270 1681 1412 1717 aedium
1429 1692 1488 1716 sa-

831 1738 946 1774 crario
967 1737 1214 1785 aedificiisque
1242 1737 1392 1787 privatis
1419 1736 1488 1773 hoc

833 1795 968 1830 sactum
987 1806 1067 1830 esse
1095 1793 1353 1830 existimemus.
1410 1792 1488 1828 Iam

832 1848 1000 1885 conclave
1029 1849 1098 1885 erit
1126 1850 1357 1897 cogitandum
1380 1861 1484 1884 arcu-

831 1905 947 1941 larum
975 1909 1230 1953 congestarum
1258 1905 1486 1942 multitudine

832 1962 1352 2010 distinctuminsignitumque.
1408 1961 1485 1997 Sed

831 2018 1017 2066 negotium
1073 2018 1220 2054 facessit
1268 2017 1485 2054 adiectivum

831 2077 1035 2123 θηκαΐος,
1095 2075 1193 2110 cuius
1239 2075 1297 2110 vix
1333 2072 1484 2110 alterum

832 2130 1035 2180 exemplum
1073 2131 1232 2179 reperias
1255 2159 1266 2177 ‚
1314 2142 1335 2166 a
1372 2127 1482 2179 θήκη

831 2187 967 2233 (arca,
997 2186 1129 2234 loculo,
1167 2188 1213 2223 cf.
1246 2186 1292 2222 ad
1320 2185 1373 2233 H,
1397 2186 1483 2233 67)

829 2243 1078 2280 derivandum.
1136 2243 1219 2287 Quo
1259 2242 1345 2278 illud
1380 2255 1482 2279 aece-

832 2300 905 2346 dit,
936 2300 1044 2336 binos
1070 2299 1179 2336 libros
1202 2312 1269 2350 pro
1303 2298 1481 2352 θηκαίῳ

832 2356 965 2393 offerre
996 2357 1201 2408 θήβαίῳς
1244 2355 1350 2403 quale
1377 2355 1480 2391 adie-

829 2413 959 2450 ctivum
978 2412 1076 2449 haud
1093 2416 1147 2449 est
1166 2411 1355 2447 insolitum.
1395 2411 1479 2447 Hoc

829 2469 859 2505 si
885 2469 1058 2518 recipias,
1088 2468 1272 2513 Thebaica
1296 2467 1398 2515 regio
1422 2468 1479 2503 in-

827 2525 1025 2573 telligenda
1048 2525 1132 2570 erit,
1162 2523 1312 2571 insignis
1325 2523 1381 2560 illa
1399 2524 1478 2572 qui-

828 2582 910 2617 dem
929 2594 970 2616 ac
1000 2582 1075 2618 fere
1103 2581 1274 2630 primaria
1293 2580 1479 2617 hominum

827 2637 1009 2686 sepultura
1050 2637 1275 2673 conditorum
1322 2637 1476 2685 ipsoque

825 2695 895 2730 deo
928 2693 1096 2741 primario
1143 2693 1287 2730 Osiride
1323 2696 1358 2729 et
1385 2693 1476 2729 reci-

823 2750 968 2800 piendis
1003 2762 1192 2799 procerum
1228 2761 1270 2785 ac
1306 2749 1474 2786 ditiorum

824 2806 1086 2854 Aegyptiorum
1105 2805 1338 2842 cadaveribus
1358 2806 1474 2843 medi-

822 2862 911 2900 catis
928 2861 1153 2913 potissimum
1171 2861 1362 2900 destinata.
1420 2861 1472 2899 Ut
