1909 3228
650 150 1171 189 EUTERPE.II.
1390 152 1471 191 791

209 258 311 304 οὔτε
341 259 498 310 νυκτὸς
528 257 724 312 ἀνιέντα,
766 260 809 310 ἔς
846 276 889 303 τε
925 259 978 304 τὰ
1018 259 1112 304 ἕλεα
1152 260 1225 303 καὶ
1252 259 1304 303 τοὶ
1335 258 1467 304 ἄλσεα

207 339 519 395 πλανώμενον,
560 340 632 383 καὶ
664 342 735 382 ἴνα
764 339 1037 384 πυνθάνοιτο
1070 338 1180 383 εἶναι
1209 344 1287 395 γῆς
1317 338 1471 395 ἐνηβη-

179 418 339 474 5τη’ρια
370 418 698 475 ἐπιτηδειότατα.
758 423 894 461 ταῦτα
933 420 978 462 δὲ
1016 420 1281 476 ἐμηχανᾶτο,
1328 417 1471 462 θέλων

5 517 8 584 ἶ
206 501 252 540 τὸ
283 498 494 554 μαντήϊον
523 497 794 552 ψευδόμενον
826 497 1054 548 ἀποδέξαι,
1095 500 1166 541 ἴνα
1199 500 1242 542 οῖ
1272 497 1471 542 δυώδεκα

2 663 4 677 .

0 729 3 795 3
82 738 181 783 134

207 577 298 620 ἔτεα
328 576 423 620 ἀντὶ
447 580 490 630 ἓξ
523 578 650 621 ἐτέων
670 577 865 633 γένηται,
899 579 944 620 αἱ
963 577 1116 628 νύκτες
1137 577 1291 634 ἡμέραι
1313 576 1465 621 ποιεύ-
1477 580 1523 616 40

204 672 341 712 μεναι.

288 737 524 790 Πυραμίδα
553 735 598 778 δὲ
628 735 701 778 καὶ
731 729 858 785 οὗτος
888 732 1115 778 ἀπελίπετο
1145 733 1308 778 πολλὸν
1336 733 1461 778 ἐλάσ-
1518 734 1654 771 Pyffimss
1688 737 1724 765 θ’)
1759 746 1795 765 ²⁰

1519 771 1641 798 relicta:
1680 780 1795 804 errare,

1515 805 1566 844 qui
1584 813 1647 831 eam
1675 792 1795 832 Rhodo-

202 825 262 858 σω
291 819 371 857 τοῦ
399 813 584 869 πατρὸς,
621 813 780 857 ἐείκοσι
808 815 957 856 ποδῶν
986 813 1286 857 καταδέουσαν
1314 817 1458 857 κῶλον
1517 847 1561 874 p„
1579 838 1794 870 esseesedam,

197 1004 264 1027 και
305 1005 370 1028 ινα
406 984 656 1027 πυνθάνοιτο
694 984 796 1027 εἶναι

141 1047 213 1097 γῆς
226 1041 468 1096 ε’νηβητηρια
489 1043 588 1083 έπιτι
590 1040 792 1095 Ῑδεώτατα]

141 1103 163 1138 i.
188 1115 219 1139 e.
243 1115 278 1138 ιιι
298 1114 502 1152 quacunque
520 1107 622 1151 parte
643 1104 794 1149 regi²0ms

140 1171 292 1195 secessus
318 1159 453 1207 ιἠἰιὶζίίιι,
446 1162 525 1194 eret
568 1171 637 1194 esse
666 1172 791 1195 ‘cucun—

140 1214 298 1252 ‹lissimos
315 1244 326 1263 ,
366 1188 563 1264 interprete
588 1214 792 1252 Valckena-

139 1272 214 1319 ri0‚
244 1272 305 1320 qni
325 1273 417 1310 bene
437 1276 559 1308 monet
581 1272 790 1308 addendum

139 1340 221 1365 esse
248 1329 341 1379 γῆς,
382 1329 480 1376 quod
508 1327 615 1375 vulgo
653 1327 790 1375 aberat,

137 1383 311 1432 quodque
339 1385 414 1421 iure
443 1384 594 1420 inseruit
619 1383 787 1431 Schwgh.

136 1439 246 1476 Conf.
273 1440 427 1488 Gregor.
450 1439 614 1476 Corinth.
638 1440 683 1475 de
703 1439 787 1475 dial.

133 1494 212 1532 lon.
245 1494 282 1546 ᾗ.
303 1497 368 1537 65.
425 1495 493 1532 Est
521 1508 606 1532 vero
634 1495 787 1543 iungen-

134 1552 221 1588 dum
248 1551 315 1590 ἰ’να
342 1553 436 1603 γῆς,
468 1556 506 1588 nt
537 1552 572 1599 Ι,
595 1553 659 1592 98.
691 1553 785 1592 213.

132 1606 185 1655 II,
219 1611 298 1649 172
329 1613 397 1646 etc,
463 1607 572 1644 Plura
611 1607 786 1644 Valcken.

133 1664 182 1700 ad
202 1664 235 1700 h.
256 1663 278 1701 l.
271 1692 299 1711 .‚
330 1665 393 1714 qui
411 1659 652 1715 ἐνηβητήρια
674 1665 787 1701 inter-

132 1724 311 1785 pretatur:
359 1720 473 1769 „loca
492 1735 610 1775 προς
648 1717 786 1758 ἀνεσιν

133 1773 200 1813 καὶ
220 1769 439 1814 ἀπόλαυσιν
462 1777 502 1814 εὐ
528 1771 770 1824 πεφυκότα,-ς

132 1832 181 1869 Η.
194 1831 359 1869 Valesius
381 1833 542 1882 exponit.
573 1844 714 1868 (mloena
730 1832 785 1868 (Ιί-

131 1890 286 1924 versoria
314 1893 345 1925 et
377 1901 535 1925 secessus.
594 1888 786 1925 Gramina-

132 1945 191 1981 tici
240 1945 418 1994 explicant
476 1940 786 1995 ἔνευωχητήριας

133 2001 205 2037 vid.
228 2001 337 2049 gloss.
368 2001 509 2038 Herod.
530 2002 680 2048 Suidas,
710 2001 787 2037 Zo-

130 2068 237 2093 naras
270 2070 298 2093 s.
317 2070 350 2093 v.
378 2057 458 2094 coll.
488 2058 601 2105 Greg.
621 2057 785 2094 Corinth.

130 2113 178 2149 de
197 2112 279 2150 dial.
302 2113 379 2151 Ion.
404 2112 439 2163 ἓ.
455 2115 518 2155 65.
534 2115 623 2154 130.
644 2114 783 2151 Aelian.

129 2181 164 2207 n.
204 2181 237 2206 a.
275 2169 358 2217 XI,
399 2172 462 2211 10.
519 2169 782 2219 lVesselingius

129 2238 212 2262 cum
242 2225 339 2263 hisce
368 2226 554 2263 contendit
587 2226 663 2263 loca
683 2227 783 2263 volu-

122 2284 268 2331 ptaria,
300 2294 393 2331 quae
412 2283 512 2333 apud
542 2282 686 2319 Sallust.
708 2283 782 2320 Ca-

128 2337 179 2374 til.
204 2340 251 2378 11
276 2339 516 2386 inveniuntur,
535 2338 781 2377 Plaut.Poen.

128 2392 203 2441 ΠΙ,
226 2397 274 2440 2,
296 2394 372 2440 25,
393 2395 473 2432 alia.

188 2449 231 2487 αἱ
259 2445 397 2496 νύκτες
427 2449 572 2503 ἡμέραι
599 2446 782 2501 ποιεύμε-

132 2503 214 2556 ναι]
244 2505 302 2543 De
322 2511 503 2544 structura
531 2509 625 2544 conf.
649 2507 781 2545 Matth.

129 2561 194 2599 Gr.
217 2562 283 2599 Gr.
306 2575 391 2613 pag.
416 2565 524 2605 1108
548 2576 624 2613 seq.

287 2661 632 2712 Cap.cxxxnn

183 2742 327 2784 πολλὸν
347 2739 499 2784 ε’λιῖσσω
518 2748 589 2784 τοῦ
613 2743 778 2797 πατρός]

127 2801 212 2840 Vid.
241 2801 375 2840 Matth.
398 2802 463 2839 Gr.
482 2803 546 2840 Gr.
578 2815 664 2853 pag.
685 2802 779 2844 848.

864 1009 919 1016 -
944 986 1033 1025 Mox
1055 1000 1134 1024 cum
1157 987 1272 1024 Gaisf.
1293 987 1420 1038 scripsi
1448 986 1518 1027 εἐί-

863 1057 973 1091 κοσι,
1005 1049 1043 1080 ut
1061 1044 1116 1088 ΙΙ,
1145 1046 1220 1085 121
1250 1044 1328 1081 init.

920 1100 1063 1140 ἐείκοσι
1083 1101 1221 1139 ποδῶν
1248 1099 1517 1139 καταδέουσαν

861 1160 992 1196 κῶλον
1005 1156 1168 1196 ἕκαστον
1181 1159 1303 1207 τριῶν
1316 1155 1515 1208 πλέθρων]

860 1213 989 1252 Delevi
1029 1227 1109 1251 cum
1137 1213 1339 1262 Schweigh.
1377 1228 1517 1251 comma

861 1276 945 1321 post
966 1268 1257 1317 καταδέουσαν,
1288 1283 1354 1307 nec
1372 1271 1407 1306 in
1429 1270 1513 1308 reli-

860 1328 939 1375 quis
957 1328 1157 1376 quidquam
1188 1327 1400 1362 mutandum
1429 1339 1514 1364 cen-

857 1384 934 1431 sui,
964 1396 1045 1420 cum
1073 1383 1129 1419 hic
1156 1384 1231 1420 fere
1251 1382 1319 1419 loci
1346 1383 1512 1419 videatur

858 1452 939 1476 esse
978 1451 1103 1476 sensus
1123 1452 1131 1475 ε
1182 1438 1364 1487 „reliquit
1405 1440 1511 1475 etiam

856 1494 1119 1543 (Mycerinus)
1153 1494 1371 1544 pyramidem
1402 1495 1511 1531 multo

856 1554 1015 1588 minorem
1028 1564 1080 1596 ea,
1094 1564 1195 1599 quam
1210 1555 1312 1600 pater
1327 1550 1510 1601 (Che0ps;

855 1609 929 1645 vid.
956 1608 1007 1654 ΙΙ,
1031 1607 1111 1648 124
1129 1608 1252 1656 seqq.)
1272 1611 1508 1654 mtrem-erat,

855 1667 915 1701 ενι·
934 1666 1068 1712 ‘viginta'
1080 1664 1183 1712 pedes
1202 1666 1239 1700 in
1260 1677 1391 1713 quoque
1402 1664 1508 1701 latere

855 1721 1016 1766 deerunt,
1058 1733 1124 1768 quo
1156 1721 1269 1756 minus
1309 1719 1510 1769 (quodque

854 1776 966 1824 latus)
986 1779 1150 1812 trecentos
1164 1776 1267 1824 pedes
1284 1777 1509 1812 contz‘neret.“

854 1832 935 1870 Nec
951 1832 1054 1869 aliter
1067 1831 1183 1868 locum
1200 1831 1378 1869 intellexit
1389 1833 1506 1881 Zo'eg.

856 1889 903 1926 de
924 1888 1089 1926 obelisco.
1118 1901 1203 1937 pag.
1229 1889 1312 1929 389
1341 1893 1418 1925 not.
1437 1892 1506 1935 22,

854 1945 915 1982 ubi
946 1946 996 1982 sic
1024 1945 1202 1982 reddidit:
1248 1946 1368 1994 quovis
1402 1944 1510 1981 latere

855 2003 988 2049 viginti
1010 2001 1160 2051 pedibus
1196 2004 1421 2038 trecentorum
1445 2014 1508 2050 pe-

854 2057 936 2094 dum
958 2070 1118 2095 mensura
1141 2057 1337 2094 breviorem.
1389 2057 1508 2094 Oblo-

853 2115 974 2163 quitur
995 2114 1181 2151 Letronne
1215 2114 1251 2150 in
1274 2113 1418 2162 journal
1447 2114 1513 2151 des

854 2183 928 2207 saV.
952 2172 1059 2211 1817
1081 2183 1166 2220 pag.
1190 2170 1242 2211 50
1268 2183 1344 2219 seq.
1366 2175 1441 2206 tum
1461 2170 1508 2207 ob

851 2226 1005 2265 Diodori
1025 2226 1142 2263 locum
1168 2225 1201 2272 Ι,
1229 2225 1283 2266 64
1313 2226 1393 2273 (ubi
1414 2226 1506 2274 legi-

851 2296 951 2320 mus:
967 2298 1038 2333 της
1060 2279 1132 2333 μὲν
1148 2279 1221 2334 γάρ
1243 2277 1434 2333 βασεως
1416 2278 1504 2320 enof-

852 2351 948 2390 στην
969 2336 1144 2390 πλευραν
1156 2334 1404 2389 υπεστήσατο
1414 2336 1502 2377 πλέ-

850 2400 965 2447 θρων
984 2396 1126 2446 τριῶν)
1153 2399 1230 2432 tum
1257 2396 1303 2432 ob
1322 2408 1502 2444 gramma-

850 2453 940 2489 ticas
961 2453 1132 2498 rationes,
1149 2464 1243 2500 quae
1261 2453 1406 2489 minime
1423 2464 1503 2489 eam

849 2509 1034 2558 patiantur
1052 2508 1208 2558 ellipsin.
1239 2522 1262 2545 κ
1281 2508 1418 2547 ποδῶν
1435 2523 1503 2546 κα-

849 2562 1088 2611 ταδέουσαν,
1121 2579 1191 2610 ως
1221 2560 1294 2615 μὴ
1327 2560 1502 2603 εἶναι

849 2623 971 2672 τριῶν
990 2619 1175 2672 πλέθρων
1193 2635 1216 2658 κ
1229 2635 1281 2659 ατ
1294 2636 1317 2659 α
1339 2619 1500 2660 ἕκαστον

848 2679 988 2716 κῶλον.
1018 2677 1145 2726 ltaque
1162 2676 1245 2715 olim
1259 2677 1309 2714 sic
1329 2677 1501 2743 scriptum

849 2734 959 2771 fuisse
991 2733 1213 2785 suspicatur:
1252 2735 1326 2773 τοῦ
1356 2728 1502 2785 πατρὸς

849 2806 925 2842 ΣΚ
943 2804 1081 2844 ποδῶν
1099 2802 1378 2844 καταδέουσαν.
1417 2803 1498 2842 Nec
