1909 3228
660 228 878 268 CLIO.
938 229 965 267 Ι.
1360 231 1443 272 423

183 337 260 381 νέα
289 336 513 394 ποιήσειν,
561 337 669 381 ὥστε
708 343 789 383 τοῦ
825 341 984 382 λοιποῦ
1022 337 1095 382 καὶ
1122 338 1333 393 γυναῖκάς
1362 356 1439 395 μιν

153 417 415 469 3εύπετέως,
446 418 494 459 τὸ
524 416 634 472 γόνυ
665 416 720 461 ου’
749 417 1012 473 βρεχούσας,
1042 417 1338 473 διαβήσεσθαι.
1370 435 1437 474 με-
1449 426 1494 459 30

179 496 233 540 τὰ
262 496 306 539 δὲ
336 496 416 553 τήν
448 495 653 552 ἀπειλήν,
686 498 821 552 μετεὶς
850 496 929 552 τὴν
947 496 1014 539 ἐπὶ
1041 500 1285 553 Βαβυλῶνα
1312 496 1437 550 στρά-

179 588 344 627 τευσιν,
377 578 535 631 διαίρεε
562 576 641 632 τήν
672 575 878 631 στρατιήν
898 577 1005 630 δίχα.
1039 575 1193 619 διελών
1214 576 1281 628 δὲ,
1310 575 1436 619 κατέ-

176 671 287 699 τεινε
326 656 619 711 σχοινοτενέας
667 654 880 707 ὑποδέξας
928 653 1145 709 διώρυχας
1183 653 1434 710 ὀγδώκοντα

178 735 252 778 καὶ
288 734 444 778 ἑκατόν
479 732 585 788 παρ’
642 732 847 788 ἑκάτερον
885 731 932 775 τό
974 737 1112 787 χεῖλος
1146 733 1434 790 τετραμμένας

149 817 264 857 4τοῦ
291 813 470 857 Γύνδεω
500 812 643 856 πάντα
671 811 847 867 τρόπον.
901 809 1101 863 διατάξας
1131 812 1176 854 δὲ
1203 810 1281 855 τόν
1312 823 1434 866 στρα-

176 891 276 943 τόν,
321 890 526 947 ὀρύσσειν
556 891 731 935 ἐκέλευε.
782 889 854 934 οἶα
885 890 930 934 δὲ
976 889 1130 946 ὁμίλου
1168 894 1333 934 πολλοῦ
1363 891 1490 942 ἐρ-35

175 969 439 1026 γαζομένου,
488 969 613 1026 ἤνετο
643 970 721 1026 μὲν
750 970 798 1014 τὸ
828 970 981 1025 ἔργον,
1031 968 1148 1025 ὅμως
1176 968 1323 1025 μέντοι
1354 969 1433 1025 τήν

174 1052 353 1106 θερείην
381 1054 526 1093 πᾶσαν
563 1048 699 1093 αὐτοῦ
727 1048 862 1107 ταύτῃ
881 1049 1116 1109 ,διέτριψαν
1143 1047 1434 1104 ἐργαζόμενοι.

61 1131 154 1176 190
174 1129 250 1181 Ὡς
273 1129 318 1173 δὲ
338 1128 414 1172 τὸν
437 1128 614 1185 Γύνδην
634 1129 832 1186 ποταμόν
861 1129 1029 1173 ἐτίσατο
1050 1132 1224 1183 Κῦρος,
1255 1128 1298 1180 ἐς
1319 1144 1432 1184 τριη-
1490 1122 1586 1157 ⁰5¹⁰*
1605 1123 1763 1158 ¹¹³¹'5¹⁰¹¹³‘

120 1373 215 1410 equo
237 1372 361 1406 sacro,
392 1359 503 1409 copiis
529 1372 675 1408 quoque
694 1360 766 1395 suis

118 1430 166 1454 ne
194 1416 393 1461 accideret,
432 1415 600 1452 timuerit.
660 1416 765 1451 Conf.

117 1474 294 1510 Senecam
316 1473 362 1509 de
380 1472 434 1507 ira
465 1471 538 1517 Ill,
558 1474 609 1512 21
639 1472 768 1509 eadem

117 1532 358 1567 enarrantem.
399 1547 455 1554 —-
493 1526 534 1563 In
573 1540 676 1576 seqq.
718 1522 766 1565 οὕ

119 1581 336 1637 βρεχούσας
362 1596 441 1620 cum
460 1582 643 1633 plerisque
667 1583 767 1620 libris

118 1642 310 1679 edidimus.
363 1639 483 1688 Vulgo
516 1636 571 1691 μή
607 1634 771 1692 βρεχού-

119 1709 202 1744 σας.

174 1750 369 1791 κατέτεινε
385 1748 667 1801 -διώρυχας]
692 1752 714 1788 i.
738 1765 770 1788 e.

119 1811 261 1857 „tensis
278 1809 431 1858 funibus
449 1810 653 1845 monstravit
685 1808 771 1855 (de-

119 1866 296 1914 signavit)
315 1865 437 1914 fossas
458 1864 672 1900 ducendas.“
710 1863 770 1899 Sic

120 1921 481 1969 Schweighaeuserus
513 1921 549 1956 in
576 1919 666 1956 Lex.
692 1918 770 1955 He·-

121 1978 263 2023 rodot.,
293 1977 353 2012 ubi
381 1976 450 2012 hoc
479 1976 613 2012 dictum
646 1978 770 2011 monet

120 2047 207 2084 pro:
247 2031 414 2079 ύπέδεξε
447 2030 665 2083 διώρυχας,
702 2044 769 2068 κα-

121 2088 300 2135 τατείνας
344 2083 466 2134 αύτᾶς
504 2085 769 2138 σχοινοτενέας

121 2160 150 2183 s.
183 2143 377 2184 κατέτεινε
424 2144 628 2194 σχοίνους,
672 2141 770 2181 ’ὑπο-

121 2199 236 2248 δέξας
267 2196 460 2252 διώρυχας
491 2197 770 2250 σχοινοτενέας.

122 2258 164 2295 In
183 2271 284 2306 seqq.
306 2271 386 2294 cum
405 2257 573 2305 Schwgh.
604 2270 624 2294 e
646 2255 771 2292 Schel-

122 2314 227 2352 lersh.
247 2315 337 2350 libro
365 2313 529 2350 dedimus
562 2310 771 2362 τετραμμέ-

121 2385 194 2416 νας
213 2372 285 2409 τοῦ
300 2365 461 2408 Γύνδεω
483 2382 550 2419 pro
562 2371 635 2407 τοῦ
650 2363 770 2406 Γύνδ.

122 2440 277 2476 τετραμ.
305 2447 362 2454 —-
390 2421 521 2464 πάντα
539 2420 684 2476 τρόπον
714 2424 773 2470 (ut

123 2481 163 2529 I,
182 2484 290 2529 199)
325 2486 396 2519 est:
437 2494 713 2531 quaquaversum
742 2494 772 2517 s.

125 2537 275 2587 qualibet
294 2541 331 2574 in
350 2538 545 2575 de'rectz'one.

183 2589 248 2632 οἶα
271 2592 313 2632 δὲ
339 2616 384 2622 -
409 2590 525 2642 ἤνετο
548 2590 619 2641 μὲν
647 2589 692 2630 τό
713 2591 770 2643 ἔρ-

124 2649 221 2701 γον]
256 2650 315 2687 De
329 2645 394 2688 οἷα
414 2649 456 2688 δὲ
483 2654 567 2686 ante
592 2649 770 2697 genitivos

126 2706 311 2742 absolutos
348 2719 439 2754 quos
468 2709 620 2751 vocant,
648 2705 771 2740 notavi

126 2763 307 2812 quaedam
344 2762 391 2797 ad
430 2760 609 2798 Plutarch.
640 2759 768 2808 Pyrrh.

126 2833 163 2869 p.
177 2820 268 2859 176.
281 2839 335 2845 -—
346 2814 461 2868 ἤνετο
480 2830 502 2853 a
521 2817 631 2853 verbo
644 2812 768 2862 ἄνειν,

127 2875 227 2925 quod
255 2874 340 2911 olim
379 2873 502 2911 dixere
525 2885 592 2923 pro
617 2866 766 2920 ἀνύειν,

1489 1165 1521 1183 os
1541 1158 1653 1190 praelio
1673 1159 1764 1185 victos

1487 1195 1518 1217 et
1535 1191 1564 1217 in
1577 1191 1676 1218 urbem
1686 1199 1763 1217 coin-

1488 1224 1588 1258 pulsos
1606 1245 1614 1258 ‚
1651 1224 1764 1252 frustra

1489 1257 1614 1286 obsidet.

832 1360 1018 1408 perficere,
1061 1358 1258 1404 absolvere,⁴
1298 1359 1396 1395 unde
1431 1357 1488 1396 vel

836 1416 904 1452 hoe
926 1415 1003 1451 loco
1025 1413 1105 1450 libri
1127 1414 1310 1461 nonnulli,
1341 1416 1402 1463 qui
1424 1428 1488 1450 an-

837 1472 975 1519 tiquum
994 1469 1137 1507 dicendi
1155 1483 1272 1518 genus
1294 1470 1342 1506 ad
1365 1470 1490 1519 vulga-

836 1540 913 1564 rem
940 1539 1143 1563 sermonem
1160 1526 1372 1576 plerumque
1402 1539 1490 1563 con-

837 1584 1015 1628 formant,
1037 1581 1206 1619 exhibent
1227 1577 1384 1632 η’νύετο.
1414 1581 1491 1619 Sed

839 1641 933 1677 conf.
971 1638 1151 1676 Herodot.
1178 1638 1271 1686 Vll,
1296 1641 1362 1679 20.
1392 1637 1490 1684 Vlll,

837 1699 891 1737 71
905 1695 1067 1744 aliosque
1078 1698 1267 1745 poetarum
1284 1694 1381 1732 locos
1392 1694 1493 1744 apud

838 1751 1121 1798 WVesselingium
1146 1750 1184 1786 in
1215 1755 1293 1787 not.
1325 1750 1374 1787 ad
1400 1749 1435 1786 h.
1467 1749 1492 1786 l.

839 1836 863 1855 „
877 1807 971 1843 Add.
991 1807 1127 1854 Odyss.
1144 1805 1201 1853 ΙΙ,
1228 1807 1283 1848 58
1310 1806 1401 1854 (ubi
1424 1819 1492 1842 κα-

838 1858 999 1913 τήνετο)
1028 1867 1064 1899 et
1093 1861 1262 1911 Apollon.
1284 1862 1374 1900 Lex.
1404 1861 1487 1896 Ho-

838 1919 956 1955 meric.
979 1932 1015 1967 p.
1040 1918 1131 1958 133.
1168 1917 1247 1955 Ast.
1271 1919 1318 1953 ad
1339 1917 1487 1953 Pindar.

838 1975 876 2010 in
901 1974 1163 2009 Commentarr.
1191 1972 1327 2021 philon.
1363 1972 1486 2021 Lipss.

837 2030 906 2066 vol.
926 2029 979 2075 ΙΙ,
1010 2033 1027 2068 1
1059 2041 1145 2078 pag.
1166 2028 1221 2068 24
1245 2042 1322 2077 seq.
1363 2028 1488 2070 Quare

838 2086 1055 2136 probamus,
1112 2084 1210 2132 quod
1258 2084 1293 2120 in
1329 2083 1490 2120 Platonis

840 2141 975 2189 Cratyl.
1007 2153 1091 2190 pag.
1111 2140 1215 2186 415,
1238 2138 1276 2176 A.
1305 2139 1489 2176 Heindor-

839 2199 905 2235 sius
934 2198 1048 2247 (pag.
1089 2196 1195 2243 105)
1232 2195 1358 2245 reponi
1388 2195 1488 2231 iubet

839 2251 949 2292 ἄνειν
972 2266 1038 2303 pro
1057 2246 1207 2289 α’νεῖν.“
1236 2251 1301 2290 Cr.
1335 2271 1386 2277 —
1417 2246 1487 2287 αύ-

839 2313 913 2349 τοῦ
939 2304 1061 2361 ταύτῃ
1093 2307 1233 2355 (eodem
1251 2307 1324 2343 loco
1348 2306 1485 2352 ibidem,

841 2380 877 2403 eo
897 2370 969 2416 ipso
987 2368 1023 2401 in
1044 2364 1142 2412 loco)
1172 2363 1391 2411 coniungere
1425 2375 1484 2399 so-

840 2423 889 2460 let
909 2421 1135 2466 Herodotus,
1165 2423 1203 2455 ut
1219 2419 1254 2465 Ι,
1275 2421 1367 2460 210.
1391 2418 1483 2458 214.

840 2479 911 2522 ΙΙΙ,
931 2482 996 2518 77.
1025 2476 1088 2523 lv,
1111 2478 1176 2517 80.
1197 2475 1298 2521 135,
1329 2475 1390 2510 ubi
1410 2474 1482 2510 vid.

839 2535 1053 2572 Valckenar.
1110 2531 1193 2567 Alia
1208 2531 1385 2579 quaedam
1403 2530 1482 2579 ipse

839 2592 923 2628 dedi
942 2591 989 2626 ad
1015 2588 1139 2636 Pyrrh.
1166 2598 1252 2636 pag.
1285 2585 1363 2626 144
1389 2598 1480 2633 seq„

839 2648 968 2696 quibus
990 2645 1074 2681 add.
1097 2642 1229 2681 Siebel.
1256 2642 1303 2679 ad
1321 2641 1477 2678 Pausan.

837 2704 869 2740 ll
882 2733 892 2750 ,
910 2704 963 2744 28
993 2700 1030 2751 ἓ.
1050 2702 1088 2740 7.

1030 2783 1063 2821 C
1074 2795 1095 2819 a
1105 2797 1141 2833 p.
1171 2781 1286 2820 CXC.

892 2869 933 2917 ές
954 2867 1179 2922 τριηκοσίας
1204 2863 1272 2906 καὶ
1289 2860 1481 2916 ἑξήκοντά
