1877 3223
658 212 958 255 cL10.1.

1354 221 1433 261 181

175 322 253 379 τὴν
281 323 526 379 συμμαχίην
556 322 771 376 ἐδέξαντο,
813 325 886 369 καὶ
915 324 982 370 ὅτι
1012 325 1059 370 ἐκ
1087 322 1265 369 πάντων
1293 326 1431 382 σφέας

146 403 416 457 Ξπροκρίνας
451 400 692 459 Ἑλλήνων,
746 404 913 458 αἱρέετο
952 405 1124 459 φίλους.
1183 404 1258 448 καὶ
1296 408 1429 449 τοῦτο

173 480 275 537 μὲν,
317 480 444 525 αὐτοὶ
484 476 596 538 ἦσαν
633 481 797 538 ἑτοῖμοι
826 482 1142 540 ἐπαγγείλαντι·
1201 486 1331 527 τοῦτο
1370 484 1487 537 δὲ,40

173 559 456 616 ποιησάμενοι
496 565 691 618 κρητῆρα
726 559 934 618 χάλκεον,
994 564 1159 616 ζωδίων
1197 578 1241 606 τε
1271 562 1428 615 ἔξωθεν

171 638 412 695 πλήσαντες
439 640 535 694 περὶ
564 639 612 683 τὸ
641 644 798 696 χεῖλος,
842 640 916 684 καὶ
945 639 1128 697 μεγάθεϊ
1154 642 1430 698 τριηκοσίους

173 718 394 774 ἀμφορέας
421 719 638 774 χωρέοντα
667 715 800 776 ἦγον,
842 721 989 775 δῶρον
1027 719 1287 778 βουλόμενοι
1316 718 1430 763 άντι-

140 803 162 838 3
173 798 327 841 δοῦναι
362 798 550 854 Κροίσῳ.

609 799 739 850 οὗτος
781 797 806 842 ὁ
846 798 1008 855 κρητὴρ
1051 797 1134 843 οὐκ
1178 797 1354 843 ἀπίκετο
1385 799 1427 850 ἐς

166 873 354 929 Σάρδις,
384 874 436 920 δι’
467 877 604 928 αἰτίας
625 877 829 933 διφασίας
847 876 1078 934 λεγομένας
1097 878 1247 922 τάσδε·
1281 880 1325 922 οἷ
1343 877 1423 933 μὲν
1436 880 1482 920 45

163 955 502 1010 Λακεδαιμόνιοι
531 954 728 1011 λέγουσι,
758 956 817 1007 ὠς
846 957 936 1000 ἐπεί
963 973 1008 1001 τε
1038 955 1250 1013 ἀγόμενος
1278 956 1320 1007 ἐς
1347 956 1423 1007 τὰς

165 1032 334 1088 Σάρδις
368 1033 391 1078 ὁ
421 1034 585 1091 κρητὴρ
615 1036 777 1091 ἐγίνετο
807 1034 916 1080 κατὰ
944 1035 1024 1093 τήν
1053 1038 1248 1092 Σαμίην,
1287 1033 1426 1078 πυθό-

166 1129 290 1170 μενοι
318 1110 481 1169 Σάμιοι
511 1112 741 1158 ἀπελοίατο
773 1113 929 1168 αὐτόν,
958 1115 1087 1171 νηυσὶ
1115 1118 1306 1171 μακρῇσι
1335 1113 1421 1157 ἐπι-

135 1191 424 1249 4πλώσαντες.

488 1191 614 1236 αὐτοὶ
652 1194 698 1238 δὲ
736 1193 897 1250 Σάμιοι
934 1193 1128 1250 λέγουσι,
1171 1210 1230 1244 ως
1259 1193 1350 1236 ἐπεί
1377 1209 1421 1237 τε

160 1269 407 1327 ὑστέρησαν
439 1273 483 1314 οἵ
510 1271 688 1327 ἄγοντες
717 1276 805 1315 τῶν
825 1275 1184 1329 Λακεδαιμονίων
1212 1270 1291 1315 τόν
1319 1288 1421 1327 κρη-

159 1353 290 1405 τῆρα,
333 1349 634 1392 ἐπυνθάνοντο
675 1350 720 1393 δὲ
748 1350 918 1404 Σάρδις
955 1367 998 1394 τε
1036 1352 1110 1394 καὶ
1148 1353 1344 1405 Κροῖσον
1374 1348 1476 1406 ἡ-50

157 1427 363 1481 λωκέναι,
394 1426 606 1472 ἀπέδοντο
636 1428 716 1472 τόν
744 1433 938 1484 κρητῆρα
967 1429 1015 1472 ἐν
1043 1428 1206 1487 Σάμῳ,
1242 1425 1419 1478 ἰδιώτας

159 1507 206 1551 δὲ
235 1506 399 1561 ἄνδρας
427 1507 692 1562 πριαμένους
718 1505 949 1551 ἀναθεῖναί
977 1524 1052 1564 μιν
1081 1507 1124 1558 ἐς
1144 1505 1194 1550 τὸ
1220 1503 1413 1560 Ἡραῖον·

152 1585 260 1641 τάχα
290 1586 335 1629 δὲ
366 1584 421 1629 ἂν
448 1587 522 1630 καὶ
561 1588 604 1630 οἱ
637 1584 900 1643 ἀποδόμενοι
930 1587 1117 1642 λέγοιεν,
1158 1583 1416 1641 ἀπικόμενοι

156 1665 198 1716 ἐς
232 1664 461 1721 Σπάρτην,
494 1663 552 1716 ὥς
583 1662 921 1722 ἀπαιρεθείησαν
954 1664 1042 1711 ὑπὸ
1073 1666 1272 1723 Σαμίων.
1305 1664 1415 1709 κατὰ

157 1742 236 1801 μέν
263 1760 346 1787 νυν
373 1744 452 1789 τόν
479 1749 674 1802 κρητῆρα
704 1744 843 1796 οὕτως
873 1745 978 1801 ἔσχε.
1423 1749 1468 1784 55

97 1957 188 1994 satis
234 1956 304 1993 sibi
348 1960 490 1994 constet
534 1955 745 1994 Herodotus

98 2012 234 2061 (qualis
258 2016 354 2050 certe
384 2013 432 2049 ad
460 2025 528 2048 nos
548 2008 744 2063 pervenit),

96 2070 254 2119 optimos
277 2081 442 2117 quosque
463 2068 573 2104 libros
591 2069 745 2118 scriptos

96 2125 210 2162 secuti
247 2137 381 2161 sumus.
429 2125 537 2161 Conf.
566 2128 746 2162 caeterum

95 2179 225 2218 Matth.
247 2181 312 2218 Gr.
331 2181 396 2218 Gr.
420 2193 507 2231 pag.
529 2183 622 2222 292.

153 2292 302 2339 ζωδίων
322 2306 363 2331 τε
390 2290 538 2338 ἔξωθεν
564 2286 744 2341 πλήσαν-

97 2350 181 2394 τες]
218 2344 356 2395 ζώδια,
394 2353 433 2384 ut
483 2349 574 2385 bene
622 2350 746 2384 monet

98 2404 310 2452 Schweigh.‚
334 2417 408 2440 non
425 2403 591 2440 animalia
617 2404 744 2440 dicun-

99 2462 177 2504 tur,
211 2471 334 2497 verum
375 2459 561 2498 cuiuslibet
602 2459 745 2507 generis

98 2513 257 2561 figurae,
310 2515 534 2562 animalium,
587 2517 744 2564 frugum,

98 2570 249 2615 flonm,
286 2575 352 2607 etc.
408 2572 491 2608 Hoc
527 2584 639 2609 sensu
667 2572 744 2617 ζῶα

96 2624 374 2672 inveniunturl,
400 2628 492 2667 203.
526 2627 582 2673 Il,
611 2626 649 2673 4,
683 2626 744 2663 ubi

96 2681 168 2716 vid.
193 2684 283 2717 nott.
309 2680 368 2718 Ad
394 2683 576 2719 meliorem
598 2682 667 2719 loci
688 2682 743 2719 in-

96 2735 347 2784 telligentiam,
376 2737 428 2773 sic
443 2738 506 2774 tibi
528 2738 645 2786 fingas
664 2738 742 2776 No-

95 2795 209 2829 strum
227 2793 433 2842 scripsisse:
468 2793 616 2840 ζωδίων
632 2809 742 2833 τε-

97 2843 317 2899 πλήσαντες
351 2846 433 2888 καὶ
468 2870 525 2877 -
549 2848 742 2902 χωρέοντα

814 1956 1010 2008 (κρητῆρα
1043 1949 1334 2007 ποιησάμενοι)
1364 1948 1465 2008 ἦγον

815 2013 890 2065 (τῷ
913 2011 1105 2065 Κροίσῳ).

870 2063 1085 2107 α’ναθεῖναί
1095 2082 1162 2117 μιν
1174 2066 1213 2113 ἐς
1231 2064 1274 2107 τὸ
1285 2065 1461 2117 Ἡραῖον]

813 2124 872 2163 De
892 2124 960 2161 hoe
990 2124 1126 2173 templo
1156 2124 1304 2160 laudant
1322 2124 1461 2161 Herod.

811 2180 883 2228 IV,
916 2182 979 2221 19.
1004 2180 1077 2226 VI,
1109 2181 1173 2220 81.
1203 2180 1273 2227 ΙΧ,
1305 2180 1371 2227 52,
1401 2179 1462 2216 ubi

812 2237 883 2274 vid.
906 2240 943 2273 et
960 2235 1247 2285 Apulei..F101-id.
1267 2237 1459 2286 pag-350.

812 2314 867 2321 -—-
888 2292 960 2335 Qui
989 2292 1026 2328 in
1058 2292 1112 2328 his
1142 2292 1260 2329 verbis
1285 2293 1461 2341 reperitur

811 2349 949 2385 subitus
991 2348 1162 2384 orationis
1202 2349 1372 2384 transitus
1422 2348 1459 2385 in

810 2404 973 2441 infinitivi
996 2408 1222 2451 structuram,
1248 2417 1326 2440 cum
1357 2407 1459 2441 ante-

811 2460 960 2498 cesserit
995 2457 1047 2504 ὥς
1075 2473 1154 2496 cum
1192 2460 1302 2496 verbo
1341 2460 1455 2505 finito,

811 2517 858 2553 ab
896 2516 1114 2565 optimorum
1145 2516 1357 2565 scriptorum
1388 2529 1457 2551 usu

809 2572 906 2608 haud
930 2571 1107 2608 abhorret.
1139 2572 1246 2607 Conf.
1268 2584 1363 2620 quae
1383 2571 1456 2608 dixi

808 2627 846 2664 in
862 2628 1033 2664 Creuzeri
1048 2626 1186 2664 Melett.
1207 2627 1252 2664 [Π
1264 2640 1299 2676 p.
1316 2629 1367 2668 12
1377 2640 1455 2675 seq.

864 2678 961 2733 τάχα
988 2681 1030 2722 δὲ
1069 2679 1118 2721 ἄν
1143 2682 1210 2721 καὶ
1243 2683 1284 2721 οἱ
1308 2677 1454 2728 &nodd-

809 2753 921 2791 μενοι
941 2753 974 2777 κ.
997 2753 1028 2777 τ.
1050 2741 1098 2784 λ.]
1128 2740 1222 2775 Sunt
1246 2738 1362 2788 ipsius
1378 2738 1455 2775 He-

806 2796 925 2833 rodoti
944 2795 1065 2842 verba,
1085 2795 1253 2831 iudicium
1269 2807 1372 2831 suum
1389 2795 1454 2831 ad-

807 2851 981 2899 iicientis,
1020 2863 1095 2902 quo
1127 2851 1291 2889 diversas
1326 2850 1454 2889 eadem
