1909 3228
552 210 634 250 AD
693 208 1267 259 HERODOT.11,17.
1586 213 1671 253 9⁰5

156 323 239 361 Vid.
259 322 392 362 Ritter.
412 323 604 362 Erdkund.
626 323 643 362 Ι
666 337 703 376 p.
726 322 808 366 853
828 327 866 363 et
882 327 973 364 nott.
995 324 1044 363 ad
1064 323 1204 363 Herod.
1222 322 1280 371 11,
1299 321 1337 364 5.
1384 320 1516 373 Neque
1533 324 1669 363 Strabo

155 391 325 429 dissentit
344 391 449 429 XVII
467 405 504 443 p.
524 395 606 434 788
628 406 655 429 s·
678 405 715 443 p.
740 394 870 441 1136,
893 392 942 430 D.
1000 391 1107 435 Quae
1125 404 1204 430 cum
1234 391 1284 428 ita
1302 391 1396 439 sint,
1425 390 1494 428 hoc
1520 393 1579 430 vix
1604 406 1669 432 ne—

156 460 234 506 gari
252 461 405 510 poterit,
425 460 604 510 primitiva
625 459 700 497 Nili
718 460 864 498 brachia
886 460 1053 509 ostiaque
1068 463 1154 510 post
1172 458 1371 497 admodum
1388 459 1499 496 fuisse
1517 464 1670 509 mutata,

156 532 230 564 tum
252 527 437 564 hominum
461 527 573 577 opera
600 531 710 577 atque
738 534 815 566 arte
845 528 989 565 canales
1013 528 1290 573 deducentium,
1325 530 1401 563 tum
1433 527 1544 576 ipsius
1571 529 1671 566 fluvii

155 595 305 641 natura·‚
334 595 431 631 uude
462 594 594 632 factum
622 599 700 643 est,
740 600 779 633 ut
796 597 873 646 ipse
895 596 1067 633 ostiorum
1096 607 1267 633 numerus
1291 594 1575 644 haudquaquam
1604 597 1671 634 sibi

155 673 299 712 semper
317 662 537 707 constiterit,
568 666 605 699 et
625 675 720 699 nunc
744 663 853 713 plane
873 663 978 701 aliter
998 663 1087 700 haec
1114 663 1186 700 sint
1217 662 1417 699 constituta
1445 668 1556 712 atque
1586 664 1670 701 olim

155 728 267 766 fuisse
301 729 515 779 accepimuS.
573 728 746 767 Veterum
775 732 989 782 scriptorum
1016 731 1115 768 locos
1144 731 1190 768 de
1222 729 1299 768 Nili
1329 731 1428 768 ostiis
1459 732 1530 769 iam
1553 732 1672 769 attulit

156 795 374 846 W'esseling.
397 797 444 834 ad
464 797 617 834 Diodor.
639 798 745 836 Sicul.
767 799 795 845 I,
815 800 889 844 333
922 799 1015 836 inter
1039 812 1129 848 quos
1144 798 1370 849 potissimum
1389 799 1526 836 consul.
1549 800 1672 838 Strab.

155 863 260 901 XVII
280 878 316 914 p.
336 867 413 905 801
441 878 469 904 s,
503 879 540 915 p.
563 866 693 912 1153,
712 867 743 902 Β
775 867 851 903 coll.
881 881 918 917 p.
940 870 1020 908 788
1043 882 1070 904 s.
1095 880 1132 917 p.
1154 868 1261 907 1136
1284 880 1361 915 seq.
1398 866 1491 904 Plin.
1509 867 1544 904 h.
1564 881 1600 905 n.
1624 868 1671 916 V,

157 934 220 973 10.
278 932 416 970 Nostra
438 938 560 971 aetate
588 935 634 972 de
655 934 730 971 Nili
762 935 861 971 ostiis
890 935 1101 985 conscripsit
1127 935 1175 971 du
1198 933 1443 982 Bois-Ayme
1471 935 1524 983 („
1537 950 1598 974 sur
1617 936 1670 974 les

154 1000 302 1038 ariciens
322 1001 496 1039 branches
514 1002 563 1038 du
582 1001 643 1038 Nil
664 1005 699 1039 et
731 1015 788 1039 ses
817 1002 1075 1040 embouchures
1101 1003 1192 1039 dans
1211 1002 1246 1038 la
1268 1014 1346 1039 mer
1358 1002 1412 1051 “)
1441 1003 1478 1039 in
1500 1004 1670 1056 descript.

156 1068 204 1105 de
223 1068 316 1118 l‘Eg.
336 1068 350 1105 1
371 1068 510 1118 antiqq.
534 1069 683 1117 (livrais.
706 1070 752 1118 3)
785 1082 871 1121 pag.
889 1073 971 1113 277
990 1083 1093 1122 seqq.
1121 1075 1158 1110 et
1182 1070 1215 1108 le
1241 1070 1335 1109 Pere
1360 1069 1439 1108 loco
1467 1072 1561 1110 infra
1592 1073 1670 1111 lau—

154 1136 279 1174 dando
303 1149 389 1187 pag.
415 1139 494 1177 118
516 1151 592 1187 seq.

268 1205 337 1242 His
357 1207 394 1242 in
420 1206 624 1243 universum
642 1205 808 1254 monitis,
837 1206 908 1244 iam
928 1208 977 1244 ad
1010 1206 1154 1256 singula
1180 1207 1298 1254 ostia,
1338 1220 1434 1257 quae
1456 1207 1669 1245 Herodotus

153 1279 353 1322 memorat,
383 1276 605 1311 accedamus.
663 1274 786 1310 Primo
814 1273 893 1311 loco
918 1275 1081 1312 nominat
1103 1275 1349 1322 Pelusiacum,
1374 1277 1474 1324 quod
1492 1276 1670 1314 orientem

154 1356 280 1381 versus
304 1343 524 1390 deflectens,
553 1343 621 1379 hac
640 1346 746 1392 parte
770 1340 930 1392 Aegypti
955 1343 1046 1380 fines
1078 1343 1188 1380 tutari
1219 1343 1490 1391 quodammodo
1514 1343 1669 1390 videtur,

154 1412 241 1448 satis
266 1411 385 1447 valida
401 1423 573 1460 aquarum
591 1409 695 1458 copia
716 1410 844 1446 fluens.
900 1409 942 1446 In
962 1411 1041 1461 ipso
1065 1424 1170 1447 cursu
1200 1411 1298 1446 fluvii
1325 1410 1410 1447 inde
1441 1422 1462 1446 a
1480 1410 1671 1447 Cercasori

152 1480 243 1517 urbe
259 1479 420 1515 nonnihil
441 1491 506 1528 per
524 1482 728 1526 temporum
751 1478 940 1514 decursum
960 1491 1042 1515 esse
1060 1482 1234 1514 mutatum
1256 1476 1444 1526 probabile
1468 1481 1547 1525 est3
1577 1477 1671 1514 alio-

152 1547 215 1596 qui
235 1547 331 1585 enim
355 1545 536 1584 conciliari
562 1548 769 1592 nequeunt,
800 1558 894 1593 quae
927 1547 973 1582 de
1001 1545 1074 1582 eius
1101 1558 1207 1581 cursu
1232 1558 1274 1581 ae
1302 1545 1376 1581 situ
1404 1545 1546 1582 diversa
1571 1546 1671 1595 apud

151 1618 291 1652 veteres
321 1617 546 1651 enarrantur.
606 1612 713 1655 Quae
743 1625 822 1648 cum
861 1614 909 1650 ad
942 1617 1107 1650 nostrum
1151 1612 1269 1649 locum
1301 1612 1418 1649 minus
1452 1614 1670 1662 pertineant,

152 1695 250 1719 nunc
269 1682 380 1719 missa
400 1682 583 1719 faciamus.
639 1680 761 1717 Hodie
788 1681 984 1718 exsiccatus
1011 1682 1088 1719 fere
1110 1686 1169 1718 est
1198 1681 1403 1718 Pelusiacus
1430 1680 1506 1718 Nili
1527 1681 1671 1730 fluvius,

155 1750 217 1799 qui
244 1749 328 1786 olim
350 1750 397 1786 ad
418 1748 598 1786 Pelusium
625 1749 751 1785 urbem
778 1761 877 1785 mare
903 1749 1083 1795 intrabat,
1113 1750 1285 1799 cuiusque
1317 1762 1458 1786 cursum
1489 1762 1584 1787 nunc
1609 1764 1669 1788 se-

155 1818 277 1866 quitur
297 1817 431 1854 canalis
454 1816 810 1865 Abou-Meneggeh
841 1820 955 1863 (teste
979 1817 1026 1853 du
1045 1816 1287 1865 Bois-Ayme
1309 1817 1330 1853 l.
1352 1817 1373 1853 l.
1399 1831 1435 1867 p.
1453 1820 1535 1858 279
1558 1818 1670 1866 seq),

155 1885 217 1934 qui
239 1885 315 1935 ipse
335 1885 478 1920 nonnisi
499 1884 605 1922 valde
624 1889 730 1921 aucto
748 1883 832 1920 Nilo
851 1888 1039 1932 terrasque
1056 1886 1265 1923 adiacentes
1289 1886 1487 1922 inundante
1508 1885 1670 1922 nonnihil

154 1965 273 2001 aquae
303 1953 429 2003 recipit
455 1956 491 1988 et
526 1964 642 2001 prope
676 1951 792 1988 lacum
818 1951 1012 1989 Menzaleh
1038 1952 1122 1990 limo
1146 1957 1182 1991 et
1209 1953 1320 1990 arena
1350 1953 1494 1989 obiecta
1520 1965 1668 2002 prorsus

153 2021 349 2057 evanescit.
408 2020 520 2056 Cuius
545 2020 595 2057 rei
617 2032 742 2056 causas
771 2024 808 2057 et
829 2020 916 2057 alias
937 2020 1093 2057 afferunt
1116 2025 1152 2057 et
1177 2020 1338 2057 canalem
1370 2020 1532 2069 inprimis
1558 2020 1669 2069 illum,

154 2087 216 2136 qui
236 2087 393 2124 Arabum
416 2092 533 2125 aetate
560 2087 597 2123 in
620 2088 736 2124 sinum
756 2087 949 2125 Arabicum
976 2088 1083 2124 suerit
1109 2089 1298 2126 deductus.
1356 2088 1464 2124 Conf.
1486 2087 1669 2126 Mannert.

154 2155 292 2204 Geogr.
313 2156 348 2192 d.
370 2155 435 2192 Gr.
456 2169 492 2192 u.
513 2155 620 2192 Ram.
643 2155 690 2202 X,
715 2160 737 2197 1
768 2170 803 2206 p.
827 2156 908 2198 552
929 2171 1005 2206 seq.
1034 2156 1189 2195 Rennel.
1207 2170 1336 2206 geogr.
1362 2156 1503 2193 Herod.
1531 2170 1566 2206 p.
1586 2160 1667 2198 621

154 2235 256 2272 seqq.
286 2223 417 2260 Ritter.
444 2223 637 2260 Erdkund.
667 2224 682 2260 Ι
712 2238 747 2274 p.
767 2227 860 2265 826.
906 2225 1023 2261 Multa
1055 2237 1203 2273 quoque
1236 2225 1304 2261 hac
1330 2225 1377 2261 de
1404 2237 1443 2261 re
1473 2225 1670 2275 disputavit

155 2290 360 2340 Champoll.
389 2290 482 2339 l’Eg.
509 2305 594 2328 sous
620 2291 641 2328 l.
662 2291 764 2342 phar.
796 2293 831 2329 ΙΙ
858 2306 942 2342 pag.
963 2296 987 2334 9
1009 2306 1113 2341 seqq.
1147 2295 1199 2333 12
1220 2305 1296 2341 seq.
1320 2291 1395 2337 243
1443 2291 1669 2329 Pelusiacum

155 2358 249 2395 enim
266 2359 451 2395 brachium
469 2359 565 2396 idem
584 2372 665 2397 esse
695 2360 799 2409 ponit
828 2365 936 2409 atque
958 2360 1225 2407 Damiatinum,
1257 2360 1356 2408 quod
1386 2373 1480 2397 nunc
1509 2360 1671 2410 appella-

153 2430 234 2472 tur,
265 2439 379 2475 usque
399 2428 447 2463 ad
476 2439 556 2464 eum
585 2426 721 2474 locum,
752 2428 814 2464 ubi
838 2429 1026 2465 exorditur
1053 2427 1185 2464 canalis
1203 2427 1337 2473 Moe23
1367 2441 1439 2477 quo
1461 2429 1540 2477 ipso
1559 2428 1671 2465 Pelu-

155 2494 291 2530 siacum
321 2494 502 2531 brachium
523 2495 749 2542 continuari,
788 2495 882 2532 infra
909 2495 1091 2532 Bubastiu
1123 2495 1250 2532 urbem
1290 2496 1326 2531 in
1363 2496 1436 2532 duo
1473 2496 1668 2533 dissectum

154 2561 322 2608 brachia,
351 2573 505 2609 quorum
537 2561 688 2598 alterum
713 2562 888 2599 orientem
917 2576 1039 2600 versus
1064 2563 1244 2610 dirigatur
1263 2561 1526 2612 (Pelusiacum)
1557 2564 1669 2613 inque

154 2640 253 2665 mare
287 2633 390 2665 exeat
419 2642 534 2679 prope
568 2629 712 2666 Thineh
739 2642 767 2665 s.
800 2629 1004 2677 Pelusium,
1041 2630 1214 2678 alterum,
1255 2630 1377 2667 Taniu
1406 2633 1668 2681 praeterfluens

154 2694 420 2742 (Taniticum),
462 2696 718 2733 recentioribus
745 2698 928 2745 cognitum
962 2698 1007 2733 sit
1029 2697 1174 2734 nomine
1211 2697 1342 2734 canaiis
1372 2697 1503 2746 Moez,
1545 2699 1605 2748 qui
1630 2699 1667 2735 in

156 2762 269 2799 lacum
291 2761 484 2800 Menzaleh
511 2764 664 2801 desinat.
722 2763 947 2802 Pelusiacum
975 2763 1158 2801 brachium
1185 2764 1281 2801 idem
1311 2766 1434 2802 scribit
1464 2779 1560 2803 nunc
1586 2766 1667 2803 reli-

155 2834 251 2867 ctum
273 2830 385 2867 ferme
406 2834 442 2867 et
459 2832 674 2870 exsiccatum
693 2844 774 2870 esse
796 2844 876 2870 eam
898 2833 945 2869 ob
966 2845 1109 2870 causam
1122 2862 1132 2880 ‚
1152 2833 1252 2882 quod
1273 2833 1448 2882 neglectis
1469 2833 1665 2883 aggeribus
