1909 3228
593 225 1104 266 EUTERPE.11.

1375 230 1459 269 525

183 333 274 385 3⁶59
303 332 406 378 οὐδὲ
433 334 547 386 εἰκός
588 334 672 379 οἷπὸ
711 335 856 391 χιόνος
885 352 959 391 μιν
990 334 1114 391 ῥέειν.
1171 337 1345 389 πρῶτον
1381 337 1458 391 μὲν

210 413 284 456 καὶ
310 412 510 469 μέγιστον
537 414 777 470 μαρτύριον
806 416 848 457 οἱ
877 414 1027 470 ἄνεμοι
1051 414 1322 470 παρέχονται,
1353 415 1456 457 πνέ-

183 493 336 542 4οντες
366 491 449 535 ἀπὸ
483 497 570 536 τῶν
597 493 774 548 χωρέων
810 494 1000 537 τουτέων
1027 495 1195 549 θερμοί.

1255 493 1456 547 δεύτερον

211 569 278 622 δὲ,
319 570 384 614 ὅτι
414 570 637 628 ἄνομβρος
666 571 692 628 ἡ
722 570 840 627 χώρη
878 573 951 616 aaz
991 570 1288 628 ἀκρύσταλλος
1316 575 1457 621 διατε-

153 784 262 834 (τάδε
290 786 414 828 πολλά
434 789 573 836 ἔστι).“
616 789 798 838 Equidem

152 846 238 882 nihil
273 848 484 882 mutandum
517 847 701 893 existimo,
733 846 797 883 sed

151 901 448 951 interpretatione
472 902 588 939 locum
619 902 798 939 illustran-

151 957 250 1002 dum,
280 959 376 994 cuius
394 958 449 995 hic
461 959 544 995 mihi
559 959 701 995 videtur
715 971 798 995 sen-

150 1026 228 1049 sus:
261 1013 415 1055 Quorum
424 1015 587 1064 pleraque
600 1015 711 1063 (quae
725 1014 796 1051 scil.

149 1070 196 1106 de
215 1068 289 1106 Nili
309 1070 526 1107 incremento
546 1072 583 1107 in
604 1071 695 1107 hanc
719 1071 798 1120 opi-

148 1125 293 1162 nionem
315 1126 565 1176 disputantur)
587 1126 676 1163 talia
704 1130 797 1173 sunt,

148 1184 189 1217 ut
210 1185 282 1218 viro
294 1203 338 1207 —
354 1195 393 1218 ne
403 1183 578 1232 probabile
591 1183 724 1232 quidem
742 1185 796 1219 ri-

149 1237 225 1273 deri
247 1240 377 1287 possit,
418 1238 542 1276 Nilum
576 1241 690 1289 fluere
717 1241 797 1276 m‘ve

148 1298 298 1330 auctum.
332 1316 379 1322 -—
412 1295 484 1333 Pro
508 1295 625 1343 οἰκὸς,
647 1297 746 1345 quod
759 1295 796 1332 in

147 1350 263 1386 Reizii
293 1350 455 1400 aliasque
492 1353 670 1388 editiones
708 1352 797 1388 irre-

146 1405 241 1455 psit,
271 1407 517 1457 rescripsimus
539 1405 658 1454 εἰκός,
679 1408 795 1443 omni-

146 1461 213 1498 bus
253 1460 351 1498 libris
389 1464 593 1512 probatum.
652 1462 795 1499 Eodem

145 1517 293 1554 consilio
322 1519 419 1555 ducti
459 1518 795 1557 Schellershemiani

143 1574 356 1611 auctoritate
378 1588 457 1612 cum
477 1575 796 1626 recentt.sc1ipsi-

144 1642 223 1666 mus
251 1628 423 1680 χωρέων
442 1645 508 1682 pro
528 1633 710 1683 χωρίων.

198 1681 257 1725 ’ὅτι
292 1683 493 1738 ἄνομβρος
531 1687 559 1737 ’ἡ
587 1688 693 1739 χώρη
729 1686 796 1726 καὶ

144 1736 458 1792 εἷκρύσταλλοςκ.
471 1760 502 1782 τ.
514 1743 562 1794 L]
596 1746 692 1782 ldem
708 1757 795 1794 pro-

143 1799 215 1834 felt
239 1798 388 1835 Diodor.
417 1800 438 1835 l.
467 1800 489 1836 l.
540 1802 616 1837 Sed
644 1800 794 1836 celsiora

143 1852 356 1904 Aethiopiae
377 1854 467 1901 loca,
496 1857 670 1892 montium
687 1869 794 1905 prae-

145 1910 267 1946 sertim
296 1912 480 1947 cacumina
511 1925 578 1948 nec
611 1911 691 1948 nive
726 1924 793 1947 nec

142 1965 319 2013 grandine
340 1971 448 2015 atque
469 1967 553 2014 gelu
574 1980 707 2013 carere,
729 1968 793 2003 be-

142 2034 188 2058 ne
206 2026 331 2058 monet
342 2022 556 2072 Wesseling.
571 2024 723 2060 testibus
740 2022 793 2058 al-

140 2076 247 2124 latis,
286 2079 415 2126 quibus
442 2079 510 2115 alia
544 2080 666 2116 adiicit
701 2078 794 2116 Lar-

141 2133 268 2170 cherus
297 2135 344 2170 de
368 2135 519 2184 pluviis,
550 2149 640 2184 quas
670 2135 715 2171 ab
734 2134 794 2170 Iu-

140 2190 200 2226 nio
211 2202 336 2226 mense
348 2190 432 2228 inde
444 2204 558 2240 usque
569 2193 617 2228 ad
627 2192 795 2241 Septem-

141 2246 241 2282 brem
260 2246 296 2282 in
306 2245 499 2296 Aethiopia
517 2248 646 2284 cadere
668 2259 794 2284 recen-

139 2301 248 2338 tiores
267 2302 515 2340 observarunt.
573 2303 696 2352 Atque
722 2304 794 2339 iam

140 2357 234 2394 inter
251 2362 392 2395 veteres
415 2359 575 2396 nonnulli
592 2360 715 2396 Nilum
727 2372 792 2395 au-

141 2414 218 2460 geri
245 2416 507 2452 contenderant
531 2416 704 2452 imbribus
730 2428 792 2452 ae-

142 2469 259 2515 stivis,
289 2482 382 2518 quae
400 2472 437 2507 in
450 2471 641 2521 Aethiopia
663 2471 792 2520 etqui·

141 2523 225 2560 dem
251 2527 443 2576 praecipue
464 2528 500 2564 in
522 2528 705 2564 montibus
726 2529 792 2565 de-

139 2580 274 2616 cidant.
335 2582 442 2619 Conf.
481 2583 652 2620 Strabon.
687 2583 792 2619 XVII

141 2648 228 2685 pag·
250 2638 370 2683 1138,
390 2636 434 2674 A.
452 2639 496 2675 Β.
520 2641 638 2685 1139,
656 2639 699 2686 B,
729 2639 790 2676 ubi

141 2691 392 2729 Eratosthenis
412 2693 501 2731 haec
521 2694 689 2731 laudatur
708 2708 791 2733 sen-

141 2749 264 2784 tentia.
292 2748 361 2784 Alii
378 2747 571 2800 Aegyptii,
601 2755 697 2788 teste
716 2750 790 2799 Ly-

140 2804 188 2839 do
210 2806 256 2841 de
274 2817 406 2841 menss.
429 2818 515 2855 pag.
538 2806 630 2854 264,
651 2807 695 2843 ab
712 2812 791 2845 ete-

140 2861 201 2898 siis
220 2862 446 2899 tradiderant
475 2875 600 2900 omnes
628 2864 743 2901 nubes
768 2878 788 2901 e

865 791 1107 839 superioribus
1154 791 1361 839 regionibus
1408 790 1514 827 meri-

865 847 959 883 diem
979 861 1104 884 versus
1127 847 1270 884 detrudi
1293 852 1327 883 et
1338 847 1421 884 inde
1434 859 1514 883 cum

865 904 984 950 gravis
1026 904 1147 954 pluria
1185 903 1349 949 decidat,
1390 903 1514 940 Nlum

864 964 1097 1005 exaestuare3
1126 963 1236 1008 atque
1265 959 1374 995 etiam
1396 960 1515 995 Thra-

867 1015 1002 1063 syalces
1016 1016 1173 1053 Thasius
1194 1028 1273 1052 eam
1296 1016 1414 1051 tenuit
1433 1028 1514 1051 sen-

864 1072 1035 1119 tentiam,
1073 1073 1119 1108 ab
1148 1072 1268 1108 etesiis
1298 1070 1421 1107 Nilum
1453 1083 1515 1107 ex-

863 1128 960 1163 trudi
987 1129 1179 1165 affirmans.
1212 1129 1305 1164 Cum
1334 1128 1427 1163 enim
1442 1126 1515 1163 Ae*

863 1184 1000 1233 thiopia
1029 1185 1212 1221 altioribus
1233 1184 1417 1220 montibus
1446 1182 1515 1220 cir-

864 1240 1050 1277 cumdetur
1073 1245 1183 1289 atque
1202 1240 1355 1290 excipiat
1383 1239 1512 1286 nubes,

864 1309 959 1345 quae
988 1297 1033 1333 ab
1074 1297 1195 1333 etesiis
1239 1296 1512 1346 protrudantur‚

863 1351 988 1389 Nilum
1015 1353 1193 1388 inundari.
1250 1351 1383 1400 Neque
1410 1352 1514 1388 aliter

865 1407 1104 1444 Callisthenes
1130 1407 1253 1444 Nilum
1274 1421 1311 1444 se
1334 1408 1514 1444 invenisse

864 1467 1023 1500 testatus
1047 1467 1126 1500 erat
1153 1476 1195 1500 ex
1222 1464 1368 1499 infinitis
1391 1463 1513 1500 imbri-

865 1519 930 1555 bus
960 1520 997 1556 in
1021 1519 1210 1570 Aethiopia
1242 1520 1329 1555 ortis
1367 1519 1512 1556 deferri.

862 1574 1001 1612 Nostra
1027 1580 1148 1613 aetate
1177 1577 1263 1612 satis
1290 1580 1513 1625 compertum

862 1631 1057 1679 habemus,
1113 1632 1149 1668 in
1198 1631 1327 1682 pluviis
1365 1631 1513 1681 tropicis

864 1699 959 1737 quae
978 1689 1147 1725 dicuntur
1165 1688 1296 1725 aMaio
1308 1701 1432 1725 mense
1452 1701 1514 1725 us-

863 1757 937 1792 que
960 1746 1007 1781 ad
1029 1745 1285 1794 Septembrem
1315 1746 1390 1781 fere
1416 1745 1513 1781 deci-

864 1801 1033 1836 dentibus
1064 1813 1184 1836 veram
1213 1800 1287 1836 Nili
1319 1800 1512 1837 crescentis

863 1859 901 1891 et
926 1856 1137 1891 inundantis
1163 1868 1309 1891 causam
1331 1868 1512 1903 quaeren—

863 1911 946 1946 dam
958 1924 1049 1947 esse.
1075 1911 1180 1947 Conf
1192 1911 1512 1948 Hartmann.E1-d-

860 1966 999 2003 beschr.
1021 1980 1054 2003 v.
1071 1966 1227 2016 Aegjpt.
1249 1980 1332 2016 pag.
1342 1970 1396 2009 92
1409 1980 1509 2016 seqq.

861 2024 927 2061 97.
968 2023 1127 2059 Heeren.
1159 2023 1270 2059 ldeen
1305 2028 1371 2060 etc.
1398 2023 1454 2070 ΙΙ,
1483 2026 1511 2063 2

860 2090 945 2127 pag.
963 2080 1016 2119 56
1047 2091 1122 2127 seq.
1147 2078 1225 2116 coll.
1251 2078 1385 2116 Ritter.
1414 2079 1511 2116 Erd-

860 2134 974 2170 kund.
1005 2135 1020 2171 I
1049 2147 1133 2184 pag.
1155 2134 1247 2175 835.
1305 2135 1363 2172 De
1392 2136 1508 2172 ventis

860 2190 1031 2226 nonnulla
1061 2191 1264 2227 monuimus
1297 2191 1345 2228 ad
1367 2191 1412 2238 II,
1443 2194 1508 2233 20.

860 2245 1039 2283 Referunt
1061 2247 1130 2284 huc
1149 2260 1307 2296 quoque,
1331 2249 1430 2295 quod
1439 2247 1509 2284 Ni-

861 2302 914 2338 lus
947 2303 1017 2339 iam
1044 2303 1204 2340 Homero
1226 2304 1354 2340 dicitur
1385 2304 1508 2342 διϊπε-

860 2355 949 2408 τῆς,
979 2362 1104 2396 auctus
1123 2359 1258 2396 scilicet
1281 2359 1414 2408 pluviis
1435 2373 1509 2397 coe-

859 2415 945 2451 litus
972 2415 1142 2465 delapsis,
1180 2420 1222 2451 ut
1246 2420 1394 2464 poetam
1422 2429 1508 2454 vera

859 2483 966 2508 causa
985 2473 1084 2508 fluvii
1105 2472 1201 2508 aucti
1227 2471 1322 2508 haud
1350 2472 1506 2509 latuerit.

858 2527 940 2563 vid.
968 2532 1081 2565 testes
1117 2528 1280 2564 Graecos
1317 2540 1338 2564 a
1373 2529 1505 2566 CreuZ.

858 2583 1025 2620 laudatos
1046 2584 1082 2620 in
1101 2584 1320 2620 Commentt.
1338 2584 1505 2622 Herodd.

857 2652 942 2689 pag.
966 2641 1148 2681 187.188
1164 2643 1237 2676 not.
1270 2640 1346 2676 Iam
1361 2641 1397 2676 in
1409 2640 1505 2679 clau-

857 2696 936 2732 sula
947 2695 1043 2732 haud
1053 2696 1373 2746 praetermittenda
1379 2697 1504 2747 Epho-

856 2752 886 2787 ri
904 2753 1080 2789 sententia
1097 2756 1133 2789 et
1150 2753 1231 2802 ipsa
1248 2765 1505 2790 commemora-

856 2810 892 2843 ta
911 2820 932 2844 a
957 2808 1061 2856 Lydo
1087 2807 1110 2844 l.
1142 2808 1164 2845 l.
1191 2820 1276 2858 pag.
1295 2811 1388 2850 265.
1418 2809 1502 2846 Vid.

854 2863 1006 2902 Diodor.
1037 2864 1109 2901 Sic.
1136 2864 1175 2911 Ι,
1204 2865 1261 2905 39
1298 2869 1335 2902 et
1364 2865 1502 2916 Ephori
