1909 3228
14 609 110 654 188

606 257 908 295 CL10.1.

1306 257 1390 300 419

135 369 398 419 ΚΕΡΔΙῙΣ,
447 370 567 410 OYK
596 369 688 409 AN
719 369 983 410 NEKPSZN
1008 369 1219 410 ΘΗΚΛΣ
1246 370 1391 410 ΑΝΕ-

135 449 329 490 ῼιΓΕΣ.
401 446 523 505 Αὕτη
557 447 638 503 μέν
677 463 762 489 νυν
801 445 827 503 ἡ
867 448 1062 504 βασίλεια
1112 445 1289 503 τοιαύτη
1326 461 1391 497 τις

135 525 299 581 λέγεται
324 526 538 581 γενέσθαι.

135 687 271 728 παῖδα
300 685 597 739 ἐστρατεύετο,
632 685 781 742 ἔχοντα
810 702 854 729 τε
881 689 961 729 τοῦ
989 685 1151 739 πατρὸς
1179 688 1261 728 τοῦ
1287 684 1390 728 {mv-

107 844 430 899 ΞΣτρατεύεται
469 846 515 889 δὲ
554 846 606 903 δὴ
646 844 848 903 βασιλεὺς
885 844 909 889 ὁ
939 845 1070 902 μέγας
1107 845 1181 888 καὶ
1221 846 1392 888 σιτίοισι

81 1052 168 1099 des,
189 1053 269 1103 pari
288 1054 364 1091 sere
385 1054 494 1090 modo
515 1052 626 1090 falsus
645 1054 734 1090 suis-

81 1122 122 1145 se
139 1114 304 1146 narratur
323 1114 432 1159 atque
454 1110 585 1147 Darius
608 1111 644 1145 in
666 1110 734 1147 Ni-

80 1166 189 1201 tocris
222 1165 401 1216 sepulcro.
459 1166 517 1203 De
553 1166 633 1202 Beli
675 1180 735 1203 se-

81 1221 225 1272 pulcro,
255 1224 354 1271 quod
381 1222 520 1260 Xerxes
552 1222 657 1258 simili
691 1235 734 1259 ex

80 1277 229 1316 consilio
242 1307 252 1325 ,
273 1291 341 1315 nec
360 1278 497 1315 meliori
515 1283 636 1315 tamen
655 1293 736 1315 suc-

81 1348 187 1371 cessu
214 1335 345 1383 aperiri
379 1335 503 1381 iussit,
531 1339 654 1371 auctor
679 1339 735 1372 est

80 1390 220 1427 Aelian.
240 1391 284 1426 V.
303 1390 350 1426 H.
374 1390 473 1435 XIII,
487 1392 512 1431 3
537 1390 614 1427 coll.
632 1391 733 1428 Ctes.

82 1447 249 1494 fragmm.
267 1446 422 1483 Persice.
447 1445 483 1496 ἓ.
506 1450 571 1487 21.

203 1530 234 1566 C
247 1542 268 1566 a
280 1543 316 1580 p.
347 1528 622 1568 CLXXXVIII.

136 1610 316 1664 τοῦνομα
343 1610 614 1665 Λαβυνήτου]
651 1614 736 1651 Ma—

81 1671 137 1720 gis
167 1671 336 1708 usitatum
365 1672 510 1719 quidem
543 1685 624 1709 esse
643 1668 735 1711 τοῦ-

81 1742 186 1778 νομα
216 1723 498 1778 Λαβυνήτου,
538 1729 603 1765 sed
636 1733 735 1765 retu-

83 1784 168 1821 lisse
195 1784 309 1820 videri
340 1784 569 1820 Herodotum
603 1784 735 1832 geniti-

82 1853 166 1876 vum
199 1840 247 1875 ad
274 1841 346 1878 τοῦ
373 1836 520 1889 πατρός
548 1842 619 1878 τοῦ
644 1838 735 1877 ἕωυ-

85 1898 158 1934 τοῦ
195 1900 320 1932 monet
349 1894 536 1932 Matthiae.
593 1895 654 1932 De
677 1908 736 1931 ar-

85 1957 259 2000 gumento
289 1951 356 1988 loci
395 1951 653 2000 disputavimus
688 1951 737 1987 ad

85 2008 123 2054 I,
146 2008 224 2049 185
246 2007 322 2044 init.
362 2007 444 2044 Hoc
466 2007 545 2044 loco
564 2007 651 2044 illud
671 2007 738 2043 ad-

87 2065 225 2110 dimus,
258 2063 606 2114 Labyuetz'nomen,
637 2063 737 2111 quod

87 2133 109 2157 a
127 2119 323 2158 Nabonedi
340 2121 487 2156 nomine
504 2119 600 2156 haud
620 2120 739 2156 diver-

86 2189 165 2214 sum
194 2177 342 2225 quidam
369 2176 516 2223 volunt,
553 2176 666 2212 videri
693 2175 738 2211 ti-

86 2232 199 2270 tulum
248 2233 369 2283 potius
405 2232 585 2279 indicare,
630 2244 738 2280 quam

85 2290 204 2339 ipsum
231 2289 326 2338 regis
357 2301 510 2333 nomen3
540 2288 740 2325 cuiusmodi

88 2345 178 2382 tituli
199 2347 297 2395 apud
318 2344 405 2382 alias
435 2344 585 2382 orientis
608 2348 737 2392 gentes

87 2402 328 2451 reperiuntur.
359 2402 435 2439 Sed
454 2401 525 2437 vid.
541 2400 570 2448 Ι,
589 2404 654 2441 77.
670 2400 736 2440 74.

147 2453 392 2506 στρατεύεται
422 2454 463 2495 δὲ
484 2454 533 2506 δή
557 2453 741 2507 βασιλειῖς

93 2510 113 2552 o‘
133 2511 250 2564 μέγας
273 2528 308 2551 κ.
329 2528 361 2551 τ.
382 2513 430 2563 λ.]
464 2513 655 2550 Persarum
683 2526 742 2550 re-

92 2582 177 2617 gem
199 2569 240 2615 (i.
254 2582 286 2606 e.
309 2582 473 2617 magnum
491 2570 624 2617 regem)
646 2569 742 2618 opti-

92 2625 158 2662 mis
187 2625 390 2674 quibusque
417 2626 503 2662 cibis
524 2637 565 2661 ac
584 2625 744 2674 potioni-

92 2682 160 2718 bus
190 2693 233 2718 ex
260 2681 358 2717 omni
384 2681 488 2729 regni
518 2681 571 2716 sui
608 2680 745 2717 ambitu

92 2737 302 2785 conquisitis
331 2737 400 2773 frui
410 2765 421 2783 ,
451 2737 496 2773 ab
519 2736 745 2773 orientalium

91 2793 293 2844 principum
329 2806 430 2830 more
460 2805 532 2828 non
564 2791 742 2829 abhorret.

92 2849 150 2887 De
199 2848 393 2887 Persarum
444 2848 588 2896 regibus
634 2847 744 2885 multa

95 2909 238 2943 exstant
276 2905 507 2952 testimonia,
547 2903 694 2941 collecta
723 2916 745 2941 a

240 603 290 648 ‘O
319 606 364 649 δὲ
394 606 446 662 δὴ
478 610 624 662 Κῦρος
653 607 722 650 ἐπὶ
762 605 920 663 ταύτης
958 610 1033 661 τῆς
1075 604 1282 660 γυναικὸς
1309 603 1386 649 τὸν

1440 607 1558 635 Invadit
1623 608 1719 644 Cyrus

1441 641 1627 676 Labynetum
1671 642 1720 676 [is

1445 681 1510 702 erut
1544 684 1563 701 a
1607 676 1720 702 Nitoerl

1445 713 1568 743 quartus
1595 712 1625 735 et
1651 709 1720 736 ulti-

134 768 216 807 τοῦ
250 763 445 820 τοῦνομα
471 764 734 822 Λαβυνήτου
763 767 832 809 καὶ
862 765 941 821 τήν
972 763 1213 818 Ἀσσυρίων
1242 763 1386 820 ἀρχήν.
1402 742 1720 835 1Οέἒὲιξιὲἔιῖἶῖἶὲἓὶ

1447 841 1625 873 „editionem
1654 850 1722 876 pro-

1447 875 1591 904 ficiscenti
1605 896 1613 910 ,
1629 874 1723 902 omnis

1447 911 1544 936 victus
1570 908 1655 936 domo
1682 908 1723 936 si-

1449 943 1509 971 mul
1522 941 1690 971 devehitur.

801 1053 990 1090 Brissonio
1016 1054 1063 1091 de
1091 1067 1166 1102 reg.
1189 1053 1331 1091 Persar.
1350 1053 1450 1104 prin-

803 1111 870 1160 cip.
887 1110 925 1156 Ι,
947 1112 1012 1151 87.
1042 1108 1138 1146 Add.
1159 1110 1317 1148 Heeren.
1336 1109 1450 1148 Ideen

804 1171 870 1204 etc.
892 1166 932 1213 Ι,
952 1169 973 1207 1
1005 1179 1090 1216 pag.
1113 1166 1206 1208 474.
1241 1166 1297 1203 Ex
1317 1167 1449 1215 quibus

803 1223 910 1259 etiam
936 1223 1090 1271 intelligi
1119 1223 1276 1273 poterit,
1305 1223 1452 1260 minime

801 1279 873 1327 legi
911 1292 1023 1329 posse
1067 1273 1113 1318 εὖ
1154 1277 1452 1329 ἐσκευασμένος,

803 1336 904 1384 quod
969 1335 1054 1372 olim
1120 1335 1178 1372 hic
1244 1336 1451 1384 requirebat

801 1391 1198 1438 Schweighaeuserus,
1226 1405 1305 1428 cum
1332 1392 1453 1429 Hero-

804 1447 910 1483 dotus
950 1446 1117 1495 loquatur
1154 1448 1201 1483 de
1248 1447 1334 1483 cibis
1373 1447 1453 1483 bene

797 1504 1025 1553 praeparatis
1041 1503 1187 1552 indeque
1195 1505 1346 1540 omnium
1362 1504 1454 1553 opti-

803 1561 869 1596 mis
888 1559 935 1596 ad
959 1559 1135 1596 edendum.
1174 1555 1356 1611 πρόβατα
1380 1572 1454 1608 quo

805 1628 913 1653 sensu
965 1616 1060 1652 dicat
1098 1615 1257 1664 Noster,
1299 1617 1454 1653 vidimus

804 1673 851 1709 ad
878 1672 917 1719 Ι,
942 1673 1032 1712 133.
1055 1692 1112 1699 —
1137 1672 1179 1708 In
1197 1673 1262 1719 iis,
1293 1685 1386 1721 quae
1406 1673 1453 1710 de

805 1728 973 1777 Choaspz's
1008 1730 1104 1776 aqua
1146 1729 1266 1766 retulit
1304 1728 1454 1775 Noster,

802 1785 1032 1821 consentiunt
1053 1784 1136 1831 alii,
1174 1785 1335 1835 inprimis
1365 1785 1456 1822 Cte-

805 1841 898 1886 sias,
939 1840 1000 1876 ubi
1028 1840 1162 1877 consul.
1207 1854 1301 1890 quae
1330 1840 1454 1877 notavi

804 1908 889 1946 pag.
916 1898 997 1937 226
1027 1909 1102 1945 seq.
1147 1895 1316 1945 Namque
1337 1897 1454 1933 Ham-

805 1964 924 1988 merus
957 1952 1078 1988 scribit
1101 1952 1156 1988 vel
1186 1952 1366 2001 hodieque
1398 1952 1454 1988 in-

804 2012 1014 2044 temeratam
1031 2009 1248 2045 remansisse
1268 2008 1456 2057 egregiam

805 2063 909 2099 huius
939 2075 1056 2111 aquae
1082 2064 1177 2110 vim,
1207 2076 1302 2112 quae
1324 2064 1457 2100 subfri-

806 2119 894 2168 gida
923 2120 1090 2168 quidem,
1121 2119 1224 2156 facile
1255 2124 1377 2157 tamen
1406 2120 1456 2157 ci-

806 2177 872 2212 bos
902 2180 1065 2224 praestet
1099 2181 1219 2212 coctos
1255 2187 1321 2213 nec
1350 2176 1457 2214 ullam

805 2232 1007 2268 fruentibus
1028 2231 1135 2268 faciat
1147 2231 1362 2279 molestiam,
1375 2246 1457 2270 cum

807 2288 854 2325 ad
883 2288 983 2338 ipsos
1027 2288 1124 2324 cibos
1176 2289 1457 2337 concoquendos

807 2357 982 2393 perquam
1002 2344 1047 2380 sit
1065 2345 1345 2381 accommodata.
1383 2344 1458 2387 Qui

806 2400 902 2437 idem
925 2400 1132 2450 Choaspem
1159 2401 1343 2437 contendit
1372 2414 1461 2438 eun-

809 2457 892 2493 dem
929 2470 1010 2494 esse
1044 2461 1152 2504 atque
1190 2455 1344 2493 Elaeam
1385 2457 1460 2495 sive

810 2512 986 2550 Eulaeum
1016 2513 1184 2559 fluviiun,
1229 2513 1327 2549 cuius
1361 2513 1460 2563 apud

809 2569 989 2615 Plinium,
1019 2569 1211 2604 Arrianum
1239 2569 1295 2615 (in
1316 2568 1459 2618 Exped.

812 2624 1004 2662 Alexandr.
1026 2624 1113 2670 VII,
1138 2626 1192 2672 7)
1224 2625 1288 2661 fiat
1312 2625 1461 2672 mentio,

813 2681 942 2730 cuique
961 2693 1054 2716 nunc
1071 2693 1203 2718 nomen
1223 2679 1353 2717 Kerak.
1399 2680 1461 2717 Tu

811 2737 884 2773 vid.
927 2737 1155 2786 potissimum
1194 2737 1336 2774 Hoeck.
1376 2735 1458 2773 Vet.

811 2792 910 2830 Med.
934 2796 969 2829 et
994 2792 1094 2829 Pers.
1115 2791 1315 2829 Monumm.
1348 2805 1384 2842 p.
1405 2793 1459 2833 93

812 2861 888 2897 seq.
917 2848 969 2889 95
998 2847 1076 2884 coll.
1114 2847 1295 2886 Mannert.
1321 2849 1460 2897 Geogr.

812 2905 849 2941 d.
874 2904 939 2941 Gr.
956 2918 990 2941 u.
1014 2904 1120 2941 Rom.
1143 2904 1190 2950 V,
1220 2908 1246 2946 2
1271 2917 1356 2956 pag.
1378 2904 1460 2946 472

1098 2961 1152 3000 27
1173 2961 1193 2982 ²⁴¹
