1909 3228
658 233 877 274 CL10.
935 235 963 275 1.
1354 237 1440 280 455

180 342 301 401 ἑτέρῃ
329 342 542 401 θαλάσσῃ.
572 343 652 400 τὴν
680 343 759 400 μὲν
794 344 878 400 γὰρ
905 342 1108 401 ”Έλληνες
1132 346 1436 390 ναυτίλλονται

178 427 347 475 πᾶσαν,
404 423 477 467 καὶ
516 421 542 479 ἡ
588 423 664 475 ἔξω
703 422 893 480 στηλέων
921 422 1123 468 θάλασσα
1157 421 1184 481 ἡ
1220 421 1436 477 Ἀτλαντὶς

179 501 438 559 καλεομένη,
487 503 560 546 καὶ
597 501 624 559 ἡ
671 502 882 560 Ἐρυθρὴ,
934 504 1011 558 μία
1049 503 1248 560 τυγχάνει
1288 503 1432 548 ἐοῦσα.

61 585 154 632 2θὸ
174 579 234 624 Ἡ
257 581 303 625 δὲ
333 582 536 640 Κασπίη,
567 583 699 626 ἔστι
680 581 799 639 ετέρη
830 580 898 626 ἐπ’
930 582 1112 639 ἑωυτῆς·
1143 583 1276 627 ἐοῦσα
1295 587 1494 640 μῆκος90

177 661 257 718 μὲν
292 661 452 716 πλόου,
502 663 662 719 εἰρεσίῃ
700 661 949 720 χρεωμένῳ,
992 663 1298 706 πεντεκαίδεκα
1337 660 1431 719 ἡμε·
1487 662 1739 721 rumquaevii'a

117 858 288 896 Strabon.
312 856 365 894 XI
389 869 476 908 pag.
506 856 590 898 507
621 870 648 895 s.
675 859 770 899 773.

118 915 225 952 Voss.
248 914 297 951 ad
316 913 495 963 Pompon.
524 912 612 951 Mel.
639 913 711 962 III,
731 912 770 962 5,

121 973 172 1012 16
188 1000 199 1019 ‚
228 983 322 1020 quos
347 969 471 1007 laudat
490 969 768 1019 Wesselingius.

116 1027 238 1076 Magis
283 1027 332 1064 ad
372 1026 601 1063 Herodotum
635 1028 771 1064 faciunt

115 1083 300 1121 Aristotel.
347 1082 541 1120 Meteorol.
578 1083 634 1130 II,
669 1086 690 1124 1
733 1088 771 1121 et

117 1140 268 1177 Diodor.
288 1139 397 1176 Sicul.
411 1139 551 1187 XVIII,
572 1140 597 1181 5
619 1144 656 1177 et
674 1152 769 1188 quae

115 1195 339 1246 Kephalides
366 1196 573 1246 disputavit,
602 1196 649 1233 de
671 1196 768 1234 Hist.

115 1253 228 1302 Casp.
249 1265 338 1289 mar.
358 1266 394 1302 p.
419 1254 484 1294 65.
523 1252 619 1289 Hinc
642 1252 767 1290 Ptole-

113 1321 237 1346 maeus
265 1309 402 1359 primus
430 1310 542 1346 fertur
572 1309 609 1344 in
634 1309 764 1346 tabulis

111 1368 258 1402 notasse
282 1377 407 1402 verum
444 1364 619 1401 ambitum
660 1365 765 1402 huius

111 1420 232 1458 maris.
247 1441 304 1448 —
316 1421 424 1457 conf.
436 1420 604 1457 Bredow.
616 1421 764 1457 Urano-

110 1476 185 1526 log.
204 1488 292 1527 pag.
304 1475 446 1513 XXVII
465 1489 541 1525 seq.
564 1476 689 1513 —Ad
709 1477 764 1513 lo-

111 1533 293 1571 cntionem
318 1527 382 1572 ἔττ’
408 1530 560 1582 ἑωυτῆς
574 1534 670 1570 conf.
683 1533 763 1571 He-

109 1589 187 1626 rod.
207 1589 248 1637 Ι,
271 1591 362 1632 142.
382 1591 464 1631 203
480 1589 556 1626 init.
585 1589 763 1628 Matthiae

111 1646 178 1683 Gr.
195 1646 262 1683 Gr.
284 1659 369 1696 pag.
394 1649 512 1687 1163.

166 1698 241 1752 τὴν
261 1699 334 1754 μὲν
354 1699 428 1754 γὰρ
446 1698 640 1752 ’Έλληνες
665 1716 761 1740 ναυ-

110 1757 306 1797 τίλλονται
330 1761 485 1805 πᾶσαν]
522 1758 663 1795 Iudicat
682 1770 760 1794 ma-

111 1827 166 1862 re,
204 1815 306 1864 quod
330 1815 425 1851 intra
451 1814 636 1851 columnas
665 1814 762 1852 Her-

111 1869 230 1909 culeas
252 1874 329 1918 est,
345 1870 630 1907 mediterraneum
649 1882 761 1917 mare,

111 1927 212 1976 quod
240 1939 351 1977 supra
384 1927 424 1974 1,
460 1926 539 1968 185
575 1925 761 1962 dicebatur

111 1978 183 2034 ἥδε
203 1980 232 2033 ἦ
250 1979 455 2030 θάλασσα,
478 1982 629 2020 Graecis
649 1981 763 2017 maxi-

110 2052 169 2077 me
189 2044 275 2076 nota
295 2043 331 2077 et
350 2039 532 2088 navigata.
590 2038 763 2086 Sequitur

110 2096 180 2133 iam
202 2096 362 2132 Oceanus
370 2096 574 2132 Atlanticus
592 2094 666 2131 sive
684 2106 762 2130 ma·-

110 2165 171 2199 re,
207 2153 308 2201 quod
335 2156 436 2190 extra
465 2150 632 2189 Herculis
661 2149 760 2187 colu—

109 2221 213 2246 mnas
244 2212 318 2256 est,
348 2221 391 2245 ac
413 2208 571 2256 denique
597 2206 759 2243 Oceanus

109 2265 289 2302 Australis
307 2279 334 2302 s.
347 2277 520 2313 magnum
530 2263 628 2300 istud
647 2275 759 2310 mare,

111 2322 210 2370 quod
243 2321 368 2358 Asiam
404 2333 426 2358 a
460 2320 611 2357 meridie
645 2319 759 2366 alluit,

110 2377 301 2415 Herodoto
347 2377 405 2414 hic
452 2375 677 2414 orientalium
714 2387 759 2413 ex

111 2445 212 2470 more
254 2437 462 2483 nuncupata
512 2430 541 2482 ἦ
583 2428 760 2483 ἐρυθρή,
752 2447 761 2455 ·

112 2489 212 2536 quod
231 2501 317 2526 cave
336 2489 384 2527 de
411 2489 491 2525 sinu
508 2488 654 2525 Persico
681 2487 759 2525 solo

112 2545 252 2594 capias,
280 2549 321 2581 ut
341 2544 375 2591 I,
399 2546 497 2591 180,
520 2544 582 2580 ubi
602 2544 673 2581 vid.
683 2547 759 2580 not.

113 2600 220 2636 conf.
240 2600 393 2637 Rennel.
410 2601 446 2636 in
465 2601 603 2648 Geogr.
620 2600 761 2637 Herod.

110 2668 197 2705 pag.
209 2655 302 2697 462.
320 2656 587 2693 Schlichthorst.
607 2655 643 2692 in
656 2656 759 2693 Geo-

111 2711 239 2761 graph.
256 2711 366 2749 Afric.
383 2712 563 2749 Herodot.
584 2724 670 2762 pag.
691 2713 756 2753 18.

110 2766 330 2805 Dahlmann.
345 2768 383 2804 in
399 2767 579 2805 Herodot.
593 2780 679 2818 pag.
691 2769 758 2809 83.

112 2823 286 2872 Sequitur
304 2836 389 2861 vero
406 2823 512 2871 inde,
529 2824 758 2861 Herodotum

113 2879 257 2917 minime
275 2879 440 2918 dubitare
456 2880 541 2930 quin
558 2880 756 2918 circumna-

1486 628 1702 680 eteiusffliilc

837 858 953 907 vigari
964 856 1086 895 Africa
1100 859 1228 910 possit,
1244 871 1322 896 cum
1338 856 1489 897 Austra-

838 913 907 952 lem
921 915 1107 952 Oceanum
1124 916 1282 953 iunctum
1301 916 1398 952 dicat
1413 929 1490 953 ma-

838 971 867 1007 ri
888 969 1067 1009 Atlantico
1096 976 1152 1019 et,
1181 972 1281 1021 quod
1300 971 1385 1009 inde
1404 985 1490 1023 pro-

838 1028 1006 1064 ficiscitur
1021 1057 1033 1075 ,
1078 1028 1168 1065 mari
1211 1028 1489 1066 mediterraneo.

838 1084 945 1128 Quae
972 1085 1019 1121 de
1056 1084 1194 1134 Caspio
1231 1084 1321 1120 mari
1353 1083 1490 1121 Noster

836 1140 982 1186 scribit,
1016 1140 1058 1177 iis
1098 1141 1192 1178 bene
1212 1140 1324 1176 utitur
1347 1139 1489 1178 Heere-

835 1196 916 1233 nius
938 1196 1070 1243 (ldeen
1090 1196 1129 1244 I,
1150 1200 1176 1238 2
1201 1208 1286 1246 pag.
1306 1197 1408 1244 311)
1438 1197 1486 1234 (le

835 1253 1050 1290 commercio
1075 1257 1232 1291 veterum
1260 1252 1421 1301 gentium
1449 1252 1487 1289 in

833 1308 887 1345 his
923 1308 1133 1357 regionibus
1172 1308 1336 1345 instituto
1369 1308 1488 1345 disse-

832 1377 928 1402 rens.
978 1364 1187 1402 Herodotus
1205 1364 1285 1414 ipse
1313 1364 1387 1401 hoc
1408 1377 1487 1400 ma-

832 1433 872 1458 re
896 1424 1014 1457 utrum
1049 1420 1178 1457 adierit
1213 1432 1256 1456 ac
1294 1419 1486 1468 navigarit,

830 1476 868 1513 in
897 1476 1146 1525 quaestionem
1180 1475 1320 1513 vocavit
1359 1475 1486 1524 Heyse

831 1533 1019 1581 (Quaestt.
1030 1532 1225 1570 Herodott.
1245 1531 1357 1582 Ipag.
1371 1533 1485 1580 106),

830 1589 963 1640 ipsein
982 1588 1149 1637 Breigeri
1180 1587 1396 1626 sententiam
1425 1600 1486 1625 ac-

830 1646 984 1693 cedens,
1014 1645 1190 1695 Caspium
1218 1656 1317 1681 mare
1343 1642 1484 1681 Nostro

830 1702 978 1739 omnino
1014 1715 1090 1739 non
1118 1704 1351 1750 conspectum
1387 1713 1481 1747 esse,

829 1762 892 1796 aut
917 1762 1015 1796 certe
1039 1770 1115 1795 non
1145 1769 1291 1795 omnem
1319 1756 1394 1793 eius
1416 1756 1485 1793 cir-

827 1815 981 1861 cuitum,
1019 1814 1167 1851 minime
1190 1826 1276 1850 vero
1300 1811 1483 1849 borealem

829 1875 980 1920 partem.
1039 1869 1173 1918 Neque
1201 1869 1389 1918 cuiquam,
1419 1868 1482 1916 qui

828 1925 1010 1962 Herodoti
1054 1924 1298 1962 narrationem
1343 1927 1482 1960 attente

828 1981 1045 2032 perlegerit,
1074 1980 1221 2017 dubium
1242 1980 1329 2026 erit,
1357 1979 1480 2015 Hero-

828 2038 954 2074 dotum
973 2050 1017 2074 eo
1039 2048 1153 2085 usque
1171 2048 1244 2072 non
1255 2035 1476 2085 pervenisse,

827 2093 990 2143 quamvis
1029 2095 1194 2129 accurate
1226 2095 1400 2140 quantum
1435 2090 1477 2126 li-

826 2150 918 2197 cuit,
948 2150 994 2186 de
1009 2148 1063 2185 his
1085 2148 1313 2196 inquisivisse
1330 2146 1474 2183 itidem-

826 2218 898 2255 que
917 2205 1083 2243 retulisse
1102 2203 1359 2241 existimandus
1388 2203 1445 2240 sit.

1019 2262 1129 2310 Cap.
1160 2258 1291 2297 CCIII.

881 2332 908 2368 η
935 2313 978 2356 δὲ
1001 2315 1163 2366 Κασπίη
1182 2337 1237 2343 —
1253 2314 1373 2354 ἐοῦσα
1390 2316 1474 2383 5er-

826 2388 896 2420 κος
927 2370 999 2424 μὲν
1028 2368 1151 2411 πλόου
1170 2393 1226 2399 -—
1249 2367 1350 2410 ὄκτω
1371 2368 1475 2421 ἦμε-

826 2428 952 2481 ρέων]
990 2429 1184 2466 Bredowio
1209 2428 1245 2464 in
1269 2426 1474 2475 Uranolog.

825 2487 965 2524 Herod.
984 2499 1021 2536 p.
1037 2484 1197 2522 XXVIII
1221 2484 1250 2520 si
1270 2483 1374 2529 fides,
1392 2482 1474 2519 lon-

823 2543 1026 2592 gitudinem
1056 2541 1266 2579 Herodotus
1299 2538 1473 2576 intellexit

825 2600 872 2636 ab
890 2599 1075 2636 occidente
1092 2598 1140 2634 ad
1158 2597 1333 2633 orientem
1344 2624 1355 2642 ‚
1385 2607 1472 2644 pro-

826 2656 876 2692 uti
895 2656 966 2692 iani
981 2654 1160 2691 veteribus
1174 2653 1302 2699 visum,
1317 2651 1472 2687 docente

825 2711 992 2748 Eustath.
1028 2710 1076 2746 ad
1105 2709 1259 2757 Dionys.
1288 2707 1468 2754 Perieget.

825 2771 920 2808 720.
941 2765 1037 2803 Add.
1046 2765 1269 2815 Kephalides
1285 2762 1308 2800 l.
1318 2762 1341 2800 l.
1355 2775 1393 2813 p.
1403 2763 1471 2809 68,

826 2826 888 2872 qui
905 2824 973 2859 hoc
992 2821 1102 2858 modo
1118 2821 1238 2858 omnia
1252 2821 1333 2856 fore
1343 2831 1473 2854 conso-

826 2892 874 2917 na
904 2877 1158 2930 pronuntiavit.
1213 2876 1291 2914 Sed
1325 2874 1476 2913 Renne-

1487 583 1660 645 Masi-eCJQ
1633 586 1691 621 ιειιῐ
1696 595 1759 646 tinius:

1490 618 1587 645 Cauca

1691 629 1765 681 ''iiia-
