1909 3228
456 207 540 246 444
868 200 1334 239 HERODOTI
1904 200 1909 242 j

428 320 529 357 i’voc
581 312 625 355 δὲ
674 309 970 365 παραπλήσιοι
1020 313 1133 352 τοῖσι
1181 309 1228 352 ἐν
1274 308 1495 366 Αἰγύπτῳ.
1556 307 1710 360 ὁσάκις

458 391 501 435 δ’
532 391 586 434 ἂν
615 392 748 446 μιχθῇ
786 389 961 443 γυναικὶ
990 391 1042 444 τῇ
1075 387 1241 431 ἑωυτοῦ
1274 386 1382 443 ἀνὴρ
1407 387 1703 444 Βαβυλώνιος,

456 471 552 524 περὶ
579 469 779 523 θυμίημα
808 465 1144 523 καταγιζόμενον
1173 469 1270 520 ἵζει·
1302 466 1480 521 ἑτέρωθι
1510 465 1555 511 δὲ
1585 464 1610 522 ἡ
1635 472 1764 522 γυ-ΞΟ

428 548 515 604 3νὴ
544 545 682 590 τώυτὸ
713 549 844 589 τοῦτο
873 545 1019 589 ποιέει.
1050 543 1221 602 ὄρθρου
1242 545 1286 590 δὲ
1307 546 1558 602 γενομένου,
1581 549 1706 589 λοῦν-

455 644 526 670 ται
565 626 640 670 unct
676 623 934 681 ἀμφότεροι·
992 624 1143 681 ἄγγεος
1180 625 1264 681 γάρ
1305 624 1483 675 οὐδενὸς
1523 623 1708 674 ἅψονται

454 705 559 760 πρὶν
588 704 641 748 ἂν
669 704 926 749 λούσωνται.
983 702 1120 748 wore?
1158 703 1203 749 ὁὲ
1242 708 1377 748 ταῦτα
1417 704 1491 748 καὶ
1515 701 1710 760 Ἀράβιοι

453 788 635 828 ποιεῦσι.

295 869 394 913 199

124 934 184 961 va
230 933 401 968 turpissima

125 967 162 994 de
192 967 274 994 cultu
298 968 399 1002 Mylit-

561 861 610 908 Ὁ
640 863 686 906 δὲ
716 863 768 920 δὴ
800 865 1013 919 αἴσχιστος
1041 867 1128 906 τῶν
1165 863 1313 921 νόμων
1356 865 1444 908 ἔστι
1482 867 1594 907 τοῖσι
1623 865 1707 905 Βα-

397 1051 516 1096 disse3
546 1050 647 1099 qnod
665 1047 825 1099 Agesilai
846 1048 1048 1098 exemplum

397 1110 664 1144 commonstrat.
724 1108 843 1148 Quem
867 1111 1048 1143 mortuum

397 1165 480 1201 cer&
525 1163 847 1209 circumfuderunt,
907 1192 930 1209 7,
947 1163 1047 1210 quod

397 1220 466 1257 mel
496 1233 568 1256 non
598 1219 829 1264 hal›eba11t‚“
858 1223 897 1255 ut
927 1219 1048 1256 scribit

398 1276 586 1314 Cornelius
623 1275 750 1325 Nepos
789 1275 827 1311 in
858 1274 994 1323 Agesil.
1021 1276 1046 1316 8

398 1330 436 1383 §.
457 1336 482 1373 7
497 1361 507 1379 ,
538 1333 597 1369 ubi
618 1332 688 1368 vid.
708 1332 794 1368 Bos.
843 1330 922 1367 Alia
947 1332 1048 1367 dabit

397 1389 570 1426 Creuzer.
587 1389 623 1424 in
641 1388 861 1426 Commentt.
878 1388 1044 1424 Herodd.

396 1456 483 1496 pag·
507 1446 601 1485 362.

453 1499 543 1551 περὶ
573 1498 760 1550 θυμίημα
796 1492 1044 1550 καταγιζόμε-

396 1570 469 1595 νον
487 1554 582 1606 ἴζει]
607 1557 627 1593 i.
652 1569 683 1593 e.
714 1556 811 1592 ilum·
824 1558 961 1592 incenso
980 1554 1046 1590 ad-

396 1613 486 1650 sidet
502 1626 549 1650 sc.
571 1624 671 1650 sacra
689 1625 869 1662 peragens
887 1612 1043 1648 lustran-

397 1670 435 1707 di
453 1681 571 1706 causa.
629 1668 726 1705 Hinc
743 1669 835 1706 male
866 1668 949 1704 olim
971 1682 1043 1704 πυ-

397 1724 439 1777 ρὶ
460 1738 527 1776 pro
548 1723 660 1775 περὶ,
690 1724 788 1762 cuius
818 1725 897 1761 loco
929 1724 1045 1760 Hein-

397 1783 470 1819 sius
487 1781 533 1817 ad
555 1780 688 1818 Polluc.
715 1781 906 1818 onomast.
936 1779 970 1827 I,
989 1781 1043 1819 76

396 1838 455 1876 ed.
486 1837 669 1885 Iungerm.
690 1837 893 1874 coniecerat
920 1830 1042 1884 παρά.

397 1893 594 1931 Caeterum
614 1905 751 1930 morem
777 1893 931 1930 eundem
941 1892 1044 1928 Stra-

397 1949 445 1986 bo
474 1950 594 1999 attigit
622 1949 708 1986 XVI
734 1963 771 2000 p.
795 1951 924 1996 1087,
952 1948 983 1984 B
1015 1962 1043 1986 8⁴

396 2019 434 2057 p.
454 2005 535 2047 745
555 2005 641 2042 Cas,
676 2004 756 2042 Nec
775 2005 846 2042 alio
868 2006 1041 2053 referunt,

397 2062 498 2111 quod
514 2063 551 2098 in
573 2061 716 2111 epistol.
738 2061 913 2099 Ieremiae
942 2061 1045 2108 (Ba-

395 2118 493 2155 ruch.
509 2117 554 2165 V,
574 2118 655 2166 43)
683 2117 850 2155 mulieres
878 2118 1046 2154 dicuntur

395 2176 603 2225 θυμιῶσαι
620 2170 667 2212 τά
692 2173 837 2224 πίτυρα
858 2188 886 2211 s.
909 2172 1041 2223 fursu-

397 2243 450 2267 res
468 2230 667 2281 fumigare.
706 2230 815 2268 conf.
847 2230 979 2279 Heyne
1006 2231 1043 2267 in

399 2287 658 2324 Commentatt.
677 2299 748 2323 soe.
772 2287 938 2335 Gotting.
957 2285 1043 2322 XVI

395 2357 433 2394 p.
455 2344 507 2383 31
535 2356 610 2393 seq.
648 2343 805 2380 Miinter.
834 2343 894 2381 die
923 2342 1042 2392 Relig.

396 2399 433 2436 d.
451 2399 629 2448 Babylon.
650 2411 734 2449 pag.
757 2398 811 2440 74
835 2403 911 2436 not.
938 2401 972 2439 1.
1010 2398 1043 2434 E

397 2455 655 2492 recentioribus
683 2455 808 2492 Ioann.
836 2456 1042 2505 Spencerus

398 2509 538 2560 (Legg.
562 2511 693 2548 Hebrr.
719 2511 758 2558 Ι,
787 2513 812 2552 8
837 2523 921 2561 pag.
941 2511 1043 2559 257)

399 2566 548 2604 similem
574 2566 794 2604 lustrationis
815 2568 921 2604 ritum
946 2567 1045 2617 apud

397 2621 587 2660 Hebraeos
599 2627 851 2660 commemorat
860 2627 896 2661 et
907 2628 1044 2660 utrum-

401 2689 474 2726 que
496 2691 538 2715 ex
555 2678 723 2729 Aegypto
739 2680 896 2717 arcessit.
928 2679 1045 2717 Grae-

402 2745 482 2769 cum
501 2733 538 2769 in
555 2733 609 2771 his
625 2740 856 2786 praeceptum
873 2735 1046 2786 suppedi—

401 2788 494 2824 tabit
517 2789 699 2828 Hesiodus
740 2791 778 2828 in
806 2792 906 2842 Opp.
934 2795 971 2829 et
997 2790 1045 2828 D.

402 2842 508 2890 734,
536 2845 584 2882 ad
604 2858 711 2895 quem
737 2846 853 2886 locum
873 2846 1045 2885 nonnulla

1116 1049 1186 1087 alia
1226 1049 1295 1087 huc
1350 1050 1520 1088 facientia
1575 1048 1765 1098 adscripsit

1117 1107 1294 1144 Graevius
1332 1106 1368 1142 in
1414 1106 1531 1143 Lectt.
1583 1105 1763 1142 Hesiodd.

1115 1175 1193 1212 cap.
1227 1165 1288 1204 16.
1344 1161 1544 1210 Egregiam
1576 1161 1764 1208 Theanus,

1114 1219 1380 1268 Pythagoricae
1406 1219 1577 1265 mulieris,
1612 1231 1766 1267 respon-

1113 1275 1273 1323 sionem,
1303 1289 1383 1314 cum
1409 1276 1456 1313 de
1483 1275 1537 1313 his
1562 1275 1765 1322 interroga-

1113 1336 1233 1379 retur,
1254 1333 1406 1369 servavit
1425 1332 1604 1369 Stobaeus
1622 1330 1659 1367 in
1678 1331 1764 1367 Ser-

1113 1401 1209 1424 mon.
1228 1389 1366 1424 LXXII
1395 1401 1430 1436 p.
1462 1388 1544 1429 443
1573 1387 1652 1424 coll.
1673 1386 1763 1422 Dio-

1113 1458 1196 1493 gen.
1213 1444 1338 1482 Laert.
1361 1443 1469 1492 vul,
1502 1443 1556 1485 43
1576 1443 1660 1493 ibiq.
1682 1442 1763 1479 Me-

1115 1513 1201 1550 nag.

1288 1584 1319 1623 C
1332 1598 1352 1622 a
1362 1598 1398 1636 p.
1427 1582 1597 1623 CXCIX.

1170 1667 1194 1708 ὁ
1215 1666 1257 1708 δὲ
1281 1666 1331 1719 611¹
1354 1668 1550 1719 αἴσχιστος
1578 1669 1659 1705 τῶν
1690 1663 1760 1706 vo'-

1114 1739 1199 1775 μων
1223 1724 1300 1763 ἔστι
1323 1740 1358 1763 κ.
1376 1740 1407 1762 τ.
1432 1723 1482 1774 λ.]
1518 1725 1625 1767 Quae
1652 1724 1763 1760 refert

1111 1782 1180 1819 hoc
1206 1781 1325 1831 capite
1354 1781 1588 1825 Herodotus,
1628 1779 1762 1829 pariter

1111 1843 1302 1874 narrantur
1320 1850 1342 1873 a
1360 1837 1479 1875 Strab.
1499 1835 1585 1873 XVI
1604 1848 1640 1885 p.
1656 1837 1761 1876 1081

1112 1893 1192 1932 coll.
1221 1892 1362 1933 Aelian.
1395 1893 1438 1930 V.
1460 1894 1508 1930 H.
1532 1891 1595 1939 IV,
1618 1895 1652 1932 1.
1702 1891 1763 1928 In-

1111 1950 1234 2001 primis
1253 1962 1338 1987 vero
1354 1950 1424 1986 huc
1441 1950 1525 1987 facit
1551 1948 1689 1986 Iesaiae
1708 1947 1764 1984 lo-

1112 2020 1174 2044 cus
1196 2006 1233 2042 in
1255 2005 1409 2056 Epistol.
1427 2005 1601 2053 (Baruch.
1622 2003 1761 2051 V1‚42.

1112 2062 1166 2104 43
1198 2062 1284 2112 ibiq.
1312 2062 1556 2112 interprett.).
1622 2060 1761 2098 Nostra

1111 2122 1254 2165 aetate,
1284 2122 1323 2154 ut
1351 2119 1440 2154 alios
1468 2122 1627 2163 taceam,
1656 2128 1760 2153 aecu-

1109 2175 1222 2211 ratius
1241 2176 1278 2210 in
1309 2174 1488 2211 Herodoti
1515 2172 1758 2209 narrationem

1109 2230 1292 2280 inquisivit
1309 2231 1473 2278 Heynius
1501 2229 1538 2265 in
1564 2228 1761 2265 Commen-

1110 2291 1173 2324 tat.
1205 2286 1327 2324 societ.
1357 2287 1523 2334 Gotting.
1556 2289 1642 2321 tom.
1671 2283 1759 2321 XVI

1109 2355 1194 2394 pag.
1227 2343 1282 2383 30
1310 2356 1434 2392 seqq.:
1481 2341 1574 2390 „De
1601 2340 1759 2390 Babylo-

1109 2401 1245 2436 niorum
1283 2401 1447 2436 instituto
1484 2398 1668 2447 religioso,
1718 2399 1759 2433 ut

1111 2455 1266 2493 mulieres
1311 2455 1359 2491 ad
1414 2454 1551 2492 Veneris
1597 2452 1759 2503 templum

1105 2513 1344 2561 prostarent.“
1384 2511 1460 2548 Ubi
1478 2511 1548 2548 hoc
1565 2510 1687 2561 posuit
1706 2509 1758 2545 vir

1111 2568 1257 2605 doctus:
1308 2567 1475 2616 antiquos
1522 2565 1756 2615 Babylonios,

1110 2628 1204 2662 teste
1239 2623 1319 2674 ipso
1348 2623 1539 2660 Herodoto
1567 2622 1625 2669 (l,
1643 2622 1757 2669 196),

1110 2680 1254 2729 nuptias
1281 2678 1482 2730 puellarum
1509 2677 1650 2729 publica
1668 2690 1755 2715 ven-

1111 2735 1248 2773 ditione
1259 2747 1409 2786 parasse
1428 2734 1553 2772 solitos
1574 2746 1674 2779 esse;
1693 2732 1753 2781 qui

1111 2804 1190 2828 mos
1211 2803 1290 2829 cum
1325 2791 1362 2828 in
1390 2790 1662 2828 desuetudinem
1678 2786 1753 2826 abi-

1110 2846 1217 2896 isset,
1261 2847 1424 2899 coepisse
1459 2846 1538 2884 illos
1583 2845 1674 2883 filias
1704 2841 1751 2879 ad
