1909 3228
441 170 526 210 778

414 279 600 334 6γυρίου
630 276 882 320 τετελέσθαι.

835 167 1351 207 HERODOTI-

942 278 979 319 εἰ
1009 275 1054 320 δ’
1089 277 1108 292 ”
1237 277 1259 291 ”
1376 279 1394 294 ”
1618 281 1636 290 ”

1086 289 1173 320 εστι
1203 293 1343 328 ουτως
1373 295 1524 333 εχοντα
1552 295 1704 330 ταυτα,

441 358 553 401 κόσα
583 355 695 406 εἰκὸς
725 354 833 399 ἄλλα
864 356 1195 412 δεδαπανῆσθαί
1234 356 1322 399 ἐστι
1361 356 1402 406 ἔς
1440 373 1483 399 τε
1523 359 1705 413 σίδηρον

439 440 500 493 τῷ
530 433 781 491 ἐργάζοντο,
813 436 885 478 καὶ
917 436 1053 486 σιτία,
1097 435 1169 478 καὶ
1197 435 1356 490 ἐσθῆτα
1385 439 1497 477 τοῖσι
1526 435 1703 490 ἐργαζο-

437 514 629 571 μένοισι,·
660 512 786 557 ὁκότε
815 512 977 569 χρόνον
1007 513 1086 569 μὲν
1116 513 1400 569 οἰκοδόμενον
1429 513 1481 557 τὰ
1507 515 1611 570 ἔργα
1629 514 1760 558 τὸν35

438 593 666 650 εἰρημένον
685 607 694 617 ·
725 592 859 636 ἄλλον
889 593 954 644 δὲ,
984 592 1043 644 ὠς
1073 593 1154 649 ἐγω
1177 593 1334 645 δοκέω,
1365 593 1412 636 ἐν
1430 597 1490 649 τῷ
1513 592 1619 644 τούς
1638 595 1702 636 λί-

436 678 549 724 θους
592 673 774 729 ἔταμον,
819 673 892 716 καὶ
921 670 1053 728 ἄγον,
1101 673 1176 716 καὶ
1204 671 1253 716 τό
1284 671 1371 715 ὑπὸ
1412 676 1496 728 γῆν
1533 671 1705 728 ὄρυγμα

277 760 377 804 126
435 753 686 809 ἐργάζοντο,
720 751 803 795 οὐκ
832 751 981 807 ὀλίγον
1010 752 1185 808 χρόνον.
1226 751 1292 803 Ἐς
1321 755 1452 794 τοῦτο
1484 751 1530 795 δὲ
1560 752 1704 795 ἐλθεῖν

103 826 203 858 Quaen
206 829 252 852 tus

106 927 207 954 saillis.

296 833 389 852 causa

103 867 158 919 pro
143 859 260 886 nstituit
303 862 390 893 pater

118 894 217 919 iliani:
238 892 349 927 liliaep
332 899 387 927 Ρ)-

443 913 668 967 θυγατέρα
715 911 795 966 τὴν
841 910 1009 954 ἑωυτοῦ
1055 912 1292 954 κατίσαντα
1333 910 1401 954 ἐπ’

447 833 595 877 Χέοπα
624 830 888 887 κακότητος,
940 829 1045 874 ὥστε
1079 831 1308 888 χρημάτων
1347 829 1576 886 δεόμενον,
1625 830 1706 887 τὴν

1450 908 1683 966 οἰκήματος
1693 943 1704 962 ,
1716 913 1763 950 40

412 989 683 1046 Ξπροστάξαι
713 991 987 1046 πρήσσεσθαι
1017 988 1251 1046 ἀργύριον,
1283 987 1446 1033 ὁκόσον
1477 988 1529 1044 δή
1557 1005 1618 1032 τι·
1651 986 1705 1031 οὐ

441 1072 524 1128 γὰρ
566 1069 618 1127 δή
658 1067 786 1114 τοῦτό
823 1086 871 1126 γε
911 1068 1083 1125 ἔλεγον·

440 1149 605 1205 πατρὸς
642 1149 856 1205 ταχθέντα
895 1147 1188 1204 πρήσσεσθαι,
1249 1149 1336 1205 ἰδίῃ
1377 1147 1423 1191 δὲ
1462 1148 1536 1191 καὶ
1567 1145 1705 1202 αὐτήν
1750 1148 1830 1190 165

1123 1069 1203 1126 τήν
1234 1069 1305 1121 δὲ,
1348 1068 1400 1112 τά
1431 1084 1474 1111 τε
1504 1067 1591 1111 ὑπό
1625 1071 1706 1111 τοῦ

441 1232 736 1285 διανοηθῆναι
754 1228 972 1285 μνημήιον
993 1228 1305 1270 καταλιπέσθαι
1323 1261 1334 1279 ,
1364 1227 1436 1270 καὶ
1460 1230 1540 1270 τοῦ
1563 1225 1707 1269 έσιόν-

440 1327 515 1360 τος
542 1308 650 1363 πρὸς
681 1306 819 1364 αὐτὴν
849 1307 1034 1351 ἑκάστου
1067 1306 1263 1359 δέεσθαι,
1289 1307 1402 1357 ὅκως
1422 1306 1476 1349 ἂν
1497 1305 1607 1362 αὐτῇ
1628 1304 1705 1348 ἕνα
1717 1308 1761 1345 45

412 1390 573 1432 3λίθον
603 1389 650 1431 ἐν
678 1392 792 1431 τοῖσι
822 1387 987 1443 ἔργοισι
1018 1387 1236 1442 δωρέοιτο.
1267 1386 1314 1430 ἐκ
1343 1385 1513 1429 τούτων
1543 1385 1589 1428 δὲ
1617 1387 1706 1426 τῶν

440 1583 560 1623 ἄλλον
582 1581 624 1623 δὲ
640 1605 697 1613 -—
709 1578 783 1622 οὕκ
800 1578 934 1634 ὀλίγον
947 1578 1036 1633 χρό-

383 1640 471 1691 νον]
504 1641 558 1677 Ex
584 1642 663 1690 ipsa
688 1640 868 1677 sententia
899 1639 1037 1688 aliquid

383 1699 430 1736 ad
448 1702 647 1734 structurae
666 1696 969 1745 complementum
981 1708 1038 1731 re-

382 1755 457 1805 peti
476 1754 606 1799 debet,
638 1766 717 1788 cum
737 1752 826 1788 haec
852 1752 898 1787 sit
918 1751 1038 1787 Hero-

384 1811 463 1847 doti
486 1809 684 1846 sententia:
704 1808 781 1843 illos
794 1812 938 1857 praeter
949 1811 1041 1843 tein-

383 1881 452 1918 pus
473 1867 520 1902 ad
533 1866 627 1901 viam
641 1865 853 1901 struendam
875 1868 910 1901 et
924 1865 1040 1914 ipsam

384 1923 610 1973 pyramidem
651 1921 863 1969 erigendam
884 1951 894 1968 ‚
943 1919 1040 1956 aliud

384 1981 496 2029 idque
537 1979 633 2015 haud
674 1978 842 2026 exiguum
892 1981 1039 2026 tempus

384 2035 624 2074 consumsisse
640 2034 676 2070 in
697 2034 891 2071 caedendis
910 2033 1041 2083 lapidi-

385 2094 451 2129 bus
480 2106 523 2129 ex
555 2091 760 2140 lapicidinis
782 2119 792 2137 ‚
836 2091 945 2138 inque
975 2089 1040 2125 illis

384 2149 608 2186 adveheudis
650 2148 822 2197 fossaque
857 2147 1042 2184 subterra-

384 2206 454 2244 nea
474 2204 713 2243 conficienda.

554 2317 585 2353 C
599 2329 619 2353 a
631 2330 667 2367 p.
707 2315 874 2353 CXXVI.

442 2401 482 2448 ἐς
500 2403 618 2440 τοῦτο
639 2397 680 2439 δὲ
702 2399 836 2439 ἐλθεῖν
854 2420 910 2427 —-
923 2392 1043 2436 κακό-

385 2457 525 2509 τητος]
558 2459 667 2495 Conf.
688 2457 738 2503 ll,
760 2456 838 2498 124
857 2457 931 2492 init.
954 2455 1040 2503 ibiq.

385 2520 464 2552 not.
493 2535 550 2542 —-
586 2514 644 2551 Ad
684 2514 794 2551 verba
829 2512 1042 2550 κατίσαντα

385 2567 443 2610 ἐπ’
472 2567 688 2620 οἰκήματος
704 2569 776 2606 vid.
798 2582 908 2620 supra
925 2571 1038 2604 notat.

385 2629 434 2665 ad
452 2628 507 2676 ll,
532 2630 610 2669 121
643 2625 678 2677 ἓ
701 2626 738 2667 5·

447 2706 702 2761 πρήσσεσθαι
721 2704 924 2761 οἷργύριον,
937 2706 989 2746 ὁκ
1002 2704 1043 2747 ό-

392 2778 480 2804 σον
512 2764 572 2816 δή
603 2766 670 2816 τι]
704 2768 725 2802 i.
747 2779 778 2802 e.
807 2767 944 2814 exigere
964 2765 1044 2802 inde

384 2824 552 2872 pecuniae
567 2835 732 2860 swmnam
750 2822 1044 2872 quantulamcun-

1106 1594 1179 1632 que.
1238 1580 1297 1618 Ad
1319 1576 1464 1620 ὁκόσον
1495 1575 1547 1630 δή
1574 1594 1610 1617 τι
1637 1579 1762 1615 conset

1105 1639 1237 1676 similes
1265 1637 1463 1674 locutiones
1494 1637 1529 1683 l,
1554 1638 1645 1676 160·
1669 1637 1760 1676 199·

1164 1690 1212 1733 οὕ
1244 1690 1318 1745 γάρ
1354 1690 1403 1743 δή
1435 1687 1583 1730 τοῦτό
1616 1705 1658 1742 γε
1685 1690 1761 1729 ἕλε-

1107 1754 1203 1802 γον]
1236 1746 1354 1788 τοῦτό
1385 1763 1426 1800 γε
1461 1749 1482 1785 i.
1514 1762 1545 1785 e.
1574 1760 1762 1793 summam,

1109 1820 1217 1856 quam
1241 1819 1283 1844 ex
1307 1806 1374 1841 hoc
1388 1810 1541 1854 quaestu
1559 1803 1764 1852 acquisierit

1108 1863 1182 1900 filia
1203 1877 1245 1900 ex
1262 1862 1374 1911 patris
1397 1865 1606 1911 praecepto.
1637 1881 1692 1887 --
1723 1859 1764 1896 ln

1110 1933 1186 1968 seq.
1218 1920 1266 1955 ad
1292 1919 1440 1955 verbum
1467 1916 1613 1956 ἐσιέναι
1639 1917 1763 1954 confer

1109 1977 1156 2014 ad
1178 1976 1231 2022 ΙΙ,
1254 1975 1307 2015 64
1327 1975 1477 2011 monita.

1164 2029 1268 2078 όκως
1290 2027 1340 2069 οἶν
1355 2026 1458 2084 αὕτη
1480 2029 1548 2069 ε’να
1579 2029 1697 2067 λίθον
1718 2027 1761 2067 ἒν

1110 2092 1211 2128 τοῖσι
1232 2088 1378 2140 ε’ργοισι
1403 2071 1610 2137 δωρέοιτο]
1641 2081 1760 2123 1)εό-

1109 2161 1188 2192 κως
1213 2160 1263 2183 αν
1288 2145 1377 2180 dixit
1402 2143 1451 2179 M
1446 2143 1579 2180 atthiae
1599 2142 1663 2178 Gr.
1694 2142 1760 2178 Gr.

1109 2216 1195 2253 pag.
1218 2203 1340 2242 1003.
1396 2201 1519 2249 lpsuin
1547 2200 1685 2245 locum,
1723 2199 1761 2235 in

1110 2272 1183 2307 quo
1204 2259 1312 2294 verba
1335 2256 1376 2295 ἐν
1399 2260 1501 2295 τοῖσι
1528 2254 1676 2306 ἔργοισι
1697 2268 1762 2292 ne-

1111 2316 1248 2364 gotium
1288 2315 1470 2350 facessunt
1507 2313 1590 2348 viris
1633 2311 1762 2358 doctis,

1110 2370 1311 2418 Schweigh.
1331 2370 1380 2406 ita
1400 2369 1577 2407 reddidit:
1596 2372 1633 2404 ut
1647 2380 1760 2404 unum

1109 2427 1266 2477 lapidem
1289 2426 1346 2462 ad
1367 2440 1472 2476 opus
1491 2424 1759 2476 faciendum

1112 2484 1178 2521 sibi
1206 2484 1433 2520 c‹mserret.“
1502 2481 1759 2518 Valckenarius

1109 2540 1271 2576 voculam
1302 2539 1343 2578 ἐν
1371 2540 1447 2575 eiici
1470 2538 1570 2583 vult,
1599 2542 1638 2574 ut
1658 2540 1760 2575 τοῖσι

1112 2595 1257 2646 ἔργοισι
1273 2596 1412 2631 dicatur
1431 2608 1496 2645 pro
1516 2594 1570 2640 εἰς
1590 2590 1637 2631 τα
1657 2592 1756 2643 ἔργα.

1110 2654 1148 2689 u
1162 2655 1298 2689 erserus
1320 2653 1356 2688 in
1378 2657 1460 2688 actt.
1478 2651 1573 2701 phin.
1597 2650 1756 2686 Monaee.

1110 2709 1149 2754 l,
1182 2713 1208 2750 2
1235 2722 1319 2758 pag.
1340 2711 1420 2748 267
1453 2712 1526 2744 not.
1557 2707 1608 2747 14
1639 2706 1759 2742 Hero-

1111 2767 1198 2802 doto
1217 2766 1424 2802 restitutum
1448 2763 1524 2800 vult
1549 2761 1630 2801 ἐπὶ
1657 2765 1758 2800 τοῖσι

1111 2820 1281 2874 ἔργοισι,
1312 2821 1333 2857 i.
1355 2834 1387 2858 e.
1417 2819 1464 2857 ad
1477 2818 1681 2870 pyramides
1697 2830 1758 2855 ex-
