1909 3228
457 238 541 279 372

849 235 1318 276 HERODOTI

458 347 671 404 πρότερος
702 344 872 389 τούτων
889 343 1184 401 Κλαζομένιος
1206 344 1412 401 Τιμήσιος
1431 346 1599 401 κτίσας,
1629 344 1712 390 οὐκ

457 422 682 482 ἆπιόνητο,
712 419 811 466 ἀλλ’
839 419 928 466 ’ὑπὸ
959 424 1161 479 Θρηΐκων
1187 422 1450 477 ἐξελασθεὶς,
1476 425 1602 481 τιμὰς
1625 428 1710 470 νῦν

455 503 542 549 ὑπὸ
575 504 720 559 Τηΐων
747 504 837 545 τῶν
866 500 914 545 ἐν
939 499 1186 558 Ἀβδήροισι
1215 499 1277 553 ὦς
1304 501 1422 558 ἥρως
1450 503 1544 558 ἔχει.

547 576 682 624 Οὗτοι
710 580 790 637 μέν
818 596 901 624 νυν
932 579 1093 624 Ἰώνων
1121 584 1299 637 μοῦνοι,
1327 580 1407 638 τήν
1437 574 1767 639 δουλοσύνην7ο

286 663 302 682 ¹
342 655 405 715 ⁰¹35:
461 658 543 704 οὐκ
572 658 840 716 ἀνεχόμενοι,
870 658 1061 712 ἐξέλιπον
1088 659 1164 712 τὰς
1193 661 1416 716 πατρίδας.
1448 662 1491 704 οἱ
1519 660 1563 704 δ’
1588 659 1712 705 ἄλλοι

453 816 676 876 Ἁρπάγῳ,
726 817 914 873 κατάπερ
945 819 990 862 οἱ
1018 817 1284 871 ἐκλιπόντες,
1338 818 1412 862 καὶ
1442 816 1595 874 ἄνδρες
1624 817 1710 875 ἐγέ-

454 914 585 942 νοντο
616 894 800 953 ἀγαθοὶ,
831 897 929 953 περὶ
958 900 1033 953 τῆς
1055 896 1224 941 ἑωυτοῦ
1253 898 1431 949 ἕκαστος
1453 897 1708 954 μαχόμενοι·

451 975 714 1028 ἑσσωθέντες
753 976 799 1020 δὲ
833 976 906 1020 καὶ
955 973 1153 1029 ἁλόντες,
1211 978 1365 1033 ἔμενον
1411 977 1521 1020 κατὰ
1564 975 1764 1033 χώρην75

423 1055 650 1107 Ξὲκαστοι,
680 1055 754 1099 καὶ
782 1053 835 1098 τὰ
864 1054 1178 1112 ἐπιτασσόμενα
1207 1055 1434 1099 ἐπετέλεον.
1493 1054 1708 1111 Μιλήσιοι

453 1135 522 1190 δὲ,
553 1134 613 1188 ὦς
636 1135 711 1180 καὶ
737 1133 956 1192 πρότερόν
984 1150 1060 1191 μοι
1089 1135 1278 1191 εἴρηται,
1317 1133 1437 1192 αὐτῷ
1467 1131 1603 1191 Κύρῳ
1633 1133 1709 1190 ὅρ-

396 1379 546 1417 quarum
584 1365 685 1417 prior
717 1364 1048 1414 Clazomeniorum,

397 1435 492 1471 quae
507 1426 599 1460 teste
617 1422 774 1459 Eusebio
795 1422 919 1459 incidit
936 1422 973 1458 in
993 1423 1048 1459 O·

395 1477 507 1528 lylnp.
528 1477 673 1524 XXXI,
704 1480 752 1524 1-‚
780 1476 963 1514 Abderam
979 1478 1047 1514 du-

397 1537 456 1571 cta
473 1537 528 1571 est
549 1533 767 1580 aTimesio,
786 1533 899 1570 altero
918 1538 1043 1583 poste—

394 1589 469 1626 rior
482 1589 517 1626 Τ
521 1589 656 1626 eiorum
668 1618 678 1635 ‚
698 1589 760 1638 qui
776 1588 966 1626 Persarum
978 1589 1044 1625 do-

394 1645 628 1682 minationem
657 1646 839 1693 sugientes
868 1645 936 1682 huc
963 1658 1043 1682 sese

394 1705 608 1751 receperunt
618 1701 814 1750 urbemque
827 1701 945 1738 denuo
959 1714 1042 1737 con-

393 1757 583 1803 diderunt,
621 1755 766 1806 Olymp.
794 1755 895 1803 LIX,
913 1756 939 1796 4
967 1757 1042 1793 sive

395 1810 476 1852 541
502 1824 535 1848 a.
556 1810 641 1848 Chr.
661 1823 697 1848 n.
754 1810 858 1848 Haec
879 1811 1040 1860 pluribus

392 1867 622 1917 persequitur
666 1866 786 1904 Raoul
815 1888 833 1893 -
861 1866 1041 1905 Rochette

390 1922 553 1960 Histoire
580 1923 628 1960 de
658 1921 839 1960 l'e'tabliss.
862 1923 898 1960 d.
921 1922 1038 1961 colon.

391 1978 524 2027 Grecq.
551 1978 603 2014 ΙΙΙ
637 1991 674 2028 p.
695 1977 778 2019 400
800 1992 878 2028 seq.

448 2031 713 2085 Κλαζομένιος
737 2031 926 2085 Τιμήσιος
957 2034 1036 2075 κτί-

391 2101 482 2138 σας,
515 2086 588 2130 οὕκ
611 2085 825 2142 οἷπώνητο]
858 2092 931 2135 Qui
958 2092 1037 2130 He-

386 2148 518 2183 rodoto
539 2145 730 2194 Timasius,
758 2146 789 2183 is
809 2146 886 2184 aliis
907 2148 1036 2185 dicitur

390 2201 584 2251 Timesz'as‚
620 2202 786 2240 laudatus
818 2203 865 2240 ob
896 2203 1033 2242 civilem

384 2259 616 2309 prudentiam
644 2271 687 2296 ac
713 2258 891 2297 virtutem.
949 2260 1031 2296 Vid.

387 2312 527 2352 Aelian.
547 2314 632 2352 Var.
653 2314 748 2351 Hist.
769 2315 860 2362 XII,
883 2318 930 2363 9,
947 2315 1033 2352 Plu-

383 2370 494 2407 tarch.
506 2371 558 2408 rei
577 2370 675 2421 publ.
686 2372 836 2420 gerend.
848 2375 1031 2422 praecept.

384 2437 472 2474 pag.
495 2428 597 2474 812,
618 2425 647 2462 A
681 2430 718 2463 et
751 2428 798 2465 de
824 2426 1029 2464 Amicorum

385 2479 567 2519 Multitud.
586 2495 672 2532 pag.
690 2484 765 2530 96,
787 2482 833 2530 B,
855 2483 903 2520 ad
922 2495 1028 2532 quem

383 2534 500 2574 locum
525 2550 620 2575 nunc
641 2538 747 2588 plura
781 2538 828 2576 de
855 2537 923 2575 hoc
952 2539 1028 2575 viro

385 2591 534 2641 eiusque
552 2597 671 2632 aetate
690 2594 850 2643 disputat
858 2593 1027 2642 Wytten-

388 2646 535 2685 bachius
564 2653 590 2687 t.
614 2648 632 2686 I
666 2661 703 2700 p.
732 2649 813 2691 655
852 2647 1028 2687 Animad-

385 2711 495 2739 verss.
523 2724 579 2732 —
615 2703 675 2742 De
698 2705 815 2742 forma
840 2700 1027 2756 α’πώνητο

383 2762 530 2805 praeter
557 2759 736 2798 Thomain
756 2760 922 2810 Magistr.
943 2775 971 2798 s.
992 2775 1025 2799 v.

383 2806 587 2863 ὠνήσομαι
604 2828 689 2866 pag.
715 2818 797 2858 932
814 2818 908 2854 conf.
928 2816 1026 2855 Mat-

381 2865 480 2907 thiae
502 2869 568 2909 Gr.
584 2871 650 2910 Gr.
675 2883 761 2924 pag.
781 2874 877 2916 477.
901 2894 958 2904 —
982 2873 1025 2917 In

1113 1378 1216 1415 seqq.
1238 1377 1316 1403 cum
1338 1365 1569 1412 Gaisfordio,
1598 1363 1760 1415 pluribus

1113 1422 1210 1459 libris
1241 1422 1491 1458 addicentibus
1506 1449 1517 1468 ‚
1542 1421 1759 1459 restituimus

1113 1475 1357 1524 ἐξελασθεὶς
1416 1491 1483 1527 pro
1540 1476 1759 1525 ἐξελαθεὶς,

1112 1534 1212 1583 quod
1228 1546 1271 1570 ex
1290 1532 1383 1569 Aldo
1401 1539 1657 1583 propagatum,
1680 1537 1761 1571 tue-

1109 1593 1168 1626 tur
1184 1588 1378 1626 Piersonus
1398 1590 1445 1626 ad
1462 1589 1616 1627 Moerid.
1641 1602 1677 1639 p.
1694 1592 1760 1637 13,

1109 1646 1208 1696 apud
1227 1658 1331 1694 quem
1349 1645 1498 1682 alteram
1528 1647 1679 1682 sormam
1702 1643 1759 1684 ἕλ-

1108 1703 1280 1751 ληνικῶς
1305 1701 1373 1737 dici
1397 1701 1559 1750 legimus.
1589 1702 1638 1738 Et
1664 1702 1759 1740 bene

1109 1757 1179 1793 dici
1197 1756 1396 1803 ἐξελαθεὶς
1413 1757 1449 1793 in
1467 1757 1586 1794 Attico
1604 1757 1758 1808 scripto-

1107 1822 1170 1859 re,
1199 1825 1272 1848 non
1292 1813 1462 1861 estquod
1482 1826 1670 1861 negemus,
1692 1815 1757 1851 sed

1105 1867 1335 1905 Herodotum
1378 1870 1579 1919 asperiores
1623 1871 1756 1908 formas

1105 1923 1279 1973 diligere,
1310 1928 1395 1975 apte
1410 1926 1550 1963 monuit
1571 1926 1756 1975 Schweig-

1103 1979 1320 2028 haeuserus,
1369 1980 1520 2019 laudans
1560 1977 1754 2022 κατεπαύ-

1103 2040 1184 2087 σθη
1213 2037 1299 2087 (pro
1317 2035 1571 2088 κατεπαύθη)
1601 2038 1636 2086 Ι,
1660 2040 1751 2080 130.

1101 2091 1175 2140 VI,
1208 2095 1286 2139 71,
1324 2093 1405 2130 alia.
1468 2093 1617 2131 Accedit
1643 2106 1751 2145 prae-

1100 2151 1199 2185 terea
1236 2148 1407 2185 librorum
1441 2150 1652 2196 auctoritas,
1686 2150 1747 2199 qui

1099 2203 1135 2240 in
1155 2204 1329 2254 asperiori
1358 2204 1415 2241 illa
1441 2206 1557 2242 forma
1590 2205 1751 2255 plerum-

1100 2272 1172 2308 que
1192 2260 1418 2309 conspirant3
1448 2266 1487 2297 ut
1507 2261 1544 2307 Ι,
1571 2263 1661 2302 173.
1684 2262 1749 2309 ΙΙΙ,

1099 2315 1164 2355 46.
1193 2315 1257 2356 51.
1283 2315 1345 2364 lv,
1363 2316 1400 2357 4.
1431 2315 1475 2364 V,
1500 2317 1589 2358 145.
1639 2316 1750 2369 Apud

1096 2370 1311 2408 Pausaniam
1359 2372 1486 2410 eadem
1523 2373 1662 2411 formae
1685 2387 1749 2411 va-

1095 2427 1227 2473 rietas,
1257 2431 1295 2464 ut
1323 2429 1431 2465 modo
1462 2429 1540 2466 sine
1561 2432 1607 2477 ὃ,
1636 2431 1746 2467 modo

1095 2495 1174 2520 cum
1205 2482 1264 2520 illa
1281 2483 1384 2521 litera
1404 2485 1617 2523 inveniatur.
1660 2486 1745 2524 Vid.

1094 2538 1258 2577 Siebelis.
1280 2540 1327 2577 ad
1348 2540 1502 2578 Pausan.
1525 2540 1561 2587 I,
1582 2543 1635 2584 12
1654 2540 1691 2593 ἓ.
1704 2542 1744 2584 5.

1270 2596 1378 2647 Cap.
1408 2596 1577 2636 CLXIX.

1151 2647 1218 2690 διὰ
1253 2649 1380 2703 μάχης
1420 2651 1493 2703 μὲν
1532 2647 1742 2693 ἀπικέα-

1094 2705 1173 2757 το]
1208 2707 1267 2745 De
1286 2710 1401 2747 forma
1431 2704 1619 2749 οἷπικέατο
1646 2711 1741 2748 conf.

1093 2764 1141 2800 ad
1157 2763 1193 2810 Ι,
1215 2764 1305 2805 152.

1149 2817 1203 2865 ὥς
1227 2818 1294 2859 καὶ
1316 2815 1513 2874 πρότερόν
1543 2835 1612 2874 μοι
1630 2819 1738 2874 εἴρη-

1091 2872 1179 2926 ται]
1210 2874 1290 2915 Vid.
1309 2876 1348 2927 1,
1369 2876 1462 2920 143.

1777 515 1834 556 80
