1877 3223
442 235 522 276 194
848 233 1311 272 HERODOT!

441 344 520 388 δον
548 341 780 401 ἱδρυμένον
807 342 916 386 κατοὶ
950 341 1094 387 νώτου
1122 341 1272 398 λάβοι,
1311 341 1448 399 ταύτῃ
1477 343 1585 387 κατὰ
1614 345 1691 401 τὴν

441 419 634 478 διώρυχα
683 420 1005 478 ἐκτραπόμενος
1042 421 1088 466 ἐκ
1124 425 1213 465 τῶν
1258 419 1449 477 ἀρχαίων
1485 423 1691 478 ῥεέθρων,

444 500 518 544 καὶ
548 494 669 551 αὖτις
697 499 1072 556 παραμειβόμενος
1107 501 1157 544 τὸ
1196 498 1508 555 στρατόπεδον,
1559 500 1603 553 ἐς
1638 500 1691 545 τοὶ

417 576 603 634 6ἆρχαῖα
633 578 845 634 ἐσβάλλοι.
879 579 999 631 ὥστε,
1031 579 1121 622 ἐπεί
1149 593 1193 622 τε
1222 579 1296 622 καὶ
1325 578 1499 634 ἐσχίσθη
1520 577 1694 635 τάχιστα

446 655 471 699 ὁ
500 656 709 712 ποταμὸς,
754 657 977 715 ἀμφοτέρῃ
1011 657 1214 712 διαβατὸς
1242 657 1419 713 ἐγένετο.
1478 658 1523 701 οἱ
1550 658 1595 702 δὲ
1623 659 1752 701 καὶδο

445 735 495 778 τό
523 732 729 790 παράπαν
756 737 930 792 λέγουσι
957 736 1030 780 καὶ
1067 735 1115 779 τὸ
1155 734 1335 792 ἀρχαῖον
1376 737 1558 793 ῥέεθρον
1587 736 1698 780 ἄπο-

447 814 724 871 ξηρανθῆναι.
783 813 893 859 ἄλλα
920 818 1050 859 τοῦτο
1085 815 1164 870 μὲν
1207 813 1262 859 οὐ
1299 818 1553 872 προσίεμαι·
1607 818 1696 868 κῶς
1766 816 1819 857 38

326 887 392 934 76
447 893 530 949 γὰρ
560 890 698 938 ὀπίσω
727 893 1014 951 πορευόμενοι
1043 893 1251 950 διέβησαν
1289 893 1450 950 αὐτόν;
1508 897 1700 950 Κροῖσος

122 954 288 983 Ριεῐῑοτιιπι
311 960 361 981 ιιι·-

120 989 203 1021 bem,
232 992 262 1014 et
287 987 362 1013 alian

119 1030 196 1056 quae
206 1022 282 1047 circa
299 1020 396 1054 erant,

121 1063 194 1090 expu
220 1057 305 1081 natae
325 1053 395 1080 diri-

121 1089 175 1123 pit.
226 1086 396 1114 raeliumin

118 1129 192 1155 agro
201 1120 301 1149 Pteria
318 1127 395 1148 com-

119 1156 240 1214 ἰθιῑὲἰὶᾏω
254 1161 361 1214 ἱῗῖῗέἓο

124 1221 267 1248 Croesum
291 1223 321 1247 et
340 1218 398 1255 Cy·

125 1262 190 1282 rum
208 1261 236 1283 n.
253 1254 312 1282 546.

451 970 516 1023 δὲ,
571 970 663 1015 ἐπεί
708 987 754 1016 τε
792 973 945 1029 διαβὰς
989 972 1072 1016 σύν
1117 976 1179 1029 τῷ
1217 977 1384 1032 στρατῷ
1424 972 1597 1017 ἀπίκετο
1623 977 1701 1030 τῆς

451 1051 765 1108 Καππαδοκίης
801 1050 845 1103 ἐς
881 1051 962 1108 τήν
1012 1053 1200 1108 Πτερίην
1243 1051 1530 1108 καλεομένην·
1593 1049 1620 1108 ἡ
1655 1051 1702 1095 δὲ

452 1130 612 1186 Πτερίη
641 1130 729 1174 ἐστὶ
756 1134 831 1186 τῆς
857 1130 1001 1189 χώρης
1027 1129 1188 1188 ταύτης
1215 1129 1265 1175 τὸ
1296 1130 1604 1187 ἰσχυρότατον,
1632 1145 1704 1173 κοι-
1714 1137 1759 1171 65

454 1207 509 1251 τα
541 1207 750 1266 Σινώπην
777 1209 906 1255 πόλιν
936 1209 1016 1268 τὴν
1044 1210 1091 1255 ἐν
1118 1209 1315 1268 Εὐξείνῳ
1345 1209 1490 1269 πόντῳ
1518 1206 1703 1268 μάλιστα

399 1413 488 1451 liber
517 1412 574 1451 hic
611 1408 728 1468 λάβῃ.
784 1413 896 1454 Male.
952 1416 1046 1454 Cum

398 1470 495 1508 enim
514 1469 551 1506 in
577 1469 643 1507 hac
667 1475 845 1508 structura
863 1471 1045 1520 legitimus

399 1526 447 1562 sit
480 1526 662 1576 optativus
704 1532 792 1578 post
833 1529 1046 1578 particulam

400 1577 503 1627 ὅκως
517 1610 528 1629 ,
539 1581 673 1620 omissa
682 1584 858 1633 particula
871 1580 935 1631 ἂν,
950 1585 1047 1622 haud

401 1650 482 1675 raro
502 1642 623 1676 tamen
645 1640 741 1689 apud
758 1639 933 1677 Nostrum
954 1640 1049 1679 hanc

400 1694 611 1744 particulam
635 1695 673 1731 in
698 1695 765 1733 hac
788 1700 964 1734 structura
982 1698 1048 1734 ad-

403 1749 515 1786 ditam
531 1750 714 1797 videmus,
744 1764 787 1789 eo
808 1753 937 1802 opinor
961 1766 1048 1790 con-

403 1805 507 1852 silio,
535 1809 576 1843 ut
610 1819 669 1844 res
695 1807 776 1857 ipsa
797 1809 914 1857 magis
932 1809 1049 1846 incer-

402 1866 462 1908 ta,
492 1865 533 1897 ut
554 1874 648 1910 quae
666 1862 743 1901 fieri
762 1867 900 1901 tantmn
917 1868 1047 1914 posset,

402 1917 675 1965 significaretur.
738 1918 829 1957 Inde
862 1915 965 1966 ὅκως
996 1917 1047 1960 ἂν

403 1968 586 2024 -λᾶβοι
602 1974 687 2011 mihi
702 1972 737 2012 h.
759 1975 783 2013 l.
800 1979 876 2014 est:
902 1981 1047 2024 „ut-

405 2041 549 2080 sumere*
560 2030 714 2080 posset.“
770 2031 878 2070 Conf.
917 2032 1050 2071 Matth.

405 2084 443 2136 ὃ.
470 2086 551 2127 520
586 2085 676 2124 Not.
695 2090 723 2129 2
758 2100 796 2139 p.
825 2090 933 2131 1002
961 2090 996 2127 h.
1026 2089 1050 2127 l.

407 2142 500 2179 bene
521 2141 748 2192 laudantem,
777 2148 814 2183 et
824 2144 919 2183 infra
936 2145 967 2194 I,
986 2148 1052 2188 91.

405 2200 470 2239 99.

460 2255 539 2300 κῶς
558 2250 632 2308 γὰρ
653 2251 779 2295 ὀπίσω
795 2253 1056 2310 πορευόμενοι

406 2308 596 2360 διέβησαν
628 2307 772 2364 αὐτόν]
821 2313 942 2364 Vulgo
975 2327 1056 2353 ver·-

405 2369 505 2403 tunt:
549 2381 649 2417 „quo
679 2372 768 2406 enim
794 2371 912 2419 modo,
952 2383 1055 2421 quum

411 2423 538 2458 reversi
546 2428 638 2470 sunt,
645 2426 779 2475 flumen
791 2429 1000 2465 transierunt
1010 2427 1055 2464 ‚2“

410 2490 489 2515 cum
536 2482 748 2519 vertendum
784 2487 896 2521 esset:
954 2495 1056 2533 „quo

409 2536 498 2570 enim
544 2536 640 2573 modo
684 2543 885 2577 revertentes
920 2541 1057 2590 flumen

411 2592 560 2628 transire
590 2596 822 2641 potuz'ssent.“
880 2595 964 2639 Qua
1001 2599 1057 2632 ta-

411 2657 495 2683 men
515 2648 551 2684 in
571 2651 749 2688 sententia
765 2664 842 2689 cum
860 2664 969 2700 aegre
989 2652 1057 2688 mi-

412 2700 447 2738 hi
468 2703 598 2741 deesse
616 2707 798 2745 videretur
812 2708 982 2758 particula
1004 2704 1055 2746 cliv

411 2759 522 2795 verbo
541 2758 728 2811 διέβησαν
745 2764 966 2811 adiicienda,
991 2764 1055 2802 be-

408 2824 456 2850 ne
484 2821 688 2856 monentem
726 2820 845 2857 inveni
878 2819 1053 2857 Matthiae

411 2866 449 2919 ἓ·
467 2871 549 2912 508
568 2877 640 2910 not.
668 2886 704 2926 p.
728 2877 820 2917 968-
879 2876 974 2914 Nam
1004 2876 1051 2914 de

1111 1416 1262 1456 consilio
1288 1417 1501 1468 particulam
1522 1415 1691 1454 omisisse
1708 1415 1762 1452 vi-

1113 1474 1219 1511 detur
1245 1472 1403 1520 Noster,
1452 1485 1525 1523 quo
1555 1472 1611 1510 vel
1643 1472 1763 1521 magis

1112 1530 1287 1567 indicaret
1312 1530 1512 1578 fortiusque
1538 1530 1574 1566 in
1601 1541 1646 1567 eo
1675 1528 1763 1565 insi-

1114 1590 1248 1634 steret,
1278 1586 1346 1623 hoc
1365 1587 1488 1634 utique
1509 1586 1587 1623 fieri
1608 1597 1682 1622 non
1694 1598 1763 1635 po-

1114 1643 1238 1680 tuisse.
1296 1642 1345 1679 Et
1371 1642 1440 1679 alia
1469 1654 1614 1691 quoque
1641 1654 1663 1678 a
1688 1641 1765 1678 viro

1115 1699 1225 1735 docto
1243 1697 1349 1735 allata
1371 1697 1536 1748 exempla
1563 1699 1766 1734 monstrant

1117 1750 1169 1792 ἂν
1189 1754 1256 1791 hae
1287 1755 1324 1790 in
1345 1754 1523 1790 structura
1538 1753 1676 1800 omitti,
1703 1752 1767 1790 ubi

1116 1813 1252 1847 certum
1282 1809 1393 1858 quid,
1430 1809 1528 1846 nulla
1559 1809 1604 1847 ab
1628 1809 1699 1847 alia
1726 1821 1767 1847 re

1115 1866 1192 1903 sive
1215 1866 1435 1915 cogitatione
1460 1866 1627 1917 pendens
1647 1863 1768 1904 decla-

1113 1922 1269 1961 randum
1288 1925 1355 1960 est.

1283 2005 1315 2043 c
1332 2019 1354 2044 a
1367 2020 1404 2058 p.
1428 2005 1600 2046 Lxxvl.

1172 2086 1202 2141 ἦ
1224 2086 1267 2129 δὲ
1288 2090 1438 2142 Πτερίη
1458 2112 1515 2118 -
1537 2087 1663 2130 κατοῖ
1693 2091 1764 2129 Σι-

1119 2142 1260 2196 νώπην
1276 2167 1332 2174 -
1351 2144 1536 2197 κειμένη]
1567 2144 1725 2197 κειμένη
1745 2159 1766 2183 e

1121 2203 1356 2251 Wesselingii
1394 2203 1646 2240 emendatione
1685 2214 1766 2240 cum

1123 2260 1224 2297 editt.
1244 2263 1391 2296 recentt.
1409 2258 1573 2296 dedimus
1585 2272 1651 2309 pro
1667 2258 1766 2308 vulg.

1122 2313 1303 2365 κεομένη.
1361 2315 1500 2353 Dicitur
1517 2314 1770 2353 autemPteria

1122 2383 1139 2408 e
1166 2374 1303 2419 regione
1336 2372 1513 2422 Sinopes,
1556 2384 1650 2421 quae
1686 2371 1769 2422 ipsa

1122 2428 1169 2465 ad
1197 2428 1353 2465 Pontum
1378 2428 1557 2465 Euxinum
1585 2432 1641 2465 est
1666 2427 1768 2475 urbs,

1121 2485 1202 2520 sita.
1259 2484 1375 2521 Notat
1395 2486 1488 2522 enim
1511 2479 1702 2522 hiemato?
1724 2495 1770 2521 ex

1122 2541 1298 2587 adverso,
1329 2553 1370 2577 ex
1387 2542 1539 2591 opposito
1567 2553 1597 2577 s.
1620 2553 1637 2578 e
1654 2541 1770 2589 regio-

1122 2609 1173 2633 ne.
1234 2597 1342 2634 Cous.
1362 2597 1407 2644 ll,
1430 2596 1520 2638 148.
1549 2595 1770 2634 Fischer.ad

1123 2651 1360 2699 Wcller.111‚
1386 2654 1408 2690 b
1439 2666 1525 2704 pag.
1552 2654 1642 2693 177.
1671 2651 1769 2689 Pau-

1123 2722 1200 2746 san.
1221 2709 1268 2756 X,
1284 2709 1338 2750 34
1359 2707 1396 2760 ἓ.
1415 2712 1437 2750 1
1467 2710 1587 2758 ibique
1602 2708 1768 2746 Siebelis.

1121 2763 1179 2801 Ad
1189 2766 1306 2815 ipsum
1317 2770 1566 2813 argumentum
1587 2769 1766 2809 notamus,

1121 2823 1220 2869 quod
1250 2822 1286 2858 in
1320 2821 1473 2859 Diodori
1508 2821 1689 2870 Excerptt.
1718 2819 1766 2855 ab

1120 2878 1215 2927 Aug.
1229 2876 1328 2916 Maio
1343 2890 1459 2929 nuper
1472 2877 1621 2917 detectis
1639 2873 1675 2926 §.
1696 2876 1763 2922 29,
