1909 3228
611 143 1029 183 EUTERPE.
1088 145 1134 182 ΙΙ.

1411 146 1496 186 775

231 255 406 306 στοῖχον
436 255 524 295 τῶν
558 251 832 308 ἀναβαθμῶν
869 251 1109 306 ἀείροντες,
1160 251 1273 302 ὅκως
1301 252 1347 295 δὲ
1377 251 1496 296 ἀνίοι

230 329 254 374 ὁ
285 332 411 381 λίθος
449 329 509 373 ἐπ’
549 330 706 383 αὐτὸν,

766 334 825 383 εἷς
866 331 1014 388 ἑτέρην
1059 331 1258 389 μηχανήν
1303 330 1491 380 ἐτίθετο,

229 410 444 453 ἑστεῶσαν
476 411 543 453 ἐπὶ
571 415 651 453 τοῦ
683 410 861 464 πρώτου
892 413 1087 466 στοίχου·
1141 409 1226 454 ἀπὸ
1255 409 1416 453 τούτου
1447 411 1492 454 δὲ

228 489 296 533 ἐπὶ
324 490 402 533 τόν
433 488 639 544 δεύτερον
677 491 820 534 ἕλκετο
864 495 1038 546 στοῖχον
1079 488 1139 533 ἐπ’
1184 489 1316 546 ἄλλης
1357 507 1492 547 μηχα-

170 710 362 759 superficie
389 708 531 758 aequali
552 721 593 745 ac
612 707 717 755 laevi,
739 708 823 745 bar-

168 767 336 803 barorum
357 765 557 815 rapacitate
590 778 682 802 nunc
706 765 820 801 avulsi

167 826 270 868 sunt,
308 834 355 858 ne
382 834 454 857 uno
484 822 630 869 quidem
662 822 697 858 in
732 823 821 859 sede

166 890 231 914 sua
259 877 396 914 relicto.
455 877 577 914 Etiam
603 878 664 926 qui
698 878 820 927 proxi-

164 947 224 971 me
245 934 479 970 subiacebant
503 946 569 984 per
589 935 722 982 gradus
743 935 819 971 dis-

164 991 306 1041 positi,
343 1003 437 1027 nunc
465 991 603 1028 disiecti
645 995 727 1027 sunt
756 994 819 1027 aut

164 1047 258 1084 aeris
275 1048 490 1096 intemperie
509 1048 703 1096 absumpti.
745 1047 818 1083 Bo-

163 1103 260 1140 reale
291 1103 374 1139 litus
403 1116 492 1152 prae
527 1104 674 1152 reliquis
697 1108 818 1140 vasta-

162 1164 238 1196 tum
258 1173 338 1197 esse
357 1160 523 1196 dicitur.“
558 1159 679 1209 Atque
696 1161 730 1196 in
751 1174 817 1196 no-

162 1221 223 1263 ta,
264 1217 324 1253 ubi
362 1217 674 1265 peregrinatorum
713 1217 816 1254 testi-

162 1273 285 1309 monia
308 1273 426 1318 affert,
440 1273 578 1309 Arabes
601 1274 711 1311 fuisse
729 1286 816 1310 con-

160 1329 256 1375 iicit,
288 1329 349 1377 qui
373 1329 512 1378 lapides
533 1329 614 1366 hinc
631 1330 816 1367 avexerint

160 1385 209 1422 ad
232 1385 331 1421 urbis
356 1385 455 1420 Cairi
485 1385 650 1421 aedificia
677 1390 814 1423 exstru-

160 1442 266 1478 enda.
325 1441 526 1477 Confirmat
555 1441 722 1479 Coutelle
749 1442 770 1477 1.
790 1441 813 1478 1.

158 1510 244 1548 pag.
268 1497 333 1538 50.
392 1497 432 1533 ln
455 1497 567 1533 altera
585 1498 812 1547 Chephrenis

157 1554 347 1604 pyramide
369 1554 459 1601 (vid.
480 1553 525 1599 Il,
549 1556 647 1602 127)
670 1554 810 1604 lapides

156 1611 214 1647 isti
236 1610 340 1661 politi
361 1623 403 1647 ac
422 1610 592 1659 laevigati
621 1611 737 1647 adhuc
765 1623 809 1647 ex

156 1672 262 1716 parte
285 1673 508 1716 comparent,
521 1680 593 1702 non
615 1667 705 1703 ultra
727 1680 810 1715 gra-

159 1724 228 1759 dus
247 1727 520 1772 procurrentes,
536 1724 601 1759 sed
624 1723 712 1758 illud
729 1728 810 1759 tan-

157 1784 232 1815 tum
263 1779 451 1829 implentes
477 1779 631 1828 spatium
655 1779 830 1829 prisma-¹

158 1836 296 1882 ticum,
336 1836 437 1883 quod
472 1836 686 1872 remanebat
714 1836 808 1871 inter

155 1892 323 1928 binorum
350 1892 528 1939 graduum
559 1892 731 1939 angulos;
770 1895 809 1928 ut

156 1947 224 1984 hoc
240 1961 387 1996 quoque
410 1949 518 1984 modo
537 1948 671 1985 hancce
688 1948 809 1984 Cheo-

155 2004 212 2054 pis
250 2004 475 2053 pyramidem
514 2010 646 2041 tectam
694 2004 808 2041 fuisse

155 2061 359 2109 suspiceris
418 2061 500 2097 Vid.
525 2061 654 2109 Zoega
672 2060 693 2096 l.
713 2060 809 2097 laud.

153 2130 240 2167 pag.
262 2116 354 2158 410.
401 2116 617 2154 Adscribam
636 2117 808 2165 denique,

155 2186 251 2221 quae
281 2174 328 2210 de
352 2173 451 2210 hisce
482 2173 663 2223 lapidibus
683 2174 809 2210 obser-

154 2234 215 2266 vat
235 2229 401 2266 Coutelle
424 2230 444 2266 1.
469 2230 491 2266 1.
514 2244 550 2280 p.
571 2231 642 2271 50:
664 2252 745 2277 „—
758 2242 806 2266 on

153 2290 251 2323 reste
279 2286 474 2323 convaincu
509 2300 581 2334 que
615 2286 664 2323 les
697 2299 806 2336 pyra-

154 2342 270 2379 mides
288 2343 389 2378 n’ont
409 2355 473 2392 pas
495 2344 551 2380 ete
572 2344 733 2380 revetues
758 2344 804 2379 de

153 2403 249 2435 cette
275 2400 434 2435 mauiere
460 2403 495 2436 et
519 2413 589 2448 que
608 2400 641 2436 le
658 2400 803 2449 preten-

153 2455 202 2491 du
221 2457 442 2492 revetement
470 2455 562 2492 n’est
591 2469 661 2504 que
684 2456 716 2492 le
738 2468 803 2505 pa-

151 2516 294 2549 rement
323 2512 499 2548 exterieur
519 2541 530 2558 ,
568 2525 660 2562 pour
682 2512 804 2560 lequel

153 2581 201 2604 on
227 2581 248 2604 a
279 2567 442 2617 employe
469 2581 540 2605 une
572 2570 691 2618 pierre
720 2568 800 2617 plus

177 2637 265 2671 ure,
304 2623 384 2674 plus
412 2624 536 2671 egale,
576 2625 656 2675 plus
681 2638 802 2662 susce-

177 2680 263 2717 P¹vle
283 2681 329 2717 de
348 2681 507 2717 recevoir
526 2694 572 2717 un
599 2682 691 2717 beau
714 2681 802 2731 poli,

180 2735 356 2785 qfflcelle,
396 2737 488 2773 dont
518 2742 573 2774 est
604 2738 739 2774 sormee
769 2737 803 2773 la

182 2779 275 2816 Chffl*
285 2792 454 2842 Libyque
473 2807 534 2830 sur
544 2793 700 2844 laquelle
716 2794 802 2832 elles

891 713 976 746 sont
997 708 1212 747 eonstruites
1232 712 1269 746 et
1288 709 1349 758 qui
1367 721 1388 746 a
1401 708 1458 746 ete
1470 721 1546 747 em-

889 766 1019 816 ployee
1039 767 1130 802 dans
1158 765 1192 802 la
1206 765 1434 813 maeonnerie
1453 766 1545 803 inte-

889 822 1016 859 rieure.
1046 844 1101 848 ——
1130 821 1203 858 Les
1224 821 1322 858 blocs
1341 823 1387 859 de
1408 822 1543 870 granit,

889 878 998 927 qu'on
1015 882 1140 915 trouve
1160 891 1205 914 au
1225 879 1312 928 pied
1335 879 1381 916 de
1401 878 1436 915 la
1456 879 1544 914 troi-

887 935 1000 971 sieme
1020 934 1228 984 pyramide,
1259 934 1433 984 quelques
1453 935 1544 972 bou-

887 991 994 1028 tisses
1034 992 1080 1028 de
1117 992 1234 1028 meme
1274 995 1402 1028 nature
1422 1020 1433 1038 ,
1480 991 1542 1040 qui

886 1052 1023 1085 restent
1062 1060 1194 1084 encore
1233 1048 1418 1095 engage'es
1449 1048 1541 1084 dans

886 1103 919 1141 la
939 1105 1169 1152 maqonnerie
1188 1108 1223 1141 et
1245 1108 1328 1140 sont
1356 1117 1401 1140 en
1429 1103 1542 1142 saillie

887 1174 948 1197 sur
969 1160 1019 1197 les
1041 1161 1208 1208 gradins,
1243 1160 1457 1197 confirment
1477 1159 1541 1196 i'o-

885 1217 1009 1266 pinion
1024 1217 1250 1254 ‹l’Herodote
1263 1230 1324 1253 sur
1334 1216 1541 1254 l'existence

887 1274 972 1310 d'un
991 1274 1210 1310 revetement
1230 1286 1275 1310 en
1295 1273 1429 1321 granit,
1453 1285 1540 1310 avec

885 1334 980 1366 cette
1001 1329 1247 1366 circonstance
1259 1358 1269 1375 ,
1294 1329 1378 1378 qu’il
1395 1329 1452 1365 n’a
1470 1342 1537 1379 pas

882 1386 939 1421 ete
960 1385 1080 1433 ajoute
1103 1399 1164 1421 sur
1181 1385 1232 1422 les
1259 1386 1409 1433 gradins
1429 1386 1536 1434 apres

881 1441 915 1477 la
936 1442 1193 1488 construction,
1215 1442 1305 1477 mais
1328 1454 1398 1490 que
1416 1441 1538 1478 e’e'toit

882 1510 929 1533 un
952 1502 1141 1547 parement
1161 1497 1335 1534 construit
1354 1510 1401 1534 en
1421 1498 1537 1534 meme

880 1558 998 1603 temps
1019 1567 1090 1602 que
1106 1554 1139 1590 la
1161 1554 1456 1604 pyramide.“—
1477 1553 1536 1590 De

878 1610 1072 1656 machinis,
1104 1611 1357 1656 ferramentis,
1389 1611 1436 1646 ad
1466 1623 1533 1659 py-

878 1668 1036 1704 ramides
1075 1668 1311 1703 exstruendas
1347 1666 1534 1713 adhibitis,

877 1723 1107 1772 disputarunt
1127 1723 1288 1760 Meister.
1301 1752 1311 1769 ,
1344 1722 1533 1769 Niebuhr„

875 1779 945 1824 alii,
965 1792 1056 1827 quos
1077 1779 1163 1814 citat
1182 1779 1293 1815 Beck.
1311 1777 1332 1813 l.
1348 1778 1368 1813 1.
1386 1792 1422 1828 p.
1438 1781 1531 1819 709.

874 1834 969 1871 Add.
988 1836 1084 1871 Hirt.
1106 1834 1129 1871 1.
1147 1835 1168 1871 1.
1191 1848 1277 1885 pag.
1302 1834 1368 1875 25.

931 1942 1034 1991 ὅκως
1064 1943 1107 1985 δὲ
1135 1942 1241 1985 ἀνίοι
1270 1945 1293 1985 ὁ
1323 1946 1441 1993 λίθος
1468 1944 1528 1986 ἐπ’

879 1997 1022 2053 αὐτὸν]
1053 2003 1180 2053 Suppl.
1203 2006 1378 2053 στοῖχοντ
1398 2006 1531 2053 quoties

878 2060 970 2109 lapis
994 2060 1214 2109 perveniebat
1241 2073 1277 2095 eo
1307 2074 1335 2096 s.
1364 2060 1411 2096 cul
1440 2061 1529 2097 hunc

877 2116 1051 2163 ordinem,
1077 2116 1145 2153 alie·
1159 2116 1341 2153 machinae
1361 2120 1530 2166 superim-

869 2173 1081 2223 ponebatur,
1113 2186 1200 2222 qnae
1228 2175 1265 2209 in
1291 2173 1353 2209 hoc
1374 2175 1450 2223 ipso
1471 2187 1527 2210 or-

875 2230 954 2266 dine
979 2232 1050 2266 iam
1070 2233 1206 2279 parata
1236 2229 1366 2266 stabat.
1400 2252 1456 2256 —
1485 2230 1528 2267 In

874 2300 976 2335 seqq.
998 2299 1064 2336 pro
1086 2285 1247 2324 εἵλκετο
1265 2300 1343 2323 cum
1354 2286 1521 2334 Schwgh.

873 2347 910 2379 et
949 2343 1065 2379 Gaisf.
1099 2343 1185 2379 dedi
1224 2341 1371 2381 ἕλκετο.
1436 2342 1527 2380 Post

873 2398 1002 2438 ἕλκετο
1025 2403 1179 2449 στοῖχον
1208 2400 1383 2436 excidisse
1412 2411 1525 2447 quae-

872 2457 957 2492 dam
986 2460 1091 2505 putat
1121 2455 1344 2504 Schweigh.:
1384 2453 1450 2493 καὶ
1481 2454 1524 2494 ἐκ

871 2514 942 2550 τοῦ
973 2510 1156 2563 δευτέρου
1194 2510 1258 2550 ἐπὶ
1287 2508 1356 2551 τόν
1392 2511 1524 2561 τρίτον

869 2571 1035 2618 στοῖχον.
1104 2568 1197 2604 Mihi
1234 2581 1335 2605 secus
1369 2568 1521 2606 videtur.

868 2624 928 2661 Ad
949 2640 1025 2675 χαμ
1038 2620 1061 2663 ἀ
1077 2629 1152 2663 θεν
1180 2626 1344 2661 conferas
1364 2623 1520 2661 Moerid.

869 2694 956 2731 pag.
970 2683 1073 2728 409,
1096 2681 1155 2718 ubi
1176 2676 1359 2727 Ἀττικῶς
1381 2681 1431 2717 sic
1449 2681 1520 2717 dici

870 2742 1016 2785 monet,
1061 2737 1301 2787 Ἑλληνικοῖς
1330 2732 1518 2789 χαμόθεν.

869 2794 946 2832 Ubi
968 2794 1040 2832 vid.
1060 2794 1226 2832 Pierson.
