1877 3223
644 226 857 265 CLIO.
914 227 940 264 1.
1334 225 1417 268 205

165 339 240 389 δος
267 336 445 393 μοίρης,
486 335 808 392 ἀποταμόμενοι
838 335 963 392 ἔσχον
992 336 1035 379 οἱ
1063 335 1410 391 Λακεδαιμόνιοι.
1423 343 1469 378 75

163 411 218 472 ἦν
247 416 292 460 δὲ
320 416 394 460 καὶ
422 414 449 472 ἦ
481 416 604 472 μέχρι
630 419 818 460 Μαλεῶν
846 415 874 471 ἡ
903 415 1014 471 πρός
1052 413 1234 472 ἕσπέρην
1256 412 1412 470 Ἀργεί-

106 625 268 675 inprimis
287 630 383 661 terra
402 624 486 671 fuit,
515 624 562 661 de
579 636 650 673 qua
664 624 751 663 inde

106 682 153 718 311
179 681 426 729 antiquissima
448 685 566 717 aetate
598 686 751 730 utraque

107 750 198 786 gens
217 738 464 787 disceptabat,
484 736 657 786 varioque
670 751 751 774 suc-

106 806 211 830 cessu
233 794 402 830 certabat.
461 792 522 828 Sic
551 798 635 841 post
664 794 751 829 Phi-

104 850 257 895 donem,
304 853 494 896 tyrannum
523 848 751 898 Argivorum,

102 906 220 942 denuo
240 908 439 954 pugnatum
462 904 613 953 legimus
624 906 751 954 Olym-

100 961 209 1011 piade
232 961 314 1008 XV,
342 959 571 1010 Argivosque
595 962 747 1000 victores

100 1017 313 1055 discessisse
344 1030 364 1054 e
391 1030 517 1067 pugna
539 1018 585 1054 ad
613 1018 748 1067 Hysias

100 1074 292 1111 commissa
330 1073 476 1124 Olymp.
514 1074 676 1122 XXVII,
708 1074 746 1115 4.

99 1130 270 1179 Sequitur
308 1130 393 1166 dein
426 1142 550 1179 pugna
580 1129 658 1178 illa,
699 1132 746 1169 de

99 1199 170 1236 qua
188 1187 223 1223 h.
247 1186 269 1222 l.
285 1186 516 1233 Herodotus,
554 1188 746 1224 commissa

98 1244 190 1280 circa
229 1242 436 1291 Oljmpiad.
473 1241 615 1289 LVIII,
645 1243 745 1280 cuius

95 1298 305 1337 memoriam
332 1298 489 1335 carmina
515 1298 747 1336 celebrabant

95 1355 132 1392 in
162 1354 351 1392 Laconum
370 1354 656 1403 Gymnopaediis
686 1369 745 1393 re-

95 1411 195 1449 citari
228 1410 355 1456 solita;
402 1413 443 1446 ut
472 1409 528 1447 vel
561 1411 646 1448 inde
676 1411 745 1448 1100

94 1469 213 1518 ipsum
249 1468 380 1504 festum
410 1466 564 1516 Spartae
593 1467 744 1504 'institu-

94 1529 170 1562 tum
194 1523 308 1561 fuisse
335 1522 456 1560 velint.
515 1522 612 1560 Nam
635 1523 741 1560 huius

92 1585 248 1627 tractus,
289 1579 452 1628 quamvis
481 1579 623 1628 exigui,
652 1593 742 1630 pos-

96 1638 212 1674 sessio
237 1635 386 1673 multum
406 1639 528 1673 tamen
554 1635 666 1672 valuit
693 1637 742 1673 ad

93 1707 152 1731 res
172 1692 358 1729 Laconum
383 1692 578 1728 firmandas
598 1705 741 1730 eorum-

94 1762 166 1798 que
197 1748 385 1797 imperium
415 1747 453 1783 in
484 1748 740 1798 Peloponneso

93 1804 365 1850 stabiliendum,
396 1816 506 1851 quum
524 1805 627 1841 facile
646 1818 741 1841 1111110

93 1862 212 1898 aditus
251 1863 392 1909 pateret
434 1860 482 1895 ad
528 1858 740 1908 Argolidem

93 1922 225 1955 terram
243 1917 392 1964 eiusque
410 1916 527 1952 urbes.
586 1915 647 1952 Tu
669 1916 739 1952 vid.

91 1978 236 2023 praeter
266 1985 329 2017 ea,
361 1983 456 2020 quae
478 1970 742 2019 W'esselingius

90 2029 238 2075 laudat,
281 2027 536 2076 wyttenbach.
562 2028 610 2064 ad
646 2027 739 2064 Plat.

54 2087 60 2097 ’“
89 2084 227 2122 Ρ1130(1.
272 2097 308 2134 p.
344 2085 445 2130 236,
483 2084 530 2119 ad
560 2083 739 2120 Plutarch.

89 2141 218 2178 Moral.
237 2140 273 2186 I,
295 2143 320 2180 2
350 2152 434 2188 pag.
458 2141 576 2179 1176.
609 2140 651 2175 C.
690 2140 737 2176 O.

89 2197 229 2234 Miiller.
247 2196 335 2233 Dor.
348 2195 409 2245 Ip.
428 2194 507 2236 154
524 2208 627 2244 seqq.
645 2195 734 2236 158.

89 2253 149 2291 De
193 2252 479 2301 Gpnnopaediis
532 2251 738 2288 consulatur

90 2308 283 2346 Ruhnken.
303 2308 351 2343 ad
369 2307 512 2344 Timaei
530 2306 620 2344 Lex.
640 2307 733 2344 Plat,

91 2377 127 2413 p.
149 2364 204 2405 74
232 2369 268 2402 et
296 2376 390 2412 quae
427 2364 474 2399 ad
504 2363 641 2400 Herod.
672 2363 735 2411 VI,

92 2422 145 2459 67
173 2421 343 2457 dicentur.
390 2419 572 2467 Thyream
604 2419 732 2470 ipsam,

92 2487 185 2523 quae
224 2476 260 2512 111
291 2475 449 2523 Cynuria
480 2475 630 2524 regione
664 2476 734 2513 sita

91 2535 170 2577 est,
199 2544 292 2567 nunc
304 2531 426 2567 volunt
451 2545 533 2568 esse
559 2531 733 2582 Amethy-

90 2599 173 2633 νεα,
221 2587 291 2623 11151
333 2599 431 2623 error
461 2587 498 2622 in
546 2588 731 2635 vocabulo,

88 2647 258 2680 monente
285 2642 328 2678 C.
359 2642 404 2678 Ο.
430 2641 582 2680 Miillero
603 2643 625 2679 l.
646 2643 668 2679 l.
696 2643 731 2681 II

87 2711 124 2747 p.
150 2699 243 2739 438.
285 2696 357 2741 Qui
374 2698 470 2734 idem
491 2698 528 2734 in
547 2698 728 2747 Aeginett.

88 2766 176 2803 pag.
200 2754 254 2795 46
274 2753 320 2790 de
340 2753 420 2802 ipsa
430 2753 589 2801 Cynuria
607 2755 730 2806 dispu-

88 2809 178 2846 tavit
197 2810 312 2855 terra,
343 2809 472 2857 exigua
499 2810 664 2858 quidem,
693 2812 730 2848 in

88 2865 241 2903 confinio
286 2864 488 2913 Argolidis‚
534 2865 728 2914 Laconiae,

816 623 1011 671 Arcadiae,
1034 624 1082 660 ad
1102 622 1307 660 Parnonem
1328 625 1364 660 et
1373 620 1464 658 Par-

816 681 974 718 thenium
1002 680 1072 717 sita
1104 680 1197 717 circa
1229 678 1368 716 Panum
1397 680 1464 715 flu-

818 737 924 774 vium.

875 808 926 843 ην
946 789 988 831 δὲ
1011 791 1078 831 καὶ
1105 789 1134 842 ἦ
1155 790 1221 843 μέγ
1213 807 1264 858 ρι
1286 792 1464 829 Μαλεων

818 846 848 899 ἦ
885 864 987 897 ποος
1033 847 1201 899 ἕσπέρην
1249 843 1461 899 Ἀργείων]

818 903 1088 956 81111111χῶρη,
1107 910 1146 941 111
1165 906 1255 942 haec
1275 905 1323 940 sit
1343 904 1465 941 Hero-

818 962 893 998 doti
907 962 1105 1000 sententia:
1123 960 1340 1009 Argivorum
1352 961 1464 996 fuisse

817 1031 918 1055 oram
948 1018 1189 1068 Peloponnesi
1218 1030 1361 1054 omnem
1378 1016 1463 1052 inde

816 1087 838 1111 a
848 1074 996 1123 Thyrea
1011 1087 1126 1123 usque
1137 1074 1185 1110 ad
1200 1072 1358 1110 Maleam
1376 1085 1463 1122 pro-

814 1131 1031 1168 montorium
1078 1130 1199 1178 (quae
1229 1129 1309 1166 Ioni
1336 1142 1378 1166 30
1405 1128 1463 1166 vel

813 1187 882 1236 ipsi
899 1186 1034 1235 Argivo
1056 1187 1104 1223 ad
1123 1198 1289 1223 occasum
1314 1186 1383 1222 sita
1409 1185 1463 1221 vi-

813 1243 891 1280 deri
915 1246 1057 1293 potest,
1097 1255 1177 1279 cum
1207 1243 1252 1279 ab
1286 1240 1463 1290 Argolide

812 1311 929 1347 usque
965 1300 1013 1335 ad
1049 1299 1137 1335 illud
1175 1298 1462 1348 promontorium

811 1367 961 1391 occasus
988 1367 1112 1391 versus
1142 1355 1228 1392 inde
1255 1353 1400 1403 tendat)
1424 1358 1462 1392 et

810 1413 945 1447 terram
975 1411 1219 1448 confinentem
1249 1414 1286 1447 et
1324 1410 1460 1458 Cythe-

810 1479 887 1502 ram
922 1466 1074 1503 insulam
1104 1466 1335 1515 reliquasque
1357 1467 1459 1503 insu-

812 1522 878 1559 las·
952 1522 1064 1561 Unde
1107 1527 1210 1573 patet
1254 1535 1460 1561 sermonem

809 1578 865 1616 hic
885 1592 966 1616 esse
983 1580 1030 1616 de
1056 1592 1100 1616 ea
1119 1579 1363 1629 Peloponnesi
1380 1580 1457 1627 ora,

809 1647 918 1684 quam
955 1635 1168 1673 orientalem
1196 1649 1263 1672 nos
1287 1649 1458 1673 vocamus

808 1705 923 1740 usque
941 1692 989 1728 ad
1007 1692 1166 1728 Maleam
1180 1721 1190 1738 ,
1211 1693 1309 1730 unde
1329 1693 1377 1730 ad
1396 1706 1458 1730 oc-

808 1748 986 1784 cidentem
1014 1749 1131 1797 vergit
1152 1761 1236 1794 ora3
1276 1750 1323 1787 ad
1347 1762 1457 1798 quam

807 1805 960 1840 eandem
980 1805 1161 1854 pertinent
1180 1806 1289 1842 urbes
1308 1806 1457 1843 Prasiae

808 1860 1024 1909 Cyphanta,
1055 1860 1281 1909 Epidaurus,
1319 1861 1456 1911 Epide-

807 1914 891 1951 lion.
952 1916 1036 1958 Quo
1072 1916 1149 1952 iure
1173 1916 1283 1964 igitur
1313 1918 1359 1954 de
1392 1918 1456 1954 ora

807 1971 1018 2007 occidentali
1052 1971 1103 2017 („
1117 1972 1175 2008 die
1203 1985 1320 2020 ganze
1346 1972 1455 2009 West-

807 2026 913 2064 kiiste
942 2027 1006 2063 des
1027 2026 1260 2076 Peloponnes
1289 2029 1344 2065 bis
1372 2029 1454 2066 Ma-

807 2082 889 2131 lea)
929 2083 972 2118 C.
1001 2083 1046 2120 Ο.
1078 2083 1251 2121 Miillerus
1291 2085 1405 2133 (Dor.
1436 2085 1454 2123 I

806 2152 842 2188 p.
868 2138 974 2187 154)
1005 2139 1174 2189 accipiat,
1214 2141 1294 2190 ipse
1318 2142 1451 2179 videat.

803 2195 904 2231 Idem
924 2199 1031 2232 antea
1061 2196 1262 2244 (Aeginett.
1281 2197 1450 2247 pag.54)

803 2251 1033 2299 quaesierat,
1067 2264 1138 2300 quo
1161 2257 1324 2302 tempore
1340 2254 1452 2291 hocce

802 2306 983 2344 Laconiae
1003 2308 1085 2344 litus
1104 2309 1141 2344 in
1159 2308 1375 2357 Argivorum
1386 2307 1451 2346 'di-

800 2363 935 2399 tionem
984 2364 1143 2411 venerit,
1198 2365 1308 2414 idque
1356 2366 1449 2404 inter

800 2418 1003 2456 Echestrati
1017 2420 1111 2468 regis
1120 2424 1262 2471 tempus
1271 2427 1306 2459 et
1320 2423 1449 2471 Olym-

799 2476 944 2526 piadem
989 2477 1349 2525 undesexagesimam
1392 2480 1449 2516 fa-

801 2536 895 2569 ctum
922 2533 987 2568 sub
1011 2546 1098 2582 rege
1117 2532 1330 2582 Argivorum
1360 2535 1447 2571 Phi-

800 2588 896 2625 done
916 2593 1139 2635 asseruerat,
1159 2603 1238 2627 cum
1256 2596 1340 2629 ante
1357 2591 1446 2628 Phi-

799 2645 932 2681 donem
950 2657 1090 2682 summa
1111 2645 1355 2697 Peloponnesi
1379 2661 1446 2698 pe-

798 2713 864 2737 nes
884 2701 1085 2750 Spartanos
1104 2702 1210 2739 fuerit
1241 2708 1276 2741 et
1296 2705 1344 2740 ad
1362 2717 1445 2741 eos-

799 2758 882 2794 dem
914 2762 999 2806 post
1039 2757 1241 2796 Phidonem
1279 2773 1443 2797 eversum

797 2825 944 2861 quoque
971 2813 1127 2850 redierit.
1187 2816 1291 2859 Quae
1319 2820 1441 2853 tamen

796 2874 880 2919 post
909 2869 977 2920 ipsi
1020 2869 1139 2917 (Dor.
1167 2871 1183 2907 I
1216 2885 1300 2922 pag.
1334 2871 1441 2919 154)
