1909 3228
677 187 887 227 CLIO.
945 190 972 227 I.

1365 194 1446 233 261

196 301 270 353 τῆς
300 297 505 352 Κολχίδος
535 295 586 340 οὐ
615 298 779 341 πολλὸν
806 296 1045 355 ὑπερβῆναι
1066 298 1108 350 ἐς
1127 298 1205 355 τὴν
1226 300 1442 356 Μηδικὴν,

197 373 305 418 ἀλλὰ
333 377 382 418 ἓν
411 375 458 418 τὸ
488 375 557 419 διὰ
588 375 723 432 μέσου
755 378 882 428 ἔθνος
921 376 1068 421 αὐτῶν
1105 378 1213 431 ἐστὶ,
1262 377 1446 422 Σάσπει-

198 470 267 508 9⁸3
279 469 288 478 '

139 644 279 677 tantum
302 641 440 678 dierum
470 640 537 677 iter
558 641 653 678 dicat
674 654 784 690 expe-

141 697 216 733 dito
238 697 314 733 viro
333 709 412 734 eum
432 701 582 732 tractum
595 709 785 746 permean-

139 754 184 800 ti,
218 753 278 801 qui
298 765 320 789 a
338 752 425 788 mari
442 753 704 790 mediterraneo
723 766 786 788 us-

140 822 210 857 que
238 809 285 845 ad
315 807 471 844 Pontum
502 808 681 844 Euxinum
719 822 786 858 per

139 865 260 901 Asiam
280 864 452 900 minorem
473 865 602 910 tendit,
618 865 783 913 Schwgh.

136 920 363 957 Herodotum
393 920 448 956 hie
474 920 571 969 loqui
598 926 710 969 negat
739 922 784 959 de

137 989 181 1013 ea
199 976 396 1013 Maeotidis
408 976 548 1026 paludis
561 982 676 1026 parte,
692 990 785 1025 quae

138 1032 303 1069 Colchidi
340 1037 396 1068 est
433 1033 616 1082 proxima,
663 1046 784 1070 verum

138 1089 184 1126 de
215 1088 308 1124 ostio
330 1088 559 1135 Maeotidis„
579 1093 615 1126 et
638 1090 784 1137 quidem

136 1145 182 1182 de
203 1144 372 1182 ulteriore
391 1157 455 1180 ora
480 1143 569 1180 illius
593 1145 694 1192 ostii,
724 1145 783 1182 ubi

136 1201 410 1238 Cimmeriorum
428 1200 511 1237 olim
530 1201 630 1238 fuere
653 1201 781 1247 sedes,

135 1256 213 1294 coll.
236 1256 298 1303 IV,
326 1258 374 1296 11
396 1269 474 1304 seq.

191 1308 241 1351 οὔ
252 1309 399 1350 πολλόν
420 1310 641 1361 ’ὑπερβῆναι
660 1310 697 1358 ἒς
709 1308 782 1361 τὴν

136 1365 353 1418 Μηδικήν]
392 1366 449 1404 Ad
481 1372 694 1404 structuram
716 1368 782 1404 Ioci

133 1424 402 1474 grammaticam
433 1423 563 1473 supple
586 1422 687 1472 ἐστίς
716 1437 782 1460 non

133 1481 278 1518 multum
298 1481 366 1528 (sc.
388 1479 523 1516 itineris
547 1480 635 1527 est),
666 1484 781 1517 trans-

132 1537 287 1574 scendere
304 1539 342 1573 in
356 1535 528 1573 Μεᾱίαηι.
558 1536 654 1573 Nam
664 1534 782 1587 157th-

134 1593 288 1645 βαίνειν
309 1593 527 1641 transgredi,
546 1593 717 1641 frequens
735 1594 782 1632 de

134 1650 334 1697 montibus,
363 1649 490 1686 fluviis.
535 1648 595 1686 De
613 1650 693 1698 ipsa
712 1649 782 1697 via,

135 1706 207 1755 qua
226 1718 299 1741 non
317 1705 420 1742 valde
438 1704 548 1752 longa
570 1707 606 1741 in
616 1705 778 1742 Mediam

134 1774 156 1799 e
177 1761 350 1798 Colchide
377 1761 554 1810 perveniri
582 1774 692 1810 posse
720 1761 779 1798 hie

134 1821 256 1854 narrat
272 1816 505 1862 Herodotus,
534 1816 673 1852 monuit
698 1816 779 1852 Rit-

134 1877 202 1911 ter.
221 1872 423 1909 Erdkunde
439 1871 473 1907 lI
492 1885 527 1920 p.
539 1874 618 1912 911
634 1899 644 1918 ,
675 1871 779 1907 Plinii

135 1941 282 1978 quoque
302 1927 506 1965 testimonio
525 1928 635 1964 accito
665 1927 780 1974 (Hist.

133 1984 222 2023 Nat.
242 1983 293 2021 VI
306 2014 315 2031 ‚
337 1985 420 2031 19),
452 1983 512 2031 qui
530 1983 671 2019 Indicas
689 1996 784 2020 mer-

135 2055 194 2079 ces
222 2040 260 2077 in
288 2041 423 2088 Cyrum
450 2039 594 2075 fluvium
625 2052 668 2075 ex
692 2039 783 2075 mari

135 2096 272 2146 Caspio
294 2096 503 2142 subvectas,
542 2096 690 2144 quinque
715 2108 782 2131 mm

134 2153 285 2202 amplius
304 2152 436 2189 dierum
453 2154 582 2187 terreno
598 2153 720 2187 itinere
733 2151 781 2187 ad

134 2209 270 2246 Phasin
287 2208 325 2245 in
344 2208 501 2244 Pontum
521 2206 646 2245 devehi
668 2220 779 2256 posse

135 2265 268 2302 scribit.
326 2264 409 2308 Quo
432 2264 469 2300 in
489 2263 615 2301 itinere
639 2262 779 2299 aPhasi

134 2332 250 2369 usque
286 2321 337 2357 ad
366 2321 501 2368 Cyrum
531 2319 696 2357 curribus
737 2331 780 2356 ac

135 2375 306 2426 plaustris
343 2377 391 2412 ad
425 2388 561 2413 merces
595 2374 778 2412 vehendas

136 2435 275 2468 veteres
308 2445 394 2468 usos
425 2445 506 2469 esse
537 2432 632 2468 idem
656 2434 781 2468 monet

137 2487 298 2523 Ritterus
312 2488 468 2535 indeque
488 2488 665 2535 insignem
675 2500 780 2536 repe-

137 2543 182 2579 fit
195 2541 406 2579 Bactrorum
415 2548 452 2580 et
463 2543 677 2579 Colchorum
688 2555 781 2579 mer-

138 2602 318 2645 caturam,
349 2611 442 2646 quae
458 2599 537 2647 ipsa
556 2599 603 2635 ad
621 2598 711 2635 illius
724 2611 781 2636 re-

139 2653 259 2702 gionis
280 2666 322 2690 ac
347 2655 504 2690 fluminis
531 2655 684 2701 famam,
728 2658 782 2691 tot

138 2709 271 2747 sabulis
314 2709 528 2747 celebratam
561 2722 781 2761 magnopere

138 2765 297 2803 valuerit.

195 2817 292 2861 ἄλλά
310 2820 357 2862 ἓν
377 2817 418 2861 τὸ
434 2817 499 2860 διοὶ
515 2819 636 2875 μέσου
659 2820 779 2870 ἔθνος

339 458 469 497 τοῦτο
501 455 546 498 δὲ
575 456 1007 513 παραμειβομένοισι,
1045 454 1156 500 εἶναι
1186 456 1231 500 ἐν
1259 460 1313 513 τῇ
1346 460 1438 514 Mn·

854 636 987 680 αὐτῶν
1017 639 1119 689 ἐστὶ,
1155 636 1400 694 Σάσπειρες]
1457 644 1498 680 ln

851 698 1002 735 lectione
1013 693 1230 747 Σάσπειρες
1249 699 1326 736 libri
1347 713 1499 737 consen-

851 754 966 801 tiunt,
991 755 1040 790 ita
1058 758 1097 790 ut
1109 754 1195 790 nihil
1211 756 1259 792 sit
1277 756 1498 792 mutandum.

852 809 966 846 Paulo
1007 810 1154 847 inferius
1192 811 1231 856 l,
1270 814 1348 852 110
1394 811 1498 848 huius

853 866 972 915 gentis
998 870 1130 903 terram
1165 867 1249 903 dicit
1276 867 1380 904 valde
1397 880 1499 903 mon-

853 927 983 969 tosam,
1000 922 1108 959 altam
1129 921 1312 971 sylvisque
1335 936 1495 973 opacam.

853 977 901 1014 Et
920 979 1012 1014 conf.
1032 982 1220 1027 praeterea
1241 980 1287 1015 ‹le
1306 980 1375 1014 situ
1393 979 1498 1015 huius

852 1034 1009 1070 nationis
1033 1034 1207 1071 Nostrum
1234 1034 1307 1080 HI,
1341 1034 1404 1075 94.
1435 1035 1498 1082 IV,

851 1091 916 1131 37.
947 1090 1035 1136 VH,
1058 1092 1110 1130 79
1136 1102 1178 1126 ac
1194 1090 1296 1139 plura
1315 1091 1499 1128 disseren-

851 1149 924 1182 tem
940 1145 1158 1182 Larcherum
1178 1146 1215 1182 in
1231 1147 1304 1183 ἰοὶ).
1328 1147 1498 1195 Geogra-

850 1202 955 1251 phica
975 1201 1058 1237 VIII
1078 1214 1163 1251 pag.
1186 1201 1267 1242 482
1288 1215 1365 1250 seq.
1396 1202 1498 1240 Ren-

849 1257 919 1293 nel.
934 1257 1146 1306 Geograph.
1164 1257 1342 1295 Herodot.
1352 1272 1387 1308 p.
1401 1258 1494 1299 503⁹.

849 1313 1013 1356 Quorum
1026 1314 1369 1362 edisputationibuS,
1390 1327 1497 1363 prae-

848 1367 971 1405 sertim
998 1369 1029 1404 si
1063 1369 1256 1415 adieceris,
1293 1381 1387 1416 quae
1414 1369 1496 1406 Rit-

848 1427 947 1460 terus
988 1425 1126 1460 notavit
1161 1424 1197 1460 in
1232 1423 1432 1461 Erdkunde
1462 1424 1499 1462 If

849 1492 934 1530 pag.
958 1481 1040 1521 922
1052 1509 1061 1527 ,
1092 1480 1178 1516 illud
1190 1480 1354 1527 efficitur,
1366 1480 1495 1530 Saspi-

848 1548 907 1572 res
932 1536 1115 1574 habitasse
1148 1537 1240 1573 circa
1271 1537 1497 1586 superiorem

849 1592 986 1640 Cyrum
1009 1593 1155 1629 fluvium
1176 1593 1218 1628 iis
1240 1593 1319 1630 sere
1344 1593 1381 1628 in
1397 1594 1496 1641 regi-

849 1649 977 1684 onibus
991 1648 1186 1697 Georgiae,
1206 1649 1242 1684 in
1262 1649 1497 1697 quibusnunc

853 1703 888 1741 T
886 1705 961 1754 iflis
981 1705 1051 1741 sita
1077 1710 1149 1752 est,
1181 1717 1348 1753 quaeque
1368 1706 1495 1742 etiam-

847 1772 930 1796 num
955 1766 1128 1797 vocantur
1159 1760 1494 1807 Tsclaz‘n-Kartuee,

849 1819 885 1852 et
913 1814 1016 1865 plura
1046 1817 1230 1852 continent
1264 1815 1361 1864 loca,
1401 1829 1493 1864 quo-

846 1883 925 1907 rum
949 1873 1095 1907 nomina
1121 1871 1297 1920 incipiunt
1315 1884 1337 1906 a
1358 1871 1497 1918 syllaba

852 1925 982 1962 Tschin
992 1940 1004 1970 ‚·
1034 1928 1132 1963 unde
1146 1926 1336 1963 verisimile
1353 1927 1500 1963 videtur

846 1981 1011 2028 Rittero,
1041 1982 1209 2031 Saspires
1240 1995 1321 2019 esse
1340 1983 1490 2019 eosdem

847 2042 956 2086 atque
974 2038 1097 2074 Iberos
1120 2037 1310 2074 orientales
1322 2066 1332 2084 ,
1348 2039 1497 2075 nomine

846 2094 927 2143 ipso
958 2094 1043 2131 inde
1074 2095 1314 2140 conformato,
1346 2094 1392 2130 de
1413 2094 1492 2142 qui-

848 2150 915 2186 bus
954 2155 1038 2199 post
1077 2149 1207 2187 Graeci
1254 2153 1308 2185 tot
1350 2149 1494 2185 fabulas

847 2206 1025 2243 finxerint.
1121 2205 1228 2241 Conf.
1279 2204 1492 2242 Billerbeck.

845 2261 946 2299 Diss.
968 2263 1014 2299 de
1033 2260 1143 2299 Asiae
1155 2261 1333 2298 Herodot.
1346 2261 1491 2298 difficili.

845 2330 930 2368 pag.
952 2321 1002 2358 21
1025 2322 1100 2354 not.

902 2376 1016 2412 τοῦτο
1040 2371 1081 2412 δὲ
1102 2369 1497 2423 παραμειβομένοισι,

848 2425 952 2469 εἶναι
980 2429 1022 2469 ἐν
1046 2432 1096 2482 τῇ
1115 2426 1308 2482 Μηδικῇ]
1337 2427 1493 2464 Adinfi-

847 2486 997 2524 nitivum
1028 2483 1129 2525 εἶναι
1153 2485 1326 2535 supplent
1357 2483 1490 2531 ἔξεστι,

848 2544 949 2591 quod
976 2543 1094 2593 aptius
1124 2542 1286 2587 videtur,
1324 2553 1432 2588 quam
1461 2538 1497 2575 s'r

847 2597 1002 2651 λέγουσι
1021 2599 1193 2635 omissum
1210 2600 1359 2632 statuas.
1376 2594 1492 2633 Nam-

847 2667 919 2703 que
953 2655 1163 2692 infinitivum
1201 2665 1274 2701 quo
1304 2652 1419 2688 minus
1448 2662 1492 2688 ex

847 2711 981 2748 omissa
1002 2709 1176 2760 particula
1211 2704 1307 2746 ὥστε
1338 2707 1492 2757 explice-

846 2780 949 2815 mus,
983 2766 1134 2817 impedit
1163 2764 1292 2816 opinor
1316 2762 1496 2815 particula

847 2821 900 2862 δέ,
