1877 3223
39 732 104 776 43

644 221 859 264 CLIO.
915 224 943 261 Ι.

1354 229 1436 268 103

127 331 311 385 2,,ἵσχον
341 330 570 386 ἐμεωυτόν.
617 333 701 373 νῦν
729 332 796 383 δὲ,
835 332 924 376 ἐπεί
954 347 999 375 τε
1029 331 1083 376 σύ
1110 333 1328 386 σπεύδεις,
1360 336 1434 379 καὶ

152 442 177 460 ,,
188 410 254 452 δεῖ
279 425 347 453 τοι
376 412 645 465 χαρίζεσθαι,
677 408 858 466 (ὀφείλω
883 409 967 466 γάρ
989 422 1034 454 σε
1058 409 1310 467 ἀμείβεσθαι
1331 429 1433 470 χρη-

153 490 367 542 ,,στοῐσι.)
397 491 559 533 ποιέειν
582 490 665 546 εἰμὶ
698 489 866 545 ἑτοῖμος
898 493 1046 533 ταῦτα.

1106 490 1240 535 παῖδα
1267 507 1310 535 τε
1340 491 1432 543 σὸν,

152 569 264 620 »τὸν
298 568 561 613 διακελεύεαι
596 567 858 625 φυλάσσειν,
908 568 1109 626 ἀπήμονα
1151 574 1232 614 τοῦ
1269 568 1431 625 φυλάσ-

150 659 339 700 ,,σοντος
369 650 528 692 εἵνεκεν
549 646 774 701 προσδόκα
794 665 861 693 τοι
884 647 1239 705 απονοστήσειν.α

149 806 254 861 μετὰ
280 811 416 850 ταῦτα
444 806 719 863 εξηρτυμένοι
753 807 905 862 λογασι
931 824 975 851 τε
999 810 1195 865 νεηνίῃσι
1221 807 1292 851 καὶ
1314 807 1427 851 κυσί.
1477 831 1535 858 Cr»
1538 830 1683 858 esifflium
1700 807 1748 858 θ’,ζῗ

1503 772 1578 790 rum
1596 750 1623 790 le

1475 799 1512 824 ab
1545 806 1579 823 eo

125 883 406 941 Ξοέπικόμενοι
431 886 476 929 δε
506 887 549 937 ἐς
577 885 655 929 τὸν
680 887 920 943 Οὔλυμπον
950 887 997 931 τὸ
1030 887 1156 943 ὄρος,
1188 883 1355 943 ἐζήτεον
1378 883 1428 928 τό
1476 864 1555 892 “nh‘'

145 965 326 1018 θηρίον·
368 962 568 1020 εὑρόντες
607 964 674 1017 δὲ,
714 966 786 1008 καὶ
810 964 1085 1021 περιστάντες
1124 965 1231 1009 αὐτὸ
1269 964 1427 1019 κύκλῳ,

145 1041 432 1098 ἐσηκόντιζον.
464 1044 574 1087 ἔνθα
593 1042 645 1099 δή
669 1042 691 1087 ὁ
723 1045 879 1098 ξεῖνος,
912 1041 1042 1097 οὗτος
1070 1043 1163 1101 61>6
1185 1042 1475 1098 καθαρθεὶςὸο

144 1120 221 1164 τὸν
253 1120 421 1177 φόνον,
449 1123 710 1179 καλεόμενος
735 1125 780 1168 δὲ
799 1124 1059 1181 Ἄδρηστος,
1090 1122 1327 1176 ἀκοντίζων
1349 1121 1429 1165 τὸν

146 1202 252 1253 σῦν,
294 1204 373 1244 τοῦ
402 1203 479 1257 μὲν
507 1200 767 1259 ἁμαρτάνει,
807 1202 1009 1260 τυγχάνει
1039 1203 1085 1247 δὲ
1117 1206 1196 1247 τοῦ
1230 1203 1426 1257 Κροίσου

145 1276 309 1328 παιδός.
356 1278 379 1322 ὁ
418 1281 496 1336 μὲν
535 1281 587 1337 δὴ
631 1282 808 1338 βληθεὶς
840 1287 892 1339 τῇ
942 1284 1071 1340 αἰχμῇ
1109 1281 1305 1339 ἐξέπλησε
1344 1283 1426 1324 τοῦ

97 1456 258 1494 Gramm.
306 1457 435 1495 Graec.
490 1455 527 1507 ἓ
573 1456 676 1505 599,
723 1470 746 1495 a

94 1525 180 1563 pag
213 1513 331 1554 1198.

285 1571 398 1619 Cap.
426 1568 559 1606 XLIII.

150 1623 189 1671 ἒς
213 1621 280 1664 τὸν
312 1623 531 1677 Οὔλυμπον
561 1640 604 1664 το
628 1622 744 1677 ὅρος]

82 1676 290 1731 ’Όλυμπον
309 1695 434 1720 omnes
463 1684 539 1720 fere
556 1681 636 1718 libri
658 1682 744 1719 scri-

95 1737 162 1786 pti,
201 1739 329 1786 quibus
359 1743 480 1776 tamen
508 1739 635 1775 merito
668 1751 744 1775 non

95 1793 389 1843 obtemperarunt
435 1795 605 1831 editores.
682 1794 717 1831 Γ
720 1808 743 1830 u

97 1849 169 1885 vid.
198 1849 234 1896 Ι,
264 1851 330 1890 36.
359 1848 491 1888 Melius
529 1850 637 1887 iidem
664 1850 744 1886 libri

95 1902 120 1944 ὁ
153 1905 415 1957 καθαρθεὶς,
454 1907 553 1955 quod
586 1906 742 1955 Stepha-

93 1974 161 1997 nus
179 1961 272 2000 male
292 1966 492 1999 mutaverat
511 1962 547 1997 in
580 1976 662 1999 κατ
676 1976 741 2011 αρ-

94 2017 204 2065 θείς,
262 2031 342 2055 cum
377 2019 475 2068 apud
513 2017 741 2054 Herodotum

91 2075 230 2124 passim
244 2075 470 2125 reperiantur
488 2088 538 2111 κα
549 2077 579 2111 θ
591 2068 741 2125 άρσιος,

91 2125 327 2182 κάθαρσις,
387 2125 600 2179 ἐκάθηρα,
671 2128 741 2165 alia

91 2186 130 2223 id
157 2199 285 2235 genus.
349 2186 391 2223 In
436 2185 585 2233 reliquis
621 2185 740 2221 verbis

93 2255 187 2292 quae
211 2244 258 2280 sit
286 2243 358 2290 vis,
386 2242 540 2292 repetita
567 2240 741 2291 particula

93 2299 293 2348 additoque
339 2298 553 2353 pronomine
606 2295 739 2345 (ἔνθα

93 2351 154 2405 δή
185 2353 205 2394 ὁ
240 2355 386 2402 ξεῖνος,
426 2355 579 2400 οὗτος
617 2350 678 2404 δη
715 2368 738 2392 ο

94 2410 317 2462 καθαρθεὶς
351 2408 418 2450 τὸν
457 2406 641 2460 φόνον),
680 2410 738 2445 vix

97 2478 311 2516 quemquam
337 2468 462 2516 fugiet.
491 2488 546 2493 -—
586 2465 739 2514 Ξεῖνον,

100 2525 139 2556 ut
155 2522 190 2559 h.
209 2523 233 2561 l.
254 2523 448 2561 Adrastum
456 2522 594 2560 Noster
614 2522 741 2573 appel-

100 2576 168 2623 lat,
207 2577 326 2628 Apion
353 2581 390 2616 in
420 2580 543 2617 Gloss.
572 2579 739 2616 Homerr.

99 2633 159 2679 (ut
185 2633 250 2670 Cr.
287 2637 437 2683 monet)
483 2649 519 2685 p.
542 2636 643 2682 608,
686 2638 741 2677 49

99 2702 202 2739 seqq.
227 2691 276 2727 ad
298 2691 381 2727 calc.
401 2691 558 2740 Etymol.
583 2692 740 2728 Gudian.

102 2746 247 2796 exponit
266 2743 333 2785 τόν
354 2742 557 2798 οἷλλοδαπῆ
575 2746 640 2785 καὶ
654 2746 742 2798 ἕπη-

100 2805 171 2840 λυν
190 2801 257 2841 καὶ
273 2800 338 2843 τὸν
360 2803 476 2851 φίλον
509 2818 538 2840 s.
561 2801 625 2842 τὸν
647 2805 744 2851 ξενι-ἶ

101 2855 270 2911 ζόμενον,
328 2859 428 2898 Idem
467 2860 496 2898 C
505 2874 531 2898 r.
572 2861 618 2899 de
657 2874 742 2900 voce

812 1458 880 1495 hac
906 1458 1061 1496 conferri
1089 1458 1189 1497 iubet
1219 1458 1378 1495 Praefat.
1417 1458 1467 1493 ad

811 1514 949 1564 Ephori
982 1517 1148 1564 fragium.
1186 1529 1223 1565 p.
1253 1514 1378 1551 XXIX
1406 1514 1464 1550 ed.

812 1570 928 1608 Maix.
962 1577 998 1609 et
1028 1571 1220 1609 Pacciaudi
1257 1570 1458 1607 Monumm.

811 1627 1013 1678 Peloponn.
1044 1627 1088 1666 P.
1118 1627 1168 1664 III
1195 1641 1234 1678 p.
1260 1629 1338 1667 136
1359 1639 1462 1674 seqq.

810 1683 894 1721 Huc
913 1697 1059 1747 quoque
1077 1684 1234 1734 pertinet
1256 1679 1412 1728 Ζευς
1378 1695 1424 1723 :⁴
1411 1682 1461 1719 εί-

811 1754 918 1787 νιος,
966 1741 1027 1789 qui
1068 1741 1196 1777 dicitur
1232 1741 1270 1776 in
1308 1739 1461 1777 Homeri

811 1796 948 1844 odyss,
972 1797 1049 1843 IX,
1073 1799 1169 1837 271.

866 1850 933 1889 καὶ
968 1848 1220 1903 περιστάντες
1251 1845 1350 1889 mito*
1389 1844 1458 1887 κύ-

809 1906 911 1958 κλῳ]
931 1908 1098 1954 „Eadem
1119 1910 1195 1945 fere
1215 1907 1346 1943 locutio
1359 1906 1458 1954 apud

808 1963 950 1999 Platon.
977 1964 1034 2000 Re
1050 1963 1148 2012 publ.
1182 1962 1219 2008 I,
1243 1961 1270 2002 4
1304 1975 1340 2011 p.
1360 1961 1456 2007 432,

808 2018 869 2054 ubi
897 2020 991 2055 conf.
1021 2017 1099 2054 Ast.
1136 2030 1224 2068 pag.
1254 2017 1348 2058 491.
1407 2017 1456 2053 Et

808 2075 931 2111 confer
952 2074 1001 2110 sis
1026 2073 1177 2112 similem
1202 2073 1353 2110 Homeri
1371 2085 1455 2109 nar-

806 2130 981 2167 rationem
1010 2131 1047 2166 in
1069 2131 1205 2179 Odyss.
1228 2129 1339 2176 XIX,
1371 2131 1456 2169 428

806 2199 911 2234 seqq.
924 2187 948 2205 ‘⁶
1006 2186 1066 2223 Cr.
1128 2187 1186 2222 Ad
1213 2185 1454 2222 accusativum

809 2237 1055 2294 (ἀκοντίζων)
1091 2239 1155 2282 τὸν
1187 2244 1261 2281 σῦν
1305 2241 1453 2289 genitivi

805 2298 884 2335 loco
900 2301 993 2336 conf.
1014 2299 1142 2336 Matth.
1165 2299 1230 2336 Gr.
1243 2298 1308 2335 Gr.
1321 2296 1453 2348 §.350

804 2359 878 2392 not.
909 2368 949 2404 p.
970 2358 1066 2396 662.

862 2410 1044 2461 ἐξέπλησε
1076 2413 1148 2450 τοῦ
1183 2407 1341 2462 ὀνείρου
1380 2406 1455 2459 τήν

807 2463 977 2518 φήμην]
1010 2468 1115 2505 Unus
1137 2467 1226 2504 liber
1249 2469 1392 2517 φῆμιν,
1416 2469 1456 2502 ut

807 2526 901 2561 infra
927 2525 996 2570 111,
1022 2524 1111 2564 153.
1149 2523 1237 2571 „Ac
1254 2526 1381 2574 φῆμις
1399 2523 1454 2559 di—

810 2582 840 2617 ci
861 2582 959 2630 apud
970 2580 1166 2618 Homerum
1179 2580 1302 2616 Ionum
1323 2592 1364 2617 ex
1378 2592 1456 2615 mo-

809 2651 847 2674 re
877 2638 986 2673 tradit
1023 2636 1189 2674 Eustath.
1228 2637 1278 2673 ad
1318 2637 1454 2684 Odyss.

809 2693 944 2740 XXIV,
966 2696 1048 2734 200
1077 2706 1162 2744 pag.
1184 2694 1287 2740 828,
1317 2695 1373 2734 38
1399 2692 1456 2729 ed.

809 2751 894 2786 Bas.
921 2750 999 2787 coll.
1026 2751 1072 2787 ad
1092 2749 1190 2786 Iliad.
1212 2763 1249 2799 p.
1273 2751 1376 2796 716,
1404 2749 1458 2789 38

812 2807 868 2843 ed.
903 2806 1024 2843 Bas.“
1084 2806 1149 2843 Cr.
1209 2805 1328 2848 Quum
1374 2818 1459 2842 vero

810 2863 1020 2902 Herodotus
1067 2863 1143 2901 aliis
1195 2861 1281 2900 locis
1330 2862 1459 2900 scribat

258 726 507 771 Τοιούτοισι
530 728 619 771 ἐπεί
636 743 680 770 τε
703 723 830 780 οὗτος
849 727 1057 785 ἀμείψατο
1078 726 1606 798 K90t60vfl'2'z60cv552‘1ffl2‘u
1651 731 1749 824 ’3ῡῆῑέ

1611 739 1684 790 unri

1606 798 1711 823 aberra
