1909 3228
452 237 535 278 252

862 234 1329 275 HERODOTI

450 349 608 400 τεῖχος,
641 343 745 388 ὥστε
776 344 800 388 ὁ
820 344 963 398 ἕτερος
989 346 1069 386 τοῦ
1098 343 1247 399 ἑτέρου
1275 343 1434 394 κύκλος
1453 347 1565 387 τοῖσι
1585 357 1695 397 προ-

422 427 639 479 7μαχεῶσι
676 423 878 478 μούνοισι
917 421 1004 465 ἐστὶ
1031 419 1310 478 ὑψηλότερος.
1355 421 1404 465 τὸ
1437 421 1516 477 μέν
1544 438 1626 465 κου
1655 427 1752 464 τι55

452 502 525 546 καὶ
553 501 602 545 τὸ
629 503 790 557 χωρίον
820 499 1074 556 συμμαχέει,
1119 500 1310 551 κολωνὸς
1337 499 1434 552 ἐὸν,
1473 501 1581 543 ὥστε
1609 517 1697 544 τοι-

452 584 556 624 οῦτο
585 578 715 623 εἶναι·
771 579 820 624 τό
853 579 898 624 δὲ
926 579 999 622 καὶ
1026 577 1192 635 μᾶλλόν
1227 595 1268 623 τι
1304 578 1586 635 ἐπετηδεύθη,
1625 578 1699 622 κύ-

449 662 564 702 κλων
591 656 753 701 ἐόντων
779 661 868 702 τῶν
907 657 1194 701 συναπάντων
1222 655 1347 711 ἑπτὰ,
1397 657 1444 701 ἐν
1474 658 1519 701 δὲ
1547 660 1609 716 τῷ
1636 672 1700 701 τε-

424 736 634 793 8λευταίῳ
670 735 724 780 τοὶ
763 735 966 794 βασιλήϊα
999 736 1135 781 ἔνεστι
1171 736 1245 780 καὶ
1289 738 1332 780 οἱ
1359 737 1591 792 θησαυροί.
1649 733 1699 778 τὸ

451 813 497 859 δὲ
527 811 673 858 αὐτῶν
699 814 899 871 μέγιστόν
937 815 1025 859 ἐστι
1061 820 1197 872 τεῖχος
1234 815 1342 860 κατὰ
1379 814 1457 858 τὸν
1488 812 1755 871 Ἀθηνέωνδο

450 893 614 938 κύκλον
642 893 828 950 μάλιστά
858 911 912 951 κη
940 893 989 939 τό
1019 895 1221 952 μέγαθος.
1268 898 1349 939 τοῦ
1387 893 1466 951 μὲν
1505 892 1558 951 δὴ
1587 891 1700 949 πρώ-

396 1093 475 1117 cum
494 1079 677 1128 altiorem,
706 1079 767 1117 ubi
787 1092 851 1117 arx
873 1080 976 1128 regia
1003 1092 1042 1118 e-

395 1137 502 1174 ducta
520 1140 617 1184 erat,
632 1136 700 1173 sibi
717 1136 899 1174 invenisse
917 1137 1043 1174 viden-

395 1195 453 1228 tur
471 1191 651 1241 simulque
678 1192 748 1229 alia
778 1193 957 1242 quaedam
982 1205 1045 1230 ve-

395 1248 504 1297 stigia
523 1249 683 1295 aedium,
713 1261 808 1297 quae
826 1261 921 1286 nunc
938 1261 1043 1299 pror-

395 1317 458 1340 sus
484 1304 625 1343 dirutae
661 1308 755 1342 sunt.
822 1305 928 1348 Quae
962 1318 1041 1342 cum

395 1360 590 1410 persimilia
624 1361 667 1396 iis
702 1360 914 1409 videantur,
949 1373 1042 1409 quae

396 1416 434 1452 in
469 1416 711 1453 monumentis
757 1415 1042 1466 Persepolitanis

396 1474 481 1507 sunt
503 1472 716 1522 conspicua,
745 1471 845 1521 ipsos
866 1471 998 1509 Persas
1020 1484 1042 1509 a

396 1526 517 1565 Medis
556 1528 700 1565 aedium
745 1528 1042 1566 exstruendarum

395 1586 510 1620 artem
531 1583 840 1620 s.architecturam
859 1584 1042 1633 accepisse

395 1643 678 1676 consentaneum
697 1638 754 1675 sit.
803 1639 894 1676 Inde
912 1652 934 1676 a
953 1639 1042 1677 colle

396 1695 485 1741 isto,
523 1695 578 1731 cui
602 1698 847 1744 superstructa
874 1700 950 1732 erat
979 1708 1041 1733 arx

396 1751 510 1799 regia,
519 1751 604 1787 urbs
623 1751 883 1788 extendebatur
895 1751 933 1787 in
944 1763 1041 1788 cam-

396 1819 489 1857 pos,
519 1818 612 1855 quos
634 1807 727 1843 bene
755 1806 941 1854 irrigatos,
967 1807 1041 1845 ser-

397 1862 578 1899 tilissimos
599 1861 838 1910 omnibusque
868 1863 976 1899 rebus
1002 1876 1041 1901 a-

396 1918 602 1956 bundantes
631 1917 806 1966 coeloque
833 1918 913 1969 ipso
945 1919 1041 1956 salu-

396 1975 572 2011 berrimos
600 1987 683 2011 esse
704 1975 843 2022 ferunt,
879 1979 920 2010 ut
948 1975 1042 2014 bene

397 2030 554 2068 Deioces
573 2030 667 2067 hunc
687 2029 805 2066 locum
820 2030 898 2068 sedi
919 2032 1042 2079 regiae

397 2086 610 2124 condendae
663 2086 819 2134 elegisse
866 2086 1040 2124 videatur.

397 2142 507 2179 Plura
523 2142 569 2179 de
587 2142 642 2178 his
674 2143 736 2192 qui
760 2143 925 2192 cupiant,
954 2144 1042 2180 ade-

396 2202 461 2235 ant
480 2198 661 2235 itineraria
689 2199 877 2235 doctorum
904 2199 1043 2247 Anglo-

398 2267 498 2302 rum,
525 2254 683 2303 indeque
700 2258 850 2293 enotata
873 2256 918 2293 ab
943 2256 1044 2293 Hee-

397 2311 498 2348 renio
520 2311 558 2347 in
579 2310 691 2348 Ideen
716 2314 783 2348 ete.
811 2311 829 2348 I
850 2324 936 2361 pag.
959 2313 1040 2352 289

397 2379 502 2415 seqq.
524 2368 605 2407 307
624 2379 728 2416 seqq.
756 2365 838 2404 Alia
856 2368 926 2418 ipsi
947 2369 1041 2404 exci-

398 2423 550 2460 tavimus
560 2423 608 2460 ad
621 2422 768 2460 Ctesiae
788 2423 904 2460 locum
918 2423 1043 2460 lauda-

398 2482 494 2526 tum,
514 2479 644 2528 quibus
663 2491 757 2515 nunc
777 2480 874 2517 addo
885 2479 965 2516 Van
975 2480 1043 2518 der

399 2534 499 2582 Chys
517 2535 566 2572 ad
582 2534 724 2571 Arrian.
740 2534 833 2585 Exp.
849 2535 1041 2574 Alexandr.

399 2589 481 2637 (ΙΙΙ,
493 2591 564 2638 19)
577 2590 820 2629 Commentar.
832 2592 1042 2642 Geograph.

399 2657 483 2694 pag.
505 2647 572 2686 73.

456 2699 499 2738 ἐν
525 2699 576 2740 δὲ
604 2704 659 2756 τῷ
685 2703 892 2758 τελευταίῳ
910 2701 958 2743 τοὶ
977 2705 1045 2755 βα-

402 2752 535 2806 σιλήϊα
565 2755 711 2810 ἔνεστι]
770 2761 1045 2809 Schweighaeu-

402 2824 505 2849 serus
530 2815 734 2862 requirebat
753 2814 804 2866 δή
822 2830 889 2867 pro
907 2815 949 2855 δὲ
961 2846 972 2864 ,
991 2817 1046 2853 ni-

404 2868 453 2905 bil
490 2872 611 2906 tamen
643 2875 808 2920 mutans,
857 2886 935 2910 curn
966 2873 1046 2910 libri

1109 1079 1292 1129 vulgatam
1309 1083 1470 1117 teneant.
1525 1077 1606 1115 Nos
1630 1089 1677 1115 ne
1698 1089 1756 1115 rea

1111 1137 1283 1186 quirimus
1301 1137 1447 1186 quidem
1462 1133 1673 1185 particulam
1692 1129 1758 1183 δὴ,

1111 1193 1179 1229 sed
1208 1192 1312 1229 valde
1345 1192 1571 1229 retinendum
1607 1191 1757 1227 dicimus

1113 1245 1177 1297 δὲ,
1205 1248 1262 1286 vel
1281 1248 1310 1284 si
1329 1248 1408 1285 libri
1427 1247 1523 1284 aliud
1544 1246 1630 1296 quid
1648 1246 1758 1283 offer-

1109 1309 1200 1342 rent.
1258 1304 1371 1341 Iidem
1389 1316 1534 1353 quoque
1559 1306 1758 1339 structurae

1109 1373 1225 1410 genus
1241 1360 1278 1396 in
1298 1361 1353 1396 his
1372 1365 1553 1406 notamus,
1576 1360 1634 1395 ubi
1649 1370 1756 1408 prae-

1110 1417 1245 1466 gressis
1287 1416 1452 1463 genitivis
1496 1414 1668 1451 absolutis
1706 1414 1757 1450 ita
1789 1452 1794 1457 ,

1108 1473 1228 1522 pergit
1245 1472 1399 1521 scriptor
1411 1501 1420 1518 ‚
1452 1484 1494 1507 ac
1508 1471 1538 1506 si
1556 1470 1633 1507 loco
1653 1470 1755 1518 geni-

1107 1528 1261 1564 tivorum
1277 1527 1487 1578 particulam
1507 1526 1686 1563 causalem
1697 1538 1757 1563 se-

1109 1589 1244 1633 quente
1282 1584 1392 1620 verbo
1427 1584 1527 1620 finito
1559 1583 1758 1632 posuisset,

1109 1652 1256 1677 sensum
1293 1640 1396 1677 unice
1432 1639 1648 1689 respiciens,
1688 1650 1757 1675 nec

1108 1695 1251 1744 singula
1267 1696 1376 1732 verba
1394 1708 1590 1743 eorumque
1603 1698 1758 1731 structu-

1108 1764 1184 1789 ram
1203 1756 1312 1800 atque
1336 1753 1511 1788 ordinem.
1547 1771 1598 1778 —
1626 1750 1667 1786 In
1698 1762 1758 1787 se-

1108 1812 1208 1858 ptem
1232 1809 1310 1844 istis
1341 1808 1487 1844 orbibus
1511 1808 1610 1844 vario
1637 1806 1758 1843 colore

1109 1864 1286 1901 distinctis
1342 1864 1529 1901 recondita
1577 1862 1758 1913 quaedam

1109 1921 1200 1957 ratio
1242 1919 1354 1957 latere
1387 1920 1550 1966 videtur,
1591 1931 1686 1968 quae
1711 1919 1756 1955 ab

1110 1976 1335 2014 orientalium
1355 1976 1477 2013 indole
1499 1975 1758 2023 cogitandique

1109 2032 1247 2069 ratione
1272 2032 1370 2069 haud
1405 2032 1586 2069 abhorret.
1641 2030 1762 2068 Nam⁴

1109 2101 1180 2137 que
1196 2092 1367 2138 poterunt
1386 2088 1511 2124 referri
1540 2091 1680 2137 septem
1699 2099 1757 2121 or-

1111 2144 1174 2180 bes
1206 2144 1253 2180 ad
1281 2148 1421 2192 septem
1449 2142 1538 2180 coeli
1567 2143 1754 2193 sphaeraS,

1108 2200 1237 2247 quibus
1264 2199 1350 2235 solis
1377 2211 1439 2235 arx
1474 2198 1579 2246 quasi
1622 2197 1757 2234 inclusa

1109 2259 1261 2292 tenetur.
1318 2255 1425 2290 Cous.
1448 2254 1619 2291 Creuzer.
1650 2255 1757 2302 Sym-

1109 2310 1180 2347 bol.
1202 2310 1218 2347 l
1236 2324 1271 2360 p.
1285 2309 1387 2356 469,
1418 2310 1477 2346 ubi
1498 2310 1626 2347 similia
1644 2323 1756 2359 quae-

1107 2367 1191 2403 dam
1218 2367 1317 2416 apud
1348 2365 1438 2403 alios
1478 2367 1636 2417 populos
1665 2366 1755 2404 affe-

1104 2426 1241 2460 runtur.

1162 2501 1217 2506 —
1238 2477 1317 2517 ἔστι
1339 2482 1463 2529 τεῖχος
1483 2475 1582 2517 κατά
1604 2475 1671 2517 τὸν
1694 2473 1752 2517 Ἀ-

1107 2533 1270 2585 θηνέων
1285 2530 1431 2574 κύκλον
1457 2530 1622 2586 μάλιστά
1643 2549 1693 2584 κη
1713 2531 1756 2573 τὸ

1109 2590 1310 2642 μέγαθος]
1350 2592 1372 2628 i.
1402 2604 1432 2629 e.
1479 2604 1598 2628 varrus
1627 2602 1754 2637 eorum,

1112 2650 1173 2698 qui
1202 2650 1376 2685 maximus
1399 2652 1448 2685 est
1485 2649 1542 2695 (s.
1565 2647 1754 2684 maximum

1112 2705 1236 2741 orbem
1254 2704 1428 2753 conficit),
1439 2708 1566 2753 aequat
1582 2703 1660 2753 sere
1678 2716 1753 2740 am-

1111 2760 1219 2796 bitum
1239 2763 1407 2798 moenium
1424 2761 1638 2798 Athenarum
1656 2759 1753 2806 (lon-

1111 2817 1305 2863 gitudine).
1364 2818 1437 2854 Ubi
1464 2813 1562 2855 κατοὶ
1591 2815 1752 2852 similitu-

1111 2873 1205 2909 dinis
1251 2873 1436 2911 notionem
1482 2872 1666 2918 adsciscit,
1703 2870 1751 2906 de
