1909 3228
571 193 996 234 EUTERPE.
1048 192 1094 230 11.

1369 192 1454 231 863

189 325 296 364 της,
341 304 621 362 Μενδήσιος,
673 303 977 359 Σεβεννύτης,
1015 302 1286 358 Ἀθριβίτης,
1333 300 1453 352 Φαρ-

191 388 411 443 βαιθίτης,
445 387 682 441 Θμουΐτης,
727 382 1014 439 Ὀνουφίτης,
1050 379 1267 430 Ἀνύσιος,
1299 382 1452 421 Μυεκ-

135 608 217 630 sons
237 593 259 629 l.
294 593 394 643 phar.
427 591 461 627 II
488 603 574 641 pag.
600 589 679 631 104
710 602 786 638 seq.

137 655 215 691 107
247 663 322 697 seq.
379 649 512 685 Ritter.
547 647 736 682 Erdkund.
774 646 788 682 Ι

134 719 219 756 pag.
244 708 324 746 829
349 718 426 753 seq.
463 703 542 741 coll.
573 704 709 740 Gesen.
740 702 787 738 ad

134 763 238 799 Iesai.
261 761 348 797 xlx
361 790 371 808 ,
391 763 435 800 11
464 773 551 810 pag.
567 761 661 806 616,
680 771 787 808 quem

135 820 183 856 ad
206 818 240 854 h.
261 818 282 854 l.
305 818 392 854 citat
411 816 474 853 Cr.
615 833 618 835 >

193 869 447 923 Μενδήσιος]
481 872 587 908 Conf.
608 883 718 922 supra
739 871 786 907 ad

133 930 185 968 ῙΠ
198 959 209 978 ,
228 930 293 970 43.
316 929 369 970 46
389 932 480 965 nott.

193 981 549 1036 Σεβεννύτης]
587 983 645 1021 De
676 983 787 1019 fluvio

134 1043 208 1081 Nili
230 1043 474 1090 Sebennytico
494 1041 647 1078 diximus
668 1040 704 1076 in
724 1052 787 1077 ex-

135 1113 226 1137 curs.
246 1100 294 1136 ad
311 1099 342 1135 ll
355 1126 366 1145 ,
390 1101 450 1138 17.
512 1098 651 1134 Urbem
671 1097 787 1146 ipsam

135 1155 234 1193 haud
270 1159 446 1192 memorat
481 1154 618 1191 Noster
638 1183 649 1200 ,
695 1166 789 1202 quae

135 1213 309 1249 Straboni
343 1211 473 1248 dicitur
504 1209 531 1260 ἡ
557 1211 789 1260 Σεβεννυτι-

136 1266 187 1319 m}
209 1264 341 1314 πόλις,
373 1281 467 1304 nunc
495 1280 580 1303 vero
606 1265 790 1304 Samanud

136 1339 163 1362 s.
188 1324 381 1370 Sentenml,
411 1324 654 1372 Sebennytico
681 1323 790 1358 fluvio

137 1382 183 1419 ab
207 1382 394 1418 occidente
412 1381 661 1429 apposita,——
682 1379 791 1415 Conf.

138 1437 406 1474 Schlichthorst.
431 1436 452 1471 l.
476 1436 496 1471 l.
515 1449 600 1485 pag.
623 1438 688 1476 69.

191 1490 236 1530 'A
248 1496 279 1530 θ
292 1506 312 1541 ρ
327 1493 374 1542 ιβ
388 1492 464 1541 ίτη
477 1490 519 1541 ς]
550 1492 659 1528 Urbis
679 1491 790 1540 ipsius

137 1548 333 1598 (Athribis)
358 1547 455 1584 nulla
484 1548 583 1597 apud
611 1547 791 1584 Nostrum

136 1607 291 1652 mentio,
338 1617 557 1653 quamquam
592 1617 613 1641 e
651 1603 792 1654 praeci-

138 1663 221 1713 puis
268 1662 430 1711 Aegypti
470 1660 649 1698 iuferioris
694 1660 792 1697 urbi—

138 1720 205 1755 bus
235 1719 346 1755 fuisse
368 1719 493 1753 fertur.
541 1717 621 1752 Sita
644 1721 721 1754 erat
743 1717 791 1753 ad

139 1775 350 1811 orientalem
378 1780 522 1823 partem
542 1773 698 1809 fluminis
721 1772 794 1809 Pe-

137 1830 261 1867 lusiaci
282 1830 380 1866 haud
409 1828 533 1879 procul
559 1829 604 1865 ab
633 1842 676 1866 eo
696 1828 788 1876 loco,

138 1888 201 1924 ubi
221 1899 242 1923 a
266 1886 452 1923 Pelusiaco
480 1890 668 1934 separatur
694 1884 791 1921 Pha-

139 1944 312 1980 tmiticum
332 1943 473 1979 ostium.
503 1941 701 1990 Antiquum
722 1954 789 1977 no-

139 2013 223 2037 men
239 1999 384 2035 Atltrebz'
409 2012 436 2035 s.
453 1998 603 2047 Atltrepe
624 2011 718 2034 nunc
734 2002 789 2035 est

138 2061 396 2093 commutatum
423 2056 460 2091 in
485 2055 609 2101 Atra),
648 2055 709 2104 qui
737 2055 789 2090 vi-

137 2127 199 2150 cus
219 2113 316 2149 urbis
341 2112 470 2149 veteris
488 2111 604 2148 locum
624 2115 788 2161 occupat.

139 2169 221 2206 Vid.
245 2167 447 2218 Champoll.
472 2167 494 2203 l.
516 2167 537 2204 l.
556 2181 592 2218 p.
611 2167 676 2208 48.
706 2168 789 2205 Rit-

140 2230 207 2263 ter.
232 2225 252 2260 l.
271 2224 294 2261 l.
318 2225 331 2261 Ι
361 2237 446 2274 pag.
469 2226 563 2265 828.

199 2278 584 2331 Φαρβαιθίτης]
610 2279 790 2316 Pharbae-

139 2336 244 2374 tln'tes
269 2350 419 2383 nomuS‚
463 2337 524 2386 qui
553 2336 650 2373 solus
691 2337 792 2385 apud

140 2393 371 2430 Herodotum
393 2398 625 2439 memoratur,
656 2405 791 2430 nomen

139 2450 246 2486 traxit
265 2449 309 2485 ab
328 2450 417 2487 urbe
436 2449 665 2496 Pharbaethi,
682 2461 792 2498 quam

142 2507 293 2542 eandem
327 2519 406 2543 esse
430 2511 540 2554 atque
562 2518 665 2551 eam,
697 2518 792 2553 quae

142 2574 238 2598 nunc
261 2567 409 2598 vocatur
434 2562 602 2608 Balbeis,
632 2561 792 2597 nonnulli

143 2630 330 2667 perperam
351 2618 513 2654 arbitrati
538 2622 632 2663 suut,
653 2621 693 2653 ut
712 2616 792 2667 plu-

142 2674 240 2710 ribus
271 2674 562 2710 commonstravit
588 2673 791 2722 Champoll.

143 2730 164 2766 l.
184 2730 205 2765 l.
226 2730 257 2766 ΙΙ
280 2743 315 2778 p.
336 2729 389 2770 94
409 2742 510 2778 seqq.
562 2728 657 2765 Nam
679 2729 792 2765 Phar-

146 2786 296 2822 baethus
317 2787 385 2821 sita
410 2791 487 2821 erat
512 2786 560 2821 ad
579 2785 791 2822 orientalem

143 2843 259 2892 ripam
290 2842 446 2880 Tanitiei
467 2842 566 2879 fluvii
581 2868 593 2888 ,
623 2843 790 2879 occiden-

857 593 930 625 tem
950 603 1072 627 versus
1097 603 1118 626 a
1138 588 1343 633 Pelusiaco,
1361 586 1421 623 ubi
1442 586 1509 622 ad-

856 645 925 682 huc
950 647 1081 683 rudera
1101 645 1369 696 conspiciuntur
1388 643 1437 679 ad
1457 642 1510 678 vi—

856 715 936 738 cum
957 702 1138 749 Harma,
1176 703 1213 740 in
1239 713 1311 751 quo
1339 701 1418 750 ipso
1441 712 1510 735 no-

854 759 954 796 mine
1001 765 1160 796 veterem
1215 756 1509 808 appellationem,

855 815 978 852 demto
1000 815 1132 852 scilicet
1153 814 1302 851 articulo
1323 812 1367 859 P,
1393 825 1510 861 agno-

854 872 906 908 vit
925 871 1128 921 Champoll.
1176 870 1274 908 Nam
1302 869 1387 906 olim
1412 870 1509 905 dice-

855 929 962 965 batur
994 927 1181 965 Plearbczz't.
1244 925 1340 963 Add.
1375 926 1507 963 Ritter.

854 984 876 1021 l.
898 984 920 1022 l.
943 984 957 1021 I
981 998 1016 1035 p.
1037 987 1130 1026 828.

914 1040 1130 1092 Θμουΐτης]
1159 1039 1306 1077 Thmuis
1321 1038 1421 1085 urbs,
1442 1050 1510 1074 un-

856 1098 903 1135 de
940 1112 1067 1135 nomus
1107 1097 1287 1134 lemuz'tes
1302 1124 1313 1142 ,
1360 1107 1433 1131 una
1462 1094 1510 1131 de

856 1155 1052 1191 maioribus
1073 1153 1233 1204 Aegypti
1255 1151 1435 1189 inferioris
1450 1163 1509 1187 ur-

857 1211 960 1248 bibus
981 1212 1091 1248 fuisse
1107 1211 1315 1261 perhibetur
1332 1212 1368 1245 et
1388 1220 1409 1244 a
1422 1207 1509 1243 Pto-

855 1267 995 1305 lemaeo
1040 1271 1150 1317 caput
1188 1266 1287 1302 nomi
1326 1264 1509 1301 Mendesii

858 1324 1009 1371 dicitur,
1049 1323 1131 1361 licet
1165 1323 1376 1360 Herodotus
1416 1321 1508 1356 duos

858 1393 995 1428 eosque
1035 1381 1196 1417 diversos
1234 1381 1410 1416 memoret
1442 1389 1510 1413 no-

857 1450 950 1483 mos,
972 1436 1201 1474 Mendesium
1223 1440 1334 1483 atque
1353 1433 1388 1469 T
1391 1434 1509 1470 hmui-

858 1497 943 1529 tem.
1004 1492 1111 1535 Quae
1132 1493 1182 1528 sic
1199 1503 1418 1541 componere
1435 1494 1510 1526 stu-

857 1549 920 1585 det
939 1548 1140 1598 Champoll.
1161 1547 1183 1584 l.
1198 1547 1221 1584 l.
1238 1547 1270 1582 ΙΙ
1295 1560 1331 1596 p.
1353 1547 1431 1587 115
1452 1558 1508 1594 Sq-

856 1609 897 1641 ut
914 1601 1038 1654 νομὸν
1065 1605 1165 1654 apud
1184 1604 1416 1640 Herodotum
1435 1614 1510 1638 non

857 1666 931 1698 tam
955 1662 1001 1698 de
1023 1660 1208 1711 provincia
1228 1660 1510 1709 s.praefectura‚

858 1719 906 1754 ad
925 1730 1034 1766 quam
1056 1717 1178 1767 plures
1197 1717 1304 1752 urbes
1324 1716 1511 1765 pertinue-

856 1775 930 1810 rint
948 1803 958 1820 ‚
995 1787 1104 1822 quam
1127 1773 1249 1822 potius
1282 1772 1330 1808 de
1367 1771 1511 1819 singulo

859 1830 1006 1866 alicuius
1026 1830 1123 1866 urbis
1139 1828 1323 1866 territorio
1344 1828 1413 1864 dici
1433 1828 1509 1865 exi-

859 1887 989 1923 stimet.
1049 1886 1154 1929 Quae
1171 1890 1293 1922 tamen
1310 1897 1449 1930 vereor,
1470 1888 1510 1920 ut

855 1943 1013 1979 virorum
1033 1943 1220 1979 doctorum
1248 1953 1435 1977 assensum
1455 1941 1510 1976 in-

856 2000 1012 2036 veniant.
1071 1999 1166 2035 Utut
1201 2002 1279 2044 est,
1326 1998 1394 2033 sita
1432 2000 1510 2034 erat

861 2055 1008 2092 Thmuis
1048 2055 1135 2092 urbs
1172 2054 1269 2091 haud
1313 2054 1510 2090 admodum

855 2116 996 2149 remota
1015 2124 1037 2148 a
1064 2110 1139 2148 Nili
1169 2111 1278 2147 fluvio
1302 2109 1509 2155 Mendesio,

856 2169 975 2206 media
1008 2169 1084 2205 fere
1112 2168 1206 2204 inter
1233 2166 1268 2203 T
1271 2167 1443 2203 aniticum
1472 2170 1510 2203 et

857 2225 1089 2263 Mendesium
1134 2224 1292 2260 fiuvium.
1366 2223 1509 2260 Ruinae

857 2282 956 2318 urbis
975 2280 1117 2330 amplae
1138 2284 1283 2318 exstant
1301 2280 1415 2316 tribus
1428 2279 1509 2316 mil-

858 2338 967 2375 liariis
979 2337 1128 2375 Gallicis
1149 2350 1171 2373 a
1184 2335 1407 2373 Mansourah
1422 2348 1509 2385 pro-

858 2407 906 2445 pe
929 2395 1045 2432 vicum
1067 2393 1102 2430 T
1106 2406 1210 2442 emay
1229 2392 1508 2440 (Thmaouieh).

858 2451 968 2488 Plura
978 2450 1182 2499 Champoll.
1201 2449 1222 2486 l.
1237 2450 1260 2486 l.
1278 2454 1314 2487 et
1325 2448 1508 2486 Mannert.

861 2507 1001 2556 Geogr.
1033 2507 1099 2543 der
1122 2507 1188 2543 Gr.
1217 2519 1251 2543 u.
1279 2506 1386 2543 Rom.
1405 2504 1462 2552 X,
1484 2507 1506 2546 1

859 2576 944 2613 pag.
964 2564 1057 2603 577.

913 2615 1170 2667 Ὀνουφίτης]
1193 2617 1303 2654 Nomi
1321 2618 1409 2654 situs
1432 2629 1507 2654 non

859 2675 945 2711 satis
976 2679 1108 2712 certus.
1171 2673 1370 2710 Danvillius
1398 2674 1506 2711 collo-

859 2737 917 2766 cat
955 2731 992 2766 in
1025 2730 1237 2766 occidentali
1273 2730 1507 2778 Sebennytici

859 2787 956 2823 fluvii
995 2789 1093 2836 ripa,
1132 2787 1193 2822 ubi
1221 2799 1316 2823 nunc
1341 2785 1505 2833 Banoub,

858 2848 898 2879 ut
914 2842 1054 2880 Arabes
1076 2843 1212 2879 dicunt.
1243 2843 1350 2880 Conf.
1372 2843 1505 2881 Cham-
