1909 3228
138 361 302 398 Euphratis
348 369 415 390 eur-

139 404 203 423 tum
254 395 414 423 flexuosum

138 428 254 456 reddit:
271 437 414 464 aggerem

137 463 168 490 in
195 467 323 496 utraque
349 463 415 498 ripa

333 495 414 523 lacu-

139 536 207 556 nam
224 529 340 563 ingenti
353 538 415 558 am-

137 496 281 523 exstruit:

136 561 200 590 bitu
216 561 328 592 effodit.

470 245 555 286 410

862 241 1330 280 HERODOTI

472 351 600 408 (αὕτη
620 351 664 395 δὲ
684 349 949 406 συνετωτέρη
967 349 1177 406 γενομένη
1194 353 1269 406 τῆς
1288 349 1498 404 πρότερον
1518 348 1782 406 ἆρξάσης,)3ο

470 418 601 475 τοῦτο
632 430 731 486 μὲν,
761 426 1018 486 μνημόσυνα
1048 429 1212 472 ἐλίπετο
1242 428 1295 471 τὰ
1322 429 1403 484 ἐγώ
1433 427 1724 485 ἀπηγήσομαι·

470 514 602 554 τοῦτο
642 508 708 560 δὲ,
750 506 831 563 τὴν
868 506 1040 564 Μήδων
1092 506 1240 562 ὁρῶσα
1276 506 1415 565 ἀρχὴν
1454 508 1643 565 μεγάλην
1681 524 1725 552 τε

468 589 541 633 καὶ
571 585 653 631 οὐκ
683 585 1022 642 ἀτρεμίζουσαν,
1069 585 1177 630 ἄλλα
1211 603 1255 630 τε
1295 586 1562 643 ἀραιρημένα
1595 585 1725 630 ἄστεα

468 664 659 719 αὐτοῖσι,
709 665 756 709 ἐν
795 666 840 710 δὲ
870 665 921 723 δὴ
960 666 1033 710 καὶ
1072 664 1154 724 τήν
1185 669 1356 720 Νῖνον,
1396 664 1726 722 προεφυλάξατο

411 862 471 909 di,
500 860 563 910 qui
582 860 680 911 apud
699 858 889 899 Danielem
911 864 1060 899 vocatur

407 917 607 956 Beltzasar,
665 917 769 960 Quos
792 916 953 966 sequitur
967 917 1061 954 Lar-

408 974 557 1022 chet-us,
587 974 647 1024 qui
665 972 812 1011 Medica
832 974 944 1023 stirpe
964 974 1059 1010 iilam

406 1030 635 1082 progenitam
664 1029 947 1079 Babyloniorum
981 1031 1059 1079 regi

407 1087 489 1124 huic
506 1086 679 1124 elocatam
695 1087 800 1136 ponit
820 1089 901 1127 620
920 1099 952 1123 a.
972 1087 1058 1125 Chr.

406 1156 443 1181 n.
483 1143 730 1191 Wesselingio
757 1143 910 1192 aliisque
932 1142 1060 1181 Nebu-

406 1200 617 1238 cadnezaris
666 1199 739 1236 filio
754 1229 765 1249 ,
823 1199 885 1249 qui
931 1199 1061 1236 dicitur

404 1255 752 1304 Evilmerodachus,
795 1259 910 1306 nupta
946 1256 1059 1294 fuisse

404 1313 568 1360 videtur,
606 1325 713 1362 quem
741 1325 855 1361 regno
878 1313 1059 1363 exceperit

403 1369 594 1407 Beltzasar
619 1368 960 1417 (Nebucadnezaris
992 1382 1059 1406 ne-

402 1438 474 1476 pos
489 1425 658 1474 idemque
667 1424 894 1462 Nabonedus
908 1425 1057 1472 dictus),

402 1481 687 1530 Babyloniorum
730 1484 922 1518 extremus,
979 1480 1057 1517 Ad-

402 1537 496 1575 dunt
548 1537 778 1573 Herodotum
843 1537 961 1587 ipsum
1018 1536 1055 1584 l,

404 1595 508 1641 188,
546 1593 607 1629 ubi
641 1592 820 1630 Nitocrim
859 1592 1055 1641 Labyneti,

401 1650 465 1699 qui
498 1661 624 1697 regum
652 1648 934 1697 Babyloniorum
973 1648 1055 1685 ulti-

401 1718 482 1743 mus
507 1706 596 1752 suit,
625 1709 775 1742 matrem
798 1706 901 1753 (non
924 1705 1053 1752 aviam,

400 1765 441 1799 ut
458 1761 505 1797 illi
525 1761 734 1810 perhibent)
757 1761 934 1811 appellat,
954 1773 1052 1796 com-

399 1817 633 1869 probantque
651 1816 720 1853 hoc
730 1817 870 1855 Iesaiae
886 1817 977 1853 vatis
998 1820 1053 1853 te-

399 1873 570 1910 stimonio
599 1873 759 1921 XXVII,
790 1877 839 1921 7,
889 1873 1050 1910 canentis

399 1928 722 1977 Nebucadnezari,
751 1929 825 1966 filio
852 1934 889 1967 et
914 1930 1052 1979 nepoti,

396 1999 471 2024 non
495 1985 588 2022 ultra
615 1985 712 2022 dicto
751 1986 940 2024 audientes
973 1987 1052 2025 fore

397 2046 540 2092 gentes
600 2041 711 2085 Quod
748 2056 833 2080 vero
872 2042 1050 2091 obiicitur,

396 2098 536 2138 Ninum
555 2096 694 2135 Nitocri
714 2103 891 2148 regnante
907 2100 975 2135 iarn
992 2113 1051 2136 ca-

398 2160 500 2207 ptam
528 2155 664 2202 fuisse,
693 2155 731 2191 id
759 2156 859 2205 quod
883 2156 1051 2194 acciderit

399 2225 497 2249 anno
518 2213 598 2253 603
619 2224 651 2248 a.
676 2211 761 2249 Chr.
783 2226 817 2249 n.
843 2212 956 2258 (cons.
975 2218 1051 2250 not.

399 2269 448 2305 ad
468 2268 505 2315 I,
529 2270 640 2315 106),
669 2267 778 2317 igitur
797 2268 946 2305 multum
966 2274 1051 2318 post

399 2324 577 2362 Nitocrim
596 2336 691 2361 anno
717 2328 798 2366 620
827 2338 859 2362 a.
883 2325 969 2361 Chr.
995 2325 1051 2361 lo-

400 2386 516 2418 catam
551 2380 833 2429 Babylouiorum
872 2381 972 2430 regi,
1012 2382 1049 2418 id

397 2437 484 2474 nihil
510 2437 628 2474 valere
661 2442 785 2475 censet
814 2437 1048 2486 iVesseling.‚

398 2506 477 2530 cum
499 2493 595 2530 haud
619 2506 769 2532 necesse
789 2495 858 2541 sit,
878 2507 945 2531 nec
967 2495 1047 2544 ipsa

399 2549 577 2587 Herodoti
603 2551 713 2588 verba
743 2551 911 2599 exigant,
942 2556 979 2587 ut
1004 2550 1046 2586 il-

397 2605 465 2642 lius
483 2605 632 2654 reginae
659 2611 824 2657 tempore
847 2607 932 2642 urbs
959 2607 1045 2643 sub-

395 2661 521 2710 iugata
535 2668 736 2700 censeatur.
789 2662 959 2711 Namque
979 2676 1046 2700 an-

397 2730 445 2754 110
465 2719 545 2758 633
566 2718 636 2755 iam
657 2733 678 2756 a
699 2721 865 2768 Cyaxare
892 2719 950 2756 illa
977 2720 1043 2755 ob—

396 2772 505 2810 sideri
531 2779 662 2824 coepta
699 2779 766 2813 est.
822 2775 898 2813 Sed
933 2776 1044 2813 verba

395 2828 627 2867 Herodotea:
666 2828 764 2870 ἅλλα
805 2846 845 2871 τε
882 2826 1042 2885 α’ραιρη-

396 2881 497 2936 μένα
521 2882 640 2925 ἄστεα
657 2882 834 2937 αὐτοῖσι,
862 2886 905 2928 ἐν
927 2886 970 2928 δὲ
991 2883 1040 2940 δὴ

1127 859 1195 900 καὶ
1225 857 1300 912 τήν
1321 862 1476 909 Νῖνον,
1505 860 1601 899 clare
1619 859 1783 897 indicare

1128 919 1316 966 videntur,
1337 918 1474 956 Ninum
1496 918 1621 956 urbem
1643 930 1687 955 ex
1703 916 1782 953 He-

1127 975 1247 1012 rodoti
1286 978 1427 1024 mente,
1475 987 1548 1011 non
1590 974 1779 1011 obsessam

1127 1044 1250 1069 verum
1273 1035 1414 1081 captam
1435 1043 1477 1067 ac
1502 1031 1675 1068 domitam
1691 1041 1780 1066 cen-

1128 1089 1277 1125 sendam
1300 1100 1393 1124 esse.
1436 1086 1569 1136 Neque
1588 1099 1673 1124 vero
1693 1097 1780 1136 pro-

1127 1149 1253 1194 pterea
1282 1143 1501 1180 Bouherium
1530 1155 1685 1192 sequar,
1716 1141 1779 1191 qui

1127 1200 1263 1238 Ninum
1275 1200 1329 1236 bis
1348 1201 1384 1236 in
1395 1199 1588 1237 Medorum
1603 1199 1778 1236 ditionem

1128 1261 1164 1295 et
1192 1260 1412 1308 potestatem
1442 1256 1585 1293 venisse
1615 1254 1779 1306 suspica-

1127 1314 1252 1361 batur,
1290 1313 1446 1364 primum
1474 1313 1640 1361 Cyaxare
1678 1311 1779 1348 obsi-

1127 1371 1258 1416 dente,
1296 1370 1447 1407 alterum
1475 1368 1638 1417 Astyage
1670 1380 1777 1404 occu-

1125 1431 1259 1476 pante3
1288 1427 1382 1463 cons.
1413 1425 1569 1463 Dissert.
1595 1423 1775 1462 Herodot.

1125 1495 1182 1532 cp.
1210 1484 1284 1529 21,
1324 1484 1373 1522 11
1413 1493 1498 1530 pag.
1527 1480 1620 1522 240.
1677 1478 1774 1516 Nam

1123 1538 1292 1574 universa
1329 1538 1525 1585 antiquitas
1571 1536 1775 1573 huiusmodi

1123 1594 1338 1631 sententiam
1378 1594 1526 1643 respuit.
1592 1592 1774 1642 Equidem

1123 1650 1231 1686 nolim
1255 1651 1289 1686 in
1316 1650 1371 1686 his
1391 1650 1585 1698 quidquam
1611 1662 1774 1699 pronun-

1124 1707 1212 1743 tiare
1230 1706 1298 1742 nisi
1316 1706 1424 1753 illud,
1444 1706 1527 1742 mihi
1547 1705 1668 1742 omnia
1685 1705 1775 1742 haec

1120 1761 1256 1798 incerta
1286 1762 1398 1798 videri
1429 1775 1497 1798 nec
1530 1774 1688 1810 unquam
1713 1774 1776 1798 ex-

1120 1818 1303 1867 pedienda
1329 1818 1365 1854 in
1397 1822 1497 1854 tauta
1528 1822 1564 1854 et
1588 1817 1774 1855 nominum

1121 1879 1157 1911 et
1191 1878 1393 1925 temporum
1442 1874 1674 1922 confusione,
1712 1874 1773 1910 ubi

1120 1943 1227 1968 omne
1263 1931 1477 1968 conciliandi
1507 1931 1665 1968 studium
1695 1930 1772 1967 irri-

1118 1991 1194 2024 tum
1222 1987 1336 2024 videri
1367 1991 1489 2037 queat.

1176 2067 1277 2122 αῧτη
1311 2069 1354 2111 δὲ
1392 2070 1632 2122 συνετωτέρη
1664 2085 1772 2123 γενο-

1120 2125 1219 2177 μένη
1240 2143 1275 2166 κ.
1302 2144 1332 2166 τ.
1355 2127 1414 2177 L]
1454 2128 1637 2177 Participii
1666 2140 1769 2163 usum

1118 2185 1156 2220 in
1180 2185 1246 2221 hac
1266 2184 1491 2234 parenthesi,
1529 2184 1589 2220 ubi
1617 2184 1770 2220 refertur

1118 2241 1167 2278 ad
1196 2241 1415 2278 antecedens
1448 2240 1671 2290 participium
1706 2253 1768 2289 ye-

1117 2295 1290 2346 νομένη,
1340 2295 1535 2333 declaraxit
1590 2295 1766 2333 Matthiae

1119 2354 1185 2389 Gr.
1208 2353 1272 2390 Gr.
1293 2366 1378 2403 pag.
1406 2353 1643 2393 1093.-1n
1661 2366 1765 2401 seqq.

1118 2404 1244 2459 ἆρχήν
1282 2431 1330 2436 -
1366 2407 1440 2448 οὐκ
1483 2405 1766 2459 ἀτρεμίζουσαν

1116 2467 1201 2502 dicit
1227 2479 1399 2513 regnum,
1430 2466 1504 2501 suis
1534 2466 1664 2502 finibus
1691 2479 1765 2502 non

1116 2527 1323 2559 contentum
1360 2536 1426 2559 nec
1466 2523 1623 2571 quietem
1661 2522 1764 2570 quasi

1116 2592 1252 2627 agenS,
1267 2580 1336 2615 sed
1358 2579 1436 2616 loco
1454 2592 1519 2614 suo
1540 2593 1580 2617 se
1601 2591 1763 2624 movens,

1113 2642 1153 2671 nt
1190 2636 1378 2685 imperium
1429 2640 1563 2683 augeat
1600 2634 1764 2683 aliasque

1111 2697 1242 2741 gentes
1267 2692 1450 2742 proximas
1470 2692 1538 2728 sibi
1557 2691 1714 2739 subigat.

1167 2774 1210 2815 ἕν
1240 2773 1282 2814 δὲ
1309 2771 1359 2827 δή
1393 2773 1459 2814 καὶ
1493 2771 1568 2825 τὴν
1606 2772 1759 2823 Νῖνον]

1111 2832 1170 2869 Cf.
1191 2831 1230 2879 1,
1252 2835 1343 2873 106.
1383 2831 1483 2869 Male
1502 2831 1656 2869 Pauvius
1676 2830 1759 2866 oiim

1110 2889 1362 2940 suspicabatur
1387 2887 1431 2928 ἐν
1459 2885 1502 2928 δὲ
1524 2884 1575 2939 δή
1593 2884 1659 2925 καὶ
1683 2881 1758 2937 τήν

1795 373 1909 471 8γὶ
