1909 3228
450 209 534 250 554
839 204 1307 244 HERODOTI

451 333 514 374 νῳ
545 315 688 372 πόντῳ
717 314 839 356 πέντε
856 312 1050 368 ἡμερέων
1077 315 1192 355 ἰθεῖα
1223 312 1324 363 ὁδὸς
1353 311 1522 366 εὐζώνῳ
1554 310 1701 365 ἀνδρί·

448 395 476 451 ἡ
505 397 549 438 δὲ
579 392 760 448 Σινώπη
791 395 850 446 τῷ
869 391 1020 449 Ἴστρῳ
1051 390 1264 434 ἐκδιδόντι
1293 391 1336 441 ἐς
1364 392 1592 433 θάλασσαν
1623 390 1701 432 ἀν-

422 475 548 516 4τίον
584 471 731 514 κέεται.
791 471 905 514 οὕτω
946 471 1022 514 τὸν
1068 474 1231 513 Νεῖλον
1279 469 1415 513 δοκέω
1455 470 1525 512 διὰ
1563 469 1702 524 πάσης

451 556 525 607 τῆς
557 548 722 605 Λιβύης
752 550 964 601 διεξιόντα
994 550 1244 601 ἐξισοῦσθαι
1263 553 1322 607 τῷ
1343 547 1505 606 Ἴστρῳ.
1540 549 1759 590 Νείλουῖο

450 630 527 686 μέν
552 646 635 672 νυν
665 628 764 684 πέρι
793 633 982 672 τοσαῦτα
1011 628 1213 684 εἰρήσθω.

549 709 758 764 ’Έρχομαι
789 709 833 751 δὲ
863 708 960 762 περὶ
998 707 1224 762 Αἰγύπτου
1258 705 1486 763 μηκυνέων
1523 705 1600 748 τὸν
1630 702 1704 747 λό-

125 780 336 821 Aegyptiorum

124 820 398 875 3‡‘¹⁰22.¹2{.331::531
633 867 641 881 ,
691 867 709 881 ,,
868 864 876 876 ,
1040 866 1048 879 ,
1247 865 1255 879 ,
1486 863 1493 876 .
1605 866 1622 874 ,

124 880 398 941 ἓὲ,ιιιίιοᾶῖξέῑιιῐιίιιτιὲ
456 885 534 924 ρη,
573 883 647 909 και
687 883 788 922 &oya
827 871 962 922 λογου
998 870 1108 922 μεζω
1147 881 1375 921 παρεχεται
1413 880 1522 921 προς
1562 875 1707 906 πασαν

453 803 555 843 γον,
599 787 666 830 ὅτι
693 792 867 830 πλεῖστα
904 786 1138 842 θωυμάσια
1177 787 1258 842 ἔχει
1288 785 1314 841 ἢ
1342 786 1448 840 ἄλλη
1478 789 1594 827 πᾶσα
1623 781 1706 838 χώ-

399 1056 488 1091 erat.
534 1052 610 1090 Sed
636 1051 770 1103 optime
786 1053 1048 1088 commonstra-

397 1110 450 1147 vit
480 1108 654 1146 Valcken.
689 1107 779 1145 haec
814 1107 925 1144 verba
963 1120 1047 1156 per-

398 1177 507 1215 quam
526 1164 729 1202 necessaria
747 1164 803 1200 hic
817 1176 907 1201 esse.
928 1162 1045 1200 Nam-

399 1235 471 1271 que
488 1221 698 1258 Herodotus
719 1223 870 1256 tractum
888 1233 1045 1256 cursum-

399 1292 471 1327 que
502 1277 578 1315 Nili
612 1282 721 1326 atque
750 1276 831 1312 Istri
862 1279 1048 1326 comparat

398 1335 445 1372 ab
486 1334 671 1371 occidente
708 1346 831 1369 versus
871 1333 1046 1369 orientem

396 1391 594 1428 fluentium.
652 1389 967 1432 Quemadmodum
989 1388 1048 1426 ille

396 1446 550 1494 Libyam
591 1445 745 1482 mediam
786 1445 960 1490 dissecat,
999 1445 1049 1480 ita

396 1502 495 1539 hicce
514 1501 717 1549 Europam3
739 1500 796 1537 ille
823 1500 901 1535 fluit
922 1500 967 1536 ab
989 1513 1049 1536 oc-

399 1558 531 1595 cidenti
544 1557 679 1604 Libyae
692 1585 701 1603 ,
726 1556 782 1592 hic
802 1556 847 1592 ab
870 1555 1047 1592 occidenti

397 1613 569 1662 Europae
595 1617 718 1662 parte3
755 1612 812 1648 ille
839 1610 1047 1661 Aegyptum

398 1669 490 1720 petit
510 1670 617 1717 inque
630 1681 727 1705 mare
745 1681 783 1705 se
803 1667 969 1714 effundit,
992 1667 1047 1704 hic

398 1726 436 1762 in
485 1724 641 1760 Pontum
689 1724 867 1760 Euxinum
918 1724 1045 1760 effluit.

401 1780 595 1819 Terminus
627 1779 832 1826 orientalis,
865 1780 912 1815 ad
939 1791 1047 1826 quem

399 1849 514 1885 usque
535 1835 638 1872 Nilus
662 1848 705 1872 ex
732 1835 908 1872 occidenti
930 1835 1048 1871 fluens

399 1892 585 1945 pervenit,
597 1890 786 1942 Aegyptus
803 1894 874 1936 est3
904 1890 963 1927 cui
982 1903 1050 1940 op-

400 1948 521 2000 posita
549 1951 605 1985 est
635 1947 750 1995 (nam
775 1947 1049 1984 monstrandum

397 2008 492 2052 erat,
513 2002 682 2053 Aegypto
703 2003 880 2041 obiectum
898 2015 1049 2052 respon·

397 2062 486 2099 dere
505 2060 622 2097 locum
636 2089 647 2107 ,
677 2072 748 2109 quo
772 2060 865 2097 Ister
894 2059 930 2096 in
949 2071 1050 2097 mare

398 2118 489 2165 exit)
516 2115 639 2153 Cilicia
660 2120 852 2162 montana,
870 2116 967 2153 unde
987 2128 1047 2152 re-

398 2177 456 2212 cta
485 2173 543 2210 via
574 2173 762 2222 pergendo
785 2172 946 2221 quinque
972 2171 1050 2208 die-

398 2230 465 2266 bus
501 2230 681 2278 perveniri
712 2233 835 2278 potest
873 2228 1049 2277 Sinopem

399 2286 448 2323 ad
467 2285 621 2322 Pontum
643 2286 745 2321 sitam
768 2289 805 2322 et
826 2284 1049 2321 obiacentem

400 2342 492 2378 lstro
510 2342 545 2377 in
566 2342 659 2378 idem
671 2354 769 2378 mare
780 2355 819 2378 se
830 2340 1049 2378 exoneranti.

400 2398 432 2434 E
455 2398 583 2446 quibus
613 2398 777 2434 omnibus
802 2398 893 2434 hanc
916 2396 1052 2434 Noster

400 2454 578 2490 concludit
599 2467 793 2490 summam:
824 2453 946 2490 Nilum
966 2453 1053 2502 (per

404 2514 516 2546 totam
538 2510 718 2556 Africam,
748 2515 787 2546 ut
806 2509 896 2547 Ister
911 2522 976 2558 per
994 2514 1052 2544 to-

404 2570 478 2602 tam
510 2566 725 2615 Europam)
759 2568 932 2603 fluentem
959 2565 1051 2601 Istro

406 2621 555 2658 similem
581 2635 661 2658 esse
703 2623 867 2670 beneque
898 2634 976 2658 cum
1006 2633 1049 2658 eo

407 2678 604 2726 comparari
625 2691 742 2727 posse.
774 2700 830 2705 —
856 2677 912 2715 Ad
943 2677 1053 2713 verba

410 2745 511 2779 seqq.
532 2732 645 2771 πέντε
666 2732 842 2785 ἡμερέων
865 2756 910 2761 -
935 2728 1052 2779 εὐζώ-

411 2802 466 2838 νῳ
488 2783 599 2837 (ἷνῢρί
618 2791 711 2825 cons.
736 2791 769 2835 l,
790 2794 844 2831 72
867 2790 1054 2838 ibiquott.

470 2838 605 2882 α’ντίον
626 2843 774 2895 κέεται]
807 2846 864 2883 De
880 2847 1001 2883 dativo
1019 2849 1055 2883 et

1114 1049 1297 1098 genitivo,
1346 1049 1408 1098 qui
1443 1047 1590 1085 voculae
1628 1041 1764 1084 οἶντίον

1113 1107 1331 1153 adstruitur,
1361 1105 1500 1142 monuit
1531 1102 1763 1151 VVesseling„

1113 1175 1221 1212 quem
1241 1163 1314 1200 vid.
1742 1164 1748 1168 ⁷

1284 1301 1316 1339 c
1337 1314 1358 1340 a
1376 1315 1412 1353 p.
1443 1297 1598 1339 xxxv.

1173 1384 1333 1436 ἔρχομαι
1371 1383 1414 1425 δὲ
1460 1405 1515 1413 —-
1556 1379 1765 1434 μηκυνέων

1115 1437 1185 1480 τόν
1206 1438 1339 1493 λόγον]
1368 1442 1426 1477 Ad
1448 1441 1674 1491 participium
1694 1453 1765 1487 μη-

1116 1496 1270 1536 κυνέων
1298 1498 1391 1533 conf.
1422 1501 1511 1532 nott.
1541 1497 1588 1532 ad
1621 1496 1658 1541 l,
1686 1493 1765 1534 194

1115 1558 1152 1591 et
1173 1554 1257 1589 add.
1287 1553 1498 1590 Valckenar.
1529 1552 1576 1587 ad
1602 1551 1765 1600 Euripid.

1114 1609 1303 1646 l'hoeniss.
1340 1612 1432 1649 713.
1467 1610 1584 1648 1082.
1645 1607 1766 1656 lpsam

1115 1665 1329 1702 locutionem
1351 1661 1545 1715 μηκύνειν
1562 1660 1631 1702 τόν
1651 1659 1766 1713 λόγον

1115 1721 1300 1769 (pluribus
1331 1734 1360 1757 s.
1379 1719 1555 1770 prolixius
1584 1719 1766 1766 disserere)

1116 1776 1297 1813 illustrant
1351 1789 1395 1814 ea
1413 1805 1424 1823 ,
1480 1787 1574 1824 quae
1623 1774 1768 1822 collegit

1115 1832 1300 1870 Schaefer.
1323 1833 1370 1869 ad
1397 1831 1582 1869 Lambert.
1610 1830 1697 1868 Bos.
1720 1831 1769 1868 de

1116 1887 1234 1939 ellips.
1259 1900 1346 1939 pag.
1367 1888 1462 1932 255.

1170 1996 1230 2041 ’ὅτι
1261 2003 1422 2040 πλεῖστα
1447 1995 1667 2051 θωυμᾶσια
1691 1997 1769 2051 ἔχει

1115 2052 1145 2108 ἢ
1169 2072 1204 2096 κ.
1224 2072 1256 2096 τ.
1278 2055 1328 2108 λ.]
1370 2058 1468 2095 Olim
1497 2056 1624 2105 πλέω,
1668 2056 1769 2106 quod

1115 2126 1212 2151 nune
1231 2127 1252 2151 e
1280 2113 1488 2151 melioribus
1520 2113 1618 2151 libris
1649 2117 1769 2149 muta-

1113 2173 1191 2206 tum
1233 2174 1288 2207 est
1320 2170 1358 2206 in
1398 2172 1568 2208 πλεῖστα.
1635 2168 1770 2217 Neque

1117 2227 1211 2263 enim
1231 2229 1411 2275 repugnat
1434 2238 1588 2274 sequens
1613 2221 1654 2274 ἥ.
1685 2224 1770 2261 Vid.

1117 2281 1247 2319 Matth.
1280 2282 1344 2318 Gr.
1376 2281 1440 2318 Gr.
1472 2294 1558 2331 pag.
1578 2283 1651 2322 461
1690 2279 1768 2317 coll.

1117 2339 1318 2375 Hermann.
1350 2338 1396 2373 ad
1416 2338 1538 2385 Viget.
1569 2350 1653 2387 pag.
1675 2338 1768 2377 718.

1120 2394 1219 2431 Idem
1239 2394 1414 2430 Matthiae
1434 2393 1455 2430 l.
1479 2393 1501 2430 l.
1523 2392 1560 2444 ἓ.
1582 2396 1663 2435 451
1691 2393 1768 2430 init.

1119 2451 1227 2487 verba
1257 2463 1379 2499 seqq.:
1430 2448 1497 2488 καὶ
1530 2449 1622 2500 ἔργα
1651 2444 1768 2500 λόγου

1120 2505 1218 2557 μέζω
1249 2512 1344 2543 recte
1381 2506 1431 2543 sic
1461 2507 1636 2556 exponit:
1677 2505 1770 2556 ἔργα

1120 2561 1218 2613 μέζω
1242 2559 1268 2612 ἢ
1289 2561 1413 2612 λέγειν
1444 2561 1569 2608 ἔστιν,
1602 2561 1768 2609 ἕξεστινῑ

1116 2622 1269 2668 grossere
1298 2617 1656 2667 Illerlcwiirdc'glceiten
1674 2647 1686 2666 ,
1714 2617 1770 2654 als

1118 2676 1192 2712 sich.
1208 2689 1316 2724 sagea
1337 2675 1435 2711 liis-st.
1465 2675 1523 2711 Ad
1541 2675 1651 2712 verba
1670 2671 1770 2724 πρὸς

1120 2734 1252 2770 πᾶσαν
1271 2727 1406 2782 χώρην
1424 2731 1496 2767 vid.
1517 2731 1603 2768 ibid.
1623 2729 1660 2781 ξ.
1673 2730 1768 2777 455,

1121 2790 1169 2835 3,
1201 2794 1237 2826 et
1262 2790 1309 2826 ad
1337 2784 1383 2826 τὰ
1426 2784 1550 2825 πολλά
1582 2784 1712 2827 πάντα
1732 2788 1767 2824 in

1124 2859 1226 2894 seqq.
1248 2846 1341 2882 conf.
1364 2844 1403 2891 I,
1424 2845 1517 2884 203.
