1877 3223
459 249 540 288 102

869 241 1332 281 HERODOTI

459 355 544 407 „622
569 352 734 410 τούτῳ,
772 354 844 397 καὶ
874 352 919 396 σε’
953 369 1020 396 τοι
1049 350 1189 407 χρεών
1219 350 1306 393 ἐστι
1347 348 1457 392 ἰέναι
1487 349 1594 393 ἔνθα
1627 347 1737 392 ἀπο-

456 432 762 490 ,,λαμπρυ’νεαι
808 437 919 476 τοῖσι
962 432 1146 486 ἔργοισι·

458 513 604 564 ,,ἐστὶ,
650 513 724 554 καὶ
769 511 947 565 προσέτι
987 510 1109 566 ῥώμη
1149 507 1372 563 ὑπάρχει-4(

740 585 822 641 „³521
860 594 1062 646 βασιλεῦ,
1102 588 1240 638 ἄλλως
1278 587 1357 643 μὲν
1395 586 1525 642 ἔγωγε
1565 585 1619 629 ἂν
1659 585 1740 629 οὐκ

447 591 702 646 Ἄδρηστος·

457 669 567 726 ,,ἠ’ϊα
598 668 638 719 ἐς
668 667 828 712 ἄεθλον
860 667 1052 713 τοιόνδε·

1192 426 1415 483 πατρώϊόν
1460 444 1503 472 τε
1546 427 1629 483 γάρ
1671 435 1785 471 voc-'45

1438 505 1673 562 Ἀμείβεται
1715 506 1737 549 ὁ

1099 667 1198 711 οὔτε
1239 667 1321 722 γὰρ
1363 669 1568 722 συμφορῇ
1597 666 1742 720 τοιῇδε

458 746 752 803 ,,κεχρημένον
792 747 909 798 οἰκός
947 748 1034 790 ἐστι
1079 747 1118 797 ἐς
1149 745 1358 802 ὁμήλικας
1389 740 1437 788 εὖ
1467 744 1742 801 πρήσσοντας

456 826 622 878 ,,ἰέναι,
673 824 771 869 οὔτε
818 828 866 869 τὸ
916 825 1150 882 βούλεσθαι
1191 823 1331 880 adca·
1373 829 1565 882 πολλαχῆ
1603 841 1647 869 τε
1689 821 1788 867 ἂνόο

415 1042 477 1077 χοε
463 1023 539 1065 (όν
559 1025 638 1065 ἐστι
663 1024 787 1072 ἰέναι]
811 1024 948 1074 Vulgo:
970 1023 1065 1076 πρὸς

415 1082 458 1122 ὁὲ
488 1084 624 1131 τοῦτο,
665 1083 764 1119 cuius
794 1082 874 1118 loco
907 1081 1065 1119 Valcke-

415 1153 490 1177 ιιῑιι·1
509 1140 719 1189 proposuit:
751 1134 882 1189 πρὸς
912 1135 988 1186 δὲ,
1021 1137 1066 1184 ἒς

415 1197 564 1234 τοῦτο
596 1193 663 1233 καὶ
688 1194 729 1234 σέ
754 1210 815 1233 τοι
844 1209 901 1245 χρ.
928 1193 957 1234 ε’.
981 1192 1065 1242 ἰέν.,

416 1256 455 1288 ut
478 1249 517 1297 ἐς
537 1253 654 1290 τοῦτο
667 1251 839 1299 iungatur
861 1264 940 1287 cum
965 1249 1067 1289 ἰέναι

415 1308 520 1344 simili
540 1309 616 1345 fere
634 1308 765 1353 modo,
777 1320 848 1356 quo
871 1305 973 1345 ἰέναι
989 1320 1067 1344 cum

415 1363 455 1409 ἐς
472 1365 628 1400 iunctum
647 1363 847 1413 reperiatur
869 1363 902 1409 Ι,
924 1363 989 1404 42.
1022 1363 1069 1410 ΙΙ,

416 1422 492 1465 15,
532 1424 570 1457 et
599 1417 700 1469 πρός
730 1416 772 1457 δὲ
816 1419 997 1455 Herodoti
1026 1432 1070 1456 ex

414 1489 481 1513 usu
530 1474 724 1524 explicetur
773 1478 966 1524 praeterea.
1025 1475 1066 1511 In

413 1545 486 1581 quo
527 1530 675 1569 Reizius
714 1530 891 1567 Batavum
922 1531 1068 1567 doctum

414 1591 558 1625 secutus
571 1591 648 1635 est,
678 1587 919 1624 coniecturam
932 1587 968 1623 in
990 1591 1067 1625 tex-

415 1648 492 1680 tum
526 1643 644 1693 ipsum
693 1643 891 1692 recipienS,
929 1656 950 1679 a
984 1642 1068 1681 reli-

414 1700 496 1749 quis
530 1699 612 1736 edd.
653 1698 842 1745 reiectam,
895 1711 974 1735 cum
1009 1698 1067 1735 alii

414 1755 494 1792 libri
516 1756 652 1792 ferrent
672 1751 770 1805 πρὸς
803 1751 844 1792 δὲ
866 1751 991 1808 τούτῳ
1022 1755 1063 1801 (ἰ.

416 1824 447 1849 e.
475 1814 676 1860 praeterea,
715 1810 925 1859 adhaec),
965 1811 1065 1859 quod

413 1867 511 1904 idem
539 1867 622 1905 olim
650 1866 805 1903 Reiskio
845 1867 882 1903 in
908 1871 1065 1904 mentem

415 1926 573 1960 venerat.
629 1921 810 1959 Particula
840 1936 900 1960 τοι
917 1935 992 1958 non
1017 1922 1066 1958 si-

414 1992 462 2017 ne
491 1978 527 2014 vi
555 1978 713 2027 quadam
743 1978 883 2014 adiecta
914 1982 989 2024 est,
1028 1981 1068 2014 ut

414 2035 605 2081 observat,
635 2037 807 2073 monente
829 2033 919 2080 Cin,
948 2032 1066 2070 Hein-

415 2091 509 2128 dorf.
566 2090 615 2127 ad
677 2089 817 2127 Platon.
878 2089 1068 2138 Protagor.

415 2159 502 2197 pag.
530 2144 612 2187 486
635 2159 713 2195 seq.
742 2166 798 2173 ——
826 2145 914 2182 Mox
944 2145 1069 2183 melio-

416 2216 475 2240 res
513 2201 613 2249 libri,
651 2214 744 2251 quos
773 2202 888 2239 secuti
924 2214 1067 2238 sumus:

418 2253 748 2310 εἷπολαμπρύνεαι
768 2271 834 2308 pro
854 2258 949 2307 vulg.
972 2253 1068 2296 ἁπο-

417 2310 698 2365 λαμπρύνεται.
767 2314 950 2351 Invenitur
978 2315 1070 2350 infra

417 2371 488 2418 Vl,
515 2373 570 2411 70
601 2365 989 2422 ἅπολαμπρύνεσθαι
1011 2368 1068 2420 ἕρ-

418 2441 525 2478 γοις,
556 2428 653 2475 quod
673 2426 914 2464 Valckenario
940 2426 1068 2472 iudice,

418 2483 605 2520 minimum
642 2483 752 2518 distat
789 2483 834 2519 ab
862 2496 929 2529 eo,
971 2481 1069 2531 quod

418 2539 490 2585 111,
514 2538 594 2579 134
620 2538 751 2586 legitur
783 2537 1004 2588 φαίνεσθαί
1032 2551 1070 2575 τι

419 2589 772 2645 α’ποδεικνύμευον.
859 2595 918 2632 Ad
960 2606 1068 2642 argu-

420 2655 580 2688 mentum
603 2651 669 2687 Cr.
688 2652 827 2688 confert
845 2650 1009 2687 Eustath.
1022 2650 1070 2686 ad

421 2707 558 2754 odyss.
579 2707 690 2754 XIX,
721 2707 802 2749 429
832 2721 867 2758 p.
895 2707 975 2747 703
1016 2706 1072 2743 ed.

419 2763 529 2800 Basil.
563 2768 599 2800 et
636 2764 815 2810 Carmen,
855 2763 954 2812 quod
984 2761 1074 2798 Nie-

419 2818 599 2866 bclungen
623 2820 846 2866 inscribitur,
885 2833 937 2855 vs.
963 2818 1072 2859 3605

418 2876 590 2916 ——3616
612 2889 665 2912 ur.
683 2876 731 2916 15
755 2888 841 2926 pag.
865 2875 932 2916 94.

1333 1024 1442 1074 Cap
1475 1024 1587 1062 xru

1192 1106 1282 1148 ου’τε
1312 1105 1385 1161 γάρ
1421 1109 1614 1161 συμφορῇ
1656 1108 1788 1162 τοιῇδε

1134 1164 1376 1216 κεχρημένον
1417 1162 1529 1211 οἰκός
1581 1148 1684 1214 ἐστι]
1731 1163 1790 1200 Ad

1135 1223 1246 1260 verba
1269 1224 1461 1276 συιιφοοῆ
1490 1223 1665 1272 χοησθαι
1694 1221 1788 1256 conf.

1137 1291 1248 1329 supra
1274 1278 1311 1325 Ῑ,
1344 1279 1406 1319 35
1437 1275 1541 1323 οἰκὸς
1570 1291 1590 1315 e
1623 1275 1790 1314 Mediceo

1138 1334 1230 1371 libio
1254 1307 1405 1383 aliisque
1424 1335 1620 1384 repositum
1649 1346 1716 1382 pro
1737 1332 1786 1371 εἰ-

1136 1386 1220 1436 κός.
1278 1390 1335 1426 Ad
1378 1391 1617 1427 accusativum
1656 1403 1790 1439 κεχρη-

1138 1445 1259 1497 μένον
1279 1446 1387 1495 vulgo
1400 1446 1571 1497 supplent
1589 1440 1689 1483 τινά.
1705 1445 1789 1481 Μο-

1136 1507 1199 1539 net
1216 1502 1346 1539 Matth.
1370 1504 1436 1541 Gr.
1458 1502 1527 1538 Gr.
1557 1500 1594 1553 ἓ.
1618 1502 1702 1543 556
1729 1501 1789 1538 fin.

1136 1572 1222 1609 pag.
1251 1561 1356 1600 noc
1380 1559 1427 1596 de
1446 1558 1652 1608 participio,
1674 1570 1791 1607 quan-

1135 1616 1184 1651 do
1204 1615 1369 1651 absolute
1397 1615 1476 1650 sine
1504 1615 1730 1650 substantivo
1751 1627 1791 1649 u-

1134 1674 1327 1719 surpatur,
1348 1674 1584 1718 nostrumque
1604 1669 1719 1706 locum
1740 1669 1792 1706 sic

1135 1726 1274 1764 reddit:
1326 1727 1473 1773 „einen
1515 1725 1575 1762 (ler
1607 1728 1646 1762 in
1684 1728 1791 1762 ez'nem

1134 1781 1447 1831 solt-leenUngliiclc
1472 1783 1559 1818 ist.“
1588 1780 1668 1818 Alio
1681 1782 1790 1818 modo

1136 1838 1355 1875 locutionem
1421 1838 1595 1888 expedire
1654 1837 1792 1874 studuit

1134 1893 1213 1931 Ast.
1238 1895 1287 1932 ad
1304 1894 1446 1932 Platon.
1464 1893 1570 1931 Polit.
1594 1906 1682 1944 pag.
1694 1893 1788 1936 430.

1192 1980 1372 2044 πολλαχῇ
1382 1992 1422 2017 τε
1445 1973 1496 2016 ἂν
1515 1976 1627 2029 ἰ’σχον
1647 1977 1791 2028 ἐμεωυ-

1135 2029 1222 2083 τόν]
1265 2030 1317 2073 ἂν
1338 2035 1448 2085 ἴσχον
1480 2034 1522 2081 (i.
1544 2048 1576 2072 e.
1597 2035 1719 2072 nzultzs
1739 2047 1791 2071 me

1136 2090 1514 2138 ηῑοᾱιηεεοηΐυιῑαεεεηι)
1525 2090 1626 2128 dedit
1638 2091 1789 2129 wesse-

1136 2147 1269 2195 lingius
1282 2145 1557 2196 ,adstipulante
1574 2147 1740 2195 Schweig
1717 2146 1775 2183 ‹h.
1768 2175 1790 2194 .,

1137 2203 1198 2251 qui
1242 2209 1349 2240 antea
1389 2201 1572 2250 uilgatum
1610 2197 1788 2252 ἄνίσχον,

1136 2271 1203 2295 nec
1227 2258 1345 2307 ipsum
1370 2258 1541 2294 librorum
1561 2259 1789 2306 quorundam

1135 2315 1347 2351 auctoritate
1369 2315 1602 2362 destitutuun,
1623 2320 1701 2353 erat
1712 2328 1788 2352 am-

1135 2370 1261 2420 plexus
1285 2372 1353 2408 hoc
1386 2372 1461 2407 sere
1491 2383 1620 2408 sensu:
1651 2383 1788 2421 „saepe

1136 2439 1187 2462 me
1217 2428 1284 2473 (sc.
1303 2428 1340 2463 iu
1362 2427 1566 2464 huiusmodi
1589 2428 1786 2464 occasioni-

1136 2483 1223 2527 bus)
1255 2484 1444 2520 continui.“
1473 2482 1554 2520 Nos
1571 2496 1650 2520 cum
1669 2484 1786 2522 Gaisf.

1138 2539 1304 2576 dedimus
1335 2535 1385 2578 (ἲν
1410 2538 1541 2589 ἴσχον,
1570 2540 1670 2588 quod
1696 2540 1785 2577 satis

1138 2598 1367 2634 commendat
1394 2596 1562 2632 universa
1596 2596 1663 2633 loci
1701 2609 1786 2634 sen-

1137 2652 1260 2690 tentia.
1321 2653 1369 2688 Et
1399 2656 1518 2688 tuetur
1545 2652 1638 2689 hanc
1664 2651 1786 2689 lectio-

1143 2720 1245 2752 nem,
1275 2712 1444 2746 monente
1478 2706 1565 2755 Cr.,
1603 2707 1784 2746 Schaefer.

1142 2764 1179 2799 in
1200 2763 1337 2802 Melett.
1361 2765 1453 2801 critt.
1470 2763 1486 2800 I
1506 2777 1592 2814 pag.
1608 2767 1685 2806 133
1707 2763 1784 2802 coll.

1141 2819 1318 2859 Matthiae
1347 2820 1498 2857 Miscell.
1523 2820 1729 2871 philoll.ll‚
1763 2823 1779 2860 1

1141 2889 1176 2925 p.
1201 2880 1265 2918 47.
1325 2876 1385 2914 'l'u
1420 2877 1500 2915 vide
1535 2876 1584 2913 sis
1623 2876 1783 2914 eiusdem
