<?xml version="1.0" encoding="UTF-8"?>
<!DOCTYPE html PUBLIC "-//W3C//DTD XHTML 1.0 Transitional//EN"
    "http://www.w3.org/TR/xhtml1/DTD/xhtml1-transitional.dtd">
<html xmlns="http://www.w3.org/1999/xhtml" xml:lang="en" lang="en">
 <head>
  <title>
</title>
<meta http-equiv="Content-Type" content="text/html;charset=utf-8" />
  <meta name='ocr-system' content='tesseract 3.04.00' />
  <meta name='ocr-capabilities' content='ocr_page ocr_carea ocr_par ocr_line ocrx_word'/>
</head>
<body>
  <div class='ocr_page' id='page_1' title='image "./musaeherodoto01hero/musaeherodoto01hero_0887.png"; bbox 0 0 1909 3228; ppageno 0'>
   <div class='ocr_carea' id='block_1_1' title="bbox 557 218 1073 258">
    <p class='ocr_par' dir='ltr' id='par_1_1' title="bbox 557 218 1073 258">
     <span class='ocr_line' id='line_1_1' title="bbox 557 218 1073 258; baseline -0.004 0"><span class='ocrx_word' id='word_1_1' title='bbox 557 218 976 258; x_wconf 89' lang='lat' dir='ltr'>EUTERPE.</span> <span class='ocrx_word' id='word_1_2' title='bbox 1027 218 1073 256; x_wconf 90' lang='lat' dir='ltr'>II.</span> 
     </span>
    </p>
   </div>
   <div class='ocr_carea' id='block_1_2' title="bbox 1345 220 1431 260">
    <p class='ocr_par' dir='ltr' id='par_1_2' title="bbox 1345 220 1431 260">
     <span class='ocr_line' id='line_1_2' title="bbox 1345 220 1431 260; baseline -0.012 0"><span class='ocrx_word' id='word_1_3' title='bbox 1345 220 1431 260; x_wconf 68' lang='lat'>873</span> 
     </span>
    </p>
   </div>
   <div class='ocr_carea' id='block_1_3' title="bbox 179 324 1486 385">
    <p class='ocr_par' dir='ltr' id='par_1_3' title="bbox 179 324 1486 385">
     <span class='ocr_line' id='line_1_3' title="bbox 179 324 1486 385; baseline -0.006 -11"><span class='ocrx_word' id='word_1_4' title='bbox 179 329 290 374; x_wconf 77' lang='grc' dir='ltr'><em>ἄλλα</em></span> <span class='ocrx_word' id='word_1_5' title='bbox 317 346 360 374; x_wconf 84' lang='grc' dir='ltr'>τε</span> <span class='ocrx_word' id='word_1_6' title='bbox 392 327 536 385; x_wconf 76' lang='grc' dir='ltr'><em>ἀγαθοὶ</em></span> <span class='ocrx_word' id='word_1_7' title='bbox 567 330 726 384; x_wconf 85' lang='grc' dir='ltr'><em>μυρία,</em></span> <span class='ocrx_word' id='word_1_8' title='bbox 767 328 814 372; x_wconf 80' lang='grc' dir='ltr'><em>ἐν</em></span> <span class='ocrx_word' id='word_1_9' title='bbox 845 329 888 372; x_wconf 78' lang='grc' dir='ltr'>δὲ</span> <span class='ocrx_word' id='word_1_10' title='bbox 917 328 990 372; x_wconf 84' lang='grc' dir='ltr'>καὶ</span> <span class='ocrx_word' id='word_1_11' title='bbox 1019 325 1291 382; x_wconf 82' lang='grc' dir='ltr'><em>ποδανιπτὴρ</em></span> <span class='ocrx_word' id='word_1_12' title='bbox 1321 324 1486 380; x_wconf 76' lang='grc' dir='ltr'><em>χρύ-Βο</em></span> 
     </span>
    </p>
   </div>
   <div class='ocr_carea' id='block_1_4' title="bbox 178 402 1429 467">
    <p class='ocr_par' dir='ltr' id='par_1_4' title="bbox 178 402 1429 467">
     <span class='ocr_line' id='line_1_4' title="bbox 178 402 1429 467; baseline -0.005 -15"><span class='ocrx_word' id='word_1_13' title='bbox 178 420 297 460; x_wconf 87' lang='grc' dir='ltr'><em>σεος,</em></span> <span class='ocrx_word' id='word_1_14' title='bbox 340 410 386 452; x_wconf 78' lang='grc' dir='ltr'><em>ἐν</em></span> <span class='ocrx_word' id='word_1_15' title='bbox 414 412 474 467; x_wconf 79' lang='grc' dir='ltr'>τῷ</span> <span class='ocrx_word' id='word_1_16' title='bbox 505 407 636 459; x_wconf 79' lang='grc' dir='ltr'><em>αὐτός</em></span> <span class='ocrx_word' id='word_1_17' title='bbox 665 424 707 450; x_wconf 86' lang='grc' dir='ltr'>τε</span> <span class='ocrx_word' id='word_1_18' title='bbox 742 407 764 451; x_wconf 88' lang='grc' dir='ltr'>ὁ</span> <span class='ocrx_word' id='word_1_19' title='bbox 794 406 971 463; x_wconf 70' lang='grc' dir='ltr'><em>’Ἀμασις</em></span> <span class='ocrx_word' id='word_1_20' title='bbox 998 408 1069 450; x_wconf 83' lang='grc' dir='ltr'>καὶ</span> <span class='ocrx_word' id='word_1_21' title='bbox 1101 408 1143 450; x_wconf 83' lang='grc' dir='ltr'>οἷ</span> <span class='ocrx_word' id='word_1_22' title='bbox 1172 402 1429 460; x_wconf 83' lang='grc' dir='ltr'><strong><em>δαιτυμόνες</em></strong></span> 
     </span>
    </p>
   </div>
   <div class='ocr_carea' id='block_1_5' title="bbox 149 484 1428 538">
    <p class='ocr_par' dir='ltr' id='par_1_5' title="bbox 149 484 1428 538">
     <span class='ocr_line' id='line_1_5' title="bbox 149 484 1428 538; baseline -0.002 -10"><span class='ocrx_word' id='word_1_23' title='bbox 149 489 228 531; x_wconf 83' lang='grc' dir='ltr'>4οἷ</span> <span class='ocrx_word' id='word_1_24' title='bbox 257 487 411 538; x_wconf 78' lang='grc' dir='ltr'><em>πάντες</em></span> <span class='ocrx_word' id='word_1_25' title='bbox 441 487 544 537; x_wconf 79' lang='grc' dir='ltr'><em>τοὺς</em></span> <span class='ocrx_word' id='word_1_26' title='bbox 574 486 712 536; x_wconf 87' lang='grc' dir='ltr'><em>πόδας</em></span> <span class='ocrx_word' id='word_1_27' title='bbox 740 486 938 528; x_wconf 78' lang='grc' dir='ltr'><em>ἑκάστοτε</em></span> <span class='ocrx_word' id='word_1_28' title='bbox 967 484 1277 537; x_wconf 76' lang='grc' dir='ltr'><em>ἐναπενιζέατο.</em></span> <span class='ocrx_word' id='word_1_29' title='bbox 1324 486 1428 526; x_wconf 85' lang='grc' dir='ltr'><em>τοῦ-</em></span> 
     </span>
    </p>
   </div>
   <div class='ocr_carea' id='block_1_6' title="bbox 176 559 707 615">
    <p class='ocr_par' dir='ltr' id='par_1_6' title="bbox 176 559 707 615">
     <span class='ocr_line' id='line_1_6' title="bbox 176 559 707 615; baseline -0.004 -6"><span class='ocrx_word' id='word_1_30' title='bbox 176 583 255 609; x_wconf 89' lang='grc' dir='ltr'><em>τον</em></span> <span class='ocrx_word' id='word_1_31' title='bbox 303 564 392 608; x_wconf 83' lang='grc' dir='ltr'><em>κατ’</em></span> <span class='ocrx_word' id='word_1_32' title='bbox 445 559 506 608; x_wconf 74' lang='grc' dir='ltr'><em>ὦν</em></span> <span class='ocrx_word' id='word_1_33' title='bbox 543 563 707 615; x_wconf 81' lang='grc' dir='ltr'><em>κόψας,</em></span> 
     </span>
    </p>
   </div>
   <div class='ocr_carea' id='block_1_7' title="bbox 757 561 1430 619">
    <p class='ocr_par' dir='ltr' id='par_1_7' title="bbox 757 561 1430 619">
     <span class='ocr_line' id='line_1_7' title="bbox 757 561 1430 619; baseline -0.003 -13"><span class='ocrx_word' id='word_1_34' title='bbox 757 564 926 619; x_wconf 74' lang='grc' dir='ltr'><em>ἄγαλμα</em></span> <span class='ocrx_word' id='word_1_35' title='bbox 967 566 1174 618; x_wconf 88' lang='grc' dir='ltr'><em>δαίμονος</em></span> <span class='ocrx_word' id='word_1_36' title='bbox 1211 564 1254 615; x_wconf 81' lang='grc' dir='ltr'>ἐξ</span> <span class='ocrx_word' id='word_1_37' title='bbox 1293 561 1430 606; x_wconf 79' lang='grc' dir='ltr'><em>αὐτοῦ</em></span> 
     </span>
    </p>
   </div>
   <div class='ocr_carea' id='block_1_8' title="bbox 177 637 1429 700">
    <p class='ocr_par' dir='ltr' id='par_1_8' title="bbox 177 637 1429 700">
     <span class='ocr_line' id='line_1_8' title="bbox 177 637 1429 700; baseline -0.004 -12"><span class='ocrx_word' id='word_1_38' title='bbox 177 644 430 700; x_wconf 73' lang='grc' dir='ltr'><em>ἐποιήσατο,</em></span> <span class='ocrx_word' id='word_1_39' title='bbox 471 644 542 686; x_wconf 80' lang='grc' dir='ltr'>καὶ</span> <span class='ocrx_word' id='word_1_40' title='bbox 581 644 748 696; x_wconf 59' lang='grc' dir='ltr'><em>ἵδρυσε.</em></span> <span class='ocrx_word' id='word_1_41' title='bbox 771 647 844 698; x_wconf 80' lang='grc' dir='ltr'>τῆς</span> <span class='ocrx_word' id='word_1_42' title='bbox 881 641 1034 693; x_wconf 79' lang='grc' dir='ltr'><em>πόλιος</em></span> <span class='ocrx_word' id='word_1_43' title='bbox 1064 643 1171 686; x_wconf 83' lang='grc' dir='ltr'><em>ὅκου</em></span> <span class='ocrx_word' id='word_1_44' title='bbox 1200 637 1255 698; x_wconf 80' lang='grc' dir='ltr'><em>ἦν</em></span> <span class='ocrx_word' id='word_1_45' title='bbox 1286 641 1429 697; x_wconf 79' lang='grc' dir='ltr'><em>ἐπιτη-</em></span> 
     </span>
    </p>
   </div>
   <div class='ocr_carea' id='block_1_9' title="bbox 176 720 1485 776">
    <p class='ocr_par' dir='ltr' id='par_1_9' title="bbox 176 720 1485 776">
     <span class='ocr_line' id='line_1_9' title="bbox 176 720 1485 776; baseline -0.005 -10"><span class='ocrx_word' id='word_1_46' title='bbox 176 723 407 766; x_wconf 74' lang='grc' dir='ltr'><em>δειότατον·</em></span> <span class='ocrx_word' id='word_1_47' title='bbox 441 724 483 766; x_wconf 79' lang='grc' dir='ltr'>οἱ</span> <span class='ocrx_word' id='word_1_48' title='bbox 513 723 558 765; x_wconf 80' lang='grc' dir='ltr'>δὲ</span> <span class='ocrx_word' id='word_1_49' title='bbox 588 721 818 776; x_wconf 81' lang='grc' dir='ltr'><em>Αἰγύπτιοι</em></span> <span class='ocrx_word' id='word_1_50' title='bbox 847 722 1094 776; x_wconf 83' lang='grc' dir='ltr'><em>φοιτέοντες</em></span> <span class='ocrx_word' id='word_1_51' title='bbox 1123 722 1233 776; x_wconf 79' lang='grc' dir='ltr'><em>πρός</em></span> <span class='ocrx_word' id='word_1_52' title='bbox 1261 720 1426 776; x_wconf 79' lang='grc' dir='ltr'><em>τῶγαλ-</em></span> <span class='ocrx_word' id='word_1_53' title='bbox 1440 725 1485 760; x_wconf 88' lang='grc'>35</span> 
     </span>
    </p>
   </div>
   <div class='ocr_carea' id='block_1_10' title="bbox 147 798 1430 857">
    <p class='ocr_par' dir='ltr' id='par_1_10' title="bbox 147 798 1430 857">
     <span class='ocr_line' id='line_1_10' title="bbox 147 798 1430 857; baseline -0.001 -14"><span class='ocrx_word' id='word_1_54' title='bbox 147 809 263 857; x_wconf 87' lang='grc' dir='ltr'><em>5μα,</em></span> <span class='ocrx_word' id='word_1_55' title='bbox 293 802 492 857; x_wconf 79' lang='grc' dir='ltr'>ἐσέβοντο</span> <span class='ocrx_word' id='word_1_56' title='bbox 520 799 725 856; x_wconf 75' lang='grc' dir='ltr'>μεγάλως.</span> <span class='ocrx_word' id='word_1_57' title='bbox 781 798 937 856; x_wconf 78' lang='grc' dir='ltr'><em>μαθών</em></span> <span class='ocrx_word' id='word_1_58' title='bbox 967 800 1012 843; x_wconf 78' lang='grc' dir='ltr'>δὲ</span> <span class='ocrx_word' id='word_1_59' title='bbox 1043 798 1066 843; x_wconf 91' lang='grc' dir='ltr'>ὁ</span> <span class='ocrx_word' id='word_1_60' title='bbox 1098 799 1274 856; x_wconf 76' lang='grc' dir='ltr'><em>’Ἄμασις</em></span> <span class='ocrx_word' id='word_1_61' title='bbox 1303 799 1351 842; x_wconf 85' lang='grc' dir='ltr'>τὸ</span> <span class='ocrx_word' id='word_1_62' title='bbox 1384 799 1430 842; x_wconf 79' lang='grc' dir='ltr'>ἐκ</span> 
     </span>
    </p>
   </div>
   <div class='ocr_carea' id='block_1_11' title="bbox 177 879 1430 934">
    <p class='ocr_par' dir='ltr' id='par_1_11' title="bbox 177 879 1430 934">
     <span class='ocr_line' id='line_1_11' title="bbox 177 879 1430 934; baseline -0.002 -11"><span class='ocrx_word' id='word_1_63' title='bbox 177 884 265 922; x_wconf 79' lang='grc' dir='ltr'><em>τῶν</em></span> <span class='ocrx_word' id='word_1_64' title='bbox 309 880 452 923; x_wconf 77' lang='grc' dir='ltr'><em>ἀστῶν</em></span> <span class='ocrx_word' id='word_1_65' title='bbox 502 879 795 934; x_wconf 73' lang='grc' dir='ltr'><em>ποιεύμενον,</em></span> <span class='ocrx_word' id='word_1_66' title='bbox 853 879 1117 934; x_wconf 78' lang='grc' dir='ltr'><em>συγκαλέσας</em></span> <span class='ocrx_word' id='word_1_67' title='bbox 1152 880 1430 934; x_wconf 87' lang='grc' dir='ltr'><em>Αἰγυπτίους,</em></span> 
     </span>
    </p>
   </div>
   <div class='ocr_carea' id='block_1_12' title="bbox 174 956 1428 1015">
    <p class='ocr_par' dir='ltr' id='par_1_12' title="bbox 174 956 1428 1015">
     <span class='ocr_line' id='line_1_12' title="bbox 174 956 1428 1015; baseline -0.002 -13"><span class='ocrx_word' id='word_1_68' title='bbox 174 958 352 1015; x_wconf 81' lang='grc' dir='ltr'><em>ἐξέφηνε</em></span> <span class='ocrx_word' id='word_1_69' title='bbox 383 959 470 1015; x_wconf 74' lang='grc' dir='ltr'>φας</span> <span class='ocrx_word' id='word_1_70' title='bbox 499 959 582 1010; x_wconf 62' lang='lat' dir='ltr'>„gn</span> <span class='ocrx_word' id='word_1_71' title='bbox 610 962 691 1001; x_wconf 86' lang='grc' dir='ltr'>τοῦ</span> <span class='ocrx_word' id='word_1_72' title='bbox 720 960 1044 1014; x_wconf 81' lang='grc' dir='ltr'><em>ποδανιπτῆρος</em></span> <span class='ocrx_word' id='word_1_73' title='bbox 1072 956 1275 1013; x_wconf 74' lang='grc' dir='ltr'><em>τῶγαλμα</em></span> <span class='ocrx_word' id='word_1_74' title='bbox 1303 973 1428 1012; x_wconf 86' lang='grc' dir='ltr'><em>γεγο-</em></span> 
     </span>
    </p>
   </div>
   <div class='ocr_carea' id='block_1_13' title="bbox 175 1035 1431 1093">
    <p class='ocr_par' dir='ltr' id='par_1_13' title="bbox 175 1035 1431 1093">
     <span class='ocr_line' id='line_1_13' title="bbox 175 1035 1431 1093; baseline -0.003 -11"><span class='ocrx_word' id='word_1_75' title='bbox 175 1038 353 1090; x_wconf 77' lang='grc' dir='ltr'><em>,,νέναι,</em></span> <span class='ocrx_word' id='word_1_76' title='bbox 395 1038 435 1088; x_wconf 77' lang='grc' dir='ltr'>ἐς</span> <span class='ocrx_word' id='word_1_77' title='bbox 464 1038 542 1082; x_wconf 87' lang='grc' dir='ltr'><em>τὸν</em></span> <span class='ocrx_word' id='word_1_78' title='bbox 569 1035 782 1092; x_wconf 86' lang='grc' dir='ltr'><em>πρότερον</em></span> <span class='ocrx_word' id='word_1_79' title='bbox 812 1037 888 1093; x_wconf 76' lang='grc' dir='ltr'><em>μὲν</em></span> <span class='ocrx_word' id='word_1_80' title='bbox 917 1038 1019 1088; x_wconf 81' lang='grc' dir='ltr'><em>τοὺς</em></span> <span class='ocrx_word' id='word_1_81' title='bbox 1048 1038 1313 1092; x_wconf 82' lang='grc' dir='ltr'><em>Αἰγυπτίους</em></span> <span class='ocrx_word' id='word_1_82' title='bbox 1340 1035 1431 1078; x_wconf 79' lang='grc' dir='ltr'><em>ἐνε-</em></span> 
     </span>
    </p>
   </div>
   <div class='ocr_carea' id='block_1_14' title="bbox 175 1115 1429 1172">
    <p class='ocr_par' dir='ltr' id='par_1_14' title="bbox 175 1115 1429 1172">
     <span class='ocr_line' id='line_1_14' title="bbox 175 1115 1429 1172; baseline -0.002 -11"><span class='ocrx_word' id='word_1_83' title='bbox 175 1122 305 1172; x_wconf 85' lang='grc' dir='ltr'><em>,,μεῖν</em></span> <span class='ocrx_word' id='word_1_84' title='bbox 332 1134 377 1160; x_wconf 89' lang='grc' dir='ltr'>τε</span> <span class='ocrx_word' id='word_1_85' title='bbox 412 1118 484 1161; x_wconf 84' lang='grc' dir='ltr'>καὶ</span> <span class='ocrx_word' id='word_1_86' title='bbox 520 1115 757 1172; x_wconf 73' lang='grc' dir='ltr'><em>ἐνουρέειν,</em></span> <span class='ocrx_word' id='word_1_87' title='bbox 799 1116 873 1159; x_wconf 85' lang='grc' dir='ltr'>καὶ</span> <span class='ocrx_word' id='word_1_88' title='bbox 909 1115 1047 1167; x_wconf 83' lang='grc' dir='ltr'><em>πόδας</em></span> <span class='ocrx_word' id='word_1_89' title='bbox 1085 1116 1429 1168; x_wconf 80' lang='grc' dir='ltr'><em>ἐναπονίζεσθαι,</em></span> 
     </span>
    </p>
   </div>
   <div class='ocr_carea' id='block_1_15' title="bbox 147 1196 869 1252">
    <p class='ocr_par' dir='ltr' id='par_1_15' title="bbox 147 1196 869 1252">
     <span class='ocr_line' id='line_1_15' title="bbox 147 1196 869 1252; baseline 0.003 -14"><span class='ocrx_word' id='word_1_90' title='bbox 147 1196 309 1248; x_wconf 85' lang='grc' dir='ltr'><em>6,,τότε</em></span> <span class='ocrx_word' id='word_1_91' title='bbox 340 1197 384 1240; x_wconf 81' lang='grc' dir='ltr'>δὲ</span> <span class='ocrx_word' id='word_1_92' title='bbox 423 1197 616 1252; x_wconf 78' lang='grc' dir='ltr'><em>μεγάλως</em></span> <span class='ocrx_word' id='word_1_93' title='bbox 655 1197 869 1252; x_wconf 82' lang='grc' dir='ltr'><em>σέβεσθαι.</em></span> 
     </span>
    </p>
   </div>
   <div class='ocr_carea' id='block_1_16' title="bbox 931 1191 1485 1251">
    <p class='ocr_par' dir='ltr' id='par_1_16' title="bbox 931 1191 1485 1251">
     <span class='ocr_line' id='line_1_16' title="bbox 931 1191 1485 1251; baseline -0.011 -13"><span class='ocrx_word' id='word_1_94' title='bbox 931 1194 1014 1251; x_wconf 79' lang='grc' dir='ltr'>ἤδη</span> <span class='ocrx_word' id='word_1_95' title='bbox 1043 1191 1123 1246; x_wconf 76' lang='grc' dir='ltr'><em>ὧν,</em></span> <span class='ocrx_word' id='word_1_96' title='bbox 1163 1195 1247 1250; x_wconf 75' lang='grc' dir='ltr'>ἔφη</span> <span class='ocrx_word' id='word_1_97' title='bbox 1277 1195 1485 1249; x_wconf 83' lang='grc' dir='ltr'><em>λέγων,4ο</em></span> 
     </span>
    </p>
   </div>
   <div class='ocr_carea' id='block_1_17' title="bbox 174 1272 1428 1333">
    <p class='ocr_par' dir='ltr' id='par_1_17' title="bbox 174 1272 1428 1333">
     <span class='ocr_line' id='line_1_17' title="bbox 174 1272 1428 1333; baseline -0.002 -15"><span class='ocrx_word' id='word_1_98' title='bbox 174 1308 199 1327; x_wconf 85' lang='grc'>,,</span> <span class='ocrx_word' id='word_1_99' title='bbox 213 1273 370 1331; x_wconf 86' lang='grc' dir='ltr'><em>ὁμοίως</em></span> <span class='ocrx_word' id='word_1_100' title='bbox 400 1274 531 1327; x_wconf 82' lang='grc' dir='ltr'><em>αὐτὸς</em></span> <span class='ocrx_word' id='word_1_101' title='bbox 561 1278 621 1333; x_wconf 76' lang='grc' dir='ltr'>τῷ</span> <span class='ocrx_word' id='word_1_102' title='bbox 654 1277 945 1332; x_wconf 84' lang='grc' dir='ltr'><em>ποδανιπτῆρι</em></span> <span class='ocrx_word' id='word_1_103' title='bbox 974 1274 1249 1331; x_wconf 79' lang='grc' dir='ltr'><em>πεπρηγέναι.</em></span> <span class='ocrx_word' id='word_1_104' title='bbox 1284 1275 1320 1318; x_wconf 82' lang='grc' dir='ltr'>εἰ</span> <span class='ocrx_word' id='word_1_105' title='bbox 1346 1272 1428 1329; x_wconf 79' lang='grc' dir='ltr'>γὰρ</span> 
     </span>
    </p>
   </div>
   <div class='ocr_carea' id='block_1_18' title="bbox 123 1396 392 1401">
    <p class='ocr_par' dir='ltr' id='par_1_18' title="bbox 123 1396 392 1401">
     <span class='ocr_line' id='line_1_18' title="bbox 123 1396 392 1401; baseline 0 0"><span class='ocrx_word' id='word_1_106' title='bbox 123 1396 392 1401; x_wconf 95' lang='lat' dir='ltr'> </span> 
     </span>
    </p>
   </div>
   <div class='ocr_carea' id='block_1_19' title="bbox 117 1459 771 2904">
    <p class='ocr_par' dir='ltr' id='par_1_19' title="bbox 117 1459 771 2904">
     <span class='ocr_line' id='line_1_19' title="bbox 118 1459 765 1509; baseline 0 -12"><span class='ocrx_word' id='word_1_107' title='bbox 118 1473 182 1497; x_wconf 88' lang='lat' dir='ltr'>cur</span> <span class='ocrx_word' id='word_1_108' title='bbox 199 1472 220 1496; x_wconf 89' lang='lat' dir='ltr'>a</span> <span class='ocrx_word' id='word_1_109' title='bbox 238 1459 385 1508; x_wconf 76' lang='lat' dir='ltr'>vulgata</span> <span class='ocrx_word' id='word_1_110' title='bbox 416 1461 605 1507; x_wconf 83' lang='lat' dir='ltr'>recedam,</span> <span class='ocrx_word' id='word_1_111' title='bbox 636 1461 670 1497; x_wconf 88' lang='lat' dir='ltr'>in</span> <span class='ocrx_word' id='word_1_112' title='bbox 694 1472 765 1509; x_wconf 85' lang='lat' dir='ltr'>qua</span> 
     </span>
     <span class='ocr_line' id='line_1_20' title="bbox 117 1515 767 1567; baseline -0.003 -13"><span class='ocrx_word' id='word_1_113' title='bbox 117 1515 443 1567; x_wconf 79' lang='grc' dir='ltr'><em>προσαγαγέσθαι</em></span> <span class='ocrx_word' id='word_1_114' title='bbox 466 1518 513 1553; x_wconf 91' lang='lat' dir='ltr'>de</span> <span class='ocrx_word' id='word_1_115' title='bbox 531 1517 655 1553; x_wconf 78' lang='lat' dir='ltr'>Amasi</span> <span class='ocrx_word' id='word_1_116' title='bbox 673 1518 767 1566; x_wconf 86' lang='lat' dir='ltr'>opti-</span> 
     </span>
     <span class='ocr_line' id='line_1_21' title="bbox 117 1572 766 1622; baseline 0 -14"><span class='ocrx_word' id='word_1_117' title='bbox 117 1585 176 1609; x_wconf 87' lang='lat' dir='ltr'>me</span> <span class='ocrx_word' id='word_1_118' title='bbox 206 1572 335 1609; x_wconf 90' lang='lat' dir='ltr'>dicitur</span> <span class='ocrx_word' id='word_1_119' title='bbox 354 1601 366 1619; x_wconf 87' lang='lat'><strong>‚</strong></span> <span class='ocrx_word' id='word_1_120' title='bbox 414 1574 474 1622; x_wconf 90' lang='lat' dir='ltr'>qui</span> <span class='ocrx_word' id='word_1_121' title='bbox 504 1572 766 1622; x_wconf 70' lang='lat' dir='ltr'>Aegyptiorum</span> 
     </span>
     <span class='ocr_line' id='line_1_22' title="bbox 118 1629 768 1677; baseline -0.003 -11"><span class='ocrx_word' id='word_1_122' title='bbox 118 1629 258 1666; x_wconf 83' lang='lat' dir='ltr'>animos</span> <span class='ocrx_word' id='word_1_123' title='bbox 288 1629 355 1665; x_wconf 81' lang='lat' dir='ltr'>sibi</span> <span class='ocrx_word' id='word_1_124' title='bbox 391 1629 585 1666; x_wconf 87' lang='lat' dir='ltr'>conciliarit</span> <span class='ocrx_word' id='word_1_125' title='bbox 620 1634 654 1666; x_wconf 89' lang='lat' dir='ltr'>et</span> <span class='ocrx_word' id='word_1_126' title='bbox 688 1629 768 1677; x_wconf 89' lang='lat' dir='ltr'>qui-</span> 
     </span>
     <span class='ocr_line' id='line_1_23' title="bbox 118 1685 765 1737; baseline 0 -16"><span class='ocrx_word' id='word_1_127' title='bbox 118 1685 200 1721; x_wconf 85' lang='lat' dir='ltr'>dem</span> <span class='ocrx_word' id='word_1_128' title='bbox 222 1687 345 1737; x_wconf 79' lang='grc' dir='ltr'><em>σοφιῇ</em></span> <span class='ocrx_word' id='word_1_129' title='bbox 362 1685 383 1721; x_wconf 91' lang='lat' dir='ltr'>i.</span> <span class='ocrx_word' id='word_1_130' title='bbox 406 1699 436 1722; x_wconf 87' lang='lat' dir='ltr'>e.</span> <span class='ocrx_word' id='word_1_131' title='bbox 464 1687 656 1734; x_wconf 73' lang='lat' dir='ltr'>sapientia,</span> <span class='ocrx_word' id='word_1_132' title='bbox 678 1698 765 1734; x_wconf 84' lang='lat' dir='ltr'>pru-</span> 
     </span>
     <span class='ocr_line' id='line_1_24' title="bbox 118 1740 765 1789; baseline 0 -13"><span class='ocrx_word' id='word_1_133' title='bbox 118 1740 261 1787; x_wconf 75' lang='lat' dir='ltr'>dentia,</span> <span class='ocrx_word' id='word_1_134' title='bbox 288 1754 405 1789; x_wconf 90' lang='lat' dir='ltr'>neque</span> <span class='ocrx_word' id='word_1_135' title='bbox 422 1742 597 1786; x_wconf 66' lang='lat' dir='ltr'>stultitia,</span> <span class='ocrx_word' id='word_1_136' title='bbox 627 1743 765 1789; x_wconf 75' lang='lat' dir='ltr'>imperi-</span> 
     </span>
     <span class='ocr_line' id='line_1_25' title="bbox 118 1792 764 1848; baseline 0 -14"><span class='ocrx_word' id='word_1_137' title='bbox 118 1799 171 1834; x_wconf 71' lang='lat' dir='ltr'>tta</span> <span class='ocrx_word' id='word_1_138' title='bbox 192 1826 202 1843; x_wconf 82' lang='lat'><strong>‚</strong></span> <span class='ocrx_word' id='word_1_139' title='bbox 240 1796 365 1833; x_wconf 61' lang='lat' dir='ltr'>stolalo</span> <span class='ocrx_word' id='word_1_140' title='bbox 386 1797 492 1846; x_wconf 75' lang='lat' dir='ltr'>fastu</span> <span class='ocrx_word' id='word_1_141' title='bbox 524 1792 619 1844; x_wconf 68' lang='grc' dir='ltr'>(οὐκ</span> <span class='ocrx_word' id='word_1_142' title='bbox 641 1792 764 1848; x_wconf 75' lang='grc' dir='ltr'><em>α’γνω-</em></span> 
     </span>
     <span class='ocr_line' id='line_1_26' title="bbox 119 1848 766 1907; baseline 0 -17"><span class='ocrx_word' id='word_1_143' title='bbox 119 1848 308 1907; x_wconf 80' lang='grc' dir='ltr'><em>μοσύνῃ),</em></span> <span class='ocrx_word' id='word_1_144' title='bbox 337 1866 408 1901; x_wconf 92' lang='lat' dir='ltr'>quo</span> <span class='ocrx_word' id='word_1_145' title='bbox 430 1854 547 1904; x_wconf 84' lang='lat' dir='ltr'>potius</span> <span class='ocrx_word' id='word_1_146' title='bbox 573 1865 593 1889; x_wconf 87' lang='lat' dir='ltr'>a</span> <span class='ocrx_word' id='word_1_147' title='bbox 617 1866 654 1890; x_wconf 85' lang='lat' dir='ltr'>se</span> <span class='ocrx_word' id='word_1_148' title='bbox 681 1852 766 1890; x_wconf 84' lang='lat' dir='ltr'>alie-</span> 
     </span>
     <span class='ocr_line' id='line_1_27' title="bbox 118 1909 766 1960; baseline -0.002 -15"><span class='ocrx_word' id='word_1_149' title='bbox 118 1914 243 1946; x_wconf 81' lang='lat' dir='ltr'>nasset</span> <span class='ocrx_word' id='word_1_150' title='bbox 299 1909 561 1960; x_wconf 69' lang='lat' dir='ltr'>Aegyptiorum</span> <span class='ocrx_word' id='word_1_151' title='bbox 615 1910 766 1945; x_wconf 88' lang='lat' dir='ltr'>animos.</span> 
     </span>
     <span class='ocr_line' id='line_1_28' title="bbox 117 1965 766 2014; baseline 0 -13"><span class='ocrx_word' id='word_1_152' title='bbox 117 1965 263 2014; x_wconf 86' lang='lat' dir='ltr'>Itaque,</span> <span class='ocrx_word' id='word_1_153' title='bbox 293 1966 385 2003; x_wconf 90' lang='lat' dir='ltr'>bene</span> <span class='ocrx_word' id='word_1_154' title='bbox 414 1967 631 2002; x_wconf 80' lang='lat' dir='ltr'>admonente</span> <span class='ocrx_word' id='word_1_155' title='bbox 658 1965 766 2002; x_wconf 78' lang='lat' dir='ltr'>Wes-</span> 
     </span>
     <span class='ocr_line' id='line_1_29' title="bbox 121 2016 766 2072; baseline 0.002 -15"><span class='ocrx_word' id='word_1_156' title='bbox 121 2021 237 2070; x_wconf 85' lang='lat' dir='ltr'>seling</span> <span class='ocrx_word' id='word_1_157' title='bbox 223 2022 301 2067; x_wconf 87' lang='lat' dir='ltr'>io,</span> <span class='ocrx_word' id='word_1_158' title='bbox 345 2023 454 2059; x_wconf 64' lang='lat' dir='ltr'>xerba</span> <span class='ocrx_word' id='word_1_159' title='bbox 486 2017 560 2060; x_wconf 69' lang='grc' dir='ltr'>οὐκ</span> <span class='ocrx_word' id='word_1_160' title='bbox 590 2016 766 2072; x_wconf 79' lang='grc' dir='ltr'><em>α’γνωαο-</em></span> 
     </span>
     <span class='ocr_line' id='line_1_30' title="bbox 121 2051 768 2144; baseline -0.005 -28"><span class='ocrx_word' id='word_1_161' title='bbox 121 2073 245 2144; x_wconf 80' lang='grc' dir='ltr'><em>σύνῃ</em></span> <span class='ocrx_word' id='word_1_162' title='bbox 268 2051 364 2115; x_wconf 81' lang='lat' dir='ltr'>idem</span> <span class='ocrx_word' id='word_1_163' title='bbox 398 2080 473 2115; x_wconf 86' lang='lat' dir='ltr'>fere</span> <span class='ocrx_word' id='word_1_164' title='bbox 502 2083 631 2115; x_wconf 81' lang='lat' dir='ltr'>sonant</span> <span class='ocrx_word' id='word_1_165' title='bbox 658 2082 768 2126; x_wconf 83' lang='lat' dir='ltr'>atque</span> 
     </span>
     <span class='ocr_line' id='line_1_31' title="bbox 120 2129 769 2184; baseline -0.003 -12"><span class='ocrx_word' id='word_1_166' title='bbox 120 2129 207 2172; x_wconf 75' lang='grc' dir='ltr'><em>οἷνο</em></span> <span class='ocrx_word' id='word_1_167' title='bbox 220 2149 244 2182; x_wconf 86' lang='grc' dir='ltr'>η</span> <span class='ocrx_word' id='word_1_168' title='bbox 258 2149 316 2171; x_wconf 87' lang='grc' dir='ltr'>τω</span> <span class='ocrx_word' id='word_1_169' title='bbox 328 2150 346 2180; x_wconf 86' lang='grc' dir='ltr'>ς</span> <span class='ocrx_word' id='word_1_170' title='bbox 369 2139 405 2171; x_wconf 89' lang='lat' dir='ltr'>et</span> <span class='ocrx_word' id='word_1_171' title='bbox 420 2134 674 2184; x_wconf 80' lang='lat' dir='ltr'>praecedentia</span> <span class='ocrx_word' id='word_1_172' title='bbox 691 2146 769 2170; x_wconf 90' lang='lat' dir='ltr'>ma-</span> 
     </span>
     <span class='ocr_line' id='line_1_32' title="bbox 119 2190 769 2240; baseline 0 -14"><span class='ocrx_word' id='word_1_173' title='bbox 119 2190 174 2239; x_wconf 89' lang='lat' dir='ltr'>gis</span> <span class='ocrx_word' id='word_1_174' title='bbox 219 2190 424 2240; x_wconf 81' lang='lat' dir='ltr'>explicant,</span> <span class='ocrx_word' id='word_1_175' title='bbox 465 2191 769 2239; x_wconf 82' lang='lat' dir='ltr'>quemadmodum</span> 
     </span>
     <span class='ocr_line' id='line_1_33' title="bbox 118 2246 771 2284; baseline -0.003 -1"><span class='ocrx_word' id='word_1_176' title='bbox 118 2248 156 2283; x_wconf 92' lang='lat' dir='ltr'>in</span> <span class='ocrx_word' id='word_1_177' title='bbox 205 2246 333 2283; x_wconf 70' lang='lat' dir='ltr'>Nostri</span> <span class='ocrx_word' id='word_1_178' title='bbox 370 2248 532 2284; x_wconf 88' lang='lat' dir='ltr'>oratione</span> <span class='ocrx_word' id='word_1_179' title='bbox 573 2246 771 2283; x_wconf 78' lang='lat' dir='ltr'>abundanti</span> 
     </span>
     <span class='ocr_line' id='line_1_34' title="bbox 119 2302 771 2340; baseline -0.002 -1"><span class='ocrx_word' id='word_1_180' title='bbox 119 2302 216 2339; x_wconf 89' lang='lat' dir='ltr'>haud</span> <span class='ocrx_word' id='word_1_181' title='bbox 237 2303 347 2340; x_wconf 87' lang='lat' dir='ltr'>semel</span> <span class='ocrx_word' id='word_1_182' title='bbox 367 2304 558 2340; x_wconf 77' lang='lat' dir='ltr'>observare</span> <span class='ocrx_word' id='word_1_183' title='bbox 577 2302 670 2339; x_wconf 91' lang='lat' dir='ltr'>licet.</span> <span class='ocrx_word' id='word_1_184' title='bbox 687 2302 771 2338; x_wconf 87' lang='lat' dir='ltr'>Alia</span> 
     </span>
     <span class='ocr_line' id='line_1_35' title="bbox 122 2359 768 2406; baseline 0.002 -12"><span class='ocrx_word' id='word_1_185' title='bbox 122 2359 299 2406; x_wconf 83' lang='lat' dir='ltr'>quaedam</span> <span class='ocrx_word' id='word_1_186' title='bbox 328 2360 436 2396; x_wconf 82' lang='lat' dir='ltr'>aflert</span> <span class='ocrx_word' id='word_1_187' title='bbox 463 2359 593 2395; x_wconf 83' lang='lat' dir='ltr'>Matth.</span> <span class='ocrx_word' id='word_1_188' title='bbox 615 2360 679 2395; x_wconf 89' lang='lat' dir='ltr'>Gr.</span> <span class='ocrx_word' id='word_1_189' title='bbox 703 2359 768 2395; x_wconf 92' lang='lat' dir='ltr'>Gr.</span> 
     </span>
     <span class='ocr_line' id='line_1_36' title="bbox 119 2414 770 2463; baseline 0.002 -13"><span class='ocrx_word' id='word_1_190' title='bbox 119 2427 156 2463; x_wconf 91' lang='lat' dir='ltr'>p.</span> <span class='ocrx_word' id='word_1_191' title='bbox 180 2415 284 2454; x_wconf 86' lang='lat'>1310</span> <span class='ocrx_word' id='word_1_192' title='bbox 311 2427 386 2463; x_wconf 82' lang='lat' dir='ltr'>seq.</span> <span class='ocrx_word' id='word_1_193' title='bbox 444 2414 496 2452; x_wconf 90' lang='lat' dir='ltr'>Ac</span> <span class='ocrx_word' id='word_1_194' title='bbox 514 2415 637 2452; x_wconf 87' lang='lat' dir='ltr'>laudat</span> <span class='ocrx_word' id='word_1_195' title='bbox 662 2415 770 2451; x_wconf 54' lang='lat' dir='ltr'>WVes-</span> 
     </span>
     <span class='ocr_line' id='line_1_37' title="bbox 123 2469 770 2517; baseline 0.002 -11"><span class='ocrx_word' id='word_1_196' title='bbox 123 2469 248 2517; x_wconf 84' lang='lat' dir='ltr'>seling.</span> <span class='ocrx_word' id='word_1_197' title='bbox 267 2471 399 2507; x_wconf 87' lang='lat' dir='ltr'>scholia</span> <span class='ocrx_word' id='word_1_198' title='bbox 426 2470 683 2508; x_wconf 83' lang='lat' dir='ltr'>Demosthenis</span> <span class='ocrx_word' id='word_1_199' title='bbox 715 2475 770 2507; x_wconf 90' lang='lat' dir='ltr'>at-</span> 
     </span>
     <span class='ocr_line' id='line_1_38' title="bbox 123 2522 768 2590; baseline 0.006 -29"><span class='ocrx_word' id='word_1_200' title='bbox 123 2538 195 2574; x_wconf 91' lang='lat' dir='ltr'>que</span> <span class='ocrx_word' id='word_1_201' title='bbox 224 2525 621 2575; x_wconf 78' lang='lat' dir='ltr'>Har1)0cration.,ubi</span> <span class='ocrx_word' id='word_1_202' title='bbox 652 2522 768 2590; x_wconf 79' lang='grc' dir='ltr'><em>α’γνο-</em></span> 
     </span>
     <span class='ocr_line' id='line_1_39' title="bbox 125 2576 768 2632; baseline 0.002 -13"><span class='ocrx_word' id='word_1_203' title='bbox 125 2576 258 2631; x_wconf 84' lang='grc' dir='ltr'><em>μόνως</em></span> <span class='ocrx_word' id='word_1_204' title='bbox 306 2583 505 2631; x_wconf 81' lang='lat' dir='ltr'>explicatur</span> <span class='ocrx_word' id='word_1_205' title='bbox 528 2597 536 2619; x_wconf 80' lang='lat' dir='ltr'><strong><em>z</em></strong></span> <span class='ocrx_word' id='word_1_206' title='bbox 577 2598 768 2632; x_wconf 84' lang='grc' dir='ltr'><em>ανοητως,</em></span> 
     </span>
     <span class='ocr_line' id='line_1_40' title="bbox 124 2632 770 2688; baseline -0.002 -13"><span class='ocrx_word' id='word_1_207' title='bbox 124 2632 356 2687; x_wconf 76' lang='grc' dir='ltr'><em>α’λογίστως,</em></span> <span class='ocrx_word' id='word_1_208' title='bbox 389 2635 588 2687; x_wconf 65' lang='grc' dir='ltr'><em>αβουλωςς</em></span> <span class='ocrx_word' id='word_1_209' title='bbox 619 2639 770 2688; x_wconf 86' lang='lat' dir='ltr'>ipseque</span> 
     </span>
     <span class='ocr_line' id='line_1_41' title="bbox 123 2693 770 2744; baseline 0.002 -15"><span class='ocrx_word' id='word_1_210' title='bbox 123 2693 359 2730; x_wconf 85' lang='lat' dir='ltr'>Herodotus</span> <span class='ocrx_word' id='word_1_211' title='bbox 352 2707 388 2730; x_wconf 89' lang='lat'>111</span> <span class='ocrx_word' id='word_1_212' title='bbox 408 2697 584 2743; x_wconf 74' lang='grc' dir='ltr'><em>ῑηψενίΐια</em></span> <span class='ocrx_word' id='word_1_213' title='bbox 605 2700 640 2732; x_wconf 86' lang='lat' dir='ltr'>et</span> <span class='ocrx_word' id='word_1_214' title='bbox 662 2695 770 2744; x_wconf 76' lang='lat' dir='ltr'>fastu</span> 
     </span>
     <span class='ocr_line' id='line_1_42' title="bbox 124 2750 768 2798; baseline 0 -13"><span class='ocrx_word' id='word_1_215' title='bbox 124 2762 248 2786; x_wconf 82' lang='lat' dir='ltr'>vocem</span> <span class='ocrx_word' id='word_1_216' title='bbox 269 2750 474 2798; x_wconf 81' lang='lat' dir='ltr'>frequentat</span> <span class='ocrx_word' id='word_1_217' title='bbox 490 2751 552 2797; x_wconf 66' lang='lat' dir='ltr'>Vl,</span> <span class='ocrx_word' id='word_1_218' title='bbox 575 2754 637 2791; x_wconf 88' lang='lat'>10.</span> <span class='ocrx_word' id='word_1_219' title='bbox 659 2750 768 2796; x_wconf 83' lang='lat' dir='ltr'>lX,3.</span> 
     </span>
     <span class='ocr_line' id='line_1_43' title="bbox 124 2805 769 2857; baseline 0.005 -17"><span class='ocrx_word' id='word_1_220' title='bbox 124 2805 286 2855; x_wconf 89' lang='lat' dir='ltr'>Euripid.</span> <span class='ocrx_word' id='word_1_221' title='bbox 316 2806 448 2843; x_wconf 86' lang='lat' dir='ltr'>Bacch.</span> <span class='ocrx_word' id='word_1_222' title='bbox 477 2806 568 2847; x_wconf 85' lang='lat'>884.</span> <span class='ocrx_word' id='word_1_223' title='bbox 598 2806 769 2857; x_wconf 88' lang='lat' dir='ltr'>Sophocl.</span> 
     </span>
     <span class='ocr_line' id='line_1_44' title="bbox 125 2861 438 2904; baseline 0 -6"><span class='ocrx_word' id='word_1_224' title='bbox 125 2861 293 2899; x_wconf 85' lang='lat' dir='ltr'>Trachin.</span> <span class='ocrx_word' id='word_1_225' title='bbox 320 2864 438 2904; x_wconf 78' lang='lat'>1273.</span> 
     </span>
    </p>
   </div>
   <div class='ocr_carea' id='block_1_20' title="bbox 833 1456 1488 1787">
    <p class='ocr_par' dir='ltr' id='par_1_20' title="bbox 833 1456 1488 1780">
     <span class='ocr_line' id='line_1_45' title="bbox 890 1456 1487 1508; baseline -0.012 -8"><span class='ocrx_word' id='word_1_226' title='bbox 890 1457 1214 1508; x_wconf 81' lang='grc' dir='ltr'><em>ἒναπενιζέατο]</em></span> <span class='ocrx_word' id='word_1_227' title='bbox 1247 1456 1304 1495; x_wconf 90' lang='lat' dir='ltr'>Ad</span> <span class='ocrx_word' id='word_1_228' title='bbox 1336 1457 1487 1494; x_wconf 86' lang='lat' dir='ltr'>formam</span> 
     </span>
     <span class='ocr_line' id='line_1_46' title="bbox 834 1514 1487 1568; baseline -0.011 -13"><span class='ocrx_word' id='word_1_229' title='bbox 834 1519 927 1555; x_wconf 88' lang='lat' dir='ltr'>conf.</span> <span class='ocrx_word' id='word_1_230' title='bbox 957 1514 1132 1568; x_wconf 81' lang='grc' dir='ltr'><em>ἐγενέατο</em></span> <span class='ocrx_word' id='word_1_231' title='bbox 1166 1515 1220 1562; x_wconf 88' lang='lat'>11,</span> <span class='ocrx_word' id='word_1_232' title='bbox 1256 1517 1336 1555; x_wconf 87' lang='lat'>166</span> <span class='ocrx_word' id='word_1_233' title='bbox 1365 1514 1487 1561; x_wconf 88' lang='lat' dir='ltr'>ibique</span> 
     </span>
     <span class='ocr_line' id='line_1_47' title="bbox 833 1567 1488 1620; baseline -0.006 -10"><span class='ocrx_word' id='word_1_234' title='bbox 833 1573 956 1610; x_wconf 89' lang='lat' dir='ltr'>laudd.</span> <span class='ocrx_word' id='word_1_235' title='bbox 985 1594 1041 1600; x_wconf 86' lang='lat'>——-</span> <span class='ocrx_word' id='word_1_236' title='bbox 1069 1572 1127 1609; x_wconf 84' lang='lat' dir='ltr'>De</span> <span class='ocrx_word' id='word_1_237' title='bbox 1153 1567 1488 1620; x_wconf 82' lang='grc' dir='ltr'><em>ποιησασθαι</em></span> 
     </span>
     <span class='ocr_line' id='line_1_48' title="bbox 834 1627 1486 1678; baseline -0.008 -12"><span class='ocrx_word' id='word_1_238' title='bbox 834 1630 871 1666; x_wconf 88' lang='lat' dir='ltr'>in</span> <span class='ocrx_word' id='word_1_239' title='bbox 894 1642 996 1678; x_wconf 90' lang='lat' dir='ltr'>seqq.</span> <span class='ocrx_word' id='word_1_240' title='bbox 1018 1629 1089 1664; x_wconf 77' lang='lat' dir='ltr'>vid.</span> <span class='ocrx_word' id='word_1_241' title='bbox 1111 1628 1166 1674; x_wconf 86' lang='lat' dir='ltr'>II,</span> <span class='ocrx_word' id='word_1_242' title='bbox 1192 1627 1373 1675; x_wconf 79' lang='lat' dir='ltr'>1071b1q</span> <span class='ocrx_word' id='word_1_243' title='bbox 1395 1629 1486 1662; x_wconf 86' lang='lat' dir='ltr'>nott.</span> 
     </span>
     <span class='ocr_line' id='line_1_49' title="bbox 834 1677 1488 1732; baseline -0.005 -10"><span class='ocrx_word' id='word_1_244' title='bbox 834 1707 891 1713; x_wconf 87' lang='lat'>——-</span> <span class='ocrx_word' id='word_1_245' title='bbox 922 1685 982 1722; x_wconf 87' lang='lat' dir='ltr'>Ad</span> <span class='ocrx_word' id='word_1_246' title='bbox 1018 1685 1147 1721; x_wconf 74' lang='lat' dir='ltr'>vterba</span> <span class='ocrx_word' id='word_1_247' title='bbox 1189 1685 1275 1732; x_wconf 83' lang='grc' dir='ltr'>τῆς</span> <span class='ocrx_word' id='word_1_248' title='bbox 1312 1677 1488 1727; x_wconf 81' lang='grc' dir='ltr'><em>πόλιος</em></span> 
     </span>
     <span class='ocr_line' id='line_1_50' title="bbox 833 1737 1486 1787; baseline -0.009 -7"><span class='ocrx_word' id='word_1_249' title='bbox 833 1737 856 1780; x_wconf 88' lang='grc' dir='ltr'><em>ό</em></span> <span class='ocrx_word' id='word_1_250' title='bbox 869 1756 955 1779; x_wconf 81' lang='grc' dir='ltr'>κου</span> <span class='ocrx_word' id='word_1_251' title='bbox 982 1742 1090 1786; x_wconf 71' lang='lat' dir='ltr'>confi,</span> <span class='ocrx_word' id='word_1_252' title='bbox 1108 1740 1135 1776; x_wconf 85' lang='lat' dir='ltr'>si</span> <span class='ocrx_word' id='word_1_253' title='bbox 1161 1740 1250 1776; x_wconf 87' lang='lat' dir='ltr'>tanti</span> <span class='ocrx_word' id='word_1_254' title='bbox 1272 1743 1339 1787; x_wconf 86' lang='lat' dir='ltr'>est,</span> <span class='ocrx_word' id='word_1_255' title='bbox 1355 1737 1486 1775; x_wconf 82' lang='lat' dir='ltr'>Matth.</span> 
     </span>
    </p>
   </div>
   <div class='ocr_carea' id='block_1_21' title="bbox 833 1797 1210 1847">
    <p class='ocr_par' dir='ltr' id='par_1_21' title="bbox 833 1797 1210 1847">
     <span class='ocr_line' id='line_1_51' title="bbox 833 1797 1210 1847; baseline 0.008 -13"><span class='ocrx_word' id='word_1_256' title='bbox 833 1797 900 1834; x_wconf 91' lang='lat' dir='ltr'>Gr.</span> <span class='ocrx_word' id='word_1_257' title='bbox 921 1798 986 1833; x_wconf 91' lang='lat' dir='ltr'>Gr.</span> <span class='ocrx_word' id='word_1_258' title='bbox 1009 1808 1096 1847; x_wconf 87' lang='lat' dir='ltr'>pag.</span> <span class='ocrx_word' id='word_1_259' title='bbox 1119 1797 1210 1836; x_wconf 75' lang='grc'><strong>632-</strong></span> 
     </span>
    </p>
   </div>
   <div class='ocr_carea' id='block_1_22' title="bbox 834 1903 1490 2397">
    <p class='ocr_par' dir='ltr' id='par_1_22' title="bbox 834 1903 1490 2397">
     <span class='ocr_line' id='line_1_52' title="bbox 888 1903 1490 1957; baseline -0.005 -9"><span class='ocrx_word' id='word_1_260' title='bbox 888 1905 933 1948; x_wconf 59' lang='lat' dir='ltr'>‘co‘</span> <span class='ocrx_word' id='word_1_261' title='bbox 965 1907 1015 1947; x_wconf 80' lang='grc' dir='ltr'>ἐκ</span> <span class='ocrx_word' id='word_1_262' title='bbox 1047 1910 1127 1946; x_wconf 74' lang='grc' dir='ltr'><em>τῶν</em></span> <span class='ocrx_word' id='word_1_263' title='bbox 1153 1903 1284 1946; x_wconf 78' lang='grc' dir='ltr'><em>α’στῶν</em></span> <span class='ocrx_word' id='word_1_264' title='bbox 1304 1903 1490 1957; x_wconf 79' lang='grc' dir='ltr'><em>ποιεύμε-</em></span> 
     </span>
     <span class='ocr_line' id='line_1_53' title="bbox 835 1963 1486 2012; baseline -0.009 -7"><span class='ocrx_word' id='word_1_265' title='bbox 835 1968 922 2010; x_wconf 92' lang='grc' dir='ltr'><em>νον]</em></span> <span class='ocrx_word' id='word_1_266' title='bbox 954 1964 996 2004; x_wconf 77' lang='grc' dir='ltr'>ἔκ</span> <span class='ocrx_word' id='word_1_267' title='bbox 1022 1965 1151 2002; x_wconf 90' lang='lat' dir='ltr'>eodem</span> <span class='ocrx_word' id='word_1_268' title='bbox 1179 1964 1311 2011; x_wconf 89' lang='lat' dir='ltr'>modo,</span> <span class='ocrx_word' id='word_1_269' title='bbox 1346 1977 1419 2012; x_wconf 93' lang='lat' dir='ltr'>quo</span> <span class='ocrx_word' id='word_1_270' title='bbox 1439 1963 1486 2011; x_wconf 90' lang='lat' dir='ltr'>II,</span> 
     </span>
     <span class='ocr_line' id='line_1_54' title="bbox 838 2020 1488 2068; baseline -0.012 -5"><span class='ocrx_word' id='word_1_271' title='bbox 838 2021 928 2062; x_wconf 83' lang='lat'>148.</span> <span class='ocrx_word' id='word_1_272' title='bbox 953 2021 1043 2062; x_wconf 82' lang='lat'>151.</span> <span class='ocrx_word' id='word_1_273' title='bbox 1073 2043 1125 2048; x_wconf 92' lang='lat'>——</span> <span class='ocrx_word' id='word_1_274' title='bbox 1155 2020 1213 2057; x_wconf 83' lang='lat' dir='ltr'>Ad</span> <span class='ocrx_word' id='word_1_275' title='bbox 1237 2024 1488 2068; x_wconf 83' lang='lat' dir='ltr'>argumentum</span> 
     </span>
     <span class='ocr_line' id='line_1_55' title="bbox 834 2076 1487 2116; baseline -0.005 -2"><span class='ocrx_word' id='word_1_276' title='bbox 834 2079 928 2115; x_wconf 88' lang='lat' dir='ltr'>conf.</span> <span class='ocrx_word' id='word_1_277' title='bbox 941 2078 1076 2114; x_wconf 83' lang='lat' dir='ltr'>Minue.</span> <span class='ocrx_word' id='word_1_278' title='bbox 1096 2077 1205 2114; x_wconf 88' lang='lat' dir='ltr'>Felic.</span> <span class='ocrx_word' id='word_1_279' title='bbox 1228 2076 1264 2112; x_wconf 94' lang='lat' dir='ltr'>in</span> <span class='ocrx_word' id='word_1_280' title='bbox 1278 2077 1406 2112; x_wconf 71' lang='lat' dir='ltr'>OctaV.</span> <span class='ocrx_word' id='word_1_281' title='bbox 1421 2077 1487 2116; x_wconf 76' lang='lat'>23.</span> 
     </span>
     <span class='ocr_line' id='line_1_56' title="bbox 836 2132 1486 2183; baseline -0.006 -11.912"><span class='ocrx_word' id='word_1_282' title='bbox 836 2133 1011 2183; x_wconf 81' lang='lat' dir='ltr'>„Tangit</span> <span class='ocrx_word' id='word_1_283' title='bbox 1029 2135 1182 2171; x_wconf 91' lang='lat' dir='ltr'>eandem</span> <span class='ocrx_word' id='word_1_284' title='bbox 1212 2145 1288 2170; x_wconf 88' lang='lat' dir='ltr'>rem</span> <span class='ocrx_word' id='word_1_285' title='bbox 1305 2132 1486 2168; x_wconf 86' lang='lat' dir='ltr'>Plutarch.</span> 
     </span>
     <span class='ocr_line' id='line_1_57' title="bbox 837 2188 1488 2241; baseline -0.008 -14"><span class='ocrx_word' id='word_1_286' title='bbox 837 2204 922 2241; x_wconf 92' lang='lat' dir='ltr'>opp.</span> <span class='ocrx_word' id='word_1_287' title='bbox 952 2191 985 2227; x_wconf 88' lang='grc' dir='ltr'>ΙΙ</span> <span class='ocrx_word' id='word_1_288' title='bbox 1010 2204 1046 2240; x_wconf 92' lang='lat' dir='ltr'>p.</span> <span class='ocrx_word' id='word_1_289' title='bbox 1076 2190 1176 2236; x_wconf 83' lang='lat'>151,</span> <span class='ocrx_word' id='word_1_290' title='bbox 1197 2189 1251 2234; x_wconf 91' lang='lat' dir='ltr'>E,</span> <span class='ocrx_word' id='word_1_291' title='bbox 1278 2189 1339 2224; x_wconf 92' lang='lat' dir='ltr'>ubi</span> <span class='ocrx_word' id='word_1_292' title='bbox 1370 2188 1488 2225; x_wconf 83' lang='lat' dir='ltr'>nostri</span> 
     </span>
     <span class='ocr_line' id='line_1_58' title="bbox 839 2243 1487 2292; baseline -0.006 -9"><span class='ocrx_word' id='word_1_293' title='bbox 839 2246 907 2283; x_wconf 91' lang='lat' dir='ltr'>loci</span> <span class='ocrx_word' id='word_1_294' title='bbox 923 2247 1019 2283; x_wconf 90' lang='lat' dir='ltr'>haud</span> <span class='ocrx_word' id='word_1_295' title='bbox 1048 2246 1178 2282; x_wconf 88' lang='lat' dir='ltr'>oblitus</span> <span class='ocrx_word' id='word_1_296' title='bbox 1199 2250 1274 2283; x_wconf 92' lang='lat' dir='ltr'>erat</span> <span class='ocrx_word' id='word_1_297' title='bbox 1297 2243 1487 2292; x_wconf 72' lang='lat' dir='ltr'>wyttenb.</span> 
     </span>
     <span class='ocr_line' id='line_1_59' title="bbox 839 2299 1488 2352; baseline 0.002 -13"><span class='ocrx_word' id='word_1_298' title='bbox 839 2303 1096 2340; x_wconf 80' lang='lat' dir='ltr'>animadverss.</span> <span class='ocrx_word' id='word_1_299' title='bbox 1126 2303 1165 2350; x_wconf 86' lang='lat'>1,</span> <span class='ocrx_word' id='word_1_300' title='bbox 1194 2305 1221 2343; x_wconf 82' lang='lat'><strong>2</strong></span> <span class='ocrx_word' id='word_1_301' title='bbox 1256 2313 1340 2352; x_wconf 87' lang='lat' dir='ltr'>pag.</span> <span class='ocrx_word' id='word_1_302' title='bbox 1366 2299 1488 2342; x_wconf 84' lang='lat'>944.“</span> 
     </span>
     <span class='ocr_line' id='line_1_60' title="bbox 839 2359 903 2397; baseline -0.016 0"><span class='ocrx_word' id='word_1_303' title='bbox 839 2359 903 2397; x_wconf 82' lang='lat' dir='ltr'>Cr.</span> 
     </span>
    </p>
   </div>
   <div class='ocr_carea' id='block_1_23' title="bbox 836 2463 1489 2913">
    <p class='ocr_par' dir='ltr' id='par_1_23' title="bbox 836 2463 1489 2913">
     <span class='ocr_line' id='line_1_61' title="bbox 894 2463 1489 2522; baseline -0.002 -14"><span class='ocrx_word' id='word_1_304' title='bbox 894 2468 972 2520; x_wconf 68' lang='grc' dir='ltr'>ἔφη</span> <span class='ocrx_word' id='word_1_305' title='bbox 1003 2468 1146 2522; x_wconf 79' lang='grc' dir='ltr'><em>λέγων,</em></span> <span class='ocrx_word' id='word_1_306' title='bbox 1187 2467 1335 2519; x_wconf 81' lang='grc' dir='ltr'><em>ὁμοίως</em></span> <span class='ocrx_word' id='word_1_307' title='bbox 1372 2463 1489 2514; x_wconf 77' lang='grc' dir='ltr'><em>αότός</em></span> 
     </span>
     <span class='ocr_line' id='line_1_62' title="bbox 836 2525 1487 2576; baseline -0.005 -12"><span class='ocrx_word' id='word_1_308' title='bbox 836 2540 871 2564; x_wconf 76' lang='grc' dir='ltr'>κ.</span> <span class='ocrx_word' id='word_1_309' title='bbox 899 2541 931 2564; x_wconf 86' lang='grc' dir='ltr'>τ.</span> <span class='ocrx_word' id='word_1_310' title='bbox 959 2525 1005 2576; x_wconf 81' lang='grc' dir='ltr'>λ.]</span> <span class='ocrx_word' id='word_1_311' title='bbox 1044 2526 1194 2576; x_wconf 88' lang='lat' dir='ltr'>Optime</span> <span class='ocrx_word' id='word_1_312' title='bbox 1221 2526 1308 2562; x_wconf 90' lang='lat' dir='ltr'>haec</span> <span class='ocrx_word' id='word_1_313' title='bbox 1335 2525 1487 2561; x_wconf 87' lang='lat' dir='ltr'>laudans</span> 
     </span>
     <span class='ocr_line' id='line_1_63' title="bbox 836 2580 1487 2619; baseline -0.002 -2"><span class='ocrx_word' id='word_1_314' title='bbox 836 2583 884 2618; x_wconf 91' lang='lat' dir='ltr'>ob</span> <span class='ocrx_word' id='word_1_315' title='bbox 908 2583 1020 2618; x_wconf 82' lang='lat' dir='ltr'>dativi</span> <span class='ocrx_word' id='word_1_316' title='bbox 1048 2596 1151 2619; x_wconf 89' lang='lat' dir='ltr'>usum</span> <span class='ocrx_word' id='word_1_317' title='bbox 1180 2581 1310 2618; x_wconf 80' lang='lat' dir='ltr'>Matth.</span> <span class='ocrx_word' id='word_1_318' title='bbox 1331 2580 1396 2617; x_wconf 90' lang='lat' dir='ltr'>Gr.</span> <span class='ocrx_word' id='word_1_319' title='bbox 1421 2580 1487 2616; x_wconf 91' lang='lat' dir='ltr'>Gr.</span> 
     </span>
     <span class='ocr_line' id='line_1_64' title="bbox 837 2636 1489 2688; baseline -0.011 -9"><span class='ocrx_word' id='word_1_320' title='bbox 837 2636 873 2688; x_wconf 65' lang='grc' dir='ltr'>ἓ.</span> <span class='ocrx_word' id='word_1_321' title='bbox 893 2640 994 2684; x_wconf 84' lang='grc'>386,</span> <span class='ocrx_word' id='word_1_322' title='bbox 1022 2639 1049 2678; x_wconf 88' lang='lat'>3</span> <span class='ocrx_word' id='word_1_323' title='bbox 1085 2639 1134 2675; x_wconf 85' lang='lat' dir='ltr'>sic</span> <span class='ocrx_word' id='word_1_324' title='bbox 1162 2638 1303 2674; x_wconf 85' lang='lat' dir='ltr'>reddit:</span> <span class='ocrx_word' id='word_1_325' title='bbox 1335 2649 1402 2684; x_wconf 83' lang='lat' dir='ltr'>„es</span> <span class='ocrx_word' id='word_1_326' title='bbox 1429 2648 1489 2686; x_wconf 77' lang='lat' dir='ltr'>sey</span> 
     </span>
     <span class='ocr_line' id='line_1_65' title="bbox 836 2692 1489 2741; baseline -0.005 -10"><span class='ocrx_word' id='word_1_327' title='bbox 836 2695 907 2731; x_wconf 68' lang='lat' dir='ltr'>ilem</span> <span class='ocrx_word' id='word_1_328' title='bbox 936 2694 1014 2730; x_wconf 82' lang='lat' dir='ltr'>eben</span> <span class='ocrx_word' id='word_1_329' title='bbox 1040 2707 1077 2730; x_wconf 86' lang='lat' dir='ltr'>so</span> <span class='ocrx_word' id='word_1_330' title='bbox 1105 2706 1289 2741; x_wconf 79' lang='lat' dir='ltr'>gegangen</span> <span class='ocrx_word' id='word_1_331' title='bbox 1320 2694 1384 2729; x_wconf 75' lang='lat' dir='ltr'>wie</span> <span class='ocrx_word' id='word_1_332' title='bbox 1414 2692 1489 2729; x_wconf 81' lang='lat' dir='ltr'>dem</span> 
     </span>
     <span class='ocr_line' id='line_1_66' title="bbox 843 2747 1488 2799; baseline -0.002 -14"><span class='ocrx_word' id='word_1_333' title='bbox 843 2749 1092 2787; x_wconf 78' lang='lat' dir='ltr'>Waschbecken</span> <span class='ocrx_word' id='word_1_334' title='bbox 1107 2749 1176 2799; x_wconf 79' lang='lat' dir='ltr'>fiir</span> <span class='ocrx_word' id='word_1_335' title='bbox 1200 2749 1255 2786; x_wconf 78' lang='lat' dir='ltr'>die</span> <span class='ocrx_word' id='word_1_336' title='bbox 1271 2747 1308 2785; x_wconf 92' lang='lat' dir='ltr'><em>F</em></span> <span class='ocrx_word' id='word_1_337' title='bbox 1309 2749 1488 2785; x_wconf 69' lang='lat' dir='ltr'>iissef‘-</span> 
     </span>
     <span class='ocr_line' id='line_1_67' title="bbox 838 2805 1487 2857; baseline 0 -16"><span class='ocrx_word' id='word_1_338' title='bbox 838 2806 930 2842; x_wconf 88' lang='lat' dir='ltr'>Ibid.</span> <span class='ocrx_word' id='word_1_339' title='bbox 947 2807 1018 2843; x_wconf 81' lang='lat' dir='ltr'>vid.</span> <span class='ocrx_word' id='word_1_340' title='bbox 1041 2805 1078 2857; x_wconf 58' lang='grc' dir='ltr'>ὃ.</span> <span class='ocrx_word' id='word_1_341' title='bbox 1100 2808 1181 2848; x_wconf 88' lang='grc'>636</span> <span class='ocrx_word' id='word_1_342' title='bbox 1211 2818 1296 2856; x_wconf 85' lang='lat' dir='ltr'>pag.</span> <span class='ocrx_word' id='word_1_343' title='bbox 1311 2806 1419 2846; x_wconf 85' lang='lat'>1310</span> <span class='ocrx_word' id='word_1_344' title='bbox 1440 2805 1487 2842; x_wconf 90' lang='lat' dir='ltr'>de</span> 
     </span>
     <span class='ocr_line' id='line_1_68' title="bbox 840 2860 1071 2913; baseline 0 -13"><span class='ocrx_word' id='word_1_345' title='bbox 840 2861 915 2912; x_wconf 69' lang='grc' dir='ltr'>ἔφη</span> <span class='ocrx_word' id='word_1_346' title='bbox 936 2860 1071 2913; x_wconf 81' lang='grc' dir='ltr'><em>λέγων.</em></span> 
     </span>
    </p>
   </div>
  </div>
 </body>
</html>
