1909 3228
606 203 1118 242 EUTERPE.11.

224 328 314 356 νων
362 312 408 356 δὲ
446 315 534 356 τῶν
573 314 681 367 ἱρῶν
728 313 961 356 τύπτονται
1011 311 1186 363 πάντες·

1393 205 1477 246 573

1250 311 1379 356 ἐπεὰν
1430 312 1476 357 δὲ

225 390 558 445 ἀποτύψωνται,
607 394 731 436 δαῖτα
759 394 1037 447 προτίθενται
1073 392 1124 436 τοὶ
1155 392 1351 436 ἐλίποντο
1390 395 1531 436 τῶν85

225 472 344 525 ἱρῶν.

224 652 342 695 {mciv
363 653 402 694 δὲ
424 649 724 705 εἷποῖύψωνται]
749 655 770 692 i.
784 668 814 693 e.

167 709 286 750 ἐπεὰν
317 710 359 750 δὲ
404 707 700 751 παύσωνται
732 707 815 749 τύ-

166 773 408 816 πτεσθαι,
450 773 488 805 ut
515 770 661 818 exponit
694 768 814 817 Hesy-

166 825 263 861 chius
278 853 288 871 ,
335 825 395 860 ubi
426 825 594 873 plangere
628 825 810 861 desierunt.

164 880 238 917 Ubi
254 893 360 918 nemo
371 893 443 917 non
454 886 638 931 praeposi
627 882 728 917 ionis
741 882 813 918 vim

163 936 361 985 intelliget
354 950 389 972 in
408 938 525 973 serbis
549 937 615 973 sibi
636 937 812 988 oppositis

162 988 382 1032 τύπτεσθαι
419 998 456 1030 et
493 988 631 1032 εἷποτυ
626 1008 689 1031 τῖε
696 997 812 1041 σθαι,

161 1052 201 1085 ut
217 1049 264 1096 11,
284 1052 336 1092 73
355 1051 571 1101 aemesam
598 1055 633 1086 et
652 1045 812 1088 ἀποπει-

162 1106 332 1156 ρᾶσθαι,
362 1105 451 1152 alia,
482 1119 575 1155 quae
591 1106 714 1142 laudat
726 1106 813 1142 Val-

162 1161 266 1199 cken.
283 1182 338 1190 —-
364 1162 544 1199 Herodoti
560 1162 675 1199 locum
694 1162 811 1199 imita-

162 1222 218 1254 tus
249 1222 304 1255 est
327 1217 476 1255 Luciau.
506 1220 553 1256 de
583 1219 652 1255 dea
679 1219 760 1267 Syr.
784 1221 810 1259 6

161 1287 197 1324 p.
213 1275 265 1315 89
286 1279 311 1310 t.
328 1274 380 1310 IX
401 1275 457 1311 ed.
471 1275 553 1324 Bip.
574 1275 634 1312 De
653 1275 731 1325 ipso
753 1287 811 1311 ar·-

161 1335 332 1378 gumento
352 1330 500 1366 laudant
518 1331 739 1379 Athenagor.
759 1330 810 1367 le-

159 1391 233 1434 gat.
254 1399 321 1436 pro
348 1386 479 1422 Christ.
507 1385 542 1436 §.
566 1390 616 1426 12
643 1400 728 1436 pag.
755 1386 809 1427 52

160 1440 215 1491 (ἓ.
234 1442 283 1482 14
303 1455 339 1491 p-
354 1443 448 1489 290,
465 1442 535 1489 D),
550 1443 610 1479 ubi
622 1442 715 1479 hunc
731 1455 810 1479 mo-

158 1511 234 1536 rem
257 1498 408 1534 deridet.
457 1497 509 1535 Ac
533 1502 709 1535 memorat
730 1498 810 1534 No-

159 1559 232 1592 ster
249 1554 318 1591 hoc
341 1553 421 1590 loco
444 1566 505 1601 ea,
535 1568 629 1604 quae
649 1555 684 1590 in
702 1555 808 1591 Busi-

157 1611 258 1647 ritico
294 1610 397 1647 Isidis
427 1612 579 1647 maximo
609 1624 711 1647 sacro
750 1623 810 1647 so-

158 1666 289 1703 lemnia
310 1667 409 1703 obire
427 1666 547 1704 solent
564 1666 750 1716 Aegyptii,
764 1666 810 1712 il,

160 1725 226 1769 61,
253 1722 396 1759 uberius
416 1728 567 1759 tractata
584 1736 606 1759 a
625 1725 808 1760 Creuzero

160 1780 196 1814 in
210 1780 425 1815 Commentt.
444 1779 638 1816 HeroddI
657 1792 693 1828 p.
717 1778 808 1824 115,

161 1835 257 1872 unde
274 1836 415 1884 potiora
436 1834 491 1870 hic
511 1835 714 1871 adscribere
732 1834 810 1883 pla-

161 1895 227 1927 cet.
269 1890 371 1936 „Qui
392 1894 591 1926 truncatum
618 1891 686 1926 hoc
704 1894 809 1939 pacto

161 1951 478 1994 exenteratumque
508 1950 543 1983 et
566 1946 709 1996 myrrha
729 1958 811 1982 aro-

160 2003 388 2051 matibusque
415 2004 584 2039 refertum
618 2004 744 2040 boxem
772 2002 810 2037 in

159 2059 304 2106 lugubri
327 2060 418 2095 sesto
447 2059 600 2095 Osiridis
633 2059 718 2095 Isidi
743 2058 809 2093 im·-

159 2114 287 2152 molari
312 2115 464 2162 cogitet,
504 2115 533 2150 is
568 2128 626 2152 me
663 2114 808 2163 quidem

159 2171 348 2217 sentiente,
360 2183 434 2206 non
455 2172 586 2221 poterit
597 2172 712 2220 ipsum
725 2170 810 2207 Osi-

159 2228 274 2265 ridein
291 2227 488 2263 mutilatum
513 2233 550 2265 et
575 2228 706 2265 deinde
729 2239 810 2262 aro-

159 2284 314 2321 matibus
332 2284 513 2320 conditum
535 2297 610 2321 non
637 2284 808 2331 cogitare.

159 2340 256 2377 Nam
278 2352 371 2389 quae
398 2339 535 2388 reliqua
564 2340 745 2376 adduntur
774 2340 809 2374 in

159 2396 262 2432 bovis
294 2396 486 2443 sacrificio,
531 2409 574 2432 ea
600 2396 732 2445 partim
761 2395 810 2431 ad

161 2452 445 2488 combustionem
501 2453 704 2502 pertinent,
772 2454 810 2486 ut

161 2506 275 2544 oleum
290 2536 300 2553 ,
327 2509 458 2556 partim
479 2509 525 2544 ad
554 2509 731 2544 frumenta
754 2508 810 2542 in-

162 2567 268 2599 venta
288 2563 450 2611 vitesque
473 2563 607 2610 cultas,
636 2568 675 2599 ut
694 2575 807 2612 panes

161 2619 388 2665 mundiores,
417 2632 507 2657 uvae
534 2620 702 2669 passae.“
741 2619 807 2656 Se-

161 2675 280 2723 quitur
295 2674 447 2711 Diodori
472 2674 570 2711 locus
595 2675 628 2722 I,
655 2677 731 2720 21,
762 2675 807 2712 de

161 2731 285 2767 bestiis
303 2729 461 2779 Aegypti
481 2732 605 2777 sacris,
628 2731 808 2767 adduntur

160 2786 228 2823 alia
248 2786 313 2823 illis
335 2786 461 2823 similia
488 2799 510 2823 a
536 2786 660 2836 priscis
679 2787 804 2823 Atticis

158 2843 362 2880 hominibus
396 2845 433 2879 in
461 2842 626 2893 Diipoliis
655 2842 806 2879 factitari

883 656 1001 705 solita,
1019 657 1080 694 ubi
1099 656 1201 694 bovis
1214 656 1419 695 solemniter
1437 655 1531 694 caesi

882 726 1008 752 carnes
1022 715 1265 751 communibus
1279 713 1392 764 epulis
1409 726 1532 750 come-

881 771 1018 808 debant
1036 770 1209 819 box‘isque
1229 771 1362 808 exuviis
1384 769 1531 806 simula-

880 841 978 864 crum
1001 827 1158 873 ligneum
1179 827 1430 863 circumdatum
1450 837 1531 863 ara-

880 888 935 919 tro
963 883 1182 932 iungebant3
1220 883 1402 933 pertinent
1429 881 1531 919 deni-

881 953 953 989 que
980 940 1049 976 huc
1069 938 1124 975 vel
1145 938 1354 986 Mithriaca,
1383 939 1445 975 ubi
1464 938 1531 975 bo-

880 1009 960 1033 vem
981 994 1136 1032 Abudad
1160 995 1312 1032 Mithras
1341 995 1531 1032 Persarum

880 1052 1020 1098 occidit,
1046 1055 1154 1100 atque
1173 1064 1217 1089 ex
1235 1051 1376 1088 mactati
1394 1051 1532 1088 anima-

879 1108 920 1145 lis
947 1121 1099 1158 corpore
1129 1107 1364 1145 excluduntur
1397 1106 1531 1156 germi-

878 1178 963 1201 num
984 1165 1081 1201 varia
1102 1176 1250 1212 genera,
1279 1163 1464 1212 caudaque
1492 1162 1530 1199 in

879 1221 1006 1258 aristas
1029 1221 1208 1257 excrescit.
1239 1219 1389 1257 Peracto
1411 1219 1529 1270 primo

879 1276 1051 1313 sacrificio
1078 1278 1283 1313 exoriuntur
1308 1289 1414 1324 reges
1433 1274 1531 1324 agri*

878 1333 1038 1369 culturae
1057 1333 1272 1369 inventores.
1302 1331 1452 1368 Athenis
1466 1330 1531 1367 At-

877 1389 955 1424 ticis
974 1389 1211 1425 communiter
1234 1387 1361 1424 bovillCi
1379 1400 1530 1424 vescun-

877 1448 936 1480 tur
956 1443 1162 1489 sacrificuli,
1193 1447 1230 1480 et
1257 1447 1341 1493 post
1370 1443 1530 1480 solemne

877 1500 1090 1536 sacrificium
1109 1512 1130 1536 a
1151 1499 1252 1535 bovis
1273 1498 1460 1536 simulacro
1482 1498 1530 1536 si-
1579 1517 1582 1520 ⁴

876 1555 1032 1592 mulatae
1045 1556 1213 1592 arationis
1226 1555 1364 1592 initium
1383 1556 1434 1591 fit.
1454 1556 1529 1592 Bu-

877 1612 985 1648 siiide
1004 1612 1264 1662 Aegyptiorum
1287 1617 1409 1649 coetus
1428 1623 1530 1648 sacer

876 1669 1036 1705 bovem
1029 1682 1112 1716 igne
1124 1669 1276 1715 conficit,
1289 1672 1528 1718 posteaquam

877 1725 971 1761 eaesi
988 1737 1120 1774 corpus
1139 1724 1301 1773 implevit
1316 1724 1471 1774 panibus
1493 1727 1528 1761 et

875 1780 954 1816 uris
986 1785 1096 1828 atque
1126 1780 1369 1827 agriculturae
1403 1784 1529 1816 aucto-

874 1848 950 1871 rem
975 1835 1155 1872 Osiridem
1174 1835 1376 1883 lugubriter
1400 1835 1528 1885 deplo-

875 1896 941 1927 rat.
982 1891 1087 1932 Quae
1113 1892 1232 1928 omnia
1261 1892 1322 1939 qui
1350 1892 1387 1927 in
1415 1903 1527 1928 uuum

877 1946 1044 1994 colligat,
1081 1951 1117 1983 et
1146 1946 1357 1995 simpliciter
1387 1947 1528 1984 intuea-

878 2007 957 2047 tur,
987 2002 1015 2037 is
1047 2002 1144 2038 nullo
1170 2003 1317 2050 negotio
1348 2002 1525 2052 dispiciat,

878 2071 951 2107 quo
980 2057 1070 2095 haec
1103 2058 1329 2108 pertineant,
1365 2061 1527 2095 nimirum

877 2114 923 2150 ad
944 2115 1114 2150 arationis
1125 2127 1268 2150 caussas
1285 2114 1526 2163 declarandas,

877 2170 973 2206 unde
997 2173 1088 2207 vitae
1099 2172 1257 2208 cultioris
1271 2172 1378 2208 initia
1390 2172 1526 2208 ‹lacun-

876 2230 944 2263 ίαν.
980 2227 1067 2263 Inde
1086 2227 1133 2262 nil
1152 2227 1291 2274 mirum,
1321 2227 1356 2264 in
1376 2227 1527 2276 anagly-

876 2284 935 2333 ph
928 2297 956 2319 is
974 2288 1009 2319 et
1026 2282 1170 2331 picturis
1192 2283 1449 2333 sepulcralibus
1467 2296 1526 2321 ur·-

878 2340 929 2375 bis
941 2339 1110 2387 Hithyiae
1123 2339 1197 2376 Aeo
1178 2341 1280 2388 g>pti
1298 2340 1347 2375 ita
1369 2339 1526 2377 exhiberi

879 2396 974 2431 Osiri
966 2396 1078 2441 dem,
1128 2400 1168 2431 ut
1205 2396 1361 2431 arr-mnia
1392 2396 1526 2433 instru-

876 2459 995 2488 menta
1006 2454 1107 2499 gerat
1127 2451 1163 2487 in
1184 2451 1366 2488 manibus:
1396 2451 1526 2501 flagel-

877 2508 970 2552 lum,
1001 2511 1137 2543 rutrum
1160 2520 1187 2544 s.
1206 2507 1377 2555 ligonem,
1402 2520 1524 2546 vome-

877 2577 951 2601 rem
975 2575 1183 2612 peramque,
1204 2564 1347 2600 seminis
1366 2563 1524 2613 plenam,

877 2619 1027 2656 sementi
1038 2619 1236 2656 faciendae.
1249 2619 1330 2655 Vid.
1342 2619 1522 2670 Descript.

875 2677 921 2712 de
942 2675 1042 2722 l’Eg.
1064 2675 1201 2723 antiqq.
1218 2675 1285 2710 vol.
1306 2675 1341 2712 Π
1358 2688 1445 2725 pag,
1467 2679 1522 2718 27

873 2745 900 2767 s.
916 2731 997 2771 355
1019 2735 1054 2766 et
1072 2730 1141 2767 vol.
1160 2730 1175 2766 Ι
1195 2731 1269 2768 tab.
1290 2732 1383 2773 68.“
1412 2731 1520 2770 Cous.

871 2786 916 2834 ΙΙ,
936 2790 985 2828 61
1012 2786 1136 2835 ibique
1157 2790 1248 2824 nott.
