1909 3228
435 188 518 226 300

279 306 380 352 126
438 297 532 347 δοι,
572 295 812 348 Δροπικοὶ,
861 290 1114 347 Σαγάρτιοι.

431 390 589 424 παντες
623 374 788 428 ἔχοντες
832 370 880 414 τὸ
917 370 1259 427 προειρημένον,

850 183 1317 223 HERODOTI

1185 292 1262 343 Ὡς
1309 292 1356 336 δὲ
1399 295 1600 350 παρῆσαν
1648 292 1694 337 ἅ-

1306 370 1500 416 ἐνθαῦτα
1543 371 1567 416 ὁ
1607 375 1694 415 Κῦ-

433 470 511 507 ρος
545 447 618 508 (ἦν
655 449 738 507 γάρ
778 466 842 501 τις
879 454 1022 506 χῶρος
1065 453 1139 506 τῆς
1183 453 1398 506 Περσικῆς
1435 449 1697 507 ἀκανθώδης

435 531 541 575 ὅσον
570 546 614 573 τε
643 529 712 572 ἐπὶ
742 526 1034 574 ὀκτωκαίδεκα
1063 529 1266 579 σταδίους
1295 527 1324 584 ἢ
1353 530 1490 572 εἴκοσι
1513 529 1691 586 πάντη·)

432 609 591 655 τοῦτόν
619 619 699 664 σφι
727 607 806 652 τὸν
833 612 980 664 χῶρον
1008 613 1186 663 προεῖπε
1225 606 1484 664 ἐξημερῶσαι
1522 607 1569 652 ἐν
1597 606 1694 664 ἡμέ-

406 697 511 745 εον

571 686 902 732 ἐπιτελεσάντων
933 687 978 732 δὲ
1006 691 1095 731 τῶν
1127 685 1335 741 Περσέων
1367 687 1446 731 τόν
1473 688 1750 743 nemesius-45

433 783 515 811 νον
547 765 736 821 ἄεθλον,
777 765 956 823 δεύτερά
987 778 1066 824 σφι
1094 771 1297 823 προεῖπε,
1328 766 1371 818 ἐς
1396 765 1476 824 τὴν
1503 766 1696 821 ὑστεραί-

405 853 493 902 3ην
520 851 721 900 παρεῖναι
749 847 1054 903 λελουμένους.
1112 846 1161 889 ἐν
1200 845 1247 890 δὲ
1283 844 1424 905 τούτῳ
1459 845 1514 890 τά
1552 861 1596 888 τε
1627 846 1694 888 αἰ-

429 924 561 969 πόλια
595 927 670 970 καὶ
698 925 774 978 τὰς
802 927 991 983 ποίμνας
1030 925 1104 969 καὶ
1142 923 1195 968 τοὶ
1237 923 1449 982 βουκόλια
1489 924 1513 968 ὁ
1542 927 1693 979 Κῦρος

427 1005 571 1048 πάντα
598 1009 681 1049 τοῦ
709 1005 872 1061 πατρὸς
901 1006 1136 1055 συναλίσας
1164 1004 1207 1055 ἐς
1234 1002 1399 1056 τώυτὸ,
1445 1004 1574 1055 ἔθυε,
1619 1004 1694 1046 καὶ

429 1083 718 1140 παρεσκεύαζε
749 1082 807 1135 ὥς
837 1084 1065 1141 δεξόμενος
1101 1087 1192 1127 τῶν
1221 1083 1427 1138 Περσέων
1452 1082 1530 1127 τὸν
1559 1093 1693 1136 στρα-
1705 1086 1750 1123 50

427 1162 528 1207 τόν·
559 1162 671 1218 πρὸς
701 1163 768 1215 δὲ,
803 1165 910 1224 οἴνῳ
939 1179 983 1207 τε
1012 1163 1087 1207 καὶ
1116 1163 1292 1206 σιτίοισι
1321 1159 1380 1213 ὥς
1408 1160 1688 1218 ἐπιτηδεωτά-

399 1246 559 1287 4τοισι.
592 1242 886 1300 ἀπικομένους
916 1243 962 1287 δὲ
991 1246 1045 1300 τῇ
1072 1241 1279 1299 ὑστεραίῃ
1307 1239 1411 1292 τοὺς
1428 1240 1599 1295 Πέρσας
1624 1257 1698 1284 κα-

427 1324 634 1373 τακλίνας
663 1322 706 1374 ἐς
734 1327 947 1378 λειμῶνα,
979 1321 1144 1378 εὐώχεε.
1203 1321 1294 1365 ἐπεί
1328 1337 1372 1364 τε
1407 1319 1454 1364 δὲ
1493 1317 1582 1364 oin&
1614 1320 1695 1364 δεί-

427 1415 545 1443 πνου
573 1396 709 1456 ἦσαν,
758 1401 896 1458 εἴρετό
928 1413 1063 1458 σφεας
1103 1399 1128 1445 ὁ
1160 1403 1311 1455 Κῦρος
1351 1399 1508 1455 κότερα
1544 1397 1598 1442 τοὶ
1637 1400 1692 1456 τῇ

373 1595 526 1633 Videtur
565 1597 673 1635 etiam
715 1596 804 1635 haec
834 1610 925 1646 gens
954 1609 1022 1647 pro

370 1653 569 1690 nomadum
593 1654 733 1691 ratione
760 1653 875 1690 nullas
900 1655 1022 1690 firmas

372 1709 536 1746 tenuisse
555 1711 676 1747 sedes.
722 1709 830 1746 Conf.
851 1709 1022 1746 Larcher.

371 1763 409 1801 Τ
412 1765 469 1801 ab.
487 1766 625 1814 Geogr.
652 1779 681 1803 s,
705 1779 738 1803 v.
769 1765 849 1802 coll.
869 1764 1022 1801 Rennel.

371 1819 394 1857 l.
418 1833 530 1871 supra
553 1820 576 1858 l.
597 1825 634 1859 et
658 1834 768 1872 supra
789 1822 877 1858 Her.
900 1821 937 1868 Ι,
958 1819 1025 1862 84.

427 1904 645 1956 Δροπικοὶ,
678 1900 920 1957 Σαγάρτιοι]
967 1903 1025 1942 De

372 1961 539 2010 Dropicis
570 1961 657 1998 nihil
687 1961 839 1999 relatum
870 1960 1025 2011 reperio.

374 2017 547 2066 Sagartz'i
570 2022 814 2055 memorantur
831 2018 925 2055 infra
943 2017 975 2053 V
979 2016 1023 2064 ll

372 2076 449 2120 853
478 2075 615 2125 quippe
644 2087 795 2123 quorum
824 2078 904 2112 octo
928 2073 1024 2111 mille

373 2131 515 2180 equites
533 2131 664 2168 Xerxis
684 2131 876 2169 exercitum
893 2142 1025 2179 seque-

373 2187 516 2224 bantur.
565 2187 706 2224 Incolas
743 2201 826 2225 esse
862 2185 1022 2235 regionis

373 2243 529 2292 Zagatai
543 2272 553 2291 ,
585 2243 647 2293 qui
666 2257 688 2280 a
709 2244 852 2292 Scythis
874 2257 903 2279 s.
928 2241 1024 2279 Tar-

372 2300 459 2336 taris
476 2299 653 2348 originem
678 2300 813 2336 ducant
835 2303 871 2336 et
889 2300 923 2335 in
933 2298 1022 2335 Per

370 2356 454 2392 sicis
481 2356 647 2406 partibus
679 2354 1022 2406 septentrionalibus

370 2416 481 2461 atque
492 2412 726 2450 orientalibus
737 2425 831 2449 nunc
846 2411 1023 2456 habitent,

370 2467 568 2507 Renuelius
582 2469 788 2520 suspicatur
806 2467 829 2505 l.
841 2467 863 2505 l.
879 2481 916 2519 p.
928 2467 1021 2508 510.

544 2579 855 2632 eap.cxxvr

427 2663 551 2704 εἴκοσι
580 2679 611 2704 π
623 2660 649 2703 οἱ
661 2679 685 2704 ν
698 2663 781 2715 τη]
821 2663 936 2701 Recte
957 2674 1023 2699 no-

371 2719 426 2755 bis
447 2721 498 2757 sic
516 2734 594 2758 cum
610 2721 812 2770 Schweigh.
833 2719 1023 2771 scripsisse

370 2775 533 2812 videmur
574 2790 594 2814 e
624 2777 723 2814 libris
755 2777 917 2828 probatis
954 2787 1022 2826 pro

370 2830 516 2880 vulgata
549 2828 712 2881 πάντα,
760 2845 868 2883 quam
898 2844 1021 2870 vocem

1090 1595 1328 1646 sequentibus
1359 1594 1478 1632 verbis
1504 1589 1652 1634 τοῦτόν
1675 1605 1748 1644 σφι

1091 1667 1126 1691 κ.
1148 1666 1181 1690 τ.
1207 1654 1241 1690 λ.
1271 1652 1474 1689 adstruunt.
1535 1651 1590 1688 Ita
1617 1646 1748 1701 πάντη

1093 1707 1410 1758 (quaquaversum)
1431 1707 1461 1754 Ι,
1478 1709 1568 1748 181.
1590 1706 1638 1753 ll,
1653 1709 1746 1749 168.

1150 1763 1267 1813 ἔθυε,
1304 1762 1373 1803 καὶ
1398 1758 1664 1814 παρεσκεύαζε
1694 1761 1748 1809 ὥς

1093 1815 1300 1870 δεξόμενος
1335 1821 1417 1859 τῶν
1452 1818 1642 1871 Περσέων
1676 1816 1746 1858 τὸν

1094 1872 1284 1929 στρατόν]
1312 1871 1435 1914 θύειν
1463 1876 1522 1915 hie
1538 1875 1748 1926 simpliciter

1093 1938 1150 1970 est
1201 1936 1375 1980 mactare,
1431 1927 1746 1985 παρασκευάζειν

1093 1993 1149 2027 est
1164 2002 1316 2039 parare,
1328 1992 1497 2027 mstruere
1509 1989 1643 2040 epulas,
1664 1989 1746 2039 qui-

1092 2045 1158 2081 bus
1190 2046 1383 2083 Persarum
1423 2047 1616 2083 exercitum
1641 2058 1746 2083 exce-

1090 2105 1220 2151 pturus
1250 2105 1328 2139 erat
1354 2101 1484 2150 Cyrus.
1541 2102 1624 2138 Hoc
1649 2102 1744 2138 enim

1091 2158 1160 2194 sibi
1179 2157 1254 2194 vult
1274 2158 1308 2193 h.
1326 2156 1348 2193 l.
1379 2155 1581 2207 δέχεσθαι,
1612 2157 1742 2194 eodem

1090 2214 1200 2250 modo
1221 2213 1266 2250 de
1287 2213 1489 2263 hospitibus
1511 2214 1624 2250 coena
1645 2213 1742 2251 laute

1090 2269 1261 2305 instructi·
1293 2269 1512 2319 excipiendis
1540 2269 1740 2307 adhibitum

1089 2325 1136 2372 V,
1166 2327 1228 2365 18.
1259 2324 1348 2371 Vll,
1379 2328 1470 2366 119.
1527 2325 1649 2363 Dativi
1679 2327 1742 2375 qui

1088 2387 1290 2429 sequuntur
1311 2380 1406 2419 οἷ’νω
1425 2386 1462 2419 et
1481 2382 1638 2421 σιτίοισι
1653 2395 1739 2432 per-

1090 2438 1207 2475 tinent
1229 2437 1277 2473 ad
1295 2423 1517 2487 δεξομενος.
1551 2437 1649 2475 Nam
1663 2442 1741 2476 tum

1089 2494 1267 2545 pecudum
1282 2498 1514 2531 mactatarum
1527 2507 1647 2542 carne
1663 2499 1739 2532 tum

1091 2550 1176 2587 vino
1200 2562 1242 2587 ac
1269 2562 1366 2599 pane
1397 2550 1529 2588 Persas
1562 2552 1598 2587 in
1623 2550 1739 2602 epulis

1091 2609 1304 2656 excepturus
1340 2611 1418 2644 erat
1450 2606 1581 2656 Cyrus.
1606 2628 1663 2635 —-
1695 2606 1739 2645 In

1090 2675 1194 2712 seqq.
1214 2657 1295 2702 οἷπό
1315 2662 1478 2702 δείπνου
1500 2659 1603 2702 εἶναι
1619 2677 1644 2701 a
1663 2676 1738 2700 coe-

1089 2732 1137 2756 na
1153 2718 1344 2768 discedere,
1374 2718 1479 2757 coemi
1499 2719 1618 2756 sumtci
1629 2720 1736 2765 abire,

1088 2776 1176 2812 satis
1198 2779 1335 2813 notum.
1374 2777 1433 2813 Cf.
1451 2775 1581 2814 Matth.
1607 2775 1737 2827 §.572

1087 2845 1172 2882 pag.
1198 2834 1305 2873 1128
1327 2846 1405 2882 seq.
