1877 3223
430 238 483 278 18
825 233 1291 273 HERODOTI

406 343 635 399 Ξλεόμενον
660 341 833 388 πόντον.
865 338 1006 394 Οὗτος
1029 343 1052 387 ὁ
1079 346 1292 397 Κροῖσος,
1325 340 1563 396 βαρβάρων
1593 344 1708 394 πρῶ-

430 439 525 474 τος,
561 425 649 465 τῶν
685 422 805 478 ἡμεῖς
833 424 979 477 ἰ’δμεν,
1014 423 1116 473 τούς
1149 422 1228 478 μὲν
1273 419 1587 474 κατεστρέψατο
1621 419 1708 463 Ἑλ-

430 501 574 557 λήνων
607 500 649 551 ἐς
684 499 829 556 φόρου
859 499 1117 557 ἀπαγωγήν,
1147 501 1250 551 τούς
1282 499 1340 550 δὲ,
1371 500 1528 554 φίλους
1559 503 1754 552 προσε-95

411 579 655 636 3ποιήσατο.
693 578 1005 634 κατεστρέψατο
1037 579 1116 634 μὲν
1136 578 1290 629 Ἴωνάς
1324 594 1368 621 τε
1405 577 1478 621 καὶ
1512 577 1710 627 Αἰολέας.

433 660 505 703 καὶ
533 657 730 711 Δωριέας
772 658 874 709 τούς
910 658 956 701 ἐν
1001 663 1053 714 τῇ
1090 655 1226 713 Ἀσίῃ·

1286 658 1442 712 φίλους
1481 655 1526 698 δὲ
1563 667 1713 708 προσε-

390 734 641 792 ι(εποιήσατο
661 738 1044 792 Λακεδαιμονίους.
1075 737 1160 791 πρό
1187 737 1232 779 ὁὲ
1254 739 1328 791 τῆς
1351 736 1547 789 Κροίσου
1579 730 1713 789 ἀρχῆς

434 815 587 866 πάντες
609 814 811 871 ’Έλληνες
846 810 957 870 ἦσαν
982 814 1224 869 ἐλεύθεροι·
1263 814 1313 857 τὸ
1340 813 1425 870 γάρ
1456 814 1709 869 Κιμμερίων

435 894 673 950 στράτευμα
702 892 750 937 τό
781 892 849 936 ἐπὶ
881 892 961 948 τήν
986 892 1151 950 Ἰωνίην
1179 891 1466 950 ἀπικόμενον,
1508 893 1709 948 Κροίσου

391 1079 413 1115 l.
442 1079 463 1115 l.
494 1093 530 1129 p.
561 1081 626 1120 31.
672 1078 763 1115 Add.
799 1078 949 1116 iVeiske
990 1078 1038 1115 de

390 1135 587 1184 pleonasm.
606 1149 642 1185 p.
664 1135 728 1176 42.

446 1192 562 1238 οὑτος
598 1190 618 1231 ἆ
653 1189 914 1240 Κροῖσος],
917 1190 1041 1237 ,Haec

389 1247 498 1284 verba
521 1247 669 1284 laudare
701 1247 841 1284 videtur
872 1245 1039 1296 Apollon.

388 1302 565 1350 Dyscolus
587 1305 634 1341 de
660 1316 824 1352 pronom.
849 1315 935 1352 pag.
952 1304 1034 1343 333

389 1359 446 1394 ed.
468 1359 612 1395 Bekk.“
642 1359 704 1396 Cr.

443 1411 486 1452 τό
536 1411 610 1465 γὰρ
649 1414 880 1466 Κιμμερίων
921 1407 1036 1464 στρά-

386 1483 507 1519 τευμα
535 1485 569 1509 κ.
597 1485 629 1510 τ.
660 1469 716 1520 λ.]
756 1471 779 1506 i.
811 1483 841 1507 e.
875 1468 1036 1518 Namque

389 1525 645 1563 cimmeriorum
688 1526 861 1577 expeditio
916 1530 1036 1562 contra

390 1580 525 1618 Ioniam
563 1587 739 1633 suscepta,
794 1595 880 1632 quae
917 1582 1037 1619 Croeso

383 1640 480 1687 prior
510 1643 607 1686 erat,
645 1652 712 1676 non
735 1639 933 1689 oppidorum
955 1639 1035 1688 fuit

385 1694 540 1732 redactio
567 1699 605 1733 in
630 1699 854 1745 potestatem,
893 1694 951 1730 sed
975 1708 1035 1730 ra-

384 1752 473 1799 pina
515 1765 558 1788 ex
602 1753 804 1788 incnrswne.
881 1751 1035 1788 Dicendi

389 1819 504 1855 genus
524 1808 632 1858 paulo
650 1809 772 1845 durius
793 1808 933 1844 videtur
950 1820 1033 1857 pro:

389 1857 438 1900 ου’
465 1862 752 1930 κατεστρέψατο
784 1879 854 1909 τας
885 1858 1032 1909 πόλεις,

389 1912 487 1956 ama
521 1918 559 1967 ἐξ
588 1919 804 1970 ἓπιδρομης
835 1914 1035 1969 ήρπᾶξαν-

389 1988 457 2023 το,
485 1979 525 2011 ut
539 1976 672 2013 Krebs.
694 1974 991 2025 interpreta.turl
1013 1974 1034 2011 l.

389 2044 425 2080 p.
455 2032 518 2070 19.
549 2031 606 2068 Ad
635 2031 850 2068 locutionem
880 2029 925 2077 ἐξ
957 2029 1038 2068 ἐπι-

389 2086 538 2136 δρομῆς
576 2087 640 2123 Cr.
672 2087 795 2124 laudat
822 2086 929 2123 Paus.
957 2086 1039 2133 Vll,

388 2142 442 2183 25
475 2141 511 2192 §.
542 2145 606 2182 21.
647 2143 707 2179 Tu
737 2144 832 2180 adde
865 2143 916 2178 sis
944 2142 1036 2178 Plat.

390 2197 438 2234 de
486 2198 541 2235 Re
573 2198 670 2248 publ.
710 2199 745 2235 X
780 2212 816 2248 p.
848 2201 957 2244 619,
986 2197 1033 2235 D.

389 2252 567 2290 Plutarch.
594 2253 727 2291 Anton.
757 2256 822 2295 80.
850 2275 906 2282 —-—-

444 2308 550 2346 Hanc
596 2310 870 2347 Cimmeriorum
916 2309 1035 2346 incur-

389 2366 527 2402 sionem
546 2364 667 2413 Ardye
695 2365 808 2414 Lydis
835 2366 1035 2415 imperante

389 2425 474 2470 post
523 2421 669 2469 Gygem
715 2422 909 2467 accidisse,
954 2421 1033 2471 ipse

390 2477 527 2513 Noster
550 2478 659 2514 refert
684 2477 775 2513 infra
795 2491 824 2513 c.
854 2477 916 2517 15.
935 2475 1032 2512 Add.

392 2532 418 2578 Ι,
451 2535 513 2573 16.
547 2534 637 2573 103.
666 2531 728 2577 IV,
752 2535 814 2573 11.
839 2534 901 2572 12.
933 2532 1035 2575 Qua-

388 2600 426 2625 re
443 2588 620 2625 Herodoti
643 2588 854 2636 antiquioris
880 2588 1035 2625 auctori-

387 2647 497 2681 tatem
529 2645 699 2680 Straboni
729 2644 803 2680 iure
823 2645 1031 2694 praeferen-

389 2700 472 2736 dam
505 2700 602 2737 ducit
633 2699 787 2737 Wessel.
844 2699 906 2736 lile
936 2700 1031 2736 enim

387 2755 422 2803 (Ι
451 2769 487 2806 p.
508 2758 534 2796 6
564 2769 593 2792 s.
622 2769 658 2806 p.
685 2756 814 2796 12.111
836 2769 871 2805 p.
901 2756 978 2796 149
1001 2769 1029 2791 s,

384 2824 421 2860 p.
456 2813 567 2860 222)
626 2812 776 2849 Homeri
819 2813 894 2848 fere
940 2817 1030 2848 teni-

382 2867 529 2916 poribus
562 2868 836 2905 Cimmeriorum
875 2868 1032 2905 invasio-

1105 1090 1189 1115 nem
1226 1078 1408 1115 adscribit.
1447 1077 1490 1114 Id
1527 1072 1630 1126 quod
1659 1075 1753 1114 Lar-

1106 1134 1213 1171 chero
1236 1134 1287 1171 ita
1315 1133 1576 1171 conciliandum
1603 1132 1751 1169 videba-

1103 1194 1184 1237 tur,
1214 1194 1255 1226 ut
1275 1191 1369 1227 duae
1389 1189 1521 1227 suerint
1541 1188 1752 1225 Cimmerio-

1105 1259 1183 1282 rmn
1206 1247 1465 1296 expeditiones,
1493 1244 1606 1282 altera
1625 1248 1751 1294 poste-

1103 1303 1187 1349 rior,
1217 1303 1263 1339 de
1283 1314 1356 1350 qua
1367 1301 1580 1339 Herodotus
1595 1301 1751 1350 scripse-

1103 1359 1170 1403 rit,
1221 1357 1333 1395 altera
1371 1358 1490 1407 prior,
1533 1356 1750 1394 Homericae

1103 1418 1166 1450 aut
1185 1414 1386 1451 remotioris
1407 1414 1499 1450 adeo
1521 1413 1664 1458 aetatis,
1689 1425 1750 1448 cn-

1101 1470 1156 1506 ins
1184 1482 1329 1519 quoqne
1362 1469 1559 1519 Euripides
1597 1468 1751 1505 mentio-

1101 1538 1185 1563 nem
1216 1526 1340 1563 fecerit
1360 1526 1395 1561 in
1425 1525 1542 1575 lphig.
1571 1525 1606 1561 in
1634 1524 1670 1561 T
1672 1537 1749 1561 aur.

1104 1584 1211 1622 1106
1251 1595 1331 1631 sqq.
1384 1582 1522 1629 (1113
1558 1580 1631 1629 al.)
1674 1593 1751 1617 rem

1101 1643 1289 1688 poetarum
1309 1651 1409 1675 more
1423 1638 1538 1686 magis
1559 1648 1749 1681 emmaus,

1102 1707 1182 1731 cum
1225 1695 1271 1731 de
1302 1695 1449 1731 urbibus
1479 1697 1622 1731 enarret
1651 1693 1749 1728 diru-

1102 1750 1196 1800 ptis,
1243 1762 1337 1798 quae
1373 1755 1457 1787 tunc
1493 1748 1666 1800 temporis
1702 1760 1750 1785 ne

1101 1806 1275 1844 exsistere
1295 1806 1439 1855 quidem
1458 1805 1654 1856 potuerint.
1673 1802 1750 1839 Ali-

1101 1866 1156 1899 ter
1208 1863 1323 1898 visum
1368 1867 1424 1899 est
1472 1861 1636 1910 Volneyo
1683 1859 1750 1907 (in

1101 1917 1229 1967 Suppl.
1272 1919 1294 1955 -21
1329 1918 1493 1954 l'Herod.
1535 1918 1582 1954 de
1616 1915 1748 1953 Larch.

1103 1987 1140 2023 p.
1160 1973 1214 2014 75
1235 1987 1284 2012 ss.
1310 1973 1392 2011 coll.
1423 1988 1459 2024 p.
1481 1976 1533 2014 71
1564 1972 1637 2020 ss..)
1675 1971 1750 2020 qui,

1103 2042 1197 2078 qnae
1223 2030 1322 2079 apud
1339 2030 1555 2067 Strabonem
1580 2032 1617 2066 et
1639 2027 1748 2064 Euri-

1103 2086 1225 2135 pidem
1253 2085 1441 2134 leguntur,
1475 2086 1648 2121 hactenus
1673 2095 1749 2119 non

1103 2141 1324 2178 incredibilia
1359 2144 1484 2190 putat,
1522 2140 1622 2188 quod
1656 2151 1749 2187 gens

1101 2209 1216 2244 vaga,
1264 2195 1453 2234 Nomades
1488 2199 1638 2242 vocant,
1680 2194 1751 2231 uti-

1100 2265 1172 2300 que
1196 2252 1302 2287 trium
1332 2256 1531 2299 quatuorve
1549 2250 1749 2289 seculorum

1100 2309 1254 2344 decursu
1284 2307 1385 2344 facile
1416 2307 1539 2357 plures
1570 2308 1664 2344 adeo
1692 2306 1749 2343 in-

1099 2363 1282 2399 cursiones
1331 2363 1367 2398 in
1407 2364 1534 2400 Asiam
1574 2363 1749 2400 minorem

1098 2419 1218 2456 facere
1247 2419 1413 2468 potuerit.
1482 2419 1538 2455 Ex
1570 2419 1749 2456 Herodoti

1099 2479 1219 2511 autem
1256 2475 1342 2511 locis
1386 2475 1433 2512 de
1473 2474 1749 2512 cimmeriorum

1100 2530 1387 2580 expeditionibus
1439 2532 1584 2568 omnino
1630 2529 1749 2580 dupli-

1099 2599 1175 2624 cem
1203 2587 1425 2624 invasionem
1448 2587 1541 2625 bene
1571 2587 1747 2636 distingui

1098 2655 1209 2692 posse
1255 2643 1356 2680 ldem
1396 2648 1539 2690 censet,
1587 2643 1746 2693 priorem

1096 2698 1228 2746 Ardyis
1250 2700 1351 2746 (699
1371 2712 1404 2735 3.
1436 2699 1544 2747 Chr.)
1570 2704 1747 2750 tempore,

1098 2755 1144 2791 de
1165 2768 1236 2803 qua
1256 2755 1395 2792 Herod.
1414 2754 1442 2802 I,
1468 2755 1530 2796 15.
1553 2757 1592 2804 6,
1620 2758 1745 2806 poste-

1094 2811 1223 2848 riorem
1239 2809 1392 2859 Alyattis
1413 2816 1448 2848 et
1460 2811 1634 2859 Cyaxaris
1653 2814 1745 2848 teui-

1096 2880 1206 2916 pore,
1236 2868 1283 2904 de
1316 2879 1388 2915 qua
1417 2867 1558 2906 Herod.
1586 2866 1616 2913 I,
1648 2867 1737 2908 103.
