1877 3223
652 193 953 234 CL10.1.

1351 198 1432 238 199

154 304 386 362 ΞΚροίσῳ,
418 302 561 358 ὥσπερ
590 303 661 347 καὶ
690 298 771 360 ἦν,
801 304 917 356 ἔδοξε
944 302 1072 357 τέρας
1101 301 1224 346 εἶναι.
1273 302 1428 348 αὐτίκα
1485 312 1540 353 39

178 382 225 427 δὲ
263 382 419 440 ἔπεμπε
453 381 735 437 θεοπρόπους
770 382 813 433 ἐς
850 386 935 426 τῶν
973 381 1207 439 ἐξηγητέων
1241 385 1457 438 Τελμησ-6

180 462 302 507 σέων.
334 461 630 520 ἀπικομένοισι
661 461 707 507 δὲ
746 467 859 506 τοῖσι
886 460 1197 517 θεοπρόποισι,
1250 462 1324 505 καὶ
1352 478 1428 517 μα-

180 546 316 587 θοῦσι
344 542 453 598 πρὸς
491 542 767 598 Τελμησσέων
794 540 845 585 τό
886 541 1004 585 θέλει
1034 541 1257 597 σημαίνειν
1287 539 1334 585 τὸ
1367 540 1428 584 τέ-

148 628 283 676 3ρας,
314 619 396 665 οὐκ
425 622 634 678 ἐξεγένετο
667 622 844 677 Κροίσῳ
875 618 1140 677 ἀπαγγεῖλαι.
1199 620 1302 675 πρὶν
1343 618 1426 674 γὰρ

178 699 208 756 ἢ
235 699 373 745 ὀπίσω
403 701 539 757 σφέας
579 699 831 744 ἀναπλῶσαι
872 700 913 752 ές
952 699 1030 751 τοὶς
1057 699 1244 753 Σάρδις,
1283 697 1372 755 ἥλω
1405 696 1428 741 ὁ

178 781 378 834 Κροῖσος.

440 779 698 835 Τελμησσέες
726 778 803 835 μέν
832 795 901 823 τοι
929 778 1028 822 τάδε
1059 779 1273 834 ἔγνωσαν,
1304 789 1424 833 στρα-
1442 783 1485 817 10

176 856 255 900 τὸν
284 854 532 913 ἀλλόθροον
560 857 855 914 προσδόκιμον
893 856 1003 902 εἶναι
1042 859 1219 915 Κροίσῳ
1249 857 1317 900 ἐπὶ
1346 856 1426 913 τὴν

174 933 343 993 χώρην,
372 934 638 994 ἀπικόμενον
667 937 714 982 δὲ
740 941 899 982 τοῦτον
926 938 1297 994 καταστρέψεσθαι
1322 934 1428 986 τοὺς

119 1097 358 1147 suburbana),
369 1098 447 1137 illos
467 1098 697 1150 (serpentes)
710 1099 767 1137 ‹le-

118 1152 354 1201 glute'ebant.“
413 1155 572 1194 Genitivi
615 1154 767 1206 φανέν-

118 1223 197 1248 των
217 1208 260 1248 δὲ
280 1206 412 1250 αὕτῶν
440 1212 483 1248 iis
509 1211 644 1250 similes
673 1217 768 1262 sunt,

117 1266 165 1302 de
184 1267 313 1315 quibus
343 1280 452 1318 supra
478 1269 526 1305 ad
555 1268 572 1305 Ι
582 1297 594 1316 ‚
623 1270 649 1310 3
677 1269 768 1305 dixi-

116 1334 208 1358 mus.

172 1375 211 1423 ἐς
240 1379 321 1415 τῶν
350 1376 566 1431 ἐξηγητέων
595 1381 764 1430 Τελμησ-

116 1431 241 1484 σέων]
279 1433 394 1471 Aldus
422 1435 575 1473 dederat
604 1434 643 1481 ἐς
671 1432 764 1482 τούς

114 1487 346 1541 ε’ξηγητέας,
397 1503 505 1539 quein
541 1491 643 1528 multi
677 1493 762 1530 dein

114 1546 228 1583 secuti
243 1551 338 1583 sunt.
364 1546 458 1584 Cum
477 1560 560 1585 vero
579 1548 658 1584 libri
669 1561 764 1586 nune

115 1601 234 1639 collati
262 1603 417 1640 offerant
447 1602 487 1649 ές
518 1605 596 1642 τῶν
628 1603 763 1656 ἐξηγη-

115 1655 233 1705 τέων,
262 1671 342 1696 cum
356 1659 566 1697 Gaisfordio
585 1673 763 1710 reponere

116 1726 190 1749 non
216 1714 385 1751 dubitavi.
442 1715 522 1752 Erit
550 1721 669 1753 autem
699 1729 764 1765 ge-

117 1769 248 1806 nitivus
277 1771 406 1808 eodem
435 1772 546 1808 inodo
578 1772 762 1821 explican-

118 1825 209 1874 dus,
239 1839 311 1874 quo
331 1839 442 1876 supra
460 1827 496 1874 I,
510 1827 563 1868 35
584 1826 624 1866 ἐν
637 1825 763 1879 Κροί-

118 1893 203 1920 σου.
232 1881 315 1919 Vid.
338 1881 468 1919 Matth.
489 1881 526 1933 ἓ.
548 1884 631 1923 380
647 1888 722 1920 not.
737 1883 762 1926 5

117 1950 203 1988 pag.
231 1940 336 1986 701,
365 1939 426 1987 qui
455 1938 552 1975 idem
581 1937 617 1989 ἓ.
637 1942 709 1987 91,
739 1942 762 1980 1

120 1993 245 2031 laudat
275 2007 318 2032 ex
341 1994 411 2031 hoc
439 1993 519 2031 loco
545 1993 764 2046 ἐξηγητέας,

116 2062 335 2099 quamquam
353 2050 388 2086 in
405 2049 586 2088 Herodoti
607 2051 766 2089 editione

114 2106 195 2156 ipse
216 2106 330 2143 edidit
348 2104 576 2157 ἐξηγητέων.
594 2102 765 2156 -Ἐξη-

115 2160 230 2212 γηταὶ
249 2162 318 2199 hoc
340 2161 419 2199 loco
435 2167 519 2199 sunt
548 2163 765 2214 (interprete

114 2217 333 2256 Ruhnkenio
376 2218 425 2256 ad
482 2218 626 2256 Timaei
672 2218 763 2257 Lex.

116 2272 207 2310 Plat.
228 2287 313 2324 pag.
335 2277 435 2323 110)
465 2276 526 2324 qui
545 2279 708 2312 monstra
726 2280 763 2313 et

115 2330 285 2379 prodigia
329 2335 543 2381 procurent,
601 2332 690 2368 ritus
724 2333 762 2369 in

117 2386 228 2422 sacris
247 2387 429 2423 observari
447 2387 574 2424 solitos
595 2389 761 2435 doceant,

119 2441 257 2489 piaculo
274 2443 448 2479 obnoxios
457 2445 603 2494 expient
619 2443 762 2493 aliaque

120 2502 252 2544 agant,
286 2511 379 2546 quae
408 2499 455 2536 ad
485 2512 667 2537 sacrorum
695 2501 761 2537 ad-

119 2551 413 2592 ministrationem
497 2556 764 2604 religionesque

119 2609 315 2644 servandas
359 2611 573 2659 pertineant.
652 2612 762 2649 Unde

120 2663 248 2701 Cicero
279 2664 344 2712 (de
361 2665 478 2715 Legg.
498 2667 552 2713 ll,
575 2669 647 2716 26)
680 2668 762 2705 reli-

119 2721 259 2767 gionum
276 2723 473 2769 interpretes
492 2727 606 2759 vocat.
655 2724 762 2762 Plura

117 2776 311 2813 Ruhnken.
342 2777 364 2812 l.
392 2778 414 2814 l.
448 2778 636 2816 Telmessus
661 2781 758 2827 urbs,

119 2832 193 2869 sive
217 2831 425 2881 Telmissus,
457 2836 502 2873 (le
528 2849 600 2885 qua
627 2837 757 2874 Strabo

835 1099 923 1138 XIV
942 1112 1027 1150 pag.
1048 1100 1141 1142 981.
1182 1097 1359 1146 Pompon.
1383 1095 1482 1133 Mela

834 1155 872 1204 Ι,
895 1156 945 1198 15
967 1154 1003 1208 §.
1038 1157 1063 1196 3
1099 1155 1185 1204 ibiq.
1208 1152 1410 1192 Tzschuck.
1446 1156 1482 1190 et

835 1210 974 1249 Arrian.
1015 1211 1184 1261 Expedit.
1217 1209 1318 1248 Alex.
1345 1208 1384 1255 I,
1415 1209 1480 1249 24.

834 1268 888 1316 ΙΙ,
910 1271 948 1317 3,
968 1267 1103 1316 Lyciae
1121 1272 1178 1305 est
1196 1267 1281 1303 urbs
1293 1264 1481 1303 celeberri-

832 1337 912 1372 ma,
966 1325 1081 1374 probe
1137 1321 1394 1371 distinguenda
1434 1321 1480 1357 ab

832 1393 895 1427 ea,
927 1392 1020 1429 quae
1060 1379 1097 1415 in
1130 1378 1267 1415 Pisidia
1303 1377 1373 1413 sita
1404 1380 1481 1412 erat

829 1436 916 1472 urbs
950 1434 1154 1472 Telmissus
1194 1447 1223 1470 s.
1258 1432 1294 1470 T
1297 1431 1481 1477 ermissus,

829 1504 939 1541 quam
977 1493 1154 1528 memorat
1181 1489 1279 1526 idem
1309 1487 1481 1524 Arrianus

829 1548 868 1595 l,
887 1551 952 1590 27.
1011 1547 1107 1584 Illius
1124 1545 1159 1583 T
1162 1545 1295 1583 elmissi
1313 1545 1350 1580 in
1372 1544 1480 1580 rude-

830 1605 927 1641 ribus
958 1616 1052 1640 nunc
1071 1602 1249 1653 oppidum
1275 1600 1398 1638 Mam·
1419 1612 1480 1637 ex-

828 1663 1003 1697 structum
1023 1663 1101 1706 est,
1137 1657 1199 1695 ubi
1217 1657 1382 1696 immensi
1399 1656 1479 1693 the-

830 1716 900 1753 atri
934 1716 1039 1752 ruina
1084 1714 1202 1752 adhuc
1239 1713 1479 1762 conspicitur,

830 1773 989 1821 itemque
1010 1771 1176 1822 sepulcra
1200 1770 1238 1807 in
1257 1770 1407 1821 rupibus
1417 1780 1479 1805 ex-

831 1829 906 1865 cisa
942 1832 978 1864 et
1006 1825 1291 1876 Persepolitanis
1338 1824 1476 1860 similia.

831 1883 890 1922 De
907 1884 1035 1932 quibus
1054 1882 1165 1920 multa
1173 1884 1323 1919 narrant
1330 1884 1478 1917 nostrae

832 1940 959 1976 aetatis
978 1938 1282 1988 peregrinatoreS.
1326 1936 1362 1973 T
1365 1949 1387 1971 u
1406 1935 1478 1972 vid.

832 1994 915 2031 Van
949 1995 1014 2031 der
1045 1994 1145 2042 Chys
1173 1993 1209 2029 in
1232 1992 1476 2030 Commentar.

833 2050 1044 2099 Geograph.
1066 2050 1113 2086 ad
1128 2047 1269 2086 Arrian.
1287 2047 1475 2096 (Lugdun.

830 2106 912 2143 Bat.
946 2106 1080 2154 1828)
1118 2117 1203 2155 pag.
1243 2106 1309 2146 31.
1366 2103 1477 2152 Apud

830 2166 970 2200 veteres
990 2162 1076 2198 urbs
1098 2160 1272 2199 excellens
1297 2159 1477 2208 Haruspi-

831 2232 911 2257 cum
933 2217 1131 2268 disciplina.
1170 2217 1228 2255 De
1256 2228 1330 2264 qua
1346 2228 1476 2252 consu-

829 2275 922 2311 latur
962 2275 1089 2311 Cicero
1132 2273 1179 2310 de
1210 2272 1320 2308 divin.
1354 2271 1391 2319 1,
1421 2269 1473 2311 41

828 2331 914 2380 ibiq.
932 2330 1055 2367 Davis.
1075 2333 1111 2367 et
1136 2328 1306 2365 Creuzer.

885 2384 979 2438 πρὶν
1019 2382 1094 2437 γάρ
1130 2380 1158 2435 ἢ
1188 2378 1312 2423 ὀπίσω
1350 2380 1473 2431 σφέας

829 2438 1061 2482 ἀναπλῶσαι
1081 2440 1119 2486 ές
1136 2437 1206 2486 τᾶς
1225 2436 1387 2491 Σάρδις]
1418 2438 1473 2474 Ex

828 2501 883 2536 liis
911 2499 1028 2536 verbis
1062 2510 1143 2534 cum
1167 2496 1349 2534 Larchero
1374 2495 1472 2532 colli-

828 2569 917 2604 gere
933 2555 1017 2592 mihi
1036 2567 1146 2603 posse
1168 2553 1312 2599 videor,
1343 2551 1472 2588 Croesi

827 2613 968 2661 legatos
1014 2623 1088 2647 non
1126 2608 1288 2659 pedestri
1333 2607 1472 2654 itinere,

828 2669 954 2717 (quale
987 2672 1073 2703 tunc
1110 2665 1283 2714 temporis
1319 2663 1470 2701 forsitan

827 2725 963 2762 institui
990 2736 1063 2759 non
1100 2722 1245 2771 potuit)
1285 2721 1353 2757 sed
1380 2719 1469 2755 mari

828 2794 901 2818 non
943 2780 1021 2816 siue
1047 2777 1260 2825 ambagibus
1293 2775 1467 2812 Sardibus

827 2840 1048 2874 transvectos
1070 2846 1152 2872 esse
1171 2832 1411 2871 Tehnessum.
