1909 3228
429 224 704 265 EXCURSUS
731 223 786 263 XI
812 222 882 262 AD
910 221 1176 262 HERODOT.
1205 222 1260 272 ΙΙ,
1291 225 1381 266 159.
1580 225 1661 265 921

548 749 1135 798 EXCURSUS
1207 750 1276 795 XI

370 865 493 905 AD
579 864 1441 913 HERonoT.11‚159.

235 1100 324 1144 Καὶ
354 1099 545 1154 Σύροισι
575 1104 680 1158 πεζῇ
710 1098 734 1145 ὁ
766 1097 919 1151 Νεκῶς
956 1098 1190 1155 συμβαλών
1230 1098 1278 1142 ἐν
1308 1097 1533 1155 Μαγδόλῳ
1575 1096 1663 1140 ἐνί-

318 1181 443 1225 κησε·
484 1169 587 1224 μετὰ
619 1169 665 1212 δὲ
693 1168 770 1225 τήν
801 1168 964 1225 μάχην,
1004 1166 1204 1212 Κάδυτιν
1233 1166 1363 1211 πόλιν
1392 1169 1467 1222 τῆς
1495 1166 1664 1221 Συρίης

319 1238 482 1281 ἐοῦσαν
511 1236 699 1294 μεγάλην
729 1235 823 1281 εἷλε.

263 1341 462 1392 IlIagdolus
488 1344 573 1381 urbs
602 1348 823 1382 memoratur
850 1344 887 1382 in
907 1341 1078 1381 Antonin.
1100 1342 1219 1380 itiner.
1247 1354 1333 1392 pag.
1361 1342 1440 1382 178
1471 1340 1664 1379 duodecim

150 1412 306 1450 millibus
325 1419 464 1450 remota
490 1425 512 1449 a
530 1412 675 1449 Pelusio
708 1413 884 1450 orientem
908 1425 1056 1458 versus3
1096 1412 1194 1449 unde
1219 1411 1296 1448 iure
1326 1410 1361 1446 in
1396 1409 1561 1446 confiniis
1589 1408 1665 1447 Ae·-

149 1482 254 1530 gypti
285 1481 462 1518 inferioris
494 1481 638 1529 S>riam
672 1494 796 1519 versus
823 1481 891 1518 erit
921 1480 1143 1517 collocanda.
1201 1478 1282 1517 Nee
1312 1477 1382 1514 alia
1412 1481 1491 1524 est,
1531 1489 1624 1526 quae
1644 1489 1667 1513 a

147 1547 337 1598 Stephano
361 1547 570 1598 Byzantino
600 1548 782 1585 indicatur
813 1563 841 1585 s.
862 1561 895 1585 v.
919 1552 955 1584 et
975 1548 1012 1583 in
1032 1560 1154 1584 sacrae
1180 1547 1379 1596 scripturae
1402 1544 1544 1594 aliquot
1567 1545 1667 1592 locis,

148 1616 209 1653 ubi
235 1621 384 1654 vocatur
410 1610 521 1668 bium
536 1644 544 1652 .
574 1615 657 1653 Vid.
687 1616 825 1653 Gesen.
846 1616 883 1652 in
901 1614 1004 1652 lexic.
1024 1614 1194 1651 Hebraic.
1211 1626 1297 1664 pag.
1317 1612 1398 1653 429
1430 1611 1507 1648 coll.
1530 1612 1665 1649 Cham-

147 1683 233 1735 poll.
265 1683 425 1734 l'Egypt.
463 1697 491 1720 s.
522 1682 545 1720 l.
573 1682 676 1733 phar.
710 1684 741 1720 ΙΙ
771 1697 807 1733 p.
836 1686 889 1724 79
924 1687 960 1720 et
991 1681 1163 1719 Valcken.
1193 1682 1230 1718 in
1258 1681 1455 1731 scriptione
1476 1693 1560 1717 mox
1589 1679 1666 1717 lau-

149 1752 274 1788 danda
300 1750 337 1802 ἓ.
358 1754 396 1792 7.
415 1754 440 1792 9
473 1763 560 1801 pag.
580 1750 658 1790 159
682 1764 758 1800 seq.
817 1750 868 1788 Et
888 1755 989 1788 vetus
1012 1762 1146 1787 nomen
1165 1749 1201 1786 in
1234 1748 1412 1785 hodierna
1438 1747 1506 1784 loci
1539 1748 1667 1799 appel-

148 1819 286 1857 latione
306 1818 388 1856 Ras
408 1818 438 1855 el
459 1817 589 1869 Moyeh
624 1818 679 1866 (in
704 1818 871 1855 orientali
901 1830 944 1855 ac
964 1817 1190 1855 meridionali
1217 1830 1363 1855 recessu
1390 1815 1488 1853 lacus
1512 1815 1668 1853 Menza-

148 1887 226 1938 leh)
253 1888 369 1925 latere
390 1887 570 1925 existimat
598 1885 783 1923 Mannert.
804 1886 942 1935 Geogr.
964 1887 1000 1924 d.
1023 1885 1088 1922 Gr.
1109 1898 1143 1922 u.
1168 1885 1275 1922 Riim.
1299 1883 1357 1931 X,
1381 1884 1403 1923 1
1434 1897 1471 1933 p.
1493 1882 1589 1925 489.

261 1955 339 1993 Sed
364 1954 410 1991 ab
440 1966 484 1991 ea
502 1954 592 1991 urbe
619 1954 734 2004 probe
757 1954 1014 2002 distinguenda
1040 1957 1098 1990 est
1124 1952 1194 1989 alia
1220 1951 1330 1998 urbs,
1367 1962 1462 1998 quae
1490 1951 1527 1987 in
1557 1952 1667 1989 sacris

152 2022 263 2060 literis
292 2021 500 2073 appellatur
527 2028 618 2075 imm:
648 2022 722 2059 sive
750 2017 975 2074 Μαγεδδεό,
1013 2022 1061 2058 ad
1086 2019 1372 2057 Manassitarum
1397 2019 1529 2055 tribum
1556 2020 1670 2070 perti-

151 2103 264 2139 nens,
294 2091 343 2127 ad
359 2094 519 2127 montem
541 2089 745 2127 Carmelum
766 2091 858 2137 sita,
898 2102 942 2128 ex
971 2102 1043 2139 quo
1073 2089 1154 2140 ipso
1183 2088 1382 2138 porrigitur
1405 2086 1600 2136 planities,
1630 2087 1669 2124 in

153 2171 225 2208 qua
242 2158 374 2196 Iosiam
403 2171 425 2195 a
443 2157 596 2197 Necone
620 2159 753 2196 victum
779 2159 890 2196 fuisse
918 2158 987 2196 loci
1012 2170 1137 2195 sacrae
1165 2155 1363 2206 scripturae
1385 2167 1495 2205 supra
1524 2154 1592 2203 (ad
1620 2154 1668 2202 II,

156 2226 256 2275 159)
284 2226 423 2264 laudati
450 2227 629 2264 evincunt.
700 2225 873 2275 Namque
906 2226 995 2263 haec
1020 2225 1210 2277 planities,
1252 2235 1346 2272 quae
1376 2235 1398 2259 a
1424 2226 1550 2260 monte
1577 2222 1670 2259 Car-

153 2295 247 2333 melo
268 2295 554 2346 septentrionem
585 2297 697 2343 atque
725 2295 901 2332 orientem
919 2308 1045 2332 versus
1078 2293 1127 2330 ad
1162 2292 1359 2329 Iordanum
1381 2303 1496 2340 usque
1518 2294 1669 2341 proten-

154 2363 252 2400 ditur
264 2390 275 2409 ,
308 2362 343 2400 ei
360 2374 557 2412 sanequam
574 2363 797 2413 permeanda
815 2367 891 2411 est,
911 2363 973 2412 qui
992 2373 1034 2399 ex
1053 2359 1226 2410 Aegypto
1243 2358 1428 2408 Assyriam
1443 2358 1539 2408 petit
1559 2362 1669 2406 atque

153 2429 414 2479 Babyloniam,
454 2431 615 2480 indeque
647 2430 708 2467 illa
738 2430 901 2481 pluribus
932 2429 1078 2481 proeliis
1107 2432 1146 2465 et
1168 2427 1323 2478 plurium
1353 2439 1479 2475 regum
1506 2426 1668 2463 cladibus

155 2498 306 2546 insignis
328 2498 406 2534 fuit.
463 2497 572 2535 Nunc
590 2502 740 2535 vocatur
767 2497 936 2536 Merdsch
959 2496 1164 2534 Ilm-Amer
1192 2495 1215 2531 i.
1237 2507 1268 2532 e.
1293 2498 1435 2544 pratum
1448 2495 1528 2544 filii
1542 2494 1670 2532 Ameri.

156 2564 265 2601 Plura
281 2564 382 2601 Iahn.
404 2564 565 2602 biblisch.
586 2563 829 2614 Archaeolog.
863 2565 879 2601 I
907 2578 945 2614 p.
969 2564 1050 2604 142
1080 2567 1116 2600 et
1144 2562 1408 2599 Rosenmiiller.
1440 2561 1525 2599 bibl.
1550 2561 1672 2599 Alter-

157 2632 391 2669 thumskund.
413 2632 467 2679 ΙΙ,
489 2635 511 2672 1
541 2645 626 2682 pag.
653 2633 732 2674 149
763 2633 842 2670 coll.
861 2631 1033 2669 Valcken.
1049 2630 1072 2667 l.
1094 2630 1116 2667 l.
1141 2628 1178 2680 ξ.
1198 2632 1250 2670 10
1279 2643 1315 2680 p.
1343 2632 1423 2670 160
1446 2641 1525 2678 seq.
1564 2628 1672 2666 Hanc

156 2713 241 2738 vero
266 2700 452 2750 planitiem
480 2701 518 2736 in
544 2700 758 2738 Herodoteo
787 2700 889 2746 loco,
929 2698 991 2735 ubi
1018 2697 1065 2735 ad
1093 2696 1307 2746 Magdolum
1331 2710 1455 2746 regem
1485 2695 1672 2733 victoriam

158 2771 365 2818 reportasse
384 2767 559 2817 legimus,
589 2767 864 2817 intelligendam
885 2779 965 2803 esse
985 2767 1043 2803 vix
1064 2766 1236 2813 dubium,
1266 2769 1347 2812 aut,
1377 2768 1416 2801 ut
1444 2761 1671 2800 Valckenarii

159 2840 239 2873 utar
261 2835 402 2882 verbis,
439 2840 520 2873 tuto
545 2836 727 2874 adfirmari
754 2835 856 2882 licet,
895 2847 974 2872 cum
1010 2834 1056 2872 de
1086 2833 1270 2886 Aegyptia
1298 2834 1389 2871 urbe
1416 2831 1592 2881 Magdolo
1624 2841 1671 2866 ne
