1909 3228
479 224 561 265 434

890 220 1352 259 HERODOTl

476 332 736 388 ραπεύουσι,
765 327 819 372 τά
847 344 890 372 τε
920 328 1049 381 ἄλλα,
1079 329 1152 372 καὶ
1182 330 1398 384 φοινίκων
1425 329 1527 381 τούς
1555 330 1730 386 ἔρσενας
1741 338 1788 373 3ο

464 412 666 466 Ἕλληνες
693 407 917 459 καλέουσι,
962 406 1133 450 τούτων
1160 406 1238 451 τὸν
1276 408 1445 462 καρπὸν
1481 410 1728 465 περιδέουσι

475 493 573 546 τῇσι
601 485 948 544 βαλανηφόροισι
975 490 1065 530 τῶν
1094 487 1333 542 φοινίκων,
1367 488 1440 529 ἵνα
1466 491 1651 546 πεπαίνῃ
1680 489 1725 532 τὲ

475 579 554 623 σφι
583 563 606 609 ὁ
636 564 724 622 ψὴν
751 565 831 620 τὴν
860 564 1058 621 βάλανον
1086 563 1308 618 ἐσδύνων,
1337 566 1410 608 καὶ
1440 565 1498 622 μή
1530 565 1726 626 ἆποῤῥὲῃ

445 644 500 690 96
528 643 693 701 καρπὸς
722 643 746 687 ὁ
775 648 856 688 τοῦ
886 646 1101 700 φοίνικος.
1135 648 1278 701 ψῆνας
1315 644 1398 700 γὰρ
1429 644 1481 700 δή
1514 645 1726 701 φορέουσι

469 723 518 768 ἐν
544 726 607 781 τῷ
634 727 791 783 καρπῷ
821 725 865 767 οἱ
893 724 1085 780 ἔρσενες,
1114 723 1306 779 κατάπερ
1337 723 1390 779 δὴ
1421 726 1464 768 οἱ
1492 723 1692 770 ὄλυνθοι.

415 897 494 937 Mel
503 898 702 950 palmarum
714 896 826 933 refert
845 896 941 935 idem
959 897 1060 936 Hee-

413 956 535 993 renius
571 952 804 1005 probabiliter
835 952 883 989 ad
916 954 1062 991 saccha-

412 1024 492 1049 rum
507 1010 717 1062 palmarium
734 1007 1062 1059 (Palmenzucker),

413 1067 475 1117 qui
500 1080 521 1105 e
546 1067 680 1105 recenti
715 1065 916 1116 palmarum
953 1079 1059 1104 succo

412 1123 620 1161 conficiatur
646 1123 827 1170 hodieque
854 1124 900 1160 ab
928 1122 1060 1160 Arabi-

411 1180 479 1218 bus
499 1192 610 1230 saepe
625 1179 848 1217 adhibeatur.
875 1177 970 1217 Add.
986 1179 1059 1217 Mi-

410 1235 523 1273 nutoli
540 1235 563 1272 l.
584 1235 608 1273 l.

465 1287 514 1331 τά
547 1306 588 1331 τε
617 1287 738 1340 ἄλλα,
767 1288 835 1330 καὶ
857 1290 1058 1341 φοινίκων

408 1344 506 1394 τούς
531 1346 692 1400 ἔρσενας
717 1362 754 1386 κ.
778 1362 811 1387 τ.
836 1349 886 1393 λ.]
928 1346 987 1385 Ad
1006 1344 1055 1386 τὰ

409 1400 509 1442 ἄλλα
549 1408 672 1442 mente
702 1404 960 1454 repetendum:
989 1407 1058 1443 θε-

409 1454 650 1510 ραπεύουσι,
686 1463 726 1496 ut
756 1471 800 1497 ea
838 1459 884 1496 sit
928 1459 1057 1497 Nostri

409 1516 608 1554 sententia:
637 1527 744 1563 „non
769 1514 882 1552 solum
910 1515 947 1552 in
973 1515 1056 1553 reli-

408 1572 489 1620 quis
512 1570 651 1622 palmas
670 1571 789 1608 colunt
808 1571 956 1608 ficorum
975 1584 1055 1608 mo-

406 1639 447 1664 re
468 1627 510 1674 (i.
532 1640 564 1665 e.
582 1640 626 1665 eo
645 1640 768 1674 more,
786 1639 858 1676 quo
877 1627 914 1664 in
933 1628 1052 1666 Grae-

407 1683 462 1720 cia
480 1683 537 1720 fici
559 1683 786 1731 colisolent),
800 1696 923 1721 verum
942 1684 1050 1722 etiam

405 1739 557 1776 fructum
581 1752 702 1776 earum
721 1739 940 1790 palmarum,
959 1752 1050 1788 quas

408 1793 540 1832 Graeci
559 1794 731 1832 masculas
742 1800 884 1842 vocant,
901 1796 1051 1833 circum-

404 1848 519 1898 ligant
538 1850 747 1898 glandiferis
768 1850 940 1902 palmis.“
996 1852 1050 1890 Ut

403 1906 499 1943 enim
523 1905 561 1943 in
593 1906 748 1944 Graecia
775 1908 927 1958 ψῆνες,
954 1921 1050 1957 quae

402 1961 441 1998 in
464 1961 548 1999 feris
587 1961 662 1999 ficis
695 1963 837 2010 vivunt,
876 1964 1049 2002 immitte-

401 2017 532 2054 bantur
551 2017 626 2055 ficis
645 2020 866 2067 mansuetis,
889 2033 961 2070 quo
973 2022 1049 2058 fru-

401 2076 476 2109 ctus
510 2077 814 2123 maturescerent,
850 2088 970 2125 neque
1009 2077 1047 2113 in

399 2131 532 2166 terram
565 2129 794 2178 deciderent,
832 2132 901 2168 hoc
935 2133 1046 2169 modo

398 2184 506 2221 etiam
538 2184 576 2221 in
611 2185 740 2235 palmis
779 2199 801 2223 a
834 2187 1044 2236 Babyloniis

397 2239 477 2276 fieri
506 2239 645 2278 Noster
663 2243 807 2290 scribit,
836 2256 945 2292 quum
964 2245 1044 2294 pal-

374 2308 533 2333 lmarum
565 2297 800 2337 mascularum
825 2300 977 2337 fructum
1006 2301 1041 2338 h.

396 2364 427 2389 e.
441 2351 623 2402 spadicem
642 2367 722 2391 cum
732 2357 821 2392 flore
831 2356 1040 2405 abscissum,

394 2408 522 2445 eodem
543 2421 615 2458 quo
636 2422 782 2458 grossos
812 2412 888 2449 ficis
914 2414 1039 2460 mod0‚

393 2462 542 2511 alligent
565 2465 709 2514 palmae
739 2468 936 2515 foeminae,
964 2481 1038 2518 quo

392 2518 520 2556 culices
540 2520 575 2557 in
600 2522 690 2560 flore
708 2524 863 2574 spadicis
889 2525 964 2561 nati
983 2527 1038 2563 fe-

391 2574 520 2613 mellae
536 2577 687 2615 fructum
710 2581 905 2618 subeuntes
917 2609 928 2627 ,
954 2594 1036 2619 cum

390 2633 580 2669 maturent.
636 2634 711 2672 Sed
739 2636 931 2674 Herodoto
968 2638 1036 2674 ad-

390 2691 551 2723 versatur
562 2688 598 2726 Τ
598 2689 835 2741 heophrastus
856 2692 892 2729 in
909 2692 1034 2731 histor.

388 2738 588 2788 plantarum
612 2745 666 2793 11,
695 2750 722 2789 9
762 2747 798 2799 ἓ.
826 2749 850 2790 5
889 2762 924 2798 p.
953 2750 1032 2791 115

389 2795 566 2845 scribens,
595 2802 702 2839 ssores
729 2805 825 2842 solos
855 2805 1033 2843 mascula-

388 2862 465 2889 rum
482 2853 679 2903 palmarum
701 2859 797 2900 idem
824 2860 967 2900 efficere
991 2862 1028 2900 in

1126 896 1312 944 femineis,
1342 897 1442 946 quod
1469 910 1490 935 a
1509 897 1677 936 culicibus
1701 897 1777 936 istis

1126 953 1276 990 ficorum
1306 954 1461 991 serarum
1492 954 1529 991 in
1570 954 1644 991 ficis
1672 967 1777 992 man-

1126 1009 1238 1047 suetis
1276 1010 1464 1047 esficiatur.
1540 1011 1654 1047 Cuius
1684 1011 1778 1048 iudi-

1127 1065 1220 1103 cium
1239 1066 1350 1103 secuti
1370 1066 1434 1103 viri
1455 1067 1675 1115 gravissimi,
1696 1066 1779 1104 Sal-

1125 1123 1259 1159 masius
1278 1122 1314 1158 in
1330 1122 1444 1159 Solini
1469 1122 1550 1160 hist.
1578 1134 1665 1173 pag.
1682 1123 1777 1171 938,

1125 1181 1175 1225 2,
1200 1177 1245 1216 A.
1263 1178 1295 1215 B
1325 1183 1361 1216 et
1387 1179 1558 1216 Bodaeus
1587 1190 1610 1216 a
1635 1178 1777 1229 Stapel,

1125 1235 1253 1273 doctus
1293 1234 1537 1285 Theophrasti
1582 1235 1776 1286 interpres,

1124 1290 1162 1328 in
1189 1291 1418 1329 Herodotum
1446 1291 1684 1339 invehuntur,
1713 1292 1776 1340 qui

1125 1348 1225 1396 quod
1251 1348 1288 1384 in
1311 1347 1578 1398 caprificatione
1605 1360 1690 1385 usus
1718 1349 1775 1385 in-

1123 1404 1354 1451 troduxerat,
1392 1404 1430 1440 id
1451 1403 1701 1454 imprudenter
1723 1404 1772 1441 ad

1121 1458 1262 1509 palmas
1282 1458 1514 1497 transtulerit.
1555 1459 1633 1496 Sed
1650 1459 1773 1497 Hero-

1122 1515 1231 1562 doto,
1270 1519 1308 1551 ut
1346 1515 1428 1553 testi
1476 1514 1642 1563 oculato,
1688 1514 1770 1565 plus

1119 1571 1348 1608 tribuendum
1383 1584 1465 1609 esse
1504 1583 1613 1620 quam
1645 1570 1771 1609 Theo-

1118 1625 1268 1676 phrasto
1302 1639 1346 1665 ex
1371 1627 1523 1664 aliorum
1561 1628 1770 1666 narratione

1116 1683 1311 1732 pendenti,
1339 1684 1519 1733 persuasit
1543 1682 1607 1720 Iul.
1631 1682 1768 1722 Ponte-

1117 1739 1207 1776 dera
1249 1740 1285 1775 in
1310 1739 1505 1788 Antholog.
1545 1752 1574 1776 s.
1611 1739 1658 1776 de
1684 1741 1766 1777 flor.

1116 1799 1233 1832 natur.
1265 1794 1418 1843 (Patav.
1453 1796 1588 1842 1720)
1618 1794 1671 1841 ll,
1699 1796 1768 1844 32,

1116 1851 1178 1887 ubi
1198 1850 1327 1901 palmis
1343 1851 1380 1888 in
1400 1852 1538 1889 oriente
1558 1851 1764 1899 fructiferis,

1115 1919 1163 1944 ne
1192 1906 1369 1957 palmulas
1399 1913 1484 1946 ante
1523 1906 1766 1946 maturitatem

1115 1962 1303 2011 amittant,
1323 1977 1389 2015 per
1408 1964 1474 2002 hos
1495 1964 1622 2001 culices
1644 1965 1766 2015 ε.ψῇ-

1114 2034 1188 2066 νας
1218 2021 1374 2057 succurri
1400 2024 1533 2057 narrat.
1580 2020 1682 2057 Idem
1709 2021 1765 2057 af-

1114 2075 1235 2112 firmat
1254 2076 1422 2113 Minutoli
1441 2076 1499 2113 l.l.
1519 2089 1556 2126 p.
1570 2078 1625 2117 87
1644 2088 1762 2125 seqq„

1114 2131 1177 2180 qui
1198 2131 1244 2168 de
1263 2132 1529 2182 caprificatione
1546 2131 1761 2182 palmarum,

1113 2187 1230 2236 qualis
1251 2200 1344 2225 nunc
1365 2187 1402 2224 in
1417 2188 1588 2238 Aegypto
1606 2187 1667 2234 fit,
1698 2200 1760 2225 ac-

1110 2248 1232 2281 curate
1252 2244 1428 2294 exposuit.
1461 2244 1525 2282 Cr.
1546 2256 1612 2280 nos
1633 2255 1759 2281 aman-

1109 2299 1174 2336 dat
1202 2300 1250 2336 ad
1283 2300 1505 2351 Geoponicc.
1535 2299 1584 2347 X,
1604 2299 1630 2340 5
1656 2300 1757 2347 (coll.

1108 2355 1156 2403 X,
1185 2355 1232 2404 4)
1258 2356 1344 2405 ibiq.
1383 2356 1518 2394 Niclas.
1547 2367 1634 2406 pag.
1672 2356 1755 2397 651

1105 2411 1234 2460 (cuius
1259 2413 1377 2449 verbis
1413 2413 1485 2450 iam
1519 2424 1630 2462 supra
1665 2425 1754 2450 usus

1104 2469 1203 2516 sum)
1235 2473 1271 2506 et
1291 2470 1339 2505 ad
1359 2468 1535 2506 Ammian.
1557 2467 1754 2506 Marcellin.

1103 2524 1248 2573 XXlV,
1273 2527 1299 2566 3
1331 2523 1367 2576 ἓ.
1397 2529 1448 2567 12
1472 2526 1558 2575 ibiq.
1590 2524 1754 2562 Linden-

1102 2580 1207 2630 brog.
1241 2585 1277 2619 et
1299 2581 1473 2631 Wagner.
1497 2595 1534 2632 p.
1555 2582 1620 2622 71.
1657 2579 1752 2617 Lar-

1100 2637 1228 2674 cherus
1254 2637 1322 2674 hac
1345 2638 1392 2675 de
1420 2651 1460 2675 re
1498 2637 1603 2674 Plinii
1630 2635 1749 2674 locum

1101 2694 1344 2744 adscripscrat
1369 2695 1405 2731 in
1425 2694 1521 2731 Hist.
1555 2692 1642 2730 Nat.
1666 2691 1748 2740 XV,

1103 2753 1155 2790 19
1185 2754 1221 2787 et
1255 2750 1489 2788 Tournefort.
1522 2750 1558 2786 in
1595 2748 1747 2797 Voyage

1099 2806 1151 2844 du
1176 2805 1340 2853 Levant,
1367 2805 1466 2844 Lett.
1487 2805 1568 2843 Vlll
1592 2817 1629 2854 p.
1648 2805 1743 2844 338·

1154 2864 1292 2915 ψῆνας
1309 2859 1383 2917 γάρ
1413 2859 1463 2914 δή
1484 2860 1673 2914 φορέουσι
1698 2857 1741 2897 ἐν
