1909 3228
427 191 512 232 294

838 181 1301 222 HERODOTI

402 295 664 352 2Ἀστυάγεα
693 293 951 348 ἐπιθυμέων.
984 288 1058 333 ἀπ’
1091 290 1258 333 ἑωυτοῦ
1286 288 1390 344 γάρ,
1425 289 1573 338 ἐόντος
1603 289 1680 330 ἰδι-
1693 294 1737 327 85

433 373 571 421 ω’τεω,
604 372 684 417 οὐκ
714 370 876 425 ἐνεώρα
904 370 1114 425 τιμωρίην
1144 367 1351 424 ἐσομένην
1371 367 1413 418 ἐς
1436 365 1679 422 Ἀστυάγεα·

432 453 591 508 Κῦρον
621 451 666 495 δὲ
705 449 844 505 ὁρέων
882 447 1246 503 ἐπιτρεφόμενον,

1295 446 1483 489 ἐποιέετο
1512 445 1684 502 σύμμα-

433 549 533 588 χον,
562 529 638 581 τὰς
664 528 812 578 πάθας
840 527 917 580 τὰς
946 527 1104 582 Κύρου
1134 528 1231 581 τῇσι
1260 524 1428 567 ἑωυτοῦ
1459 521 1686 579 ὁμοιούμε-

399 617 422 652 3
435 626 519 661 νος.

575 607 659 664 πρὸ
690 605 736 651 δ’
767 606 828 650 ἔτι
865 605 1026 651 τούτου
1056 604 1158 649 τάδε
1189 606 1231 646 οἱ
1261 603 1547 657 κατέργαστο·

1597 601 1688 647 ἐόν-

433 703 508 738 τος
534 690 614 730 τοῦ
636 684 891 742 Ἀστυάγεος
927 687 1088 739 πικροῦ
1119 683 1161 734 ἐς
1190 682 1294 733 τούς
1324 681 1533 740 Μήδους,
1577 692 1688 736 συμ-

433 767 599 822 μίσγων
637 764 701 809 ἑνὶ
737 764 900 823 ἑκάστῳ
941 763 964 809 ὁ
992 764 1214 819 ΓἈρπεαγος
1250 765 1339 804 τῶν
1369 759 1553 815 πρώτων
1592 759 1746 815 Μή-90

437 847 550 897 δων,
581 843 777 889 ἀνέπειθε
808 844 866 896 ὠς
895 844 973 900 χρὴ
1001 847 1151 897 Κῦρον
1178 839 1583 897 προστησαμένους,
1613 839 1692 882 τὸν

408 922 667 981 4Ἇστυάγεα
709 928 873 968 παῦσαι
911 927 988 980 τῆς
1026 924 1264 978 βασιληΐης.

1322 919 1691 974 κατειργασμένου

438 1003 484 1047 δέ
513 1005 557 1047 οἱ
584 1001 771 1057 τούτου,
801 1004 873 1046 καὶ
906 1000 1052 1052 ἐόντος
1082 1001 1280 1057 ἑτοίμου,
1309 996 1423 1041 οὕτω
1448 997 1499 1053 δη
1523 1002 1585 1056 τῷ
1609 998 1694 1041 Κύ-

444 1099 506 1142 ρῳ
538 1082 804 1138 διαιτωμένῳ
836 1082 882 1125 ἐν
914 1081 1108 1138 Πέρσῃσι
1140 1077 1408 1136 βουλόμενος
1439 1076 1461 1120 ὁ
1480 1077 1698 1133 Ἅρπαγος

440 1163 631 1217 δηλῶσαι
659 1161 740 1218 τὴν
769 1161 936 1205 ἑωυτοῦ
965 1158 1167 1216 γνώμην,

440 1238 548 1297 εἶχε,
580 1238 653 1284 ἅτε
681 1243 770 1284 τῶν
796 1237 913 1284 ὁδῶν
942 1237 1306 1295 φυλασσομένων·

441 1336 514 1364 ται
541 1318 727 1363 τοιόνδε.

1217 1158 1356 1208 ἄλλως
1386 1157 1464 1212 μὲν
1493 1154 1698 1212 οὐδαμῶς

1361 1235 1384 1280 ὁ
1416 1236 1461 1280 δὲ
1487 1235 1756 1291 ἐπιτεχνᾶ-96

786 1317 923 1374 λαγὸν
950 1316 1333 1376 μηχανησάμενος,
1363 1317 1436 1359 καὶ
1466 1313 1699 1371 ἀνασχίσας

443 1396 606 1441 τούτου
644 1397 724 1453 τὴν
756 1396 965 1453 γαστέρα,
1013 1396 1087 1439 καὶ
1124 1394 1254 1439 οὐδὲν
1292 1394 1518 1446 ἀποτίλας,
1568 1393 1624 1445 ὥς
1654 1393 1700 1438 δὲ

444 1593 587 1659 Κῦρον
620 1589 663 1631 δὲ
693 1588 815 1641 ὁρέων
845 1588 1036 1640 ἐπιτρε-

393 1644 643 1699 φόμενον]
675 1646 848 1684 Abresch.
871 1647 908 1682 in
934 1645 1039 1684 Dilu-

392 1705 487 1741 cidd.
503 1704 695 1752 Thucydd.
717 1717 753 1753 p.
777 1705 858 1744 209
879 1702 1040 1751 neposuit

392 1755 695 1811 ἐπιτρεπόμενον
724 1759 793 1806 (sc.
819 1755 891 1807 την
915 1753 1040 1805 αοχήν

393 1829 423 1853 s.
442 1816 668 1868 βασίλειαν,
689 1815 777 1861 utl,
798 1817 834 1854 7.
866 1814 920 1860 [1,
941 1814 1039 1857 121)

394 1875 434 1909 ut
462 1872 528 1909 sit:
567 1883 740 1919 „cernens
768 1869 956 1906 Persarum
986 1868 1042 1905 ille·

394 1927 565 1965 traditum
580 1927 797 1977 imperium.“
833 1927 901 1962 Cui
920 1930 1042 1962 tamen

394 1985 469 2022 iure
490 1996 566 2021 non
589 1983 782 2021 obsecutus
811 1986 867 2020 est
890 1981 1040 2019 wesse-

395 2040 550 2089 lfflgius,
578 2039 659 2090 ipse
689 2039 887 2076 accuratius
918 2037 1042 2086 vulga-

396 2101 471 2134 tam
489 2096 751 2146 interpretans:
780 2123 804 2142 „
817 2095 952 2142 Cyrum
968 2105 1045 2131 cer-

397 2164 489 2190 nens
514 2154 773 2197 increscentem,
807 2150 1043 2198 adaugescere-

399 2209 503 2246 tem.“
542 2207 664 2257 Atque
691 2205 989 2255 wyttenbachius
1009 2205 1046 2241 in

399 2264 546 2302 Selectt.
566 2264 650 2301 hist.
673 2275 759 2313 pag.
780 2263 863 2304 353
880 2263 948 2299 hoc
967 2273 1047 2298 ver-

399 2321 485 2357 bum
510 2319 739 2358 referendum
769 2318 891 2355 docuit
916 2318 963 2354 ad
983 2329 1047 2354 an-

401 2377 573 2414 tecedens
600 2387 734 2412 nomen
764 2373 976 2439 τιμωρίην,
1006 2384 1049 2409 ex

403 2445 475 2482 quo
496 2431 785 2469 subaudiendum
798 2425 991 2481 τιμωρόν,
1011 2431 1051 2464 ut

403 2488 486 2525 talis
500 2488 586 2525 inde
609 2492 798 2525 enascatur
819 2486 887 2523 loci
904 2489 1050 2523 senten-

405 2545 475 2581 tia:
521 2541 657 2591 „Nam
686 2544 778 2592 ipse,
807 2546 847 2579 ut
872 2543 1049 2591 Ρνιυαίιιε,

405 2612 471 2636 non
501 2600 570 2637 sibi
595 2598 782 2637 videbatur
810 2601 842 2636 is
871 2610 961 2645 esse,
992 2597 1054 2646 qui

406 2654 599 2693 vindictam
636 2655 680 2691 ab
722 2655 879 2706 Astyage
917 2655 1055 2701 exigere

403 2715 533 2760 posset:
563 2715 603 2749 at
628 2710 756 2760 Cyrum
771 2712 891 2748 videus
911 2720 1055 2747 crescere

409 2767 446 2804 in
470 2779 560 2817 spem
578 2767 753 2805 vindictae
789 2767 887 2816 (sibi
912 2777 1056 2804 crescere

1106 1593 1137 1626 et
1167 1589 1221 1625 ali
1251 1588 1472 1637 vinclicem),·
1513 1587 1603 1626 lumc
1630 1591 1760 1626 socium

1107 1646 1175 1682 sibi
1204 1645 1412 1682 αιΙιίιη.ι-ί.’.“

1164 1699 1242 1752 πρό
1271 1697 1308 1740 δ’
1340 1700 1393 1739 ἔτι
1421 1697 1563 1740 τούτου
1594 1716 1628 1740 κ.
1648 1716 1682 1739 τ.
1707 1701 1758 1752 λ.]

1108 1757 1207 1795 Male
1232 1757 1380 1805 quidam
1403 1753 1510 1808 πρός.
1569 1758 1638 1794 Est
1666 1759 1762 1795 enim

1109 1813 1198 1850 haee
1226 1814 1406 1850 Herodoti
1448 1815 1626 1851 sententia
1639 1843 1649 1861 ‚
1692 1815 1764 1852 iam

1108 1874 1217 1906 autea
1246 1869 1288 1916 (i.
1301 1883 1331 1906 e.
1353 1870 1422 1906 iam
1437 1874 1521 1908 ante
1533 1871 1601 1908 hoc
1618 1875 1764 1921 pactum

1109 1938 1189 1962 cum
1208 1925 1307 1973 Cyro
1326 1926 1415 1963 haec
1432 1927 1693 1974 (defectionem
1713 1940 1762 1964 sc.

1111 1982 1155 2018 ab
1169 1980 1332 2030 Astyage
1354 1988 1390 2019 et
1410 1983 1605 2020 vindictam
1626 1983 1672 2022 de
1693 1984 1764 2021 isto

1111 2038 1348 2086 sumendam)
1388 2040 1434 2076 ab
1472 2039 1650 2089 Harpago
1684 2053 1767 2077 esse

1112 2096 1329 2144 praeparata
1344 2108 1387 2131 eo
1404 2094 1569 2131 nimirum
1588 2100 1765 2145 tempore,

1113 2163 1184 2198 quo
1197 2177 1207 2195 ‚
1236 2162 1315 2185 cum
1330 2149 1513 2198 Astyages
1537 2152 1688 2188 acerbus
1705 2165 1764 2188 es-

1113 2208 1170 2242 set
1188 2205 1224 2240 iu
1245 2204 1397 2251 Medos,
1427 2219 1505 2242 cum
1523 2219 1594 2243 uno
1616 2208 1765 2244 istorum

1113 2260 1275 2311 principe
1305 2261 1454 2298 consilia
1490 2263 1691 2311 agitaverat
1719 2265 1766 2301 de

1115 2317 1280 2365 Astyage
1301 2317 1514 2355 deficiendo.
1528 2339 1584 2346 —
1602 2319 1643 2356 ln
1660 2333 1764 2369 seqq.

1117 2372 1324 2421 sc1ipsimus
1387 2388 1465 2411 κατ
1482 2389 1497 2412 ε
1509 2390 1522 2412 ι
1535 2390 1555 2426 ρ
1568 2374 1767 2426 γασμένου

1117 2442 1196 2465 cum
1231 2429 1346 2466 Gaiss.
1397 2430 1494 2467 vani
1469 2444 1517 2480 go
1546 2446 1768 2485 κατεργα-

1119 2484 1278 2536 σμένον.

1174 2556 1238 2579 και
1262 2537 1379 2580 ου’δὲν
1401 2538 1671 2590 οἷποτίλας]
1693 2543 1771 2581 Lo-

1121 2610 1199 2634 cum
1231 2610 1252 2634 a
1270 2598 1426 2636 virorum
1450 2601 1637 2637 doctorum
1661 2613 1770 2638 cona-

1122 2654 1276 2690 minibus
1316 2656 1431 2704 probu
1473 2657 1770 2706 interpretatione

1121 2709 1313 2747 vindicaxit
1336 2711 1619 2760 wesselingius‚
1645 2713 1771 2759 „Har-

1123 2778 1240 2815 pagus
1263 2766 1396 2817 leporis
1419 2768 1611 2806 artificiose
1631 2768 1770 2806 tractati

1768 1171 1822 1210 62
