1909 3228
445 250 530 291 612
828 246 867 286 Η
893 246 928 285 Ε
957 245 995 286 R
1022 247 1059 286 O
1085 245 1122 286 D
1152 246 1189 287 O
1218 246 1256 286 Τ
1283 247 1301 286 1

324 357 391 404 54
560 355 844 412 Χρηστηρίων
873 354 919 398 δὲ
948 354 1068 408 πέρι,
1116 357 1198 398 τοῦ
1234 370 1280 398 τε
1316 353 1363 398 ἐν
1389 354 1589 412 “Ελλησι,
1624 356 1698 400 καὶ

119 423 397 492 ῗπῗὲἷιῗῗοῗιῗῗοῃῗὶηῗ
452 436 533 478 τοῦ
573 435 620 477 ἐν
657 431 825 489 Λιβύῃ,
882 431 1009 476 τόνδε
1057 432 1288 488 Αἰγύπτιοι
1333 433 1465 490 λόγον
1511 434 1754 491 urowa&

120 491 200 519 lovis
262 491 397 516 oracuio-
461 513 480 530 ,1
684 513 696 526 ,,
729 512 741 526 ,.
780 511 788 525 ,
926 514 944 522 .,
1117 511 1126 526 ,
1280 512 1289 526 =
1423 511 1434 525 ι
1603 518 1620 526 ...

119 532 211 557 rum,
245 521 397 562 Dodonaei
425 520 625 567 Ξεφασαν
653 528 695 554 οι
725 527 835 565 ιρεες
863 527 943 554 του
967 514 1177 567 Θηβαιέος
1205 517 1315 563 Διος
1342 514 1460 565 »δυο
1488 529 1698 567 γυναικας

254 565 269 581 0
294 558 299 563 '
319 577 328 589 ‚

121 559 397 652 {ifftg‘l'ssggffiffd‘ffi‘
450 593 628 647 ,,ῖρη“ί“ας
657 589 704 633 ἐκ
742 588 922 645 Θηβέων
960 590 1191 647 ἐξαχθῆναι
1231 591 1316 635 ὑπό
1351 592 1589 635 Φοινίκων·
1626 593 1700 635 καὶ

449 669 563 724 ,,τὴν
591 668 670 724 μὲν
710 666 877 711 αὐτέων
914 668 1137 713 πυθέσθαι
1176 671 1219 721 ές
1246 670 1418 727 Λιβύην
1446 673 1701 725 πρηθεῖσαν,

451 746 564 802 ,,την
593 747 639 790 δὲ
668 747 710 798 ἐς
738 746 844 798 τούς
860 748 1090 804 ’Έλληνας
1130 748 1290 801 ταύτας
1319 749 1365 792 δὲ
1393 749 1469 800 τὰς
1495 752 1702 804 γυναῖκας

451 824 600 879 »εἶναι
630 824 702 877 τοὶς
739 827 1031 882 ἱδρυσαμένας
1059 825 1112 870 τὰ
1130 827 1315 884 μαντήϊα
1329 827 1504 883 πρώτας
1522 826 1570 870 ἐν
1588 831 1703 869 τοῖσι

423 905 752 962 3,,εἷρημένοισι
788 904 971 948 ἔθνεσι.“
1027 906 1274 962 Εἰρομένου
1313 908 1358 951 δέ
1396 924 1498 963 μευ,
1539 904 1759 949 ὁκόθεν40

454 984 568 1029 οὕτω
595 981 805 1038 ἀτρεκέως
840 983 1112 1039 ἐπιστάμενοι
1145 986 1340 1041 λέγουσι,
1388 987 1556 1042 ἔφασαν
1592 983 1703 1039 πρὸς

453 1067 611 1115 ταῦτα,
639 1095 663 1115 ,,
676 1061 846 1119 ζήτησιν
875 1063 1064 1120 μεγάλην
1095 1064 1181 1108 ἀπὸ
1210 1064 1357 1120 σφέων
1384 1065 1586 1121 γενέσθαι
1613 1067 1703 1107 τῶν

452 1144 705 1199 ,,γυναικῶν
740 1140 951 1184 τουτέων·
1010 1143 1085 1186 καὶ
1126 1141 1324 1198 ἀνευρεῖν
1359 1144 1438 1199 μέν
1477 1155 1610 1200 σφεας
1648 1141 1702 1186 οὐ

451 1220 668 1274 υδυνατοὶ
702 1220 924 1276 γενέσθαι·
981 1222 1204 1266 πυθέσθαι
1241 1223 1287 1266 δὲ
1340 1222 1525 1278 ὕστερον
1569 1224 1706 1265 ταῦτα

326 1311 392 1359 55
449 1300 584 1354 „nx-:92
615 1298 781 1343 αὐτέων
808 1298 942 1354 τάπερ
984 1300 1037 1357 δή
1079 1301 1261 1358 ἔλεγον.“
1324 1306 1470 1345 Ταῦτα
1509 1300 1587 1357 μέν
1623 1302 1762 1344 νυν45

453 1382 543 1422 τῶν
571 1378 618 1422 ἐν
650 1377 818 1436 Θήβῃσι
847 1379 976 1435 ἱρέων
1003 1379 1193 1438 ἤκουον’
1224 1381 1326 1426 τάδε
1356 1381 1402 1426 δὲ
1429 1380 1709 1425 Δωδωναίων

607 1596 669 1635 Ca
681 1610 718 1648 p.
745 1595 840 1635 LIV.

457 1648 530 1692 δύο
549 1657 739 1706 γυναῖκας
762 1653 891 1704 ἱρηΐας
913 1652 954 1693 ἐκ
968 1654 1046 1703 Θη·

402 1706 506 1760 βέων
534 1707 771 1760 ἐξαχθῆναι]
804 1710 888 1747 Noli
915 1710 1047 1747 intelli-

401 1778 488 1814 gere
505 1765 694 1802 sacerdotes
713 1765 887 1815 feminas,
917 1766 1046 1815 quales

400 1822 438 1858 in
465 1820 637 1871 Aegypto
664 1834 738 1857 non
768 1822 879 1859 fuisse
908 1822 1047 1858 monui-

400 1889 481 1914 mus
509 1878 557 1913 ad
583 1877 634 1923 Π,
655 1877 731 1923 35,
763 1878 829 1914 sed
851 1891 970 1914 sacras
993 1879 1049 1915 fe·-

400 1934 529 1980 minas‚
545 1933 1048 1982 sacerdotumqueministras,

403 1987 667 2040 ἱεροδούλους,
677 1993 716 2025 ut
728 1991 837 2039 vulgo
851 1990 1047 2040 appellant.

401 2044 486 2095 Ipsa
507 2046 685 2083 Herodoti
703 2047 813 2083 verba
833 2047 861 2082 ΙΙ
875 2075 885 2092 ,
906 2048 959 2088 56
980 2047 1050 2083 hoc

401 2101 562 2138 indicare
593 2102 778 2139 videntur:
827 2098 958 2154 ὥσπερ
995 2097 1049 2153 ἦν

403 2154 534 2204 οἶκός,
584 2152 1049 2207 ἀμφιπολεύουσαν

404 2213 455 2252 ἐν
499 2208 697 2268 Θήβῃσι
743 2212 855 2267 ἱρόν
901 2212 1048 2261 Διός,

405 2266 506 2309 ἔνθα
534 2266 691 2309 οἷπίκετο
721 2286 756 2309 κ.
775 2286 807 2309 τ.
827 2274 859 2309 λ.
916 2270 1050 2320 Neque

403 2330 524 2364 tamen
535 2327 619 2363 inde
630 2328 803 2376 sequitur,
818 2328 1050 2364 scribendum

405 2382 474 2420 hoc
501 2382 579 2419 loco
606 2396 688 2420 esse
709 2380 796 2434 ἱράς
817 2384 878 2431 (ut
898 2384 942 2430 ΙΙ,
963 2383 1050 2431 56),

406 2450 500 2488 quae
518 2437 763 2476 Valckenaerii
784 2445 839 2477 est
863 2441 1050 2477 sententia.

407 2513 464 2522 -—·
491 2494 532 2530 In
560 2507 661 2544 seqq.
690 2496 800 2533 verba
826 2495 865 2542 ἐς
892 2491 1052 2546 Λιβύην

407 2553 653 2601 πρηθεῖσαν,
706 2565 801 2601 quae
839 2552 945 2601 vulgo
974 2565 1052 2588 ver-

406 2610 508 2643 tunt:
545 2608 619 2652 „in
645 2606 800 2657 Lybz'am
828 2608 1052 2654 venditam“,

407 2663 605 2700 accuratius
650 2677 732 2701 cum
776 2664 959 2702 Larchero
1005 2665 1055 2701 sic

408 2719 559 2754 reddes:
593 2718 710 2768 fuisse
726 2720 922 2767 venditam,
950 2723 990 2757 ut
1017 2722 1056 2757 in

410 2771 561 2821 Lybiam
579 2775 814 2813 abduceretur.
846 2777 952 2813 Cous.
971 2788 1055 2813 mox

409 2840 488 2877 cap.
511 2829 580 2868 56:
610 2829 676 2869 καὶ
703 2829 776 2882 τήν
805 2829 876 2882 μὲν
906 2827 1055 2870 αὐτέων

410 2881 458 2929 ἐς
487 2880 711 2935 Λιβύην,
739 2884 813 2938 τήν
839 2886 882 2926 δὲ
907 2887 956 2935 ἐς
979 2885 1055 2939 τήν

1110 1593 1276 1638 Ἑλλάδα
1308 1594 1547 1648 ἅπέδοντο,
1578 1602 1634 1637 et:
1664 1613 1763 1650 πρη-

1113 1658 1243 1705 θῆναι
1281 1654 1320 1701 ἕς
1351 1650 1619 1707 Θεσπρωτούς.
1679 1656 1763 1692 Alia

1114 1712 1253 1749 dabunt
1272 1712 1484 1760 interpretes
1503 1713 1550 1748 ad
1571 1711 1616 1757 11,
1632 1712 1766 1752 55.—

1112 1766 1172 1804 Ad
1191 1768 1300 1804 verba
1319 1762 1408 1805 ἅπὸ
1428 1765 1562 1817 σφέων
1577 1766 1765 1818 γενέσθαι

1114 1825 1208 1860 conf.
1227 1822 1359 1859 Matth.
1382 1823 1446 1860 Gr.
1461 1824 1524 1859 Gr.
1546 1836 1631 1873 pag.
1656 1824 1765 1865 1130

1114 1879 1162 1916 ob
1182 1892 1285 1916 usum
1302 1880 1578 1929 praepositionis
1595 1875 1687 1919 οἷπό.

1331 1964 1363 2000 C
1375 1976 1442 2014 ap.
1471 1963 1549 2001 LV.

1174 2047 1296 2085 ταῦτα
1328 2045 1399 2097 μέν
1427 2062 1502 2085 νυν
1539 2046 1580 2086 ἒν
1608 2046 1765 2103 Θήβῃσι

1117 2101 1234 2156 ἷρέων
1255 2100 1420 2153 ἤκουον]
1450 2104 1552 2141 Facit
1567 2105 1647 2151 huc,
1666 2105 1766 2153 quod

1117 2172 1225 2209 supra
1246 2160 1314 2196 iam
1336 2159 1406 2206 (ll,
1430 2159 1511 2206 52)
1540 2161 1698 2197 omnium
1727 2161 1765 2197 in

1117 2216 1271 2253 Graecia
1305 2215 1526 2252 oraculorum
1556 2217 1764 2265 antiquissi-

1116 2284 1214 2309 mum
1245 2271 1384 2308 dixerat
1412 2271 1674 2319 Dodonaeum,
1716 2273 1765 2310 de

1118 2329 1217 2365 cuius
1230 2328 1366 2375 origine
1379 2327 1447 2363 hoc
1468 2329 1585 2377 capite
1603 2332 1640 2366 et
1660 2341 1763 2377 seqq.

1120 2384 1194 2430 (11,
1229 2384 1413 2424 55—58
1441 2383 1539 2432 inci.)
1565 2385 1766 2422 disseritur.

1117 2440 1221 2477 Haec
1254 2440 1347 2476 enim
1377 2440 1478 2488 regio
1518 2440 1766 2490 antiquissMa

1121 2495 1297 2533 Graeciae
1327 2496 1456 2543 sedes,
1485 2498 1584 2534 unde
1613 2502 1648 2534 et
1673 2508 1767 2546 gen-

1119 2556 1174 2589 tes
1191 2556 1227 2589 et
1246 2551 1438 2599 religiones
1461 2565 1528 2602 per
1547 2565 1691 2590 omnem
1709 2565 1767 2591 re-

1119 2608 1254 2658 liquam
1298 2608 1489 2646 Graeciam
1540 2613 1767 2659 propagatae

1122 2668 1224 2711 sunt,
1256 2668 1292 2701 et
1317 2664 1418 2714 ipsae
1448 2677 1490 2702 ex
1510 2663 1679 2715 Aegypto
1698 2665 1767 2702 huc

1121 2721 1314 2767 advectae,
1341 2725 1378 2757 ut
1399 2726 1542 2771 praeter
1558 2722 1767 2759 testimonia

1121 2782 1267 2815 externa
1302 2789 1396 2826 quae
1432 2777 1615 2825 dicuntur,
1654 2777 1766 2814 multa

1120 2833 1189 2870 alia
1210 2832 1367 2882 probant
1383 2833 1553 2870 interiora
1565 2861 1576 2880 ‚
1595 2846 1688 2882 quae
1705 2845 1765 2869 sa-

1119 2901 1216 2927 cram
1238 2888 1420 2926 Dodonae
1453 2889 1652 2927 doctrinam
1683 2899 1764 2925 cum
