1909 3228
436 179 519 218 846
830 179 1294 219 HERODOTl

407 286 590 342 8μὲνων.
620 285 791 341 ἐποίησε
821 287 903 342 γὰρ
922 287 1122 343 ’Ἄρτεμιν
1152 287 1264 332 εἶναι
1293 290 1511 345 θυγατέρα
1541 293 1693 350 Δήμη-
1713 302 1753 335 11

435 383 549 418 τρος.
606 367 685 420 τήν
727 366 772 408 δὲ
809 370 947 422 νῆσον
986 366 1058 409 διὰ
1096 371 1226 411 τοῦτο
1265 369 1469 423 γενέσθαι
1510 371 1696 428 πλωτήν.

436 449 572 488 ταῦτα
598 444 677 498 μὲν
708 443 823 487 οὕτω
853 446 1040 500 λέγουσι.

278 532 378 579 15γ
556 525 824 578 Ψαμμίτιχος
864 525 909 567 δὲ
956 526 1203 581 ἐβασίλευσε
1254 527 1481 582 Αἰγύπτου
1519 527 1697 581 τέσσερα

101 599 304 630 Ρειειπιπιῑῐῐοὶιί
331 608 378 626 rn-

102 634 377 697 {?¹¹1÷¹÷¹1“'.‘.¹1¹¹¹¹ffl‘÷'3

102 706 212 731 Azouis
240 701 308 728 urbs
326 710 379 727 au-

102 746 156 766 nos
175 736 379 767 xuxobsessa,

103 776 132 798 et
151 775 249 805 capta.

436 603 508 646 καὶ
539 600 806 657 πεντήκοντα
838 603 951 646 ἔτεα·
986 609 1073 647 τῶν
1101 605 1152 648 τὰ
1184 604 1280 656 ἑνός
1311 605 1464 649 δέοντα
1494 606 1695 662 τριήκον-

436 698 511 733 τα,
542 679 755 733 ’Ἀζωτον,
794 686 870 738 τῆς
900 686 1067 738 Συρίης
1095 683 1284 741 μεγάλην
1313 683 1464 737 πόλιν,
1508 699 1697 738 προσκα-
1711 694 1753 727 15

1482 765 1533 778 ΓΙΙ

478 759 487 773 ,
655 759 666 775 ,
783 760 793 773 ι
963 761 973 776 ‚
1035 762 1054 775 n
1089 763 1099 777 ⁷
1151 769 1164 775 ,
1290 765 1310 778 μ,
1422 765 1432 778 .

407 768 620 817 Ξτημενος
651 765 920 814 επολιορκεε,
957 779 998 813 ες
1029 782 1051 806 υ
1083 765 1220 815 agatae.
1255 782 1362 822 αυτη
1394 767 1437 808 δε
1468 783 1493 822 η
1528 770 1697 818 Αζωτος

434 966 509 1020 τήν
533 966 575 1009 δὲ
593 971 721 1020 νῆσον
741 966 807 1008 διὰ
837 971 952 1009 τοῦτο
972 984 1031 1021 γε-

379 1025 526 1066 νέσθαι
547 1021 736 1076 πλωτήν]
774 1026 878 1063 Haec
907 1028 1030 1073 verba,

381 1096 476 1133 quae
507 1084 683 1120 immerito
710 1082 924 1132 displicuere
948 1083 1030 1119 viris

379 1141 498 1177 doctis
512 1140 743 1189 quibusdam,
762 1143 931 1189 repetunt
948 1153 1032 1176 seu-

377 1197 528 1234 tentiam
546 1195 794 1246 principalem,
820 1209 899 1232 cum
921 1196 1031 1232 multa

377 1253 450 1290 alia
486 1253 702 1302 interposita
740 1256 861 1289 essent
880 1280 890 1299 ,
939 1265 1033 1300 quae

379 1309 568 1346 occasione
589 1309 698 1345 hacce
713 1309 854 1354 oblata,
886 1309 932 1344 ad
956 1321 1032 1345 me-

377 1365 507 1403 liorem
560 1364 704 1402 fabulae
758 1365 1031 1413 intelligentiam

376 1423 578 1472 praeterire
598 1421 711 1457 noluit
729 1425 832 1470 pater
850 1421 1030 1458 historiae.

380 1478 507 1521 Quare
520 1477 735 1514 Schaeserus
751 1477 869 1514 verbis
887 1475 928 1514 ἐκ
942 1472 1029 1514 τού-

374 1548 446 1573 του
471 1531 513 1572 ὃὲ
530 1554 585 1560 —
604 1529 817 1583 Δήμητρος
834 1533 1029 1582 parenthe-

378 1603 461 1627 seos
490 1590 595 1637 signa
624 1589 813 1638 apposuit,
845 1602 939 1637 quae
971 1602 1031 1625 ea-

377 1647 463 1683 dem
486 1645 688 1693 Schweigh.
708 1650 743 1681 et
761 1645 876 1680 Gaisf.
895 1659 1030 1693 posue-

376 1706 464 1738 runt
502 1705 590 1738 ante
628 1702 760 1737 verba:
804 1696 1032 1738 Ἀπόλλωνα

378 1756 422 1796 δὲ
448 1773 483 1795 κ.
501 1772 532 1795 τ.
549 1759 580 1794 λ.
654 1756 773 1793 Nobis
807 1761 929 1793 tamen
964 1757 1032 1792 isto

376 1814 491 1851 fulcro
530 1825 653 1850 carere
683 1825 794 1862 posse
843 1813 1034 1850 videbatur

378 1870 497 1908 oratio
530 1869 757 1906 Herodotea.

558 1952 668 2004 Cap.
699 1952 845 1991 (ΠΝ-Π.

439 2036 685 2088 Ψαμμίτιχος
705 2059 761 2064 ——
780 2036 946 2086 τέσσαρα
966 2035 1032 2075 καὶ

375 2090 650 2144 πεντήκοντα]
693 2094 876 2142 Regnavit
905 2095 1032 2130 Psam-

376 2151 540 2188 initichus
561 2150 606 2186 ab
628 2162 724 2186 anno
741 2153 819 2191 671
845 2164 876 2187 a.
892 2151 978 2187 Chr.
995 2164 1030 2188 n.

376 2220 494 2256 usque
516 2208 562 2243 ad
584 2219 718 2243 annum
741 2209 821 2247 617
840 2220 870 2243 a.
891 2207 976 2242 Chr.
993 2220 1028 2243 n.

378 2263 523 2301 inclusis
551 2263 655 2299 simul
682 2264 886 2312 quindecim
914 2264 1030 2300 dode-

379 2320 542 2357 carchiae
562 2320 677 2356 annis.
737 2319 791 2355 lta
812 2318 1029 2367 Larcherus,

379 2390 451 2424 quo
464 2389 549 2412 usus
573 2389 650 2412 sum
672 2376 719 2411 ad
738 2376 764 2422 Ι,
781 2376 869 2416 105.
891 2376 907 2400 Ὗ
925 2376 1028 2412 iden-

378 2438 437 2468 tur
467 2436 587 2469 autem
617 2436 653 2469 et
683 2432 954 2469 Psammitichus
993 2436 1029 2469 et

382 2489 443 2536 qui
471 2489 589 2538 ipsum
616 2488 726 2525 secuti
757 2492 841 2524 suut
869 2488 1028 2537 Aegypti

379 2558 483 2593 reges
507 2574 517 2591 ‚
563 2545 852 2594 expeditionibus
892 2545 1025 2581 bellicis

380 2601 416 2635 id
443 2601 635 2650 praecipue
657 2605 862 2650 spectasse,
893 2605 932 2637 ut
959 2601 1030 2650 Sy-

378 2657 468 2692 riam
488 2657 816 2705 l'hoeniciamque‚
843 2670 937 2705 quae
958 2660 1030 2694 ter-

379 2724 441 2748 rae
491 2714 589 2749 suere
645 2712 937 2762 opulentissimae
995 2717 1032 2750 et

382 2767 538 2804 omnium
561 2781 676 2805 rerum
696 2770 802 2819 copia
825 2771 1031 2816 affluentes,

379 2824 505 2860 ditioni
527 2837 612 2861 suae
631 2826 880 2874 adiungerent.
912 2826 1033 2874 Atque

1100 970 1279 1019 Azotum,
1309 973 1346 1008 in
1367 972 1529 1021 confiniis
1550 973 1624 1010 fere
1646 972 1751 1009 sitam

1100 1029 1248 1075 urbem,
1284 1041 1349 1078 per
1371 1029 1615 1077 undetriginta
1637 1041 1751 1065 annos

1100 1085 1289 1122 obsedisse
1318 1086 1433 1122 fertur
1459 1085 1752 1131 Psammitichus3

1100 1142 1199 1189 quod
1228 1154 1314 1178 cave
1346 1142 1391 1179 de
1425 1142 1595 1178 continua
1627 1142 1752 1178 obses-

1100 1198 1202 1234 sione
1222 1198 1424 1246 intelligas,
1455 1211 1533 1235 cum
1550 1199 1596 1235 de
1615 1198 1751 1235 iteratis

1100 1254 1389 1303 expeditionibus
1429 1255 1465 1290 in
1494 1248 1618 1291 urbem
1650 1255 1751 1291 sactis

1100 1311 1169 1347 hoc
1198 1311 1245 1346 sit
1269 1310 1554 1359 intelligendum.
1614 1311 1749 1347 Videas

1099 1367 1257 1403 Heeren.
1282 1367 1392 1404 ldeen
1412 1367 1465 1412 ll,
1487 1370 1513 1407 2
1532 1366 1658 1417 p.40l
1673 1380 1750 1415 seq.

1099 1422 1177 1459 coll.
1198 1422 1400 1459 Schlosser.
1433 1423 1748 1471 Universalgesch.

1098 1479 1137 1525 I,
1170 1481 1190 1518 1
1223 1491 1307 1527 pag·
1328 1482 1408 1519 200
1439 1483 1512 1514 not.
1570 1478 1751 1527 Loquitur

1099 1535 1145 1571 de
1175 1535 1331 1582 quadam
1365 1534 1606 1571 Psammitichi
1641 1547 1750 1585 expe·
1777 1556 1783 1561 ·

1100 1590 1235 1627 ditione
1254 1591 1289 1626 in
1309 1591 1450 1639 Syriam
1473 1591 1623 1627 Diodor.
1637 1591 1664 1637 l,
1682 1595 1749 1638 67,

1100 1647 1160 1682 ubi
1191 1647 1258 1682 hoc
1279 1647 1451 1684 accidisse
1475 1648 1617 1692 scribit,
1650 1648 1749 1695 quod

1100 1702 1312 1737 Herodotus
1341 1707 1464 1738 narrat
1498 1702 1550 1748 ll,
1569 1704 1634 1742 30.
1692 1704 1750 1741 De

1100 1757 1345 1793 Psammitichi
1365 1757 1438 1793 filio
1459 1770 1501 1795 ac
1527 1771 1750 1806 successore,

1102 1814 1162 1862 qui
1190 1814 1237 1849 ad
1267 1813 1494 1863 Euphratem
1525 1827 1638 1863 usque
1663 1829 1751 1865 pro-

1101 1883 1268 1918 gressus,
1298 1869 1437 1907 cladem
1467 1869 1548 1908 tulit
1578 1884 1599 1907 a
1620 1871 1750 1909 Nabu-

1101 1927 1352 1963 chodonosore
1373 1954 1385 1972 ,
1442 1927 1537 1964 canit
1581 1928 1749 1965 Ieremias

1101 1982 1233 2019 XLVI.
1252 1982 1310 2019 De
1326 1983 1472 2031 reliquis
1493 1984 1627 2020 consul.
1637 1985 1749 2022 Beck.

1100 2038 1322 2087 W'eltgesch.
1341 2038 1356 2074 l
1377 2053 1413 2088 p.
1433 2042 1527 2080 726.
1602 2088 1605 2090 -

1143 2092 1339 2143 ’'A‘goerov]
1377 2095 1465 2132 Erat
1486 2108 1556 2131 una
1576 2096 1622 2133 de
1643 2097 1747 2145 quin-

1098 2164 1171 2200 que
1196 2151 1468 2188 philistaeorum
1493 2152 1659 2199 urbibus,
1699 2154 1746 2190 ad

1097 2220 1196 2245 mare
1226 2207 1524 2245 mediterraneum
1554 2209 1622 2245 sita
1653 2209 1747 2246 intra

1096 2263 1311 2301 Ascalonem
1330 2268 1366 2299 et
1387 2263 1659 2312 Ptolemaidem,
1683 2266 1747 2302 be-

1096 2333 1216 2369 neque
1253 2320 1410 2366 munita,
1448 2326 1486 2357 ut
1528 2325 1661 2358 terram
1698 2323 1744 2358 ab

1094 2375 1355 2426 Aegyptiorum
1388 2377 1650 2415 incursionibus
1687 2383 1746 2415 tu-

1095 2436 1171 2469 tam
1191 2436 1405 2482 praestaret.
1456 2433 1495 2469 In
1517 2434 1626 2471 sacris
1645 2434 1744 2471 libris

1091 2494 1238 2526 vocatur
1257 2492 1385 2542 Ἣήῑιξκ-
1399 2489 1608 2535 (ΑεεΙιᾱοᾱ).
1639 2491 1746 2528 Nunc

1093 2545 1172 2582 loco
1207 2558 1338 2582 nomen
1376 2545 1504 2582 Esclml
1538 2560 1565 2583 s.
1591 2546 1743 2583 Atzdud.

1095 2601 1204 2638 Plura
1231 2601 1411 2639 Mannert.
1445 2603 1582 2651 Geogr.
1612 2604 1647 2640 d.
1678 2604 1742 2640 Gr.

1096 2671 1129 2694 u.
1151 2658 1257 2694 Ram.
1280 2657 1352 2705 VI,
1376 2661 1393 2697 1
1431 2672 1515 2709 pag.
1537 2662 1628 2700 261.
1667 2659 1744 2696 Ro-

1098 2714 1299 2751 senmiiller.
1321 2714 1405 2751 bibl.
1424 2715 1679 2753 Alterthumsk.
1699 2716 1743 2762 ΙΙ,

1098 2774 1125 2811 2
1144 2784 1228 2821 pag.
1247 2771 1496 2812 374—377.

1155 2826 1193 2873 ἐς
1213 2824 1233 2865 ὃ
1249 2825 1380 2877 ἐξεῖλε]
1411 2827 1646 2865 Restituimus
1668 2824 1704 2872 ἔς
1723 2823 1743 2865 ὃ
