1909 3228
671 205 972 246 CL10.1.

1367 209 1448 250 391

193 333 268 375 χος
295 314 562 373 πεντήκοντα
599 316 678 373 μὲν
717 317 886 374 πηχέων
923 318 1160 374 βασιληΐων
1197 315 1273 361 ἐὸν
1301 316 1350 360 τό
1383 312 1508 361 εὖ-85

166 405 296 450 σρος,
336 395 451 448 ὕψος
482 396 549 447 δὲ,
590 398 822 453 διηκοσίων
857 397 1038 454 πηχέων.
1097 394 1121 441 ὁ
1153 395 1198 440 δὲ
1226 394 1452 452 βασιλήϊος

192 480 334 533 πῆχυς
360 479 442 519 τοῦ
471 477 649 530 μετρίου
687 476 772 519 ἐστὶ
802 474 959 532 πήχεος
986 475 1125 532 μέζων
1151 474 1265 531 τρισὶ
1295 473 1451 519 δακτύ-

75 558 172 604 179
194 560 321 600 λοισι.
379 559 460 598 Δεῖ-
487 553 540 611 δή
569 572 621 611 με
643 554 752 610 πρὸς
779 554 972 598 τούτοισι
1002 553 1261 610 ἐπιφράσαι,

194 635 241 680 ἐκ
269 637 345 690 τῆς
373 633 549 690 τάφρου
579 632 606 690 ἦ
635 638 689 691 γῆ
721 633 1018 690 ἀναισιμώθη,
1049 634 1122 678 καὶ
1150 632 1199 678 τό
1222 638 1357 689 τεῖχος
1378 631 1453 677 ὅν·

1299 555 1372 598 ἵνα
1399 569 1446 598 τε
1502 558 1614 587 Fossae
1637 555 1781 587 munitio:

1503 592 1580 620 muri
1592 592 1685 619 forma
1696 602 1703 619 :
1714 601 1779 627 por-

1507 629 1559 653 tae
1584 630 1700 652 centuni
1731 634 1780 652 ae-

1509 667 1598 686 reae:
1651 659 1781 686 bitumen

164 723 294 758 Qtwoe
322 713 487 767 τρόπον
515 713 706 768 ἔργαστο.
737 710 998 768 ὀρύσσοντες
1029 711 1116 768 ἅμα
1144 712 1222 770 τὴν
1251 693 1665 769 τάφρον,(ἱίὶῖἷῖιῗιιιῗ.ἔιιω
1697 692 1781 721 ⁸th

193 794 452 839 ἐπλίνθευον
480 791 559 848 τὴν
586 795 670 849 γῆν
703 791 784 849 τήν
810 791 858 836 ἐκ
885 795 967 836 τοῦ
996 790 1241 848 ὀρύγματος
1268 791 1452 849 ἐκφερο-

137 1005 193 1040 ter
208 1001 301 1039 adeo
323 1000 417 1036 hunc
435 998 678 1049 descripsisse.
709 998 792 1036 Hoc

138 1058 258 1104 addo,
288 1056 553 1106 quinquaginta
578 1055 721 1104 orgyias
742 1056 790 1093 ad

139 1118 298 1150 nostram
318 1125 524 1150 mensuram
545 1112 708 1149 redactas
736 1112 789 1148 ef-

139 1171 246 1207 ficere
295 1169 561 1219 propemodum
607 1171 787 1205 trecentos

138 1227 252 1276 pedes
297 1226 515 1269 Rhenanos3
566 1225 788 1261 accuratiora

138 1283 200 1331 qui
226 1281 331 1328 velit,
368 1282 476 1318 adeat
501 1280 682 1318 Ukerturn
712 1280 733 1316 l.
762 1280 784 1317 l.

138 1339 244 1381 Quae
269 1338 450 1374 moenium
484 1336 634 1373 altitudo
662 1337 786 1384 utique

137 1395 274 1440 maior,
311 1393 340 1429 si
378 1393 608 1430 Herodoteas
641 1405 786 1428 mensu-

135 1462 194 1487 ras
234 1448 448 1499 praetuleris
484 1448 687 1494 Ctesianis3
735 1448 786 1484 ita

137 1511 177 1543 ut
195 1505 345 1543 trecenti
363 1506 512 1553 triginta
533 1517 595 1541 sex
614 1505 729 1554 pedes
750 1507 786 1540 et

135 1562 235 1611 quod
253 1562 407 1598 excurrit
425 1562 606 1609 exiguum,
620 1560 785 1598 existant.

134 1618 228 1656 Utut
245 1622 320 1664 est,
345 1630 419 1654 non
437 1621 575 1655 tantum
597 1622 693 1655 certe
712 1617 788 1652 ‹lis-

136 1687 281 1712 sensum
317 1675 423 1711 istum
460 1687 558 1721 esse,
599 1687 707 1723 quam
738 1673 786 1710 de

136 1744 209 1779 quo
226 1734 419 1779 tantopere
441 1730 594 1767 clament
621 1730 687 1766 viri
717 1730 785 1765 do-

138 1787 207 1833 cti,
246 1786 414 1835 equidem
446 1799 533 1823 saue
561 1785 785 1835 exploratum

138 1842 254 1879 habeo
266 1871 276 1889 ,
301 1855 420 1890 neque
438 1842 662 1878 altitudinem
681 1841 785 1888 muli,

137 1911 244 1947 quam
264 1901 506 1935 trecentorum
524 1898 658 1947 pedum
677 1897 787 1934 fuisse

137 1954 347 1991 Herodotus
380 1954 489 2000 dicit,
528 1954 646 2003 ipsam
671 1952 786 1989 videri

137 2010 407 2056 incredibilem,
449 2011 479 2046 si
507 2009 563 2046 vel
591 2022 669 2046 cum
707 2008 784 2045 aliis

136 2065 296 2117 Aegypti
325 2066 478 2103 molibus
513 2066 675 2116 ipsisque
702 2064 786 2102 reli-

137 2123 217 2172 quis
250 2121 496 2170 Baby-lonicae
525 2122 621 2158 urbis
654 2134 786 2158 monu-

136 2179 265 2217 mentis
312 2183 560 2228 comparetur,
615 2190 786 2228 expresse

136 2235 532 2283 monetBuckingham.
554 2233 610 2270 l.l.
634 2247 671 2283 p.
689 2232 783 2274 504.

136 2293 181 2330 In
215 2291 402 2328 latitudine
438 2291 531 2327 muri
579 2290 786 2336 indicanda,

136 2348 365 2385 Herodotum
395 2348 491 2384 idem
520 2350 624 2397 putat
642 2359 787 2383 mensu-

139 2416 215 2440 ram
238 2404 283 2440 ab
316 2404 388 2439 imo
418 2404 532 2440 fundo
561 2403 787 2448 aestimasse,

138 2472 218 2497 cum
235 2459 381 2495 Curtius
404 2462 514 2508 atque
542 2459 696 2506 Strabo,
726 2458 789 2507 qui

138 2515 288 2563 triginta
305 2515 376 2551 duo
397 2520 539 2552 sumant
556 2515 691 2564 pedes,
712 2527 789 2551 me-

140 2571 239 2608 dium
269 2583 409 2608 murum
445 2570 598 2608 dimensi
627 2583 707 2608 esse
735 2570 790 2607 vi-

140 2627 304 2664 deantur.

313 2709 418 2760 cap.
451 2708 659 2747 CLXXIX.

196 2794 281 2834 ἵνα
302 2808 342 2832 τε
361 2793 403 2833 ἐκ
419 2796 490 2845 τῆς
509 2789 665 2846 τάφρου
685 2790 713 2844 ἦ
736 2795 790 2846 γῆ

142 2846 509 2902 ἀναισιμώθη]
545 2850 612 2889 ἵνα
643 2850 699 2888 hic
728 2864 787 2890 το-

857 995 979 1038 πικὸν
1008 1011 1089 1036 esse
1118 1010 1226 1036 nemo
1253 997 1389 1046 nescit,
1433 997 1508 1035 sive

858 1054 1012 1105 accipias
1045 1054 1108 1092 ubi
1139 1055 1214 1093 sive
1243 1066 1390 1104 quonam
1424 1054 1447 1091 i.
1474 1067 1506 1091 e.

859 1124 956 1161 quem
974 1112 1012 1147 in
1030 1123 1155 1156 usum;
1187 1111 1234 1149 de
1256 1124 1328 1160 quo
1347 1110 1508 1159 disputat

856 1166 1147 1215 Schweighaeus.
1179 1167 1216 1204 in
1242 1166 1332 1205 Lex.
1364 1166 1506 1203 Herod.

856 1237 884 1260 s.
907 1237 939 1261 v.
959 1244 1015 1250 —
1046 1219 1286 1273 οἷναισιμοῦν
1307 1223 1437 1261 eodem
1448 1224 1506 1259 in-

853 1279 1011 1316 sumenda·
1024 1280 1229 1329 significatu
1251 1279 1292 1326 I,
1319 1281 1410 1320 179.
1440 1277 1507 1325 IV,

853 1335 920 1376 35.
940 1335 1018 1372 coll.
1039 1335 1079 1383 Ι,
1099 1338 1164 1376 72.
1191 1335 1236 1382 II,
1263 1337 1326 1376 11.
1346 1336 1504 1376 31-125

854 1396 921 1430 etc.
981 1392 1121 1429 Confer
1145 1395 1336 1442 praeterea
1367 1390 1504 1427 Zonar.

851 1459 940 1498 pag.
962 1449 1055 1488 206.

901 1502 1141 1542 ἐπλίνθευον
1163 1498 1238 1555 τὴν
1263 1503 1340 1554 γῆν
1362 1498 1437 1552 τὴν
1463 1500 1506 1542 ἐκ

855 1560 930 1598 τοῦ
959 1554 1183 1611 ὀρύγματος
1210 1558 1504 1611 ἐκφερομένην]

853 1614 1053 1652 Articulum
1073 1612 1148 1667 τὴν
1165 1620 1252 1666 post
1268 1617 1346 1668 γῆν
1365 1629 1386 1653 e
1406 1615 1505 1653 libris

854 1672 961 1709 bonis
981 1685 1060 1709 cum
1089 1676 1241 1710 recentt.
1274 1672 1504 1709 adscivimus.

850 1748 907 1757 —
933 1728 975 1764 In
994 1728 1145 1778 planitie
1163 1733 1284 1776 tanta,
1314 1728 1430 1778 qualis
1449 1733 1505 1766 est

850 1783 1094 1832 Babylonica,
1152 1785 1344 1822 defuerunt
1380 1785 1504 1832 utique

852 1839 993 1889 lapides
1007 1869 1018 1886 ‚
1035 1840 1084 1877 ad
1106 1841 1325 1878 exstruenda
1342 1840 1506 1877 aedificia

854 1896 952 1945 apti,
982 1895 1042 1944 qui
1061 1909 1136 1932 non
1158 1896 1227 1932 nisi
1254 1909 1274 1933 e
1294 1896 1504 1943 regionibus

854 1951 1193 2000 septentrionalibus
1214 1952 1410 1989 secundum
1428 1950 1505 1987 Eu·

852 2007 1018 2057 phratern
1048 2008 1194 2044 fluxium
1231 2007 1361 2045 advehi
1398 2011 1504 2058 pote-

853 2066 944 2099 rant.
1002 2063 1078 2099 Sed
1100 2061 1182 2099 huic
1202 2063 1428 2100 incommodo
1446 2063 1504 2101 vel

852 2118 997 2169 inopiae
1016 2120 1164 2167 egregie
1180 2119 1260 2169 ipsa
1271 2123 1399 2156 natura
1416 2132 1504 2169 pro-

853 2176 991 2225 spexit3
1019 2174 1178 2226 lapidum
1207 2175 1301 2212 enim
1335 2175 1414 2212 loco
1433 2174 1504 2213 illie

853 2231 1032 2268 invenitur
1055 2231 1192 2280 optima
1211 2235 1307 2269 terra
1322 2231 1501 2278 lateraria,

854 2288 926 2337 qua
946 2287 1001 2324 vel
1019 2290 1114 2323 tosta
1136 2287 1202 2324 sub
1231 2287 1329 2335 sole,
1358 2287 1414 2325 vel
1438 2300 1501 2325 co-

855 2351 911 2381 cte
928 2344 966 2380 in
983 2343 1130 2380 caminis
1156 2343 1287 2382 lateres
1307 2348 1381 2380 tam
1398 2343 1502 2380 solidi

855 2400 1021 2448 firmique
1041 2399 1299 2448 conficiuntur,
1318 2405 1357 2436 ut
1374 2400 1501 2437 hodie-

856 2469 928 2505 que
945 2469 1068 2493 eorum
1087 2456 1219 2493 rudera
1239 2456 1431 2506 supersint,
1444 2455 1500 2493 in-

857 2512 1109 2562 scriptionibus
1146 2512 1298 2561 integris
1322 2513 1415 2550 adeo
1441 2525 1500 2549 re-

856 2568 964 2619 pleta.
1022 2568 1066 2604 Id
1085 2568 1185 2616 quod
1199 2568 1414 2606 recentiores
1433 2581 1500 2618 pe-

856 2625 1098 2673 regrinatores
1146 2624 1233 2661 satis
1288 2624 1498 2674 probarunt.

857 2681 965 2718 Conf.
992 2681 1149 2717 Heeren.
1179 2679 1217 2728 I,
1250 2684 1277 2721 2
1304 2693 1388 2730 pag.
1417 2679 1497 2720 147

857 2736 935 2774 coll.
952 2736 1109 2773 Miinter.
1134 2735 1156 2773 l.
1172 2735 1194 2772 l.
1213 2748 1298 2786 pag.
1322 2739 1395 2777 121
1415 2748 1496 2784 sqq.

858 2795 950 2834 126.
1009 2791 1132 2835 Quare
1156 2805 1203 2829 ne
1232 2793 1367 2829 mireris
1392 2791 1499 2829 talem

855 2848 1040 2888 materiam
1078 2848 1229 2887 aedibus
1257 2848 1436 2887 struendis
1463 2853 1499 2886 et
