1909 3228
472 209 557 251 540

884 206 1344 248 HERODOTI

470 316 592 371 πέριξ
623 315 806 373 νομάδες
835 316 1046 366 Αἰθίοπες
1074 316 1299 371 νέμονται·
1331 316 1411 372 τήν
1439 316 1719 370 διεκπλώσας,
1734 325 1778 360 55

471 396 514 448 ἐς
542 399 623 439 τοῦ
655 397 818 438 Νείλου
847 393 895 438 τὸ
926 394 1110 448 ῥέεθρον
1137 395 1274 451 ἥξεις,
1314 395 1363 438 τὸ
1395 396 1437 447 ἐς
1466 398 1543 452 τὴν
1568 401 1724 454 λίμνην

443 475 633 530 6ταύτην
684 473 858 517 ἐκδιδοῖ.
891 473 964 516 καὶ
994 474 1135 516 ἔπειτα
1165 472 1353 529 α’ποβάς,
1393 474 1510 529 παρὰ
1538 476 1615 519 τὸν
1642 493 1722 520 πο-

469 552 607 608 ταμὸν
644 551 900 608 ὁδοιπορίην
929 551 1128 608 ποιήσεαι
1165 551 1362 608 ἡμερέων
1390 554 1722 606 τεσσεράκοντα·

472 632 676 677 σκόπελοί
705 647 749 674 τε
777 630 858 686 γάρ
897 631 944 674 ἐν
981 634 1041 688 τῷ
1070 633 1212 689 Νείλῳ
1243 630 1356 684 ὀξέες
1393 630 1619 688 ἀνέχουσι,
1650 634 1724 676 καὶ

468 709 666 767 χοιράδες
694 711 851 753 πολλαί
880 711 986 763 εἰσι,
1018 709 1072 754 δι’
1102 705 1164 753 ὦν
1192 708 1276 754 οὐκ
1306 708 1377 754 οἶά
1397 711 1440 754 τέ
1460 712 1548 755 ἐστι
1570 711 1723 755 πλέειν.
1735 719 1780 752 60

440 796 462 832 7
473 788 705 842 διεξελθών
735 789 781 833 δὲ
814 790 860 833 ἐν
897 793 996 846 τῇσι
1031 788 1343 844 τεσσεράκοντα
1378 789 1564 847 ἡμέρῃσι
1593 793 1724 833 τοῦτο

469 867 519 912 τό
547 870 727 924 χωρίον,
759 863 879 919 αὖτις
909 868 951 919 ἐς
980 868 1130 923 ἕτερον
1158 873 1314 913 πλοῖον
1343 869 1498 926 ἐμβὰς,
1529 869 1726 913 δυώδεκα

467 945 628 1004 ἡμέρας
655 947 879 991 πλεύσεαι·
922 948 995 992 καὶ
1033 948 1175 991 ἔπειτα
1213 950 1321 1001 ἵξεαι
1361 949 1404 1000 ἐς
1431 948 1561 992 πόλιν
1591 948 1723 1005 μεγά-

440 1032 579 1084 ὃλην,
619 1031 672 1086 τῇ
702 1026 874 1084 οὔνομά
910 1026 999 1071 ἐστι
1035 1025 1206 1084 Μερόη.
1262 1030 1428 1085 λέγεται
1463 1027 1509 1072 δὲ
1548 1026 1657 1084 αὕτη
1694 1026 1724 1084 ἤ

411 1236 529 1276 prope
546 1222 703 1262 Aamara
721 1227 776 1262 est
796 1237 817 1262 e
834 1224 985 1273 regione
1006 1223 1064 1261 in-

411 1279 512 1318 sulae
536 1280 632 1329 Say,
662 1281 789 1319 decem
815 1280 980 1318 milliaria
1007 1280 1061 1318 la-

411 1339 508 1383 tam,
539 1349 581 1374 ex
599 1341 703 1387 parte
720 1350 815 1374 nunc
833 1337 988 1385 cultam,
1018 1349 1062 1375 ex

411 1396 518 1443 parte
547 1405 664 1441 eaque
689 1393 815 1430 maiori
836 1397 968 1430 tectam
990 1393 1064 1430 sili-

412 1447 525 1495 cibus,
554 1447 637 1485 olim
658 1449 813 1486 fortasse
830 1448 944 1485 laeum
954 1450 1064 1486 fuisse

411 1502 527 1550 illum,
566 1505 664 1541 cuius
700 1505 799 1554 apud
833 1504 1064 1541 Herodotum

411 1560 549 1597 mentio
582 1560 667 1608 fiat,
721 1572 817 1597 nunc
850 1562 1065 1598 exsiccatum

411 1616 536 1653 ferme.

470 1667 653 1711 σκόπελοί
671 1686 711 1710 τε
733 1669 807 1723 γαρ
828 1670 871 1711 ἒν
894 1673 951 1725 τῷ
971 1670 1064 1710 Νεί-

411 1729 468 1781 λῳ
482 1723 584 1775 ὀξέες
595 1743 629 1766 κ.
647 1742 677 1766 τ.
698 1727 754 1777 λ.]
786 1728 852 1765 Vel
874 1728 962 1764 haec
978 1741 1066 1777 pro-

412 1784 542 1821 bantur
561 1784 797 1821 recentiorum
815 1784 1066 1833 peregrinato-

410 1853 490 1879 rum
504 1841 730 1886 testimoniis,
751 1842 954 1889 exponente
964 1838 1064 1876 Hee-

412 1909 489 1934 ren.
509 1895 620 1934 ldeen
637 1895 659 1933 l.
679 1895 702 1933 l.
731 1895 827 1933 Nam
848 1907 958 1946 supra
975 1894 1066 1932 alte-

411 1965 490 1990 rum
510 1956 755 1998 catarractem,
777 1952 838 2001 qui
866 1955 922 1989 est
947 1963 1064 2001 prope

411 2008 530 2046 locum
541 2008 651 2045 Wadi
660 2008 771 2045 Halfa
785 2008 857 2049 21⁰
878 2008 967 2054 50¹,
988 2020 1064 2045 cre-

411 2065 510 2102 brius
526 2065 561 2101 in
576 2064 650 2101 Nili
667 2064 769 2102 alveo
789 2065 968 2113 adparent
985 2077 1065 2101 sco-

411 2120 487 2172 puli
508 2134 549 2158 ac
568 2133 668 2168 saxa,
697 2133 792 2170 quae
807 2121 905 2157 fluvii
922 2134 1063 2158 cursum

412 2178 612 2227 impediant
629 2180 919 2225 catarractasque
940 2176 1062 2227 plures

412 2234 593 2281 efficiant,
623 2234 660 2270 in
689 2233 816 2283 quibus
839 2233 986 2282 singulis
1008 2232 1065 2269 in-

412 2290 576 2327 dicandis
594 2302 667 2326 non
687 2302 834 2339 prorsus
853 2290 1064 2340 peregrina-

412 2350 531 2383 torum
562 2347 787 2384 narrationes
830 2346 898 2383 sibi
935 2358 1064 2384 conve-

412 2403 526 2439 niunt.

470 2452 582 2505 αὖτις
609 2456 650 2504 ἐς
674 2456 806 2507 ἕτερον
835 2460 977 2497 πλοῖον
1000 2455 1063 2507 ἒμ-

414 2511 490 2565 βοῖς
509 2530 544 2553 κ.
566 2530 599 2553 τ.
619 2513 676 2565 λ.]
702 2515 816 2561 Haec,
828 2515 966 2565 opinor,
981 2527 1064 2563 spe-

414 2575 512 2608 ctant
522 2571 570 2608 ad
588 2583 649 2608 eas
661 2571 840 2619 regiones,
859 2583 952 2619 quae
973 2570 1063 2607 fines

414 2627 712 2676 septentrionales
748 2631 866 2664 terrae
894 2625 1064 2673 Dongola

416 2686 642 2731 transgresso
670 2686 817 2733 patent,
847 2685 883 2720 et
916 2681 963 2718 ad
984 2681 1066 2719 Me-

414 2749 512 2773 roem
534 2752 647 2787 usquc
671 2739 860 2788 pertineat.
884 2738 958 2775 Iam
968 2738 1062 2776 enim

416 2792 489 2828 [Nili
513 2793 634 2831 alveus
657 2795 696 2830 fit
717 2795 822 2831 latior
839 2807 905 2831 nec
933 2807 1063 2844 scopu-

415 2847 456 2884 lis
487 2849 697 2899 impcditus3
739 2851 818 2900 ipse
858 2851 986 2887 fluvius
1025 2850 1062 2887 iu

1129 1222 1235 1275 plura
1273 1222 1420 1261 brachia
1452 1223 1630 1260 dissectus
1663 1220 1782 1272 plures

1130 1280 1240 1318 efficit
1271 1280 1407 1317 insulas
1440 1292 1617 1330 perquam
1647 1278 1782 1317 fertiles

1130 1337 1362 1386 omniumque
1379 1349 1494 1374 rerum
1514 1337 1618 1386 copia
1630 1336 1783 1372 affluen-

1130 1397 1198 1432 tes.
1229 1393 1312 1430 Vid.
1333 1393 1492 1430 Heeren.
1511 1391 1534 1428 l.
1555 1392 1579 1429 Ι.
1597 1403 1682 1440 pag.
1699 1393 1782 1432 860

1132 1462 1235 1498 seqq.
1265 1448 1322 1485 Ex
1342 1461 1413 1497 quo
1434 1448 1563 1486 eodem
1579 1447 1667 1483 illud
1692 1447 1784 1483 adii-

1131 1506 1255 1551 cimus,
1286 1516 1427 1541 omnem
1446 1503 1578 1540 hancce
1596 1504 1783 1551 regionem

1132 1561 1178 1597 ab
1209 1560 1365 1611 Aegypti
1396 1559 1557 1596 confiniis
1587 1571 1702 1607 usque
1733 1560 1782 1596 ad

1133 1615 1297 1654 Meroem
1339 1617 1375 1652 in
1413 1621 1565 1664 utraque
1602 1615 1677 1652 Nli
1703 1616 1782 1665 ripa

1133 1672 1330 1722 splendidis
1360 1672 1573 1720 templorum
1593 1671 1781 1708 ruderibus

1131 1729 1281 1776 aliisque
1333 1728 1505 1764 aedificiis
1556 1726 1782 1777 amplissimis

1130 1785 1283 1821 maxime
1322 1783 1499 1831 insignem
1540 1796 1640 1829 esse·,
1687 1795 1782 1832 quae

1129 1839 1230 1890 ipsa,
1259 1852 1339 1876 cum
1354 1838 1588 1889 Aegyptiacis
1607 1839 1782 1877 simillima

1130 1896 1202 1932 sint
1236 1896 1405 1945 idemque
1439 1899 1636 1933 structurae
1666 1908 1781 1945 genus

1131 1952 1345 1998 exhibeant,
1375 1964 1483 2001 quam
1511 1952 1664 1989 maxime
1693 1951 1782 1989 illud

1131 2008 1366 2056 confirmant,
1410 2008 1509 2058 quod
1548 2007 1656 2058 paulo
1695 2012 1781 2047 ante

1130 2065 1315 2116 posuimus
1336 2065 1383 2102 de
1400 2064 1567 2114 Aeg5ptii
1579 2064 1779 2113 originibus

1132 2125 1169 2158 et
1202 2121 1248 2158 de
1274 2120 1486 2157 commercio
1521 2121 1613 2157 inter
1641 2124 1781 2158 veteres

1129 2175 1326 2226 Aethiopes
1347 2181 1456 2225 atque
1475 2175 1686 2226 Aegyptios.

1186 2231 1255 2270 καὶ
1283 2231 1413 2271 ἔπειτα
1441 2232 1578 2278 ἵξεαι
1607 2230 1646 2278 ἐς
1667 2227 1781 2271 πόλιν

1132 2283 1326 2340 μεγάλην]
1348 2287 1520 2325 Nonnulli
1541 2284 1659 2337 ἥξεις,
1681 2290 1781 2338 quod

1131 2345 1240 2383 etiam
1260 2343 1441 2381 Lucianus
1464 2345 1615 2394 praebet
1637 2345 1684 2382 de
1706 2357 1778 2382 ver.

1130 2400 1254 2437 histor.
1270 2400 1315 2447 11,
1335 2403 1386 2441 27
1399 2429 1409 2447 ‚
1439 2401 1611 2449 quodque
1630 2400 1707 2438 sine
1727 2400 1781 2437 ul-

1130 2457 1164 2493 la
1183 2457 1342 2495 lectionis
1362 2457 1534 2494 varietate
1555 2461 1671 2494 exstat
1682 2457 1781 2508 apud

1129 2512 1308 2550 Herodot.
1342 2512 1398 2559 ll,
1427 2513 1493 2553 30.
1551 2513 1630 2550 Nec
1657 2517 1780 2550 tamen

1129 2574 1254 2606 contra
1265 2569 1498 2619 probatorum
1516 2568 1684 2606 librorum
1694 2582 1781 2607 con-

1130 2638 1273 2663 sensum
1291 2624 1472 2673 vulgatam
1499 2626 1688 2663 immutare
1715 2637 1780 2662 au-

1130 2695 1189 2718 sus
1210 2694 1298 2719 sum.
1329 2680 1416 2718 Mox
1427 2681 1605 2718 invenitur
1624 2676 1780 2729 ἀπίξεαι

1129 2738 1197 2776 hoc
1214 2739 1295 2788 ipso
1319 2737 1358 2774 in
1377 2737 1505 2787 capite.

1183 2796 1233 2848 τῇ
1244 2789 1400 2843 οὔνομά
1412 2792 1491 2832 ἐστι
1503 2788 1658 2845 Μερόη]
1673 2794 1777 2838 Quae

1128 2849 1320 2889 Herodoto
1345 2849 1429 2887 urbs
1448 2853 1503 2887 est
1522 2847 1669 2897 Meroe,
1698 2849 1774 2886 aliis
