1909 3228
444 237 530 280 640
860 233 1326 275 HERoDoTl

445 344 525 399 μὲν
551 342 634 399 γάρ
663 341 726 386 ὤοὶ
755 342 801 386 ἐν
830 345 910 399 γῇ,
941 342 1014 386 καὶ
1043 342 1228 395 ἐκλέπει,
1260 343 1331 386 καὶ
1361 343 1410 386 τὸ
1440 343 1604 388 πολλὸν
1630 347 1707 400 τῆς

445 421 605 478 ἡμέρης
635 423 843 477 διατρίβει
872 422 918 464 ἐν
946 426 1007 479 τῷ
1037 423 1173 478 ξηρῷ,
1213 420 1292 478 τὴν
1322 422 1367 465 δὲ
1396 421 1533 467 νύκτα
1561 429 1706 467 πᾶσαν

446 502 493 544 ἐν
522 506 581 560 τῷ
610 504 813 559 ποταμῷ·
872 501 1141 556 θερμότερον
1180 500 1263 556 γὰρ
1301 500 1354 556 δή
1385 501 1472 544 ἐστι
1503 500 1552 545 τὸ
1583 501 1704 557 ὕδωρ
1717 509 1761 543 30

416 585 522 636 3τῆς
563 596 607 623 τε
647 582 821 636 αἰθρίης
857 581 930 624 καὶ
968 585 1044 636 τῆς
1083 580 1260 634 δρόσου.
1318 579 1496 623 πάντων
1537 581 1583 623 δὲ
1619 585 1707 624 τῶν

443 658 567 716 ἡμεῖς
596 661 720 716 ἰ’δμεν
749 664 951 715 θνητῶν,
1009 664 1138 703 τοῦτο
1178 659 1220 711 ἐξ
1253 659 1477 714 ἐλαχίστου
1507 658 1706 714 μέγιστον

443 740 618 794 γίνεται.
668 738 720 781 τὰ
749 738 826 794 μὲν
854 738 938 794 γάρ
971 737 1059 792 doz,
1092 740 1257 796 χηνέων
1287 737 1342 782 οὐ
1373 742 1518 793 πολλῷ
1547 738 1706 792 μέζονα

442 820 593 861 τίκτει·
623 818 697 861 καὶ
726 816 749 861 ὁ
784 818 964 870 νεοσσὸς
992 819 1100 862 κατοὲ
1132 818 1266 874 λόγον
1292 823 1372 862 τοῦ
1403 816 1495 861 ὠοῦ
1523 819 1706 874 γίνεται·

445 896 739 953 αὐξανόμενος
763 898 826 949 δὲ,
857 899 1022 953 γίνεται
1043 899 1116 941 καὶ
1146 898 1187 949 ἐς
1217 899 1502 942 ἑπτακαίδεκα
1527 896 1702 953 πήχεας,

414 976 516 1020 4καὶ
546 976 684 1032 μέζων
713 976 786 1021 ἔτι.

385 1211 443 1236 res
465 1198 532 1235 sibi
551 1198 850 1236 animadvertisse
868 1197 934 1235 visi
947 1201 1043 1246 sunt,

386 1267 468 1292 esse
512 1254 623 1292 solem
659 1256 802 1305 potius,
843 1268 937 1304 quae
975 1268 1043 1292 ova

386 1310 572 1359 excludat,
602 1325 677 1347 non
705 1312 908 1348 crocodilos
935 1312 1041 1348 femi-

386 1380 452 1404 nas
479 1367 547 1403 illis
579 1369 840 1405 incumbentes.
901 1369 1040 1405 Confer

387 1424 566 1472 Geoffroy
593 1437 679 1474 pag.
700 1426 782 1464 377
807 1438 883 1473 seq.

441 1478 508 1518 καὶ
537 1476 581 1518 τό
608 1477 754 1518 πολλόν
788 1482 860 1529 τῆς
886 1478 1036 1531 ἡμέρης

386 1536 577 1587 διατρίβει
599 1535 641 1575 ἐν
665 1538 718 1589 τῷ
747 1536 856 1589 ξηρῷ
875 1551 909 1575 κ.
931 1551 962 1574 τ.
984 1535 1033 1585 L]

384 1591 489 1629 Haec
524 1605 607 1629 vera
637 1597 675 1629 et
703 1593 849 1628 indubia
883 1606 963 1630 esse
992 1605 1035 1628 ex

384 1648 452 1695 iis,
493 1661 587 1697 quae
619 1650 811 1685 etiamnum
839 1650 1036 1685 observan-

384 1708 462 1750 tur,
500 1705 603 1754 ponit
631 1705 805 1754 Geoss'roy
834 1718 918 1755 pag.
940 1707 1036 1745 376.

384 1760 433 1797 Et
453 1761 641 1797 confirmat
668 1760 854 1805 Minutoli,
885 1762 945 1809 qui
972 1774 1037 1810 per

385 1830 510 1853 omnes
535 1817 604 1853 diei
627 1817 733 1853 horas
762 1817 797 1852 in
818 1817 893 1853 Nili
913 1816 1034 1853 insulis

384 1877 421 1910 et
445 1885 555 1909 arena
574 1872 774 1910 crocodilos
796 1886 836 1909 se
857 1874 1036 1910 invenisse

384 1929 527 1975 scribit,
556 1942 739 1978 nunquam
758 1942 843 1965 vero
870 1934 977 1966 noctu
995 1942 1034 1966 se

384 1984 462 2022 illos
500 1990 600 2022 extra
628 1998 759 2034 aquam
790 1987 1032 2037 conspexisse.

382 2041 466 2078 Vid.
484 2041 505 2078 l.
524 2041 547 2078 l.
581 2055 666 2092 pag.
695 2042 784 2082 157.

439 2093 601 2136 πάντων
618 2096 658 2136 δὲ
680 2099 762 2136 τῶν
785 2095 900 2149 ἡμεῖς
920 2097 1033 2149 ἰ’δμεν

382 2169 416 2193 κ.
439 2169 470 2193 τ.
494 2153 542 2205 λ.]
572 2155 621 2191 Et
638 2155 726 2192 haec
747 2168 833 2192 vera
855 2168 947 2201 esse,
967 2155 1035 2191 do-

383 2215 464 2248 cent
479 2217 629 2248 naturae
646 2211 798 2256 curiosi,
822 2212 883 2260 qui
907 2224 1032 2248 omnes

383 2268 597 2304 confirmant
617 2297 628 2314 ‚
667 2268 836 2304 crocodili
861 2281 930 2305 ova
959 2281 1033 2304 non

383 2325 558 2361 excedere
586 2325 834 2372 magnitudine
868 2337 937 2361 ova
967 2337 1033 2361 an-

384 2381 524 2427 serina3
551 2380 624 2417 vid.
645 2381 824 2429 Geoffroy
848 2394 934 2431 pag.
947 2382 1029 2421 379

383 2442 419 2473 et
440 2436 606 2473 Minutoli
622 2449 705 2486 pag.
730 2438 808 2478 159
835 2437 912 2474 coll.
941 2437 1031 2474 Tie-

383 2493 550 2529 demann.
578 2506 662 2543 pag.
683 2495 736 2534 53
763 2506 839 2542 seq.
881 2493 913 2530 E
931 2498 1031 2530 vete-

382 2549 479 2585 ribus
491 2549 679 2586 Herodoto
692 2549 935 2598 suffragantur
942 2549 1033 2587 Dio-

383 2605 492 2642 dorus
522 2606 559 2653 I,
586 2605 652 2646 35.
699 2605 913 2644 Aristoteles
945 2606 1029 2643 hist.

382 2674 440 2697 an.
464 2661 507 2708 V,
526 2663 602 2709 32,
622 2661 691 2699 alii.

437 2715 505 2754 καὶ
539 2715 558 2756 ὁ
587 2714 751 2764 νεοσσός
783 2713 883 2756 κατὰ
911 2711 1030 2769 λόγον

381 2774 455 2809 τοῦ
499 2768 582 2811 ὤοῦ
618 2772 789 2825 γίνεται]
848 2773 1032 2812 Crocodili

383 2826 496 2876 pullus
515 2856 526 2874 ,
574 2833 614 2865 ut
646 2831 754 2867 iidem
782 2835 932 2868 monent
965 2830 1031 2866 viri

383 2883 499 2930 docti,
528 2884 589 2921 ubi
611 2898 716 2923 ovum
738 2886 928 2936 relinquit,
950 2885 1032 2923 lon-

846 977 928 1034 ἕχει
958 977 1003 1021 δὲ
1033 976 1296 1034 ὀφθαλμούς
1323 977 1401 1034 μὲν
1429 976 1532 1030 ὑός,
1574 975 1760 1020 ὀδόν-35

1111 1198 1277 1247 gitudine
1300 1201 1440 1248 septem
1467 1202 1530 1235 aut
1555 1201 1636 1236 octo
1655 1197 1762 1248 polli-

1110 1269 1168 1292 ces
1190 1257 1265 1292 sere
1287 1259 1442 1303 aequat,
1462 1260 1498 1292 et
1518 1254 1655 1304 aliquot
1675 1258 1762 1304 post

1109 1325 1252 1348 menses
1285 1311 1355 1347 iam
1387 1312 1433 1347 ad
1454 1311 1605 1361 plurium
1624 1312 1760 1361 pedum

1107 1368 1369 1416 longitudinem
1403 1369 1595 1417 pervenit,
1635 1368 1684 1404 ita
1720 1371 1761 1403 ut

1108 1425 1250 1460 adultus
1284 1424 1433 1472 triginta
1462 1425 1575 1474 pedes
1613 1428 1651 1462 et
1683 1436 1760 1459 am-

1104 1480 1196 1530 plius
1218 1480 1447 1527 longitudine
1470 1480 1621 1529 expleat.
1681 1480 1759 1516 He-

1103 1537 1253 1573 rodotus
1275 1548 1356 1572 mox
1387 1537 1489 1585 ponit
1511 1536 1758 1585 septendecim

1104 1593 1267 1638 cubitos,
1289 1592 1348 1641 qui
1372 1592 1498 1639 viginti
1519 1598 1672 1641 quatuor
1686 1593 1757 1629 ser—

1105 1662 1163 1686 me
1192 1649 1305 1698 pedes
1351 1653 1531 1696 aequant,
1581 1648 1754 1685 Aelianus

1104 1718 1190 1742 vero
1235 1706 1300 1741 sub
1336 1704 1601 1741 Psainmetieho
1635 1705 1756 1741 scribit

1103 1761 1217 1797 visum
1239 1761 1351 1797 fuisse
1384 1760 1601 1797 crocodilum
1629 1761 1756 1809 viginti

1105 1818 1266 1865 quinque
1294 1817 1493 1853 cubitorum
1517 1846 1527 1864 ,
1571 1830 1665 1865 quae
1691 1817 1757 1853 tri-

1104 1874 1205 1921 ginta
1235 1874 1395 1922 quinque
1431 1874 1505 1910 sere
1537 1874 1671 1922 pedum
1700 1876 1756 1910 est

1102 1942 1294 1976 mensura,
1325 1929 1506 1978 aliumque
1535 1930 1600 1966 sub
1619 1929 1755 1978 Amasi,

1102 1986 1200 2023 cuius
1228 1985 1417 2035 longitudo
1439 1986 1563 2034 viginti
1583 1998 1645 2023 sex
1676 1987 1756 2023 sue-

1100 2043 1147 2079 rit
1167 2042 1387 2087 cubitorum3
1418 2043 1488 2078 vid.
1516 2049 1589 2079 nat.
1611 2041 1754 2079 animal.

1100 2098 1203 2136 XVll
1219 2127 1229 2145 ‚
1259 2101 1294 2139 6.
1353 2098 1451 2135 Alios
1472 2103 1632 2136 veterum
1654 2098 1753 2135 locos

1101 2155 1221 2191 attulit
1240 2154 1492 2202 Lindenbrog.
1508 2155 1554 2191 ad
1577 2154 1751 2193 Ammian.

1099 2211 1259 2248 Marcell.
1282 2211 1402 2257 xxll,
1424 2212 1473 2252 15
1495 2208 1529 2261 ᾗ.
1554 2213 1615 2251 16.
1647 2210 1754 2254 Quae

1099 2273 1222 2305 tamen
1244 2280 1316 2303 non
1345 2267 1470 2304 fictitia
1493 2280 1593 2313 esse,
1624 2279 1752 2304 croco-

1101 2323 1254 2361 dilorum
1268 2352 1278 2370 ,
1308 2323 1370 2371 qui
1389 2323 1497 2361 hodie
1512 2324 1751 2370 inveniuntur,

1100 2380 1218 2429 arguit
1243 2380 1469 2428 magnitudo.
1515 2380 1623 2416 Cons.
1644 2379 1752 2417 etiam

1100 2436 1341 2474 Tkzdemann.
1355 2435 1376 2472 l.
1389 2435 1410 2472 l.
1434 2438 1534 2485 p.69
1554 2441 1591 2473 et
1601 2436 1752 2473 Schnei-

1100 2493 1176 2530 der.
1194 2492 1214 2528 l.
1235 2491 1258 2529 l.
1287 2506 1372 2542 pag.
1395 2492 1474 2532 142
1494 2505 1597 2541 seqq.

1157 2547 1231 2598 ἔχει
1254 2545 1295 2586 δὲ
1318 2544 1557 2598 ὀφθαλμούς
1574 2545 1645 2599 μὲν
1663 2544 1748 2599 ὑὸς]

1098 2605 1192 2641 Sunt
1218 2605 1386 2642 crocodili
1423 2604 1515 2642 oculi
1551 2618 1618 2655 pro
1646 2608 1750 2642 tanta

1097 2661 1260 2712 corporis
1282 2661 1376 2698 mole
1407 2674 1604 2710 sanequam
1631 2661 1748 2711 parvi,

1098 2718 1215 2754 minus
1238 2717 1320 2755 elati
1341 2722 1377 2755 et
1395 2717 1607 2769 plerumque
1626 2729 1648 2754 a
1668 2716 1749 2767 pal-

1097 2774 1218 2824 pebris
1241 2774 1392 2821 obtecti,
1434 2777 1474 2810 ut
1503 2773 1611 2810 suillis
1636 2772 1747 2810 oculis

1097 2830 1196 2866 haud
1223 2830 1316 2867 male
1354 2830 1556 2879 comparari
1591 2828 1744 2879 possint,

1096 2898 1317 2936 quamquam
1345 2885 1471 2923 felium
1503 2884 1615 2923 oculis
1647 2883 1745 2920 simi-
