1909 3228
461 213 543 255 524

461 322 539 367 λόν
576 318 863 376 ἐπιεικεστάτη
903 319 1056 370 ἐοῦσα,
1103 319 1284 375 μάλιστα
1325 321 1539 371 ἔψευσται.

870 211 1330 251 HERODOTI

1597 324 1708 378 λέγει
1719 325 1762 364 45

461 401 543 457 γὰρ
575 400 626 455 δὴ
658 396 754 441 οὐδ’
785 398 893 454 αὐτὴ
923 396 1072 449 οὐδὲν,
1105 397 1274 454 φαμένη
1302 399 1379 442 τὸν
1406 403 1565 443 Νεῖλον
1595 402 1708 456 ῥέειν

463 478 548 523 ἀπὸ
578 478 811 533 τηκομένης
840 476 983 533 χιόνος
995 493 1004 501 ·

1056 475 1103 528 ὃς
1134 477 1219 531 ῥέει
1247 477 1326 533 μὲν
1362 477 1408 520 ἐκ
1437 479 1601 535 Λιβύης
1636 481 1707 524 διὰ

431 558 601 614 Ξμέσων
629 555 878 607 Αἰθιόπων,
918 556 1082 600 ἐκδιδοῖ
1109 555 1154 600 δὲ
1184 555 1225 606 ές
1255 559 1487 612 Αἴγυπτον.
1535 560 1622 607 κῶς
1651 553 1710 600 ὧν

461 638 569 690 δῆτα
612 635 704 690 ῥέοι
744 634 797 678 ἄν
836 633 919 678 ἀπὸ
968 634 1135 690 χιόνος,
1180 632 1263 678 ἀπὸ
1303 639 1392 678 τῶν
1433 634 1712 689 θερμοτάτων

463 712 638 769 [τόπων]
670 714 779 768 ῥέων
810 714 851 765 ἐς
879 714 931 757 τοὶ
960 713 1229 769 ψυχρότερα;
1259 718 1346 757 τῶν
1374 714 1426 757 τὰ
1457 712 1594 757 πολλοὶ
1626 714 1713 757 ἐστι

463 792 592 848 α’νδρί
625 808 673 848 γε
708 794 950 848 λογίζεσθαι
987 793 1199 838 τοιούτων
1244 793 1341 848 πέρι
1382 794 1460 851 οἴῳ
1498 809 1543 836 τε
1581 791 1767 845 ἐόντι,50

404 1000 477 1038 lum
497 1000 641 1038 minime
660 1001 710 1038 sic
720 1001 844 1051 augeri
861 1005 1052 1039 consenta-

404 1070 510 1095 neum
529 1070 621 1104 esse,
649 1058 817 1106 quoniam
833 1059 975 1106 fluvius,
992 1058 1054 1107 qui

403 1114 472 1151 hoe
488 1114 595 1150 modo
613 1114 775 1160 creverit,
788 1120 913 1153 ventos
928 1115 1055 1152 excitet

404 1170 556 1218 frigidos
585 1182 777 1219 aeremque
803 1171 933 1209 reddat
957 1184 1054 1208 cras-

405 1227 545 1264 siorem.
576 1226 739 1270 Quorum
758 1232 921 1265 neutrum
941 1228 978 1264 in
989 1226 1057 1264 Ni-

405 1282 477 1320 lum
495 1283 696 1320 convenire.
726 1284 801 1321 Sed
821 1284 953 1331 nivem,
983 1284 1056 1332 qua

405 1343 557 1388 uterque
579 1339 731 1389 scriptor
747 1339 977 1390 Aethiopiam
989 1340 1057 1376 ob-

405 1395 481 1443 tegi
493 1408 602 1445 posse
612 1399 737 1444 negat,
754 1396 907 1433 subinde
920 1400 1055 1442 tamen,

406 1463 625 1500 quamquam
660 1452 794 1498 rarius,
838 1452 989 1488 inveniri
1016 1452 1054 1487 in

405 1507 585 1544 montibus
603 1505 817 1556 Aethiopiae
835 1507 903 1543 iam
915 1506 1056 1543 Ludol-

405 1563 462 1599 sus
481 1567 670 1599 monuerat
690 1563 725 1599 in
743 1562 942 1613 Aethiopic.
957 1563 1053 1599 Hist.

405 1618 436 1665 I,
449 1618 485 1659 5.
515 1618 754 1666 Anaxagorae
773 1619 985 1657 sententiam
1001 1620 1055 1655 af-

405 1675 478 1711 fert
503 1686 646 1723 quoqne
666 1673 792 1722 Lydus
821 1675 842 1711 l.
865 1675 887 1712 l.
911 1689 945 1725 p.
974 1677 1055 1716 260

406 1730 566 1778 itemque
605 1729 748 1767 Chresti
780 1731 955 1777 Romani,
995 1730 1057 1778 qui

407 1790 532 1823 contra
549 1785 624 1821 aliis
649 1787 870 1833 argumentis
900 1787 1056 1836 probare

408 1841 643 1886 studuerunt,
671 1840 794 1877 Nilum
817 1856 836 1879 e
856 1841 1054 1890 liquefactis

405 1897 546 1934 nivibus
565 1896 690 1944 augeri
709 1909 782 1933 non
807 1911 928 1947 posse,
959 1897 1058 1946 quod

406 1953 557 2001 frigidus
575 1965 648 1989 non
661 1953 706 1989 sit
724 1954 789 1990 sed
802 1954 958 2004 tepidus.
982 1953 1058 1991 Sed

407 2022 451 2048 ex
477 2009 588 2046 Iubae
621 2009 718 2058 regis
750 2010 891 2060 scriptis
920 2009 1056 2046 Plinius

408 2065 475 2114 (Η.
501 2063 549 2102 Ν.
576 2064 629 2111 11,
651 2068 676 2107 9
707 2079 734 2102 s.
754 2065 798 2102 al.
826 2068 905 2114 10)
931 2066 1059 2112 tradit,

407 2126 516 2173 prout
541 2121 577 2157 in
606 2120 825 2160 Mauritania
860 2123 961 2159 nives
991 2122 1058 2158 im-

408 2179 538 2215 bresve
579 2178 813 2226 satiaverint,
852 2179 904 2216 ita
932 2177 1058 2216 Nilum

409 2246 580 2271 crescere.

463 2287 564 2342 λέγει
582 2286 656 2341 γὰρ
679 2286 729 2340 δή
759 2285 851 2329 οὐδ’
871 2305 971 2341 αντη
996 2285 1060 2329 ου’-

410 2342 500 2395 δὲν]
528 2346 549 2382 i.
569 2359 600 2383 e.
619 2359 766 2396 namque
781 2360 821 2384 ne
840 2347 906 2384 zlla
927 2347 1060 2397 quadem

411 2402 600 2452 quodquam
634 2402 722 2440 diczt
753 2404 776 2440 i.
806 2417 838 2440 e.
873 2403 1060 2454 quidquam

410 2460 486 2495 veri
506 2458 591 2495 elicit
616 2473 644 2496 s.
672 2462 831 2496 continet.
872 2461 913 2497 ln
940 2460 1059 2496 verbis

411 2527 514 2563 seqq.
561 2510 641 2554 ἆπὸ
685 2518 765 2554 τῶν
803 2510 1060 2566 θερμοτάτων

414 2568 578 2621 [τόπων]
602 2569 702 2621 ῥέων
717 2571 756 2618 ἐς
775 2569 822 2610 to?
838 2567 1061 2622 ψυχρότερα

413 2626 792 2675 Schweighaeuserum
805 2629 916 2665 secuti
930 2640 1061 2674 sumus,

414 2682 513 2718 uncis
535 2682 757 2721 includentes
776 2684 984 2721 vocabulum
1003 2678 1059 2722 τό-

416 2751 514 2784 πων,
543 2740 641 2786 quod
658 2740 780 2789 utique
800 2741 835 2776 in
847 2741 1062 2790 quibusdam

417 2791 513 2827 libris
531 2806 604 2830 non
631 2795 779 2845 legitur,
808 2810 887 2833 cum
914 2797 951 2833 in
969 2796 1060 2842 aliis,

418 2847 478 2883 ubi
508 2847 656 2898 legitur,
694 2853 862 2890 omissam
902 2852 1062 2890 invenias

1118 1012 1245 1038 vocum
1270 998 1391 1052 ῥ’έων,
1433 1013 1527 1051 quae
1557 1000 1605 1038 ad
1628 999 1770 1036 univer-

1123 1070 1199 1095 sam
1219 1058 1434 1094 sententiam
1459 1069 1606 1107 prorsus
1628 1061 1683 1093 est
1704 1068 1769 1091 ne-

1120 1114 1287 1151 cessaria.
1334 1112 1393 1150 Ad
1425 1112 1493 1150 loci
1521 1125 1665 1149 sensum
1698 1111 1770 1147 vid.

1121 1168 1298 1206 Aristides
1318 1173 1405 1206 tom.
1429 1168 1461 1205 ll
1481 1182 1517 1219 p.
1537 1167 1631 1209 334.

1178 1228 1257 1264 τῶν
1275 1222 1323 1264 τοὶ
1346 1219 1471 1272 πολλά
1495 1224 1575 1264 ἐστι
1591 1220 1712 1275 α’νδρί
1729 1236 1772 1274 γε

1122 1283 1346 1334 λογίζεσθαι
1375 1276 1567 1321 τοιούτων
1589 1279 1678 1332 πέρι
1699 1279 1771 1331 οἵῳ

1122 1352 1162 1376 τε
1182 1334 1285 1378 ἐόντι
1304 1353 1337 1376 κ.
1357 1352 1389 1376 τ.
1407 1336 1464 1388 L]
1495 1337 1659 1375 Liberius
1680 1335 1774 1372 hunc

1122 1395 1239 1431 locum
1251 1395 1299 1431 ita
1311 1395 1487 1444 expressit
1496 1393 1773 1441 Schweighaeu-

1123 1463 1243 1487 serus:
1273 1451 1352 1497 „Ac
1376 1454 1456 1486 sunt
1481 1462 1561 1486 sane
1582 1447 1773 1497 permulta,

1122 1519 1164 1543 ατ
1186 1506 1308 1555 quibus
1329 1506 1424 1542 homo
1439 1535 1448 1553 ‚
1480 1508 1541 1554 qui
1559 1505 1693 1554 quidem
1714 1506 1769 1540 iu-

1121 1562 1238 1598 dicare
1255 1562 1295 1598 de
1315 1562 1443 1598 talibus
1460 1562 1558 1597 rebus
1579 1561 1671 1597 valet
1695 1562 1774 1605 [va-

1122 1618 1155 1655 le
1167 1617 1244 1668 at]‚
1275 1618 1435 1666 colligat,
1465 1617 1560 1654 nullo
1578 1617 1675 1653 modo
1689 1628 1773 1665 pro-

1122 1675 1233 1711 babile
1245 1687 1313 1710 esse
1323 1704 1333 1721 ‚
1346 1679 1383 1710 ut
1398 1688 1413 1710 e
1425 1676 1502 1710 nive
1513 1672 1622 1710 Nilus
1632 1672 1772 1723 fluat.“

1124 1731 1319 1773 Quaeritur
1338 1731 1430 1766 enim
1444 1757 1454 1775 ,
1485 1742 1643 1777 quonam
1660 1727 1775 1778 perti-

1122 1791 1207 1822 neat
1236 1786 1414 1833 genitivus
1439 1786 1538 1831 τῶν,
1577 1785 1674 1822 cuius
1696 1784 1774 1820 loco

1123 1842 1295 1878 Reiskius
1315 1841 1398 1877 olim
1419 1841 1616 1891 repositum
1633 1840 1776 1877 volebat

1123 1894 1171 1935 τοὶ
1203 1891 1259 1935 ὧν
1292 1893 1484 1947 τεκμήρια
1521 1893 1646 1936 πολλά
1681 1895 1774 1943 ἐστι,

1123 1954 1339 2004 repudiante
1363 1953 1621 2002 lVesselingio,
1649 1953 1711 2003 qui
1728 1952 1776 1989 ad

1123 2011 1233 2048 verba
1248 2012 1326 2048 τῶν
1346 2006 1393 2048 τὰ
1411 2007 1534 2049 πολλοὶ
1555 2007 1774 2057 subintelligi

1123 2066 1198 2103 vult
1234 2063 1422 2116 τεκμήρια
1451 2067 1525 2104 sive
1557 2060 1774 2117 μαρτύριαε

1126 2135 1266 2172 quorum
1295 2122 1423 2172 (paulo
1441 2127 1523 2159 ante
1541 2120 1773 2171 scriptorum)

1123 2178 1258 2216 indicia
1287 2178 1396 2214 multa
1437 2178 1563 2214 adsunt
1602 2180 1677 2214 viro
1706 2181 1773 2213 etc.

1125 2233 1468 2282 Schweighaeusero
1511 2233 1678 2270 articulus
1725 2228 1773 2270 τοὶ

1124 2291 1326 2327 orationem
1344 2290 1488 2327 turbare
1518 2290 1680 2336 videtur,
1711 2288 1773 2337 qui

1125 2346 1213 2396 quid
1231 2346 1297 2383 huc
1315 2346 1440 2393 faciat,
1470 2345 1568 2382 haud
1585 2359 1624 2382 se
1644 2344 1772 2382 intelli-

1125 2415 1213 2451 gere
1234 2404 1434 2452 profitetur.
1464 2402 1706 2439 Infelicissime
1733 2401 1771 2437 in

1128 2458 1195 2495 hoc
1222 2458 1298 2495 loco
1334 2457 1561 2495 emendando
1591 2462 1626 2496 et
1658 2457 1773 2508 expli-

1128 2515 1243 2551 cando
1263 2520 1424 2552 versatus
1447 2518 1503 2551 est
1521 2515 1708 2563 Stegerus,
1734 2514 1772 2550 in

1129 2571 1286 2608 Praesat.
1308 2571 1490 2608 Herodot.
1512 2583 1596 2621 pag.
1617 2570 1681 2616 xl,
1699 2569 1773 2616 ubi,

1129 2627 1229 2675 qnod
1267 2627 1371 2664 scribi
1406 2627 1520 2663 iubet:
1567 2628 1646 2665 τῶν
1677 2621 1772 2664 τάδε

1128 2677 1254 2721 πολλά
1284 2681 1383 2729 ἐστι,
1413 2682 1499 2719 illud
1525 2683 1574 2720 sic
1601 2681 1772 2732 explicat:

1129 2742 1226 2775 cuius
1243 2741 1304 2786 rei,
1334 2741 1451 2785 (τῶν)
1471 2752 1613 2789 nempe,
1634 2751 1675 2774 ne
1689 2751 1772 2788 pro-

1129 2795 1240 2832 babile
1264 2795 1398 2846 quidem
1430 2807 1519 2842 esse,
1550 2807 1623 2832 eum
1652 2807 1669 2831 e
1695 2796 1772 2831 nive

1121 2853 1234 2902 fluere
1242 2881 1253 2900 ‚
1265 2852 1348 2889 leaec
1357 2851 1468 2889 multa
1475 2854 1556 2889 sunt
1566 2853 1772 2899 argumenta
