1909 3228
584 240 1006 279 EUTERPE.
1059 240 1105 278 ΙΙ.

1379 243 1460 282 491

180 348 398 406 ὃσμικρόν
434 366 475 393 τι
516 348 565 394 τὸ
606 348 826 406 διάφορον
854 349 978 406 εὕροι
1006 367 1071 402 τις
1101 348 1157 393 ὂὶν
1183 347 1461 405 λογιζόμενος

207 434 296 474 τῶν
325 427 443 474 ὁδῶν
470 429 679 481 τουτέων,
731 428 781 472 τὸ
817 429 875 486 μὴ
916 431 1011 481 ἴσας
1049 432 1186 486 μῆκος
1223 425 1357 480 εἶναι,
1407 427 1462 472 οὐ

206 509 339 552 πλέον
368 510 671 552 πεντεκαίδεκα
701 509 909 552 σταδίων·

968 507 995 565 ἡ
1024 508 1102 564 μὲν
1129 508 1212 564 γὰρ
1242 507 1286 559 ἐς
1317 508 1463 550 Πίσαν

208 588 251 641 ἐξ
277 586 517 644 Ἀθηνέων,
547 590 725 632 καταδεῖ
749 589 1053 632 πεντεκαίδεκα
1083 589 1288 640 σταδίων,
1321 584 1377 638 ὥς
1405 586 1463 643 μὴ
1476 594 1519 627 10

149 808 432 858 disputationem
451 805 581 856 Heysii
598 807 634 843 in
651 808 805 851 Quaest.

147 863 287 902 Herod.
311 876 388 913 cap.
409 862 442 898 Π
459 875 543 912 pag.
563 865 615 904 23
636 877 737 914 seqq.

205 915 451 971 λογιζόμενος
479 921 558 957 τῶν
588 917 696 958 ὀδών
718 935 806 958 του-

147 973 266 1022 τέων]
299 975 417 1024 Vulgo
437 978 476 1012 et
497 974 554 1012 hic
574 980 611 1013 et
632 977 701 1024 lll,
725 978 805 1018 126

148 1033 264 1070 edunt
281 1027 431 1079 ov'6c5v3
460 1043 533 1080 qua
551 1035 672 1070 tamen
690 1034 806 1070 forma

148 1088 270 1126 Ionica
289 1089 342 1124 uti
363 1088 465 1124 aiunt
484 1086 663 1126 Nostrum
693 1090 805 1126 absti-

149 1145 274 1182 nuisse
290 1145 409 1181 credo.
440 1143 564 1186 Quare
587 1158 666 1182 cum
686 1146 803 1182 Gaisf.

147 1201 332 1250 vulgarem
350 1201 503 1236 formam
520 1197 623 1240 ὁδῶν
634 1231 645 1249 ,
673 1202 806 1252 proba-

149 1258 196 1294 tis
226 1257 326 1294 libris
367 1257 617 1295 confirmatam
648 1260 804 1308 reposui.

148 1313 207 1351 De
233 1314 349 1350 forma
379 1307 515 1351 οὕὸοἷν
542 1313 694 1350 laudant
726 1315 807 1350 Ho-

148 1382 235 1407 mer.
260 1369 396 1418 Odyss.
417 1364 462 1419 ρ’,
488 1371 566 1410 196
587 1371 708 1418 ibique
728 1370 805 1407 Eu-

150 1425 257 1462 stath.
278 1437 362 1474 pag.
381 1427 461 1465 613
485 1425 637 1462 ed.Bas.
659 1430 697 1462 et
716 1439 805 1463 eun-

148 1482 232 1518 dem
254 1481 301 1517 ad
330 1481 367 1518 Il.
388 1477 423 1519 α’
452 1493 535 1530 pag.
562 1483 626 1529 18,
652 1484 703 1522 10
725 1481 803 1519 coll.

146 1536 302 1587 Etymol.
321 1550 406 1588 pag.
428 1538 521 1578 615·
613 1588 631 1596 .-

202 1590 245 1633 τὸ
267 1590 321 1644 μή
344 1593 432 1639 ἰ’σας
448 1594 573 1644 μῆκος
593 1591 717 1644 εἰναι]
742 1592 804 1630 Cr.

147 1651 288 1688 confert
296 1650 558 1699 Wyttenbach.
569 1651 615 1687 ad
625 1649 804 1687 Plutarch.

148 1706 242 1743 Mor.
262 1706 290 1753 I,
308 1709 334 1748 2
349 1719 433 1756 pag.
454 1707 548 1752 816,
568 1707 627 1755 qui
642 1706 677 1743 h.
688 1706 807 1743 locum

145 1762 196 1797 ita
213 1763 353 1799 reddit:
384 1775 500 1811 „quae
521 1765 649 1800 itinera
677 1765 710 1800 si
729 1764 807 1812 quis

150 1821 336 1867 computet,
365 1820 522 1855 inveniat
545 1831 674 1868 parum
704 1818 805 1868 quid-

149 1873 231 1910 dam
252 1873 412 1921 defferre,
443 1876 643 1923 quominus
670 1877 715 1910 sz‘t
739 1886 808 1923 par

149 1943 266 1967 earum
276 1929 496 1978 longitudo&
509 1929 569 1966 Tu
583 1930 666 1966 add.
676 1929 806 1966 Matth.

151 1987 217 2023 Gr.
239 1987 304 2023 Gr.
322 1999 405 2035 pag.
424 1988 540 2027 1067.
572 1985 659 2023 Non
681 1986 809 2022 admo-

150 2043 236 2079 dum
255 2042 398 2090 differt,
428 2042 528 2091 quod
551 2042 722 2079 continuo
753 2055 809 2079 se-

149 2099 292 2147 quitur:
324 2096 377 2145 ὥς
404 2095 460 2149 μή
492 2094 593 2137 εἶναι
621 2112 809 2137 πεντακο-

151 2155 249 2193 σίων
265 2153 333 2193 mxi
351 2155 498 2205 χιλίων.
540 2155 644 2204 Ipsas
666 2167 810 2191 mensu-

148 2223 208 2248 ras
225 2212 271 2248 ab
294 2211 487 2249 Herodoto
509 2210 671 2261 prolatas
691 2211 808 2248 minus

150 2271 335 2304 accuratas
358 2268 471 2304 videri
499 2267 632 2303 iudicat
653 2267 806 2304 Rennel.

150 2324 172 2360 l.
197 2323 219 2359 l.
248 2336 332 2373 pag.
363 2325 467 2369 593,
498 2336 579 2360 cum
599 2323 766 2360 Athenae
787 2336 809 2360 a

150 2379 237 2416 Pisa
255 2380 392 2417 distent
411 2380 573 2416 milliaria
593 2380 811 2416 Germanica

154 2435 249 2486 26ὲ,
279 2435 478 2486 Heliopolis
500 2448 585 2472 vero
609 2439 664 2478 22
682 2435 808 2472 millia-

153 2491 208 2526 ria
227 2495 371 2528 tantum
391 2491 497 2529 aNili
516 2493 609 2528 ostio
623 2492 810 2541 Canopico

154 2546 262 2582 absit.
290 2546 338 2583 Et
357 2552 481 2585 monet
500 2560 646 2596 quoque
654 2547 810 2585 Iomard.

155 2602 362 2652 (Descript.
401 2604 449 2640 de
476 2604 577 2652 l'Eg.
605 2602 756 2652 Antiqq.
793 2604 810 2641 I

153 2658 229 2695 livr.
251 2661 275 2699 3
292 2671 375 2709 pag.
388 2659 488 2706 611)
504 2659 810 2708 comparationem

154 2715 271 2752 minus
292 2718 460 2752 accurate
480 2715 682 2751 institutam
699 2716 811 2754 videri

154 2772 200 2808 ab
222 2771 435 2816 Her0d0t0‚
474 2783 551 2807 cum
568 2770 768 2821 Heliopolis
789 2785 812 2809 a

155 2828 244 2865 mari
270 2827 367 2864 recta
397 2825 490 2864 linea
511 2827 622 2863 ducta
646 2839 732 2865 sane
757 2829 812 2864 di-

157 2887 227 2921 stet
255 2884 431 2932 151,000
456 2887 571 2921 metra
593 2884 714 2933 (quae
738 2897 812 2922 non

863 805 1014 843 multum
1031 806 1211 844 excedunt
1228 818 1413 844 numerum
1423 803 1520 842 mille

863 864 1141 911 quingentorum
1165 862 1394 911 stadiorum),
1406 861 1521 899 Athe-

863 932 931 956 nae
951 923 1073 956 autem
1098 932 1120 956 a
1145 919 1230 955 Pisa
1256 924 1418 957 remotae
1447 919 1522 954 sint

861 975 961 1012 recta
981 974 1076 1012 linea
1099 977 1276 1023 181,ΟΟΟ
1296 990 1322 1012 S·
1344 975 1520 1021 183‚000

862 1036 978 1068 metra
996 1032 1179 1079 (inetres).
1239 1032 1363 1074 Quare
1384 1032 1419 1067 in
1440 1042 1520 1067 eam

862 1087 1014 1124 inclinat
1029 1089 1259 1134 sententiam,
1285 1093 1324 1125 ut
1344 1088 1389 1124 ab
1400 1087 1521 1124 Her0-

862 1144 952 1180 doto
981 1144 1052 1180 dua
1082 1157 1197 1193 eaque
1226 1145 1371 1182 diversa
1400 1143 1521 1180 stadia

861 1201 1009 1237 confusa
1029 1213 1110 1238 esse
1129 1204 1244 1250 putet.
1284 1200 1361 1238 Sed
1379 1199 1522 1249 gravio-

860 1268 936 1293 rem
956 1256 1056 1293 litem
1077 1256 1230 1294 Rennel.
1254 1256 1448 1294 Herodoto
1466 1255 1522 1291 in-

859 1313 980 1349 tendit
1009 1313 1071 1362 (p.
1093 1314 1240 1355 386——
1251 1315 1332 1354 392
1343 1314 1360 1361 )
1371 1342 1382 1360 ,
1420 1310 1522 1360 quod

862 1370 1052 1416 sexaginta
1064 1370 1184 1406 stadia
1196 1369 1353 1406 schoeno
1370 1369 1521 1413 tribuat,

861 1436 970 1472 quem
997 1425 1240 1473 quadraginta
1275 1429 1416 1462 tantum
1446 1428 1522 1460 sta-

861 1481 1001 1516 diorum
1021 1493 1102 1518 esse
1116 1481 1242 1529 reliqui
1259 1482 1452 1531 scriptores
1467 1480 1523 1515 in·-

862 1536 1003 1581 dicent;
1031 1538 1130 1574 unde
1153 1538 1326 1586 consequi
1349 1536 1524 1574 Herodo-

862 1596 942 1630 teas
961 1605 1148 1630 mensuras
1174 1606 1316 1642 semper
1335 1593 1440 1630 nimis
1459 1605 1523 1629 au·-

865 1652 942 1686 ctas
961 1662 1060 1697 esse,
1090 1650 1158 1687 nisi
1169 1650 1218 1688 ad
1229 1649 1413 1699 vulgarem
1425 1662 1523 1686 com-

863 1706 1017 1756 putandi
1036 1707 1183 1743 modum
1206 1706 1402 1743 schoenum
1418 1718 1523 1743 revo-

864 1763 1011 1798 caveris.
1027 1762 1168 1800 Contra
1179 1776 1285 1812 quem
1297 1766 1423 1800 monet
1432 1762 1523 1799 Bre-

864 1818 1002 1853 dowius
1019 1818 1059 1865 (l.
1080 1818 1102 1854 l.
1124 1832 1208 1868 pag.
1229 1818 1343 1866 391),
1359 1818 1442 1854 ideo
1460 1830 1524 1854 au-

865 1877 941 1909 ctas
964 1874 1077 1910 videri
1105 1874 1348 1924 Aegyptiacas
1377 1886 1523 1910 mensu-

864 1941 945 1974 ras,
976 1930 1076 1977 quod
1093 1943 1218 1967 omnes
1241 1929 1345 1965 simul
1361 1928 1435 1966 Nili
1448 1942 1524 1966 am·-

864 1985 980 2033 bages
1026 1986 1064 2022 in
1103 1986 1336 2023 demetiendo
1389 1986 1525 2023 suerint

865 2044 1115 2090 computatae,
1152 2043 1251 2078 unde
1280 2041 1384 2078 solito
1409 2042 1525 2079 maior

866 2109 1005 2134 summa
1015 2098 1203 2135 exstiterit.
1233 2096 1314 2134 Alio
1325 2101 1433 2147 pacto
1445 2098 1524 2136 He-

864 2152 1023 2190 rodoteis
1057 2154 1326 2203 patrocinantur
1352 2158 1523 2192 monente
1591 2178 1597 2183 ν

867 2209 931 2246 Cr.
962 2210 1118 2247 editores
1140 2210 1259 2260 operis
1275 2208 1455 2260 Descript.
1476 2211 1524 2248 de

864 2265 1025 2315 l’Egypt.
1045 2266 1061 2302 I
1078 2266 1223 2303 second.
1237 2265 1367 2302 livrais.
1380 2280 1415 2316 p.
1427 2265 1523 2308 416.

865 2320 1001 2359 Exacte
1017 2323 1112 2359 enim
1122 2322 1301 2359 Herodoti
1321 2335 1524 2360 mensuram

866 2378 1056 2416 convenire
1074 2391 1152 2415 cum
1171 2378 1398 2426 longitudine
1417 2379 1525 2417 itine-

866 2434 931 2481 ris,
972 2447 1065 2483 quae
1093 2447 1262 2484 mappam
1304 2435 1523 2485 geographi-

866 2503 945 2528 cam
971 2491 1173 2540 inspicienti
1201 2490 1402 2528 inveniatur
1430 2491 1524 2529 inter

866 2546 1074 2597 Heliopolin
1095 2552 1131 2585 et
1151 2545 1227 2584 Nili
1245 2547 1373 2583 ostium
1397 2547 1524 2584 Omm-

865 2603 970 2651 fareg
999 2616 1115 2653 prope
1143 2602 1345 2649 Pelusium,
1377 2604 1407 2640 si
1437 2603 1523 2641 illud

867 2659 973 2696 simul
996 2659 1229 2707 cogitaveris,
1258 2659 1390 2697 Deltae
1406 2660 1522 2697 solum

867 2715 913 2752 ab
933 2728 977 2753 eo
997 2716 1081 2752 inde
1099 2719 1282 2766 tempore,
1312 2729 1383 2766 quo
1403 2716 1523 2754 Her0-

867 2772 973 2808 dotus
1001 2771 1090 2809 haec
1122 2772 1321 2819 scribebat,
1361 2772 1522 2809 nonnihil

868 2841 949 2866 esse
964 2832 1104 2865 auctum
1117 2832 1152 2866 et
1162 2832 1382 2878 provectum.
1411 2829 1520 2867 conf.

869 2895 978 2935 supra
994 2884 1042 2921 ad
1062 2884 1108 2932 Π,
1131 2886 1156 2926 6
1175 2884 1293 2923 allata.
