1909 3228
79 340 181 374 largos
192 347 255 366 cum
267 338 355 366 Atho-

79 373 232 400 nieusibu
272 372 354 399 hubi-

78 409 139 433 tas
143 415 177 441 e,
200 406 280 439 priu
301 415 352 433 ἰιι-

78 443 138 479 ῑςιιι
170 427 229 465 &a
223 449 267 465 ιι
253 440 352 466 uthra-

79 473 155 499 ciam
181 482 227 500 1n‹
230 473 256 498 ιι
263 475 304 499 ιιι
309 481 351 507 sc,

78 506 118 533 ib·
114 515 180 540 uque.
231 494 353 533 Cabiro-

80 548 144 567 rum
164 548 249 567 sacra
267 539 354 567 iusti-

79 573 183 601 tuisse.

410 225 494 264 604

804 223 1271 263 HERODOTI

410 334 660 388 Αἰγυπτίων
688 333 948 386 νενομίκασι.
997 336 1077 375 τοῦ
1107 333 1151 376 δὲ
1172 330 1331 387 Ἑρμέω
1360 333 1410 376 τὰ
1443 334 1663 390 ἀγάλματα

410 410 523 466 ὀρθὰ
555 412 663 466 ἔχειν
684 410 736 453 τοὶ
759 412 901 453 αἰδοῖα
921 414 1166 462 ποιεῦντες,
1196 409 1277 455 οὐκ
1301 408 1381 453 ἀπ’
1418 415 1661 469 Αἰγυπτίων
1675 421 1720 454 90

409 489 704 546 μεμαθήκασι,
737 488 834 531 ἀλλ’
865 487 949 531 ἀπὸ
985 493 1242 545 Πελασγῶν·
1274 493 1439 543 πρῶτοι
1469 492 1545 545 μὲν
1571 491 1660 535 Ἑλ-

410 568 553 623 λήνων
590 565 793 610 ἁπάντων
829 566 1049 623 Ἀθηναῖοι
1078 568 1421 623 παραλαβόντες,
1470 570 1587 622 παρά
1619 573 1663 615 δὲ

380 645 579 689 modu-ov
601 644 758 689 ’ἄλλοι

815 644 1081 702 Ἀθηναίοισι
1111 647 1216 702 γὰρ,
1247 648 1330 704 ἤδη
1358 652 1593 703 τηνικαῦτα
1623 649 1665 699 ἐς

397 724 607 781 Ἕλληνας
641 724 855 778 τελέουσι,
905 727 1120 782 Πελασγοὶ
1159 725 1358 770 σύνοικοι
1388 725 1587 781 ἐγένοντο
1619 727 1664 770 ἐν

407 807 461 861 τῇ
488 803 625 862 χώρῃ·
666 804 771 848 ὅθεν
801 821 880 860 περ
911 806 983 849 καὶ
1001 805 1204 863 Ἕλληνες
1233 806 1418 862 ἤρξαντο
1447 810 1663 862 νομισθῆ-

379 890 402 924 3
412 900 496 927 ναι.

349 1073 440 1109 nent.
498 1068 578 1107 Nec
624 1069 820 1106 admodum
867 1069 1002 1118 differt,

350 1127 449 1177 quod
470 1126 638 1163 continuo
654 1126 802 1174 legitur:
839 1121 902 1165 ἀπ’
931 1127 1001 1165 Αἰ-

349 1183 526 1234 γυπτίων
564 1177 833 1234 μεμαθήκασι.
893 1184 1000 1220 Conf.

352 1239 414 1286 lv,
435 1243 499 1280 27.

407 1298 479 1334 τοῦ
499 1293 541 1334 δὲ
557 1293 999 1347 Ἑρμέω-ποιεῦντες]

351 1353 375 1390 ἱ.
398 1366 428 1390 e.
438 1352 586 1402 faciunt
605 1351 780 1389 Mercurii
799 1356 939 1390 statuas
948 1355 1003 1390 ita

351 1413 390 1446 ut
408 1409 554 1445 habeant
574 1413 685 1445 erecta
701 1409 874 1458 pudenda.
914 1409 1003 1447 Per-

351 1466 444 1501 tinet
461 1465 529 1501 huc
543 1465 727 1501 Ciceronis
748 1465 846 1501 locus
870 1465 916 1501 de
927 1469 1000 1501 nat.

354 1521 454 1558 deor.
476 1521 523 1557 lu
540 1550 550 1567 ,
569 1524 640 1561 22:
672 1549 695 1566 „
712 1521 816 1557 Unus
837 1520 1001 1565 (Mercu-

353 1578 445 1624 rius)
459 1577 570 1613 Coelo
590 1581 705 1626 patre,
719 1576 788 1613 Die
808 1581 921 1613 matre
936 1589 1002 1613 na-

353 1636 429 1669 tus:
469 1633 568 1669 cuius
610 1633 821 1669 obscoenius
851 1633 1003 1670 excitata

352 1692 481 1725 natura
508 1688 684 1735 traditur,
722 1690 822 1737 quod
854 1693 1003 1738 aspectu

352 1743 594 1794 Proserpinae
649 1750 848 1781 commotus
908 1745 964 1780 sit.
978 1745 1002 1764 “

354 1800 459 1842 Quae
498 1813 570 1849 quo
610 1804 797 1849 spectant,
836 1800 1003 1849 explicuit

353 1856 523 1893 Creuzer.
544 1856 580 1891 in
597 1860 683 1891 nota
707 1856 879 1902 subiecta,
892 1868 1001 1904 quam

352 1912 521 1949 continuo
543 1912 747 1948 afferemus.
787 1912 1003 1960 Intelligitur

351 1972 474 2005 autem
494 1968 526 2004 h.
547 1967 569 2004 l.
594 1967 793 2005 Mercurius
820 1968 1001 2017 ithyphal-

350 2023 463 2071 licus,
493 2024 554 2073 qui
576 2024 704 2061 dicitur
733 2029 770 2062 et
796 2029 918 2062 erecto
946 2025 1002 2061 fa—

350 2081 448 2118 scino
470 2084 782 2129 repraesentatur,
812 2095 890 2118 cum
909 2081 1001 2117 ratio

351 2137 397 2173 sit
419 2136 598 2173 seminalis
631 2137 789 2174 omnium
814 2150 933 2175 rerum
963 2137 1001 2173 in

350 2196 478 2229 natura
508 2192 685 2241 genitrix,
724 2193 810 2230 solis
847 2193 900 2230 vis
940 2205 1001 2230 ve-

351 2252 491 2296 getans.
561 2248 633 2292 Qui
674 2250 717 2287 C.
759 2250 806 2287 O.
846 2249 1001 2286 Miillero

351 2305 369 2351 (
382 2304 541 2342 Etrusco.
561 2304 577 2342 I
603 2318 688 2356 pag.
710 2307 793 2354 77)
823 2306 920 2343 idem
948 2306 1002 2342 vi-

351 2361 458 2397 detur
477 2365 587 2410 atque
607 2361 759 2399 Hermes
782 2362 999 2408 Chthonius,

351 2416 413 2465 qui
425 2418 583 2453 omnium
592 2430 709 2455 rerum
722 2431 867 2468 parens,
879 2418 1000 2455 omnia

351 2472 449 2509 bona
480 2473 685 2511 hominibus
712 2478 899 2525 praestare
927 2475 1000 2512 fer-

352 2532 421 2565 tur.

405 2579 654 2635 Ἀθηναίοισι
672 2582 766 2638 γὰο,
791 2583 870 2636 ἤδη
893 2601 1000 2634 τηνι-

353 2642 479 2679 καῦτα
508 2656 542 2679 κ
563 2656 593 2680 τ.
616 2641 666 2691 λ.]
712 2642 892 2679 Particula
919 2640 997 2693 ἤδη

354 2696 445 2732 male
484 2698 588 2734 abest
623 2711 644 2735 a
671 2698 762 2735 binis
794 2699 901 2736 codd.
913 2728 932 2759 ,
953 2699 999 2736 ab

352 2749 429 2786 aliis
448 2765 638 2802 perperam
667 2755 896 2791 confunditur
919 2768 999 2792 cum

354 2801 425 2854 δη;
465 2808 519 2842 εἰ(
497 2809 686 2855 gnificatur
725 2810 818 2846 enim
858 2815 999 2860 tempus

353 2860 438 2898 olim
456 2863 566 2901 fuisse
578 2892 588 2911 ,
618 2877 690 2913 quo
708 2867 870 2903 nondum
886 2866 1000 2904 Athe-

554 883 672 936 ὅστις
710 885 755 928 δὲ
792 883 846 928 τὰ
887 886 1118 941 Καβείρων
1170 884 1297 941 ὄργια
1333 884 1561 942 μεμύηται,
1609 884 1661 929 τὰ
1676 892 1720 927 95

1070 1071 1213 1109 nienses
1250 1069 1444 1107 Hellenum
1486 1071 1523 1108 in
1571 1083 1720 1109 numero

1069 1129 1202 1165 fuerint
1221 1126 1351 1171 habiti3
1381 1127 1418 1162 id
1439 1128 1537 1176 quod
1554 1129 1721 1166 convenit

1069 1197 1149 1221 eum
1168 1184 1231 1229 iis,
1262 1195 1355 1231 quae
1374 1183 1408 1230 l,
1439 1186 1492 1225 57
1520 1188 1722 1231 narrantur,

1069 1241 1131 1277 ubi
1152 1240 1223 1276 vid.
1243 1243 1350 1287 nott.,
1381 1240 1511 1289 quibus
1532 1239 1597 1277 Cr.
1621 1240 1723 1277 addit

1070 1296 1201 1345 Heyne
1222 1296 1318 1332 obss.
1338 1297 1386 1332 ad
1405 1296 1573 1346 Apollod.
1595 1310 1631 1347 p.
1653 1296 1719 1337 40.

1069 1375 1125 1381 ——-
1145 1355 1267 1391 τελεῖν
1287 1351 1326 1397 ἐς
1341 1349 1537 1402 ρΈλληνας·
1549 1352 1719 1390 est1Hel-

1070 1409 1202 1445 lenibus
1230 1411 1402 1445 accenseri
1412 1423 1423 1452 ‚·
1453 1410 1499 1447 de
1529 1421 1601 1457 qua
1620 1409 1720 1445 verbi

1071 1466 1219 1502 notione
1234 1465 1459 1512 confiviger.
1483 1466 1528 1502 de
1546 1465 1715 1501 idiotism.

1069 1533 1155 1570 pag.
1191 1523 1269 1561 187
1304 1524 1341 1556 et
1367 1521 1540 1558 Schaeser
1580 1520 1717 1557 Melett.

1069 1589 1155 1627 pag.
1178 1578 1241 1617 28.
1299 1575 1357 1611 Ad
1378 1580 1626 1624 argumentum
1653 1577 1719 1613 loci

1070 1633 1165 1669 haud
1183 1632 1254 1668 scio
1277 1645 1321 1667 an
1343 1633 1464 1669 referri
1489 1634 1603 1682 possit
1625 1633 1718 1669 anti-

1071 1701 1180 1737 quum
1201 1687 1369 1725 Mercurii
1399 1691 1540 1737 signum
1559 1689 1719 1726 Athena-

1070 1757 1148 1780 rum
1170 1745 1206 1779 in
1235 1745 1371 1780 arcein
1399 1744 1556 1781 Poliadis
1581 1745 1718 1794 templo

1070 1813 1092 1836 a
1111 1800 1297 1849 Cecrope,
1328 1803 1367 1835 ut
1399 1801 1585 1847 serebant,
1616 1801 1720 1837 dedi-

1069 1860 1190 1891 catum
1210 1860 1481 1904 myrtorumque
1511 1856 1605 1894 foliis
1624 1856 1722 1894 vela-

1069 1915 1142 1947 tum
1158 1940 1167 1956 ‚
1195 1925 1240 1948 ne
1256 1911 1391 1948 scilicet
1411 1912 1608 1950 Mercurius
1626 1913 1720 1961 ithy-

1069 1967 1243 2018 phallicus
1267 1973 1386 2005 erecto
1407 1969 1542 2005 fascino
1571 1982 1719 2019 reprae-

1071 2028 1254 2071 sentatus,
1285 2025 1500 2074 conspicuus
1528 2026 1623 2062 foret
1650 2026 1721 2061 vir-

1070 2081 1241 2130 ginisque
1257 2081 1479 2118 castissimae
1506 2082 1543 2117 in
1563 2081 1718 2118 sacrario

1068 2136 1153 2173 talia
1174 2137 1402 2187 adparerent.
1460 2137 1542 2174 vid.
1562 2137 1717 2175 Pausan.

1069 2192 1108 2239 Ι,
1130 2196 1183 2233 27
1206 2196 1242 2229 et
1261 2193 1396 2229 Stuart.
1417 2193 1555 2242 antiqq.
1585 2191 1717 2231 Athen.

1068 2248 1084 2285 I
1104 2261 1141 2298 p.
1162 2247 1241 2289 471
1260 2261 1353 2285 vers.
1377 2261 1538 2297 german.

1123 2300 1227 2349 ὅστις
1244 2301 1285 2341 δὲ
1304 2301 1350 2342 τὰ
1371 2305 1580 2355 Καβείρων
1603 2301 1718 2355 ὄργια

1068 2355 1284 2411 μεμύηται]
1323 2357 1517 2411 Κάβειροι
1551 2361 1717 2398 dicuntur

1067 2417 1116 2454 dii
1135 2416 1279 2465 magni,
1307 2421 1496 2466 potentes,
1521 2418 1582 2465 qui
1599 2418 1634 2453 in
1647 2417 1718 2453 Sa-

1066 2473 1288 2510 mothracum
1308 2473 1415 2510 initiis
1436 2473 1612 2520 coluntur,
1626 2472 1718 2509 rnul-

1065 2533 1141 2566 tum
1155 2528 1324 2566 celebrati
1340 2536 1497 2567 veterum
1518 2530 1553 2566 in
1573 2529 1718 2577 religio-

1066 2585 1184 2622 nibus.
1248 2585 1288 2621 ln
1322 2585 1375 2622 his
1413 2586 1555 2622 Cabiris
1588 2586 1717 2623 Samo-

1066 2641 1209 2678 thraciis
1233 2646 1399 2690 quartum
1422 2641 1539 2679 locum
1557 2642 1717 2679 tenuisse

1067 2702 1208 2735 constat
1230 2698 1428 2734 Casmilum
1453 2711 1481 2735 s.
1502 2698 1717 2743 Cadmssum,

1068 2754 1222 2791 eundem
1251 2755 1326 2791 sere
1353 2759 1464 2802 atque
1487 2753 1717 2800 Mercurium,

1067 2822 1174 2858 quem
1210 2810 1319 2846 modo
1355 2810 1588 2847 indicavimus
1625 2810 1716 2857 ithy-

1068 2865 1257 2916 phallicum
1293 2867 1330 2902 in
1357 2866 1535 2916 mysteriis
1571 2865 1714 2911 cultum,
