1909 3228
481 235 566 275 34⁰

893 228 1356 269 HERODOTI

487 340 773 398 ἀποδάσμιοι,
802 338 876 382 καὶ
905 338 1158 390 Μολοσσοὶ,
1187 338 1263 381 καὶ
1286 335 1488 393 Ἀρκάδες
1505 338 1733 394 Πελασγοὶ,

483 423 556 466 καὶ
578 418 764 474 Δωριέες
790 414 1080 471 Ἐπιδαύριοι,
1114 415 1222 459 ἄλλα
1251 432 1295 460 τε
1313 416 1442 461 ἔθνεα
1466 418 1603 462 πολλὰ
1634 417 1737 461 ἀνα-

453 500 718 555 4μεμίχαται.
750 497 794 539 οἱ
821 495 868 539 δὲ
897 491 1065 546 αὐτῶν,
1115 492 1200 539 ἀπὸ
1237 498 1320 538 τοῦ
1356 499 1627 552 πρυτανηΐου
1654 500 1734 540 τοῦ
1747 502 1791 537 55

479 576 723 633 Ἀθηναίων
751 572 1034 632 ὁρμηθέντες,
1064 573 1138 618 καὶ
1165 575 1413 630 νομίζοντες
1438 575 1737 631 γενναιότατοι

429 795 509 834 coll.
549 794 588 844 I,
615 795 744 842 142),
774 794 936 843 quamvis
968 805 1081 844 saepe

429 866 509 891 cum
538 852 594 889 his
625 850 777 889 confusi.
814 849 879 888 Cr.
907 852 1000 888 conf.
1033 851 1080 888 de

429 909 607 960 scriptura
635 906 834 957 Spanhem.
861 907 909 943 ad
935 906 1078 944 Callim.

429 966 479 1002 H.
509 965 547 1001 in
577 963 714 1001 Pallad.
734 961 788 1003 24
824 975 910 1012 pag.
933 964 1014 1003 632
1044 966 1081 1000 et

429 1021 576 1059 Koeler.
613 1021 662 1057 ad
706 1018 890 1057 Heraclid.
938 1018 1078 1055 Pontic.

431 1090 516 1128 pag.
538 1078 603 1117 86.
633 1075 707 1119 Qui
725 1074 887 1112 veroh.l.
905 1074 979 1112 sint
993 1076 1079 1113 Φω-

431 1132 518 1180 κέες
540 1128 806 1182 ἀποδάσμιοι,
842 1131 992 1181 egregie
1024 1131 1080 1167 in-

432 1191 528 1227 dicat
544 1189 745 1227 Pausanias
767 1187 790 1224 l.
822 1186 866 1225 l.:
896 1185 1081 1239 μετέσχον

432 1244 476 1286 δὲ
495 1243 563 1284 καὶ
594 1246 747 1291 Φωκεῖς
773 1241 816 1283 οἷ
840 1241 952 1283 ἄλλοι
977 1240 1081 1293 πλήν

432 1303 618 1351 Δελφῶν.
684 1301 716 1337 Ε
753 1312 826 1349 quo
861 1300 1083 1349 intelligitur,

432 1359 639 1396 Phocenses
669 1357 739 1394 dici
764 1350 1039 1406 εἷποδασμῖους
1059 1356 1083 1392 i.

435 1428 467 1453 e.
493 1427 517 1451 a
536 1414 680 1463 reliquis
703 1411 834 1449 divisos
854 1417 891 1451 et
914 1412 1080 1450 divulsos.

434 1470 534 1509 Nam
555 1465 789 1518 ἆπόδασμος
815 1469 944 1505 dicitur
967 1469 1083 1517 portio

436 1540 466 1564 s.
490 1539 577 1576 pars
611 1524 780 1575 quaedam
810 1537 833 1561 a
857 1523 1083 1561 multitudine

435 1582 583 1629 avulsa,
622 1583 793 1619 monente
822 1579 1079 1629 WesselingiO.

437 1638 533 1676 Add.
552 1636 758 1686 Thucydid.
783 1634 822 1684 1,
849 1639 902 1679 12
930 1640 966 1674 et
985 1636 1080 1674 conf.

437 1696 529 1732 insta
547 1693 601 1740 II,
624 1694 715 1734 103.

491 1748 560 1789 καὶ
573 1745 755 1800 Ἀρκάδες
766 1746 983 1800 Πελασγοὶ]
993 1748 1083 1786 Per-

437 1806 530 1844 tinet
554 1806 624 1842 hoc
650 1817 715 1852 eo,
745 1805 843 1853 quod
863 1817 907 1842 ex
925 1809 1084 1841 veterum

438 1862 664 1911 quorundam
710 1860 889 1898 sententia
925 1859 1086 1908 Pelasgi,

438 1921 565 1968 utpote
584 1917 755 1965 indigena
776 1916 952 1954 Graeciae
979 1928 1085 1965 gens,

438 1973 544 2025 primi
561 1973 740 2011 tenuerint
765 1970 957 2009 Arcadiam
981 1973 1086 2010 inde-

439 2042 511 2079 que
529 2028 705 2066 Arcadica
723 2028 834 2078 stirps
853 2029 924 2065 dici
938 2032 1082 2077 queant.

441 2086 548 2123 Conf.
565 2084 723 2122 Pausan.
741 2084 849 2132 VIII,
877 2087 899 2125 1
931 2082 967 2135 ἓ.
992 2087 1019 2125 2
1047 2087 1085 2122 et

438 2142 665 2192 potissimum
675 2140 862 2191 Ephorum
873 2141 970 2191 apud
977 2140 1080 2176 Stra-

439 2198 525 2235 bon.
544 2197 576 2234 V
605 2211 641 2248 p.
666 2198 771 2244 337,
801 2196 862 2233 ubi
888 2197 959 2233 vid.
987 2208 1082 2245 quae

439 2253 509 2290 alia
519 2254 659 2290 addidit
680 2252 797 2289 Marx.
819 2253 855 2289 in
873 2254 1081 2301 fragmentt.

439 2309 579 2360 Ephori
606 2322 691 2359 pag.
716 2308 795 2350 157
818 2322 895 2358 seq.
946 2307 1083 2345 Nostro

439 2365 518 2402 loco
545 2378 632 2401 usus
658 2368 715 2402 est
740 2363 1084 2410 Raonl-Roehette,

441 2434 513 2471 quo
523 2421 701 2469 Pelasgos
716 2433 789 2457 non
797 2421 983 2457 barbaram
994 2432 1084 2467 geu-

440 2481 535 2524 tem,
566 2478 631 2514 sed
654 2476 888 2528 primigenios
909 2475 1084 2513 Graeciae

441 2532 580 2570 incolas
610 2545 691 2570 esse
707 2533 899 2583 probaret3
923 2532 993 2568 vid.
1015 2531 1084 2568 Hi-

442 2589 554 2626 stoire
593 2589 640 2627 de
672 2588 877 2625 l'Etabliss.
902 2588 936 2625 d.
967 2587 1082 2624 colon.

444 2644 612 2694 Grecq.I
637 2657 722 2694 pag.
751 2645 829 2684 137
850 2656 952 2692 seqq.
983 2643 1084 2689 142,

444 2700 499 2736 cui
519 2700 602 2737 add.
626 2700 748 2738 Kruse
765 2699 890 2737 Hellas
911 2699 922 2735 1
944 2713 979 2749 p.
1002 2700 1084 2740 424

444 2754 524 2791 coll.
548 2755 630 2797 462
645 2783 657 2802 ‚
686 2756 865 2793 Herodoti
892 2755 1039 2792 effatum
1063 2767 1084 2792 a

444 2822 530 2845 vero
548 2823 621 2847 non
646 2812 840 2850 abhorrere
858 2816 1085 2857 statuentem,

445 2865 554 2902 modo
580 2872 720 2917 partem
745 2871 884 2905 tantum
910 2866 1086 2905 Arcadiae

1149 793 1233 831 olim
1259 806 1282 831 a
1300 793 1468 844 Pelasgis
1495 797 1706 845 occupatam
1739 793 1796 830 di-

1146 852 1263 898 xeris,
1310 864 1389 888 cum
1427 851 1602 900 reliquam
1642 862 1795 899 eamque

1147 908 1322 944 maiorem
1339 908 1498 956 regionis
1527 910 1666 957 partem
1686 906 1756 943 alia
1773 918 1795 942 a

1146 963 1312 1011 Pelasgis
1336 964 1479 1000 diversa
1511 975 1603 1012 gens
1631 962 1797 1012 primitus

1147 1019 1304 1057 tenuerit
1349 1020 1532 1067 indigena.
1614 1018 1796 1055 Dorienses

1147 1074 1367 1125 Epidaurios
1381 1075 1581 1112 nonDores
1603 1075 1671 1112 sed
1688 1075 1796 1112 Iones

1145 1132 1259 1170 fuisse
1279 1131 1466 1181 Epidauro
1492 1130 1616 1181 pulsos
1643 1142 1666 1167 a
1689 1130 1798 1168 Dori-

1147 1189 1215 1225 bns
1242 1187 1528 1235 ingredientibus
1555 1186 1682 1224 volunt
1710 1186 1798 1224 Cla-

1147 1245 1267 1281 vierus
1289 1249 1399 1293 atque
1416 1242 1747 1281 Raoul-Rochette
1773 1242 1796 1279 l.

1148 1300 1242 1337 l.111
1267 1313 1304 1350 p.
1325 1303 1379 1341 76
1407 1304 1612 1349 testemque
1643 1299 1800 1337 afferunt

1148 1356 1365 1394 Pausaniam
1384 1355 1439 1404 11,
1460 1359 1524 1398 26.
1554 1355 1645 1403 VII,
1666 1359 1704 1398 2.

1207 1407 1286 1451 οἷπὸ
1324 1414 1397 1451 τοῦ
1433 1412 1680 1463 πρυτανηΐου
1726 1413 1799 1450 τοῦ

1142 1463 1373 1518 Ἀθηναίων
1391 1466 1660 1518 ὁρμηθέντες]
1699 1467 1799 1505 Satis

1148 1528 1292 1561 constat
1309 1524 1357 1561 de
1378 1537 1479 1561 more
1495 1528 1656 1562 veterum
1676 1524 1712 1560 in
1736 1537 1798 1561 co-

1145 1579 1252 1617 loniis
1280 1580 1515 1617 deducendis.
1571 1579 1667 1617 Nam
1695 1592 1798 1618 sacra

1149 1649 1194 1674 ex
1227 1636 1419 1686 metropoli
1459 1649 1581 1675 secum
1618 1637 1799 1674 ducebant

1149 1692 1268 1729 coloni
1285 1692 1483 1741 ignemque
1508 1705 1646 1730 sacrum
1669 1705 1713 1730 ex
1730 1706 1799 1743 pa-

1149 1749 1240 1785 triae
1266 1748 1442 1797 penetrali
1479 1749 1734 1799 depromptum
1761 1753 1798 1787 et

1151 1816 1352 1841 accensum.
1401 1803 1498 1842 Nam
1517 1805 1551 1841 in
1569 1810 1746 1855 prytaneo
1765 1819 1796 1842 s.

1151 1860 1249 1897 curia
1275 1859 1555 1910 uniuscuiusque
1573 1862 1670 1898 urbis
1702 1862 1798 1910 ignis

1152 1916 1362 1954 servabatur
1394 1922 1594 1966 perpetuus
1624 1930 1692 1956 nec
1726 1931 1795 1955 un-

1152 1984 1259 2022 quam
1300 1972 1608 2021 exstinguendus,
1661 1973 1796 2012 Vestae

1151 2032 1390 2066 consecratus.
1448 2029 1504 2065 Ex
1527 2043 1571 2067 eo
1598 2029 1717 2067 coloni
1736 2042 1796 2067 ac-

1150 2096 1298 2122 censum
1331 2085 1452 2133 ignem
1489 2086 1733 2136 adportabant
1757 2086 1794 2123 in

1144 2140 1269 2177 urbem
1307 2141 1544 2178 condendam.
1607 2141 1798 2179 Sufficient

1147 2196 1258 2243 haec,
1290 2197 1438 2246 opinor,
1476 2197 1523 2233 ad
1541 2196 1720 2235 Herodoti
1742 2197 1797 2234 10-

1148 2265 1228 2289 cum
1248 2252 1541 2300 intelligendum,
1565 2253 1626 2302 qui
1645 2253 1700 2290 his
1715 2266 1796 2291 ver-

1149 2309 1204 2345 bis
1227 2308 1398 2357 designat
1423 2308 1663 2346 Athenienses
1688 2322 1794 2348 veros

1149 2364 1170 2400 i.
1191 2376 1223 2401 e.
1255 2377 1339 2410 eos,
1369 2364 1430 2413 qui
1450 2377 1535 2402 vere
1560 2365 1609 2402 ad
1633 2364 1795 2404 Athena-

1149 2432 1227 2456 rum
1263 2420 1442 2457 civitatem
1483 2421 1721 2470 pertinuerint
1758 2426 1795 2459 et

1150 2476 1293 2513 civitate
1321 2475 1441 2513 Attica
1472 2477 1528 2513 usi
1551 2478 1702 2525 fuerint,
1731 2478 1793 2527 qui

1150 2545 1218 2582 pro
1235 2544 1336 2570 more
1363 2532 1585 2581 colonorum,
1615 2546 1696 2571 cum
1728 2546 1795 2585 pa-

1151 2588 1256 2625 triam
1284 2593 1417 2626 terram
1443 2589 1687 2639 relinquerent
1712 2603 1794 2627 cum

1151 2643 1297 2681 Ionibus
1323 2645 1360 2681 in
1390 2644 1515 2683 Asiam
1546 2647 1794 2691 transvectari,

1151 2700 1272 2749 ignem
1295 2714 1432 2738 sacrum
1459 2714 1502 2739 ex
1526 2706 1703 2752 prytaneo
1731 2714 1793 2738 ac-

1152 2757 1338 2795 cenderint
1360 2763 1396 2795 et
1416 2771 1535 2795 secum
1555 2757 1713 2795 tulerint.
1731 2756 1789 2793 Cs.

1150 2825 1258 2860 quem
1296 2813 1518 2863 lVesseling.
1544 2813 1614 2850 iam
1635 2811 1793 2849 laudavit

1149 2870 1252 2915 (nam
1278 2870 1382 2920 plura
1402 2870 1439 2908 in
1466 2882 1505 2908 re
1530 2869 1619 2906 satis
1647 2867 1791 2917 cognita

1907 555 1909 563 i
