1877 3223
654 174 867 215 CLIO.
925 176 952 214 Ι.

181 284 384 340 βασιλῆος
423 283 534 327 οἴκεε
570 286 652 340 γῆν
686 283 765 341 τήν
801 288 1018 329 Φθιῶτιν·

1349 179 1432 221 135

1077 284 1146 328 ἐπὶ
1184 285 1230 329 δὲ
1269 286 1429 342 Δώρου

179 365 260 405 τοῦ
278 360 511 418 Ἕλληνος,
541 363 620 420 τὴν
648 361 735 407 ὑπὸ
765 363 843 420 τὴν
870 363 1036 408 Ὄσσαν
1063 379 1107 407 τε
1135 364 1209 408 καὶ
1237 364 1314 408 τὸν
1346 364 1428 409 Οὕ-

177 443 349 497 λυμπον
383 441 551 499 χώρην,
595 442 860 499 καλεομένην
899 443 946 486 δὲ
983 440 1253 488 Ἱστιαιῶτιν·
1303 443 1348 488 ἐκ
1379 443 1426 488 δὲ

120 626 336 675 antiquitas,
362 628 423 665 ubi
442 629 594 667 maxime
612 627 769 667 celebra-

119 686 179 720 tae
194 682 334 720 Dorum
354 686 680 733 commigrationes.
709 684 767 723 De

117 739 248 787 quibus
270 743 392 777 tamen
412 742 560 791 copiose
572 753 766 791 exponere,

117 793 222 831 huius
241 794 309 831 loci
328 808 403 833 non
422 801 488 834 est.
547 797 669 846 Magis
697 796 766 833 huc

117 849 204 887 illud
223 851 330 899 facit,
370 853 470 902 quod
498 853 674 892 Hellenes
698 865 764 889 an-

116 907 330 956 tiquissimi,
377 922 530 958 quorum
560 911 659 960 apud
684 909 766 946 Ho-

115 976 254 1001 merum
288 966 444 1013 mentio,
502 966 641 1004 incolae
681 969 765 1002 sunt

114 1021 185 1070 τῆς
198 1016 381 1066 Ἑλλάδος
393 1050 404 1069 ,
435 1034 530 1070 quae
549 1021 764 1059 Thessaliae

116 1081 173 1114 est
201 1077 286 1113 urbs
318 1078 367 1114 ad
401 1076 546 1114 Achillis
589 1079 762 1115 ditionem

113 1132 324 1182 pertinenS,
379 1132 477 1171 haud
514 1134 618 1172 aliter
652 1139 762 1183 atque

114 1188 244 1225 Phthia
254 1218 265 1235 ,
295 1201 389 1237 quae
408 1194 445 1227 et
456 1190 536 1240 ipsa
547 1190 761 1228 Thessaliae

114 1248 172 1282 est
189 1245 274 1281 urbs
295 1245 373 1282 sive
397 1249 542 1283 tractus.
603 1246 663 1284 Tu
690 1247 761 1283 vid.

112 1313 136 1337 a
162 1299 229 1336 Cr.
265 1300 432 1338 laudatos
466 1302 614 1339 Homer.
639 1303 679 1340 Il.
714 1302 761 1350 II,

112 1357 195 1398 683
213 1369 291 1404 seq.
311 1357 396 1406 ibiq.
421 1358 540 1406 Heyn.
562 1358 638 1405 IX,
665 1359 759 1399 363.

111 1412 232 1449 Strab.
247 1411 301 1449 IX
321 1427 358 1463 p.
383 1412 463 1454 431
491 1427 520 1450 S.
546 1427 582 1464 p.
605 1414 707 1460 659,
728 1414 759 1451 C

111 1481 191 1517 seq.
214 1467 295 1506 Nec
314 1469 401 1506 alias
419 1471 588 1518 regiones
609 1470 654 1507 ab
681 1469 760 1507 He-

110 1526 242 1563 rodoto
257 1554 268 1573 ,
309 1526 371 1575 qui
397 1525 642 1564 Phthiotidem
665 1527 760 1563 anti-

112 1582 286 1631 quissimo
306 1586 472 1632 tempore
497 1582 590 1620 hanc
612 1587 759 1631 gentem

111 1638 271 1676 tenuisse
297 1643 456 1686 asserat,
503 1638 653 1676 indicari
681 1652 759 1677 cre-

112 1695 208 1731 dam.
264 1694 428 1732 Helladis
448 1695 533 1733 inde
551 1708 683 1733 nomen
703 1695 760 1732 in-

112 1753 169 1786 tra
189 1749 405 1788 Thessaliae
430 1751 521 1789 fines
548 1753 649 1801 apud
679 1752 760 1787 Ho-

112 1818 250 1843 merum
293 1807 489 1855 contineri,
556 1807 762 1844 observavit

112 1861 322 1912 Apollodor.
363 1863 399 1899 in
440 1862 624 1911 Fragmm.
659 1863 757 1912 apud

112 1918 283 1955 Strabon.
303 1918 387 1955 VIII
403 1932 439 1968 p.
460 1920 541 1959 370
567 1933 595 1956 s.
614 1920 757 1968 p.568‚

114 1974 146 2011 C
166 1975 220 2024 (p.
239 1975 320 2016 423
342 1975 399 2012 ed.
416 1973 585 2023 Apollod.
604 1974 757 2022 Heyn.)

115 2030 189 2074 Qui
205 2043 290 2068 vero
320 2032 453 2067 factum
483 2032 548 2078 sit,
590 2034 630 2066 ut
649 2030 759 2067 hocce

113 2099 247 2123 nomen
279 2091 410 2136 postea
437 2087 485 2122 ad
508 2099 652 2123 omnem
678 2087 759 2124 sere

113 2143 305 2180 Graeciam
326 2142 557 2192 pertinuerit,
588 2155 661 2178 non
681 2154 759 2178 ma-

114 2200 170 2248 gis
187 2211 359 2248 quaerere
371 2200 518 2246 attinet,
537 2211 646 2247 quam
664 2210 757 2246 quae

113 2256 253 2305 primae
275 2255 379 2292 huius
398 2256 511 2305 ipsius
531 2256 649 2302 gentis
677 2255 757 2291 fue-

114 2311 186 2348 rint
201 2311 308 2348 sedes
320 2341 331 2358 ,
361 2324 453 2360 quae
472 2311 640 2359 origines
660 2309 757 2346 Mul-

112 2370 150 2404 ta
170 2367 315 2415 collegit
330 2367 441 2405 Beck.
458 2366 758 2405 Anleit.z.Welt-

116 2423 237 2470 gesch.
265 2424 282 2460 I
309 2436 395 2473 pag.
416 2425 497 2464 808
525 2423 603 2460 coll.
634 2423 757 2460 Kruse

118 2478 280 2526 (Hellas)
307 2479 325 2515 I
359 2493 395 2529 p.
422 2479 501 2520 461
537 2493 641 2528 seqq.
697 2478 757 2516 De

119 2532 327 2572 Deucalione
346 2548 433 2584 rege
452 2536 547 2572 idem
564 2535 676 2572 Beck.
696 2534 718 2571 l.
733 2534 756 2571 l.

118 2601 204 2638 pag.
233 2591 313 2630 809
343 2592 461 2627 varias
488 2590 632 2639 collegit
658 2594 755 2628 vete-

119 2658 196 2680 rum
217 2646 413 2682 sententias
426 2675 436 2693 ,
448 2647 506 2683 vix
520 2647 598 2683 illas
611 2647 755 2696 quidem

119 2702 210 2737 inter
230 2715 270 2739 se
291 2701 541 2739 conciliandas.
598 2703 657 2740 Ad
678 2702 755 2741 He-

117 2758 285 2794 rodotum
311 2758 396 2794 facit
434 2758 622 2795 Strabonis
658 2758 755 2797 locus

118 2812 170 2850 IX
202 2827 239 2866 p.
259 2813 341 2856 432
375 2826 402 2851 s.
434 2816 537 2864 660,
570 2814 620 2854 B:
657 2814 755 2857 ἱστο-

837 628 960 679 ρεῖται
993 624 1068 682 γαρ
1095 626 1119 669 ὁ
1153 628 1384 669 Δευκαλίων
1411 631 1482 681 τῆς

839 680 1066 732 Φθιώτιδος
1090 682 1205 737 ἄρξαι
1245 685 1312 726 καὶ
1342 684 1479 733 ἅπλῶς

833 742 905 791 τῆς
945 742 1162 789 Θετταλίας.
1237 744 1321 787 Quo
1351 743 1481 781 eodem

833 802 979 836 auctore
1038 798 1270 836 Deucalionis
1307 798 1398 837 filius
1437 812 1482 837 ex

831 853 972 902 Pyrrha
997 859 1197 905 prognatus
1234 855 1365 893 Hellen
1389 859 1480 903 erat,

833 910 895 958 qui
921 924 1001 948 cum
1019 911 1113 962 patri
1140 912 1220 962 ipse
1247 911 1481 949 successisset

832 966 869 1002 in
906 979 1043 1015 regno,
1087 968 1172 1005 (lein
1202 966 1284 1004 filiis
1314 968 1388 1003 suis
1422 979 1480 1004 re-

830 1035 941 1071 gnum
966 1024 1133 1061 divisisse
1151 1025 1274 1061 fertur.
1303 1023 1379 1062 Sed
1398 1023 1478 1074 plu-

830 1091 871 1115 ra
890 1079 1002 1116 Beck.
1028 1079 1050 1116 l.
1071 1079 1094 1116 l.

888 1134 991 1174 οἴκεε
1026 1137 1102 1187 γῆν
1141 1131 1216 1187 τήν
1270 1135 1474 1180 Φθιῶτιν]

831 1189 1030 1240 Phthiotis,
1068 1205 1161 1241 quae
1202 1191 1309 1229 etiam
1342 1190 1478 1229 Phthia

829 1247 980 1295 dicitur,
1023 1249 1072 1285 ad
1101 1247 1330 1286 Thessaliam
1365 1249 1477 1297 perti-

828 1307 913 1350 net,
942 1305 980 1340 in
998 1304 1096 1341 cuius
1117 1307 1233 1341 tractu
1250 1304 1476 1341 meridionali

828 1360 877 1395 ad
895 1364 1053 1396 montem
1080 1359 1223 1408 Othryn
1250 1360 1334 1397 inde
1352 1372 1374 1396 a
1394 1361 1476 1396 fon-

827 1415 923 1451 tibus
942 1414 1107 1465 Sperchii
1132 1415 1335 1452 extenditur
1359 1429 1475 1464 usque

827 1471 876 1509 ad
906 1470 1136 1520 Pagasaeum
1172 1471 1314 1518 sinum3
1347 1484 1475 1520 quam-

827 1540 937 1577 quam
976 1540 1044 1577 pro
1082 1531 1286 1576 temporum
1333 1528 1476 1566 ratione

826 1584 920 1621 fines
944 1596 1090 1632 quoque
1106 1583 1267 1621 xariasse
1284 1584 1474 1634 probabile

825 1640 877 1677 fit.
935 1639 1103 1688 Augusto
1141 1639 1318 1677 Romanis
1358 1640 1473 1690 impe-

826 1699 929 1734 rante
960 1697 1009 1733 ad
1029 1695 1256 1734 Thessaliam
1273 1696 1476 1745 haecregio

826 1753 952 1789 itidem
984 1753 1173 1802 pertinuit,
1201 1756 1295 1791 teste
1313 1752 1470 1790 Pausan.

826 1808 884 1856 X,
909 1809 933 1848 8
965 1806 1002 1858 ἓ.
1030 1811 1068 1850 2.
1125 1808 1236 1846 Plura
1266 1808 1378 1846 Beck.
1407 1808 1470 1845 l.l.

824 1863 896 1913 Ip.
922 1865 1002 1904 831
1033 1863 1110 1900 coll.
1157 1863 1339 1901 Mannert.
1371 1865 1471 1901 Geo-

825 1919 952 1967 graph.
962 1920 997 1955 d.
1009 1919 1073 1955 Gr.
1086 1933 1118 1955 u.
1129 1919 1235 1956 Rom.
1248 1919 1315 1956 VII
1327 1932 1364 1968 p.
1376 1920 1470 1960 598.

824 1975 874 2011 Et
891 1975 966 2011 iure
988 1974 1202 2023 primitivam
1213 1974 1370 2012 Doricae
1380 1988 1470 2023 gen-

823 2030 870 2067 tis
910 2031 1033 2067 sedem
1064 2030 1307 2068 Phthiotidem
1346 2032 1471 2069 statuit

822 2086 945 2123 Kruse
967 2085 1093 2122 Hellas
1112 2085 1128 2122 I
1154 2100 1191 2136 p.
1209 2086 1302 2128 522.

882 2139 946 2180 ἐπὶ
958 2138 1000 2180 δὲ
1020 2136 1164 2191 Δώρου
1181 2139 1468 2193 τοῦ”Έλληνος,

824 2193 897 2248 τήν
918 2194 997 2237 ὑπὸ
1013 2195 1246 2248 τῆν’Όσσαν
1262 2213 1302 2238 τε
1321 2199 1387 2238 καὶ
1398 2197 1468 2239 τόν

828 2251 1043 2303 Οὔλυμπον
1087 2250 1240 2306 χώρην,
1287 2254 1468 2305 καλεομέ-

824 2325 900 2360 νην
922 2308 963 2348 δὲ
974 2308 1224 2363 Ἱστιαιῶτιν]
1255 2311 1313 2349 De
1324 2312 1467 2350 Helleue

823 2380 976 2415 regnum
1001 2367 1094 2404 inter
1116 2367 1207 2404 filios
1245 2367 1311 2416 (in
1336 2369 1466 2418 quibus

825 2422 959 2460 Dorum
997 2424 1110 2461 fuisse
1147 2423 1303 2461 dubitari
1322 2426 1465 2474 nequit)

824 2480 1008 2516 dividente
1039 2480 1132 2516 conf.
1157 2479 1326 2530 Apollod.
1356 2481 1394 2527 I,
1425 2485 1465 2529 7,

825 2539 863 2576 2.
886 2538 911 2576 3
949 2534 1027 2571 coll.
1062 2535 1218 2573 Pausan.
1249 2535 1336 2583 Vll,
1367 2539 1389 2578 1
1429 2542 1465 2575 et

822 2592 934 2629 Beck.
956 2590 979 2627 l.
996 2590 1017 2627 l.
1039 2604 1126 2642 pag.
1146 2593 1237 2634 812.
1296 2593 1380 2636 Quo
1400 2606 1465 2630 au-

823 2651 896 2685 tem
928 2651 1093 2697 tempore
1130 2651 1166 2685 et
1198 2660 1221 2685 a
1250 2649 1464 2698 quibusnam

823 2704 941 2754 patria
974 2707 1070 2741 terra
1095 2703 1218 2741 Dorus
1248 2706 1296 2742 sit
1324 2706 1463 2755 pulsuS,

822 2760 919 2796 haud
937 2763 1159 2810 compertum
1176 2760 1357 2798 habemus,
1386 2762 1462 2799 He-

825 2818 1005 2866 stiaeotis,
1033 2830 1106 2868 quo
1130 2816 1190 2856 ille
1220 2818 1326 2858 sedes
1344 2821 1462 2858 trans-
