1877 3223
660 192 964 232 cL10.1.

1360 195 1440 234 141

188 303 611 362 προσκεχωρηκότων
652 301 773 361 αὐτῷ
807 304 880 347 καὶ
910 301 1054 346 ἄλλων
1089 300 1254 344 ἐθνέων
1283 302 1442 359 βαρβά-

159 393 180 427 3
192 401 283 440 ρων
312 388 496 440 συχνῶν.

553 382 662 438 πρὸς
701 382 753 439 δὴ
794 378 856 425 ὧν
896 383 990 439 ἐμοί
1017 397 1061 425 τε
1092 380 1231 425 δοκέει
1258 379 1362 424 οὐδὲ
1391 382 1439 425 τό

185 463 459 519 Πελασγικόν
477 463 608 515 ἔθνος
624 496 636 516 ,
665 462 738 506 ἐὸν
759 460 1018 519 βάρβαρον,
1047 459 1219 518 οὐδαμοὶ
1247 459 1443 517 μεγάλως

186 541 446 599 αὐξηθῆναι.

127 764 301 801 insertum
326 764 484 811 itemque
520 767 606 812 post
644 757 778 815 αὐτοῖς

127 833 223 869 quae
263 820 443 855 distinctio
490 819 557 869 ipsi
592 819 777 867 Schweig-

126 876 304 913 haeusero
325 875 423 911 haud
450 875 631 924 displicet,
662 880 701 912 ut
721 879 777 911 ta-

127 932 170 968 lis
211 932 257 968 sit
292 931 419 968 Nostri
457 931 524 968 loci
571 932 775 969 sententia:

127 987 388 1035 „Hellenicam
408 992 553 1035 gentem
567 1016 576 1033 ,
604 988 775 1036 quamdiu

127 1057 150 1081 a
178 1044 341 1092 Pelasgis
375 1044 529 1080 discreta
560 1045 687 1092 fuerit,
721 1044 778 1080 in-

126 1100 266 1137 firmam
286 1100 411 1146 fuisse,
436 1103 521 1149 post
537 1113 622 1137 vero
637 1129 646 1146 ,
667 1113 777 1149 quum

126 1157 242 1193 maior
268 1156 539 1205 Pelasgicorum
560 1156 777 1206 populorum

125 1225 211 1263 pars
254 1212 429 1260 multique
455 1212 511 1248 alii
540 1212 665 1262 populi
696 1213 777 1248 bar-

126 1268 205 1305 bari
226 1282 304 1305 cum
324 1267 384 1303 illa
404 1268 686 1314 coaluissent‚in
699 1281 777 1305 ma-

126 1325 353 1373 gnitudinem
372 1324 564 1361 crevisse.“
604 1324 724 1366 Quam
744 1324 775 1359 si

126 1393 320 1429 sequamur
339 1380 536 1426 rationem,
565 1393 672 1416 voces
695 1381 775 1417 τῶν

126 1435 280 1475 ἐθνέων
301 1438 457 1475 πολλῶν
479 1437 525 1473 de
541 1436 705 1484 Pelasgis
717 1449 776 1472 ac-

124 1493 312 1543 cipiendae
350 1497 473 1538 erunt3
518 1493 617 1541 quod
656 1493 775 1542 ipsum

124 1562 197 1598 quo
220 1550 299 1586 iure
331 1550 408 1586 fieri
435 1550 573 1598 possit,
606 1550 774 1597 equidem

124 1606 267 1654 ignoro,
322 1605 448 1653 Itaque
468 1618 562 1642 nunc
588 1605 775 1653 vulgatam

125 1661 194 1698 loci
227 1662 549 1710 interpunctionem
575 1666 611 1699 et
650 1661 775 1698 lectio-

126 1730 211 1754 nem
237 1718 460 1754 immutatam
492 1718 696 1766 reliqui.—
715 1717 775 1754 Ad

128 1770 296 1822 αὔξηται
329 1773 359 1810 C
374 1786 401 1809 r
422 1775 515 1811 conf.
536 1774 698 1811 Fischer.
727 1774 776 1810 ad

127 1829 176 1866 w
179 1829 274 1866 eller.
300 1828 365 1875 111,
390 1842 412 1865 a
446 1843 531 1879 pag.
551 1829 616 1871 42.

185 1881 285 1936 πρὸς
309 1882 358 1935 δη
378 1886 434 1923 ὠν
465 1885 551 1934 ἐμοί
581 1900 621 1923 τε
648 1882 775 1924 δοκέει

128 1937 222 1980 ουδὲ
243 1956 285 1980 το
308 1956 342 1978 κ.
359 1956 389 1978 τ.
402 1940 448 1991 L]
480 1941 612 1977 Aldina
631 1945 667 1978 et
683 1954 776 1977 unus

126 1998 216 2035 liber
245 1998 420 2046 scriptus:
450 2012 503 2043 ως
531 1993 581 2047 δη
611 1990 689 2044 ὠν,-
718 2010 776 2034 re-

125 2053 214 2102 liqui
264 2054 406 2090 codices
459 2049 556 2103 πρός
604 2050 654 2103 δη
704 2053 773 2090 ὥν.

125 2110 229 2146 Schw
233 2110 480 2157 eighaeusero,
499 2114 538 2144 ut
549 2113 655 2146 antea
667 2108 775 2146 Reis-

124 2165 208 2213 kio,
266 2164 421 2201 Aldinae
468 2165 602 2214 placuit
655 2165 773 2212 lectio,

126 2234 235 2271 quam
261 2224 301 2257 ut
328 2221 502 2270 explicatu
537 2221 773 2258 difficiliorem

124 2277 278 2314 librariis
300 2277 487 2314 molestam
505 2277 618 2314 fuisse
637 2281 773 2324 censet,

125 2334 288 2383 quamvis
334 2334 521 2384 scriptoris
565 2347 654 2370 usus
693 2347 773 2370 eam

127 2391 215 2426 satis
239 2393 392 2427 tueatur.
447 2389 528 2426 Erit
560 2390 655 2427 enim
685 2389 773 2426 illud

127 2446 272 2483 dicendi
297 2458 433 2494 genus,
463 2446 523 2482 ubi
547 2447 595 2482 ad
626 2446 774 2482 infiniti-

128 2514 212 2537 vum
230 2502 439 2551 suppleatur
454 2502 491 2537 id
503 2503 662 2548 verbum,
673 2503 773 2550 quod

128 2556 166 2592 in
189 2557 318 2593 minori
342 2558 586 2595 enuntiatione
613 2558 774 2595 invenia-

129 2616 208 2658 tur,
247 2617 287 2649 ut
312 2612 346 2649 h.
382 2613 405 2648 l.
443 2614 490 2650 ad
521 2609 773 2664 αὐξηθῆναι,

129 2668 277 2705 verbum
312 2667 447 2707 δοκέει.
507 2670 614 2706 Conf.
641 2669 676 2716 1,
705 2670 772 2711 65.

132 2726 224 2764 191.
272 2723 329 2769 ΙΙ,
367 2726 404 2764 8.
448 2724 512 2772 IV,
541 2725 578 2766 5.
614 2728 667 2766 76
704 2731 770 2763 etc.

128 2779 329 2816 Hermann.
351 2781 399 2817 ad
423 2779 544 2829 Viget.
570 2793 655 2832 pag.
675 2781 768 2823 742.

130 2834 258 2873 Matth.
308 2836 373 2874 Gr.
420 2836 484 2874 Gr.
526 2835 564 2889 ἓ.
604 2838 707 2886 539,
742 2842 770 2880 2

844 774 931 812 pag.
967 760 1092 804 1059·‚
1130 761 1258 810 quibus
1296 760 1372 799 iure
1409 773 1495 797 usus

845 824 902 856 est
920 818 1131 854 Stallbaum.
1144 819 1190 854 ad
1203 818 1343 854 Platon.
1354 817 1493 854 Phileb.

844 888 880 924 p.
895 874 957 915 46.
973 876 1025 914 47
1039 903 1048 920 ‚
1069 887 1090 909 a
1122 874 1186 910 Cr.
1209 874 1375 910 laudatus
1393 902 1403 915 ,
1434 874 1495 922 qui

843 932 939 969 idem
963 930 1100 966 consuli
1136 930 1211 966 vult
1230 930 1413 967 Schaeser.
1448 930 1495 965 ad

844 987 1014 1036 Sopliocl.
1041 986 1210 1023 Trachin.
1236 986 1354 1026 1240.
1404 985 1494 1021 Mihi

844 1048 966 1080 tamen
1013 1056 1117 1079 secus
1167 1043 1317 1079 videtur.
1383 1041 1494 1078 Facio

846 1112 924 1135 cum
942 1098 1139 1145 Matthiae,
1179 1099 1239 1147 qui
1261 1098 1423 1134 codicum
1443 1097 1495 1135 le-

845 1157 997 1193 ctionem
1034 1154 1186 1204 plurium
1224 1155 1319 1191 bene
1360 1158 1492 1192 tuetur.

846 1212 970 1259 „Mihi
989 1209 1062 1257 ὥς,
1093 1211 1161 1257 ait,
1191 1224 1265 1247 non
1295 1212 1387 1247 adeo
1423 1211 1494 1247 dif-

844 1268 935 1304 ficile
956 1268 1098 1304 videtur
1123 1267 1175 1313 ei,
1205 1267 1265 1316 qui
1297 1267 1353 1303 vel
1378 1279 1494 1316 pauca

844 1323 1024 1361 Herodoti
1045 1323 1194 1371 legerit,
1224 1319 1320 1373 πρὸς
1349 1323 1401 1358 ita
1422 1323 1494 1358 dif-

844 1379 954 1425 ficile,
986 1383 1023 1414 ut
1041 1379 1118 1428 ipse
1138 1379 1329 1414 commode
1355 1391 1413 1414 me
1449 1377 1491 1414 il-

843 1435 905 1470 lud
938 1435 1114 1483 explicare
1158 1447 1270 1484 posse
1315 1434 1491 1470 diffidam.

844 1491 927 1534 Quo
943 1491 1061 1526 minus
1092 1490 1161 1526 hoc
1187 1503 1207 1526 a
1234 1490 1378 1527 librario
1406 1503 1493 1539 pro-

841 1547 951 1583 ficisci
977 1547 1142 1597 potuisse
1180 1547 1299 1584 credo.
1358 1547 1491 1584 Dicere

840 1603 950 1639 voluit
973 1601 1072 1655 πρός
1093 1599 1143 1653 δή
1167 1597 1223 1641 ὧν
1242 1599 1336 1642 οὐδὲ
1354 1599 1398 1641 τό
1414 1604 1491 1641 Πε-

842 1657 1027 1711 λασγικὸν
1048 1658 1169 1706 ἔθνος
1198 1656 1355 1710 οὐδαμοὶ
1375 1655 1490 1710 μεγά-

842 1719 918 1762 λως
968 1711 1145 1766 ηὐξήθη.
1241 1716 1491 1766 Praeterquam

844 1773 932 1822 quod
946 1773 1076 1809 multae
1094 1772 1266 1809 barbarae
1284 1777 1402 1821 gentes
1414 1785 1491 1808 cum

843 1829 1046 1866 Hellenibus
1064 1829 1266 1865 coaluerunt
1276 1859 1286 1875 ‚
1300 1829 1490 1877 Pelasgica

842 1898 947 1933 gens,
989 1897 1060 1921 zma
1092 1898 1108 1920 e
1140 1885 1319 1931 barbaris,
1356 1898 1423 1934 per
1450 1897 1489 1921 se

844 1942 951 1977 etiam
972 1941 1049 1977 sine
1070 1940 1129 1975 illa
1150 1953 1280 1986 causa,
1310 1953 1377 1976 non
1396 1940 1488 1976 mul-

845 2000 918 2031 tum
939 1999 1047 2031 (meta
1076 1996 1175 2032 est.“
1232 1995 1330 2043 Iam,
1359 1997 1489 2033 eodem

842 2053 917 2087 viro
951 2053 1058 2088 docto
1090 2055 1280 2098 monente,
1314 2052 1403 2088 haec
1432 2056 1488 2089 est

841 2107 1021 2144 Herodoti
1052 2108 1252 2144 sententia:
1283 2108 1488 2145 accedit—-

842 2167 874 2199 et
891 2165 941 2199 sic
962 2163 1048 2200 mz'ln·
1066 2163 1203 2200 videtur
1223 2185 1278 2190 --
1307 2165 1396 2214 quod
1415 2164 1486 2201 Pe-

840 2220 979 2267 lasgz'ca
1020 2232 1104 2267 gens
1140 2223 1206 2257 etc.
1265 2220 1419 2257 Censori
1448 2222 1486 2258 in

840 2276 1401 2325 Ephemerr.Ienenss.1817
1430 2291 1485 2314 nr.

843 2332 922 2373 165
956 2345 1041 2381 pag.
1070 2333 1147 2372 381
1184 2333 1340 2369 scribere
1367 2332 1486 2382 placet

842 2385 874 2426 ὡ
886 2403 904 2434 ς
919 2389 1048 2425 eodem
1067 2401 1178 2425 sensu
1192 2402 1264 2438 quo
1284 2384 1485 2437 ωσαύτως,

839 2458 921 2481 cum
939 2445 990 2480 sic
1019 2445 1163 2481 demum
1189 2449 1226 2482 et
1256 2440 1350 2484 ουδὲ
1372 2450 1409 2482 et
1432 2443 1483 2496 δή

839 2501 896 2539 ὠν
935 2500 1084 2548 intelligi
1132 2501 1260 2551 possit.
1305 2524 1361 2528 -—
1408 2502 1483 2538 Pro

841 2556 956 2607 ἐμοί
993 2570 1049 2595 τε
1095 2557 1310 2605 quibusdam
1347 2557 1484 2621 placuit

842 2611 997 2665 ἔμοιγε,-
1035 2625 1107 2661 quo
1138 2613 1195 2650 vix
1221 2627 1332 2665 opus,
1371 2614 1402 2649 si
1428 2614 1484 2650 lo-

839 2683 919 2706 cuni
943 2683 986 2705 eo
1006 2669 1133 2716 modo,
1164 2683 1236 2718 quo
1256 2670 1366 2706 voluit
1384 2668 1483 2706 Mat-

838 2726 956 2771 thiae,
986 2725 1227 2774 explicaveris.
1292 2726 1392 2763 Idem
1426 2727 1483 2762 vir

839 2783 967 2818 doctus
978 2781 1014 2817 in
1027 2782 1091 2817 Gr.
1105 2781 1168 2818 Gr.
1179 2780 1215 2832 ᾗ.
1228 2784 1308 2823 626
1323 2795 1359 2832 p.
1373 2785 1480 2823 1279

837 2838 930 2876 bene
948 2841 1068 2875 tuetur
1095 2838 1304 2888 particulam
1327 2851 1388 2886 τε,
1423 2838 1479 2874 cui
