1909 3228
655 242 946 281 CL10.1.

1343 248 1428 289 403

143 356 166 391 7
177 347 443 408 ἐστρωμένη,
486 351 561 394 καί
591 351 634 395 οἱ
661 351 849 407 τράπεζα
876 353 1134 409 παρακέεται
1160 353 1329 412 χρυσέη.
1376 355 1425 400 ἅ-

170 433 312 486 γαλμα
342 430 388 474 δὲ
423 428 500 474 οὐκ
530 431 595 474 ἔνι
623 429 753 475 οὐδὲν
792 432 951 476 αὐτόθι
979 432 1284 489 ἐνιδρυμένον·
1322 431 1426 479 οὐδὲ

169 508 308 553 νύκτα
338 506 484 561 οὐδεὶς
520 510 783 565 ἐναυλίζεται
813 509 1082 567 ἀνθρώπων,
1128 511 1194 556 ὅτι
1220 511 1277 569 μή
1307 512 1418 571 γυνή
1435 520 1480 555 90

174 587 319 645 μούνη
359 594 448 633 τῶν
488 590 748 645 ἐπιχωρίων,
803 590 883 646 τήν
923 588 978 634 ἂν
1008 589 1032 634 ὁ
1065 591 1169 643 θεὸς
1206 590 1349 648 ἕληται
1375 591 1424 637 ἐκ

169 669 364 720 πασέων,
395 666 453 720 ὥς
481 669 655 725 λέγουσι
685 671 729 713 οἱ
756 672 989 721 Χαλδαῖοι,
1021 668 1162 722 ἐόντες
1190 669 1300 727 ἱρέες
1321 671 1420 716 τού-

168 865 238 905 καί
263 865 305 904 οἵ
329 859 498 916 τράπεζα
525 862 761 916 παρακέεται

110 920 281 974 χρυσέη]
305 921 470 958 Pluribus
488 934 651 959 mensam
670 921 762 957 hanc

112 978 284 1016 describit
321 977 508 1015 Diodorus
534 978 674 1014 Siculus
715 977 761 1024 ll,

113 1038 152 1076 9.
181 1034 262 1072 Iure
287 1038 408 1071 autem
438 1034 506 1070 hoc
527 1035 574 1071 ad
593 1034 763 1070 lectister-

111 1094 194 1138 nia,
233 1104 325 1139 quae
346 1103 420 1127 non
444 1089 563 1127 solum
584 1089 761 1127 Romanis

113 1148 309 1185 Graecisve
344 1146 493 1193 usitata,
532 1159 598 1196 per
637 1146 762 1183 Asiam

111 1216 281 1253 quoqne,
310 1206 468 1240 testante
487 1215 587 1239 sacra
607 1202 762 1252 scriptu-

110 1273 174 1307 ra,
202 1259 430 1296 inveniuntur
456 1259 633 1295 communi
661 1262 761 1296 vete-

108 1329 190 1353 rum
221 1315 382 1364 gentium
413 1326 457 1351 ex
490 1315 759 1364 superstitione,

108 1372 220 1409 refert
241 1384 263 1408 a
295 1370 325 1407 C
331 1383 360 1407 r.
391 1369 556 1407 laudatus
578 1370 758 1407 Gesenius

109 1427 147 1464 in
168 1425 446 1463 Commentariis
475 1427 523 1463 ad
542 1425 647 1463 Iesai.
679 1429 704 1462 t.
724 1425 757 1462 H

107 1495 194 1535 pag.
214 1485 295 1525 286
307 1481 407 1530 (coll.
427 1483 508 1522 283
527 1483 638 1531 seq).
661 1483 756 1522 335.

107 1539 191 1581 346
238 1537 527 1587 testimoniisque
574 1550 757 1575 sacrorum

106 1595 322 1645 scriptorum
350 1595 488 1642 firmat,
525 1594 646 1643 quiin
676 1593 757 1631 Beli

107 1651 204 1690 cultu
223 1665 298 1689 non
319 1650 430 1688 semel
446 1654 649 1688 memorant
667 1649 756 1688 haec

106 1707 325 1746 lectisternia
345 1707 577 1756 ciborumque
596 1719 755 1756 appara-

107 1767 167 1802 tus
183 1763 395 1814 splendidos
408 1791 420 1810 ,
447 1763 537 1800 Belo
558 1763 711 1799 oblatos.

167 1816 222 1866 ὥς
258 1818 413 1870 λέγουσι
463 1818 504 1856 οἱ
549 1818 755 1862 Χαλδαῖοι,

107 1871 241 1922 ἐόντες
264 1872 363 1927 ἷρὲες
382 1868 525 1917 τούτου
545 1876 617 1912 τοῦ
636 1871 753 1923 θεοῦ]

108 1932 168 1970 De
188 1931 383 1969 Chaldaeis
406 1930 526 1967 dicere
543 1929 704 1978 longrun,
724 1930 756 1966 si

108 1987 226 2026 varias
247 1988 402 2024 virorum
430 1986 616 2022 doctorum
635 1986 682 2023 de
702 1985 755 2022 his

108 2044 307 2081 sententias
323 2046 489 2080 excutere
506 2042 604 2079 velis.
661 2040 757 2088 Nos,

107 2099 255 2149 reliquis
270 2097 554 2150 praetermissiS,
581 2098 624 2134 iis
641 2098 758 2148 potis-

108 2155 238 2192 simum
258 2155 463 2191 insistamus
476 2182 487 2201 ,
516 2166 611 2203 quae
629 2158 755 2190 nostra

108 2215 229 2249 aetate
242 2211 307 2248 viri
327 2211 546 2256 doctissimi,
573 2210 754 2247 Gesenius

109 2267 147 2305 in
159 2267 422 2304 Commentarr.
453 2267 501 2303 ad
533 2266 636 2304 [esai.
665 2270 691 2303 t.
719 2265 754 2302 11

108 2336 194 2374 pag.
206 2323 288 2364 349
308 2336 412 2372 seqq.
441 2323 599 2360 Heeren.
624 2321 755 2369 (ldeen

109 2379 147 2426 Ι,
166 2383 192 2421 2
220 2392 305 2429 pag·
335 2379 414 2420 152
431 2391 513 2428 sqq·
540 2380 620 2420 194
639 2380 756 2428 sqq),

108 2433 272 2472 Ritterus
302 2434 532 2481 (Erdkunde
558 2434 592 2472 11
611 2448 649 2484 p.
672 2437 755 2475 797

110 2491 248 2539 seqq),
274 2490 356 2536 alii,
386 2503 478 2539 quos
512 2491 560 2527 ad
592 2490 754 2528 Ctesiam

109 2558 147 2596 p.
170 2546 248 2586 140
275 2559 352 2594 seq.
374 2546 497 2592 citavi,
526 2550 754 2583 monuerunt.

109 2601 187 2638 Iam
216 2613 311 2650 quae
344 2601 608 2639 Chaldaeorum
639 2603 755 2650 origo,

110 2669 205 2707 quae
226 2656 345 2704 gentis
364 2657 481 2706 prima
502 2658 629 2704 sedes,
659 2659 755 2694 unde

108 2714 272 2764 prosecta
292 2712 349 2749 illa
369 2713 405 2748 in
416 2712 755 2760 Babylonem3haec

109 2773 146 2806 et
164 2769 248 2805 talia
269 2773 308 2804 ut
326 2768 360 2804 h.
378 2768 400 2804 l.
430 2770 610 2818 copiosius
639 2770 755 2806 disse-

109 2837 207 2872 ram,
247 2825 304 2861 vix
335 2835 357 2861 a
392 2837 449 2861 me
481 2825 669 2874 quisquam
694 2838 756 2862 ex-

108 2880 298 2932 spectabit.
355 2879 478 2926 Quare
497 2880 535 2919 in
550 2881 754 2921 universum

827 877 982 911 moneo,
1031 863 1296 903 Chaldaeorum
1329 866 1478 905 nomine

826 921 974 973 proprie
990 922 1184 959 nomadum
1205 927 1349 971 gentem
1379 922 1478 960 desi-

828 979 932 1027 gnari
952 978 989 1014 in
1009 978 1145 1028 campis
1166 979 1211 1016 ab
1228 978 1347 1016 Araxe
1365 991 1477 1029 supe-

827 1036 922 1072 riore
951 1034 1108 1083 irrigatis
1142 1035 1344 1085 palantem3
1381 1047 1477 1083 quae

828 1104 907 1128 cum
944 1103 1018 1127 non
1048 1090 1138 1126 alius
1168 1095 1277 1139 atque
1306 1091 1476 1130 Persicae

828 1146 949 1197 stirpis
970 1146 1136 1197 primitus
1163 1147 1275 1185 fuisse
1298 1147 1475 1195 videatur,

827 1204 956 1241 eodem
988 1215 1134 1252 quoque
1168 1207 1275 1253 pacto
1301 1203 1473 1241 credibile

827 1264 904 1307 est,
943 1258 1116 1296 habuisse
1150 1260 1378 1297 sacerdotum
1411 1259 1474 1296 tri-

826 1316 912 1353 bum
940 1315 1145 1363 quandam‚
1176 1315 1319 1364 qualem
1338 1314 1472 1364 Magos

824 1373 937 1409 ferme
977 1375 1086 1419 atque
1117 1370 1206 1406 alios
1254 1372 1352 1421 apud
1382 1371 1472 1408 alias

823 1427 935 1464 Asiae
951 1426 1148 1476 superioris
1172 1427 1336 1463 nationes
1365 1428 1472 1464 inve-

823 1483 952 1520 nimus.
1019 1481 1072 1518 Ut
1119 1481 1213 1520 enim
1259 1482 1471 1530 existimem,

824 1539 1052 1585 Chaldaeos,
1078 1539 1206 1576 rudem
1229 1543 1340 1587 atque
1358 1538 1472 1576 incul-

822 1599 896 1633 tam
917 1598 1061 1644 gentem
1074 1623 1085 1641 ‚
1115 1599 1189 1632 tum
1207 1595 1372 1642 deinum,
1390 1608 1471 1633 cum

823 1652 970 1690 sedibus
989 1651 1167 1700 prioribus
1192 1651 1228 1687 in
1244 1650 1332 1688 Asia
1360 1665 1471 1702 supe-

822 1709 908 1745 riori
940 1706 1071 1745 relictis
1114 1706 1341 1755 Babylonem
1365 1721 1471 1745 occu-

822 1767 986 1814 passent,
996 1764 1107 1799 sacris
1121 1763 1282 1800 colendis
1293 1767 1329 1801 et
1339 1763 1469 1800 Astro-

822 1819 968 1856 nomiae
1002 1819 1093 1867 (qua
1119 1832 1184 1869 per
1206 1823 1322 1855 totum
1343 1819 1468 1857 orbem

822 1874 1002 1921 celebres)
1030 1874 1224 1911 discendae
1243 1888 1283 1911 se
1307 1875 1468 1922 dedisse,

823 1943 1007 1979 nunquam
1027 1941 1049 1966 a
1069 1943 1127 1967 me
1159 1931 1352 1979 impetrare
1380 1942 1468 1980 pos-

822 1999 912 2023 sum.
942 1984 1142 2022 Palmblad.
1167 1986 1213 2022 de
1230 1986 1305 2022 reb.
1323 1985 1466 2034 Babyll.

822 2055 908 2093 pag.
939 2043 991 2082 67
1021 2054 1125 2090 seqq.
1157 2043 1211 2082 70
1259 2041 1464 2079 Chaldaeos

823 2098 947 2135 statuit
968 2096 1080 2134 fuisse
1104 2096 1286 2134 Kusliitas.
1345 2097 1466 2141 Quid-

822 2155 911 2203 quid
930 2152 1071 2199 statuis,
1091 2153 1355 2190 Chaldaeorum
1373 2166 1465 2202 gens

820 2210 904 2247 olim
924 2209 1145 2247 ferocissima
1172 2213 1208 2247 et
1235 2209 1464 2246 bellicosissi—

820 2280 897 2313 ma,
925 2265 985 2302 ubi
1014 2265 1163 2302 subacta
1186 2264 1464 2315 Mesopotamia,

819 2322 1008 2370 Babylone
1033 2322 1141 2359 sedes
1162 2321 1273 2373 cepit,
1302 2321 1463 2372 inprimis

821 2380 932 2415 sacris
953 2379 1174 2426 deorumque
1198 2378 1295 2414 cultu
1312 2382 1348 2415 et
1367 2378 1466 2415 side-

821 2435 919 2472 ribus
961 2433 1230 2484 perscrutandis
1270 2433 1465 2483 conspicua

821 2491 898 2528 fuit.
955 2490 1045 2527 Inde
1060 2490 1129 2527 hoc
1146 2489 1224 2526 loco
1245 2493 1465 2527 memoratur

822 2546 1051 2583 sacerdotum
1079 2546 1216 2592 tribus,
1256 2545 1370 2594 qualis
1406 2543 1464 2583 vel

821 2602 934 2639 multo
953 2609 1038 2652 post
1053 2602 1291 2648 Herodotum,
1309 2600 1464 2639 Alexan-

822 2658 877 2695 dri
914 2657 1041 2706 Magni
1074 2658 1238 2706 adeoque
1274 2657 1462 2694 Strabonis

821 2717 941 2751 aetate
967 2714 1082 2750 adhuc
1104 2713 1277 2761 occurrit,
1305 2714 1365 2750 ubi
1386 2726 1462 2750 cer-

821 2774 895 2806 tam
924 2770 1103 2818 quandam
1136 2769 1332 2818 Babylonis
1365 2769 1461 2806 urbis

820 2829 959 2876 partem
987 2825 1054 2861 soli
1078 2825 1260 2863 habitasse
1286 2826 1461 2872 dicuntur,

821 2893 843 2919 a
863 2881 1079 2933 reliquorum
1104 2881 1285 2920 hominum
1312 2893 1462 2920 consor-

1103 2937 1191 2981 26*
