1909 3228
69 724 135 767 24

551 221 1073 261 EUTERPE.II.
1359 221 1442 261 527

72 340 136 384 23
193 347 266 386 χει.
319 331 368 374 Ὁ
398 332 442 374 δὲ
472 332 566 386 περὶ
596 337 676 375 τοῦ
702 331 915 375 Ὠκεανοῦ
945 331 1086 382 λέξας,
1116 329 1158 379 ἐς
1179 325 1342 384 ἀφανὲς
1363 327 1442 371 τόν

163 414 342 466 Ξμῦθον
371 408 619 462 ἀνενείκας,
670 409 752 453 οὐκ
791 410 872 465 ἔχει
917 411 1095 464 ἔλεγχον.
1154 406 1207 451 οὐ
1236 406 1317 462 γάρ
1347 412 1496 450 τινα65

192 489 322 544 ἔγωγε
352 487 451 532 οἶδα
490 488 687 545 ποταμὸν
724 488 933 531 Ὠκεανὸν
963 488 1109 531 ἐόντα·
1156 487 1354 542 ΓΌμηρον
1383 485 1440 536 δὲ,

190 566 220 623 ἤ
246 584 340 610 τινα
378 572 464 611 τῶν
506 568 718 623 πρότερον
747 568 991 623 γενομένων
1028 566 1260 621 ποιητέων,
1305 564 1440 608 δοκέω

190 645 385 700 τοῦνομα
417 646 598 700 εὑρόντα
628 648 669 697 ἐς
707 646 787 701 τήν
815 648 988 700 ποίησιν
1018 645 1325 687 ἐσενείκασθαι.
1497 645 1576 687 114

282 727 337 767 Εἰ
368 725 412 768 δὲ
443 728 509 768 δεῖ
534 725 813 781 μεμψάμενον
842 724 1016 779 γνώμας
1045 724 1118 774 τὰς
1144 721 1438 777 προκειμένας,
1494 722 1590 757 Ipsius
1625 721 1770 749 ”emam

1494 756 1652 790 sententia,
1670 755 1771 782 Nilum

1494 793 1609 816 aestate
1641 789 1772 816 abunda-

192 802 325 847 αὐτὸν
370 804 467 857 περὶ
513 808 601 846 τῶν
651 802 853 859 ἀφανέων
903 801 1078 857 γνώμην
1118 800 1760 856 ἀποδέξασθαιβῡη,,ῃῑῃυῑὴῑεωρ

1497 855 1572 890 quod
1624 865 1690 883 cuin
1727 864 1759 883 so

190 883 344 939 φράσω
376 881 486 925 διότι
523 899 597 937 μοι
635 883 772 925 δοκέει
808 881 1080 936 πληθύεσθαι
1120 879 1142 923 ὁ
1175 884 1333 930 Νεῖλος
1362 883 1440 922 τοῦ
1497 889 1628 916 aestivus
1647 889 1771 916 abAsri-

1496 931 1532 949 ca
1557 923 1710 956 superiore
1727 922 1772 949 di-

235 963 243 975 .
424 961 433 974 η
692 962 700 974 ,
778 961 798 974 η
928 958 937 973 ‚
1119 959 1129 972 1
1285 957 1296 972 ε
1327 957 1347 972 Γ,
1524 965 1530 970 .
1555 965 1564 970 .
1706 956 1712 962 -

160 967 356 1018 Ξθερεος.
387 978 465 1018 την
492 978 734 1018 χειμερινην
764 978 885 1018 ωρην
910 965 1296 1016 απελαυνομενοςο
1320 963 1440 1014 ηλιος
1494 964 1641 990 ἕωθωθ·
1675 964 1771 982 ¹¹¹¹¹¹¹¹⁸

320 1181 352 1217 C
366 1193 387 1217 a
399 1193 436 1230 p.
472 1180 606 1218 XXIII.

477 1267 493 1274 ι..

190 1261 213 1302 o‘
236 1260 277 1301 δὲ
305 1263 393 1313 περὶ
419 1280 487 1303 του
509 1261 706 1303 Ὠκεανοῦ
725 1261 783 1301 λε’-

135 1320 202 1366 ξας
223 1335 256 1358 κ,
287 1335 317 1357 τ.
341 1320 396 1370 λ.]
428 1322 651 1358 Hecataeum
677 1319 781 1356 Mile—

133 1377 225 1412 sium
236 1377 410 1423 intelligit,
424 1382 465 1412 ut
484 1378 635 1413 vidimus
658 1376 702 1421 II⁷
715 1379 779 1416 21.

132 1432 363 1468 Herodotum
394 1434 557 1480 sequitur
579 1432 778 1468 Pausanias

131 1487 159 1533 Ῑ,
178 1489 232 1528 33
256 1486 291 1538 §.
310 1488 346 1528 4.
366 1490 426 1525 ubi
445 1493 558 1537 negat
580 1488 779 1537 Aethiopes

131 1545 180 1581 ad
199 1544 385 1581 Oceanum
406 1545 554 1581 fluvium
582 1544 753 1581 habitare.

188 1626 228 1674 ἐς
257 1623 409 1680 α’φανὲς
440 1625 505 1668 τὸν
533 1630 668 1679 μῦθον
698 1622 782 1665 cive-

131 1684 285 1731 νείκας,
318 1681 389 1723 οὐκ
412 1684 486 1734 ἔχει
510 1682 685 1734 ἔλεγχον]
708 1685 729 1719 i.
750 1696 781 1719 e.

131 1739 198 1776 Ille
227 1753 301 1777 cum
327 1755 506 1778 sermonem
531 1742 605 1789 (de
629 1740 704 1777 Nili
724 1741 781 1775 in-

134 1798 346 1841 cremento)
377 1811 403 1833 s.
437 1811 579 1833 causam
609 1809 708 1832 suam
736 1794 781 1829 ad

135 1853 311 1888 obscurum
332 1855 483 1889 rez‘ecerit
502 1853 566 1899 (ab
587 1865 630 1888 eo
643 1881 652 1898 ‚
684 1850 782 1898 quod

135 1909 328 1944 obscurum
351 1914 427 1955 est,
458 1921 669 1957 suspensam
687 1908 782 1943 sece-

133 1965 180 2000 rit
211 1977 278 2001 nee
310 1966 412 2001 firmo
445 1965 637 2012 validoque
674 1975 784 2010 argu-

133 2025 257 2057 mento
295 2021 537 2067 confirmarit)
572 2034 637 2055 non
671 2018 783 2064 habet,

135 2077 226 2127 quod
250 2090 309 2112 nos
335 2080 528 2113 convincat.
577 2076 782 2112 Obscurum

133 2137 254 2170 autem
282 2133 369 2169 illud
390 2146 417 2169 s.
437 2130 479 2170 ro*
499 2127 651 2180 εἷφανές
677 2130 783 2167 intel-

131 2190 209 2237 ligit
222 2190 407 2226 Oceanum
429 2194 466 2225 et
484 2189 530 2225 de
549 2202 591 2224 eo
611 2186 782 2232 fabulam,

133 2246 269 2295 quippe
287 2259 363 2282 rein
381 2246 500 2282 fictam
522 2258 590 2281 nec
612 2243 683 2279 uilo
706 2256 782 2278 mo-

134 2302 182 2337 do
220 2302 412 2350 probatam
459 2306 570 2349 atque
608 2304 782 2349 apertam.

133 2356 235 2393 Idem
258 2358 414 2393 affirmat
441 2357 580 2394 Noster
599 2356 667 2401 lv,
687 2357 711 2395 8
736 2355 781 2391 ab

135 2412 297 2448 Homero
313 2413 350 2449 in
369 2414 422 2449 his
444 2414 649 2456 discedens,
672 2412 709 2447 in
722 2425 782 2447 cu-

136 2468 192 2503 ius
217 2469 333 2505 verbis
353 2470 398 2505 de
429 2469 578 2505 Oceano
604 2469 675 2503 iam
701 2467 783 2502 olim

137 2523 363 2560 desudarunt
405 2525 502 2561 docti
537 2522 783 2568 Grainmatici,

137 2583 179 2615 ut
197 2592 217 2615 e
238 2579 420 2617 Strabone
436 2581 451 2616 I
468 2594 503 2628 p.
524 2582 548 2619 9
571 2594 597 2615 s.
620 2593 655 2627 p.
679 2583 704 2618 4
718 2592 785 2614 no—

138 2635 265 2670 vimus.
294 2635 353 2671 Tu
372 2636 442 2671 vid.
464 2637 613 2671 Homer.
632 2635 671 2670 Il.
685 2635 783 2680 XIV,

140 2690 220 2731 245
241 2695 277 2727 et
294 2703 388 2738 quae
406 2693 451 2727 de
467 2691 618 2727 Homeri
640 2695 786 2727 senteu-

138 2747 191 2783 tia
216 2747 362 2783 uberius
383 2748 581 2796 disputavit
600 2746 728 2782 Ukert.
750 2747 787 2783 in

139 2802 347 2852 Geograph.
379 2803 414 2839 d.
440 2803 505 2839 Gr.
528 2815 564 2839 u.
583 2803 689 2839 Rom.
712 2802 740 2849 I,
760 2806 787 2843 2

138 2871 221 2908 pag.
241 2861 266 2900 8
285 2871 386 2907 seqq.

1497 989 1646 1017 attrahat:
1673 989 1771 1016 hiber-

1498 1031 1553 1060 nus
1571 1023 1703 1058 propior,
1712 1031 1771 1049 ma-

1498 1063 1557 1090 gis.

907 1175 937 1229 ἤ
959 1193 1046 1217 τινα
1065 1179 1146 1216 ταῖν
1172 1172 1366 1229 πρότερον
1390 1189 1498 1227 γενο-

852 1233 981 1285 μένων
1000 1233 1206 1284 ποιητέων]
1238 1234 1372 1279 „Confi
1387 1232 1433 1278 II,
1445 1233 1498 1273 53

850 1292 940 1328 fin.“
972 1292 1036 1328 Cr.
1086 1291 1145 1328 Ad
1163 1304 1271 1340 quem
1292 1289 1408 1326 locum
1425 1289 1498 1325 vid.

848 1352 980 1385 notatt.

1032 1457 1140 1507 cap.
1173 1457 1308 1493 XXIV.

909 1540 944 1580 εἰ
975 1538 1017 1579 δὲ
1051 1541 1182 1580 δεῖ-
1205 1536 1498 1589 ἀποδέξασθαι]

851 1592 1164 1636 ἀποδείκνυσθαι
1184 1592 1345 1648 γνώμην
1358 1600 1413 1633 est
1424 1609 1501 1632 sen-

850 1656 993 1690 tentiam
1012 1654 1199 1700 declarare,
1214 1656 1249 1690 in
1261 1653 1405 1690 medium
1417 1665 1501 1701 pro—

844 1710 952 1760 ferre.
992 1711 1098 1747 Conf.
1118 1711 1188 1756 III,
1215 1712 1279 1751 82.
1314 1711 1404 1750 160.
1438 1707 1501 1755 IV,

851 1770 915 1807 97.
935 1767 962 1811 I,
982 1769 1074 1807 207.
1099 1769 1177 1806 170
1197 1770 1265 1802 etc.
1295 1766 1386 1802 Item
1404 1760 1499 1802 εἷπο-

852 1822 1070 1870 φαίνεσθαι
1082 1821 1175 1867 VIII,
1190 1822 1254 1861 49.
1277 1820 1371 1856 Add.
1384 1821 1500 1856 Hein-

852 1878 944 1913 dorf.
965 1878 1012 1913 ad
1030 1877 1170 1913 Pluton.
1191 1877 1305 1924 Gorg.
1327 1888 1410 1925 pag.
1434 1877 1499 1916 68.

851 1954 906 1960 -
935 1933 1144 1978 „Herodoti
1169 1932 1384 1968 sententiam
1409 1944 1500 1980 pau-

853 1989 902 2025 cis
931 1989 1050 2025 verbis
1085 1992 1305 2024 contractam
1349 1987 1499 2036 praebet

852 2058 997 2093 quoque
1010 2044 1036 2080 Ι.
1046 2043 1155 2080 Laur.
1166 2043 1294 2091 Lydus
1308 2044 1354 2080 de
1365 2056 1498 2080 menss.

851 2115 885 2151 p.
908 2102 989 2142 263
1009 2101 1065 2137 ed.
1085 2099 1247 2136 Roeth.“
1279 2099 1342 2136 Cr.

906 2181 979 2234 τήν
1012 2181 1235 2233 χειμερινήν
1274 2179 1380 2234 ὤρην
1410 2178 1501 2222 οἷπε-

851 2235 1090 2289 λαυνόμενος
1108 2235 1250 2289 ὅῆλιος
1269 2254 1303 2277 κ.
1316 2237 1407 2288 τ.λ,.]
1430 2240 1451 2275 ἰ.
1466 2253 1498 2276 e.

851 2297 927 2344 „sol
952 2309 1014 2345 per
1033 2296 1205 2332 hibernum
1225 2299 1357 2344 tempus
1383 2295 1499 2344 repul-

850 2367 909 2389 sus
932 2365 948 2388 e
976 2354 1089 2401 priori
1119 2365 1222 2388 cursu
1251 2352 1294 2387 ab
1323 2352 1500 2398 laeiemibus,

848 2409 980 2446 accedit
999 2408 1046 2444 acl
1067 2407 1203 2457 Libyae
1219 2410 1374 2456 regiones
1397 2421 1498 2457 supe-

853 2467 1001 2502 rz'ores.“
1049 2464 1107 2500 Ad
1136 2465 1251 2513 ipsam
1282 2465 1499 2500 sententiam

853 2523 1003 2566 faciunt,
1013 2533 1105 2569 quae
1125 2520 1322 2568 disputavit
1333 2520 1499 2557 Bredow.

853 2578 891 2614 in
918 2576 1117 2624 Uranolog.
1148 2576 1325 2612 Herodot.
1355 2576 1500 2624 specim.

852 2647 937 2683 pag.
958 2633 1042 2668 VH:
1081 2632 1295 2677 „Herodoto
1322 2635 1419 2668 terra
1443 2635 1500 2668 est

854 2690 980 2739 plana,
1012 2688 1112 2724 coelo
1137 2691 1333 2724 concavato
1362 2688 1398 2724 in
1422 2700 1500 2724 mo-

855 2746 940 2781 dum
967 2744 1215 2793 hemisphaerii
1245 2744 1408 2790 obtecta,
1437 2757 1499 2780 cu-

854 2802 909 2837 ius
932 2801 1110 2848 margines
1131 2801 1296 2837 extremis
1320 2804 1440 2836 terrae
1456 2799 1502 2835 fi-

854 2857 958 2894 nibus
977 2856 1174 2905 iunguntur
1183 2858 1207 2876 ‘⁶
1234 2860 1272 2893 et
1289 2867 1374 2906 pag.
1392 2855 1498 2892 XIII:
