1909 3228
85 1442 184 1490 114

696 146 916 186 CLIO.
973 147 1001 186 Ι.
1397 151 1480 191 279

217 258 342 314 ἔφερε
372 256 643 302 θανατώσων
670 259 830 310 παῖδα,
859 260 1018 301 τοῦτον
1046 257 1126 313 μὲν
1155 258 1397 311 παραδιδοῖ
1422 260 1479 316 τῇ

215 336 383 381 ἑωυτοῦ
417 338 617 393 γυναικί·
648 335 728 381 τὸν
749 338 795 381 δὲ
815 337 1009 389 ἑωυτοῦ,
1040 335 1166 380 ἐόντα
1185 337 1364 391 νεκρόν,
1396 342 1475 381 λα-
1488 346 1532 380 85

213 414 306 471 βιὸν
348 416 476 472 ἔθηκε
523 416 566 468 ἐς
604 415 652 460 τὸ
692 414 824 472 ἄγγος
865 416 913 460 ἐν
952 419 1011 474 τῷ
1042 414 1167 472 ἔφερε
1195 415 1273 459 τόν
1302 416 1472 471 ἕτερον·

214 493 437 552 κοσμήσας
476 496 521 540 δὲ
562 499 622 553 τῷ
661 495 811 554 κόσμῳ
847 496 977 539 παντὶ
1014 499 1096 539 τοῦ
1126 494 1276 550 ἑτέρου
1305 495 1474 548 παιδὸς,

187 573 366 630 Βφέρων
395 574 438 626 ἐς
470 574 519 618 τό
549 574 814 631 ἐρημότατον
843 579 931 620 τῶν
960 573 1131 630 οὐρέων
1158 580 1281 618 τιθεῖ.
1341 574 1401 626 ὥς
1430 574 1475 618 δὲ
1532 568 1585 610 57

212 654 334 710 τρίτη
361 652 495 710 ἡμέρη
532 656 593 710 τῷ
632 654 791 711 παιδίῳ
829 654 1059 712 ἐκκειμένῳ
1088 653 1277 710 ἐγένετο,
1327 652 1396 710 ἤϊε
1432 652 1476 704 ἐς

212 731 342 776 πόλιν
372 730 395 775 ὁ
426 731 661 788 βουκόλος,
708 736 797 776 τῶν
835 750 935 777 τινα
971 733 1236 790 προβόσκων
1276 730 1477 789 φύλακον

185 811 355 854 4αυ’τοῦ
385 808 646 854 καταλιπών.
675 810 821 855 ἐλθών
850 812 896 856 δὲ
925 812 969 864 ἐς
995 816 1076 856 τοῦ
1096 811 1340 868 Ἁρπάγου,
1372 809 1530 854 duo-90

210 889 434 933 δεικνύναι
465 891 546 946 ἔφη
576 889 748 946 ἑτοῖμος
777 889 889 934 εἶναι
914 897 996 936 τοῦ
1024 893 1206 936 παιδίου
1228 891 1306 935 τὸν
1324 891 1471 933 νέκυν.

209 968 380 1024 πέμψας
411 970 454 1012 δὲ
485 967 509 1013 ὁ
529 969 745 1025 ’Ἅρπαγος
774 973 862 1013 τῶν
890 970 1056 1015 ἑωυτοῦ
1087 970 1353 1026 δορυφόρων
1371 968 1475 1019 τούς

208 1047 519 1103 πιστοτάτους,
570 1047 656 1093 εἶδέ
684 1065 728 1092 τε
759 1048 832 1092 διὰ
860 1048 1052 1102 τούτων,
1100 1049 1174 1093 καὶ
1218 1049 1354 1100 ἔθαψε
1391 1050 1476 1091 τοῦ

181 1127 435 1182 5βουκόλου
464 1127 512 1172 τὸ
542 1129 733 1172 παιδίον.
764 1129 838 1173 καὶ
866 1127 915 1172 τό
946 1128 1027 1185 μὲν
1057 1127 1286 1172 ἐτέθαπτο·
1325 1125 1404 1171 τὸν
1425 1126 1473 1169 δὲ

210 1205 392 1262 ὕστερον
420 1206 588 1251 τούτων
627 1210 781 1262 Κῦρον
822 1207 1126 1263 ὀνομασθέντα
1155 1208 1530 1262 παραλαβοῦσα95

207 1285 357 1340 ἔτρεφε
383 1283 411 1342 ἡ
441 1285 552 1343 γυνή
587 1291 669 1330 τοῦ
697 1285 942 1342 βουκόλου,
983 1286 1155 1342 οὔνομα
1185 1285 1290 1330 ἄλλο
1319 1287 1402 1329 κοῦ
1431 1300 1473 1328 τι

207 1379 233 1406 κ
266 1364 275 1380 ἲ
357 1364 367 1378 7
451 1369 468 1377 ⁶-
683 1365 692 1380 Ι

237 1381 281 1407 αι
311 1380 365 1408 ου
397 1367 553 1420 Κυρον
586 1370 763 1423 θεμένη.

1522 1431 1619 1469 Gyrus
1661 1432 1800 1462 decennis

320 1444 408 1487 Καὶ
439 1443 508 1489 ὅτε
534 1443 587 1501 δὴ
616 1440 672 1502 ἦν
701 1444 902 1501 δεκαέτης
925 1441 949 1487 ὁ
970 1446 1097 1497 παῖς,
1127 1445 1304 1499 πρῆγμα
1327 1440 1370 1493 ές
1390 1436 1466 1483 αὖ·
1521 1475 1550 1494 a.
1568 1467 1616 1494 5⁶1
1634 1475 1684 1494 „ex
1703 1467 1732 1494 ᾗ,
1750 1468 1796 1494 lu-

1444 1521 1463 1531 ...
1520 1509 1557 1527 su
1575 1508 1592 1528 a
1604 1501 1796 1535 eongerroni-

176 1523 288 1567 Ξτόν
315 1522 490 1567 τοιόνδε
527 1521 766 1580 γενόμενον
807 1522 982 1580 ἐξέφηνέ
1013 1539 1100 1579 μιν.
1159 1521 1299 1574 ἔπαιζε
1335 1520 1381 1564 ἐν
1410 1535 1462 1577 τῃ
1517 1533 1798 1568 bussactus‚puero

1520 1566 1613 1594 nobili
1631 1567 1800 1602 verberato,

204 1601 327 1659 κώμῃ
365 1601 502 1659 ταύτῃ
542 1603 590 1647 ἐν
625 1608 679 1661 τῇ
717 1599 831 1661 ἦσαν
867 1603 940 1647 καὶ
981 1603 1026 1646 αἱ
1060 1601 1289 1658 βουκολίαι
1319 1593 1462 1651 αὗται,
1517 1600 1795 1628 ¹²⁰⁰¹¹³³¹²¹¹rab²³u⁹

206 1681 348 1734 ἔπαιζε
378 1682 425 1726 δὲ
454 1679 537 1736 μετ’
569 1682 712 1732 ἄλλων
740 1683 903 1739 ἡλίκων
933 1681 979 1726 ἐν
1010 1680 1118 1740 ὁδῷ·
1148 1679 1221 1724 καὶ
1244 1680 1288 1723 οἱ
1314 1678 1465 1728 παῖδες

1517 1637 1604 1669 patre
1622 1634 1796 1661 Artembare

1519 1668 1599 1704 apud
1616 1668 1777 1703 Astyagen.

205 1762 428 1813 παίζοντες
458 1762 626 1805 εἴλοντο
655 1761 830 1805 ἑωυτῶν
868 1760 1047 1817 βασιλέα
1082 1757 1194 1804 εἶναι
1222 1762 1383 1803 τοῦτον
1412 1754 1466 1810 δὴ

150 1955 295 2003 παῖδα,
314 1957 458 1994 τοῦτον
478 1970 503 2005 μ
517 1951 567 1995 ἓν
587 1953 806 2006 παραδιδοῖ

149 2027 187 2051 κ.
211 2027 243 2050 τ.
263 2011 314 2062 λ.]
369 2011 514 2048 Monuit
550 2012 596 2049 de
628 2010 802 2062 particula

148 2065 223 2119 μὲν
242 2068 279 2105 in
299 2068 355 2105 his
368 2069 497 2106 iterata
510 2067 642 2105 Matth.
656 2066 692 2118 ἓ.
708 2070 803 2115 622,

149 2124 175 2166 5
194 2137 280 2177 pag.
297 2125 417 2166 1263.

214 2183 297 2220 τῶν
345 2195 434 2220 τινα
483 2173 803 2230 προβόσκων

151 2235 334 2287 φύλακον
387 2230 511 2276 αὐτοῦ
545 2230 798 2285 καταλιπών]

150 2289 375 2345 πρόβοσκος
408 2293 456 2331 de
475 2297 617 2343 pastore
638 2305 717 2329 cum
744 2304 803 2328 ra-

151 2350 225 2386 rius
252 2354 418 2388 occurrat
455 2348 505 2396 (e
533 2349 687 2386 Philone
722 2347 800 2384 Iud.

150 2404 282 2454 Legat.
312 2420 350 2456 p.
381 2408 485 2454 993,
504 2406 552 2444 D.
581 2403 804 2453 VVesseling.

152 2460 276 2498 laudat
301 2457 586 2514 προβόσκημα,
614 2461 724 2498 modo
743 2472 804 2497 sa-

153 2530 240 2554 num
257 2517 330 2567 sit)
359 2518 515 2568 suspicio
541 2521 623 2554 orta
651 2515 806 2554 Valcke-

153 2573 278 2621 nario,
343 2574 631 2612 substituendam
680 2585 807 2611 vocem

154 2630 273 2679 magis
314 2629 483 2667 usitatam
531 2623 805 2681 αἰγοβόσκων;

155 2699 251 2736 quae
270 2690 392 2724 tamen
416 2690 455 2723 ut
473 2689 558 2732 ταῖς
578 2686 808 2737 βουκολίαις

156 2745 251 2781 bene
263 2744 465 2790 conveniat,
474 2743 553 2780 iure
562 2743 689 2780 metuit
698 2743 808 2781 Wes-

158 2800 348 2850 selingius.
378 2795 611 2854 Πρόβοσκος
629 2797 809 2852 aToupio

869 1952 1008 2004 (Epist.
1032 1951 1140 1990 critic.
1172 1963 1210 2001 p.
1232 1952 1285 1992 66
1316 1949 1375 1987 ed.
1394 1946 1520 1998 Lips.)

869 2009 1068 2060 explicatur
1085 2006 1314 2044 subbubulcus
1325 2034 1335 2053 ,
1365 2019 1394 2041 s.
1408 2004 1520 2040 locum

870 2070 983 2103 tenens
1013 2063 1173 2108 bubulczss·
1221 2062 1290 2099 nisi
1326 2061 1448 2111 potius
1468 2060 1522 2096 ita

870 2121 1120 2172 accipiendum
1150 2124 1189 2156 ut
1218 2117 1397 2155 inferioris
1421 2115 1521 2152 ordi-

870 2179 927 2216 nis
955 2181 1140 2228 pastorem
1165 2175 1322 2221 indicet,
1360 2171 1422 2222 qui
1452 2171 1521 2208 sub

868 2234 1021 2284 imperio
1069 2232 1172 2281 quasi
1217 2231 1307 2267 alius
1346 2227 1520 2279 praefecti

869 2288 1066 2341 superioris
1076 2287 1213 2337 (qualis
1231 2291 1288 2324 est
1302 2283 1521 2335 Harpagus)

870 2350 1035 2385 armenta
1054 2348 1182 2396 pascat
1201 2356 1245 2380 ac
1261 2346 1377 2391 regat.

1065 2434 1098 2471 C
1108 2446 1129 2471 a
1138 2446 1176 2484 p.
1207 2429 1341 2470 CXIV.

929 2534 1054 2544 --—-—-
1076 2511 1231 2553 εἵλοντο
1260 2508 1421 2550 ἓωυτῶν
1454 2506 1523 2559 βα-

875 2570 982 2612 σιλέα
1003 2585 1019 2610 ε
1031 2566 1079 2609 ἶν
1089 2584 1115 2608 α
1128 2584 1142 2609 ι
1163 2569 1306 2608 τοῦτον
1319 2561 1367 2616 δὴ
1383 2579 1418 2604 κ.
1430 2578 1463 2602 τ.
1471 2561 1522 2614 λ.]

873 2628 1061 2669 Notarunt
1096 2626 1166 2664 hoc
1206 2622 1350 2662 dicendi
1393 2633 1523 2670 genuS,

875 2699 947 2735 qno
959 2683 1154 2721 infinitivus
1176 2677 1278 2721 εἶναι
1295 2678 1524 2717 abundanter

875 2744 951 2780 fere
987 2739 1204 2790 quibusdam
1231 2736 1351 2775 verbis
1387 2731 1524 2784 adponi

876 2799 1038 2846 videtur,
1066 2797 1134 2834 viri
1159 2792 1256 2834 docti
1283 2793 1333 2831 ad
1347 2790 1524 2839 Vigerum
