<?xml version="1.0" encoding="UTF-8"?>
<!DOCTYPE html PUBLIC "-//W3C//DTD XHTML 1.0 Transitional//EN"
    "http://www.w3.org/TR/xhtml1/DTD/xhtml1-transitional.dtd">
<html xmlns="http://www.w3.org/1999/xhtml" xml:lang="en" lang="en">
 <head>
  <title>
</title>
<meta http-equiv="Content-Type" content="text/html;charset=utf-8" />
  <meta name='ocr-system' content='tesseract 3.04.00' />
  <meta name='ocr-capabilities' content='ocr_page ocr_carea ocr_par ocr_line ocrx_word'/>
</head>
<body>
  <div class='ocr_page' id='page_1' title='image "./musaeherodoto01hero/musaeherodoto01hero_0251.png"; bbox 0 0 1909 3228; ppageno 0'>
   <div class='ocr_carea' id='block_1_1' title="bbox 111 1022 319 1070">
    <p class='ocr_par' dir='ltr' id='par_1_1' title="bbox 111 1022 319 1070">
     <span class='ocr_line' id='line_1_1' title="bbox 111 1022 319 1070; baseline 0 -12"><span class='ocrx_word' id='word_1_1' title='bbox 111 1027 115 1030; x_wconf 82' lang='grc'><em>”</em></span> <span class='ocrx_word' id='word_1_2' title='bbox 183 1022 296 1058; x_wconf 88' lang='lat' dir='ltr'>nutoli</span> <span class='ocrx_word' id='word_1_3' title='bbox 308 1052 319 1070; x_wconf 85' lang='lat'>‚</span> 
     </span>
    </p>
   </div>
   <div class='ocr_carea' id='block_1_2' title="bbox 723 227 1024 269">
    <p class='ocr_par' dir='ltr' id='par_1_2' title="bbox 723 227 1024 269">
     <span class='ocr_line' id='line_1_2' title="bbox 723 227 1024 269; baseline -0.007 -1"><span class='ocrx_word' id='word_1_4' title='bbox 723 227 1024 269; x_wconf 87' lang='lat' dir='ltr'>cL10.1.</span> 
     </span>
    </p>
   </div>
   <div class='ocr_carea' id='block_1_3' title="bbox 220 339 944 396">
    <p class='ocr_par' dir='ltr' id='par_1_3' title="bbox 220 339 944 396">
     <span class='ocr_line' id='line_1_3' title="bbox 220 339 944 396; baseline 0.001 -15"><span class='ocrx_word' id='word_1_5' title='bbox 220 339 388 395; x_wconf 67' lang='grc' dir='ltr'><em>Ξέργων</em></span> <span class='ocrx_word' id='word_1_6' title='bbox 415 339 489 383; x_wconf 80' lang='grc' dir='ltr'>καὶ</span> <span class='ocrx_word' id='word_1_7' title='bbox 516 342 606 383; x_wconf 72' lang='grc' dir='ltr'><em>τῶν</em></span> <span class='ocrx_word' id='word_1_8' title='bbox 636 341 944 396; x_wconf 83' lang='grc' dir='ltr'><em>Βαβυλωνίων.</em></span> 
     </span>
    </p>
   </div>
   <div class='ocr_carea' id='block_1_4' title="bbox 1420 230 1503 272">
    <p class='ocr_par' dir='ltr' id='par_1_4' title="bbox 1420 230 1503 272">
     <span class='ocr_line' id='line_1_4' title="bbox 1420 230 1503 272; baseline 0.012 -1"><span class='ocrx_word' id='word_1_9' title='bbox 1420 230 1503 272; x_wconf 77' lang='grc'>237</span> 
     </span>
    </p>
   </div>
   <div class='ocr_carea' id='block_1_5' title="bbox 1009 336 1558 383">
    <p class='ocr_par' dir='ltr' id='par_1_5' title="bbox 1009 336 1558 383">
     <span class='ocr_line' id='line_1_5' title="bbox 1009 336 1558 383; baseline -0.005 0"><span class='ocrx_word' id='word_1_10' title='bbox 1009 337 1097 383; x_wconf 73' lang='grc' dir='ltr'><em>ἔστι</em></span> <span class='ocrx_word' id='word_1_11' title='bbox 1131 336 1291 382; x_wconf 74' lang='grc' dir='ltr'><em>αὐτόθι</em></span> <span class='ocrx_word' id='word_1_12' title='bbox 1321 336 1499 383; x_wconf 83' lang='grc' dir='ltr'><em>Ἀλυάτ-</em></span> <span class='ocrx_word' id='word_1_13' title='bbox 1511 342 1558 381; x_wconf 85' lang='grc'>40</span> 
     </span>
    </p>
   </div>
   <div class='ocr_carea' id='block_1_6' title="bbox 244 416 1611 634">
    <p class='ocr_par' dir='ltr' id='par_1_6' title="bbox 244 416 1611 634">
     <span class='ocr_line' id='line_1_6' title="bbox 247 416 1504 475; baseline -0.001 -14"><span class='ocrx_word' id='word_1_14' title='bbox 247 434 328 461; x_wconf 88' lang='grc' dir='ltr'><em>τεω</em></span> <span class='ocrx_word' id='word_1_15' title='bbox 357 422 437 462; x_wconf 84' lang='grc' dir='ltr'>τοῦ</span> <span class='ocrx_word' id='word_1_16' title='bbox 473 419 670 474; x_wconf 83' lang='grc' dir='ltr'><em>Κροίσου</em></span> <span class='ocrx_word' id='word_1_17' title='bbox 698 419 860 474; x_wconf 76' lang='grc' dir='ltr'><em>πατρὸς</em></span> <span class='ocrx_word' id='word_1_18' title='bbox 889 422 1025 475; x_wconf 80' lang='grc' dir='ltr'><em>σῆμα,</em></span> <span class='ocrx_word' id='word_1_19' title='bbox 1063 421 1147 462; x_wconf 82' lang='grc' dir='ltr'>τοῦ</span> <span class='ocrx_word' id='word_1_20' title='bbox 1174 416 1202 474; x_wconf 81' lang='grc' dir='ltr'><strong><em>ἡ</em></strong></span> <span class='ocrx_word' id='word_1_21' title='bbox 1241 417 1398 473; x_wconf 82' lang='grc' dir='ltr'><em>κρηπὶς</em></span> <span class='ocrx_word' id='word_1_22' title='bbox 1425 416 1504 473; x_wconf 80' lang='grc' dir='ltr'><em>μέν</em></span> 
     </span>
     <span class='ocr_line' id='line_1_7' title="bbox 246 496 1497 554; baseline -0.002 -14"><span class='ocrx_word' id='word_1_23' title='bbox 246 497 335 540; x_wconf 78' lang='grc' dir='ltr'><em>ἐστι</em></span> <span class='ocrx_word' id='word_1_24' title='bbox 364 499 502 541; x_wconf 80' lang='grc' dir='ltr'><em>λίθων</em></span> <span class='ocrx_word' id='word_1_25' title='bbox 528 497 749 554; x_wconf 76' lang='grc' dir='ltr'><em>μεγάλων,</em></span> <span class='ocrx_word' id='word_1_26' title='bbox 783 497 832 541; x_wconf 89' lang='grc' dir='ltr'>τό</span> <span class='ocrx_word' id='word_1_27' title='bbox 867 500 912 541; x_wconf 81' lang='grc' dir='ltr'>δὲ</span> <span class='ocrx_word' id='word_1_28' title='bbox 941 496 1044 541; x_wconf 74' lang='grc' dir='ltr'><em>ἄλλο</em></span> <span class='ocrx_word' id='word_1_29' title='bbox 1075 500 1207 553; x_wconf 85' lang='grc' dir='ltr'><em>σῆμα,</em></span> <span class='ocrx_word' id='word_1_30' title='bbox 1257 499 1380 553; x_wconf 78' lang='grc' dir='ltr'><em>χῶμα</em></span> <span class='ocrx_word' id='word_1_31' title='bbox 1405 499 1497 553; x_wconf 79' lang='grc' dir='ltr'><em>γῆς.</em></span> 
     </span>
     <span class='ocr_line' id='line_1_8' title="bbox 244 574 1611 634; baseline -0.004 -15"><span class='ocrx_word' id='word_1_32' title='bbox 244 575 544 631; x_wconf 78' lang='grc' dir='ltr'><em>ἐξειργάσαντο</em></span> <span class='ocrx_word' id='word_1_33' title='bbox 583 578 627 621; x_wconf 82' lang='grc' dir='ltr'>δέ</span> <span class='ocrx_word' id='word_1_34' title='bbox 660 595 735 633; x_wconf 89' lang='grc' dir='ltr'>μιν</span> <span class='ocrx_word' id='word_1_35' title='bbox 761 579 804 623; x_wconf 81' lang='grc' dir='ltr'>οἱ</span> <span class='ocrx_word' id='word_1_36' title='bbox 835 576 1035 634; x_wconf 74' lang='grc' dir='ltr'><em>ἀγοραῖοι</em></span> <span class='ocrx_word' id='word_1_37' title='bbox 1064 575 1316 631; x_wconf 77' lang='grc' dir='ltr'><em>ἅνθρωποι,</em></span> <span class='ocrx_word' id='word_1_38' title='bbox 1354 576 1426 618; x_wconf 87' lang='grc' dir='ltr'>καὶ</span> <span class='ocrx_word' id='word_1_39' title='bbox 1457 577 1501 619; x_wconf 83' lang='grc' dir='ltr'>οἷ</span> <span class='ocrx_word' id='word_1_40' title='bbox 1556 574 1611 617; x_wconf 83' lang='grc'>48</span> 
     </span>
    </p>
   </div>
   <div class='ocr_carea' id='block_1_7' title="bbox 218 649 1499 714">
    <p class='ocr_par' dir='ltr' id='par_1_7' title="bbox 218 649 1499 714">
     <span class='ocr_line' id='line_1_9' title="bbox 218 649 1499 714; baseline 0 -17"><span class='ocrx_word' id='word_1_41' title='bbox 218 654 548 710; x_wconf 78' lang='grc' dir='ltr'><em>3χειρώνακτες,</em></span> <span class='ocrx_word' id='word_1_42' title='bbox 578 659 652 702; x_wconf 83' lang='grc' dir='ltr'>καὶ</span> <span class='ocrx_word' id='word_1_43' title='bbox 681 660 727 701; x_wconf 79' lang='grc' dir='ltr'>αἱ</span> <span class='ocrx_word' id='word_1_44' title='bbox 753 657 1083 714; x_wconf 80' lang='grc' dir='ltr'><em>ἐνεργαζόμεναι</em></span> <span class='ocrx_word' id='word_1_45' title='bbox 1105 657 1340 700; x_wconf 82' lang='grc' dir='ltr'><em>παιδίσκαι.</em></span> <span class='ocrx_word' id='word_1_46' title='bbox 1371 649 1499 710; x_wconf 80' lang='grc' dir='ltr'><em>οὖροι</em></span> 
     </span>
    </p>
   </div>
   <div class='ocr_carea' id='block_1_8' title="bbox 190 777 459 787">
    <p class='ocr_par' dir='ltr' id='par_1_8' title="bbox 190 777 459 787">
     <span class='ocr_line' id='line_1_10' title="bbox 190 777 459 787; baseline 0 0"><span class='ocrx_word' id='word_1_47' title='bbox 190 777 459 787; x_wconf 95' lang='lat' dir='ltr'> </span> 
     </span>
    </p>
   </div>
   <div class='ocr_carea' id='block_1_9' title="bbox 178 851 836 1521">
    <p class='ocr_par' dir='ltr' id='par_1_9' title="bbox 178 851 836 1521">
     <span class='ocr_line' id='line_1_11' title="bbox 189 851 836 894; baseline 0 -4"><span class='ocrx_word' id='word_1_48' title='bbox 189 866 217 890; x_wconf 91' lang='lat' dir='ltr'>c.</span> <span class='ocrx_word' id='word_1_49' title='bbox 242 854 306 894; x_wconf 89' lang='lat'>78.</span> <span class='ocrx_word' id='word_1_50' title='bbox 364 852 423 890; x_wconf 88' lang='lat' dir='ltr'>Ad</span> <span class='ocrx_word' id='word_1_51' title='bbox 446 855 600 891; x_wconf 83' lang='lat' dir='ltr'>formam</span> <span class='ocrx_word' id='word_1_52' title='bbox 627 851 731 889; x_wconf 87' lang='lat' dir='ltr'>huius</span> <span class='ocrx_word' id='word_1_53' title='bbox 758 865 836 890; x_wconf 87' lang='lat' dir='ltr'>mo—</span> 
     </span>
     <span class='ocr_line' id='line_1_12' title="bbox 185 909 836 961; baseline 0.002 -16"><span class='ocrx_word' id='word_1_54' title='bbox 185 910 346 947; x_wconf 88' lang='lat' dir='ltr'>numenti</span> <span class='ocrx_word' id='word_1_55' title='bbox 364 910 574 961; x_wconf 86' lang='lat' dir='ltr'>sepulcralis</span> <span class='ocrx_word' id='word_1_56' title='bbox 606 909 765 947; x_wconf 87' lang='lat' dir='ltr'>conicam</span> <span class='ocrx_word' id='word_1_57' title='bbox 796 914 836 946; x_wconf 88' lang='lat' dir='ltr'>ut</span> 
     </span>
     <span class='ocr_line' id='line_1_13' title="bbox 185 966 835 1016; baseline 0.002 -15"><span class='ocrx_word' id='word_1_58' title='bbox 185 966 304 1013; x_wconf 84' lang='lat' dir='ltr'>aiunt,</span> <span class='ocrx_word' id='word_1_59' title='bbox 328 979 446 1016; x_wconf 82' lang='lat' dir='ltr'>nuper</span> <span class='ocrx_word' id='word_1_60' title='bbox 475 966 612 1004; x_wconf 83' lang='lat' dir='ltr'>attendi</span> <span class='ocrx_word' id='word_1_61' title='bbox 640 966 745 1003; x_wconf 87' lang='lat' dir='ltr'>iussit</span> <span class='ocrx_word' id='word_1_62' title='bbox 762 966 835 1002; x_wconf 82' lang='lat' dir='ltr'>Mi-</span> 
     </span>
     <span class='ocr_line' id='line_1_14' title="bbox 358 1022 834 1071; baseline 0 -11"><span class='ocrx_word' id='word_1_63' title='bbox 358 1022 568 1071; x_wconf 78' lang='lat' dir='ltr'>Nachtriige</span> <span class='ocrx_word' id='word_1_64' title='bbox 595 1035 639 1058; x_wconf 90' lang='lat' dir='ltr'>zu</span> <span class='ocrx_word' id='word_1_65' title='bbox 667 1036 696 1059; x_wconf 86' lang='lat' dir='ltr'>s.</span> <span class='ocrx_word' id='word_1_66' title='bbox 722 1022 834 1060; x_wconf 86' lang='lat' dir='ltr'>Reise</span> 
     </span>
     <span class='ocr_line' id='line_1_15' title="bbox 183 1079 835 1128; baseline 0.002 -14"><span class='ocrx_word' id='word_1_67' title='bbox 183 1091 270 1128; x_wconf 80' lang='lat' dir='ltr'>pag.</span> <span class='ocrx_word' id='word_1_68' title='bbox 284 1081 362 1120; x_wconf 84' lang='lat'>193</span> <span class='ocrx_word' id='word_1_69' title='bbox 381 1084 454 1116; x_wconf 88' lang='lat' dir='ltr'>not.</span> <span class='ocrx_word' id='word_1_70' title='bbox 468 1108 478 1126; x_wconf 84' lang='lat'>‚</span> <span class='ocrx_word' id='word_1_71' title='bbox 500 1079 637 1128; x_wconf 83' lang='lat' dir='ltr'>quippe</span> <span class='ocrx_word' id='word_1_72' title='bbox 656 1092 750 1128; x_wconf 84' lang='lat' dir='ltr'>quae</span> <span class='ocrx_word' id='word_1_73' title='bbox 772 1091 835 1117; x_wconf 89' lang='lat' dir='ltr'>ea-</span> 
     </span>
     <span class='ocr_line' id='line_1_16' title="bbox 185 1134 834 1185; baseline 0.003 -15"><span class='ocrx_word' id='word_1_74' title='bbox 185 1134 268 1172; x_wconf 98' lang='lat' dir='ltr'>dem</span> <span class='ocrx_word' id='word_1_75' title='bbox 295 1135 333 1172; x_wconf 90' lang='lat' dir='ltr'>in</span> <span class='ocrx_word' id='word_1_76' title='bbox 358 1136 596 1173; x_wconf 81' lang='lat' dir='ltr'><strong>monumentis</strong></span> <span class='ocrx_word' id='word_1_77' title='bbox 614 1136 834 1185; x_wconf 82' lang='lat' dir='ltr'>septentrio-</span> 
     </span>
     <span class='ocr_line' id='line_1_17' title="bbox 184 1191 832 1242; baseline 0 -15"><span class='ocrx_word' id='word_1_78' title='bbox 184 1191 274 1228; x_wconf 85' lang='lat' dir='ltr'>nalis</span> <span class='ocrx_word' id='word_1_79' title='bbox 303 1192 475 1242; x_wconf 77' lang='lat' dir='ltr'>Europae</span> <span class='ocrx_word' id='word_1_80' title='bbox 506 1192 707 1241; x_wconf 82' lang='lat' dir='ltr'>reperiatur</span> <span class='ocrx_word' id='word_1_81' title='bbox 734 1192 832 1228; x_wconf 88' lang='lat' dir='ltr'>simi-</span> 
     </span>
     <span class='ocr_line' id='line_1_18' title="bbox 182 1246 831 1298; baseline 0.003 -16"><span class='ocrx_word' id='word_1_82' title='bbox 182 1246 301 1296; x_wconf 89' lang='lat' dir='ltr'>lisque</span> <span class='ocrx_word' id='word_1_83' title='bbox 325 1253 421 1285; x_wconf 90' lang='lat' dir='ltr'>certe</span> <span class='ocrx_word' id='word_1_84' title='bbox 444 1249 491 1284; x_wconf 85' lang='lat' dir='ltr'>sit</span> <span class='ocrx_word' id='word_1_85' title='bbox 509 1247 735 1298; x_wconf 82' lang='lat' dir='ltr'>pyramidum</span> <span class='ocrx_word' id='word_1_86' title='bbox 757 1249 831 1285; x_wconf 88' lang='lat' dir='ltr'>for—</span> 
     </span>
     <span class='ocr_line' id='line_1_19' title="bbox 183 1304 832 1353; baseline 0 -14"><span class='ocrx_word' id='word_1_87' title='bbox 183 1315 285 1350; x_wconf 87' lang='lat' dir='ltr'>mae,</span> <span class='ocrx_word' id='word_1_88' title='bbox 315 1316 464 1352; x_wconf 89' lang='lat' dir='ltr'>quarum</span> <span class='ocrx_word' id='word_1_89' title='bbox 484 1304 642 1353; x_wconf 86' lang='lat' dir='ltr'>ipsarum</span> <span class='ocrx_word' id='word_1_90' title='bbox 661 1317 747 1339; x_wconf 85' lang='lat' dir='ltr'>usus</span> <span class='ocrx_word' id='word_1_91' title='bbox 764 1305 832 1340; x_wconf 88' lang='lat' dir='ltr'>fuit</span> 
     </span>
     <span class='ocr_line' id='line_1_20' title="bbox 181 1359 830 1409; baseline 0 -14"><span class='ocrx_word' id='word_1_92' title='bbox 181 1359 230 1395; x_wconf 82' lang='lat' dir='ltr'>ad</span> <span class='ocrx_word' id='word_1_93' title='bbox 249 1360 411 1409; x_wconf 84' lang='lat' dir='ltr'>sepulcra</span> <span class='ocrx_word' id='word_1_94' title='bbox 432 1372 570 1407; x_wconf 87' lang='lat' dir='ltr'>regum.</span> <span class='ocrx_word' id='word_1_95' title='bbox 612 1360 688 1396; x_wconf 86' lang='lat' dir='ltr'>Sed</span> <span class='ocrx_word' id='word_1_96' title='bbox 710 1361 756 1396; x_wconf 90' lang='lat' dir='ltr'>de</span> <span class='ocrx_word' id='word_1_97' title='bbox 775 1360 830 1396; x_wconf 86' lang='lat' dir='ltr'>his</span> 
     </span>
     <span class='ocr_line' id='line_1_21' title="bbox 179 1414 830 1465; baseline 0.003 -14"><span class='ocrx_word' id='word_1_98' title='bbox 179 1414 423 1465; x_wconf 87' lang='lat' dir='ltr'>sepulcrorum</span> <span class='ocrx_word' id='word_1_99' title='bbox 456 1416 582 1452; x_wconf 90' lang='lat' dir='ltr'>formis</span> <span class='ocrx_word' id='word_1_100' title='bbox 609 1415 830 1464; x_wconf 85' lang='lat' dir='ltr'>tumulisque</span> 
     </span>
     <span class='ocr_line' id='line_1_22' title="bbox 178 1471 830 1521; baseline 0.002 -14"><span class='ocrx_word' id='word_1_101' title='bbox 178 1471 302 1520; x_wconf 85' lang='lat' dir='ltr'>plura,</span> <span class='ocrx_word' id='word_1_102' title='bbox 331 1471 401 1509; x_wconf 89' lang='lat' dir='ltr'>hoc</span> <span class='ocrx_word' id='word_1_103' title='bbox 427 1485 572 1521; x_wconf 89' lang='lat' dir='ltr'>quoque</span> <span class='ocrx_word' id='word_1_104' title='bbox 592 1471 671 1508; x_wconf 93' lang='lat' dir='ltr'>loco</span> <span class='ocrx_word' id='word_1_105' title='bbox 703 1472 830 1520; x_wconf 87' lang='lat' dir='ltr'>accito,</span> 
     </span>
    </p>
   </div>
   <div class='ocr_carea' id='block_1_10' title="bbox 177 1527 828 1626">
    <p class='ocr_par' dir='ltr' id='par_1_10' title="bbox 177 1527 828 1626">
     <span class='ocr_line' id='line_1_23' title="bbox 177 1527 828 1626; baseline 0.002 -61"><span class='ocrx_word' id='word_1_106' title='bbox 177 1527 308 1626; x_wconf 54' lang='lat' dir='ltr'>{ggga</span> <span class='ocrx_word' id='word_1_107' title='bbox 334 1529 381 1566; x_wconf 86' lang='lat' dir='ltr'>de</span> <span class='ocrx_word' id='word_1_108' title='bbox 415 1528 597 1566; x_wconf 88' lang='lat' dir='ltr'>Obeliscc.</span> <span class='ocrx_word' id='word_1_109' title='bbox 627 1540 713 1579; x_wconf 91' lang='lat' dir='ltr'>pag.</span> <span class='ocrx_word' id='word_1_110' title='bbox 735 1530 828 1570; x_wconf 82' lang='lat'><strong>338.</strong></span> 
     </span>
    </p>
   </div>
   <div class='ocr_carea' id='block_1_11' title="bbox 172 1690 830 2925">
    <p class='ocr_par' dir='ltr' id='par_1_11' title="bbox 172 1690 830 2925">
     <span class='ocr_line' id='line_1_24' title="bbox 235 1690 830 1764; baseline 0.002 -30"><span class='ocrx_word' id='word_1_111' title='bbox 235 1693 277 1735; x_wconf 84' lang='grc' dir='ltr'>οἷ</span> <span class='ocrx_word' id='word_1_112' title='bbox 293 1690 473 1747; x_wconf 82' lang='grc' dir='ltr'><em>ἆγοραῖοι</em></span> <span class='ocrx_word' id='word_1_113' title='bbox 503 1695 734 1764; x_wconf 68' lang='grc' dir='ltr'><em>ἅνθρωποι,</em></span> <span class='ocrx_word' id='word_1_114' title='bbox 761 1711 830 1735; x_wconf 82' lang='grc' dir='ltr'>και</span> 
     </span>
     <span class='ocr_line' id='line_1_25' title="bbox 180 1748 830 1805; baseline 0.002 -14"><span class='ocrx_word' id='word_1_115' title='bbox 180 1750 221 1791; x_wconf 80' lang='grc' dir='ltr'>οἵ</span> <span class='ocrx_word' id='word_1_116' title='bbox 246 1748 527 1805; x_wconf 80' lang='grc' dir='ltr'><em>χειρώνακτες]</em></span> <span class='ocrx_word' id='word_1_117' title='bbox 574 1754 615 1793; x_wconf 80' lang='grc' dir='ltr'>οἱ</span> <span class='ocrx_word' id='word_1_118' title='bbox 649 1748 830 1805; x_wconf 81' lang='grc' dir='ltr'><em>οἷγοραῖοι</em></span> 
     </span>
     <span class='ocr_line' id='line_1_26' title="bbox 179 1805 830 1860; baseline 0 -14"><span class='ocrx_word' id='word_1_119' title='bbox 179 1805 391 1859; x_wconf 74' lang='grc' dir='ltr'><em>ἄνθρωποι</em></span> <span class='ocrx_word' id='word_1_120' title='bbox 429 1810 699 1860; x_wconf 79' lang='lat' dir='ltr'>czrcumforanez&#39;</span> <span class='ocrx_word' id='word_1_121' title='bbox 746 1815 830 1846; x_wconf 90' lang='lat' dir='ltr'>sunt</span> 
     </span>
     <span class='ocr_line' id='line_1_27' title="bbox 178 1864 830 1915; baseline 0.003 -15"><span class='ocrx_word' id='word_1_122' title='bbox 178 1864 360 1911; x_wconf 81' lang='lat' dir='ltr'>homines,</span> <span class='ocrx_word' id='word_1_123' title='bbox 379 1865 556 1915; x_wconf 78' lang='lat' dir='ltr'><strong><em>forenses,</em></strong></span> <span class='ocrx_word' id='word_1_124' title='bbox 578 1879 728 1914; x_wconf 85' lang='lat' dir='ltr'>quorum</span> <span class='ocrx_word' id='word_1_125' title='bbox 745 1869 830 1902; x_wconf 89' lang='lat' dir='ltr'>sunt</span> 
     </span>
     <span class='ocr_line' id='line_1_28' title="bbox 177 1916 828 1973; baseline 0 -15"><span class='ocrx_word' id='word_1_126' title='bbox 177 1918 305 1970; x_wconf 80' lang='grc' dir='ltr'><em>τέχναι</em></span> <span class='ocrx_word' id='word_1_127' title='bbox 337 1916 535 1973; x_wconf 81' lang='grc' dir='ltr'><em>α’γοραῖοι,</em></span> <span class='ocrx_word' id='word_1_128' title='bbox 566 1925 660 1960; x_wconf 88' lang='lat' dir='ltr'>teste</span> <span class='ocrx_word' id='word_1_129' title='bbox 683 1921 828 1958; x_wconf 83' lang='lat' dir='ltr'>Polluce</span> 
     </span>
     <span class='ocr_line' id='line_1_29' title="bbox 178 1977 828 2028; baseline -0.003 -14"><span class='ocrx_word' id='word_1_130' title='bbox 178 1977 369 2014; x_wconf 82' lang='lat' dir='ltr'>onomast.</span> <span class='ocrx_word' id='word_1_131' title='bbox 390 1978 457 2014; x_wconf 60' lang='lat' dir='ltr'>VH</span> <span class='ocrx_word' id='word_1_132' title='bbox 485 1977 521 2028; x_wconf 61' lang='grc' dir='ltr'>ἓ.</span> <span class='ocrx_word' id='word_1_133' title='bbox 540 1980 577 2018; x_wconf 91' lang='lat'>6.</span> <span class='ocrx_word' id='word_1_134' title='bbox 606 1978 696 2014; x_wconf 91' lang='lat' dir='ltr'>Inde</span> <span class='ocrx_word' id='word_1_135' title='bbox 721 1977 828 2014; x_wconf 81' lang='lat' dir='ltr'>turba</span> 
     </span>
     <span class='ocr_line' id='line_1_30' title="bbox 176 2033 828 2071; baseline -0.002 -1"><span class='ocrx_word' id='word_1_136' title='bbox 176 2034 331 2070; x_wconf 87' lang='lat' dir='ltr'>sorensis</span> <span class='ocrx_word' id='word_1_137' title='bbox 352 2034 403 2070; x_wconf 80' lang='lat' dir='ltr'>ita</span> <span class='ocrx_word' id='word_1_138' title='bbox 421 2035 552 2071; x_wconf 85' lang='lat' dir='ltr'>dicitur</span> <span class='ocrx_word' id='word_1_139' title='bbox 570 2047 612 2071; x_wconf 82' lang='lat' dir='ltr'>ac</span> <span class='ocrx_word' id='word_1_140' title='bbox 630 2033 699 2070; x_wconf 87' lang='lat' dir='ltr'>vile</span> <span class='ocrx_word' id='word_1_141' title='bbox 712 2033 828 2070; x_wconf 92' lang='lat' dir='ltr'>homi-</span> 
     </span>
     <span class='ocr_line' id='line_1_31' title="bbox 174 2089 824 2138; baseline 0 -13"><span class='ocrx_word' id='word_1_142' title='bbox 174 2101 262 2126; x_wconf 92' lang='lat' dir='ltr'>num</span> <span class='ocrx_word' id='word_1_143' title='bbox 287 2102 424 2138; x_wconf 78' lang='lat' dir='ltr'>genus3</span> <span class='ocrx_word' id='word_1_144' title='bbox 466 2091 537 2126; x_wconf 75' lang='lat' dir='ltr'>rid.</span> <span class='ocrx_word' id='word_1_145' title='bbox 563 2090 743 2127; x_wconf 82' lang='lat' dir='ltr'>Herodot.</span> <span class='ocrx_word' id='word_1_146' title='bbox 777 2089 824 2135; x_wconf 88' lang='grc' dir='ltr'>ΙΙ,</span> 
     </span>
     <span class='ocr_line' id='line_1_32' title="bbox 173 2141 826 2196; baseline -0.005 -10"><span class='ocrx_word' id='word_1_147' title='bbox 173 2145 227 2186; x_wconf 86' lang='grc'>35</span> <span class='ocrx_word' id='word_1_148' title='bbox 241 2174 252 2192; x_wconf 88' lang='grc'><em>,</em></span> <span class='ocrx_word' id='word_1_149' title='bbox 281 2145 356 2186; x_wconf 80' lang='lat'>141</span> <span class='ocrx_word' id='word_1_150' title='bbox 371 2176 382 2193; x_wconf 90' lang='lat'>‚</span> <span class='ocrx_word' id='word_1_151' title='bbox 412 2146 470 2183; x_wconf 88' lang='lat' dir='ltr'>ubi</span> <span class='ocrx_word' id='word_1_152' title='bbox 489 2141 661 2196; x_wconf 75' lang='grc' dir='ltr'><em>κάπηλοι</em></span> <span class='ocrx_word' id='word_1_153' title='bbox 680 2149 717 2183; x_wconf 90' lang='lat' dir='ltr'>et</span> <span class='ocrx_word' id='word_1_154' title='bbox 744 2159 826 2195; x_wconf 82' lang='grc' dir='ltr'><em>χει-</em></span> 
     </span>
     <span class='ocr_line' id='line_1_33' title="bbox 174 2196 826 2252; baseline -0.005 -12"><span class='ocrx_word' id='word_1_155' title='bbox 174 2196 367 2251; x_wconf 75' lang='grc' dir='ltr'><em>ρώνακτες</em></span> <span class='ocrx_word' id='word_1_156' title='bbox 390 2206 579 2240; x_wconf 88' lang='lat' dir='ltr'>occurrunt</span> <span class='ocrx_word' id='word_1_157' title='bbox 609 2215 759 2252; x_wconf 87' lang='lat' dir='ltr'>prorsus</span> <span class='ocrx_word' id='word_1_158' title='bbox 787 2206 826 2238; x_wconf 88' lang='lat' dir='ltr'>ut</span> 
     </span>
     <span class='ocr_line' id='line_1_34' title="bbox 173 2257 825 2308; baseline 0.002 -14"><span class='ocrx_word' id='word_1_159' title='bbox 173 2257 241 2295; x_wconf 91' lang='lat' dir='ltr'>hoc</span> <span class='ocrx_word' id='word_1_160' title='bbox 260 2257 339 2295; x_wconf 93' lang='lat' dir='ltr'>loco</span> <span class='ocrx_word' id='word_1_161' title='bbox 351 2288 361 2306; x_wconf 84' lang='lat'>‚</span> <span class='ocrx_word' id='word_1_162' title='bbox 382 2259 542 2308; x_wconf 85' lang='lat' dir='ltr'>itemque</span> <span class='ocrx_word' id='word_1_163' title='bbox 561 2258 825 2295; x_wconf 76' lang='lat' dir='ltr'>substantivum</span> 
     </span>
     <span class='ocr_line' id='line_1_35' title="bbox 173 2314 825 2365; baseline -0.005 -12"><span class='ocrx_word' id='word_1_164' title='bbox 173 2314 405 2365; x_wconf 79' lang='grc' dir='ltr'><em>χειρωναξίη</em></span> <span class='ocrx_word' id='word_1_165' title='bbox 428 2315 484 2363; x_wconf 82' lang='grc' dir='ltr'>ΙΙ,</span> <span class='ocrx_word' id='word_1_166' title='bbox 507 2318 598 2356; x_wconf 89' lang='grc'>167.</span> <span class='ocrx_word' id='word_1_167' title='bbox 637 2315 825 2351; x_wconf 87' lang='lat' dir='ltr'>Pertinent</span> 
     </span>
     <span class='ocr_line' id='line_1_36' title="bbox 173 2369 824 2421; baseline 0 -15"><span class='ocrx_word' id='word_1_168' title='bbox 173 2369 262 2408; x_wconf 86' lang='lat' dir='ltr'>haec</span> <span class='ocrx_word' id='word_1_169' title='bbox 285 2371 459 2408; x_wconf 85' lang='lat' dir='ltr'>vocabula</span> <span class='ocrx_word' id='word_1_170' title='bbox 488 2372 536 2407; x_wconf 87' lang='lat' dir='ltr'>ad</span> <span class='ocrx_word' id='word_1_171' title='bbox 558 2371 706 2421; x_wconf 86' lang='lat' dir='ltr'>opifices</span> <span class='ocrx_word' id='word_1_172' title='bbox 741 2383 824 2407; x_wconf 89' lang='lat' dir='ltr'>eos-</span> 
     </span>
     <span class='ocr_line' id='line_1_37' title="bbox 174 2426 823 2475; baseline 0 -13"><span class='ocrx_word' id='word_1_173' title='bbox 174 2439 246 2473; x_wconf 92' lang='lat' dir='ltr'>que</span> <span class='ocrx_word' id='word_1_174' title='bbox 268 2426 447 2464; x_wconf 88' lang='lat' dir='ltr'>inferioris</span> <span class='ocrx_word' id='word_1_175' title='bbox 482 2427 721 2473; x_wconf 87' lang='lat' dir='ltr'>conditionis,</span> <span class='ocrx_word' id='word_1_176' title='bbox 761 2427 823 2475; x_wconf 88' lang='lat' dir='ltr'>qui</span> 
     </span>
     <span class='ocr_line' id='line_1_38' title="bbox 173 2481 824 2520; baseline 0.003 -4"><span class='ocrx_word' id='word_1_177' title='bbox 173 2481 364 2519; x_wconf 84' lang='lat' dir='ltr'>illiberales</span> <span class='ocrx_word' id='word_1_178' title='bbox 393 2487 560 2520; x_wconf 85' lang='lat' dir='ltr'>exercent</span> <span class='ocrx_word' id='word_1_179' title='bbox 588 2487 686 2520; x_wconf 86' lang='lat' dir='ltr'>artes</span> <span class='ocrx_word' id='word_1_180' title='bbox 712 2482 824 2519; x_wconf 89' lang='lat' dir='ltr'>sellu-</span> 
     </span>
     <span class='ocr_line' id='line_1_39' title="bbox 173 2535 822 2588; baseline 0.003 -16"><span class='ocrx_word' id='word_1_181' title='bbox 173 2535 374 2586; x_wconf 76' lang='lat' dir='ltr'>latiasque,</span> <span class='ocrx_word' id='word_1_182' title='bbox 396 2540 457 2587; x_wconf 90' lang='lat' dir='ltr'>qui</span> <span class='ocrx_word' id='word_1_183' title='bbox 471 2540 544 2574; x_wconf 86' lang='lat' dir='ltr'>suis</span> <span class='ocrx_word' id='word_1_184' title='bbox 564 2540 725 2588; x_wconf 83' lang='lat' dir='ltr'>ipsorum</span> <span class='ocrx_word' id='word_1_185' title='bbox 745 2551 822 2574; x_wconf 87' lang='lat' dir='ltr'>ma-</span> 
     </span>
     <span class='ocr_line' id='line_1_40' title="bbox 173 2593 822 2643; baseline 0.003 -14"><span class='ocrx_word' id='word_1_186' title='bbox 173 2593 279 2629; x_wconf 87' lang='lat' dir='ltr'>nibus</span> <span class='ocrx_word' id='word_1_187' title='bbox 299 2607 391 2643; x_wconf 86' lang='lat' dir='ltr'>opus</span> <span class='ocrx_word' id='word_1_188' title='bbox 411 2595 545 2631; x_wconf 85' lang='lat' dir='ltr'>faciunt</span> <span class='ocrx_word' id='word_1_189' title='bbox 559 2595 741 2643; x_wconf 87' lang='lat' dir='ltr'>vitamque</span> <span class='ocrx_word' id='word_1_190' title='bbox 753 2595 822 2631; x_wconf 88' lang='lat' dir='ltr'>sibi</span> 
     </span>
     <span class='ocr_line' id='line_1_41' title="bbox 173 2650 820 2688; baseline 0.006 -5"><span class='ocrx_word' id='word_1_191' title='bbox 173 2652 387 2685; x_wconf 84' lang='lat' dir='ltr'>sustentant.</span> <span class='ocrx_word' id='word_1_192' title='bbox 446 2650 507 2686; x_wconf 92' lang='lat' dir='ltr'>Tu</span> <span class='ocrx_word' id='word_1_193' title='bbox 544 2652 638 2688; x_wconf 88' lang='lat' dir='ltr'>conf.</span> <span class='ocrx_word' id='word_1_194' title='bbox 686 2650 820 2687; x_wconf 89' lang='lat' dir='ltr'>Polluc.</span> 
     </span>
     <span class='ocr_line' id='line_1_42' title="bbox 174 2704 820 2754; baseline 0.003 -14"><span class='ocrx_word' id='word_1_195' title='bbox 174 2704 308 2742; x_wconf 89' lang='lat' dir='ltr'>Onom.</span> <span class='ocrx_word' id='word_1_196' title='bbox 331 2704 361 2751; x_wconf 86' lang='grc' dir='ltr'>Ι,</span> <span class='ocrx_word' id='word_1_197' title='bbox 381 2705 445 2746; x_wconf 88' lang='lat'>50.</span> <span class='ocrx_word' id='word_1_198' title='bbox 475 2706 522 2752; x_wconf 83' lang='grc' dir='ltr'>ΙΙ,</span> <span class='ocrx_word' id='word_1_199' title='bbox 546 2706 624 2746; x_wconf 84' lang='grc'>151</span> <span class='ocrx_word' id='word_1_200' title='bbox 647 2705 726 2742; x_wconf 92' lang='lat' dir='ltr'>coll.</span> <span class='ocrx_word' id='word_1_201' title='bbox 741 2706 820 2754; x_wconf 83' lang='lat' dir='ltr'>VII,</span> 
     </span>
     <span class='ocr_line' id='line_1_43' title="bbox 172 2759 822 2810; baseline 0.006 -14"><span class='ocrx_word' id='word_1_202' title='bbox 172 2763 211 2800; x_wconf 91' lang='lat'>7.</span> <span class='ocrx_word' id='word_1_203' title='bbox 250 2759 360 2810; x_wconf 89' lang='lat' dir='ltr'>Apud</span> <span class='ocrx_word' id='word_1_204' title='bbox 387 2759 604 2810; x_wconf 81' lang='lat' dir='ltr'>Aeschylum</span> <span class='ocrx_word' id='word_1_205' title='bbox 639 2761 822 2799; x_wconf 91' lang='lat' dir='ltr'>Prometh.</span> 
     </span>
     <span class='ocr_line' id='line_1_44' title="bbox 172 2816 821 2868; baseline 0.008 -16"><span class='ocrx_word' id='word_1_206' title='bbox 172 2816 277 2853; x_wconf 73' lang='lat' dir='ltr'>vinct.</span> <span class='ocrx_word' id='word_1_207' title='bbox 296 2816 350 2858; x_wconf 82' lang='lat'>45</span> <span class='ocrx_word' id='word_1_208' title='bbox 374 2818 504 2855; x_wconf 87' lang='lat' dir='ltr'>eodem</span> <span class='ocrx_word' id='word_1_209' title='bbox 524 2819 601 2855; x_wconf 90' lang='lat' dir='ltr'>sere</span> <span class='ocrx_word' id='word_1_210' title='bbox 620 2830 728 2855; x_wconf 89' lang='lat' dir='ltr'>sensu</span> <span class='ocrx_word' id='word_1_211' title='bbox 748 2833 821 2868; x_wconf 84' lang='grc' dir='ltr'><em>χει-</em></span> 
     </span>
     <span class='ocr_line' id='line_1_45' title="bbox 175 2873 821 2925; baseline 0.008 -18"><span class='ocrx_word' id='word_1_212' title='bbox 175 2873 370 2924; x_wconf 78' lang='grc' dir='ltr'><em>ρωναξία,</em></span> <span class='ocrx_word' id='word_1_213' title='bbox 411 2873 472 2911; x_wconf 91' lang='lat' dir='ltr'>ubi</span> <span class='ocrx_word' id='word_1_214' title='bbox 498 2873 602 2925; x_wconf 82' lang='lat' dir='ltr'>plura</span> <span class='ocrx_word' id='word_1_215' title='bbox 635 2875 821 2924; x_wconf 82' lang='lat' dir='ltr'>congessit</span> 
     </span>
    </p>
   </div>
   <div class='ocr_carea' id='block_1_12' title="bbox 901 851 1553 1018">
    <p class='ocr_par' dir='ltr' id='par_1_12' title="bbox 901 851 1553 1018">
     <span class='ocr_line' id='line_1_46' title="bbox 901 851 1553 902; baseline -0.008 -11"><span class='ocrx_word' id='word_1_216' title='bbox 901 853 1102 892; x_wconf 85' lang='lat' dir='ltr'>Blomfield.</span> <span class='ocrx_word' id='word_1_217' title='bbox 1131 853 1168 890; x_wconf 89' lang='lat' dir='ltr'>in</span> <span class='ocrx_word' id='word_1_218' title='bbox 1187 852 1352 890; x_wconf 85' lang='lat' dir='ltr'>Glossar.</span> <span class='ocrx_word' id='word_1_219' title='bbox 1379 862 1466 902; x_wconf 88' lang='lat' dir='ltr'>pag.</span> <span class='ocrx_word' id='word_1_220' title='bbox 1497 851 1553 892; x_wconf 80' lang='lat'>82</span> 
     </span>
     <span class='ocr_line' id='line_1_47' title="bbox 902 910 1096 961; baseline -0.006 -13"><span class='ocrx_word' id='word_1_221' title='bbox 902 912 960 948; x_wconf 87' lang='lat' dir='ltr'>ed.</span> <span class='ocrx_word' id='word_1_222' title='bbox 992 910 1096 961; x_wconf 88' lang='lat' dir='ltr'>Lips.</span> 
     </span>
     <span class='ocr_line' id='line_1_48' title="bbox 957 958 1551 1018; baseline -0.005 -13"><span class='ocrx_word' id='word_1_223' title='bbox 957 966 1024 1005; x_wconf 78' lang='grc' dir='ltr'><em>καὶ</em></span> <span class='ocrx_word' id='word_1_224' title='bbox 1064 966 1108 1005; x_wconf 79' lang='grc' dir='ltr'>αἱ</span> <span class='ocrx_word' id='word_1_225' title='bbox 1149 958 1551 1018; x_wconf 78' lang='grc' dir='ltr'><em>ἐνεργαζόμεναι</em></span> 
     </span>
    </p>
   </div>
   <div class='ocr_carea' id='block_1_13' title="bbox 901 1021 1551 1130">
    <p class='ocr_par' dir='ltr' id='par_1_13' title="bbox 901 1021 1551 1130">
     <span class='ocr_line' id='line_1_49' title="bbox 902 1021 1549 1071; baseline -0.005 -11"><span class='ocrx_word' id='word_1_226' title='bbox 902 1024 1131 1068; x_wconf 78' lang='grc' dir='ltr'><em>παιδίσκαι]</em></span> <span class='ocrx_word' id='word_1_227' title='bbox 1168 1023 1262 1058; x_wconf 88' lang='lat' dir='ltr'>Sunt</span> <span class='ocrx_word' id='word_1_228' title='bbox 1280 1021 1434 1071; x_wconf 83' lang='lat' dir='ltr'>puellae,</span> <span class='ocrx_word' id='word_1_229' title='bbox 1455 1032 1549 1069; x_wconf 85' lang='lat' dir='ltr'>quae</span> 
     </span>
     <span class='ocr_line' id='line_1_50' title="bbox 901 1078 1551 1130; baseline -0.008 -13"><span class='ocrx_word' id='word_1_230' title='bbox 901 1093 1052 1130; x_wconf 90' lang='lat' dir='ltr'>corpore</span> <span class='ocrx_word' id='word_1_231' title='bbox 1075 1082 1266 1129; x_wconf 78' lang='lat' dir='ltr'>quaestum</span> <span class='ocrx_word' id='word_1_232' title='bbox 1287 1078 1432 1123; x_wconf 82' lang='lat' dir='ltr'>faciunt,</span> <span class='ocrx_word' id='word_1_233' title='bbox 1452 1090 1551 1113; x_wconf 93' lang='lat' dir='ltr'>com-</span> 
     </span>
    </p>
   </div>
   <div class='ocr_carea' id='block_1_14' title="bbox 890 1133 1550 2867">
    <p class='ocr_par' dir='ltr' id='par_1_14' title="bbox 890 1133 1550 2867">
     <span class='ocr_line' id='line_1_51' title="bbox 901 1133 1550 1184; baseline -0.005 -12"><span class='ocrx_word' id='word_1_234' title='bbox 901 1138 1008 1174; x_wconf 89' lang='lat' dir='ltr'>mode</span> <span class='ocrx_word' id='word_1_235' title='bbox 1038 1136 1096 1184; x_wconf 88' lang='lat' dir='ltr'>(ut</span> <span class='ocrx_word' id='word_1_236' title='bbox 1119 1139 1197 1171; x_wconf 89' lang='lat' dir='ltr'>utar</span> <span class='ocrx_word' id='word_1_237' title='bbox 1218 1133 1443 1171; x_wconf 81' lang='lat' dir='ltr'>Valckenarii</span> <span class='ocrx_word' id='word_1_238' title='bbox 1469 1145 1550 1170; x_wconf 88' lang='lat' dir='ltr'>ver-</span> 
     </span>
     <span class='ocr_line' id='line_1_52' title="bbox 900 1186 1550 1257; baseline -0.005 -28"><span class='ocrx_word' id='word_1_239' title='bbox 900 1193 975 1241; x_wconf 86' lang='lat' dir='ltr'>bis)</span> <span class='ocrx_word' id='word_1_240' title='bbox 1007 1186 1410 1257; x_wconf 81' lang='grc' dir='ltr'><em>ἐνεργαζόμεναι</em></span> <span class='ocrx_word' id='word_1_241' title='bbox 1418 1189 1550 1236; x_wconf 87' lang='lat' dir='ltr'>dietae,</span> 
     </span>
     <span class='ocr_line' id='line_1_53' title="bbox 899 1244 1550 1298; baseline -0.002 -14"><span class='ocrx_word' id='word_1_242' title='bbox 899 1249 938 1285; x_wconf 88' lang='lat' dir='ltr'>id</span> <span class='ocrx_word' id='word_1_243' title='bbox 959 1253 1034 1295; x_wconf 89' lang='lat' dir='ltr'>est,</span> <span class='ocrx_word' id='word_1_244' title='bbox 1064 1260 1216 1298; x_wconf 90' lang='lat' dir='ltr'>corpore</span> <span class='ocrx_word' id='word_1_245' title='bbox 1237 1246 1292 1284; x_wconf 86' lang='lat' dir='ltr'>vel</span> <span class='ocrx_word' id='word_1_246' title='bbox 1323 1246 1364 1285; x_wconf 82' lang='grc' dir='ltr'><em>ἐν</em></span> <span class='ocrx_word' id='word_1_247' title='bbox 1392 1244 1550 1291; x_wconf 74' lang='grc' dir='ltr'><em>ἑαυταῖς</em></span> 
     </span>
     <span class='ocr_line' id='line_1_54' title="bbox 899 1301 1549 1356; baseline -0.009 -12"><span class='ocrx_word' id='word_1_248' title='bbox 899 1301 1174 1356; x_wconf 78' lang='grc' dir='ltr'><em>ἐργαζόμεναι,</em></span> <span class='ocrx_word' id='word_1_249' title='bbox 1211 1303 1425 1353; x_wconf 85' lang='lat' dir='ltr'>praesertim</span> <span class='ocrx_word' id='word_1_250' title='bbox 1469 1314 1549 1339; x_wconf 91' lang='lat' dir='ltr'>cum</span> 
     </span>
     <span class='ocr_line' id='line_1_55' title="bbox 897 1354 1548 1423; baseline -0.002 -26"><span class='ocrx_word' id='word_1_251' title='bbox 897 1361 1068 1398; x_wconf 66' lang='lat' dir='ltr'>xoeabula</span> <span class='ocrx_word' id='word_1_252' title='bbox 1095 1355 1345 1423; x_wconf 79' lang='grc' dir='ltr'><em>ἐργαζεσθαι,</em></span> <span class='ocrx_word' id='word_1_253' title='bbox 1382 1354 1548 1409; x_wconf 80' lang='grc' dir='ltr'><em>ἐργατις,</em></span> 
     </span>
     <span class='ocr_line' id='line_1_56' title="bbox 899 1411 1549 1468; baseline -0.009 -13"><span class='ocrx_word' id='word_1_254' title='bbox 899 1415 1081 1468; x_wconf 76' lang='grc' dir='ltr'><em>ἐργασία,</em></span> <span class='ocrx_word' id='word_1_255' title='bbox 1103 1411 1358 1467; x_wconf 80' lang='grc' dir='ltr'><em>ἐργαστήριον</em></span> <span class='ocrx_word' id='word_1_256' title='bbox 1379 1414 1488 1462; x_wconf 84' lang='lat' dir='ltr'>vulgo</span> <span class='ocrx_word' id='word_1_257' title='bbox 1501 1414 1549 1450; x_wconf 91' lang='lat' dir='ltr'>de</span> 
     </span>
     <span class='ocr_line' id='line_1_57' title="bbox 899 1470 1550 1523; baseline -0.003 -14"><span class='ocrx_word' id='word_1_258' title='bbox 899 1474 1071 1523; x_wconf 70' lang='lat' dir='ltr'>opvficinzs</span> <span class='ocrx_word' id='word_1_259' title='bbox 1090 1475 1282 1522; x_wconf 84' lang='lat' dir='ltr'>usurpata,</span> <span class='ocrx_word' id='word_1_260' title='bbox 1303 1470 1388 1508; x_wconf 90' lang='lat' dir='ltr'>inde</span> <span class='ocrx_word' id='word_1_261' title='bbox 1404 1482 1550 1519; x_wconf 86' lang='lat' dir='ltr'>quoque</span> 
     </span>
     <span class='ocr_line' id='line_1_58' title="bbox 897 1527 1550 1579; baseline -0.006 -13"><span class='ocrx_word' id='word_1_262' title='bbox 897 1530 946 1566; x_wconf 83' lang='lat' dir='ltr'>ad</span> <span class='ocrx_word' id='word_1_263' title='bbox 965 1529 1165 1579; x_wconf 82' lang='lat' dir='ltr'>prostibula</span> <span class='ocrx_word' id='word_1_264' title='bbox 1188 1541 1230 1565; x_wconf 86' lang='lat' dir='ltr'>ac</span> <span class='ocrx_word' id='word_1_265' title='bbox 1255 1527 1461 1565; x_wconf 87' lang='lat' dir='ltr'>meretrices</span> <span class='ocrx_word' id='word_1_266' title='bbox 1485 1538 1550 1563; x_wconf 91' lang='lat' dir='ltr'>eo-</span> 
     </span>
     <span class='ocr_line' id='line_1_59' title="bbox 897 1582 1549 1635; baseline -0.005 -13"><span class='ocrx_word' id='word_1_267' title='bbox 897 1599 1050 1635; x_wconf 89' lang='lat' dir='ltr'>rumque</span> <span class='ocrx_word' id='word_1_268' title='bbox 1067 1589 1280 1635; x_wconf 81' lang='lat' dir='ltr'>quaestum,</span> <span class='ocrx_word' id='word_1_269' title='bbox 1311 1584 1481 1634; x_wconf 87' lang='lat' dir='ltr'>opificum</span> <span class='ocrx_word' id='word_1_270' title='bbox 1500 1582 1549 1619; x_wconf 81' lang='lat' dir='ltr'>ad</span> 
     </span>
     <span class='ocr_line' id='line_1_60' title="bbox 896 1639 1550 1689; baseline -0.003 -11"><span class='ocrx_word' id='word_1_271' title='bbox 896 1643 1032 1689; x_wconf 85' lang='lat' dir='ltr'>instar,</span> <span class='ocrx_word' id='word_1_272' title='bbox 1076 1643 1359 1687; x_wconf 79' lang='lat' dir='ltr'>transferantur,</span> <span class='ocrx_word' id='word_1_273' title='bbox 1399 1639 1550 1688; x_wconf 81' lang='lat' dir='ltr'>egregie</span> 
     </span>
     <span class='ocr_line' id='line_1_61' title="bbox 897 1695 1549 1736; baseline -0.008 0"><span class='ocrx_word' id='word_1_274' title='bbox 897 1700 1052 1736; x_wconf 90' lang='lat' dir='ltr'>docente</span> <span class='ocrx_word' id='word_1_275' title='bbox 1081 1699 1210 1736; x_wconf 89' lang='lat' dir='ltr'>eodem</span> <span class='ocrx_word' id='word_1_276' title='bbox 1232 1696 1470 1734; x_wconf 82' lang='lat' dir='ltr'>Valckenario</span> <span class='ocrx_word' id='word_1_277' title='bbox 1499 1695 1549 1732; x_wconf 84' lang='lat' dir='ltr'>ad</span> 
     </span>
     <span class='ocr_line' id='line_1_62' title="bbox 896 1753 1548 1792; baseline -0.009 0"><span class='ocrx_word' id='word_1_278' title='bbox 896 1754 930 1791; x_wconf 91' lang='lat' dir='ltr'>h.</span> <span class='ocrx_word' id='word_1_279' title='bbox 958 1754 981 1791; x_wconf 89' lang='lat' dir='ltr'>l.</span> <span class='ocrx_word' id='word_1_280' title='bbox 1039 1754 1121 1792; x_wconf 86' lang='lat' dir='ltr'>Nec</span> <span class='ocrx_word' id='word_1_281' title='bbox 1169 1754 1273 1790; x_wconf 82' lang='lat' dir='ltr'>aliter</span> <span class='ocrx_word' id='word_1_282' title='bbox 1318 1753 1548 1790; x_wconf 89' lang='lat' dir='ltr'>Herodotum</span> 
     </span>
     <span class='ocr_line' id='line_1_63' title="bbox 896 1809 1548 1848; baseline -0.006 -1"><span class='ocrx_word' id='word_1_283' title='bbox 896 1810 1106 1848; x_wconf 84' lang='lat' dir='ltr'>adhibuisse</span> <span class='ocrx_word' id='word_1_284' title='bbox 1134 1810 1202 1847; x_wconf 90' lang='lat' dir='ltr'>hoc</span> <span class='ocrx_word' id='word_1_285' title='bbox 1229 1809 1441 1846; x_wconf 83' lang='lat' dir='ltr'>vocabulum</span> <span class='ocrx_word' id='word_1_286' title='bbox 1468 1819 1548 1844; x_wconf 82' lang='lat' dir='ltr'>ma-</span> 
     </span>
     <span class='ocr_line' id='line_1_64' title="bbox 894 1862 1548 1912; baseline -0.003 -10"><span class='ocrx_word' id='word_1_287' title='bbox 894 1867 1063 1902; x_wconf 90' lang='lat' dir='ltr'>nifestum</span> <span class='ocrx_word' id='word_1_288' title='bbox 1082 1866 1121 1902; x_wconf 86' lang='lat' dir='ltr'>fit</span> <span class='ocrx_word' id='word_1_289' title='bbox 1140 1879 1183 1903; x_wconf 85' lang='lat' dir='ltr'>ex</span> <span class='ocrx_word' id='word_1_290' title='bbox 1199 1864 1256 1912; x_wconf 86' lang='lat' dir='ltr'>iis,</span> <span class='ocrx_word' id='word_1_291' title='bbox 1287 1877 1380 1912; x_wconf 89' lang='lat' dir='ltr'>quae</span> <span class='ocrx_word' id='word_1_292' title='bbox 1399 1862 1548 1907; x_wconf 48' lang='lat' dir='ltr'>hacffoc-</span> 
     </span>
     <span class='ocr_line' id='line_1_65' title="bbox 894 1920 1548 1969; baseline -0.006 -11"><span class='ocrx_word' id='word_1_293' title='bbox 894 1922 1038 1959; x_wconf 83' lang='lat' dir='ltr'>casione</span> <span class='ocrx_word' id='word_1_294' title='bbox 1080 1921 1222 1958; x_wconf 90' lang='lat' dir='ltr'>dicendi</span> <span class='ocrx_word' id='word_1_295' title='bbox 1252 1920 1397 1965; x_wconf 78' lang='lat' dir='ltr'>oblata,</span> <span class='ocrx_word' id='word_1_296' title='bbox 1443 1922 1548 1969; x_wconf 88' lang='lat' dir='ltr'>post·</span> 
     </span>
     <span class='ocr_line' id='line_1_66' title="bbox 894 1975 1546 2024; baseline -0.003 -11"><span class='ocrx_word' id='word_1_297' title='bbox 894 1979 1005 2013; x_wconf 89' lang='lat' dir='ltr'>modo</span> <span class='ocrx_word' id='word_1_298' title='bbox 1023 1978 1070 2015; x_wconf 88' lang='lat' dir='ltr'>de</span> <span class='ocrx_word' id='word_1_299' title='bbox 1093 1976 1281 2024; x_wconf 80' lang='lat' dir='ltr'>Lydorum</span> <span class='ocrx_word' id='word_1_300' title='bbox 1310 1975 1452 2012; x_wconf 83' lang='lat' dir='ltr'>filiabus</span> <span class='ocrx_word' id='word_1_301' title='bbox 1483 1987 1546 2012; x_wconf 84' lang='lat' dir='ltr'>ea-</span> 
     </span>
     <span class='ocr_line' id='line_1_67' title="bbox 893 2032 1546 2082; baseline 0 -13"><span class='ocrx_word' id='word_1_302' title='bbox 893 2046 1046 2082; x_wconf 87' lang='lat' dir='ltr'>rumque</span> <span class='ocrx_word' id='word_1_303' title='bbox 1083 2033 1179 2070; x_wconf 75' lang='lat' dir='ltr'>vitae</span> <span class='ocrx_word' id='word_1_304' title='bbox 1208 2044 1344 2081; x_wconf 84' lang='lat' dir='ltr'>genere</span> <span class='ocrx_word' id='word_1_305' title='bbox 1375 2032 1546 2080; x_wconf 87' lang='lat' dir='ltr'>dotisque</span> 
     </span>
     <span class='ocr_line' id='line_1_68' title="bbox 894 2087 1544 2137; baseline -0.003 -12"><span class='ocrx_word' id='word_1_306' title='bbox 894 2089 1118 2137; x_wconf 86' lang='lat' dir='ltr'>colligendae</span> <span class='ocrx_word' id='word_1_307' title='bbox 1134 2089 1287 2135; x_wconf 88' lang='lat' dir='ltr'>ratione,</span> <span class='ocrx_word' id='word_1_308' title='bbox 1300 2088 1396 2125; x_wconf 88' lang='lat' dir='ltr'>idem</span> <span class='ocrx_word' id='word_1_309' title='bbox 1406 2087 1544 2125; x_wconf 88' lang='lat' dir='ltr'>Noster</span> 
     </span>
     <span class='ocr_line' id='line_1_69' title="bbox 894 2144 1546 2194; baseline -0.005 -12"><span class='ocrx_word' id='word_1_310' title='bbox 894 2146 1007 2182; x_wconf 78' lang='lat' dir='ltr'>addit.</span> <span class='ocrx_word' id='word_1_311' title='bbox 1064 2144 1187 2194; x_wconf 88' lang='lat' dir='ltr'>Atque</span> <span class='ocrx_word' id='word_1_312' title='bbox 1215 2145 1382 2192; x_wconf 75' lang='lat' dir='ltr'>Heynius</span> <span class='ocrx_word' id='word_1_313' title='bbox 1413 2144 1546 2192; x_wconf 91' lang='lat' dir='ltr'>(Com-</span> 
     </span>
     <span class='ocr_line' id='line_1_70' title="bbox 894 2199 1543 2250; baseline -0.005 -12"><span class='ocrx_word' id='word_1_314' title='bbox 894 2206 1018 2239; x_wconf 88' lang='lat' dir='ltr'>mentt.</span> <span class='ocrx_word' id='word_1_315' title='bbox 1039 2202 1163 2238; x_wconf 88' lang='lat' dir='ltr'>societ.</span> <span class='ocrx_word' id='word_1_316' title='bbox 1185 2200 1286 2236; x_wconf 72' lang='lat' dir='ltr'>Gott.</span> <span class='ocrx_word' id='word_1_317' title='bbox 1312 2199 1398 2236; x_wconf 89' lang='lat' dir='ltr'>XVI</span> <span class='ocrx_word' id='word_1_318' title='bbox 1416 2213 1453 2250; x_wconf 89' lang='lat' dir='ltr'>p.</span> <span class='ocrx_word' id='word_1_319' title='bbox 1467 2199 1543 2248; x_wconf 85' lang='lat'>35)</span> 
     </span>
     <span class='ocr_line' id='line_1_71' title="bbox 892 2256 1544 2305; baseline -0.002 -11"><span class='ocrx_word' id='word_1_320' title='bbox 892 2258 949 2295; x_wconf 89' lang='lat' dir='ltr'>hic</span> <span class='ocrx_word' id='word_1_321' title='bbox 971 2258 1072 2295; x_wconf 90' lang='lat' dir='ltr'>unice</span> <span class='ocrx_word' id='word_1_322' title='bbox 1089 2259 1134 2295; x_wconf 87' lang='lat' dir='ltr'>de</span> <span class='ocrx_word' id='word_1_323' title='bbox 1156 2256 1361 2293; x_wconf 84' lang='lat' dir='ltr'>hominibus</span> <span class='ocrx_word' id='word_1_324' title='bbox 1380 2269 1423 2293; x_wconf 86' lang='lat' dir='ltr'>ex</span> <span class='ocrx_word' id='word_1_325' title='bbox 1434 2256 1544 2305; x_wconf 83' lang='lat' dir='ltr'>plebe</span> 
     </span>
     <span class='ocr_line' id='line_1_72' title="bbox 896 2311 1543 2363; baseline -0.005 -12"><span class='ocrx_word' id='word_1_326' title='bbox 896 2315 1021 2362; x_wconf 85' lang='lat' dir='ltr'>egenis</span> <span class='ocrx_word' id='word_1_327' title='bbox 1039 2314 1099 2363; x_wconf 77' lang='lat' dir='ltr'>agi</span> <span class='ocrx_word' id='word_1_328' title='bbox 1117 2317 1241 2363; x_wconf 84' lang='lat' dir='ltr'>putat,</span> <span class='ocrx_word' id='word_1_329' title='bbox 1264 2313 1294 2348; x_wconf 88' lang='lat' dir='ltr'>si</span> <span class='ocrx_word' id='word_1_330' title='bbox 1311 2312 1456 2361; x_wconf 88' lang='lat' dir='ltr'>quidem</span> <span class='ocrx_word' id='word_1_331' title='bbox 1474 2311 1543 2349; x_wconf 88' lang='lat' dir='ltr'>hoc</span> 
     </span>
     <span class='ocr_line' id='line_1_73' title="bbox 891 2369 1544 2420; baseline -0.003 -14"><span class='ocrx_word' id='word_1_332' title='bbox 891 2375 1046 2419; x_wconf 83' lang='lat' dir='ltr'>quaestu</span> <span class='ocrx_word' id='word_1_333' title='bbox 1064 2369 1205 2420; x_wconf 90' lang='lat' dir='ltr'>puellae</span> <span class='ocrx_word' id='word_1_334' title='bbox 1217 2370 1341 2406; x_wconf 90' lang='lat' dir='ltr'>dotem</span> <span class='ocrx_word' id='word_1_335' title='bbox 1353 2369 1420 2405; x_wconf 89' lang='lat' dir='ltr'>sibi</span> <span class='ocrx_word' id='word_1_336' title='bbox 1430 2380 1544 2417; x_wconf 89' lang='lat' dir='ltr'>quae-</span> 
     </span>
     <span class='ocr_line' id='line_1_74' title="bbox 890 2425 1544 2475; baseline -0.003 -13"><span class='ocrx_word' id='word_1_337' title='bbox 890 2427 1035 2473; x_wconf 76' lang='lat' dir='ltr'>sierint,</span> <span class='ocrx_word' id='word_1_338' title='bbox 1069 2440 1115 2463; x_wconf 90' lang='lat' dir='ltr'>ne</span> <span class='ocrx_word' id='word_1_339' title='bbox 1133 2426 1305 2475; x_wconf 84' lang='lat' dir='ltr'>innuptae</span> <span class='ocrx_word' id='word_1_340' title='bbox 1326 2425 1432 2461; x_wconf 80' lang='lat' dir='ltr'>vitam</span> <span class='ocrx_word' id='word_1_341' title='bbox 1455 2436 1544 2472; x_wconf 86' lang='lat' dir='ltr'>age-</span> 
     </span>
     <span class='ocr_line' id='line_1_75' title="bbox 891 2480 1543 2530; baseline 0 -11"><span class='ocrx_word' id='word_1_342' title='bbox 891 2487 982 2520; x_wconf 86' lang='lat' dir='ltr'>rent.</span> <span class='ocrx_word' id='word_1_343' title='bbox 1031 2483 1154 2527; x_wconf 86' lang='lat' dir='ltr'>Quare</span> <span class='ocrx_word' id='word_1_344' title='bbox 1180 2482 1288 2519; x_wconf 85' lang='lat' dir='ltr'>etiam</span> <span class='ocrx_word' id='word_1_345' title='bbox 1306 2481 1456 2519; x_wconf 80' lang='grc' dir='ltr'><em>Λυδῶν</em></span> <span class='ocrx_word' id='word_1_346' title='bbox 1474 2480 1543 2530; x_wconf 83' lang='grc' dir='ltr'>δῆ-</span> 
     </span>
     <span class='ocr_line' id='line_1_76' title="bbox 892 2537 1541 2589; baseline -0.005 -12"><span class='ocrx_word' id='word_1_347' title='bbox 892 2553 968 2589; x_wconf 88' lang='grc' dir='ltr'><em>μον</em></span> <span class='ocrx_word' id='word_1_348' title='bbox 996 2538 1068 2576; x_wconf 86' lang='lat' dir='ltr'>iam</span> <span class='ocrx_word' id='word_1_349' title='bbox 1091 2551 1158 2588; x_wconf 91' lang='lat' dir='ltr'>per</span> <span class='ocrx_word' id='word_1_350' title='bbox 1187 2551 1226 2576; x_wconf 90' lang='lat' dir='ltr'>se</span> <span class='ocrx_word' id='word_1_351' title='bbox 1246 2537 1378 2587; x_wconf 76' lang='lat' dir='ltr'>plebem</span> <span class='ocrx_word' id='word_1_352' title='bbox 1398 2548 1541 2586; x_wconf 81' lang='lat' dir='ltr'>egenam</span> 
     </span>
     <span class='ocr_line' id='line_1_77' title="bbox 891 2594 1542 2643; baseline -0.003 -11"><span class='ocrx_word' id='word_1_353' title='bbox 891 2595 1073 2632; x_wconf 83' lang='lat' dir='ltr'>declarare</span> <span class='ocrx_word' id='word_1_354' title='bbox 1091 2597 1225 2631; x_wconf 88' lang='lat' dir='ltr'>censet.</span> <span class='ocrx_word' id='word_1_355' title='bbox 1255 2594 1417 2631; x_wconf 90' lang='lat' dir='ltr'>Similem</span> <span class='ocrx_word' id='word_1_356' title='bbox 1426 2606 1542 2643; x_wconf 88' lang='lat' dir='ltr'>quen-</span> 
     </span>
     <span class='ocr_line' id='line_1_78' title="bbox 890 2649 1540 2700; baseline -0.003 -13"><span class='ocrx_word' id='word_1_357' title='bbox 890 2652 974 2688; x_wconf 84' lang='lat' dir='ltr'>dam</span> <span class='ocrx_word' id='word_1_358' title='bbox 997 2651 1213 2700; x_wconf 73' lang='lat' dir='ltr'>Cypriorum</span> <span class='ocrx_word' id='word_1_359' title='bbox 1234 2662 1371 2687; x_wconf 89' lang='lat' dir='ltr'>morem</span> <span class='ocrx_word' id='word_1_360' title='bbox 1388 2649 1540 2686; x_wconf 78' lang='lat' dir='ltr'>laudant</span> 
     </span>
     <span class='ocr_line' id='line_1_79' title="bbox 891 2705 1540 2757; baseline -0.003 -14"><span class='ocrx_word' id='word_1_361' title='bbox 891 2708 992 2757; x_wconf 78' lang='lat' dir='ltr'>apud</span> <span class='ocrx_word' id='word_1_362' title='bbox 1009 2706 1132 2743; x_wconf 88' lang='lat' dir='ltr'>lustin.</span> <span class='ocrx_word' id='word_1_363' title='bbox 1155 2705 1298 2753; x_wconf 83' lang='lat' dir='ltr'>XVIII,</span> <span class='ocrx_word' id='word_1_364' title='bbox 1321 2707 1360 2747; x_wconf 88' lang='lat'>5.</span> <span class='ocrx_word' id='word_1_365' title='bbox 1416 2705 1540 2754; x_wconf 85' lang='lat' dir='ltr'>Magis</span> 
     </span>
     <span class='ocr_line' id='line_1_80' title="bbox 890 2762 1540 2811; baseline -0.002 -12"><span class='ocrx_word' id='word_1_366' title='bbox 890 2767 1010 2800; x_wconf 81' lang='lat' dir='ltr'>tamen</span> <span class='ocrx_word' id='word_1_367' title='bbox 1050 2763 1119 2799; x_wconf 91' lang='lat' dir='ltr'>huc</span> <span class='ocrx_word' id='word_1_368' title='bbox 1156 2762 1310 2808; x_wconf 84' lang='lat' dir='ltr'>faciunt,</span> <span class='ocrx_word' id='word_1_369' title='bbox 1358 2775 1452 2811; x_wconf 84' lang='lat' dir='ltr'>quae</span> <span class='ocrx_word' id='word_1_370' title='bbox 1495 2773 1540 2798; x_wconf 86' lang='lat' dir='ltr'>ex</span> 
     </span>
     <span class='ocr_line' id='line_1_81' title="bbox 890 2817 1538 2867; baseline 0 -12"><span class='ocrx_word' id='word_1_371' title='bbox 890 2818 1064 2856; x_wconf 89' lang='lat' dir='ltr'>Clearcho</span> <span class='ocrx_word' id='word_1_372' title='bbox 1082 2822 1273 2855; x_wconf 85' lang='lat' dir='ltr'>narrantur</span> <span class='ocrx_word' id='word_1_373' title='bbox 1297 2819 1397 2867; x_wconf 84' lang='lat' dir='ltr'>apud</span> <span class='ocrx_word' id='word_1_374' title='bbox 1423 2817 1538 2855; x_wconf 81' lang='lat' dir='ltr'>Athe-</span> 
     </span>
    </p>
   </div>
   <div class='ocr_carea' id='block_1_15' title="bbox 887 2873 1536 2925">
    <p class='ocr_par' dir='ltr' id='par_1_15' title="bbox 887 2873 1536 2925">
     <span class='ocr_line' id='line_1_82' title="bbox 887 2873 1536 2925; baseline -0.005 -13"><span class='ocrx_word' id='word_1_375' title='bbox 887 2887 1018 2913; x_wconf 85' lang='lat' dir='ltr'>naeum</span> <span class='ocrx_word' id='word_1_376' title='bbox 1036 2874 1128 2923; x_wconf 87' lang='lat' dir='ltr'>XII,</span> <span class='ocrx_word' id='word_1_377' title='bbox 1155 2876 1203 2916; x_wconf 83' lang='lat'>11</span> <span class='ocrx_word' id='word_1_378' title='bbox 1228 2887 1265 2925; x_wconf 70' lang='lat' dir='ltr'>p,</span> <span class='ocrx_word' id='word_1_379' title='bbox 1280 2873 1381 2921; x_wconf 86' lang='lat'>515,</span> <span class='ocrx_word' id='word_1_380' title='bbox 1402 2874 1434 2910; x_wconf 90' lang='lat' dir='ltr'><strong>F</strong></span> <span class='ocrx_word' id='word_1_381' title='bbox 1459 2885 1536 2918; x_wconf 81' lang='lat' dir='ltr'>seq.</span> 
     </span>
    </p>
   </div>
  </div>
 </body>
</html>
