1909 3228
431 203 515 245 268

820 202 1282 243 HERODOTI

431 311 598 369 λόγοισι
627 311 849 368 &qm-dom.)
890 313 961 356 καὶ
990 310 1093 363 τούς
1120 311 1370 367 Ἀσσυρίους
1397 312 1675 369 ὑποχειρίους
1691 320 1733 354 61

404 391 715 449 4ἐποιήσαντο,
747 389 859 447 πλὴν
887 394 962 446 τῆς
990 393 1270 448 Βαβυλωνίης
1297 392 1461 447 μοίρης.
1501 392 1603 448 μετὰ
1634 391 1680 435 δὲ

432 476 589 523 ταῦτα,

652 467 884 525 Κυαξάρης
935 469 1012 525 μὲν
1062 468 1320 525 βασιλεύσας
1373 470 1684 526 τεσσεράκοντα

434 551 551 602 ἔτεα,
581 547 665 593 σύν
692 552 806 592 τοῖσι
836 547 1014 593 Σκύθαι
1042 542 1195 605 ἧρξαν,
1226 552 1410 606 τελευτᾷ.

379 713 518 749 niorum
537 723 663 760 regum
683 711 900 749 mentionem
914 712 1026 749 sactu-

379 782 457 805 rum
478 767 520 807 ἒν
536 771 637 806 τοῖσι
658 762 1026 820 Ἀσσυρίοισιλὸγοι-

381 836 430 863 σι.
461 823 581 872 Atque
595 824 805 861 Aristoteles
820 824 915 861 Hist.
937 824 1026 860 Ani-

379 880 461 918 mal.
482 880 579 926 Vin,
603 882 655 921 20
675 880 748 927 (18
766 881 821 918 ed.
835 881 1025 929 Schneid.)

381 937 541 975 eiusdem
581 936 752 984 Assyriae
780 937 951 974 historiae
980 938 1025 973 ab

380 993 571 1031 Herodoto
615 992 841 1042 conscriptae
868 993 1028 1029 meminit

382 1054 417 1087 et
440 1049 584 1097 quidem
605 1064 648 1087 eo
669 1049 768 1095 loco,
795 1048 857 1084 ubi
878 1049 924 1085 de
939 1048 1027 1085 Nini

383 1106 573 1142 obsidione
616 1105 675 1142 ille
721 1104 860 1141 locutus
909 1106 1026 1142 suerit.

382 1161 459 1199 Sed
469 1162 505 1197 in
518 1161 598 1210 ipso
611 1160 828 1198 Aristoteleo
845 1161 922 1197 loco
936 1174 1030 1198 nunc

384 1231 404 1256 e
426 1217 532 1254 codd.
555 1229 597 1254 ac
625 1217 848 1255 versionibus
874 1217 1031 1267 antiquis

383 1274 580 1324 repositum
596 1275 758 1311 videmus
775 1272 951 1320 Ἡσίοδος
964 1286 1031 1324 pro

381 1326 601 1380 Ἡρόδοτος.
665 1330 724 1367 De
757 1343 828 1379 quo
870 1331 1033 1368 videatur

384 1386 593 1423 Schneideri
622 1386 820 1423 adnotatio,
878 1386 936 1424 De
952 1386 1032 1435 ipsa

389 1441 535 1490 Assyria
558 1441 726 1488 historia,
767 1454 875 1490 quam
895 1442 1031 1479 Noster

385 1497 479 1535 binis
504 1496 601 1535 hisce
621 1498 708 1534 locis
732 1498 939 1547 pollicetur,
972 1510 1031 1534 ac-

386 1553 543 1591 curatius
563 1553 744 1602 inquisivit
765 1553 1031 1603 lVesselingius

385 1609 593 1647 Dissertatt.
612 1610 805 1647 Herodott.
825 1624 880 1660 cp.
905 1611 917 1646 l
939 1623 974 1659 p.
992 1612 1029 1651 9.

387 1666 481 1702 Sunt
501 1666 597 1702 enim
627 1666 685 1714 qui
705 1666 884 1715 peculiare
904 1666 1033 1704 Nostri

388 1721 598 1771 opusculum
619 1723 664 1759 de
676 1721 905 1770 Assyriorum
922 1722 1034 1758 histo·

388 1777 441 1814 ria
473 1778 651 1815 exstitisse
675 1778 759 1816 inde
795 1778 1035 1822 concludant3

389 1845 606 1882 quamquam
631 1833 758 1870 mirum
789 1836 952 1884 profecto
978 1837 1035 1870 est

390 1902 412 1927 a
434 1890 576 1927 nemine
599 1889 666 1926 alio
687 1890 862 1939 scriptore
879 1889 1035 1940 posteri-

390 1946 463 1982 oris
494 1947 622 1983 aetatis
652 1946 702 1994 (si
725 1946 770 1982 ab
802 1959 874 1983 uno
895 1946 1035 1982 Aristo-

389 2001 470 2039 telis
489 2001 567 2039 loco
596 2003 752 2040 incertae
780 2002 940 2041 lectionis
962 2002 1036 2038 dis-

391 2059 575 2107 cesseris),
604 2059 697 2096 hanc
724 2058 904 2096 Herodoti
924 2059 1038 2094 histo-

391 2115 478 2151 riam
501 2114 685 2164 Assyriam
720 2114 869 2153 laudari.
926 2114 1036 2152 Unde

391 2170 477 2208 mihi
506 2176 601 2209 certe
631 2170 735 2208 valde
762 2172 910 2208 dubium
937 2171 1036 2208 iide-

392 2231 467 2274 tur,
514 2227 740 2265 Herodotum
771 2241 931 2277 uuquam
963 2226 1038 2264 tale

393 2296 485 2333 opus
503 2287 647 2333 praeter
667 2283 817 2331 Musas,
856 2296 946 2333 quas
973 2283 1037 2319 ha-

393 2339 541 2383 bemns,
570 2340 850 2389 conscripsisse3
879 2339 1038 2388 quicum

394 2396 540 2445 saepius
566 2395 635 2432 hoc
665 2396 798 2433 citandi
822 2396 931 2433 modo
957 2399 1036 2431 uta-

394 2455 472 2499 tur,
497 2455 536 2488 nt
553 2452 600 2488 ad
622 2448 762 2504 λόγους
781 2452 835 2490 vel
845 2463 1036 2503 praegres-

396 2521 457 2543 sos
485 2507 540 2545 vel
572 2513 767 2557 sequentes
788 2508 957 2545 amandet
983 2506 1035 2543 le-

397 2567 533 2611 utores,
559 2564 652 2601 binis
672 2564 740 2600 illis
755 2565 841 2602 locis
854 2576 932 2602 eam
949 2576 1037 2612 ope—

398 2618 446 2654 ris
475 2620 528 2655 sui
556 2624 696 2670 partem
722 2634 750 2657 s,
773 2624 881 2671 caput
902 2618 1037 2657 intelle-

399 2674 494 2711 xisse
516 2675 674 2724 videtur,
702 2689 774 2726 quo
799 2675 1037 2727 peculiariter,

399 2741 465 2779 per
489 2731 689 2780 episodiam
724 2732 872 2783 opinor,
909 2735 1040 2769 tracta-

400 2789 500 2822 verat
537 2786 583 2824 de
616 2786 847 2836 Assmorum
880 2787 1038 2825 historia.

402 2839 449 2877 At
467 2840 574 2879 talem
587 2844 785 2894 episodiam
796 2857 890 2881 nunc
909 2846 1040 2882 frustra

1094 725 1246 762 quaeras
1274 713 1310 750 in
1341 713 1408 762 iis,
1439 726 1533 764 quae
1553 713 1599 750 de
1621 711 1741 749 Hero-

1093 769 1202 807 doteo
1223 782 1334 819 opere
1352 769 1467 806 Musis
1487 769 1659 819 inscripto
1675 767 1741 804 ad-

1093 825 1165 863 huc
1185 831 1388 876 supersunt.
1428 826 1559 876 Neque
1580 825 1648 862 hoc
1675 823 1741 860 mi·

1092 894 1181 918 rum.
1240 882 1380 919 Scimus
1401 883 1494 921 enim
1514 881 1741 919 Herodotum

1096 936 1227 973 multos
1246 951 1312 987 per
1334 951 1449 975 annos
1472 938 1680 976 elaborasse
1706 936 1741 971 in

1096 1007 1208 1043 opere
1227 995 1487 1032 conscribendo
1499 1006 1564 1043 per
1583 990 1741 1040 singulas

1096 1054 1218 1100 partes
1231 1078 1241 1096 ,
1268 1051 1414 1099 saepius
1436 1053 1646 1087 retractatas
1665 1046 1743 1083 illas

1097 1106 1260 1154 quidem,
1291 1106 1368 1143 aliis
1398 1107 1555 1152 additis,
1584 1103 1663 1140 aliis
1688 1115 1744 1140 re-

1098 1162 1226 1209 sectis,
1256 1175 1372 1211 usque
1395 1163 1481 1199 dum
1496 1160 1643 1199 Thuriis
1665 1171 1746 1196 ver-

1098 1221 1238 1255 santem
1284 1231 1408 1256 senem
1446 1219 1482 1255 in
1523 1215 1744 1254 absolvendo

1099 1287 1211 1324 opere
1257 1287 1354 1312 mors
1403 1277 1604 1324 occuparet.
1671 1271 1746 1315 Qui

1098 1331 1207 1379 igitur
1245 1332 1291 1369 de
1338 1330 1568 1380 Assjriorum
1599 1327 1748 1366 historia

1098 1386 1325 1437 peculiariter
1345 1387 1380 1423 in
1402 1386 1567 1437 episodia
1590 1384 1745 1433 quadam

1098 1442 1159 1490 (ut
1180 1455 1211 1479 v.
1235 1455 1264 1480 c.
1296 1443 1341 1479 de
1364 1442 1479 1491 Lydis
1496 1471 1506 1490 ,
1536 1442 1583 1478 de
1610 1439 1746 1486 Persis,

1099 1498 1177 1535 aliis
1189 1499 1316 1536 eodem
1328 1501 1437 1536 modo
1456 1497 1625 1546 loquitur,
1634 1495 1747 1532 histo-

1099 1554 1188 1590 riam
1206 1555 1434 1604 persecutus)
1470 1553 1657 1591 tractanda
1676 1551 1746 1588 sibi

1101 1611 1150 1647 ita
1175 1616 1437 1661 proposuerat,
1468 1615 1507 1647 ut
1538 1609 1641 1645 initio
1667 1607 1747 1644 libri

1101 1667 1170 1703 iam
1207 1666 1358 1704 lectores
1395 1681 1437 1704 eo
1470 1666 1680 1714 ablegaret,
1716 1663 1746 1699 is

1102 1735 1182 1760 eam
1203 1723 1318 1772 ipsam
1340 1723 1447 1760 credo
1466 1722 1661 1772 postmodo
1681 1731 1747 1756 suo

1100 1778 1179 1815 loco
1201 1779 1358 1816 inserere
1375 1779 1429 1816 vel
1450 1779 1579 1815 oblitus
1598 1775 1654 1814 vel
1681 1776 1750 1812 im-

1102 1834 1248 1885 peditus
1271 1836 1347 1873 suit.
1406 1835 1503 1879 Sed,
1533 1846 1625 1882 quae
1644 1831 1749 1870 suerit

1101 1903 1209 1928 causa
1248 1892 1401 1929 omissae
1436 1890 1644 1941 episodiae‚
1693 1888 1751 1925 vix

1102 1947 1253 1985 definire
1275 1961 1370 1984 nunc
1391 1947 1505 1984 liceat.
1535 1946 1639 1983 Haec
1652 1947 1748 1991 sunt,

1102 2016 1198 2052 quae
1214 2004 1260 2041 de
1280 2003 1430 2052 Assyria
1446 2002 1626 2040 Herodoti
1636 2001 1751 2037 histo-

1103 2060 1154 2095 ria
1172 2059 1257 2096 mihi
1279 2060 1433 2109 placent.
1463 2059 1615 2096 Cautius
1639 2058 1676 2093 in
1692 2056 1748 2092 his

1103 2116 1228 2151 statuit
1245 2115 1474 2162 Dahlmann.‚
1495 2127 1600 2162 quem
1617 2112 1677 2149 Tu
1698 2111 1749 2148 vi-

1103 2172 1171 2217 de,
1201 2171 1236 2207 in
1257 2171 1434 2208 Herodot.
1463 2182 1548 2218 pag.
1568 2171 1648 2210 229
1670 2180 1747 2216 seq.

1101 2227 1240 2274 laeger.
1252 2226 1413 2275 Disputt.
1430 2225 1622 2262 Herodott.
1635 2224 1750 2271 (Got-

1103 2283 1192 2330 ting.
1210 2283 1335 2331 1828)
1355 2295 1440 2332 pag.
1460 2283 1510 2322 15
1540 2282 1575 2317 in
1594 2280 1748 2318 eandem

1105 2339 1319 2376 sententiam
1344 2339 1554 2388 disputans,
1583 2337 1674 2373 hanc
1693 2336 1749 2373 di-

1101 2395 1327 2444 gressionem
1360 2393 1555 2431 narrationi
1588 2394 1750 2430 inseren-

1102 2452 1185 2488 dam
1207 2452 1329 2500 utique
1350 2450 1387 2487 in
1407 2450 1590 2500 scriptoris
1613 2461 1750 2499 propo-

1103 2508 1172 2543 sito
1193 2507 1305 2544 fuisse
1324 2511 1448 2544 censet
1468 2511 1504 2544 et
1527 2506 1675 2555 quidem
1696 2504 1750 2542 ul-

1104 2563 1191 2600 tima
1210 2563 1289 2601 libri
1317 2563 1412 2601 tertii
1440 2566 1567 2612 parte,
1597 2562 1657 2598 ubi
1674 2561 1749 2598 Ba-

1104 2619 1270 2668 byloniae
1299 2632 1365 2669 per
1389 2619 1574 2669 Zopyrum
1599 2630 1749 2668 recupe-

1104 2676 1196 2712 ratio
1232 2676 1404 2726 optimam
1441 2674 1648 2726 praebuerit
1687 2686 1748 2711 oc·-

1105 2733 1296 2770 casionem.

1162 2782 1379 2839 Κυαξάρης
1400 2783 1471 2838 μὲν
1489 2807 1544 2816 -
1566 2786 1746 2838 τελευτᾷ]

1108 2845 1219 2889 Quod
1235 2844 1405 2883 Larcheri
1426 2857 1445 2882 e
1468 2842 1667 2881 rationibus
1688 2853 1747 2879 at>
