1877 3223
323 1045 385 1089 31

149 1111 282 1140 cleoblm
299 1115 330 1139 et
339 1112 390 1139 m-

115 1147 215 1208 {23⁰²
257 1146 388 1175 necundo
414 1159 417 1161 >

444 229 500 269 76
843 230 1311 269 HERODOTI

443 330 528 387 »εὖ
547 333 761 393 ἡκούσης,
791 341 939 389 παῖὸες
956 333 1067 395 ἦσαν
1093 340 1218 382 καλοί
1238 355 1283 382 τε
1309 337 1520 395 κάγαθοὶ,
1549 342 1622 384 καί
1644 353 1722 397 σφι

442 412 562 465 „eide
592 414 726 459 ἅπασι
760 418 889 460 τέκνα
919 416 1201 472 ἐκγενόμενα,
1244 418 1318 461 καὶ
1352 418 1490 460 πάντα
1518 420 1722 474 παραμεί-

440 507 632 545 ,,ναντα·
661 496 876 548 τοῦτοδὲ,
905 500 985 539 τοῦ
1019 497 1120 551 βίου
1155 490 1204 539 εὖ
1232 493 1405 551 ἥκοντι,
1436 493 1494 546 ὥς
1523 498 1575 539 τὰ
1610 495 1716 551 παρ’

417 585 463 623 9,,
475 570 590 627 ἡμῖν,
619 573 793 630 τελευτή
816 578 894 617 τοῦ
917 575 1018 629 βίου
1045 572 1322 629 λαμπροτάτη
1345 573 1574 628 ἐπεγένετο.
1600 590 1766 630 ravo-50

438 651 603 708 ,,μένης
641 650 725 707 γὰρ
766 650 1037 708 Ἀθηναίοισι
1078 652 1213 707 μάχης
1253 650 1362 705 πρὸς
1394 651 1496 702 τοὺς
1529 651 1719 708 ἀστυγεί-

436 746 599 780 ,,τονας
633 730 680 772 ἐν
708 729 940 783 Ἐλευσῖνι,
982 729 1221 787 βοηθήσας,
1252 730 1324 774 καὶ
1343 730 1511 786 τροπήν
1534 730 1720 788 ποιήσας

392 811 559 858 10,,τῶν
578 810 819 864 πολεμίων,
849 808 1041 853 ἀπέθανε
1063 808 1280 853 κάλλιστα.
1313 811 1387 852 καί
1404 826 1479 864 μιν
1497 808 1718 865 Ἀθηναῖοι

435 887 656 944 ,,δημοσίῃ
685 903 729 930 τε
755 888 929 940 εθαψαν
962 886 1102 932 αὐτοῦ
1134 893 1267 945 τῇπερ
1303 888 1446 940 ἔπεσε,
1476 887 1547 932 καὶ
1578 888 1716 944 ἐτίμη-

435 998 459 1016 ,,
471 977 554 1009 σαν
582 965 785 1022 μεγάλως.
792 971 816 990 “

387 1239 457 1276 loci
494 1238 600 1277 valde
653 1241 863 1290 adiuvatur,

920 1253 1039 1290 neque

544 1042 621 1096 Ως
641 1045 687 1089 δὲ
705 1045 757 1088 τὰ
775 1045 883 1089 navo}
905 1044 983 1089 τὸν
1017 1044 1176 1089 Τέλλον
1198 1044 1495 1100 προετρέψατο
1517 1044 1540 1088 ὁ
1559 1044 1760 1091 Σόλων55

1107 1243 1273 1277 stitutum
1301 1253 1395 1288 esse,
1443 1240 1490 1278 de
1526 1240 1591 1287 iis,
1631 1239 1760 1289 quibus

387 1308 497 1333 causa
528 1297 616 1333 satis
645 1297 741 1335 iusta
762 1303 938 1348 apparet,
978 1309 1040 1334 cur
1105 1295 1204 1333 lauta
1251 1309 1293 1334 ac
1341 1297 1444 1344 larga
1473 1296 1637 1345 suppetit
1673 1296 1758 1343 vita,

386 1351 579 1390 Herodoto
608 1353 727 1390 minus
753 1355 910 1391 scribere
929 1354 1037 1390 licue-

387 1408 452 1445 rit:
482 1410 554 1458 τῆς
575 1404 716 1455 πόλιος
747 1403 794 1447 εὖ
813 1405 990 1459 ἡκούσης
1011 1408 1032 1446 1.

386 1477 419 1501 e.
449 1465 593 1501 civitate
614 1466 775 1515 florente.
831 1465 889 1502 De
917 1469 1032 1504 τοῦτο

383 1516 458 1571 μὲν
491 1523 681 1560 -τοῦτο
717 1518 760 1559 δὲ
795 1522 888 1557 conf.
923 1521 1032 1558 modo

382 1575 581 1615 Hermann.
622 1578 670 1614 ad
709 1577 833 1626 Viger.
871 1590 908 1627 p.
938 1580 1032 1618 702.

382 1631 442 1669 Ad
479 1634 695 1671 seutentiam
735 1633 799 1670 Cr.
838 1646 882 1670 ea
910 1635 1032 1680 refert,

382 1701 476 1737 quae
497 1689 664 1738 leguntur
686 1690 721 1726 in
733 1689 872 1740 Hippia
892 1689 1030 1735 maiori,

381 1746 445 1794 qui
465 1745 627 1782 Platonis
649 1759 738 1796 prae
757 1759 798 1784 se
818 1747 1029 1783 sertnomen

380 1813 416 1851 p.
440 1804 533 1849 291,
554 1802 602 1839 D.
624 1815 709 1852 pag.
726 1803 803 1843 151
825 1802 1028 1840 edfleind.

382 1856 535 1894 Videtur
546 1859 640 1895 enim
662 1862 724 1894 aut
733 1858 836 1894 Plato
858 1863 919 1894 aut
930 1859 1027 1907 quis-

382 1913 464 1961 quis
512 1913 603 1949 illius
641 1914 778 1962 dialogi
812 1918 869 1951 est
893 1919 1029 1960 auctor,

380 1969 609 2007 Herodotum
631 1973 716 2007 ante
740 1970 863 2006 oculos
885 1970 1030 2006 habuis-

381 2039 432 2062 se.
461 2046 517 2053 —
547 2025 701 2062 Locutio
719 2025 833 2064 καλοί
850 2040 888 2064 τε
911 2021 1029 2076 κοῖγα-

379 2079 454 2120 θοὶ
479 2081 535 2118 hic
569 2095 642 2117 non
677 2082 794 2118 miuus
831 2082 877 2119 de
909 2082 1029 2132 specie

380 2141 443 2175 aut
462 2138 508 2175 de
527 2138 670 2186 generis
678 2138 912 2188 praestantia,
922 2151 1029 2187 quam

381 2196 429 2232 de
449 2195 564 2231 omnis
584 2194 724 2230 virtutis
758 2194 880 2231 indole
899 2194 1028 2244 accipi-

380 2251 486 2289 enda.
554 2250 650 2287 Nam
705 2251 752 2288 de
797 2251 1029 2301 optimatibus

381 2320 578 2355 eorumque
608 2307 687 2343 filiis
718 2307 824 2344 unice
852 2307 913 2357 qui
937 2307 1029 2343 acei-

381 2376 469 2414 pere
488 2363 544 2400 hic
570 2363 673 2410 velit,
703 2377 785 2401 eum
805 2363 861 2400 w'x
879 2363 1029 2400 locutio-

380 2421 437 2456 nis
459 2432 605 2456 sensum
635 2425 837 2457 assecutum
866 2419 1028 2458 credide-

380 2477 459 2513 rim.
519 2475 627 2512 Plura
649 2481 733 2525 post
760 2480 814 2513 tot
843 2476 933 2512 alios
954 2476 1028 2512 ‹lis-

380 2532 493 2569 sciuit
510 2530 757 2569 Wclcker.i11
788 2532 958 2581 Prolegg.
981 2532 1028 2568 ad

379 2587 550 2636 Theogn.
570 2602 606 2638 p.
625 2588 761 2627 XXIV.

437 2658 554 2682 τουτο
577 2642 632 2690 δὲ,
651 2659 720 2682 του
706 2644 826 2695 βίου
850 2637 896 2683 εὖ
903 2658 1026 2693 ηκου-

382 2715 438 2747 τι,
469 2715 522 2746 ως
544 2715 591 2738 τα
614 2696 703 2750 παρ’
722 2700 841 2751 miii),
872 2696 1027 2749 τελευτὴ

380 2772 417 2795 κ.
450 2770 482 2794 τ.
508 2755 559 2806 λ.]
600 2758 643 2795 εὑ
675 2753 788 2807 ήκειν
818 2759 892 2796 τοῦ
923 2756 1027 2807 βίου,

376 2814 503 2864 florere
531 2813 620 2862 quod
645 2813 693 2850 ad
712 2815 824 2850 vitam
841 2815 966 2850 attinet
994 2826 1026 2849 s.

381 2871 419 2907 in
440 2882 474 2907 re
492 2869 692 2918 (familiari)
720 2872 808 2908 satis
826 2870 928 2908 lauta
948 2883 1027 2908 con-

1104 1353 1270 1389 omuibus
1291 1352 1395 1389 bonis
1414 1353 1613 1388 abundans.
1637 1351 1759 1388 Verba

1105 1406 1160 1453 ὥς
1182 1405 1229 1445 τοὶ
1254 1403 1345 1458 παρ’
1361 1406 1459 1458 ἡμῖν
1481 1413 1578 1445 recte
1595 1412 1756 1444 vextunt:

1102 1477 1190 1513 „pro
1211 1464 1346 1500 modulo
1367 1466 1575 1500 nostratium
1588 1463 1754 1512 faculta-

1102 1524 1184 1556 tum
1188 1521 1213 1540 “
1278 1521 1456 1568 Stegerus
1489 1519 1661 1570 explicat:
1702 1534 1756 1566 ως

1102 1572 1152 1626 δη
1188 1571 1280 1626 παρ’
1307 1574 1406 1627 ἧμιν
1437 1590 1479 1627 γε
1509 1575 1585 1626 ε’χει
1615 1577 1751 1623 ταῦτα,

1101 1628 1201 1684 ὅπερ
1224 1628 1484 1683 εὐδαιμονίαν
1505 1633 1717 1682 καλοῦμεν.

1280 1721 1394 1773 Cap.
1426 1720 1566 1761 XXXI.

1153 1815 1206 1847 ως
1227 1798 1270 1839 δὲ
1300 1797 1347 1839 τοὶ
1380 1796 1479 1839 nato}
1507 1797 1578 1839 τόν
1607 1797 1751 1839 Τέλλον

1096 1856 1367 1909 προετοέψατο
1390 1855 1413 1895 ό
1436 1852 1570 1894 Σόλων
1590 1871 1625 1894 κ.
1644 1871 1676 1894 τ.
1700 1857 1748 1906 λ.]

1098 1913 1120 1949 1.
1146 1927 1178 1951 e.
1211 1927 1287 1950 cum
1314 1913 1380 1949 hac
1399 1912 1440 1948 de
1455 1912 1552 1949 Tello
1569 1915 1748 1950 narratio-

1096 1982 1137 2006 ne
1160 1969 1269 2006 Solon
1290 1969 1450 2007 Croesum
1479 1969 1538 2016 (ut
1557 1982 1606 2006 sc.
1620 1968 1749 2019 ampli-

1097 2037 1139 2061 us
1159 2026 1369 2073 quaereret)
1392 2027 1594 2071 incitasset,
1625 2028 1748 2075 quippe

1097 2082 1160 2131 qui
1179 2082 1331 2128 (Solon)
1353 2082 1465 2118 multa
1483 2082 1525 2118 de
1546 2095 1584 2118 eo
1601 2082 1657 2129 (T
1659 2081 1747 2129 ello)

1094 2138 1241 2174 dixisset
1269 2138 1545 2187 felicitatemque
1574 2140 1646 2174 eius
1681 2150 1743 2174 ex-

1090 2195 1273 2243 posuisset.
1328 2193 1449 2230 verba
1477 2190 1524 2230 vti
1552 2191 1650 2231 nard
1678 2190 1744 2232 τὸν

1101 2248 1242 2288 Τέλλον
1253 2248 1417 2286 absolute
1429 2250 1638 2299 accipienda
1647 2254 1742 2286 sunt:

1095 2305 1212 2354 „quod
1232 2307 1356 2342 attinet
1377 2305 1424 2341 ad
1454 2305 1547 2342 Telli
1571 2307 1664 2353 res‚“
1694 2306 1743 2343 ad

1095 2374 1210 2410 quae,
1239 2361 1270 2396 si
1292 2361 1430 2411 placet,
1465 2362 1648 2399 subaudiri
1667 2375 1741 2411 po—

1095 2418 1177 2454 terit
1196 2415 1339 2468 λέγων,
1379 2419 1415 2454 in
1441 2418 1574 2455 talibus
1593 2418 1741 2455 omnino

1095 2474 1292 2519 omissum,
1340 2479 1509 2511 monente
1543 2474 1672 2511 Matth.
1703 2473 1740 2525 §.

1096 2530 1175 2570 421
1199 2536 1272 2566 not.
1296 2534 1333 2577 2,
1364 2543 1384 2567 a
1404 2544 1440 2580 p.
1459 2530 1553 2571 774.
1574 2544 1740 2582 -προ-

1096 2584 1284 2636 ετρέψατο
1295 2616 1304 2633 ,
1333 2587 1487 2624 breviter
1507 2588 1651 2633 dictum,
1662 2588 1738 2623 vul-

1095 2655 1142 2691 go
1169 2644 1217 2679 ita
1246 2643 1446 2692 accipiunt,
1485 2649 1524 2680 ut
1545 2643 1739 2681 subaudia-

1093 2704 1150 2735 tur
1178 2696 1273 2749 πρὸς
1313 2696 1354 2738 τὸ
1389 2698 1559 2754 ἕρωτᾷνε
1598 2699 1739 2749 impulit

1095 2754 1142 2791 ad
1188 2755 1426 2805 quaerendum.
1494 2756 1736 2794 Schneiderus

1093 2812 1131 2848 in
1149 2811 1281 2850 Lexico
1300 2813 1473 2850 reddiditz
1504 2813 1734 2861 iiberzeugen,·

1092 2867 1131 2906 id
1181 2869 1281 2920 quod
1330 2870 1379 2908 ad
1422 2882 1567 2908 sensum
1603 2870 1737 2922 probat
