1909 3228
654 161 867 201 cL10.
924 160 952 199 Ι.

1346 160 1429 200 317

174 274 277 326 τούς
315 271 425 317 εἶναι
465 270 716 329 ἀνθρώπων
754 274 907 330 μακρῷ
943 270 996 315 τοὶ
1034 268 1174 314 πάντα
1214 267 1429 324 ἀρίστους,

173 354 278 405 τοὺς
303 354 348 397 δὲ
378 350 536 403 ἄλλους
564 352 674 396 κατα
703 350 837 407 λόγον
864 349 942 394 τὸν
969 349 1202 406 λεγόμενον
1228 353 1303 406 τῆς
1325 348 1428 405 ἀρε-

173 437 250 490 τῆς
299 431 573 488 ἀντέχεσθαι,
619 431 723 482 τοὺς
767 430 811 474 δὲ
850 428 1066 474 ἑκαστάτω
1095 427 1314 479 οἰκέοντας
1344 427 1429 472 ἀπὸ

147 513 354 556 5ἓωυτῶν
392 512 622 561 κακίστους
661 509 783 553 εἶναι.

850 508 939 551 Ἐπὶ
978 509 1023 552 ὁὲ
1068 509 1240 566 Μ’ήδων
1280 507 1486 564 ἀρχόν-85

175 608 285 644 των,
315 591 387 635 καὶ
415 586 517 646 ἦρχε
545 590 597 632 τὰ
626 589 758 632 ἔθνεα
788 586 998 643 ἀλλήλων.
1038 587 1327 631 συναπάντων
1355 587 1432 643 μὲν

177 673 353 726 ῙΡΙῆδοι,
395 670 584 712 καὶτῶν
624 666 800 723 ἄγχιστα
840 667 1072 710 οἰκεόντων
1112 669 1257 722 σφίσι·
1306 662 1431 710 οὗτοι

175 749 247 801 δὲ,
287 749 362 792 καὶ
389 750 478 790 τῶν
508 744 742 801 ὁμούρων·
775 748 819 789 οἱ
848 747 914 797 δὲ,
963 747 1146 802 μάλιστα
1174 750 1264 789 τῶν
1293 747 1432 802 ἐχομέ-

146 836 168 869 6
179 844 280 871 νων.

339 825 448 871 κατὰ
478 826 555 870 τόν
585 823 721 869 αὐτόν
751 826 796 869 δὲ
825 824 959 881 λόγον
988 826 1061 868 καὶ
1102 826 1145 868 οἱ
1175 825 1341 879 Πέρσαι
1376 843 1434 869 τι·

175 910 312 963 μῶσι·
342 906 574 962 προέβαινε
603 905 684 962 γὰρ
716 905 767 962 δὴ
796 904 844 949 τὸ
876 904 1005 955 ἔθνος
1035 903 1171 960 ἄρχον
1190 921 1234 948 τε
1252 905 1325 947 καὶ
1347 904 1434 948 ἐπι-

119 1195 199 1220 nore
219 1182 340 1219 habere
360 1182 528 1232 aliquem)
552 1182 702 1219 recurrit
727 1181 774 1229 Il,

121 1241 186 1280 83.
217 1238 298 1276 Nec
323 1238 426 1276 aliter
456 1240 532 1276 fere
558 1239 709 1275 activum
732 1235 774 1276 ἅ-

119 1309 203 1347 γειν
222 1295 278 1341 Π,
305 1298 395 1336 172.
427 1295 500 1342 IX,
519 1298 556 1335 7.
614 1295 656 1331 Id
675 1295 775 1344 quod

120 1352 278 1388 imitatus
319 1355 374 1387 est
411 1351 634 1397 Pausanias,
675 1351 772 1387 cuius

121 1408 220 1444 locos
238 1406 375 1455 aliquot
395 1407 529 1443 indicat
548 1407 711 1444 Siebelis.
724 1407 773 1444 ad

121 1464 278 1501 Pausan.
299 1463 337 1510 Ι,
363 1463 387 1504 5
423 1462 458 1514 §.
479 1464 516 1503 3.
574 1462 633 1500 De
660 1464 774 1513 parti-

121 1520 214 1571 cipio
237 1518 447 1569 οἰκημένος
468 1520 617 1567 eiusque
638 1533 705 1555 usu
727 1520 771 1556 cf.

123 1588 233 1626 supra
250 1575 290 1622 Ι,
315 1577 380 1617 28.
393 1598 440 1603 —-
454 1578 525 1626 τῆς
545 1572 687 1628 αρετῆς
704 1570 772 1614 οἷν·

122 1631 304 1683 τέχεσθαι
328 1633 475 1682 proprie
501 1636 574 1670 est:
603 1633 772 1670 virtutem

123 1688 284 1725 studiose
316 1689 442 1736 sequi,
480 1688 599 1725 virtuti
640 1689 773 1725 incum-

125 1745 211 1782 bere
232 1745 254 1781 i.
264 1757 295 1782 e.
309 1744 414 1781 colere
426 1746 601 1781 virtutem.
633 1744 774 1780 Contra

120 1802 160 1838 in
180 1813 283 1849 seqq.

181 1856 222 1896 οἷ
237 1851 415 1906 ἐχόμενοι
435 1860 517 1893 sunt
532 1858 687 1905 proximi
694 1857 774 1905 qui-

125 1926 210 1964 que,
251 1926 318 1950 usu
360 1912 551 1949 Herodoto
596 1924 774 1961 perquam

122 1969 290 2008 familiari
322 1981 389 2006 nec
428 1969 504 2006 aliis
543 1969 774 2019 scriptoribus

124 2025 290 2070 insolit03
320 2026 414 2062 conf.
433 2024 503 2072 lv,
528 2027 619 2066 169.
649 2024 695 2071 V,
707 2023 772 2065 49.

124 2082 197 2128 VI,
219 2083 244 2122 8
263 2085 330 2118 etc.
379 2081 491 2123 Quod
513 2082 675 2117 additum
699 2084 776 2117 erat

127 2134 254 2190 μάλα,
284 2137 323 2173 id
348 2150 368 2174 e
386 2136 660 2174 Schellershein.
685 2136 776 2172 libro

126 2207 208 2232 cum
228 2197 376 2231 recentt.
404 2194 618 2230 mutavimus
646 2193 683 2228 iu
704 2188 778 2242 μα’-

127 2253 258 2297 λιστα,
288 2250 386 2298 quod
406 2249 517 2286 multo
546 2250 666 2299 aptius
698 2262 778 2286 esse

127 2307 243 2357 quivis
271 2305 475 2356 perspiciet.

184 2361 396 2414 προέβαινε
416 2358 489 2413 γοῖρ
519 2358 568 2412 δή
597 2358 641 2400 τό
661 2360 781 2408 ἔθνος

129 2415 250 2469 ἄρχον
268 2433 309 2456 τε
329 2416 396 2456 καὶ
413 2417 693 2468 ἐπιτροπεῦον]
708 2419 781 2455 Be-

129 2487 178 2511 ne
197 2478 299 2510 notat
319 2474 487 2522 Schwgh.
516 2475 606 2511 haec
628 2475 675 2510 ad
692 2474 781 2511 Per-

131 2543 189 2567 sas
212 2530 348 2567 referri.
393 2529 461 2566 Est
483 2531 578 2567 enim
600 2530 689 2567 haec
713 2543 782 2566 no-

131 2585 196 2624 stri
221 2585 404 2634 scriptoris
443 2586 639 2623 sententia:
681 2599 781 2632 „eo-

132 2643 216 2679 dem
253 2643 330 2678 fere
364 2641 494 2688 modo,
534 2654 606 2691 quo
635 2641 780 2690 Medos,

130 2698 225 2735 hanc
255 2710 401 2746 quoque
430 2697 660 2746 (Persarum)
691 2711 781 2746 gen-

130 2759 203 2791 tem
216 2766 447 2803 progressam
469 2767 549 2791 esse
566 2754 780 2804 imperando

131 2814 169 2848 et
202 2813 421 2860 potestatem
450 2810 517 2847 sibi
555 2811 779 2849 commissam

55 987 154 1035 135
177 989 407 1041 τροπεῦον.
465 984 643 1035 Ξεινικοὶ
683 985 730 1029 δὲ
774 982 938 1041 νόμαια
974 984 1145 1040 Πέρσαι
1183 987 1489 1041 προσίενται90

844 1181 1085 1220 εΧοτοεηιίο.“
1136 1180 1241 1224 Quae
1264 1194 1306 1218 eo
1325 1181 1491 1225 redeunt,

842 1244 881 1275 ut
904 1238 1037 1275 Persici
1056 1237 1193 1287 imperii
1215 1237 1336 1274 similis
1357 1251 1493 1288 prope-

842 1295 991 1331 modum
1032 1298 1332 1331 commonstretur
1380 1295 1493 1331 fuisse

842 1353 981 1397 forma,
1012 1349 1133 1386 similis
1164 1351 1240 1387 fere
1272 1350 1426 1386 ambitus
1455 1354 1492 1387 et

839 1407 1018 1455 regnandi
1053 1420 1081 1442 s.
1110 1405 1385 1443 administrandi
1408 1418 1495 1455 pro-

838 1464 974 1501 vincias
1004 1462 1117 1509 ratio,
1148 1474 1244 1511 quae
1270 1467 1379 1499 antea
1410 1461 1493 1500 Me-

840 1520 969 1556 dorum
986 1520 1113 1556 suerat.
1174 1519 1286 1556 Unde
1311 1522 1397 1569 apte
1426 1518 1494 1556 hoc

838 1576 917 1613 loco
943 1589 1027 1612 usus
1051 1579 1107 1613 est
1127 1575 1332 1614 Heerenius
1360 1575 1493 1622 (Ideen

839 1632 876 1679 I,
905 1635 927 1673 1
958 1645 1044 1682 pag.
1066 1630 1166 1681 142)
1189 1632 1236 1669 de
1256 1632 1395 1682 imperii
1410 1631 1494 1669 Me-

839 1689 911 1725 dici
930 1689 1045 1725 format
1066 1701 1108 1725 ac
1128 1688 1303 1737 regimine
1318 1688 1354 1724 in
1372 1687 1495 1726 Persi-

841 1758 922 1782 cum
939 1745 1023 1782 dein
1041 1744 1217 1781 translato
1238 1745 1409 1782 scribens.

1009 1827 1040 1863 C
1051 1840 1072 1863 a
1084 1840 1120 1877 p.
1150 1826 1340 1864 CXXXV.

900 1907 1049 1958 ξεινικτὶ
1087 1908 1129 1949 δὲ
1161 1905 1311 1960 νόμαια
1343 1908 1494 1962 Πέρσαι

842 1967 1070 2017 προσίενται
1106 1961 1265 2017 ἅνδρῶν
1300 1963 1491 2016 μάλιστα]

842 2024 945 2060 Haec
966 2024 1003 2059 in
1029 2023 1328 2073 disceptationem
1354 2024 1496 2060 vocavit

843 2080 1000 2117 Heeren.
1023 2079 1153 2126 (ldeen
1174 2084 1239 2116 etc.
1260 2080 1289 2125 l,
1306 2083 1323 2119 1
1341 2093 1377 2130 p.
1389 2077 1492 2126 408)

845 2137 883 2172 in
910 2137 1116 2172 universum
1144 2136 1363 2183 admonenS,
1406 2149 1498 2184 gen-

845 2197 899 2229 tes
927 2193 1124 2238 nomades,
1166 2205 1259 2241 quae
1289 2205 1362 2228 non
1398 2193 1496 2229 sedi-

846 2250 913 2285 bus
937 2249 1015 2285 fixis
1043 2253 1236 2286 teneantur
1264 2261 1306 2285 ac
1333 2248 1500 2298 volupta-

846 2306 940 2341 tibus
975 2309 1113 2341 tantum
1152 2305 1319 2353 vitaeque
1363 2305 1497 2342 deliciis

848 2362 1032 2411 capiendis
1053 2362 1100 2396 ad
1126 2362 1374 2411 expeditiones
1393 2360 1499 2397 belli-

848 2430 907 2454 cas
928 2416 1173 2467 impellantur,
1196 2430 1285 2467 prae
1302 2417 1429 2454 ceteris
1449 2417 1496 2453 ad

848 2487 987 2510 morum
1034 2474 1269 2510 mutationem
1319 2473 1497 2522 proclives

848 2543 928 2567 esse
947 2530 1189 2578 victorumque
1211 2530 1427 2580 populorum
1441 2530 1498 2566 in-

846 2587 992 2633 stituta,
1032 2586 1154 2634 legeS,
1193 2587 1337 2623 vivendi
1381 2599 1496 2634 genus

846 2644 1013 2691 adeoque
1042 2642 1214 2678 luxuriam
1251 2641 1497 2679 lubentissime

847 2699 1058 2735 adsciscere.
1116 2699 1159 2735 ld
1195 2699 1296 2747 quod
1333 2698 1496 2748 inprimis

849 2755 895 2791 de
916 2755 1034 2791 Persis
1055 2754 1195 2801 valere,
1215 2767 1365 2803 quorum
1378 2755 1494 2791 omnis

847 2811 988 2861 imperii
1007 2812 1124 2848 forma
1143 2812 1310 2861 vitaeque
1320 2811 1411 2847 ratio
1420 2815 1494 2847 tum

1487 438 1541 479 68

1508 991 1649 1018 Externos
1667 996 1766 1017 mores

1507 1025 1651 1053 facillime
1669 1024 1765 1052 adsci-

1503 1063 1599 1086 scunt.
