1758 3207
362 1061 727 1120 LECTORI
767 1060 1211 1119 BENEVOLO
1253 1061 1321 1117 P.
1366 1060 1429 1117 S.

267 1399 380 1469 Iam
404 1426 573 1469 dudum
597 1433 686 1477 est,
725 1441 777 1469 ex
798 1441 888 1484 quo
911 1424 1165 1468 Hahnius
1193 1439 1219 1466 a
1241 1422 1328 1466 Fr.
1355 1423 1651 1468 Creuzero

130 1528 278 1587 petiit,
316 1534 388 1585 ut,
436 1544 544 1587 quas
576 1529 770 1572 scribere
805 1530 1034 1588 inceperat
1063 1526 1470 1570 commentationes
1493 1525 1650 1569 Hero-

130 1631 318 1687 doteas,
343 1647 414 1675 eas
438 1631 496 1674 ad
516 1633 650 1675 finem
673 1631 944 1691 perduceret
964 1630 1298 1686 multorumque
1316 1628 1542 1672 desideriis
1563 1628 1650 1670 hoe

129 1733 264 1777 modo
289 1735 572 1777 satisfaceret.
623 1734 713 1788 Qui
735 1750 836 1777 cum
859 1733 950 1776 aliis
973 1733 1164 1792 negotiis
1191 1732 1398 1788 obrutus,
1422 1746 1520 1774 eam
1541 1746 1651 1790 pro-

130 1836 315 1878 vinciam
351 1837 395 1879 in
426 1852 472 1880 se
505 1838 706 1896 recipere
742 1852 830 1880 non
860 1836 1096 1895 potuisset,
1143 1849 1284 1878 novae
1315 1833 1515 1877 editionis
1543 1833 1651 1875 mihi

131 1938 472 1982 demandandae
501 1940 729 1982 consilium
759 1938 1033 1996 bibliopolae
1061 1936 1370 1981 honestissimo
1393 1951 1445 1978 ea
1471 1935 1652 1992 quidem

130 2041 232 2100 lege
255 2042 493 2099 persuasit,
530 2047 602 2097 ut,
635 2056 750 2098 quae
770 2041 865 2099 ipse
888 2040 993 2083 olim
1013 2039 1056 2081 in
1089 2038 1531 2081 commentationibus
1553 2037 1650 2080 He-

129 2142 325 2185 rodoteis
359 2143 685 2202 disputaverat,
724 2158 775 2186 ea
801 2157 879 2185 suo
907 2156 1110 2198 quaeque
1135 2141 1235 2183 loco
1256 2140 1300 2182 in
1323 2140 1515 2183 editione
1537 2155 1651 2182 nova

131 2243 469 2300 adhiberentur,
507 2245 591 2287 alia
619 2260 752 2299 vero,
802 2259 916 2302 quae
946 2243 1004 2286 ad
1027 2242 1310 2286 Herodotum
1343 2241 1649 2285 illustrandum

130 2347 174 2389 in
209 2347 382 2390 schedis
416 2348 500 2390 suis
535 2348 799 2407 collegerat,
845 2361 1023 2389 mecum
1054 2345 1097 2388 in
1127 2360 1255 2388 usum
1284 2344 1412 2387 huius
1450 2344 1650 2387 editionis

133 2450 571 2495 communicarentur.
641 2450 728 2493 Diu
765 2454 992 2491 cunctatus
1035 2447 1242 2505 equidem
1276 2447 1426 2505 recepi
1466 2446 1649 2505 provin—

134 2551 245 2594 ciam
268 2567 371 2595 sane
393 2552 725 2611 gravissima1113
761 2552 803 2594 in
823 2565 911 2608 qua
934 2565 1024 2607 quo
1046 2556 1180 2608 pacto
1203 2550 1283 2592 sim
1308 2554 1526 2602 versatus,
1556 2548 1648 2590 aliis

133 2653 282 2695 malim
306 2653 635 2696 diiudicandum
662 2654 924 2711 relinquere.
997 2651 1112 2696 Cum
1135 2652 1250 2694 enim
1279 2651 1368 2693 hoc
1394 2650 1521 2693 huius
1551 2649 1646 2693 edi-

132 2756 259 2799 tionis
287 2762 399 2799 esset
421 2756 663 2812 consilium,
683 2762 730 2799 ut
750 2762 891 2799 textus
913 2756 988 2813 qui
1010 2754 1167 2797 dicitur
1188 2754 1482 2808 exhiberetur,
1505 2766 1647 2809 quan—
