1909 3228
400 183 484 221 314
795 178 1259 218 HERODOTI

400 287 536 346 ταύτῃ
579 288 625 332 δὲ
661 287 775 331 πλέω
814 289 939 330 δαῖτα
977 289 1066 330 τῶν
1102 285 1244 330 ἄλλων
1273 290 1484 333 δικαιεῦσι
1511 290 1654 343 προτί·
1667 296 1712 332 55

400 373 581 411 θέσθαι·
613 367 659 410 ἐν
684 371 736 422 τῇ
767 367 811 408 οἱ
838 363 1093 420 εὐδαίμονες
1126 364 1272 409 αὐτῶν
1297 370 1410 423 βοῦν
1427 369 1502 411 καὶ
1520 370 1657 412 ’ἵππον

401 448 473 490 καὶ
503 446 698 502 κάμηλον
726 445 797 487 καὶ
837 444 943 488 ὄνον
972 448 1276 499 προτιθέαται,
1325 444 1455 495 ὅλους
1493 444 1656 498 ὀπτούς

400 525 447 568 ἐν
475 525 716 580 καμίνοισι·
768 524 811 566 οἱ
840 523 885 566 δὲ
913 522 1091 580 πένητες
1127 522 1275 567 αὐτῶν
1310 523 1361 567 τὰ
1402 523 1532 567 λεπτὰ
1569 529 1657 568 τῶν

373 600 638 658 3προβάτων
664 602 958 657 προτιθέαται.
991 605 1145 647 σίτοισι
1169 602 1215 646 δὲ
1237 600 1422 658 ὀλίγοισι
1437 601 1658 658 χρέωνται,

399 678 693 737 ἐπιφορήμασι
723 682 769 726 δὲ
797 687 1027 735 πολλοῖσι,
1070 683 1143 726 καὶ
1184 680 1267 725 οὐκ
1305 680 1442 725 ἁλέσι·
1484 682 1557 725 καὶ
1586 681 1713 726 &adeo

399 764 528 804 τοῦτο
565 761 675 817 φασὶ
712 761 880 818 Πέρσαι
938 760 1077 814 »τούς
1115 762 1329 818 ’Έλληνας
1369 760 1655 816 σιτεομένους,

399 966 442 1007 ἐν
460 969 511 1020 τῇ
537 966 579 1006 οἵ
607 961 840 1017 εὐδαίμονες
861 964 993 1007 αὐτῶν

341 1039 378 1063 κ.
395 1039 429 1064 τ,
447 1027 496 1070 λ.]
529 1024 570 1063 οἱ
590 1018 821 1074 εὐδαίμονες
837 1030 919 1061 sunt
936 1025 994 1062 ‹li-

341 1083 452 1129 vites‚
483 1080 729 1131 opulentiores,
769 1085 809 1116 ut
832 1081 925 1118 infra
948 1081 994 1129 V,

342 1140 381 1180 8.
412 1135 534 1174 Latini
552 1136 668 1174 beatos
685 1136 881 1187 appellant.
911 1137 994 1175 Vid.

341 1192 512 1232 Larcher.
530 1194 578 1231 ad
603 1194 638 1231 h.
662 1193 685 1231 l.
743 1193 784 1230 In
811 1206 914 1243 seqq.
945 1195 993 1231 ad

341 1251 494 1288 sormam
522 1248 784 1302 προτιθέαται
809 1251 904 1287 conf.
931 1264 994 1287 su-

341 1319 409 1358 pra
427 1305 465 1354 I,
501 1309 581 1348 119
619 1304 878 1357 παρετιθέατο
904 1307 991 1356 ibiq.

341 1366 418 1400 not.
448 1383 504 1390 ——
533 1357 729 1409 αὐτέων,
760 1363 861 1411 quod
884 1375 927 1400 ex
956 1363 990 1400 h.

342 1418 365 1456 l.
396 1417 520 1455 laudat
559 1418 690 1455 Matth.
720 1417 757 1469 §.
784 1421 831 1458 11
868 1423 944 1455 not.
969 1422 996 1460 2

342 1487 428 1526 pag.
450 1475 504 1515 52
528 1475 745 1511 mutavimus
776 1487 855 1510 cum
877 1474 994 1511 Gaisf.

343 1531 381 1568 in
401 1525 565 1569 αὐτῶν
593 1543 614 1568 e
636 1529 996 1568 Schellershemiauo.

399 1611 449 1653 τοὶ
469 1610 589 1653 λεπτοὶ
606 1616 688 1653 τῶν
704 1609 943 1666 προβάτων]
968 1615 990 1652 i.

343 1684 374 1710 e.
401 1683 501 1718 oves,
530 1683 678 1721 caprae,
708 1684 867 1722 omneque
886 1684 993 1721 pecus

341 1728 477 1774 minus,
507 1726 555 1764 du
575 1740 673 1764 menu
693 1727 819 1774 be‘tcu'l‚
841 1732 880 1763 ut
898 1726 993 1763 Galli

341 1783 512 1820 reddunt.
570 1782 711 1821 Eodem
760 1785 836 1820 fere
884 1783 992 1819 modo

341 1839 541 1877 Pausanias
566 1839 643 1886 IX,
662 1841 689 1880 3
717 1836 763 1878 τοὶ
785 1834 992 1889 λεπτότερα

341 1897 422 1934 τῶν
453 1891 677 1948 προβάτων.
736 1895 907 1944 Namque
931 1908 994 1932 ve-

341 1952 476 1990 teribus
525 1954 668 2003 quaevis
709 1965 859 2002 pecora,
900 1952 993 1989 inter

341 2009 524 2046 edendum
545 2014 698 2058 quatuor
724 2009 877 2059 pedibus
898 2023 992 2059 προ-

343 2065 552 2115 βαίνοντα,
598 2060 781 2116 πρόβατα
821 2065 992 2103 dioeban-

341 2126 410 2158 tur.
449 2122 543 2158 Sunt
565 2121 791 2159 Valckenarii
812 2122 922 2158 verba
943 2121 991 2158 ad

341 2177 479 2215 Herod.
500 2177 562 2224 IV,
576 2181 642 2225 61,
668 2179 728 2215 ubi
747 2182 858 2215 testes
872 2178 990 2215 Grae-

341 2247 401 2272 cos
421 2233 524 2271 huius
548 2235 820 2283 significationis
835 2234 990 2272 adiicere

341 2290 437 2328 haud
467 2290 636 2340 neglexit.
695 2291 802 2328 Conf.
839 2291 932 2327 infra
957 2289 987 2336 I,

343 2348 423 2388 188
443 2347 521 2384 init.
542 2349 644 2394 203,
674 2347 802 2397 quibus
821 2347 908 2384 locis
926 2346 992 2384 be-

340 2415 388 2440 ne
416 2416 501 2441 usus
536 2408 591 2441 est
617 2403 732 2452 llgen.
770 2403 818 2441 ad
853 2402 990 2451 Hymn.

340 2459 490 2497 Homer.
511 2472 597 2510 pag.
616 2459 698 2501 479
715 2473 788 2509 quo
808 2459 992 2510 probaret,

341 2510 519 2566 πρόβατα
539 2529 620 2554 esse
631 2517 745 2554 omnis
757 2516 901 2566 generis
912 2515 992 2553 ani-

342 2571 448 2609 malia
468 2573 732 2624 quadrupedi&

398 2655 540 2694 σίτοισι
571 2654 614 2695 δὲ
645 2652 814 2708 ὀλίγοισι
842 2677 897 2685 -—-
924 2654 994 2695 καὶ

343 2703 419 2750 οὐκ
442 2709 572 2762 ἇλέσι]
604 2709 881 2765 ἔπιφόρηματα
908 2716 993 2750 sunt

342 2765 512 2814 bellaria,
542 2770 717 2819 opsonia,
756 2781 992 2819 quaecunque

343 2823 378 2859 in
419 2824 552 2861 mensis
594 2827 778 2872 secundis,
821 2826 991 2877 primario

1062 968 1143 1005 cibo
1166 971 1302 1014 sumto,
1320 971 1571 1017 apponuntur,
1594 967 1712 1004 Grae-

1062 1025 1111 1061 cis
1129 1023 1215 1061 alias
1247 1028 1376 1060 vocata
1399 1022 1714 1074 ἐπιδορπίσματοι

1063 1085 1101 1119 et
1130 1075 1380 1132 τραγήματα,
1415 1084 1563 1117 auctore
1591 1079 1714 1127 Hesy-

1063 1137 1152 1175 chio.
1209 1137 1277 1174 His
1314 1148 1423 1186 quam
1462 1135 1621 1187 plurimis
1660 1135 1713 1172 uti

1060 1193 1190 1231 Persas
1211 1193 1349 1231 Noster
1371 1192 1583 1230 dicit'haud
1611 1190 1714 1229 aliter

1059 1251 1137 1288 sere
1155 1254 1266 1299 atque
1285 1248 1395 1286 multo
1416 1252 1512 1299 post,
1532 1248 1712 1285 Ammian.

1060 1305 1221 1343 Marcell.
1234 1305 1370 1352 XXIII,
1390 1308 1414 1346 6
1439 1304 1538 1356 §.77
1559 1305 1641 1352 (nbi
1666 1305 1712 1341 cf.

1060 1362 1196 1409 Vales.‚
1214 1366 1385 1399 monente
1406 1361 1506 1409 Cn),
1535 1360 1594 1398 sed
1606 1361 1711 1396 mini-

1062 1431 1114 1456 me
1128 1418 1294 1468 cotffertis
1311 1431 1346 1466 q.
1359 1430 1389 1454 e.
1411 1417 1478 1456 καὶ
1496 1411 1568 1456 οὔκ
1581 1415 1714 1465 ἇλέσις

1063 1480 1245 1524 quatenus
1281 1474 1454 1523 cupedias
1493 1479 1529 1511 et
1561 1473 1713 1511 bellaria

1063 1530 1175 1568 multa
1202 1531 1326 1579 utique
1346 1530 1383 1566 in
1401 1543 1560 1568 mensam
1579 1530 1713 1568 infere-

1064 1587 1174 1634 bant,
1204 1586 1354 1624 sednon
1381 1587 1563 1636 confertim
1586 1589 1711 1624 omnia.

1060 1644 1122 1680 Sic
1142 1645 1234 1681 bene
1252 1642 1370 1680 locum
1389 1644 1548 1693 expediit
1560 1642 1712 1680 Wesse-

1060 1699 1214 1747 lingius‚
1252 1712 1363 1749 prave
1416 1699 1501 1736 olim
1541 1699 1713 1748 scriptum

1062 1754 1150 1802 (καὶ
1171 1750 1221 1794 ου’
1248 1756 1430 1803 καλοῖσι)
1462 1762 1498 1793 et
1525 1754 1713 1793 infeliciter

1061 1816 1237 1848 tentatum
1266 1824 1288 1848 a
1309 1812 1392 1848 viris
1411 1813 1537 1849 doctis.
1595 1809 1713 1862 Ἁλής

1060 1867 1128 1904 hae
1178 1868 1442 1917 significatione
1485 1869 1646 1906 invenies
1682 1867 1713 1915 I,

1063 1925 1154 1965 196.
1184 1924 1248 1972 IV,
1269 1924 1349 1965 184
1367 1931 1434 1962 etc.
1464 1925 1574 1969 Quod
1591 1925 1714 1974 sequi-

1059 1984 1116 2016 tur
1138 1981 1270 2018 dictum
1299 1980 1492 2018 Persarum
1523 1983 1570 2019 de
1593 1981 1712 2019 Grae-

1059 2036 1108 2073 cis
1142 2038 1401 2084 coenantibus,
1447 2042 1497 2075 ita
1533 2038 1712 2087 accipien-

1059 2093 1145 2129 dmn
1170 2098 1245 2140 est,
1275 2093 1460 2140 Graecos,
1490 2094 1576 2130 dum
1590 2094 1710 2130 cibum

1058 2154 1262 2196 sumerent,
1303 2149 1438 2186 esurire
1465 2150 1631 2187 desinere
1660 2149 1709 2196 (s.

1059 2205 1220 2242 Graecos
1260 2205 1370 2242 finem
1406 2206 1538 2243 edendi
1577 2207 1711 2253 facere,

1057 2261 1141 2298 dum
1166 2261 1283 2298 adhuc
1314 2261 1530 2310 esurirent),
1560 2267 1711 2312 propte-

1057 2329 1119 2354 rea
1149 2318 1248 2366 quod
1280 2318 1399 2353 statim
1438 2324 1522 2369 post
1559 2330 1709 2356 coenam

1057 2378 1210 2410 sumtam
1229 2373 1315 2410 nihil
1327 2379 1516 2423 praeterea
1528 2374 1710 2425 (opsonii)

1056 2430 1144 2479 ipsis
1174 2434 1438 2480 apponeretur,
1473 2432 1572 2480 quod
1599 2431 1711 2468 alicu-

1058 2486 1111 2523 ius
1132 2492 1228 2524 esset
1246 2487 1418 2524 momenti
1441 2493 1502 2524 aut
1521 2488 1649 2538 prefii3
1677 2487 1709 2524 si

1057 2555 1141 2580 vero
1160 2544 1247 2592 quid
1268 2550 1512 2594 apponeretur
1526 2544 1710 2581 huiusmo-

1061 2600 1097 2636 di
1110 2629 1120 2646 ‚
1147 2613 1209 2638 eos
1230 2612 1304 2636 non
1317 2606 1518 2637 cessaturos
1531 2602 1610 2638 sore
1620 2601 1709 2649 quin

1060 2656 1210 2693 ederent
1237 2657 1293 2704 (s.
1324 2669 1399 2693 non
1428 2658 1537 2694 finem
1576 2656 1708 2694 edendi

1058 2713 1237 2760 facturos,
1267 2714 1386 2750 donee
1414 2714 1534 2750 satiati
1554 2713 1706 2759 essent).

1057 2789 1113 2796 —
1143 2764 1238 2808 'Anto'
1272 2769 1437 2808 δείπνου
1472 2771 1600 2807 codem
1633 2770 1708 2806 fere

1057 2831 1186 2876 pacto,
1216 2839 1286 2875 quo
1311 2826 1344 2872 l,
1370 2828 1459 2866 126.
