1909 3228
460 183 544 223 872

913 177 1376 216 HERODOTI

434 295 580 342 Ξλιος,
619 285 787 342 οὔνομά
830 287 873 328 οἱ
908 284 995 328 ἐστὶ
1034 284 1195 340 Σιούφ.
1251 284 1305 328 τὰ
1345 284 1422 339 μὲν
1462 285 1514 340 δὴ
1553 289 1713 339 πρῶτα,

462 367 702 414 κατόνοντο
731 362 809 407 τὸν
836 362 1021 419 ’Ἄμασιν
1050 363 1305 418 Αἰγύπτιοι,
1352 363 1424 406 καὶ
1456 362 1502 406 ἐν
1533 361 1712 418 οὐδεμιῇ

463 448 594 505 μοίρῃ
623 442 782 499 μεγάλῃ
810 436 938 498 ἦγον,
966 441 1039 485 ἅτε
1073 441 1125 498 δή
1158 443 1348 497 δημότην
1377 440 1425 484 τὸ
1446 441 1549 494 πρὶν
1573 440 1714 492 ἐόντα,

464 525 538 570 καὶ
567 523 704 578 οἰκίης
742 519 822 565 οὐκ
852 520 1105 576 ἐπιφανέος·
1152 520 1256 577 μετὰ
1286 520 1350 572 δὲ,
1391 520 1525 576 σοφίῃ
1557 516 1718 569 αὐτούς

437 602 496 647 3ὁ
522 602 731 657 Ἄμασις,
776 597 860 643 οὐκ
899 598 1187 658 ἀγνωμοσύνῃ
1228 597 1537 655 προσηγάγετο.
1587 593 1644 654 ἦν
1674 599 1717 642 οἱ

580 823 906 875 Cap.chxn.

470 904 626 960 οὔνομά
640 906 767 947 οἵέστὶ
778 903 929 958 Σιούφ]
946 907 1060 958 Sz'uplz

411 966 590 1005 Bennelio
608 965 630 1002 l.
651 964 674 1002 l.
700 978 785 1014 pag.
806 967 886 1005 617
917 978 961 1001 eo
982 964 1061 1000 loco

413 1024 485 1060 sita
513 1023 622 1059 fuisse
658 1021 801 1058 videtur
821 1050 832 1068 ,
875 1021 936 1069 qui
967 1033 1063 1056 nunc

412 1083 559 1117 vocatur
594 1077 800 1127 Ssaouafe‘lt
830 1077 867 1112 in
897 1077 1064 1113 occiden-

413 1135 476 1173 tali
495 1136 573 1185 ripa
592 1134 689 1170 fluvii
720 1133 907 1183 Canopici.
969 1133 1061 1169 Cum

413 1204 499 1229 vero
519 1192 600 1227 Sa'is
618 1194 654 1228 et
671 1189 805 1226 Saitica
824 1189 912 1225 ditio
933 1188 969 1224 in
991 1189 1063 1224 ori-

414 1247 527 1285 entali
565 1247 644 1296 ripa
682 1246 789 1282 fuerit
805 1274 815 1292 ‚
861 1244 1062 1294 Champoll.

415 1304 510 1352 l'Eg.
533 1316 616 1339 sous
639 1302 659 1338 l.
679 1301 781 1351 phar.
803 1300 835 1337 11
859 1315 894 1351 p.
912 1304 992 1342 220
1007 1314 1062 1349 sq.

416 1361 592 1410 oppidum
634 1358 748 1406 Stupla
788 1358 826 1393 in
862 1359 939 1393 vico
981 1357 1063 1406 Safi

416 1416 664 1466 quaerendum
681 1418 798 1464 putat,
816 1413 875 1462 qui
891 1414 961 1449 tria
982 1418 1063 1449 tan-

415 1475 491 1509 tum
522 1471 683 1508 milliaria
706 1469 843 1506 Gallica
870 1481 891 1505 a
915 1470 978 1505 Sa'i
1005 1469 1061 1505 di-

417 1531 499 1564 stet.
528 1548 585 1554 —
612 1524 670 1562 Ad
695 1521 908 1564 κατόνοντο
940 1526 1063 1561 conset

417 1583 469 1630 ΙΙ,
494 1585 572 1623 136
594 1582 654 1618 fin.
683 1586 719 1619 et
745 1582 863 1617 Koen.
884 1581 930 1617 ad
949 1581 1063 1628 Greg.

419 1639 583 1675 Corinth.
621 1637 667 1674 de
710 1636 793 1673 dial.
834 1636 910 1673 Ion.
943 1635 981 1687 ἓ.
1010 1637 1063 1677 23

418 1707 504 1746 pag.
525 1694 606 1734 407
628 1693 684 1729 ed.
703 1693 845 1729 Schaef.

477 1749 519 1788 ἐν
559 1745 725 1802 οὐδεμιῇ
758 1748 875 1800 μοίρῃ
915 1741 1064 1800 μεγάλη

419 1800 543 1858 ἦγον]
576 1805 694 1841 Sensu
727 1805 874 1852 quidem
901 1803 990 1840 haec
1010 1802 1065 1838 lo-

420 1863 515 1900 cutio
535 1874 609 1897 non
646 1860 768 1897 differt
793 1861 838 1896 ab
869 1873 935 1906 e0‚
966 1859 1067 1908 quod

421 1919 552 1967 legitur
569 1916 623 1963 11,
648 1916 749 1957 141:
782 1911 944 1967 ἅλογίῃν
967 1915 1067 1965 ἔχειν

422 1974 500 2011 coll.
527 1973 594 2018 lv,
626 1973 705 2014 150
744 1973 819 2010 sive
863 1972 903 2011 ἐν
935 1968 1068 2010 οὐδενὶ

421 2027 520 2082 λόγῳ
553 2028 670 2078 ἔχειν,
707 2028 903 2078 despicatui
934 2029 1067 2074 habere,

422 2086 554 2124 nullam
573 2087 739 2121 rationem
755 2085 885 2122 habere.
925 2084 1069 2122 Monuit

421 2142 596 2181 Valcken.
614 2142 662 2178 ad
684 2141 738 2188 ΙΙ,
760 2142 849 2182 141.

480 2194 547 2237 ἅτε
569 2194 619 2247 δή
635 2192 1070 2248 δημότην-ἐόντα]

424 2254 639 2304 „Respexit
657 2254 820 2291 Zonaras
852 2255 888 2290 in
914 2253 982 2290 lex.
1004 2253 1068 2289 Gr.

424 2324 511 2362 pag.
531 2310 613 2352 494
642 2310 723 2357 (ubi
742 2310 913 2359 legimus:
943 2305 1072 2358 Δημό-

425 2382 499 2417 την
520 2366 560 2405 οἱ
577 2364 710 2413 Ἴωνες
728 2364 796 2405 τόν
817 2368 897 2404 τῶν
916 2367 1072 2404 πολλῶν

428 2422 517 2462 ἕνα·
540 2419 664 2468 οὕτως
684 2421 750 2461 καὶ
760 2418 995 2473 Ἡρόδοτος),
1013 2420 1073 2458 ubi

427 2479 641 2516 Tittmanno
667 2479 847 2516 Herodoti
874 2478 971 2515 locus
1000 2490 1073 2514 non

427 2536 464 2571 in
485 2538 654 2584 promptu
677 2539 764 2572 erat.
821 2534 979 2571 Alteram
1008 2546 1073 2570 vo-

429 2590 544 2626 cabuli
563 2595 779 2639 potestatem
809 2591 889 2637 (nbi
914 2590 1075 2627 eiusdem

430 2647 525 2682 demi
555 2647 735 2684 hominem
765 2647 935 2695 denotat)
964 2659 1074 2696 expe-

430 2702 497 2737 diit
516 2702 709 2739 Ruhnken.
740 2704 787 2739 ad
812 2703 981 2752 Xenoph.
1000 2715 1076 2739 me-

431 2770 520 2794 mor.
544 2758 575 2804 l,
596 2760 633 2804 2,
653 2759 705 2799 58
725 2772 746 2795 a
766 2758 981 2795 Tittmanno
1001 2758 1077 2795 lau-

432 2813 549 2849 datus.
607 2813 703 2850 Add.
732 2813 906 2852 Valcken.
927 2815 976 2852 ad
1004 2815 1078 2852 He-

1129 796 1247 834 rodot.
1271 794 1320 831 111
1334 823 1343 841 ,
1362 793 1427 836 55.
1470 793 1650 831 Herodoti
1672 806 1772 831 usum

1130 854 1291 902 sequitur
1310 863 1566 899 nonnunquam
1578 850 1774 899 Dionysius

1128 909 1313 946 Halicarn.
1332 920 1364 943 v.
1383 921 1412 943 c.
1434 907 1478 953 V,
1504 909 1568 947 2.“
1600 906 1664 943 Cr.
1696 906 1776 944 Nec

1130 966 1265 1012 differt,
1286 964 1384 1012 quod
1402 964 1446 999 ab
1462 963 1645 1000 Hellanico
1658 962 1775 1013 (apud

1129 1020 1258 1058 Athen.
1278 1020 1347 1056 XV
1371 1033 1407 1069 p.
1428 1021 1528 1067 680)
1557 1018 1698 1055 Amasis
1722 1019 1777 1056 di-

1129 1078 1220 1115 citur
1249 1071 1410 1125 ἰδιώτης
1434 1073 1501 1113 καὶ
1530 1077 1610 1113 τῶν
1645 1070 1778 1125 τυχόν-

1130 1148 1219 1172 των.
1278 1133 1370 1168 Cum
1387 1132 1481 1168 enim
1503 1144 1523 1167 a
1541 1131 1706 1168 Diodoro
1732 1131 1778 1179 ll,

1132 1192 1184 1231 68
1203 1189 1343 1226 Amasis
1363 1192 1509 1224 vocatur
1530 1182 1632 1238 α’νήρ
1654 1186 1779 1238 ἐμφα-

1130 1243 1216 1295 νής,
1235 1258 1308 1281 non
1326 1250 1398 1280 tam
1417 1244 1464 1281 ad
1483 1244 1653 1291 origines,
1670 1256 1779 1292 quam

1130 1304 1179 1339 ad
1198 1315 1255 1338 res
1281 1305 1425 1349 gestas,
1455 1300 1585 1347 quibus
1609 1300 1666 1336 ille
1695 1304 1780 1350 post

1131 1359 1300 1404 eminuit,
1323 1356 1524 1405 respexisse
1540 1356 1688 1393 videtur.
1721 1356 1779 1392 Cf.

1131 1428 1224 1463 quae
1244 1414 1290 1450 de
1308 1412 1477 1449 Amaside
1496 1412 1638 1449 disserit
1655 1411 1696 1448 P.
1707 1424 1780 1448 van

1130 1471 1331 1517 Limburg-
1342 1469 1515 1504 Brouwer
1550 1468 1587 1504 in
1609 1467 1780 1504 Gedach-

1129 1531 1192 1563 ten
1221 1538 1306 1562 over
1333 1524 1395 1560 het
1427 1523 1596 1560 Verband
1630 1523 1779 1560 tusehen

1131 1583 1178 1619 de
1230 1580 1504 1628 godsdienstige
1555 1580 1779 1628 enzedelijke

1130 1637 1356 1683 Beschaxing
1404 1636 1468 1672 der
1518 1635 1780 1685 Eg3ptenaren

1134 1692 1490 1740 (A1n.==·te1d.1828)
1520 1704 1605 1740 pag.
1627 1693 1680 1731 33
1702 1705 1779 1741 s.eq

1191 1748 1313 1801 σοφίῃ
1338 1766 1391 1773 —
1410 1742 1484 1784 οὐκ
1515 1742 1779 1800 ἀγνωμοσύνῃ

1133 1787 1425 1854 προσηγάγετο]
1458 1802 1662 1853 Displicent
1692 1803 1782 1840 haee

1132 1861 1176 1897 V
1169 1859 1374 1897 {lekenario
1393 1888 1403 1906 ,
1447 1872 1526 1896 cuin
1566 1872 1672 1896 nemo
1712 1859 1782 1896 dici

1133 1918 1252 1968 possit
1284 1915 1491 1965 quempiam
1515 1910 1781 1970 ἀγνωμοσύνῃ

1134 1970 1459 2024 προσαγαγέσθαι
1478 1972 1634 2021 indeque
1656 1972 1783 2021 legen-

1135 2030 1221 2066 dum
1239 2042 1321 2066 esse
1342 2032 1486 2065 censet:
1519 2025 1593 2066 οὐκ
1619 2023 1672 2066 ευ’
1685 2043 1782 2078 γνω-

1136 2081 1290 2139 μοσύνῃ
1325 2097 1619 2134 ποοσηγαγετοῖ
1660 2084 1784 2132 Aegy-

1134 2142 1230 2192 ptios
1251 2141 1392 2178 Amasis
1415 2141 1542 2177 callido
1567 2143 1685 2190 potius
1703 2153 1784 2176 con-

1136 2198 1216 2235 silio
1244 2210 1345 2247 quam
1371 2196 1511 2233 lenitate
1541 2201 1572 2233 et
1605 2197 1784 2233 clementia

1136 2255 1205 2291 sibi
1223 2253 1436 2290 conciliavit.
1477 2254 1591 2290 Addit
1609 2254 1661 2289 vir
1679 2266 1784 2302 egre-

1138 2311 1218 2360 gius
1238 2309 1384 2358 σοφίαν
1405 2309 1459 2345 hic
1477 2314 1515 2346 ut
1534 2309 1617 2346 alibi
1639 2310 1782 2360 saepius

1140 2379 1219 2404 esse
1252 2365 1504 2412 calliditatem,
1543 2363 1785 2417 προσαγαγέ-

1141 2427 1238 2461 σθαι
1254 2435 1339 2459 vero
1363 2422 1497 2471 optime
1517 2434 1579 2459 eos
1604 2422 1692 2468 dici,
1722 2422 1785 2470 qui

1139 2479 1208 2516 sibi
1226 2478 1387 2515 studeant
1407 2477 1571 2527 populum
1588 2478 1784 2525 conciliare,

1133 2537 1308 2585 principes
1334 2536 1427 2570 viros
1450 2536 1688 2582 potissimum,
1726 2535 1788 2584 qui

1140 2593 1250 2628 variis
1277 2591 1412 2627 artibus
1447 2589 1535 2626 alios
1563 2591 1726 2627 alliciant
1752 2593 1785 2627 et

1141 2647 1189 2684 ad
1204 2648 1357 2684 studium
1375 2648 1433 2683 sui
1447 2646 1648 2696 perducant.
1681 2647 1787 2690 Quae

1142 2705 1224 2754 ipsa
1257 2704 1365 2741 etiam
1401 2702 1572 2752 exemplis
1610 2702 1784 2753 appositis

1144 2760 1317 2797 illustrare
1337 2759 1472 2796 studuit
1484 2759 1536 2795 vir
1549 2759 1784 2795 doctissimus.

1144 2815 1225 2854 Nec
1252 2819 1373 2853 tamen
1396 2816 1482 2853 satis
1509 2827 1637 2852 causae
1665 2814 1784 2860 video,
