1909 3228
622 169 1038 210 EUTERPE.
1096 169 1142 206 II.

1419 170 1503 209 765

241 279 475 337 γινόμενον
517 278 736 324 ἐσδύεται·
787 278 916 322 ἐπεὰν
951 277 998 322 δὲ
1036 275 1244 333 περιέλθῃ
1277 275 1421 320 πάντα
1448 278 1502 320 τὰ

242 365 421 415 χερσαῖα
450 360 522 404 καὶ
552 361 602 403 τὰ
632 358 850 404 θαλάσσια
879 358 951 403 καὶ
980 356 1033 402 τὰ
1061 355 1257 409 πετεινὰ,
1301 350 1424 408 αὖτις
1459 356 1501 408 ἐς

187 580 268 605 eam
299 568 366 605 sibi
405 568 622 606 sententiam
661 570 840 621 παλιγγε-

186 625 320 670 νεσίας
338 626 485 661 notione
515 625 746 669 inforuiasse3
778 638 840 661 ve-

186 681 215 716 ri
238 680 350 717 simile
379 682 463 718 iude
485 682 543 727 fit,
574 680 838 730 Acgyptiorum

186 737 396 773 sacerdotes
432 750 635 774 resonasse
672 738 738 773 sibi
764 752 838 775 πα-

185 793 424 843 λιγγενεσίας
462 793 681 829 subtiliorem
723 798 835 842 atque

184 849 417 886 eruditiorem
469 849 649 897 quandam
701 850 835 886 doctri-

183 916 291 951 nam,
331 906 379 941 ad
409 906 570 942 Graecos
597 905 833 956 philosophos

184 972 278 1009 quae
295 965 378 1010 post
391 962 637 1011 permanavit3
659 976 738 999 cum
757 962 834 1012 ple-

184 1016 230 1053 be
262 1022 384 1054 autem
410 1019 693 1056 communicasse
724 1019 835 1069 placi-

182 1076 259 1109 tum
277 1075 605 1123 transmigrationis
634 1075 834 1113 animarum

182 1129 257 1166 sive
273 1127 668 1180 μετενσωματώσεως.
725 1133 835 1169 Hanc

183 1198 269 1222 vero
288 1187 515 1237 disciplinam
528 1188 675 1224 mixtam
693 1193 834 1238 tempe-

183 1247 374 1292 ratamque
383 1245 568 1293 pastoritia
578 1245 834 1293 superstitione

182 1303 218 1335 et
244 1300 458 1336 sacerdotali
487 1300 687 1337 eruditione
712 1302 834 1338 Hero-

180 1354 288 1391 dotus
312 1353 368 1392 hic
389 1357 546 1405 prodere
568 1360 630 1392 aut
655 1361 751 1394 certe
770 1369 834 1394 ex-

180 1411 305 1447 tremis
332 1411 434 1448 lineis
455 1412 658 1449 describere
676 1413 830 1459 videtur,

180 1467 229 1503 ita
251 1471 290 1503 ut
309 1466 377 1504 loci
408 1472 659 1516 argumentum
687 1480 731 1505 eo
756 1470 831 1506 fere

177 1524 323 1560 redeat:
361 1523 555 1571 „Primum
583 1528 740 1561 mortuus
768 1525 831 1562 ho-

178 1591 233 1616 mo
262 1582 394 1630 riteque
420 1581 578 1617 conditus
608 1581 830 1632 sepultusque

179 1635 353 1674 descendit
373 1638 411 1673 in
438 1637 649 1686 Amenthen,
679 1638 712 1674 h.
733 1652 763 1676 e.
792 1640 830 1675 in

179 1705 323 1741 regnum
358 1692 468 1730 Isidis
507 1698 612 1743 atque
663 1694 829 1731 Osiridis.

180 1748 333 1796 Deinde,
363 1751 566 1787 intereunte
584 1763 735 1800 corpore
756 1751 830 1798 (ni-

179 1806 309 1842 mirum
327 1818 370 1842 eo
399 1806 499 1854 quod
524 1807 707 1843 conditum
723 1808 830 1844 fuerit

180 1863 453 1899 medicamentis
479 1866 515 1898 et
540 1863 608 1899 rite
631 1863 829 1899 involutum

179 1939 235 1945 —
247 1919 413 1967 adeoque
431 1917 601 1955 caelavere
619 1918 754 1967 dilapso
771 1921 828 1955 in-

180 1987 244 2024 que
261 1976 390 2011 cineres
410 1974 585 2021 converso)
605 1975 739 2011 excedit
749 1978 829 2012 ani-

179 2043 236 2067 ma
255 2034 288 2067 et
307 2034 439 2079 migrat
452 2044 514 2080 per
530 2032 714 2068 bestiarum
737 2044 831 2068 omne

176 2099 298 2136 genus.
360 2086 451 2123 Tum
480 2091 666 2125 revertitur
687 2090 724 2124 in
756 2101 831 2124 cor-

172 2157 242 2194 pus
260 2156 404 2180 nascens
424 2143 580 2181 hominis.
640 2145 754 2194 Atque
773 2145 830 2181 hic

179 2202 349 2237 circuitus
394 2202 576 2237 universus
636 2201 830 2238 absolvitur

176 2256 288 2294 tribus
313 2269 481 2293 annorum
500 2257 690 2295 millz‘hus.“
720 2257 830 2296 Unde

179 2314 363 2361 sequitur,
376 2313 469 2350 hanc
490 2314 690 2351 doctrinam
710 2318 829 2351 trans-

178 2369 404 2416 migrationis
443 2370 644 2408 animarum
682 2371 827 2408 minime

179 2425 334 2462 solorum
368 2426 594 2463 sacerdotum
621 2427 749 2473 fuisse,
786 2431 827 2463 ut

179 2481 362 2519 Heerenio
390 2481 534 2519 videtur
558 2483 580 2518 l.
608 2483 630 2518 l.
665 2497 701 2533 p.
730 2484 823 2530 193,

180 2550 247 2574 nec
271 2538 420 2586 zoegae
445 2539 681 2585 sententiam,
712 2551 822 2587 quam

180 2606 289 2643 supra
308 2593 518 2643 protulimus
532 2624 542 2642 ,
559 2606 823 2643 usquequaque

176 2650 403 2700 probandam
422 2662 511 2688 esse.
549 2650 646 2687 Alias
673 2651 823 2687 aliorum

179 2707 380 2743 sententias
399 2706 446 2743 de
472 2706 825 2757 metempsychoseos

179 2763 344 2799 doctrina
379 2761 524 2811 collegit
543 2763 653 2800 Beck.
681 2762 717 2799 in
746 2762 824 2801 An-

178 2818 250 2856 leit.
270 2831 302 2856 z.
324 2818 546 2868 lVeltgesch.
568 2819 633 2870 lp.
646 2820 738 2861 759.

964 569 1037 606 τοῦ
1063 563 1242 617 σώματος
1277 563 1319 606 δὲ
1357 564 1556 615 καταφθί-

907 624 1075 674 νοντος]
1103 626 1206 661 Haec
1233 625 1280 662 de
1306 636 1442 674 corpore
1463 623 1555 659 ‹lila-

900 695 965 730 μευ
992 685 1022 717 et
1053 685 1089 718 in
1110 684 1237 717 cineres
1258 681 1426 717 dissoluto
1451 679 1556 716 intel-

904 738 1051 786 ligenda
1074 751 1153 775 esse
1181 739 1250 774 iam
1279 750 1387 787 supra
1415 736 1556 773 monui-

903 807 994 831 mus.
1053 794 1163 832 Plura
1191 795 1263 830 vid.
1285 795 1321 830 in
1347 806 1482 831 excurs.
1507 793 1555 829 ad

958 904 1079 946 ἐπετῖν
1097 904 1138 945 δὲ
1157 904 1347 959 περιέλθῃ
1366 900 1496 943 πάντα
1506 900 1553 942 τοὶ

903 967 1063 1015 χερσαῖα
1085 979 1117 1002 κ.
1140 978 1171 1001 τ.
1195 961 1243 1013 i]
1273 963 1331 999 De
1359 975 1467 998 sensu
1487 961 1554 997 ho-

900 1034 979 1057 rum
1007 1021 1196 1058 verborum
1222 1019 1296 1055 vid.
1335 1031 1442 1068 supra
1480 1018 1554 1054 dis-

900 1081 1034 1126 putatt.
1107 1076 1177 1113 Hie
1215 1076 1412 1112 admonere
1450 1073 1553 1111 liceat

900 1134 1119 1182 imaginem,
1149 1133 1279 1181 quibus
1297 1132 1387 1168 haec
1412 1130 1552 1166 anima-

901 1202 979 1227 rum
1007 1189 1175 1238 migratio
1195 1190 1243 1225 ad
1269 1187 1451 1225 oculorum
1468 1199 1551 1224 sen-

901 1259 960 1283 sus
998 1247 1166 1283 traducta
1207 1249 1243 1282 et
1280 1247 1553 1293 repraesentata

899 1302 1079 1339 invenitur
1102 1302 1139 1338 in
1161 1305 1217 1337 tot
1236 1300 1450 1350 anaglyphis
1474 1313 1552 1336 mo-

898 1362 1153 1395 numentorum
1169 1356 1444 1407 Aegyptiorum.
1467 1356 1552 1393 Plu-

898 1414 988 1450 rima
1004 1414 1127 1450 laudat
1139 1414 1267 1450 Creuz.
1284 1414 1321 1449 in
1343 1417 1550 1450 commentt.

897 1470 1063 1507 Herodd.
1093 1483 1128 1520 p.
1148 1470 1229 1510 339
1249 1481 1325 1517 seq.
1346 1469 1467 1517 ibique
1484 1482 1551 1518 po·-

896 1527 1075 1563 tissimum
1093 1526 1249 1563 lomard.
1268 1526 1304 1561 in
1324 1526 1491 1574 descript.
1503 1526 1551 1563 de

896 1583 989 1632 l'Eg.
1009 1583 1079 1619 vol.
1095 1583 1127 1619 Il
1148 1582 1287 1631 antiqq.
1310 1595 1345 1631 p.
1370 1582 1449 1622 165
1468 1594 1548 1630 sqq.

896 1639 1020 1676 Unam
1050 1639 1277 1689 potissimum
1314 1638 1438 1675 laudat
1474 1639 1551 1675 ico-

896 1708 1003 1742 nem,
1035 1708 1189 1744 eamque
1219 1695 1344 1732 lineari
1374 1698 1454 1732 arte
1488 1707 1549 1732 ex·-

895 1764 1061 1801 pressam
1090 1752 1169 1800 ipse
1199 1751 1368 1798 subiecit,
1406 1755 1549 1800 protra-

896 1812 990 1844 ctam
1021 1821 1040 1844 e
1065 1807 1198 1856 cryptis
1224 1806 1446 1843 Thebarum.
1505 1808 1548 1844 In

894 1864 961 1900 hac
977 1864 1215 1913 conspicimus
1234 1863 1430 1909 Osiridem,
1451 1876 1549 1900 mor-

894 1924 1037 1956 tuorum
1066 1920 1218 1956 iudicem
1245 1920 1282 1955 in
1309 1919 1396 1956 solio
1416 1921 1547 1957 seden-

895 1979 991 2021 tem3
1029 1976 1061 2012 ei
1104 1976 1290 2012 admotum
1314 1988 1447 2023 reum,
1484 1977 1546 2025 qui

893 2032 1014 2068 iudicii
1032 2032 1094 2068 ‘sui
1119 2036 1293 2069 tesseram
1313 2031 1489 2069 bilancem
1508 2033 1546 2069 in

895 2088 1044 2125 humero
1073 2092 1197 2137 gerat3
1235 2088 1327 2124 infra
1355 2088 1391 2124 in
1422 2089 1546 2137 gradi-

896 2145 962 2181 bus
980 2149 1118 2182 stantes
1145 2157 1275 2181 novem
1304 2144 1423 2181 iudicii
1442 2146 1545 2194 quasi

895 2212 1116 2246 assessore53
1156 2213 1266 2250 porro
1290 2200 1453 2248 cymbam
1478 2202 1544 2239 im-

895 2258 1015 2307 posito
1042 2271 1153 2307 porco
1180 2256 1237 2294 vel
1266 2256 1543 2306 hippopotamo,

896 2326 968 2362 quo
992 2314 1122 2350 iudicio
1140 2314 1339 2350 constituta
1359 2326 1478 2362 poena
1496 2315 1543 2351 si-

894 2370 1108 2418 gnificetur,
1147 2370 1312 2406 nimirum
1340 2369 1542 2407 maleficum

892 2426 1097 2472 hominem,
1128 2427 1190 2474 qui
1218 2425 1331 2462 securi
1352 2439 1540 2475 percussus

893 2482 961 2529 sit,
975 2495 1070 2519 nunc
1089 2494 1133 2520 ex
1152 2482 1305 2518 Osiridis
1326 2482 1456 2519 iudicio
1476 2483 1541 2520 ab-

889 2538 941 2575 ire
961 2539 997 2574 in
1026 2539 1173 2575 foedum
1196 2538 1338 2576 animal.
1393 2538 1540 2576 Etenim

886 2594 1184 2644 hippopotamum
1223 2607 1304 2632 esse
1341 2595 1540 2643 symbolum

888 2650 1023 2698 ingrati
1042 2651 1172 2697 animi,
1194 2650 1388 2688 iniustitiae
1405 2664 1445 2688 ac
1462 2651 1539 2689 vio-

888 2705 1020 2744 lentiae
1055 2707 1166 2743 tradit
1204 2706 1391 2757 Horapoll.
1420 2707 1539 2745 hiero-

889 2762 1067 2812 glyph.1,
1091 2763 1155 2805 56.
1184 2762 1239 2810 ΙΙ,
1260 2765 1325 2804 37.
1371 2762 1538 2812 Abigitur

891 2823 1011 2857 autem
1038 2832 1120 2858 reus
1150 2821 1186 2857 in
1215 2820 1367 2858 bestiam
1386 2833 1536 2859 conver-
