1909 3228
665 223 965 263 cL10.1.

186 335 439 393 βυλωνίοισι
469 332 553 377 ὅδε.
610 335 677 379 δεῖ
702 338 847 378 πᾶσαν
875 337 1062 390 γυναῖκα
1090 333 1320 390 ἐπιχωρίην
1359 333 1470 386 Ego-2

132 515 323 561 quaestum
369 522 522 560 corpore
578 507 781 546 faciendum

132 568 306 616 adigere,
325 567 409 604 inde
428 567 571 604 demum
589 566 683 602 hunc
702 577 781 601 esse

134 627 250 660 ortum
271 636 430 670 morem,
460 636 503 659 ex
533 635 604 671 quo
631 621 781 671 pudoris

132 680 306 730 primitias
329 681 420 717 deae
443 680 490 715 ad
519 678 691 727 templum
716 677 783 712 ob-

131 736 310 773 tulissent.
375 736 468 771 Cum
514 735 607 771 enim
654 732 782 783 puellis

133 805 286 842 corpore
326 791 509 839 vulgando
554 790 620 826 dos
658 788 784 826 suisset

134 849 321 898 paranda,
348 847 531 883 inventam
551 859 630 883 esse
647 858 783 895 oppor-

133 904 343 949 tunitatem,
372 907 412 939 ut
431 906 619 951 quaestum
648 902 783 938 maiore

134 973 215 997 cum
240 959 384 996 licentia
415 964 451 996 et
486 958 662 1008 opimiore
685 971 780 995 mer-

134 1017 224 1053 cede
248 1016 430 1061 facerent3
467 1015 515 1051 ad
540 1014 714 1063 templum
738 1013 781 1050 il-

133 1072 187 1109 las
227 1072 456 1118 consedisse,
503 1070 665 1107 instituto
713 1070 782 1106 hoc

135 1128 270 1178 quippe
292 1128 327 1164 in
349 1127 561 1177 religionem
585 1140 689 1164 verso
703 1155 714 1173 ‚
743 1131 784 1163 ut

134 1184 268 1222 Veneri
290 1197 418 1234 corpus
451 1196 553 1220 suum
574 1195 784 1220 consecrare

134 1240 340 1278 viderentur
359 1239 508 1289 puellae.
539 1240 646 1276 Conf.
667 1253 702 1288 p.
715 1240 781 1279 36.

136 1298 190 1337 37
213 1296 236 1333 l.
260 1295 282 1333 l.
332 1297 437 1339 Quae
467 1300 614 1333 eatenus
643 1295 784 1332 dubitat

134 1352 338 1390 Heerenius
367 1352 504 1399 (Idecn
536 1351 574 1398 I,
596 1355 623 1392 2
644 1365 680 1401 p.
700 1349 781 1391 204

136 1409 248 1457 seq.),
286 1409 386 1456 quod
415 1408 462 1444 ad
495 1407 711 1444 matrimonii
740 1419 783 1442 ac

134 1464 342 1514 nuptiarum
364 1464 466 1512 quasi
484 1463 583 1500 initia
601 1463 705 1500 unice
724 1475 782 1499 re—

132 1521 269 1557 seratur
304 1521 418 1570 turpis
455 1520 523 1557 iste
566 1533 665 1564 mos;
704 1518 783 1568 ipse

133 1576 251 1625 magis
273 1577 321 1612 ad
346 1576 547 1613 commercii
564 1576 723 1612 rationes
746 1578 783 1612 et

133 1633 317 1670 hominum
349 1632 624 1683 peregrinorum
663 1631 783 1668 inulti-

133 1690 316 1736 tudinem,
345 1689 406 1738 qui
431 1690 467 1725 in
499 1689 623 1726 urbem
646 1690 783 1725 conssu—

135 1746 252 1781 xerint
280 1758 360 1782 eam
388 1747 504 1795 ipsam
543 1745 589 1781 ob
623 1757 780 1789 causam,

135 1801 222 1837 illud
269 1802 394 1838 referri
442 1814 551 1851 posse
596 1801 782 1837 existimat.

136 1857 269 1905 Neque
297 1858 443 1893 omnino
474 1871 493 1893 e
516 1858 690 1905 corruptis
710 1857 783 1891 Ba-

135 1913 362 1961 byloniorum
401 1914 559 1949 moribus
588 1925 783 1959 eorumque

136 1970 343 2006 libidinibus
373 1970 467 2006 hunc
503 1982 640 2004 morem
672 1967 785 2016 expli-

138 2026 209 2062 cari
230 2039 337 2075 posse
361 2029 422 2062 aut
452 2025 609 2073 origines
633 2024 785 2073 cepisse,

138 2083 275 2130 quivis,
306 2095 363 2118 me
392 2081 447 2118 vel
468 2094 541 2117 non
562 2081 787 2116 animadver-

136 2141 248 2184 tente,
270 2139 411 2174 sentiet.
467 2137 527 2173 Ad
555 2138 671 2186 ipsam
690 2136 786 2173 enim

138 2193 348 2242 religionem
384 2206 588 2243 pravasque
632 2193 677 2229 de
716 2192 784 2228 diis

139 2255 331 2300 conceptas
365 2251 554 2300 opiniones
591 2249 786 2299 respicien-

141 2307 225 2342 dum
245 2320 345 2353 esse,
380 2307 440 2343 ubi
462 2306 550 2343 haec
571 2310 606 2342 et
627 2305 711 2341 talia
732 2304 784 2342 le-

142 2363 278 2411 gimus,
316 2363 373 2399 vix
404 2363 662 2407 dubitandum,
692 2374 783 2407 cum,

143 2423 315 2466 quantum
335 2420 383 2455 ad
409 2420 566 2456 furorem
594 2418 681 2454 haec
706 2418 784 2466 ipsa

140 2473 304 2510 homines
350 2474 526 2512 Asiaticos
582 2474 785 2521 adegerint,

143 2541 251 2565 nemo
270 2530 406 2566 nesciat
427 2531 554 2567 rituum
580 2542 621 2566 ac
640 2530 785 2577 religio-

143 2597 226 2620 num
247 2585 353 2623 Asiae
372 2586 564 2635 superioris
587 2589 622 2622 et
641 2585 786 2622 inferio-

141 2641 190 2676 ris
220 2640 347 2689 (quam
374 2643 548 2679 minorem
573 2640 681 2688 vulgo
702 2641 789 2678 dici-

142 2698 252 2744 mus)
289 2697 397 2747 paulo
432 2698 590 2747 peritior.
649 2697 786 2734 Occur-

142 2756 226 2788 runt
250 2753 286 2788 in
303 2753 448 2789 istarum
465 2755 626 2802 gentium
639 2753 784 2802 religio-

142 2808 247 2843 nibus
274 2821 316 2844 ac
341 2810 448 2845 sacris
466 2810 535 2846 alia
554 2810 649 2846 haud
667 2810 782 2846 minus

141 2865 279 2914 turpia,
308 2878 416 2914 quam
439 2878 530 2915 quae
549 2867 596 2904 de
616 2865 781 2915 Milyttae

1359 223 1443 264 445

849 506 945 544 cultu
960 506 1098 545 Noster
1116 507 1309 546 memoriae
1323 507 1494 557 prodidit.

849 562 1146 612 Antiquissimum
1161 565 1269 601 fuisse
1285 577 1352 614 per
1371 562 1496 601 Asiam

849 622 990 669 turpem
1012 621 1118 657 istum
1138 625 1246 670 atque
1279 620 1495 670 impudicum

849 689 1006 723 morem,
1045 678 1145 714 testis
1177 682 1231 715 est
1260 675 1350 714 liber
1380 676 1495 714 Mosis

848 732 923 779 Ill,
948 735 997 773 19
1028 746 1079 769 vs.
1101 736 1165 775 29.
1222 733 1281 771 De
1313 732 1497 771 Phoenici-

850 789 930 835 bus,
980 788 1138 839 Cypriis,
1194 789 1272 826 aliis
1316 791 1496 838 gentibus,

850 858 939 893 quas
978 846 1152 894 religione
1187 860 1261 883 non
1300 847 1496 884 admodum

849 902 991 939 diversa
1010 915 1089 938 cum
1115 903 1260 951 reliquis
1278 901 1386 940 Asiae
1405 916 1496 951 gen-

848 957 942 994 tibus
983 959 1188 995 coniunctas
1228 960 1497 1008 quodammodo

847 1014 1066 1062 invenimus,
1111 1015 1289 1052 simillima
1337 1016 1500 1052 instituta

850 1071 1063 1120 scriptorum
1089 1076 1249 1109 veterum
1282 1072 1496 1109 testimoniis

850 1127 991 1163 firmata
1013 1128 1092 1177 ipse
1118 1129 1233 1165 attulit
1250 1128 1415 1178 Heynius
1434 1129 1456 1165 l.
1475 1129 1499 1166 l.

849 1196 935 1233 pag.
966 1185 1020 1223 37
1053 1197 1151 1233 seq.‚
1200 1198 1293 1234 quae
1335 1190 1502 1235 repetere

844 1252 926 1286 ‚non
972 1240 1109 1277 attinet.
1169 1241 1307 1279 Confer
1336 1242 1498 1292 inprimis

852 1296 1071 1332 Creuzerum
1092 1297 1128 1333 in
1147 1297 1308 1345 Symbol.
1330 1298 1363 1334 Il
1383 1312 1418 1348 p.
1431 1298 1497 1339 24.

850 1353 904 1392 26
924 1365 1025 1400 seqq.
1067 1352 1143 1388 Iam
1171 1366 1256 1391 vero
1276 1355 1498 1402 Babylonios

851 1420 894 1443 eo
935 1408 1052 1455 magis
1089 1408 1262 1457 proclives
1301 1411 1413 1448 fuisse
1451 1411 1499 1447 ad

851 1462 943 1499 hanc
968 1463 1172 1511 lasciviam,
1214 1478 1287 1514 quo
1316 1467 1363 1502 ad
1394 1480 1502 1504 omne

849 1518 1074 1569 voluptatum
1098 1524 1207 1569 atque
1233 1521 1419 1558 libidinum
1437 1536 1502 1571 ge-

851 1589 919 1612 nus
950 1576 1053 1612 effusi
1075 1581 1197 1625 erant,
1227 1578 1331 1615 facile
1355 1580 1501 1616 credam

851 1632 1020 1669 Miintero
1041 1633 1077 1668 in
1102 1633 1192 1670 libro
1222 1635 1268 1672 de
1299 1635 1402 1684 relig.
1427 1636 1502 1672 Ba-

851 1689 973 1736 bylon.
1003 1702 1039 1739 p.
1060 1691 1114 1730 73
1135 1704 1210 1740 seq.
1268 1691 1327 1729 De
1360 1692 1499 1729 luxurie

848 1745 1132 1793 Babyloniorum
1186 1747 1296 1796 vulgo
1349 1748 1499 1785 laudant

851 1802 1014 1837 Curtium
1056 1803 1102 1839 de
1137 1805 1265 1852 exped.
1305 1802 1499 1841 Alexandr.

850 1857 895 1902 V,
921 1860 939 1896 1
973 1858 1095 1906 ibique
1120 1859 1346 1896 Freinshem.
1403 1860 1500 1896 Add.

850 1913 1006 1949 Heeren.
1032 1913 1052 1949 l.
1071 1913 1092 1949 l.
1121 1927 1158 1963 p.
1181 1919 1263 1956 202
1288 1916 1422 1952 Gesen.
1451 1917 1499 1952 ad

850 1968 953 2005 lesai.
974 1968 1134 2016 XLVII,
1156 1974 1176 2011 1
1205 1984 1290 2021 pag.
1314 1973 1391 2012 105
1411 1972 1498 2020 ibiq.

851 2024 917 2061 hos
934 2023 1052 2061 locos:
1084 2026 1152 2062 Ies.
1178 2028 1319 2074 14,11.
1351 2028 1499 2074 Ier..5l,

853 2082 918 2120 39.
956 2080 1098 2118 Daniel.
1121 2082 1164 2127 5,
1186 2086 1221 2123 1.
1261 2083 1356 2120 Add.
1382 2084 1502 2120 Palm-

854 2136 948 2172 blad.
970 2136 991 2173 l.
1011 2137 1033 2173 l.
1064 2151 1098 2186 p.
1123 2141 1175 2178 27
1198 2152 1300 2188 seqq.
1323 2142 1376 2180 32
1397 2153 1500 2189 seqq.

851 2192 935 2242 Ipse
952 2193 1115 2241 Heynius
1140 2193 1161 2230 l.
1192 2195 1213 2231 l.
1244 2209 1329 2245 pag.
1356 2198 1433 2243 39,
1463 2200 1502 2232 ut

851 2249 940 2285 haec
960 2250 1120 2286 instituta
1140 2252 1384 2301 reciperentur
1403 2266 1424 2288 a
1433 2267 1501 2303 po-

850 2304 965 2355 pulis‚
1005 2306 1089 2342 bina
1115 2307 1225 2345 fuisse
1253 2314 1374 2345 censet
1407 2309 1500 2347 inter

853 2373 977 2397 causas
999 2362 1102 2398 huius
1125 2364 1232 2400 moris
1258 2365 1496 2414 respicienda,

853 2422 1071 2455 contemtum
1108 2419 1321 2468 virginitatis
1359 2422 1498 2472 puella-

852 2487 931 2510 rum
950 2479 985 2511 εἴ
997 2476 1178 2523 profectas
1209 2477 1306 2526 vulgi
1330 2490 1352 2513 a
1378 2478 1496 2527 pravis

851 2530 1081 2578 religionibus
1104 2532 1302 2581 opiniones.
1335 2534 1497 2576 Quarum

853 2590 973 2623 tamen
1002 2586 1151 2624 alterum
1189 2602 1232 2626 ex
1271 2590 1383 2627 altero
1415 2591 1494 2641 ipso

851 2647 996 2679 enatum
1018 2657 1118 2691 esse,
1149 2645 1250 2683 facile
1277 2647 1411 2696 poterit
1440 2648 1495 2685 in-

847 2698 974 2746 telligi.

905 2757 1037 2793 πᾶσαν
1075 2760 1242 2806 γυναῖκα
1282 2755 1495 2810 ἐπιχωρίην

849 2809 1030 2861 ἱζομένην
1059 2811 1098 2858 ἐς
1125 2810 1212 2865 ἱρὸν
1237 2809 1494 2867 Ἀφροδίτης]

845 2866 904 2905 De
931 2872 1108 2906 structura
1141 2873 1417 2921 praepositionis
1446 2874 1496 2921 ἐς

1472 334 1556 373 5ίᾶθῖ
1574 333 1698 363 Veneris
1719 339 1770 364 Λμ-

1495 374 1605 400 syriae.
