1909 3228
429 228 514 269 624
821 222 1293 264 HERODOTI

430 335 630 392 θυσίῃσι,
662 333 709 377 ἔν
736 348 824 376 τινι
852 332 976 376 νυκτὶ
1005 331 1140 389 λύχνα
1168 332 1344 376 καίουσι
1372 330 1530 385 πάντες
1548 331 1687 377 πολλοὶ

430 413 648 466 ὑπαίθρια
675 412 772 466 περὶ
801 411 854 454 τὰ
885 409 1063 467 δώματα
1091 411 1249 467 κύκλῳ.
1277 409 1330 454 τὰ
1361 411 1405 455 δὲ
1435 411 1570 468 λύχνα
1600 412 1687 456 ἐστὶ

431 492 621 548 ἐμβάφια
651 490 810 546 ἔμπλεα
840 489 942 541 ἁλὸς
972 492 1044 534 καὶ
1076 491 1240 534 ἐλαίου·
1286 489 1492 545 ἐπιπολῆς
1521 492 1566 534 δὲ
1593 490 1688 534 ἕπε-

405 580 506 615 Ξστι
537 568 642 614 αὐτὸ
672 568 721 612 τὸ
753 568 986 624 ἐλλύχνιον.

1044 570 1116 613 καὶ
1155 572 1286 612 τοῦτο
1323 569 1487 612 καίεται
1522 568 1690 613 παννύ-

401 659 552 707 3χιον·
595 649 668 692 καὶ
696 652 748 706 τῇ
793 647 901 706 ὁρτῇ
939 648 1113 704 οὕνομα
1150 648 1289 691 κέεται
1326 650 1587 703 Λυχνοκαῖῖη.
1649 650 1694 691 οἳ

433 728 476 773 δ’
505 729 560 772 ἂν
589 727 646 784 μὴ
677 728 834 771 ἔλθωσι
863 732 950 771 τῶν
979 729 1230 783 Αἰγυπτίων
1266 728 1308 778 ἐς
1337 726 1418 782 τήν
1447 725 1749 784 πανήγυρινὸθ

431 805 620 863 ταύτην,
661 807 955 863 φυλάσσοντες
983 808 1061 863 τήν
1098 805 1235 850 νύκτα
1269 810 1343 861 τῆς
1370 807 1549 862 θυσίης,
1597 806 1694 849 καί-

434 899 535 931 ουσι
565 887 637 930 καὶ
669 885 794 930 αὐτοὶ
824 885 980 937 πάντες
1015 885 1067 929 τὰ
1096 884 1253 942 λύχνα·
1289 886 1363 928 καὶ
1393 884 1506 928 οὕτω
1535 883 1617 929 οὐκ
1647 884 1694 928 ἐν

431 965 524 1010 Σάι·
560 964 702 1023 μούνῃ
741 967 928 1017 καίεται,
986 963 1096 1008 ἄλλα
1136 965 1209 1009 καὶ
1248 963 1333 1008 civo}
1372 969 1515 1007 πᾶσαν
1552 967 1689 1019 Αἴγυ-

404 1049 557 1089 4πτον.
612 1044 712 1088 ὅτευ
756 1045 802 1090 δὲ
837 1047 980 1089 εἵνεκα
1018 1049 1113 1102 φῶς
1150 1045 1270 1100 ἔλαχε
1300 1044 1373 1088 καὶ
1401 1043 1528 1100 τιμὴν
1556 1041 1582 1100 ἡ
1610 1040 1691 1096 νύξ

376 1246 450 1280 tem
469 1241 633 1278 novimus
666 1241 704 1277 in
740 1241 894 1278 Osiridis
932 1241 1029 1278 caesi

376 1299 551 1336 honorem
564 1310 605 1334 ac
615 1298 825 1334 memoriam
845 1298 1030 1335 celebran-

377 1355 461 1391 dam
475 1355 568 1391 festa
589 1367 656 1404 per
666 1367 807 1391 omnem
821 1354 1029 1404 Aegyptum

376 1410 583 1447 instituisse.
634 1410 740 1447 Plura
758 1411 804 1447 de
822 1410 877 1447 his
899 1411 1029 1447 Creuz.

377 1468 416 1503 in
439 1465 601 1515 Symbol.
632 1465 649 1502 Ι
679 1480 714 1516 p.
740 1467 832 1507 530.
862 1467 914 1513 ll,
947 1468 1025 1506 661

379 1536 482 1572 seqq.
513 1524 592 1562 675
612 1535 687 1570 seq.
720 1522 780 1568 lv,
801 1524 880 1562 219
911 1535 1029 1569 seqq,

378 1580 440 1628 qui
469 1591 565 1614 nunc
591 1579 709 1614 addit:
740 1578 863 1627 Payne
888 1578 1030 1626 lx'night

376 1634 526 1684 lnquiry
555 1634 630 1670 into
664 1634 725 1671 the
763 1633 913 1682 symbol.
952 1633 1030 1670 lan-

379 1704 487 1740 guag.
519 1703 603 1740 pag.
622 1691 687 1730 30.

435 1742 558 1795 λύχνα
600 1747 789 1791 καίουσι]
821 1741 868 1783 τοέ
906 1739 1032 1794 λύχνα

378 1808 507 1840 neutro
527 1815 661 1850 genere
690 1802 815 1837 Ionum
839 1815 858 1838 e
880 1814 1032 1837 consue-

378 1860 506 1895 tudine
542 1858 611 1894 dici
650 1862 799 1895 monent
826 1861 965 1894 veteres
996 1860 1033 1893 et

378 1914 597 1953 recentiores
621 1913 854 1950 Grammatici
887 1914 935 1949 ad
951 1913 983 1949 h.
1007 1913 1029 1949 l.

377 1992 435 2000 —
452 1970 520 2007 Est
540 1975 658 2007 autem
687 1971 857 2019 frequens
878 1970 1026 2005 omnino

378 2027 600 2064 lucernarum
629 2040 714 2063 usus
748 2027 783 2062 iu
815 2026 924 2063 sacris
954 2025 1028 2062 Ae-

379 2084 534 2133 gyptiis3
569 2083 603 2118 in
625 2083 758 2119 Saitico
784 2082 893 2120 hocce
911 2082 1029 2119 Osiri—

379 2141 434 2177 dis
454 2142 545 2177 sesto
566 2140 647 2176 ideo
668 2139 850 2176 adhibitae
877 2152 958 2176 esse
975 2138 1029 2174 vi-

380 2198 533 2242 dentur,
564 2200 602 2232 ut
641 2196 729 2232 deus
770 2195 826 2232 ille
854 2199 1028 2243 tanquam

380 2252 464 2289 solis
481 2252 648 2300 ignisque
675 2264 822 2301 praeses
843 2251 1031 2288 coleretur.

380 2310 463 2352 Qua
484 2309 611 2346 eadem
634 2309 679 2345 de
710 2321 817 2345 causa
836 2308 1029 2357 postmodo

379 2365 564 2414 Serapidis
588 2366 621 2400 in
634 2365 741 2401 sacris
752 2364 914 2401 lucernas
927 2377 1030 2400 usur-

379 2426 485 2472 patas
511 2422 722 2458 invenimus.
782 2422 890 2458 Conf.
914 2420 1030 2457 Creu-

380 2478 455 2515 zeri
477 2477 627 2526 Dionys.
648 2490 684 2527 p.
705 2477 798 2518 225.
857 2476 936 2514 Nec
954 2475 1027 2513 Mi-

379 2546 512 2571 nervae
530 2546 602 2569 non
617 2535 833 2570 conveniunt
848 2532 1026 2579 lucernae,

380 2590 515 2639 quippe
535 2602 628 2638 quae
648 2589 736 2626 lucis
761 2593 797 2626 et
815 2590 1027 2638 purissimae

381 2647 524 2693 quidem
556 2650 611 2683 est
635 2647 703 2682 dea
729 2650 838 2694 atque
866 2658 1027 2695 praeses-

382 2702 477 2743 Quin
497 2705 603 2738 etiam
624 2702 830 2739 meminisse
850 2701 947 2738 iuvat
975 2702 1028 2738 lu-

381 2769 510 2793 cernae
532 2759 692 2805 magicae
720 2758 793 2794 sive
813 2759 1030 2805 mundanae,

383 2824 475 2859 quae
521 2812 699 2849 Mercurio
744 2814 937 2861 tribuitur,
989 2817 1030 2851 ut

383 2868 503 2903 omnia
538 2869 731 2919 perspiciat
764 2871 948 2907 mundana
986 2882 1029 2908 ac

1094 1241 1278 1278 terrestria
1303 1253 1370 1277 nec
1402 1239 1600 1289 quidquam
1627 1237 1748 1287 ipsum

1096 1297 1219 1334 lateat.
1278 1296 1386 1333 Plura
1420 1297 1620 1333 Creuzerus
1639 1294 1749 1342 Sym—

1098 1353 1168 1390 bol.
1190 1353 1206 1389 Ι
1230 1366 1315 1403 pag.
1338 1354 1431 1393 373.
1474 1351 1603 1397 Adde,
1632 1349 1747 1387 lucer-

1096 1423 1223 1446 narum
1249 1409 1496 1446 accensionem
1529 1407 1565 1443 in
1592 1407 1748 1443 Iudaeo-

1097 1479 1174 1501 rum
1198 1466 1414 1513 quibusdam
1434 1463 1532 1500 festis
1555 1463 1635 1499 hinc
1655 1475 1746 1510 quo-

1097 1534 1169 1569 que
1213 1521 1387 1568 originem
1431 1519 1570 1568 cepisse
1617 1518 1744 1565 videri,

1097 1583 1267 1613 monente
1275 1578 1447 1625 Spencer.
1469 1576 1514 1612 de
1530 1575 1601 1611 ritt.
1612 1574 1744 1611 Hebrr.

1098 1633 1160 1679 lx',
1179 1636 1203 1673 6
1234 1646 1268 1682 p.
1296 1635 1399 1673 1121
1422 1644 1498 1680 seq.

1154 1685 1332 1739 ἐμβάφια
1367 1687 1512 1737 ἔμπλεα
1551 1683 1644 1733 ἁλός
1677 1683 1744 1725 καὶ

1098 1744 1255 1795 ἐλαίου]
1276 1746 1296 1780 i.
1315 1758 1345 1781 e.
1366 1743 1510 1780 vascula
1532 1743 1604 1779 sale
1622 1746 1653 1779 et
1677 1743 1747 1779 oleo

1097 1801 1240 1849 repleta.
1270 1800 1343 1837 Pro
1363 1796 1460 1847 ἁλός
1477 1799 1649 1835 Reiskius
1659 1811 1748 1836 con-

1098 1858 1232 1894 iecerat
1253 1855 1427 1903 στέατος,
1456 1860 1494 1892 ut
1517 1855 1623 1905 adeps
1641 1854 1747 1892 intel-

1098 1914 1287 1961 figeretur,
1316 1926 1395 1950 cum
1417 1912 1469 1948 sal
1489 1912 1535 1948 ad
1557 1912 1745 1961 lampades

1096 1969 1183 2006 nihil
1204 1970 1321 2006 saciat.
1371 1969 1447 2006 Sed
1476 1967 1590 2004 nullus
1613 1967 1746 2004 suffra-

1096 2030 1203 2074 gatur
1223 2026 1336 2071 liber-3
1358 2030 1394 2062 et
1413 2026 1561 2068 merit03
1579 2037 1663 2060 nam
1686 2035 1746 2060 sa·-

1095 2082 1137 2119 lis
1156 2095 1258 2118 usum
1284 2082 1319 2118 iu
1343 2082 1508 2118 omnibus
1535 2082 1611 2118 fere
1633 2080 1744 2116 sacris

1097 2139 1182 2175 satis
1204 2139 1387 2185 cognitum
1407 2137 1657 2174 habemus.——
1676 2135 1746 2172 Se-

1095 2195 1219 2244 quitur
1237 2194 1492 2243 Λυχνοκαΐη,
1521 2192 1659 2241 aliquot
1685 2204 1744 2228 se-

1097 2251 1201 2287 rioris
1232 2251 1360 2286 aetatis
1390 2249 1621 2299 scriptoribus
1645 2260 1744 2284 com-

1096 2310 1314 2352 memorata,
1352 2319 1442 2355 quos
1475 2306 1561 2341 citat
1595 2303 1745 2341 ll'esse-

1096 2363 1237 2411 lingius.
1297 2362 1358 2399 Tu
1377 2366 1494 2399 verte:
1525 2360 1744 2396 lucernarum

1095 2421 1261 2456 accensio.
1318 2418 1369 2455 Et
1402 2422 1504 2454 notat
1527 2416 1744 2462 Larcherus,

1092 2476 1260 2511 Sinurum
1288 2475 1324 2511 in
1353 2474 1456 2511 terris
1488 2473 1599 2510 simile
1626 2473 1746 2521 quod-

1094 2532 1176 2568 dam
1200 2532 1349 2569 inveniri
1369 2532 1500 2568 festum
1513 2539 1743 2566 accensurum

1092 2587 1328 2625 lucernarum.

1108 2650 1115 2660 “
1152 2640 1421 2693 φυλάσσοντες
1440 2636 1514 2691 τήν
1532 2635 1658 2679 νύκτα
1672 2642 1744 2690 τῆς

1094 2698 1266 2751 θυσίης]
1297 2701 1318 2737 ἰ.
1350 2714 1381 2738 e.
1422 2699 1636 2734 observantes
1669 2700 1741 2733 sta-

1093 2761 1207 2794 tutam
1238 2757 1400 2794 sacrificii
1422 2758 1577 2792 noctem.
1635 2752 1743 2789 Conf.

1092 2813 1133 2862 I,
1163 2815 1229 2854 48.

1153 2865 1243 2909 ὅτευ
1267 2865 1311 2909 δὲ
1335 2867 1468 2908 εἵνεκα
1495 2867 1585 2917 φῶς
1605 2860 1738 2914 ἔλαχε]

1730 336 1809 379 133

1876 1322 1899 1387 *¹-
