1909 3228
416 216 501 257 344
827 211 1295 252 HERODOTI

418 322 552 378 τάπερ
589 325 677 366 τῶν
717 319 921 375 Περσέων
958 319 1011 363 τοὶ
1051 318 1288 378 οὐνόματα.
1345 317 1474 366 αὗται
1511 323 1590 379 μὲν
1619 323 1665 366 αἱ

96 469 232 497 Aeolicne
264 471 366 506 urba-s,

94 503 122 530 ln
158 507 240 532 terra
272 504 366 532 conti-

94 537 184 565 nenti.

364 608 448 646 olim
467 606 650 654 vulgatum
669 608 758 643 erat.
814 604 885 643 Est
914 605 1010 644 enim

363 664 452 702 haec
467 661 645 699 Herodoti
663 661 863 710 sententia,
891 663 1011 700 omnia

363 721 538 757 festorum
560 718 782 755 Graecorum
809 718 957 755 nomina
973 719 1011 756 in

365 775 517 813 eandem
536 773 704 812 desinere
719 773 870 822 literam,
883 787 1009 824 quem-

364 830 560 868 admodum
605 829 799 868 Persarum
854 831 1014 879 nomina,

364 899 459 935 quae
476 885 596 923 omnia
607 885 644 922 in
661 899 769 923 unam
785 887 1014 936 eandemque

365 943 504 980 literam
536 945 558 980 ὃ
586 943 683 980 exire
713 955 826 994 supra
861 943 902 992 Ι,
933 945 1013 986 139

366 999 548 1036 docuerat.

533 1081 598 1119 Ca
607 1095 644 1133 p.
676 1081 846 1121 cxmx.

425 1165 522 1205 Αἵδε
544 1162 587 1205 δὲ
610 1164 654 1204 αἱ
674 1164 859 1213 Αἰολίδες
875 1180 910 1205 κ.
923 1180 955 1205 τ.
966 1164 1015 1217 λ.]

368 1221 428 1262 De
445 1222 600 1260 Aeolicis
620 1221 790 1270 coloniis,
820 1235 910 1273 quas
931 1223 1017 1261 bre-

369 1279 459 1317 viter
489 1282 654 1316 recenset
677 1279 913 1328 Herodotus,
942 1280 1018 1316 dis-

370 1348 491 1373 serere
516 1334 667 1383 longum
700 1338 778 1381 est;
816 1336 901 1373 inde
926 1348 1017 1386 pau-

371 1390 451 1438 cis,
489 1403 583 1440 quae
619 1390 668 1426 ad
708 1391 852 1440 singula
890 1390 1020 1429 Nostri

371 1447 482 1483 verba
519 1446 586 1483 rite
613 1445 844 1495 intelligenda
871 1447 1019 1493 faciant,

372 1514 440 1538 nos
478 1502 752 1539 continebimus.
819 1501 929 1539 Plura
956 1502 1018 1550 qui

372 1557 569 1608 discupiat,
603 1557 701 1605 legat
728 1558 915 1607 copiosam
943 1558 1019 1594 dis-

372 1614 596 1664 putationem
627 1612 723 1650 Galli
756 1615 852 1652 docti
881 1613 1020 1650 Raoul-

372 1669 573 1716 Rochette,
587 1669 734 1706 histoire
756 1670 802 1707 de
823 1670 1017 1707 l'Etabliss.

375 1725 412 1761 d.
432 1725 547 1762 colon.
566 1725 698 1774 Grecq.
719 1725 768 1762 T.
784 1726 835 1762 lll
860 1739 945 1775 pag.
963 1725 1018 1766 34

373 1793 478 1829 seqq.
501 1780 578 1817 coll.
598 1780 768 1818 Larcher.
795 1781 831 1817 in
852 1782 1019 1817 Chrono-

372 1836 445 1885 log.
464 1836 643 1873 Herodot.
674 1849 759 1886 pag.
785 1835 880 1877 449.
927 1836 1022 1873 Sunt

373 1905 459 1929 vero
488 1892 714 1941 potissimum
735 1891 880 1930 Lesbus
902 1891 1023 1929 insula

375 1951 413 1986 et
434 1948 549 1996 Cyme
579 1961 608 1984 s,
637 1948 753 1984 Cuma
783 1949 891 1996 urbs,
925 1949 1022 1986 unde

374 2003 533 2053 reliquae
570 2004 677 2041 urbes
705 2004 873 2042 conditae
908 2005 1023 2042 fuisse

374 2060 561 2105 videntur3
608 2072 720 2109 quare
751 2065 904 2110 utraque
933 2060 1023 2099 reli-

376 2128 526 2165 quarum
544 2116 683 2153 urbium
701 2117 914 2168 metropolis
932 2118 1022 2164 sere,

377 2177 414 2209 et
454 2172 570 2220 Cyme
610 2172 788 2219 omnium,
845 2177 1024 2222 quotquot

376 2229 476 2265 suere
503 2228 663 2266 civitates
692 2227 884 2276 Aeolicae‚
913 2229 1025 2267 maxi-

378 2297 436 2321 ma
474 2283 663 2322 celebrata.
730 2286 846 2334 Cyme
881 2286 1026 2323 condita

379 2344 458 2377 erat
476 2353 499 2377 a
525 2341 675 2379 Graecis
690 2371 701 2389 ,
732 2342 823 2379 duce
845 2340 966 2379 Malao
987 2345 1023 2379 et

379 2396 512 2444 Cleva,
530 2397 592 2446 qui
610 2410 725 2446 genus
746 2411 848 2434 suum
869 2397 1023 2446 abAga-

380 2465 573 2490 memnone
588 2454 823 2504 repetebant,
836 2458 871 2491 et
887 2465 1022 2502 magno

380 2508 536 2545 exercitu
563 2514 771 2560 comparato
808 2510 867 2547 ubi
891 2510 1023 2547 diutius

382 2564 418 2599 in
443 2563 599 2603 Locride
634 2570 729 2603 terra
763 2566 811 2602 ad
846 2566 1023 2604 Phricium

382 2624 541 2658 montem
578 2622 788 2659 comumrati
829 2627 949 2669 erant,
986 2622 1024 2659 in

382 2673 504 2712 Asiam
544 2678 628 2715 dein
658 2679 872 2716 traiecerunt
906 2679 1025 2728 ibique

381 2729 508 2778 Cymen
545 2734 804 2781 condiderunt,
854 2747 946 2783 quae
976 2736 1022 2772 ob

378 2786 508 2834 prioris
520 2789 619 2825 sedis
639 2791 847 2828 memoriam
866 2792 913 2828 ad
923 2791 1023 2828 Phri-

380 2840 470 2878 cium
508 2849 667 2882 montem
713 2846 797 2884 olim
834 2848 1024 2886 vocabatur

261 406 361 452 149
412 399 542 454 Ἰάδες
569 400 713 451 πόλιὲς
741 401 837 442 εἰσι.
895 399 1000 443 Αἵδε
1040 399 1086 444 δὲ
1124 401 1171 444 αἱ
1202 400 1424 455 Αἰολίδες,
1453 400 1606 458 Κύμη,
1637 400 1665 457 ἦ

1079 605 1296 657 Plaerycom's,
1350 619 1471 654 nunc,
1516 607 1568 645 uti
1602 607 1726 645 volunt

1079 663 1202 700 Calate
1221 663 1278 701 vel
1299 663 1477 701 Sanderli.
1533 663 1641 701 Conf.
1660 677 1729 713 po-

1077 720 1255 757 tissimum
1281 719 1450 757 Strabon.
1473 719 1561 756 Xlll
1585 733 1622 770 p.
1646 721 1728 761 582

1080 789 1110 812 s,
1141 777 1244 823 873,
1279 774 1323 812 A.
1361 776 1408 814 B.
1475 776 1560 820 Quo
1599 776 1729 813 eodem

1081 833 1226 870 nomine
1243 831 1441 869 invenimus
1454 832 1553 882 apud
1573 832 1729 869 eundem

1081 889 1299 925 Strabonem
1325 888 1410 925 Xlll
1430 901 1466 938 p.
1496 891 1576 929 621
1593 891 1729 935 s922,

1081 945 1113 981 B
1143 944 1329 981 Larissam
1358 945 1430 992 (sic
1449 945 1545 982 enim
1562 944 1629 981 illic
1643 945 1731 981 scri-

1082 1005 1184 1051 ptum
1203 1000 1357 1049 legimus
1383 1013 1450 1051 pro
1481 1013 1548 1048 e0‚
1578 1001 1676 1049 quod
1695 1001 1732 1037 in

1083 1057 1275 1095 herodoto
1306 1058 1363 1093 est
1387 1051 1609 1107 Λήρισσαι)
1637 1069 1732 1094 nun-

1084 1117 1253 1163 cupatam
1283 1125 1387 1159 esse,
1431 1112 1567 1162 quippe
1608 1113 1734 1150 urbem

1084 1168 1332 1218 Pelasgicam,
1360 1171 1402 1204 ut
1416 1167 1470 1206 vel
1489 1181 1624 1207 nomen
1640 1169 1735 1206 indi-

1086 1229 1164 1272 cat,
1193 1237 1289 1262 nunc
1315 1236 1400 1261 vero
1429 1225 1624 1262 desertam.
1665 1225 1735 1263 Se-

1085 1282 1276 1333 ptuaginta
1305 1281 1423 1317 stadia
1446 1281 1514 1317 fuit
1548 1285 1687 1319 remota
1713 1293 1736 1318 a

1085 1338 1213 1386 Cyme.
1227 1335 1414 1374 Neotichos
1426 1337 1534 1374 iidem
1555 1338 1603 1374 illi
1620 1338 1737 1375 Grae-

1085 1394 1117 1430 ci
1143 1398 1268 1430 contra
1296 1393 1363 1430 hos
1399 1392 1576 1441 Pelasgos
1610 1392 1737 1430 Laris-

1085 1461 1192 1486 saeos
1223 1448 1441 1486 exstruxisse
1469 1449 1650 1496 seruntur,
1678 1449 1736 1487 vel

1085 1510 1301 1552 antequam,
1344 1509 1462 1542 terrae
1495 1506 1646 1556 imperio
1675 1518 1738 1543 ac-

1085 1561 1218 1610 quisito
1231 1589 1242 1608 ,
1269 1560 1409 1609 Cymen
1428 1560 1543 1611 ipsam
1563 1562 1738 1599 condide-

1085 1618 1178 1663 rint3
1227 1629 1445 1665 quamquam
1482 1622 1607 1655 auctor
1644 1619 1737 1656 vitae

1085 1671 1301 1710 Homericae
1321 1672 1389 1709 hoc
1406 1674 1582 1724 oppidum
1602 1673 1737 1722 Cymes

1086 1728 1266 1765 coloniam
1285 1729 1389 1775 dicit,
1417 1730 1517 1778 quod
1536 1730 1582 1767 de
1598 1730 1740 1767 colonia

1088 1784 1204 1820 serius
1226 1784 1262 1819 in
1291 1785 1392 1834 prius
1419 1785 1677 1823 munimentum
1696 1799 1739 1823 ac
1792 1784 1795 1786 ’

1088 1839 1403 1890 propugnaculum
1422 1841 1577 1878 deducta
1588 1842 1738 1891 intelligi

1088 1894 1164 1931 vult
1181 1895 1514 1935 Raoul-Rochette
1536 1897 1560 1934 l.
1581 1897 1604 1934 l.
1622 1912 1658 1950 p.
1670 1897 1737 1940 40.

1088 1950 1212 1989 Distat
1239 1963 1261 1988 a
1289 1951 1440 1990 Larissa
1467 1953 1618 2003 triginta
1657 1959 1740 1992 tan·

1089 2011 1164 2044 tum
1185 2008 1313 2046 stadia.

1144 2063 1322 2112 Reliquae
1353 2065 1462 2103 urbes
1496 2063 1667 2104 Aeolicae
1692 2067 1738 2104 ab

1089 2119 1281 2156 Herodoto
1301 2122 1502 2159 recensitae
1529 2122 1586 2158 vix
1603 2123 1649 2159 ab
1669 2122 1739 2159 alia

1089 2175 1251 2222 colonia,
1263 2189 1372 2224 quam
1389 2189 1484 2226 quae
1498 2177 1639 2225 Cymen
1650 2191 1738 2215 con-

1091 2232 1205 2278 didit,
1232 2245 1300 2268 nec
1334 2232 1404 2269 alio
1437 2237 1601 2284 tempore
1632 2234 1738 2272 valde

1091 2293 1229 2324 remoto
1246 2289 1412 2326 conditae
1429 2290 1541 2327 fuisse
1560 2290 1737 2328 videntur.

1095 2342 1244 2380 Temnas
1263 2345 1311 2380 ad
1330 2345 1458 2382 Hermi
1477 2346 1571 2383 ostia
1601 2347 1739 2384 sinum-

1090 2412 1162 2448 que
1181 2400 1418 2448 Smyrnaeum
1447 2406 1627 2440 exstructa
1649 2407 1739 2452 erat,

1090 2455 1157 2493 sed
1190 2455 1294 2492 Plinii
1321 2461 1486 2507 tempore
1512 2459 1583 2495 iam
1609 2459 1740 2497 diruta.

1089 2511 1171 2550 Nec
1201 2512 1352 2550 meliora
1394 2515 1470 2551 fata
1511 2515 1740 2564 contigerunt

1093 2568 1225 2615 Cellae,
1255 2581 1348 2618 quae
1366 2571 1452 2607 urbs
1467 2569 1644 2620 Apollinis
1664 2572 1740 2609 Cil-

1092 2625 1160 2662 laci
1199 2625 1334 2675 templo
1378 2631 1415 2665 et
1454 2627 1550 2664 cultu
1585 2628 1738 2677 insignis

1088 2682 1166 2718 suit.
1224 2682 1332 2719 Cous.
1359 2683 1492 2732 Heyne
1515 2685 1563 2722 ad
1588 2685 1738 2722 Homer.

1090 2737 1191 2775 lliad.
1214 2738 1251 2784 l,
1270 2740 1336 2780 38.
1358 2739 1405 2777 T.
1430 2740 1547 2790 lpag.
1570 2744 1634 2781 13.
1659 2740 1737 2778 No-

1090 2796 1176 2830 tium
1205 2795 1294 2831 mari
1322 2797 1532 2843 imminens,
1572 2812 1594 2835 a
1617 2803 1738 2836 vetere

1092 2851 1306 2901 Colophone
1318 2853 1390 2891 duo
1408 2854 1522 2892 ferme
1531 2855 1638 2892 millia
1650 2868 1736 2906 pas-

1890 474 1897 589 ῥ-
