1877 3223
635 203 851 242 CLIO.
911 202 939 240 1.
1378 203 1435 242 25

131 314 377 363 3επαινέων.
423 312 584 368 χρόνου
625 312 671 355 δὲ
712 310 766 354 οὐ
802 312 972 354 πολλοῦ
1001 308 1277 360 διελθόντος,
1309 310 1434 364 (χρῆν

153 392 238 450 γάρ
283 392 521 450 Κανδαύλῃ
561 390 765 447 γενέσθαι
802 390 985 442 κακῶς,)
1046 388 1159 443 ἔλεγε
1198 385 1309 441 πρὸς
1356 387 1435 430 τόν

158 470 307 528 Γύγην
334 470 506 515 τοιοίδε·
546 502 572 523 ,‚
586 473 627 514 Γ
623 468 728 526 ύγη,
765 466 818 513 οὐ
848 469 932 525 γάρ
963 478 1009 511 σε
1040 466 1176 510 δοκέω
1204 467 1437 510 πείθεσθαί

111 656 208 694 Nam
255 661 295 693 ut
347 656 390 693 iis
448 655 647 702 assentiar,
705 653 766 703 qui

112 713 337 764 participium
367 710 666 763 ὕπερεπαινέων
697 723 764 761 pro

111 770 221 807 verbo
244 769 344 805 finito
363 769 452 819 poni
474 769 675 805 existiment
696 766 765 814 (ci-

112 830 165 862 tat
197 825 261 861 Cr.
290 824 421 874 Poppo
453 825 564 862 Obss.
599 824 690 860 critt.
727 823 764 858 in

113 881 231 919 Thuc.
262 895 301 933 p.
325 881 424 929 154)
451 882 509 917 vix
531 894 553 917 a
572 893 630 917 me
648 880 765 928 impe-

111 942 210 975 trare
244 950 408 987 possum.
458 937 597 974 Refert.
632 935 763 972 Matth.

113 992 150 1044 ἓ.
177 994 280 1040 631,
309 992 336 1034 4
376 1007 415 1043 p.
451 995 558 1033 1300
589 993 682 1028 hunc
712 991 764 1027 lo-

113 1063 194 1088 cum
234 1050 283 1086 ad
324 1062 385 1095 ea,
435 1062 527 1097 quae
563 1051 766 1084 monstrant

114 1106 304 1143 transitum
328 1105 596 1155 participiorum
620 1106 655 1140 in
686 1117 766 1140 rer-

115 1162 201 1199 bum
226 1162 365 1198 finitum
394 1166 430 1198 et
453 1162 529 1199 vice
549 1174 654 1198 versa
676 1174 767 1209 quo-

116 1231 198 1267 que.
240 1217 323 1254 Alia
352 1230 503 1266 prorsus
532 1218 671 1253 ratione
698 1230 766 1252 no-

114 1278 228 1310 strum
243 1272 360 1309 locum
378 1274 586 1321 interpungi
596 1273 670 1309 mlt
683 1286 767 1308 cen-

115 1342 177 1365 sor
207 1329 354 1376 quidam
396 1329 433 1364 in
473 1329 667 1378 Ephemer.
713 1328 766 1364 le-

114 1398 237 1423 nenSS.
269 1387 375 1424 1817
414 1397 469 1420 nr.
500 1385 578 1425 164
605 1398 642 1434 p.
671 1385 765 1424 370.

116 1442 269 1478 Comma
296 1440 370 1477 vult
399 1441 487 1490 poni
519 1446 604 1491 post
633 1454 767 1491 γυναι·

116 1495 184 1544 κὸς
205 1502 242 1535 et
266 1510 310 1534 ex
339 1497 568 1534 antecedenti
593 1495 768 1547 ’ὑπερετί-

115 1558 212 1593 θετο
233 1553 348 1604 repeti
377 1554 662 1590 communicandi
684 1553 768 1600 vim,

116 1611 195 1648 sine
214 1611 364 1647 notione
384 1611 596 1647 secundaria
617 1611 769 1646 interro-

117 1667 242 1715 g‘tndi.
297 1667 406 1709 Quod
446 1667 531 1703 mihi
576 1671 672 1704 certe
702 1666 770 1703 du-

118 1724 190 1760 rius
217 1736 298 1760 esse
318 1723 467 1760 xidetur.

174 1781 295 1829 χρῆν
329 1776 422 1831 γάρ
466 1774 680 1833 Κανδαύλῃ
712 1793 770 1830 γε-

120 1832 266 1874 νέσθαι
290 1838 442 1882 κακῶς]
484 1837 507 1872 i.
538 1850 568 1874 e.
611 1836 770 1886 ansatas

120 1894 208 1928 enim
250 1896 324 1928 erat
367 1891 579 1929 Cauclaulem
613 1893 772 1942 zff-szortu

119 1952 241 1985 natum
250 1949 346 1997 fierz.
375 1948 434 1985 De
455 1949 632 1996 dictione,
662 1961 771 1997 quam

119 2008 265 2056 praeter
294 2003 384 2040 alios
415 2005 572 2042 imitatus
602 2009 658 2042 est
695 2004 772 2041 Lu-

120 2061 245 2098 cianus
283 2073 404 2108 quom.
443 2063 549 2099 scrib.
582 2061 664 2097 hist.
707 2062 772 2107 18,

120 2117 166 2153 cf.
196 2116 338 2154 Herod.
378 2117 433 2164 ll,
470 2121 561 2159 161.
602 2116 675 2164 lv,
704 2119 772 2156 79.

118 2172 172 2219 V,
216 2175 295 2219 92,
340 2171 380 2213 4.
424 2174 498 2221 ΙΧ,
530 2177 622 2215 109.
663 2172 773 2208 Plura

120 2228 378 2276 VVyttenbach.
411 2232 459 2268 ad
484 2231 519 2267 h.
549 2231 572 2267 l.
598 2234 638 2268 et
659 2232 702 2267 C.
727 2228 772 2264 F.

121 2285 323 2323 Hermann.
372 2288 420 2323 ad
462 2286 615 2325 Luciani
654 2287 772 2323 locum

121 2355 160 2392 p-
201 2341 292 2383 125.
348 2340 472 2393 Atque
520 2344 626 2382 etiam
675 2342 773 2392 apud

122 2398 341 2436 Pausaniam
361 2399 446 2438 inde
473 2402 645 2450 frequens
673 2400 772 2436 inve-

125 2455 221 2492 nitur
241 2458 386 2507 χρῆναι
415 2458 461 2495 de
480 2457 685 2495 necessario
712 2468 773 2492 eo-

126 2523 203 2547 rum
237 2516 390 2560 eventu,
429 2527 522 2564 quae
553 2515 598 2551 ab
631 2511 773 2550 oraculo

126 2568 312 2618 praedicta
335 2582 401 2606 seu
429 2584 451 2607 a
477 2573 554 2608 fato
581 2570 774 2607 constituta

127 2623 201 2660 sint
229 2624 286 2662 vel
314 2625 360 2662 de
386 2627 561 2665 faciendis
587 2627 652 2674 iis,
682 2637 776 2674 quae

127 2679 311 2718 oraculum
340 2682 496 2721 iusserit.
537 2683 620 2720 Vid.
649 2682 776 2719 Siebe-

129 2736 172 2773 lis
198 2737 246 2773 ad
274 2737 316 2784 I,
347 2741 397 2779 19
428 2738 466 2790 ἓ.
489 2739 527 2780 5.
564 2739 618 2777 Ac
639 2738 777 2776 monuit

128 2793 334 2844 nuperrime
354 2795 471 2844 lager.
496 2796 674 2846 (Disputt.
697 2796 776 2833 He-

128 2851 263 2889 rodott.
286 2851 452 2902 Gotting.
475 2855 603 2902 1828)
625 2855 672 2891 de
700 2853 778 2891 He-

831 653 951 690 rodoti
968 654 1044 689 sato
1065 665 1096 689 s.
1113 664 1234 689 rerum
1253 650 1482 696 necessitate,

832 724 854 747 a
877 710 1023 746 numine
1045 709 1166 746 dixino
1184 708 1366 758 imposita,
1383 707 1484 756 quod

832 767 1043 816 exprimitur
1080 765 1199 802 verbis
1243 765 1305 803 δεῖ
1338 768 1374 801 et
1409 759 1482 814 χρή

831 823 1007 871 huiusque
1064 821 1288 858 substantivo
1338 816 1480 871 χοεών.

832 879 893 916 'lu
913 880 983 915 vid.
1008 891 1045 928 p.
1070 880 1122 918 37
1146 891 1225 926 seq.
1249 899 1304 905 —-
1323 877 1483 914 Verbum

830 936 1039 988 γίγνεσυαι
1076 947 1156 971 cum
1193 934 1373 970 adverbiis
1407 933 1486 968 iun-

831 996 925 1029 ctum
947 992 1164 1041 optimorum
1175 990 1389 1039 scriptorum
1401 1001 1487 1038 pro-

831 1049 938 1085 batur
966 1062 1058 1093 USU3
1097 1060 1165 1083 nec
1202 1045 1352 1082 multum
1382 1046 1486 1081 abest

832 1104 1064 1142 Latinorum:
1127 1102 1239 1149 male,
1292 1102 1370 1138 bene
1416 1115 1485 1138 esse

834 1166 902 1198 etc.
944 1161 1050 1203 Quae
1083 1159 1149 1196 Cr.
1187 1159 1291 1195 citat:
1331 1157 1410 1194 Ast.
1437 1158 1485 1194 ad

834 1216 997 1254 Platonis
1038 1216 1132 1253 Rem
1171 1214 1270 1265 publ.
1316 1228 1352 1264 p.
1389 1215 1485 1254 371.

835 1273 1036 1321 Goettliug.
1069 1273 1117 1308 ad
1147 1271 1295 1308 Aristot.
1326 1270 1432 1306 Polit.
1461 1270 1487 1317 l,

834 1331 860 1369 3
890 1343 926 1378 p.
956 1331 1048 1369 293.
1093 1328 1281 1375 Musgrav,
1315 1328 1363 1363 ad
1380 1327 1487 1362 Euri-

834 1386 912 1434 pid.
945 1385 1069 1420 Orest.
1107 1397 1162 1421 vs,
1208 1383 1262 1423 74
1310 1383 1352 1417 iis
1393 1396 1488 1419 nunc

834 1441 930 1477 adde
978 1439 1189 1476 Stillbaum.
1242 1439 1289 1475 ad
1343 1437 1486 1475 Platon.

834 1496 1038 1546 Ειιῒῖιῃὼι.
1058 1510 1096 1546 p.
1119 1499 1182 1536 10.
1205 1498 1268 1535 11.

892 1551 950 1591 ἕελ
937 1567 996 1604 cys
1025 1550 1121 1603 πρὸς
1148 1549 1217 1590 τόν
1249 1545 1397 1601 Γυγην]
1428 1551 1488 1587 In-

837 1610 892 1646 fra
928 1609 969 1656 Ι,
1012 1612 1076 1650 10.
1123 1612 1172 1650 11
1217 1604 1317 1659 Ιυγε
1323 1623 1366 1654 α,
1408 1621 1489 1644 cuin

837 1666 944 1703 lones
976 1666 1087 1702 multa
1119 1665 1257 1716 primae
1280 1664 1489 1701 declinatio—

838 1723 894 1759 nis
924 1723 1071 1759 nomina
1109 1723 1306 1759 secundum
1346 1721 1489 1758 tertiam

837 1781 997 1816 flectant.
1047 1779 1158 1815 Cuius
1208 1777 1353 1826 generis
1393 1777 1491 1813 haud

837 1848 955 1885 pauca
1010 1848 1053 1872 ex
1099 1836 1291 1872 Herodoto
1347 1833 1493 1881 collegit

838 1892 970 1928 Matth.
1001 1890 1039 1942 ξ.
1066 1894 1118 1931 91
1149 1905 1187 1940 p.
1217 1891 1308 1931 195.
1338 1889 1492 1925 Potissi-

837 1960 934 1984 mum
957 1948 1050 1983 hoc
1042 1960 1079 1982 in
1099 1947 1266 1994 genitixis
1289 1952 1324 1982 et
1345 1957 1491 1982 accusa-

838 2003 919 2039 tisis
943 2002 1092 2041 obtinet.
1358 2003 1372 2029 *f

897 2053 1031 2109 Γύγη,
1068 2054 1117 2097 οὔ
1158 2053 1234 2110 γάρ
1273 2068 1314 2096 σε
1362 2054 1488 2096 δοκέω

839 2129 874 2152 κ.
897 2129 930 2153 τ
954 2113 1003 2164 λ.]
1035 2115 1138 2152 Haec
1164 2120 1201 2152 et
1224 2115 1414 2163 sequentia
1443 2113 1489 2149 ob

839 2171 1051 2208 elocutionis
1069 2173 1291 2218 suavitatem,
1318 2184 1389 2220 qua
1410 2170 1491 2219 ipsa

838 2240 895 2264 res
926 2228 1037 2264 fando
1076 2228 1262 2265 iucundius
1296 2228 1359 2264 fiat
1395 2226 1490 2262 auri-

840 2285 927 2331 bus,
966 2297 1073 2332 quam
1103 2286 1135 2321 si
1165 2284 1278 2322 oculis
1303 2284 1340 2320 id
1376 2283 1490 2319 subii-

841 2341 974 2387 ciatur,
1004 2340 1127 2378 laudat
1150 2340 1349 2389 Dionysius
1372 2338 1489 2376 Halic.

841 2398 888 2434 de
928 2410 1089 2447 compos
1136 2399 1260 2435 verbb.
1300 2400 1389 2433 sect.
1437 2395 1489 2432 Ill

842 2452 866 2504 ἓ
909 2454 960 2494 24
991 2467 1074 2502 sqq.
1104 2452 1222 2492 Attica
1251 2453 1404 2490 dialecto
1428 2464 1488 2489 ex-

841 2523 982 2561 pressa.
1023 2511 1081 2547 Ad
1099 2524 1206 2559 quem
1230 2510 1345 2547 locum
1366 2509 1492 2545 videa-

842 2572 899 2603 tur
924 2568 1071 2617 copiosa
1091 2567 1276 2616 Sylburgii
1299 2570 1334 2604 et
1355 2566 1490 2602 Schae-

842 2624 908 2660 seri
940 2623 1146 2672 annotatio,
1176 2625 1222 2662 de
1250 2622 1424 2671 singulis,
1453 2621 1490 2657 in

844 2681 973 2730 quibus
1010 2681 1191 2731 discrepat
1225 2686 1378 2729 uterque
1407 2678 1493 2716 scri-

845 2742 940 2788 ptor,
952 2738 1171 2775 monentium
1195 2751 1231 2788 p.
1250 2739 1304 2778 39
1326 2749 1409 2785 sqq.
1432 2736 1492 2773 ed.

846 2794 990 2833 Schaef.
1022 2794 1080 2831 De
1104 2796 1285 2833 sententia
1316 2793 1346 2831 C
1356 2806 1382 2829 r.
1408 2805 1492 2829 con-

847 2852 930 2891 fern'
961 2852 1059 2890 iubet
1090 2852 1304 2890 Suetonium
1329 2850 1376 2888 de
1396 2849 1492 2887 Cali-
