1909 3228
636 212 1154 252 EUTERPE.II.
1371 214 1454 254 885

203 341 246 368 τε
281 327 344 381 εἴη
373 324 482 381 πρὸς
512 322 699 378 άνὲμους
724 322 898 373 άντίους
917 321 1080 374 πλέειν,
1111 321 1162 364 τὰ
1182 322 1342 376 φορτία
1366 322 1453 365 ἔδεε

202 403 422 458 περιάγειν
451 404 496 446 ἐν
527 401 673 457 βάρισι
702 403 798 455 περὶ
826 402 874 445 τὸ
904 402 1065 453 Δέλτα,
1115 403 1235 455 μέχρι
1266 395 1320 444 οὗ
1354 398 1451 443 ἆπί-
1464 408 1508 441 55

201 499 320 525 κοιτο
352 483 394 533 ἐς
423 480 691 536 Ναύκρατιν.
745 482 860 523 οὕτω
890 481 967 535 μὲν
998 480 1049 536 δὴ
1081 480 1336 535 Ναύκρατις
1365 480 1451 522 ἐτε-

83 563 177 608 18⁰
201 562 361 616 τίμητο.
388 559 716 616 Ἀμφικτυόνων
746 560 792 603 δὲ
822 559 1137 615 μισθωσάντων
1167 559 1244 602 τὸν
1271 559 1317 602 ἐν
1337 563 1448 602 Δελ-
1508 557 1680 593 ⁰0¹⁹¹¹³⁰¹¹m
1707 561 1780 586 “³¹¹¹-

1506 592 1586 626 plum
1633 593 1780 626 deflagra-

1504 630 1565 652 tum
1576 633 1602 652 a.
1615 626 1680 652 5⁴8:
1697 628 1781 652 Ama-

200 645 322 695 φοῖσι
361 643 445 682 νῦν
483 638 607 682 ἐόντα
640 638 746 693 νηὸν
774 640 1032 693 τριηκοσίων
1071 637 1293 681 ταλάντων
1332 639 1447 693 ἐξερ-
1504 658 1780 694 sidisin1)clphos

1504 692 1680 720 liberalitas.

197 717 436 774 γάσασθαι·
469 717 509 772 (ὁ
539 717 622 773 γάρ
652 717 864 772 πρότερον
895 718 975 760 ἐών
1008 715 1165 761 αὐτόθι
1196 715 1448 772 αὐτομάτως

196 798 400 853 κατεκάη·
439 796 541 846 τούς
571 795 774 850 Δελφούς
804 797 849 839 δὲ
889 796 1090 851 ἐπέβαλλε
1119 794 1449 851 τεταρτημόριον
1461 801 1504 835 60

194 880 275 919 τοῦ
303 875 584 931 μισθώματος
613 874 884 930 παρασχεῖν)
914 875 1190 930 πλανώμενοι
1212 875 1258 917 δὲ
1277 877 1319 917 οἷ
1339 880 1447 918 Δελ-

194 956 272 1010 φοὶ
303 956 397 1010 περὶ
428 955 501 1006 τὰς
532 954 682 1006 πόλις,
712 954 990 1006 ἐδωτίναζον·
1021 956 1241 1004 ποιεῦντες
1269 954 1313 996 δὲ
1342 957 1446 996 τοῦ·

165 1041 268 1087 Ξτο,
301 1032 380 1078 οὐκ
410 1033 630 1089 ἐλάχιστον
664 1033 705 1085 ἐξ
738 1031 966 1088 Αἰγύπτου
996 1033 1225 1076 ἐνείκαντο.
1264 1031 1446 1088 ’Ἄμασις

1433 1112 1446 1125 „

193 1113 271 1168 μὲν
299 1112 380 1168 γάρ
414 1125 492 1169 σφι
523 1114 653 1156 ἔδωκε
691 1114 804 1168 χίλια
843 1113 1104 1168 στυπτηρίης
1144 1110 1351 1154 τάλαντα·
1403 1127 1445 1154 οι

194 1192 238 1235 ὁὲ
267 1191 313 1234 ἐν
344 1191 547 1249 Αἰγύπτῳ
579 1192 791 1243 οἰκέοντες
808 1191 1030 1248 Ἕλληνες,
1065 1193 1199 1235 εἴκοσι
1227 1189 1370 1246 μνέας.

304 1429 416 1477 Cap.
447 1426 634 1464 CLXXX.

189 1507 490 1563 ἐξεργάσασθαι]
513 1511 567 1548 Ita
587 1524 665 1548 cum
677 1511 784 1548 Gais-

132 1569 250 1606 fordio
281 1568 549 1604 rescribendum
578 1569 780 1605 censuimus

131 1638 198 1675 pro
244 1624 389 1673 vulgato
425 1620 671 1675 ἐξεργάσθαι.
738 1624 779 1661 In

131 1682 212 1731 ipso
232 1681 341 1718 verbo
365 1692 444 1716 eam
468 1681 539 1717 vim
560 1681 679 1718 inesse
699 1693 778 1717 cre-

131 1737 306 1783 diderim,
346 1748 455 1784 quam
491 1737 529 1772 in
567 1735 778 1782 ἐξοικοδο-

132 1796 219 1844 μεῖν
257 1797 292 1829 et
331 1791 522 1830 ἐκποιεῖν
559 1793 777 1829 advertimus

130 1861 240 1898 supra
258 1848 304 1894 ΙΙ,
321 1848 411 1888 175.
435 1850 778 1898 176.-μισθοῦν

131 1905 187 1942 hic
205 1904 301 1941 valet
320 1904 455 1950 locare,
475 1904 605 1941 elocare
631 1905 778 1952 (aedem

131 1961 416 2007 exstruendam).

188 2015 208 2056 ὁ
230 2013 304 2068 γάρ
321 2012 513 2069 πρότερον
529 2037 575 2042 -—
590 2011 774 2064 κατεκάη]

130 2073 186 2111 De
218 2074 334 2110 forma
370 2067 539 2119 κατεκάη
571 2074 696 2109 confer
727 2072 775 2108 sis

128 2129 263 2166 Matth.
283 2129 348 2165 Gr.
371 2130 436 2165 Gr.
465 2142 501 2178 p.
523 2128 625 2173 4673
654 2129 700 2165 de
719 2141 776 2164 ar-

129 2189 303 2235 gumento
335 2186 428 2222 conf.
460 2185 601 2221 Herod.
640 2185 675 2230 I,
709 2184 776 2230 50,

129 2242 189 2279 ubi
212 2240 334 2290 templi
360 2241 508 2279 cremati
538 2241 609 2276 iam
640 2241 775 2277 mentio

129 2302 206 2335 erat
224 2299 341 2343 facta;
371 2299 417 2335 de
438 2310 509 2346 quo
527 2297 572 2333 ab
588 2296 775 2334 Alcmaeo-

128 2354 223 2390 nidis
266 2354 464 2390 instaurato
512 2352 776 2401 lVesselingius

129 2409 265 2446 consuli
288 2409 361 2445 vult
391 2409 479 2447 Her.
500 2408 552 2456 V,
575 2412 639 2450 62.
680 2408 776 2445 Pau-

129 2478 204 2502 san.
233 2464 289 2510 X,
321 2465 345 2506 5
380 2470 415 2503 et
447 2465 555 2502 Dion.
585 2464 708 2501 Petav.
739 2466 775 2501 in

128 2521 305 2558 Themist.
325 2534 376 2557 or.
396 2521 446 2557 lv
468 2534 504 2570 p.
525 2522 618 2560 391.
658 2520 708 2556 Et
730 2521 774 2557 cf.

129 2582 220 2613 nott.
238 2577 286 2612 ad
306 2576 343 2622 I,
365 2577 429 2617 50.
448 2596 503 2603 -—
527 2576 567 2612 In
589 2589 691 2624 seqq.
705 2589 773 2625 pro

128 2632 223 2681 vulg.
262 2630 446 2682 ἐπέβαλε
479 2632 655 2669 edidimus
694 2645 773 2668 eum

130 2689 246 2725 Gaisf.
269 2686 362 2737 ἐπέβ
376 2690 498 2725 αλλε.
554 2687 676 2736 Ipsum
694 2700 774 2724 ver-

130 2746 214 2780 bum
242 2744 276 2780 h.
310 2743 332 2780 l.
368 2743 655 2793 impersonaliter
695 2744 773 2781 fere

128 2800 295 2850 usurpari
332 2799 472 2836 videtur
507 2800 553 2836 de
587 2811 645 2846 εο,
684 2799 774 2848 quod

131 2858 306 2904 convenit,
337 2855 426 2906 quod
444 2857 638 2893 iniunctum
658 2859 719 2902 est,
743 2869 770 2893 s.

856 1400 946 1449 quod
968 1399 1152 1445 incumbit,
1182 1401 1356 1447 sequente
1383 1396 1501 1433 infini-

855 1457 927 1492 tivo
950 1460 985 1493 et
1012 1455 1235 1501 accusativo,
1265 1454 1501 1502 quemadmo-

853 1512 939 1547 dum
970 1516 1052 1561 post
1088 1510 1322 1560 συμβαίνει,
1362 1509 1432 1545 alia
1463 1509 1501 1545 id

851 1580 988 1615 genus,
1019 1566 1345 1603 animadvertimus.
1378 1565 1501 1608 Quare

846 1623 955 1660 nolim
992 1624 1147 1660 scribere
1182 1625 1265 1668 τοῖς
1313 1623 1501 1669 Δελφοῖς,

846 1681 898 1716 uti
921 1679 1121 1727 Schweigh.
1148 1679 1185 1715 in
1213 1678 1280 1715 lex.
1308 1677 1446 1715 Herod.
1471 1690 1499 1713 s.

845 1749 877 1771 v.
900 1749 936 1784 p.
956 1736 1037 1776 249
1061 1735 1261 1783 suspicatus
1282 1738 1349 1780 est,
1372 1746 1501 1781 quam-

848 1804 969 1840 quam,
1000 1791 1059 1826 ubi
1080 1791 1198 1827 activo
1220 1802 1325 1826 sensu
1346 1802 1499 1839 usurpa-

848 1852 906 1884 tur
932 1847 1102 1893 verbum,
1133 1846 1292 1882 dativum
1319 1858 1499 1894 personae

847 1904 974 1951 utique
1000 1903 1211 1938 adiunctum
1238 1901 1373 1947 habet,
1403 1905 1442 1937 ut
1468 1901 1497 1948 I,

850 1961 939 2000 106.
971 1958 1063 2005 Vll,
1085 1960 1148 1999 23.
1179 1957 1232 1994 Ac
1246 1957 1406 2007 pertinet
1427 1957 1497 1994 hue

847 2027 993 2064 quoque
1022 2011 1064 2052 ro*
1089 2009 1300 2063 ἐπιβάλλον
1330 2014 1408 2060 (se.
1433 2011 1496 2063 μὲ-

845 2072 932 2122 ρος)
958 2073 1092 2120 μονΐίο,
1123 2083 1210 2119 quae
1227 2069 1341 2106 alicui
1356 2070 1495 2118 obtigit,

840 2129 952 2177 portio
966 2128 1165 2163 conveniens
1189 2126 1255 2170 IV,
1277 2125 1368 2166 115·

898 2181 1125 2232 ἐνείκαντο]
1158 2182 1213 2219 Ita
1239 2194 1317 2220 cum
1342 2185 1494 2218 recentt.

842 2240 1010 2289 rescripsi
1038 2252 1105 2289 pro
1135 2238 1230 2287 vulg.
1265 2233 1494 2288 ἠνείκαντο.

898 2296 1000 2346 χίλια
1038 2294 1276 2345 στυπτηρίης
1306 2289 1491 2342 τάλαντα]

844 2351 996 2390 Videtur
1014 2351 1230 2389 intellexisse
1242 2351 1363 2386 Attica
1378 2349 1494 2386 talen-

844 2412 885 2445 ta
933 2421 1049 2457 eaque
1095 2406 1256 2456 vulgaria
1278 2435 1288 2452 ,
1339 2418 1493 2454 quorum

842 2464 1125 2513 unumquodque
1166 2463 1354 2510 sexaginta
1387 2461 1494 2498 minis

842 2524 996 2557 constat.
1028 2520 1109 2556 vid.
1124 2518 1263 2555 Wurm.
1283 2518 1330 2554 de
1353 2517 1493 2565 pondd.

840 2580 924 2612 ratt.
951 2574 986 2626 ᾗ.
1006 2577 1059 2616 28
1088 2587 1172 2625 pag.
1196 2573 1260 2614 47.
1317 2572 1496 2609 Alumz‘nz's

841 2644 987 2680 quoque
1007 2631 1168 2668 meminit
1188 2629 1342 2667 Diodor.
1364 2629 1407 2675 V,
1425 2632 1488 2676 10,

841 2688 904 2723 ubi
922 2686 968 2723 W
971 2687 1181 2735 esselingius
1213 2685 1281 2722 alia
1302 2685 1421 2721 attulit
1441 2685 1488 2722 de

841 2742 928 2779 locis
956 2755 997 2780 ac
1021 2742 1249 2791 regionibus,
1279 2741 1375 2777 unde
1403 2753 1488 2790 pro-

841 2800 963 2835 veniat
987 2798 1149 2845 alumen,
1185 2799 1224 2834 in
1247 2810 1287 2834 re
1306 2797 1443 2834 medica
1466 2810 1488 2833 a

840 2856 1020 2893 veteribus
1050 2855 1259 2892 adhibitum.
1297 2852 1394 2891 Nam
1411 2853 1488 2889 lau-
