1909 3228
451 201 536 241 288

852 195 1319 235 HERODOTI

449 307 670 364 Ἀστυάγεϊ
704 305 986 362 παρετιθέατο
1037 303 1240 359 τράπεζαι
1287 305 1478 350 ἕπιπλὲαι
1521 308 1737 364 μηλείωνδ

453 391 612 443 κρεῶν·
637 383 835 443 Ἁρπάγῳ
866 384 935 436 δὲ,
965 387 1044 427 τοῦ
1077 383 1233 434 παιδός
1260 389 1340 427 τοῦ
1370 385 1559 437 ἑωυτοῦ,
1598 386 1711 442 πλὴν

454 470 645 523 κεφαλῆς
673 480 717 507 τε
755 464 829 507 καὶ
868 463 1017 518 ἄκρων
1051 467 1207 518 χειρῶν
1246 479 1289 506 τε
1329 464 1402 506 καὶ
1437 467 1608 516 ποδῶν,
1657 465 1709 508 τιὶ

457 547 563 590 ἄλλα
591 542 731 587 πάντα
744 557 752 566 ·

797 546 935 586 ταῦτα
965 543 1011 586 δὲ
1041 543 1170 598 χωρὶς
1208 541 1343 584 ἔκειτο
1375 541 1444 584 ἐπὶ
1474 544 1612 602 κανέῳ
1642 561 1713 587 κα-

427 622 822 678 5τακεκαλυμμένα.
855 620 913 673 ὥς
942 622 988 665 δὲ
1019 625 1080 680 τῷ
1105 619 1303 677 Ἁρπάγῳ
1325 619 1466 664 ἐδόκεε
1495 620 1587 672 ἅλις
1607 622 1716 677 ἔχειν

454 707 531 760 τῆς
560 704 717 759 βορῆς,
765 699 999 757 Ἁστυάγης
1029 698 1166 756 εἴρετό
1195 717 1292 756 μιν,
1341 702 1377 743 εἰ
1406 699 1562 756 ἡσθείη
1590 717 1633 743 τι
1661 704 1713 757 τῇ
1730 709 1773 741 10

455 784 588 840 θοίνῃ
601 798 610 808 ·

454 861 726 918 παρέφερον,
784 864 896 903 τοῖσι
934 859 1213 914 προσέκειτο,

666 781 863 838 φαμένου
897 780 943 824 δὲ
975 778 1192 836 Ἁρπάγου
1231 780 1304 823 καὶ
1346 778 1483 835 κάρτα
1512 777 1717 836 ἡσθῆναι,

1276 858 1355 914 τὴν
1394 859 1592 915 κεφαλὴν
1635 862 1718 903 τοῦ

457 940 613 992 παιδὸς
641 939 1082 995 κατακεκαλυμμένην
1100 971 1111 990 ,
1139 938 1212 981 καὶ
1238 937 1315 989 τας
1343 942 1487 994 χεῖρας
1515 939 1590 982 καὶ
1617 936 1720 989 τούς

458 1019 618 1071 πόδας·

658 1018 883 1075 Ἅρπαγον
913 1017 958 1061 δὲ
987 1017 1187 1061 ἐκέλευον
1215 1016 1478 1071 προστάντες
1503 1016 1720 1063 ἀποκαλύ-

434 1108 588 1145 6πτειν
616 1115 660 1143 τε
688 1099 762 1143 καὶ
788 1101 937 1154 λαβεῖν
964 1096 1013 1140 τὸ
1043 1096 1246 1153 βούλεται
1276 1095 1430 1140 αὐτῶν.
1460 1095 1722 1153 πειθόμενος
1734 1103 1777 1138 15

461 1181 507 1225 δὲ
540 1177 563 1224 ὁ
591 1178 831 1235 Ἅρπαγος,
862 1177 934 1221 καὶ
966 1175 1311 1229 ἀποκαλύπτων,
1342 1174 1427 1234 ὁρᾷ
1455 1181 1535 1220 τοῦ
1565 1175 1723 1227 παιδὸς

459 1258 514 1304 τὰ
530 1260 757 1315 λείμματα·
790 1256 899 1302 ἰδών
921 1256 991 1309 δὲ,
1022 1256 1122 1300 οὔτε
1143 1254 1366 1311 ἐξεπλάγη,
1395 1254 1517 1307 ἐντός
1545 1271 1588 1298 τε
1618 1254 1726 1299 ἑωυ-

461 1342 541 1383 τοῦ
578 1339 752 1394 γίνεται.

435 1417 635 1461 Ἰνώσκοι
671 1416 771 1462 ὅτευ
812 1417 974 1471 θηρίου
1013 1414 1119 1469 κρέα
1147 1411 1373 1470 βεβρώκοι.

810 1339 947 1393 εἴρετο
977 1336 1022 1380 δὲ
1062 1333 1198 1379 αὐτόν
1236 1333 1259 1378 ὁ
1296 1333 1550 1392 Ἀστυάγης,
1599 1336 1636 1378 εἰ
1662 1350 1724 1390 γι-

1432 1414 1455 1457 ὁ
1487 1414 1532 1458 δὲ
1562 1414 1634 1456 καὶ
1661 1430 1723 1469 γι-

463 1494 648 1539 νώσκειν
676 1494 782 1551 ἔφη,
830 1495 903 1537 καὶ
945 1490 1129 1549 ἀρεστὸν
1167 1490 1278 1535 εἶναι
1321 1496 1409 1535 πεῖν
1440 1492 1488 1536 τὸ
1519 1491 1574 1534 ἂν
1603 1495 1725 1548 βασι-

464 1575 563 1626 λεύς
601 1574 718 1631 ἔρδῃ.

805 1572 1001 1616 τούτοισι
1047 1573 1094 1615 δὲ
1139 1570 1450 1628 ἀμειψάμενος,
1500 1572 1574 1615 καὶ
1621 1569 1782 1614 ἀνα-20

466 1653 616 1710 λαβών
643 1651 696 1696 τα
724 1652 855 1698 λοιπιὶ
885 1655 973 1696 τῶν
1009 1653 1176 1707 κρεῶν,
1222 1650 1289 1707 ἤϊε
1318 1650 1360 1702 ἐς
1397 1650 1450 1694 τὰ
1482 1651 1609 1694 οἰκία.
1659 1649 1724 1694 ἐν-

466 1834 815 1889 παρετιθέατο
874 1830 1065 1888 τράπεζαι

413 1893 614 1945 ἐπιπλέαι]
645 1895 704 1932 De
732 1894 861 1932 tertiae
887 1904 1066 1943 personae

412 1951 561 2003 pluralis
607 1952 723 1988 forma
771 1951 809 1986 in
854 1949 1065 1999 imperfecto

411 2004 672 2060 παρετιθέατο
703 2007 748 2044 cf.
768 2005 898 2043 Matth.
921 2003 958 2055 g.
970 2005 1065 2051 204,

413 2069 462 2112 7,
490 2065 514 2101 b
543 2077 629 2114 pag.
662 2066 744 2105 378
788 2061 866 2099 coll.
909 2059 946 2112 ᾗ.
983 2059 1066 2102 214

414 2135 450 2172 p.
471 2120 566 2162 409.
615 2119 675 2157 Ad
691 2132 794 2169 seqq.
825 2119 919 2156 conf.
944 2116 1068 2154 'lheo-

414 2177 500 2228 phil.
521 2177 569 2214 ad
594 2175 748 2213 Autolic.
767 2176 819 2213 Ill
843 2188 880 2226 p.
903 2175 986 2215 282
1008 2172 1066 2210 ed.

414 2233 528 2272 Wolf.

471 2287 722 2341 παρέφερον,
748 2291 850 2328 τοῖσι
867 2284 1068 2340 προσέκει-

415 2349 484 2392 το]
516 2346 663 2384 Laudat
682 2346 771 2383 haec
792 2342 1066 2391 ThomasMag.

417 2417 454 2455 p-
478 2402 583 2450 752,
617 2414 689 2451 quo
715 2398 950 2452 πρόσκειμαι
971 2400 1068 2436 idem

417 2472 500 2498 esse
541 2462 797 2496 commonstret
830 2461 939 2506 atque
974 2450 1069 2493 οἷνα-

417 2529 561 2566 κειμαι.
609 2514 678 2551 Est
699 2515 794 2552 enim
813 2517 915 2553 τοῖσι
934 2509 1070 2563 προσέ-

418 2585 548 2611 κειτοε
590 2571 715 2621 quibus
741 2571 802 2607 lwc
831 2582 976 2614 munus,
1007 2568 1069 2603 hoc

421 2629 579 2678 officium
620 2630 718 2674 erat,
769 2639 799 2664 ε.
843 2625 966 2675 quibus
1007 2623 1069 2660 hoc

422 2684 626 2720 vnnnclatum
653 2687 738 2720 erat.
805 2682 886 2720 Nec
920 2678 1069 2717 multum

423 2740 566 2787 diflert,
602 2741 702 2788 qnod
725 2740 835 2776 modo
860 2738 904 2775 le«
895 2738 1012 2786 gimus
1039 2736 1069 2782 Ι,

425 2798 522 2836 118:
568 2799 669 2833 τοῖσι
698 2798 808 2834 θεῶν
846 2809 936 2844 τιμη
970 2787 1070 2841 αὕτη

424 2849 653 2903 προσκέεται
687 2851 709 2887 i.
737 2864 768 2888 e.
797 2850 957 2900 „quibus
976 2848 1071 2885 hicce

1134 1835 1237 1872 honor
1257 1838 1433 1884 convenit,
1463 1849 1493 1874 s.
1521 1835 1569 1874 ad
1589 1848 1671 1886 quos
1690 1835 1785 1873 hicce

1135 1892 1240 1928 honor
1264 1893 1454 1943 ]›ertc'11et.“

1190 1947 1368 1989 ἐκέλευον
1393 1964 1421 1988 π
1435 1963 1486 2000 ρο
1499 1943 1679 1999 στάντες]
1698 1947 1787 1985 Noli

1134 2006 1290 2043 scribere
1321 2001 1628 2055 προςστοῖντες,
1665 2005 1787 2055 prouti

1134 2062 1220 2099 fecit
1238 2062 1439 2111 Schweigh.
1488 2061 1524 2100 T
1528 2076 1549 2098 u
1566 2062 1648 2099 vide
1679 2061 1726 2098 ad
1756 2060 1786 2107 I,

1136 2120 1200 2159 86.
1226 2138 1282 2144 ——
1314 2119 1354 2154 In
1382 2130 1484 2166 seqq.
1510 2131 1577 2168 pro
1596 2116 1692 2164 vulg.
1715 2111 1784 2154 αὖ·

1134 2173 1260 2211 τέων
1303 2187 1382 2210 cum
1418 2174 1535 2210 Gaiss.
1577 2172 1785 2222 scripsimus

1136 2225 1209 2268 αὐτ
1221 2231 1251 2266 ὦ
1261 2243 1282 2267 ν
1295 2258 1304 2276 ,
1333 2229 1431 2265 libris
1449 2229 1664 2266 iubentibus

1190 2283 1256 2323 καὶ
1277 2282 1443 2337 α’ρεστόν
1471 2281 1572 2324 εἶναι
1594 2287 1676 2323 πᾶν
1696 2300 1730 2324 κ.
1751 2299 1785 2324 τ.

1136 2340 1184 2391 λ.]
1222 2341 1264 2377 ln
1295 2355 1366 2391 qua
1401 2343 1643 2392 responsione
1669 2342 1788 2380 orien-

1135 2398 1258 2434 talium
1294 2397 1453 2436 indolem
1484 2399 1657 2448 regisque
1688 2411 1788 2436 sum-

1135 2467 1231 2491 mum
1269 2455 1403 2492 cultum
1457 2455 1625 2504 adeoque
1678 2467 1788 2492 vene-

1136 2510 1312 2548 rationem
1339 2511 1602 2560 cognoscimus.
1650 2510 1788 2549 Retulit

1136 2566 1226 2604 haec
1245 2580 1391 2616 quoqne
1422 2568 1563 2605 Seneca
1589 2568 1636 2605 de
1653 2567 1706 2604 ira
1724 2566 1788 2614 ΙΙΙ,

1139 2623 1191 2664 15
1210 2636 1252 2660 ac
1269 2624 1420 2661 similem
1439 2624 1624 2674 quandam
1635 2636 1790 2674 respon-

1138 2683 1304 2727 sionem,
1349 2693 1458 2729 qnam
1491 2680 1619 2729 Edgar
1648 2679 1787 2729 Anglo-

1138 2749 1215 2772 rum
1236 2749 1297 2774 rex
1319 2749 1341 2773 a
1367 2736 1439 2774 filio
1462 2736 1567 2773 unius
1591 2737 1637 2774 de
1654 2735 1787 2786 princi-

1138 2805 1223 2842 pum
1253 2793 1297 2829 ab
1331 2793 1411 2842 ipso
1438 2793 1616 2831 interfecti
1637 2791 1787 2842 accepit,

1139 2853 1283 2885 enarrat
1304 2847 1520 2886 Larcherus.

1781 478 1835 518 60
