1909 3228
564 207 977 246 EUTERPE.
1035 207 1082 245 II.

189 318 288 360 ἴδον
317 318 531 367 πλουσίως
559 315 956 371 κατεσκευασμένον
987 313 1153 358 ἄλλοισί
1173 329 1216 356 τε
1236 317 1435 357 πολλοῖσι

189 393 462 452 ἀναθήμασι,
501 397 573 440 καὶ
602 396 648 439 ἐν
678 394 794 454 αὐτῷ
822 390 934 450 ἦσαν
963 398 1111 449 στῆλαι
1143 391 1246 442 δύο,
1284 392 1311 449 ἡ
1341 393 1432 448 μὲν,

188 480 352 530 χρυσοῦ
389 475 620 532 ἀπέφθου·

188 570 343 606 πουτες
370 555 445 606 τοὶς
473 556 631 606 νύκτας
668 553 870 609 μέγαθος

674 474 701 530 ἦ
740 474 805 525 δε,
855 473 1105 529 σμαράγδου
1135 476 1286 524 λίθου,
1323 471 1432 527 λάμ-

1353 206 1439 247 585

189 639 302 676 τοῖσι
341 635 483 688 ἱρεῦσι
527 638 608 677 τοῦ
644 635 755 677 θεοῦ
792 629 969 686 εἰρόμην
1010 630 1164 681 ὁκόσος
1192 631 1348 686 χρόνος
1378 632 1496 686 εἴηῖο

160 712 234 754 25*-

215 745 234 763 ς
267 707 321 755 οὗ
346 725 423 768 σφι
452 713 500 756 τό
533 712 627 767 ἱρὸν
665 714 847 765 ἵδρυται.
896 705 1023 764 εὗρον
1056 710 1100 753 δὲ
1131 708 1231 752 οὐδὲ
1262 707 1442 760 τούτους

190 795 302 833 τοῖσι
320 789 496 847 ΓΈλλησι
527 791 893 848 συμφερομένους.
923 790 1090 843 ἔφασαν
1117 787 1199 844 γὰρ
1231 787 1319 843 ἅμα
1356 788 1441 831 Τύ-

193 886 255 928 ρῳ
295 870 538 926 οἰκιζομένῃ
575 871 648 914 καὶ
685 871 733 915 τό
776 869 873 927 ἱρὸν
911 872 990 913 τοῦ
1030 871 1139 912 Γθεοῦ
1179 869 1438 923 ἱδρυθῆναι·

133 1053 190 1091 vel
235 1054 392 1090 validum
429 1066 540 1102 regem
582 1056 787 1104 significare

136 1111 358 1147 contendunt
376 1110 440 1147 viri
467 1112 574 1148 docti.
607 1113 786 1149 Convenit

135 1165 192 1203 ille
221 1180 301 1203 cum
329 1167 592 1216 Aegyptiorum
618 1168 786 1215 Hercule,

136 1235 245 1270 quum
270 1228 307 1260 et
326 1223 404 1274 ipse
431 1223 515 1260 solis
537 1225 717 1272 quaedam
742 1225 788 1260 sit

137 1279 334 1315 incarnatio
361 1281 520 1328 itemque
556 1280 689 1317 indicet
716 1281 786 1317 vim

138 1335 223 1371 solis
245 1336 366 1382 verni,
397 1337 469 1384 qua
498 1337 635 1373 semina
660 1337 788 1374 educat

137 1395 174 1427 et
191 1404 428 1440 quaecunque
447 1392 482 1427 in
494 1405 612 1428 rerum
624 1396 707 1428 sunt
722 1404 788 1427 na-

135 1452 228 1493 tura,
255 1450 294 1482 ut
309 1451 470 1484 crescant
486 1451 524 1483 et
544 1452 790 1484 maturescant

137 1503 279 1540 efficiat.
310 1503 419 1539 Plura
440 1503 611 1541 Creuzer.
626 1503 787 1553 Symbol.

137 1558 172 1595 ΙΙ
189 1572 224 1609 p.
246 1561 325 1599 211
344 1572 446 1608 seqq.

197 1613 226 1665 ἦ
238 1611 321 1664 μὲν,
345 1617 491 1666 χρυσοῦ
517 1610 730 1664 ἀπέφθου·
760 1612 789 1665 ἦ

142 1668 197 1718 δὲ,
221 1668 446 1723 σμαράγδου
471 1670 613 1722 λίθου]
646 1668 789 1722 χρυσός

142 1724 328 1773 ἅτεφθος
349 1728 462 1776 qualis
485 1729 542 1774 sit,
571 1729 722 1764 vidimus
743 1728 790 1764 ad

140 1783 170 1829 Ι,
200 1784 264 1824 50.
312 1783 385 1820 Pro
411 1780 638 1835 σιιαραγδου
670 1784 790 1846 plures

142 1838 222 1875 libri
249 1834 471 1890 μαρᾶγδους
518 1853 590 1888 qua
625 1841 672 1876 de
706 1840 793 1876 scri-

143 1900 248 1944 ptura
267 1900 411 1944 praeter
424 1895 544 1932 Wass.
563 1896 610 1932 ad
624 1895 790 1942 Thucyd.

143 1951 191 1987 Π
195 1953 269 1997 ‚31
292 1953 385 1988 cons.
404 1952 630 1988 Brouckhus.
643 1952 690 1987 ad
703 1951 794 1987 Pro-

144 2012 235 2057 pert.
254 2006 300 2053 ll,
324 2009 386 2053 13,
408 2008 471 2048 43.
512 2008 568 2044 Ad
599 2020 793 2055 argumen-

146 2070 223 2100 tum
234 2064 320 2099 facit
331 2063 574 2113 Theophrasti
593 2063 690 2100 locus
708 2076 794 2112 opp.

145 2131 230 2169 pag.
261 2119 343 2160 394
373 2124 408 2156 et
438 2120 542 2155 Plinii
578 2120 673 2155 Hist.
709 2119 795 2156 Nat.

145 2174 338 2221 XXXVII,
360 2177 384 2216 5
407 2174 471 2222 (al.
499 2176 587 2223 19),
618 2176 680 2224 qui
705 2174 797 2222 Tyri

146 2232 182 2268 in
211 2231 378 2269 Herculis
403 2231 537 2282 templo
565 2236 722 2268 stantem
744 2231 800 2280 pi-

146 2287 217 2324 lam
248 2301 268 2325 e
292 2289 485 2336 smaragdo
524 2301 605 2325 esse
638 2291 798 2333 narrant,

148 2344 217 2380 nisi
235 2345 356 2393 potius
375 2344 730 2393 pseudosmaragdus
741 2343 797 2379 sit.

151 2399 255 2442 Quae
275 2400 343 2436 alia
361 2400 410 2436 ibi
430 2401 613 2437 adduntur
634 2401 680 2437 de
703 2412 800 2436 sma-

149 2455 343 2502 ragdorum
358 2457 605 2504 magnitudine
625 2455 800 2504 exempla,

151 2509 262 2547 nolim
272 2511 340 2547 huc
349 2513 585 2550 transcribere
596 2526 606 2556 ·‚
620 2525 699 2548 cum
710 2511 801 2548 Lar-

153 2566 259 2602 chero
288 2580 334 2604 ne
367 2569 546 2616 smaragdi
574 2568 718 2617 quidem
741 2580 802 2603 co-

151 2622 272 2658 lumna
290 2622 399 2660 fuisse
418 2625 603 2670 videatur,
633 2624 697 2660 sed
726 2623 802 2669 „du

152 2691 254 2715 verre
284 2678 423 2726 colore,
471 2680 561 2716 dont
600 2679 802 2716 l’interieur

154 2735 242 2771 etoit
273 2734 401 2772 eclaire
441 2748 507 2785 par
540 2736 606 2772 des
639 2735 802 2784 lamps.“

153 2790 356 2827 Heerenius
381 2792 511 2838 (Ideen
539 2791 575 2839 Ι,
596 2795 622 2832 2
642 2805 677 2840 p.
701 2793 802 2839 212)

155 2847 314 2895 quaerit,
345 2859 393 2885 an
416 2847 542 2886 Lazuli
565 2847 654 2899 lapis
684 2847 803 2895 fuerit,

853 1068 897 1092 ex
919 1068 990 1104 quo
1003 1055 1130 1092 eodem
1141 1055 1305 1091 constent
1316 1051 1501 1089 columnae

852 1111 1063 1148 lesuitarum
1109 1111 1146 1146 in
1183 1108 1318 1158 templo
1332 1137 1343 1154 ,
1401 1108 1500 1157 quod

852 1167 992 1204 Romae
1004 1171 1068 1205 est.
1099 1167 1148 1202 Et
1165 1178 1292 1214 reapse
1304 1164 1400 1201 aliud
1413 1164 1500 1212 quid

855 1223 1035 1272 smaragdi
1057 1223 1201 1259 nomine
1219 1221 1356 1258 Noster
1375 1220 1503 1256 intelli-

855 1293 942 1328 gere
963 1280 1099 1329 potuit,
1127 1291 1235 1327 quam
1266 1277 1366 1326 quod
1396 1276 1504 1313 hodie

853 1335 1066 1383 intelligunt.
1088 1335 1203 1377 Quale
1214 1346 1297 1370 vero
1307 1333 1375 1369 hoc
1385 1334 1503 1382 ipsum

857 1392 922 1436 sit,
963 1391 1061 1439 quod
1086 1390 1142 1427 ille
1178 1389 1411 1435 intellexerit,
1445 1401 1504 1425 me

855 1447 995 1483 nescire
1007 1447 1135 1482 fateor.
1159 1444 1331 1482 Consului
1350 1445 1437 1481 alios
1452 1445 1505 1480 vi-

855 1516 915 1539 ros
945 1503 1095 1549 doctos,
1135 1502 1196 1550 qui
1227 1501 1349 1537 itidem
1379 1504 1505 1537 tantae

855 1558 958 1596 molis
980 1559 1210 1606 smaragdum
1229 1557 1380 1593 inveniri
1396 1568 1506 1606 posse

856 1619 1047 1663 negarunt,
1068 1614 1379 1664 splendescentem
1400 1625 1508 1662 prae-

856 1676 975 1718 terea,
1015 1684 1095 1707 cum
1118 1684 1189 1719 quo
1219 1671 1332 1707 maior
1363 1673 1401 1706 et
1428 1681 1507 1705 am-

858 1727 970 1777 plior,
1001 1740 1044 1764 eo
1067 1727 1183 1763 minus
1205 1726 1333 1763 clarior
1356 1729 1392 1762 et
1420 1724 1508 1760 luci-

859 1784 938 1819 dior
956 1783 1023 1818 iste
1043 1782 1089 1818 sit
1105 1782 1208 1832 lapis.
1248 1781 1384 1824 Quod
1377 1793 1414 1816 in
1435 1781 1506 1817 fine

859 1838 990 1885 legitur
1004 1836 1178 1887 μέγαθος
1197 1838 1226 1873 si
1244 1850 1310 1886 pro
1332 1831 1510 1886 μεγάλως

861 1895 930 1931 adv
934 1894 1111 1930 ‹er-bialitffl
1126 1894 1213 1943 poni
1232 1893 1424 1937 existimes,
1443 1893 1511 1928 hoe

859 1951 983 1998 utique
1010 1949 1218 1986 insolentius
1251 1949 1383 1984 dictum
1411 1948 1514 1984 vide-

862 2011 940 2051 tur3
971 2018 1017 2041 ne
1038 2018 1123 2042 vero
1153 2001 1328 2057 μεγάλως
1355 2017 1512 2053 repona-

864 2075 941 2099 mus
962 2061 998 2096 in
1019 2066 1137 2107 textu,
1169 2062 1313 2098 obstant
1333 2059 1411 2096 libri
1434 2072 1512 2096 ma‹

864 2131 913 2154 nu
941 2117 1063 2166 scripti
1090 2130 1227 2153 omnes.
1276 2117 1400 2159 Quare
1429 2115 1513 2152 mihi

865 2174 999 2222 aliquid
1023 2173 1090 2210 hoe
1116 2172 1194 2209 loco
1222 2173 1395 2210 excidisse
1414 2173 1514 2208 vide-

865 2234 942 2275 tur,
972 2242 1043 2277 quo
1072 2230 1230 2265 fortasse
1258 2241 1424 2265 mensura
1453 2240 1515 2264 co-

866 2286 1010 2322 lumnae
1030 2286 1137 2322 suerit
1161 2285 1337 2330 indicata,
1369 2284 1426 2320 ubi
1448 2296 1516 2320 vox

867 2340 1040 2393 μέγαθος
1071 2342 1260 2378 commode
1288 2340 1423 2391 adponi
1450 2352 1517 2391 po-

866 2402 971 2435 terat.

924 2452 989 2492 καὶ
1009 2450 1051 2492 τό
1075 2450 1158 2502 ἷρόν
1186 2454 1260 2492 τοῦ
1280 2453 1382 2490 θεοῦ
1412 2451 1518 2501 ἰδρυ-

867 2513 1013 2558 θῆναι]
1030 2509 1160 2546 Aldina
1178 2511 1234 2547 ed.
1256 2514 1291 2546 et
1303 2508 1408 2544 codd.
1428 2520 1520 2544 non-

868 2567 954 2604 nulli
977 2567 1253 2617 ἱδρυνθῆναι,
1284 2565 1519 2613 quemadmo-

869 2624 953 2659 dum
976 2623 1003 2669 Ι,
1027 2625 1105 2663 172
1127 2627 1261 2659 exstat:
1293 2619 1518 2669 ἱδρυνθέν-

868 2694 966 2726 των,
987 2680 1085 2727 quod
1103 2679 1201 2728 apud
1219 2677 1435 2715 recentiores
1449 2678 1520 2713 sre-

870 2735 1163 2784 quentissimum‚
1192 2747 1266 2770 non
1290 2745 1407 2769 rarum
1428 2732 1520 2768 anti-

871 2791 1053 2839 quioribus
1083 2792 1255 2828 observat
1280 2788 1438 2826 Lobeck.
1471 2789 1519 2825 ad

873 2847 1062 2896 Phrynich.
1079 2861 1116 2899 p.
1129 2849 1182 2890 37
1195 2851 1269 2885 not.
1298 2844 1378 2883 Nec
1398 2848 1520 2882 tamen

1491 313 1630 340 Herculis
1692 317 1765 341 tem-

1488 381 1562 408 deri·
1564 386 1601 406 ιῑ·
1595 346 1765 407 ιιέίεὲἓιῖῗεζι

1487 415 1517 454 iu
1540 414 1601 439 Gra
1604 414 1667 439 ecia
1694 422 1746 448 psa
1752 430 1761 432 -

1489 448 1542 474 nim
1571 447 1607 472 du
1592 447 1694 481 uplex,
1757 462 1766 466 -

1489 481 1518 515 l)
1522 482 1618 514 inpius
1647 486 1677 508 et
1706 481 1767 507 sse-

1491 347 1580 381 ιΙιιιη

929 551 971 602 ἐς
1017 550 1173 606 λόγους
1213 552 1257 595 δὲ
1295 551 1436 594 ἐλθών
1488 523 1573 591 r125
