1909 3228
446 216 532 255 690

862 213 1328 252 HERODOT1

447 321 729 366 ἀνασπάσωσι
757 320 803 364 ἐκ
832 324 920 364 τῶν
949 320 1105 373 ἑλέων,
1134 321 1187 366 τὰ
1215 321 1293 376 μὲν
1323 320 1412 365 ἅνω
1443 323 1573 381 αὐτῆς
1597 325 1704 370 ἀπο-

446 402 700 457 τάμνοντες,
749 400 791 450 ἐς
820 399 925 442 ἄλλο
960 416 1002 442 τι
1029 399 1265 453 τράπουσι·
1323 400 1372 443 τὸ
1412 402 1457 445 δὲ
1494 404 1608 447 κάτω
1638 410 1705 449 λε-

446 479 676 536 λειμμένον
706 479 813 521 ὅσον
843 495 886 521 τε
927 478 994 521 ἐπὶ
1032 482 1196 533 πῆχυν,
1238 477 1475 534 τρώγουσι,
1513 483 1586 524 καὶ
1614 500 1704 526 πω-

417 560 606 602 9λέουσι.
667 560 709 600 οἳ
739 557 784 600 δὲ
814 557 871 600 ἂν
899 558 974 601 καὶ
1009 555 1149 611 κάρτα
1185 557 1430 613 βούλωνται
1458 565 1619 617 χρηστῇ
1648 567 1701 619 τῇ
1751 566 1829 608 145

446 636 594 694 βύβλῳ
635 640 850 693 χρᾶσθαι,
908 636 956 679 ἐν
984 636 1174 694 κλιβάνῳ
1216 639 1423 693 διαφανέῑ
1461 641 1760 693 πνίξαντες,41

392 725 435 758 10
447 716 562 759 οὕτω
592 715 824 772 τρώγουσι.

891 718 944 759 Οἱ
974 715 1020 759 δέ
1050 732 1163 767 τινες
1193 715 1339 759 αὐτῶν
1371 722 1473 770 ζῶσι
1504 717 1589 761 ἀπὸ
1620 725 1708 762 τῶν

445 794 610 851 ἰχθύων
636 795 839 852 μούνων·
896 794 999 846 τούς
1035 795 1166 838 ἐπεὰν
1204 796 1390 851 λάβωσι,
1428 797 1501 840 καὶ
1538 797 1709 849 ἐξέλωσι

444 873 524 930 τὴν
560 877 749 932 κοιλίην,
811 874 1045 918 αὐαίνουσι
1085 875 1196 931 πρός
1242 875 1390 932 ἥλιον,
1449 876 1522 920 καὶ
1564 877 1707 921 ἔπειτα

446 952 584 1005 αὔους
613 953 763 1006 ἐόντας
797 953 1024 998 σιτέονται.

389 1173 598 1221 conficitur3
627 1174 726 1223 quod
753 1174 872 1224 ipsum
902 1173 1044 1211 silentio

390 1231 562 1280 praeterit
575 1260 585 1278 ,
614 1244 694 1267 cuin
717 1231 820 1267 huius
838 1230 984 1281 plantae
1001 1242 1045 1267 ea

388 1290 527 1323 tantum
562 1288 696 1324 mentio
726 1288 791 1323 fiat
811 1316 821 1334 ‚
865 1291 1044 1336 quatenus

389 1343 435 1379 sit
455 1343 639 1380 esculenta
657 1344 839 1392 victuique
858 1343 1043 1380 inserviat.

390 1398 448 1435 Ad
467 1399 536 1436 alia
554 1404 673 1437 autem
707 1413 853 1448 quoque
874 1413 953 1435 eam
977 1400 1043 1435 ad-

392 1455 529 1502 hiberi,
564 1457 643 1506 ipse
676 1456 810 1492 indicat
836 1457 972 1493 verbis:
1004 1454 1043 1501 ἒς

394 1507 491 1549 fimo
520 1527 556 1549 τι
585 1507 804 1561 τράπουσις
849 1513 977 1560 quibus
1007 1516 1043 1548 et

389 1580 566 1617 papyrum
598 1573 634 1605 et
663 1569 754 1614 alia,
785 1580 879 1616 quae
907 1568 1042 1604 Plinius

390 1629 566 1661 memorat
595 1625 679 1661 inde
717 1624 923 1671 elaborata,
964 1624 1042 1660 vela

391 1680 488 1727 (vid.
509 1680 563 1727 ll,
588 1681 691 1728 96),
731 1681 948 1717 vestimenta
974 1684 1041 1717 etc.

390 1736 585 1784 significari
607 1737 663 1772 vix
686 1737 846 1773 dubium.
894 1736 950 1773 De
973 1737 1041 1784 by-

389 1792 451 1829 blo
479 1792 545 1828 loci
577 1792 754 1841 primarii,
794 1805 873 1828 cum
904 1792 1043 1828 Nostro

390 1850 600 1886 conferendi
621 1877 632 1895 ‚
679 1853 762 1885 sunt
797 1848 1043 1898 Theophrasti

389 1905 471 1942 hist.
489 1905 602 1954 plant.
623 1904 685 1952 lv,
710 1908 735 1946 9
768 1918 802 1953 p.
825 1904 878 1944 54
907 1904 997 1951 (lv,
1017 1907 1042 1945 8

393 1962 450 1998 ed.
471 1961 663 2009 Schneid.)
691 1965 727 1998 et
747 1960 851 1997 Plinii
872 1961 952 1997 hist.
969 1965 1042 1997 nat.

391 2017 474 2054 Xlll
493 2046 503 2063 ‚
536 2019 585 2057 11
608 2046 618 2064 ‚
659 2017 720 2066 qui
748 2017 1044 2067 Theophrastum

394 2074 627 2124 exscripsisse
655 2074 808 2111 videtur.

448 2187 597 2239 χρηστῇ
626 2187 677 2239 τῇ
696 2181 833 2239 βύβλῳ
853 2184 1042 2235 χρᾶσθαι]

390 2242 589 2279 Delicatum
615 2242 799 2279 admodum
826 2243 963 2291 byblum
990 2244 1044 2279 in-

390 2303 609 2348 terpretatur
670 2299 1043 2347 Schweighaeuserus.

390 2355 556 2403 Intelligo
577 2355 745 2404 equidem
765 2355 913 2404 byblum
927 2356 974 2391 ad
990 2357 1043 2391 vi-

391 2416 485 2448 ctum
513 2411 618 2448 valde
645 2413 873 2448 commodum
904 2411 1044 2448 utilem-

392 2481 486 2515 que,
535 2481 644 2517 quam
671 2469 825 2505 eandem
859 2469 887 2504 si
909 2468 1043 2505 delica—

390 2525 515 2561 tiorem
536 2525 622 2561 inde
642 2524 845 2574 intelligere
866 2525 974 2571 velis,
991 2525 1046 2561 ni-

391 2579 439 2616 hil
460 2581 655 2618 intercedo.

447 2689 490 2730 ἐν
517 2688 693 2744 κλιβάνῳ
724 2691 916 2742 διαφανέι·
948 2692 1044 2732 πνί-

392 2745 551 2793 ξαντες]
590 2750 777 2799 κλίβανος
817 2763 891 2787 non
927 2751 1042 2799 quivis

393 2807 448 2839 est
465 2804 589 2840 furnus
606 2807 741 2852 maior,
771 2807 836 2843 sed
854 2806 971 2843 minor
988 2811 1045 2843 at-

392 2871 467 2908 que
493 2861 671 2910 portatilis
701 2863 870 2911 adeoque
906 2866 1043 2911 testum,

1112 1171 1221 1219 ίθὸεε,
1261 1172 1353 1220 οΙία,
1388 1176 1518 1221 satago
1558 1177 1621 1210 aut
1653 1174 1766 1211 simile

1112 1228 1283 1279 quoddam
1303 1242 1367 1266 vas
1387 1232 1637 1279 coquinarium.
1668 1230 1765 1267 Hine

1112 1286 1249 1322 lebetem
1273 1286 1476 1334 significare
1502 1291 1625 1323 monet
1644 1287 1766 1337 Hesy-

1111 1342 1232 1388 chius,
1262 1356 1329 1379 nec
1352 1342 1421 1378 alio
1449 1356 1557 1380 sensu
1587 1343 1766 1394 accipien-

1112 1400 1196 1435 dum
1216 1399 1250 1434 in
1264 1398 1438 1435 Athenaei
1457 1399 1537 1435 loco
1556 1399 1603 1435 Ill
1618 1413 1655 1449 p.
1672 1402 1762 1445 101,

1112 1453 1141 1490 Α
1155 1484 1165 1501 ,
1186 1459 1337 1491 notante
1357 1455 1702 1502 Schweighaeusero
1724 1455 1761 1491 in

1112 1510 1179 1546 lex.
1216 1511 1355 1547 Herod.
1388 1524 1414 1547 s
1448 1524 1480 1547 v.
1512 1511 1676 1562 πνίγειν.
1708 1533 1763 1537 -—

1112 1566 1291 1615 διαφανῆ
1317 1567 1402 1602 ‹licit
1431 1568 1571 1603 surnuni
1598 1567 1620 1603 i.
1643 1581 1674 1605 e.
1704 1580 1764 1603 ar-

1110 1622 1263 1668 dentem,
1295 1625 1466 1670 ignitum,
1497 1628 1535 1659 ut
1563 1628 1659 1661 recte
1687 1637 1765 1660 mo-

1111 1684 1174 1715 net
1192 1679 1477 1727 W'esseliugiuffi
1508 1682 1602 1716 conf.
1622 1680 1683 1727 lv,
1698 1682 1761 1720 73.

1110 1734 1176 1775 75.
1191 1757 1241 1761 —-
1273 1736 1482 1781 πνίξαντες
1502 1740 1599 1773 recte
1617 1737 1662 1772 ab
1685 1736 1764 1772 He-

1112 1791 1233 1839 sychio
1254 1791 1386 1840 exponi
1400 1786 1652 1840 ὀπτήσαντες,
1665 1791 1763 1829 idem

1110 1852 1237 1884 monet
1278 1847 1558 1896 Wesselingius3
1601 1848 1764 1898 pluribus

1113 1904 1159 1941 de
1180 1917 1223 1940 eo
1243 1905 1410 1952 exposuit
1429 1904 1763 1953 Schweighaeuser.

1113 1959 1135 1996 l.
1163 1960 1203 2005 l.‚
1244 1961 1374 2008 quibus
1407 1961 1632 1998 demonstrat
1659 1962 1695 1997 in
1725 1974 1764 1998 re

1112 2016 1283 2052 culinaria
1307 2017 1409 2053 huius
1427 2017 1525 2054 verbi
1546 2031 1660 2054 usum.
1688 2017 1765 2054 Ne-

1113 2085 1185 2121 que
1205 2074 1298 2109 eniin
1316 2087 1397 2110 esse
1419 2077 1565 2120 torrere,
1598 2075 1663 2111 sed
1684 2072 1764 2123 sus-

1106 2128 1254 2179 focare,
1286 2130 1434 2178 quando
1468 2130 1621 2177 scilicet,
1651 2133 1689 2166 ut
1713 2130 1763 2166 ait

1114 2186 1353 2222 casaubonus
1388 2186 1434 2221 ad
1463 2185 1593 2223 Athen.
1622 2185 1678 2233 Il,
1707 2189 1763 2227 72

1112 2255 1148 2292 p.
1172 2243 1224 2282 65
1251 2242 1307 2278 ed.
1333 2242 1547 2290 Schweigh„
1579 2243 1649 2289 „in
1676 2255 1762 2291 pro-

1111 2299 1191 2348 prio
1213 2311 1316 2334 succo
1333 2298 1468 2346 aliquid
1487 2299 1650 2348 coquitur
1670 2299 1763 2334 intra

1113 2354 1218 2390 ollam
1249 2358 1310 2390 aut
1349 2356 1510 2404 patinam
1558 2354 1762 2392 conclusum

1112 2411 1180 2457 ita,
1212 2415 1250 2446 ut
1269 2410 1385 2447 nullus
1402 2411 1687 2448 exhalationibus
1696 2423 1763 2460 pa-

1110 2471 1186 2504 teat
1203 2471 1364 2512 meatus;
1395 2467 1492 2515 quod
1513 2481 1629 2516 genus
1654 2479 1763 2518 para-

1111 2528 1214 2561 turae
1241 2524 1354 2560 nostri
1382 2524 1489 2561 etiam
1515 2524 1622 2573 coqui
1651 2523 1764 2572 suffo-

1112 2582 1282 2617 cationem
1299 2581 1470 2616 vocant.“

1170 2638 1260 2683 ζῶσι
1281 2632 1360 2674 α’πό
1388 2638 1467 2674 τῶν
1493 2631 1648 2686 ἰχθύων
1666 2630 1762 2685 μού-

1111 2691 1208 2743 νων]
1240 2693 1380 2730 Eodem
1398 2693 1508 2729 modo
1527 2688 1608 2732 οἷπό
1624 2692 1686 2739 IV,
1696 2695 1762 2733 22.

1113 2750 1178 2790 46.
1201 2751 1291 2790 103.
1310 2770 1365 2777 -
1393 2748 1452 2786 De
1470 2754 1582 2798 gente
1604 2748 1765 2797 Babylo-

1110 2806 1211 2852 nica,
1242 2818 1335 2855 quae
1356 2806 1481 2843 itidem
1504 2805 1590 2842 solis
1604 2805 1762 2856 piscibus

1109 2863 1286 2910 nutritur,
1317 2863 1411 2899 conf.
1430 2862 1468 2910 Ι,
1492 2864 1585 2903 200.
