1877 3223
412 224 468 263 30
815 222 1270 262 HERODOTI

414 328 507 386 ὤρη
535 333 610 386 τῆς
637 332 781 387 κοίτης
810 329 940 384 εἶναι,
981 330 1112 388 ἤγαγε
1140 332 1217 376 τὸν
1248 332 1390 389 Γύγεα
1418 332 1462 384 ἐς
1490 332 1539 376 τό
1570 334 1683 390 οἴκη-

413 423 495 465 μα·
543 410 616 453 καὶ
661 409 768 466 μετὰ
811 414 946 454 ταῦτα
985 408 1139 454 αὐτίκα
1178 415 1323 467 παρῆν
1371 412 1443 456 καὶ
1483 410 1510 468 ἡ
1556 411 1681 468 γυνή.

387 488 674 537 ρέσελθοῦσαν
713 489 759 533 δὲ
797 489 869 533 καὶ
907 493 1102 533 τιθεῖσαν
1149 490 1201 533 τὰ
1247 491 1397 545 εἵματα
1443 489 1611 546 ἐθηεῖτο
1658 490 1682 534 ὁ

412 569 571 626 Γύγης.
613 567 670 619 ὥς
700 568 746 612 δὲ
775 567 884 612 κατιὲ
923 567 1065 611 νώτου
1096 568 1290 623 ἐγένετο,
1328 570 1478 624 ἰούσης
1505 572 1579 624 τῆς
1610 585 1684 624 γυ-

386 648 560 699 3ναικὸς
598 647 640 698 ἐς
678 645 758 703 τήν
796 648 963 703 κοίτην,
1004 646 1193 698 ὑπεκδύς
1231 645 1386 702 ἐχώρεε
1426 646 1518 697 ἔξω.
1558 647 1632 690 καὶ
1658 644 1731 702 ἡ55

407 726 517 783 γυνή
549 726 684 782 ἐπορᾷ
713 743 788 781 μιν
815 725 994 778 ἐξιόντα.
1033 730 1238 782 μαθοῦσα
1268 725 1314 769 δὲ
1342 724 1391 769 τὸ
1421 725 1609 781 ποιηθὲν
1639 724 1688 769 ἐκ

408 810 488 850 τοῦ
519 803 692 860 ἀνδρὸς,
725 803 825 847 οὕτε
855 803 1075 860 οἷνέβωσεν
1105 806 1406 860 αἰσχυνθεῖσα,
1439 803 1539 848 οὔτε
1569 804 1687 856 ἔδοξε

407 883 605 942 μαθέειν,
656 884 703 927 ἐν
741 881 830 940 νόῳ
868 885 1023 938 ἔχουσα
1060 885 1255 928 τίσεσθαι
1294 883 1373 927 τὸν
1414 885 1687 926 Κανδαύλεα.

386 963 527 1019 4παρὰ
555 961 639 1019 γὰρ
669 967 782 1005 τοῖσι
810 963 1018 1013 Λυδοῖσι,
1057 963 1207 1017 σχεδὸν
1243 963 1289 1006 δὲ
1325 963 1398 1006 καὶ
1426 962 1545 1017 παρὰ
1575 967 1688 1006 τοῖσι

412 1044 579 1088 ἄλλοισι
611 1041 891 1099 βαρβάροισι,
932 1041 1004 1084 καὶ
1035 1040 1172 1096 ἄνδρα
1203 1041 1399 1097 ὀφθῆναι
1426 1040 1617 1095 γυμνόν,
1648 1040 1737 1091 ἐςᾶο

300 1115 360 1158 ll
412 1124 621 1179 αἰσχύνην
649 1120 840 1178 μεγάλην
869 1120 1003 1177 φέρει.
1067 1120 1171 1164 Τότε
1201 1119 1280 1176 μὲν
1310 1119 1362 1175 δή
1393 1118 1530 1170 οὕτω,
1562 1117 1692 1163 οὐδὲν

108 1180 245 1214 Reginae
269 1179 352 1206 iussu

91 1215 194 1249 Gyges
212 1213 349 1240 Candau-

91 1248 149 1275 lem
159 1247 311 1277 interficit,
322 1250 352 1272 ct

92 1290 127 1308 ea
153 1290 188 1308 ux
227 1289 244 1307 e
296 1280 348 1306 du<

92 1320 159 1347 cta,
194 1314 349 1348 imperium

91 1348 130 1376 ad
158 1347 349 1374 Mermnadas

91 1381 248 1410 transfert.

367 1295 477 1343 vulgo
509 1295 666 1331 scribant
693 1292 859 1345 ἕτοιμος,
886 1295 953 1332 sed
975 1293 1017 1330 il-

367 1351 428 1388 lud
451 1352 578 1388 Ionum
612 1355 721 1399 atque
737 1350 888 1388 Dorum.
918 1350 1017 1388 Lau-

365 1409 430 1445 dat
474 1406 538 1443 Cr.
586 1406 747 1443 Boeckh.
783 1407 830 1443 ad
870 1407 1017 1442 Pindar.

367 1463 516 1512 Olyinp.
550 1462 605 1509 ll,
644 1464 698 1502 83
746 1475 803 1511 sq.
849 1476 887 1513 p.
922 1464 1015 1503 389.

368 1521 524 1567 Gregor.
570 1518 737 1555 Corinth.
789 1519 836 1555 de
875 1518 1015 1556 dialect.

366 1590 405 1627 p.
427 1579 479 1616 21
504 1575 563 1612 ed.
586 1575 770 1612 Schaefer.
805 1574 845 1611 In
866 1588 950 1624 sqq.
971 1575 1019 1611 ad

348 1645 491 1670 >vocem
537 1631 676 1681 κοίτην
731 1632 777 1668 ef.
827 1637 919 1668 nott.
972 1632 1018 1668 ad

369 1702 447 1740 cap.
478 1687 545 1725 lx.

427 1765 588 1816 ἐθηεῖτο
623 1763 646 1805 ό
671 1760 829 1817 Γύγης]
863 1763 1020 1815 ἐθηεῖτο

366 1824 545 1874 praebent
557 1821 744 1859 Mediceus
766 1822 855 1860 liber
877 1822 1020 1871 aliique.

367 1879 420 1916 Ac
469 1879 584 1916 tenuit
642 1879 1018 1926 Schweighaeuserus.

367 1934 486 1983 Vulgo
531 1935 678 1983 quidem
730 1934 900 1985 ἐθηῆτος
953 1935 1021 1972 sed

368 1990 465 2028 illam
504 1992 678 2037 formam,
735 2003 828 2039 quae
860 2003 882 2027 a
909 1991 1019 2027 verbo

369 2045 544 2097 θηέομαι
581 2050 637 2083 cst
674 2047 893 2097 repetenda,
942 2046 1020 2082 aliis

369 2116 516 2153 quoque
545 2101 631 2139 locis
662 2103 786 2151 optimi
816 2102 895 2139 libri
935 2115 1022 2152 sup-

370 2160 549 2210 peditant.
579 2157 615 2205 I,
652 2159 717 2199 30.
751 2160 814 2199 68.
853 2158 926 2205 IV,
956 2158 1020 2199 85.

370 2215 461 2262 VII,
503 2215 568 2255 56.
611 2214 703 2255 146.
761 2215 845 2251 Huc
878 2227 1022 2264 quoque

371 2272 529 2321 pertinet
559 2267 760 2320 ε’θηήσατο
788 2270 867 2318 ΙΙΙ,
896 2269 963 2311 42.
993 2270 1022 2317 I‚

374 2329 425 2367 11
464 2330 500 2364 et
532 2324 749 2375 ἐθηεῦντο,
780 2321 1020 2377 θηεύμενος,

371 2382 456 2420 alia.
491 2381 555 2418 Cr.
589 2382 635 2419 de
666 2383 721 2419 his
752 2382 888 2420 consuli
925 2382 1024 2418 iubet

370 2438 552 2475 Maittaire
570 2438 616 2475 de
636 2438 775 2475 dialect.
798 2452 836 2489 p.
861 2440 938 2479 129
961 2437 1020 2475 ed.

374 2495 496 2531 Sturz.
530 2493 653 2530 Koen.
688 2495 734 2530 ad
758 2495 916 2542 Gregor.
951 2493 1024 2529 Co-

373 2550 483 2588 rinth.
514 2563 550 2600 p.
574 2552 655 2592 223
688 2551 744 2587 ed.
776 2550 919 2587 Schaef.

429 2641 619 2691 μαθοῦσα
667 2636 710 2678 δὲ
758 2636 803 2678 τό
852 2635 1026 2689 ποιηθὲν

374 2694 426 2736 ἐκ
462 2697 534 2735 τοῦ
567 2691 734 2747 ἀνδρὸς]
783 2695 805 2732 ἱ.
835 2708 866 2733 e.
909 2707 1035 2744 „quae

373 2756 415 2789 ut
467 2751 639 2789 intellexit
689 2751 773 2801 quid
829 2764 853 2788 a
909 2754 1035 2788 marito

375 2812 493 2845 actum
513 2809 635 2845 esset.“
667 2808 776 2851 Quod
800 2819 931 2845 moneo
949 2820 1035 2858 pro-

374 2869 456 2915 pter
476 2864 782 2916 praepositionem
799 2862 862 2910 ἐκ,
892 2875 914 2900 a
942 2876 1034 2900 non-

1525 1197 1534 1205 ο

1083 1293 1188 1330 nullis
1210 1294 1303 1332 male
1333 1294 1562 1332 intellectam.
1593 1291 1737 1329 Eodem

1082 1351 1192 1386 modo
1213 1350 1255 1389 ε’»ι
1285 1352 1321 1388 in
1342 1351 1550 1402 prooemio,
1581 1348 1640 1385 ubi
1662 1348 1734 1386 vid.

1138 1425 1228 1468 οὕτε
1267 1425 1538 1480 οἷνέβωσεν
1582 1425 1736 1476 αἰσχυν-

1084 1485 1222 1535 θεῖσα]
1254 1481 1474 1536 ἅνέβωσεν,
1506 1489 1545 1520 ut
1565 1483 1594 1531 l,
1619 1484 1643 1522 8
1665 1477 1738 1531 α’μ-

1086 1538 1218 1593 βίόσας
1251 1542 1330 1580 coll.
1364 1542 1420 1589 H,
1464 1543 1554 1582 121.
1595 1538 1631 1586 I,
1672 1540 1737 1579 68.

1090 1598 1179 1639 146.
1200 1598 1261 1646 VI,
1287 1601 1363 1639 131
1391 1598 1531 1646 (ibique
1549 1594 1738 1642 wessel.).

1085 1655 1152 1701 lx,
1183 1655 1246 1695 53.
1280 1655 1391 1698 Quod
1411 1656 1580 1704 repetunt
1608 1664 1630 1688 a
1659 1663 1737 1688 ver-

1089 1712 1137 1748 bo
1161 1706 1343 1761 ιῖναβόω,
1371 1723 1437 1760 per
1466 1719 1651 1758 syncopen
1681 1718 1739 1742 or-

1088 1771 1164 1803 tum
1192 1780 1234 1803 ex
1267 1763 1467 1817 οἷναβοάω.
1527 1764 1604 1801 Sed
1633 1763 1740 1798 Butt-

1089 1835 1259 1859 mannum
1287 1824 1317 1859 si
1350 1823 1475 1859 audias
1507 1820 1696 1868 (Gramm.
1724 1817 1741 1854 Ι

1087 1881 1245 1940 Ιζ-ΙΟΞ).
1273 1880 1305 1916 ΙΙ
1344 1892 1382 1929 p.
1421 1875 1658 1939 92)-Ionum
1687 1878 1743 1912 est

1089 1962 1136 1997 οη
1178 1945 1391 1983 contrahere
1426 1945 1463 1980 in
1504 1960 1557 1991 ω,
1617 1943 1666 1980 ita
1704 1945 1744 1979 ut

1090 2002 1218 2054 ἔβωσα
1251 2006 1370 2038 ortum
1410 2001 1458 2037 sit
1495 2013 1562 2052 per
1600 2002 1743 2037 contra-

1091 2060 1246 2097 ctionem
1299 2071 1342 2094 ex
1399 2053 1585 2107 ἐβόησα.
1645 2054 1744 2092 Lau-

1090 2116 1154 2152 dat
1183 2114 1247 2151 Cr.
1285 2112 1469 2150 Maittaire
1507 2113 1554 2150 de
1589 2109 1745 2150 Dialect.

1089 2185 1126 2221 p.
1162 2172 1240 2211 158
1269 2169 1328 2206 ed.
1364 2169 1483 2204 Sturz.
1520 2171 1556 2205 et
1590 2166 1741 2203 Homer.

1091 2225 1270 2273 Odyss.l,
1296 2225 1395 2264 378:
1427 2219 1558 2272 ἐπιβῶ
1577 2234 1747 2273 σομαι,

1089 2282 1150 2318 ubi
1172 2282 1216 2318 cf.
1241 2280 1406 2316 Eustath.
1429 2293 1464 2330 p.
1478 2282 1530 2320 66
1553 2291 1664 2329 supra
1686 2278 1745 2316 ed.

1089 2336 1201 2374 Basil.
1224 2348 1266 2372 ex
1288 2348 1359 2384 quo
1371 2335 1596 2372 phavorinus
1608 2348 1644 2385 p.
1663 2337 1741 2376 701

1093 2393 1153 2430 lin.
1176 2394 1230 2433 38
1253 2404 1334 2440 sqq.
1358 2413 1414 2419 —-
1440 2391 1482 2429 In
1510 2404 1612 2440 seqq.
1639 2389 1748 2437 ἔδοξε

1094 2453 1166 2486 est:
1198 2446 1438 2495 „s1'111ulavit,
1468 2460 1508 2484 se
1534 2446 1746 2484 nesciisse.“

1091 2504 1249 2542 Laudat.
1276 2503 1306 2540 C
1315 2516 1341 2539 r.
1369 2503 1585 2540 Valckenar.
1609 2503 1658 2539 ad
1671 2501 1747 2540 Eu-

1093 2560 1199 2611 ripid.
1219 2558 1409 2610 Hippolyt.
1438 2559 1528 2618 462-
1543 2573 1581 2610 p.
1609 2560 1706 2600 217.

1150 2637 1201 2684 εἷς
1231 2632 1424 2688 αἰσχύνην
1464 2633 1638 2689 μεγάλην
1679 2634 1749 2687 φέ-

1101 2693 1184 2746 ρει]
1223 2693 1263 2741 ἐς
1283 2694 1449 2732 meliores
1471 2694 1551 2731 libri
1581 2693 1750 2740 retinent,

1102 2751 1265 2800 quamvis
1319 2750 1396 2788 vel·
1424 2750 1502 2788 sine
1551 2749 1753 2788 sententiae

1102 2808 1236 2844 damno
1269 2807 1399 2844 abesse
1425 2805 1544 2856 possit
1571 2809 1680 2855 atque
1712 2817 1753 2842 re

1102 2875 1187 2901 vera
1209 2863 1314 2900 absit.
1337 2863 1394 2899 Cf.
1420 2861 1574 2900 Wessel.
1605 2861 1652 2898 ad
1672 2860 1707 2899 h.
1726 2860 1750 2897 l.
