1909 3228
262 221 347 260 912
734 221 1328 264 EXCURSUSVII

672 719 1217 769 EXCURSUS
1275 718 1371 768 VII

484 833 607 873 AD
691 835 1573 882 HERODOT.11‚121.

376 1071 483 1115 Quae
510 1071 580 1109 hoc
608 1072 726 1123 capite
753 1076 948 1110 narrantur
977 1074 1024 1111 de
1053 1072 1324 1123 Rlzampsz'm'to‚
1378 1072 1506 1110 eadem
1534 1071 1612 1108 sere
1639 1082 1777 1108 memo-

264 1138 337 1177 riae
364 1140 507 1190 prodita
536 1141 764 1177 inveniuntur
792 1142 827 1177 in
855 1142 1079 1179 Graecorum
1107 1142 1229 1179 fabula
1267 1143 1314 1179 de
1343 1140 1520 1189 Agamede
1543 1145 1655 1189 atque
1686 1138 1776 1176 Tro-

257 1208 396 1257 phonio.
464 1209 535 1252 Qui
581 1209 725 1246 aedium
764 1209 1064 1246 exstruendarum
1111 1214 1189 1246 arte
1243 1209 1406 1258 insignes
1454 1222 1520 1258 pro
1560 1208 1620 1245 illa
1656 1212 1776 1246 aetate

263 1276 401 1324 Hyrieo
443 1289 621 1314 cameram
657 1277 833 1314 thesauris
873 1277 1072 1314 condendis
1111 1277 1327 1315 destinatam
1367 1276 1585 1323 aedificant,
1628 1276 1665 1312 in
1704 1289 1778 1325 qua

261 1357 372 1380 unum
404 1344 562 1393 lapidem
592 1345 643 1381 sic
671 1346 835 1382 inserunt
866 1345 1109 1393 extrinsecus,
1149 1350 1187 1382 ut
1210 1345 1302 1381 facili
1332 1344 1444 1394 opera
1474 1343 1578 1380 eximi
1608 1345 1775 1394 potuerit.

261 1411 352 1448 Inde
382 1411 484 1447 simili
513 1412 647 1458 modo,
687 1425 759 1461 quo
788 1411 988 1462 Aegyptius
1019 1415 1162 1464 opifex,
1212 1412 1310 1460 regis
1345 1412 1534 1448 thesauros
1574 1417 1776 1461 asportant,

262 1479 323 1528 qui
353 1479 415 1515 ubi
445 1479 513 1515 hoc
541 1479 814 1525 animadvertit,
845 1481 967 1518 omnia
990 1481 1128 1530 laqueis
1159 1480 1280 1529 cingit.
1328 1479 1471 1522 Quibus
1501 1479 1658 1516 irretitus
1677 1479 1775 1528 Aga-

261 1546 409 1592 medes,
450 1558 471 1581 a
500 1546 610 1583 fratre
641 1545 857 1596 Trophonio
898 1548 957 1594 (is
982 1548 1077 1585 enim
1106 1548 1277 1592 timebat,
1318 1559 1364 1583 ne
1394 1547 1472 1595 ipse
1511 1546 1614 1583 simul
1644 1548 1777 1598 depre-

262 1614 501 1661 henderetur)
531 1618 680 1650 necatur
710 1615 828 1664 capite
858 1615 1030 1652 abscisso.
1088 1615 1163 1652 Sed
1190 1618 1320 1664 postea
1349 1617 1445 1650 terra
1475 1615 1648 1652 scinditur
1677 1616 1775 1654 Tro-

263 1682 511 1733 phoniumque
552 1682 714 1719 devorat.
784 1682 840 1718 Ita
872 1682 1070 1718 Pausanias
1101 1682 1176 1726 lx,
1209 1683 1263 1721 37
1298 1679 1334 1731 ἓ.
1363 1682 1410 1728 3,
1457 1695 1525 1718 nec
1565 1682 1666 1720 aliter
1698 1685 1775 1722 sere

263 1750 405 1787 Charax
435 1749 472 1785 in
503 1749 612 1786 schol.
643 1750 690 1786 ad
709 1748 891 1798 Aristoph.
910 1749 1009 1785 Nih.
1031 1748 1113 1789 504
1143 1748 1222 1784 coll.
1247 1748 1358 1796 Ilgen.
1389 1749 1437 1784 ad
1461 1748 1582 1797 hymn.
1605 1750 1774 1790 Homerr.

262 1830 347 1868 pag.
379 1815 472 1857 304.
530 1816 606 1853 lam
636 1817 794 1864 origines
829 1816 993 1853 Graecae
1031 1816 1135 1852 huius
1174 1815 1319 1852 fabulae
1355 1816 1384 1853 si
1418 1829 1573 1866 quaeras
1594 1847 1604 1865 ,
1654 1824 1776 1858 monet

262 1884 521 1921 Valckenarius
551 1884 598 1920 ad
627 1883 807 1921 Herodoti
836 1882 973 1920 locum:
1004 1883 1095 1930 „Ex
1124 1884 1315 1921 Herodoto
1345 1884 1513 1922 videntur
1541 1898 1563 1922 a
1593 1885 1774 1924 Graeculo

260 1952 420 2000 quodam
449 1952 605 2001 repetita
634 1956 744 2000 atque
773 1952 809 1987 in
826 1950 1054 1999 Agamedem
1075 1949 1110 1986 T
1114 1951 1401 2001 rophoniumque
1430 1953 1629 2002 translata,
1659 1968 1680 1992 e
1700 1969 1773 2005 quo

261 2033 326 2057 sua
353 2019 543 2056 hauserint
567 2019 712 2055 Charax
742 2022 778 2056 et
807 2018 1047 2055 Pausanias.“
1078 2018 1182 2061 Quae
1213 2020 1340 2056 eadem
1369 2021 1536 2071 placuere
1566 2022 1680 2071 Ilgen.
1704 2024 1770 2061 1.1.

263 2087 404 2123 Contra
433 2086 593 2123 fabulam
622 2099 706 2123 vere
732 2086 908 2123 Graecam
943 2091 979 2123 et
1018 2090 1148 2136 postea
1179 2087 1323 2124 deinum
1353 2088 1390 2124 in
1419 2088 1626 2139 Aegyptum
1655 2096 1773 2130 trans-

261 2153 372 2190 latam
412 2154 615 2203 cupideque
653 2154 699 2190 ab
734 2154 983 2191 sacerdotibus
1021 2158 1202 2204 arreptam
1243 2160 1279 2191 et
1316 2169 1383 2206 pro
1422 2169 1524 2193 more
1562 2164 1772 2197 exornatam

263 2233 343 2258 esse
373 2222 559 2258 contendit
588 2221 631 2257 C.
650 2221 695 2258 Ο.
717 2220 889 2258 Miillerus
919 2222 954 2258 in
984 2222 1203 2260 Orchomen.
1234 2236 1318 2273 pag.
1343 2227 1397 2265 97
1427 2237 1530 2273 seqq.
1560 2238 1582 2262 a
1605 2226 1772 2265 Creuzero

262 2288 440 2325 laudatus.
498 2289 739 2325 Buttmannus
769 2302 854 2326 vero
883 2288 949 2335 (de
978 2289 1112 2339 Minyis
1143 2303 1228 2341 pag.
1252 2292 1353 2339 203)
1401 2292 1558 2329 fabulam
1587 2295 1697 2331 refert
1723 2297 1771 2333 ad

262 2367 375 2404 vagas
406 2355 482 2392 illas
512 2355 674 2402 fabulas,
723 2369 816 2405 quae
845 2357 892 2393 ad
921 2358 1021 2394 varia
1045 2362 1084 2395 et
1112 2363 1278 2408 tempora
1307 2363 1346 2396 et
1381 2358 1460 2396 loca
1490 2361 1622 2398 suerint
1651 2367 1772 2400 trans-

262 2420 368 2458 latae.
425 2422 532 2465 Quae
555 2423 617 2472 qui
645 2424 871 2474 probaverit,
912 2425 941 2462 is
971 2425 1162 2462 Herodoto
1192 2438 1335 2463 omnem
1371 2426 1480 2463 fidem
1519 2428 1680 2477 deneget
1705 2443 1770 2468 ne-

263 2500 363 2525 cesse
393 2493 469 2534 est,
517 2502 626 2539 quam
656 2491 740 2528 mihi
776 2505 950 2528 summam
989 2506 1091 2540 esse,
1143 2493 1239 2530 haud
1268 2507 1340 2531 uno
1370 2493 1448 2531 loco
1478 2494 1549 2531 iam
1579 2496 1771 2534 declaravi.

264 2555 386 2598 Quare
433 2557 552 2594 malim
597 2559 645 2595 ad
682 2559 912 2597 Valckenarii
950 2565 1060 2609 atque
1107 2560 1237 2609 Ilgenii
1273 2565 1397 2612 partes
1439 2562 1611 2599 accedere
1655 2567 1691 2600 et
1725 2577 1768 2602 ex

262 2620 432 2671 Aegypto
473 2625 637 2662 Graecae
675 2626 819 2663 fabulae
856 2627 1015 2676 origines
1053 2632 1229 2678 repetere.
1287 2627 1345 2665 Ad
1371 2628 1610 2678 agriculturae
1646 2635 1767 2668 autem

262 2689 428 2726 notiones
459 2691 615 2729 fabulam
646 2696 811 2743 spectare
845 2693 902 2730 vix
940 2695 1107 2743 equidem
1145 2696 1349 2732 dubitarim.
1408 2696 1505 2733 Nam
1537 2695 1769 2747 Trophonium

263 2756 426 2793 novimus
459 2760 614 2796 eundem
644 2773 723 2798 esse
752 2766 862 2810 atque
897 2759 1111 2798 Mercurium
1140 2775 1241 2809 eum,
1279 2763 1341 2812 qui
1372 2764 1438 2800 sub
1466 2764 1572 2801 terris
1602 2765 1766 2813 habetur,

263 2818 425 2873 χθόνιος
454 2825 527 2863 sive
555 2821 774 2879 ἐριούνιοςς
803 2828 864 2878 qui
893 2830 1040 2878 quando
1073 2843 1093 2868 e
1123 2830 1271 2868 cameris
1303 2831 1556 2870 subterraneos
1578 2831 1764 2871 thesauros
