1909 3228
573 215 989 254 EUTERPE.
1042 217 1087 254 Π.

1359 218 1443 258 559

194 324 366 381 γύπτιοι
395 324 439 367 δὲ
467 321 553 367 ὑπὸ
591 324 694 376 τοὺς
737 326 958 377 θανάτους
996 324 1150 369 ᾱνιεΐσι
1187 325 1261 376 τὰς
1296 327 1443 381 τρίχας

196 403 424 456 αὔξεσθαι,
452 403 526 455 τάς
554 420 596 447 τε
628 405 674 447 ἐν
700 409 753 461 τῇ
782 410 949 461 κεφαλῇ
979 406 1135 461 καὶτῷ
1153 407 1312 461 γενείῳ,
1336 405 1442 456 τὲως

165 489 188 523 3
198 483 459 538 ἐξυρημένοι.

192 564 362 618 θηρίων
408 564 548 606 δίαιτα
590 562 880 615 ἀποκέκριται·

164 643 389 695 4θηρίοισι
418 640 444 696 ἡ
476 640 616 684 δίαιτά
648 642 746 685 ἐστι.

193 715 322 763 ὧλλοι
363 719 520 773 ζώουσι
533 735 542 744 ·

517 489 630 527 τοῖσι
668 484 745 539 μὲν
793 483 958 527 ἄλλοισι
1006 482 1271 538 ἀνθρώποισι
1313 485 1442 538 χωρὶς

942 565 1215 617 Αἰγυπτίοισι
1254 564 1299 606 δὲ
1329 563 1440 618 ὁμοῦ

809 640 892 684 ἀπὸ
930 640 1103 694 πυρέων
1141 642 1212 684 καὶ
1247 641 1466 695 κριθέωνῙ

601 722 851 775 Αἰγυπτίων
893 720 937 763 δὲ
974 724 1032 776 τῷ
1078 720 1317 776 ποιευμένῳ
1357 718 1440 763 ἀπὸ

191 799 358 842 τούτων
382 798 459 854 τὴν
490 798 610 853 ζόην,
651 800 816 850 ὄνειδος
845 797 1046 854 μέγιστόν
1075 798 1185 841 ἐστι·
1217 797 1322 842 ἄλλοι
1355 797 1435 843 ἀπὸ

191 877 386 932 ὀλυρέων
414 882 640 922 ποιεῦνται
670 880 804 930 σιτία,
832 878 906 929 τὰς
937 876 1046 931 ζειὰς
1074 879 1330 933 μετεξέτεροι
1359 895 1438 922 κα-

188 1060 441 1113 Αἰγυπτίοισι
467 1060 509 1101 δὲ
540 1059 641 1113 ὁμοῦ
662 1062 780 1114 θηρί-

134 1128 212 1156 οισι
257 1115 286 1168 ἦ
322 1115 453 1158 δίαιταΙ
493 1118 594 1164 ἔστι]
651 1120 779 1158 δίαιτα

132 1173 279 1210 omnino
299 1177 394 1211 vitae
415 1180 468 1213 est
499 1178 610 1221 ratio,
640 1176 782 1213 vivendi

132 1229 251 1266 modus
274 1243 316 1267 ac
337 1231 453 1279 locus,
484 1238 522 1269 ut
542 1233 578 1279 Ι,
600 1233 664 1273 35.
687 1234 777 1273 157.

132 1286 187 1332 ll,
240 1288 292 1327 68
316 1316 326 1333 ,
385 1302 476 1337 quos
528 1288 624 1325 locos
672 1290 779 1326 affert

130 1342 332 1390 Schweigh.
367 1344 486 1393 Atque
505 1345 656 1382 eandem
675 1358 780 1394 pror-

130 1411 190 1434 sus
218 1399 361 1435 vivendi
387 1401 562 1437 rationem
595 1400 778 1437 hominum

129 1466 208 1490 cum
229 1454 352 1491 bestiis
373 1456 577 1493 domesticis
597 1455 778 1504 hodieque

128 1510 283 1547 advertit
319 1511 356 1547 in
392 1510 562 1562 Aegypto
609 1511 778 1548 Minutoli

129 1565 260 1613 (Reise
287 1567 380 1604 nach
409 1568 492 1605 dem
510 1568 546 1605 Τ
549 1568 665 1618 empel
687 1569 774 1616 etc.)

128 1635 164 1672 p.
185 1622 277 1663 243.
319 1623 385 1660 Cr.
413 1625 459 1661 ad
480 1625 514 1661 h.
534 1624 557 1662 l.
584 1625 776 1673 adscripsit

128 1677 232 1715 haec:
263 1679 355 1725 ‚,Cf.
376 1680 503 1729 Zoega
534 1682 580 1717 de
608 1680 774 1718 obeliscc.

128 1747 165 1783 p.
187 1736 266 1774 283
288 1748 362 1783 seq.
383 1741 418 1772 et
436 1738 518 1773 add.
535 1736 711 1785 Descript.
729 1737 775 1774 de

129 1789 223 1837 l’Eg.
252 1790 320 1826 vol.
352 1791 383 1826 II
411 1805 446 1840 p.
476 1794 579 1838 331,
608 1792 669 1827 ubi
699 1793 776 1828 ani-

129 1845 235 1882 malia
251 1851 410 1884 veterum
430 1847 691 1897 Aegyptiorum
710 1849 776 1884 do-

129 1902 277 1938 mestica
298 1909 559 1948 memorantur3
589 1904 624 1940 in
647 1904 775 1951 quibus

129 1962 250 1995 tamen
278 1971 351 1994 non
387 1960 529 1995 fuerunt
562 1964 597 1996 et
627 1958 773 2008 elephas

130 2018 166 2051 et
195 2014 390 2051 camelus.“
449 2016 557 2058 Quod
585 2020 774 2063 utrumque

128 2069 259 2106 animal
285 2071 321 2106 in
345 2070 557 2120 anaglyphis
583 2085 624 2108 ac
647 2084 775 2107 monu-

127 2126 256 2162 mentis
281 2125 512 2176 Aegyptiacis
550 2140 628 2164 cum
664 2127 773 2175 vulgo

128 2183 257 2219 deesse
282 2188 469 2232 putaretur
487 2213 498 2230 ‚
532 2196 552 2219 a
584 2197 623 2221 se
649 2183 774 2219 inven-

126 2243 201 2275 tum
224 2252 302 2275 esse
323 2244 426 2275 notat
443 2239 609 2276 Minutoli
633 2238 656 2275 l.
675 2239 772 2275 laud.

126 2307 212 2344 pag.
239 2296 331 2336 293.
405 2295 524 2332 Valuit
552 2301 671 2334 autem
706 2295 774 2332 hoc

126 2351 221 2387 vitae
251 2351 354 2399 quasi
388 2353 606 2389 consortium
635 2351 771 2387 anima-

126 2405 211 2442 lium
238 2411 346 2454 atque
372 2406 552 2444 hominum
580 2409 627 2445 ad
645 2420 771 2444 conse-

128 2462 260 2497 cranda
279 2467 314 2498 et
334 2464 546 2500 medicanda
567 2462 770 2500 animalium

129 2529 300 2567 corpora,
348 2531 420 2566 quo
451 2524 590 2569 spectat
620 2520 769 2567 zoegae

127 2572 149 2611 l.
166 2572 187 2609 l.
229 2572 290 2608 Tu
307 2573 377 2609 vid.
396 2580 486 2611 nott.
506 2576 553 2611 ad
573 2575 627 2622 ΙΙ,
647 2578 711 2616 67.

184 2623 264 2666 cino*
293 2623 462 2679 ὀλυρέων
485 2632 688 2669 ποιεῦνται
709 2641 767 2668 σι-

126 2684 213 2730 τία,
243 2681 311 2730 τιὶς
333 2682 434 2732 ζειάς
449 2684 682 2738 μετεξέτεροι
702 2701 768 2724 κα-

127 2739 279 2790 λέουσι]
321 2738 421 2787 ζειάς
456 2743 654 2792 recepimus
689 2756 768 2779 cum

126 2800 273 2834 recentt.
291 2810 358 2846 pro
375 2797 470 2846 vulg.
493 2793 592 2844 ζεάς.
647 2798 769 2848 Atque

124 2853 386 2901 Buttmannus,
413 2859 583 2893 monente
610 2853 641 2892 C
647 2867 699 2901 r.,
730 2855 768 2891 in

845 1060 1009 1110 Lexilog.
1053 1075 1140 1112 pag.
1177 1064 1256 1104 198
1294 1062 1491 1109 contendit,

847 1114 969 1165 ὅλυρα
989 1119 1272 1167 antiquissimam
1295 1119 1413 1155 hordei
1427 1132 1494 1168 ap-

845 1174 1076 1224 pellationem
1093 1188 1173 1212 esse
1196 1176 1353 1224 indeque
1378 1175 1493 1212 simile

844 1231 1011 1267 frumenti
1029 1244 1143 1279 genus
1166 1232 1371 1279 designare.
1424 1231 1493 1267 Cui

845 1299 917 1322 non
938 1299 1197 1336 usquequaque
1228 1288 1284 1324 hic
1313 1287 1493 1335 suffraga-

844 1346 902 1377 tur
915 1342 1025 1379 locus.
1082 1343 1179 1380 Nam
1209 1344 1255 1379 ab
1283 1343 1404 1380 hordeo
1437 1344 1492 1380 di-

843 1409 985 1434 versum
1006 1411 1106 1445 esse,
1136 1412 1178 1436 ex
1197 1400 1490 1436 antecedentibus

845 1453 930 1489 satis
957 1453 1191 1502 perspicitur;
1227 1455 1273 1490 ad
1301 1468 1491 1493 commune

842 1510 914 1558 τῆς
934 1509 1021 1556 ζεᾶς
1048 1521 1162 1557 genus
1193 1510 1409 1559 pertinuisse
1438 1511 1491 1547 xi-

844 1565 950 1602 detur
974 1562 1094 1617 ὅλυρα
1125 1571 1298 1615 tanquam
1337 1567 1488 1617 species.

844 1621 953 1664 Quod
974 1622 1069 1659 enim
1087 1623 1314 1671 distinguunt
1336 1631 1372 1660 et
1391 1626 1489 1660 triti-

843 1690 920 1714 cum
949 1677 1074 1727 Spelta
1113 1678 1306 1727 (Dinkel)
1344 1684 1380 1716 et
1409 1679 1489 1718 Zea

842 1733 1006 1783 (Spelz),
1035 1740 1227 1783 utrumque
1247 1736 1355 1772 etiam
1375 1749 1489 1785 equo-

841 1802 920 1825 rum
950 1790 1119 1840 pabulum
1163 1791 1341 1837 (Homer.
1373 1792 1412 1828 Il.
1441 1792 1487 1838 V,

845 1845 944 1892 196)
977 1849 1013 1882 et
1042 1847 1219 1882 communi
1244 1846 1341 1883 Zeas
1360 1847 1488 1897 appel-

842 1900 976 1938 latione
1004 1901 1223 1948 indicatum,
1258 1901 1345 1938 illud
1373 1903 1402 1939 si
1427 1915 1487 1940 ac-

841 1958 997 1993 curatius
1027 1957 1206 2005 loquaris‚
1246 1954 1390 2008 ὅλνρα,
1418 1959 1487 1996 hoc

842 2009 905 2058 ζεά
923 2013 1095 2062 appellari
1114 2014 1232 2051 debet.
1250 2014 1331 2050 Vid.
1345 2015 1484 2064 Spren-

841 2068 910 2116 gel.
933 2069 1013 2105 hist.
1039 2070 1160 2106 botan.
1190 2070 1204 2106 Ι
1231 2082 1316 2118 pag.
1334 2072 1387 2111 36
1407 2071 1484 2108 coll.

839 2137 924 2174 pag.
957 2127 1020 2165 60.
1096 2125 1135 2161 ln
1173 2126 1366 2162 Homerico
1404 2127 1483 2164 loco

839 2181 973 2228 Odyss.
995 2181 1056 2228 IV,
1077 2181 1130 2222 42
1160 2182 1320 2218 Νῒῑεοῇ.
1342 2196 1377 2232 p.
1400 2185 1483 2225 236

841 2233 942 2282 ζειιὲς
966 2237 1221 2286 interpretatur
1236 2238 1346 2287 farra
1371 2239 1483 2283 (Din-

838 2293 916 2339 kel)
940 2295 1134 2330 secundum
1151 2294 1276 2342 Virgil.
1298 2295 1433 2343 Georg.
1452 2295 1481 2342 I,

838 2351 913 2395 73,
945 2349 1002 2385 ubi
1025 2350 1095 2386 vid.
1127 2350 1154 2386 Ι.
1175 2350 1222 2386 Η.
1244 2350 1371 2395 Voss.;
1400 2351 1479 2388 aliis

836 2410 957 2442 tamen
984 2405 1070 2442 locis
1107 2405 1174 2452 (Il.
1193 2406 1238 2453 V,
1263 2407 1353 2447 196.
1381 2407 1479 2454 VIII,

836 2461 937 2509 564)
958 2462 1053 2498 idem
1072 2463 1237 2500 frumenti
1262 2476 1374 2510 genus
1396 2460 1481 2501 ὄλυ-

836 2532 910 2568 ραν
935 2519 1002 2554 dici
1017 2522 1149 2554 monet.
1187 2517 1239 2554 Ac
1257 2518 1362 2555 Link.
1387 2520 1480 2566 (Ur-

835 2574 916 2611 welt
933 2580 997 2611 etc.
1025 2588 1060 2624 p.
1077 2575 1177 2619 212)
1198 2576 1343 2611 nomina
1362 2576 1480 2613 Grae-

835 2642 875 2666 ca
896 2627 975 2676 ζειοέ
1006 2635 1114 2678 atque
1141 2627 1262 2680 ὅλυρα
1291 2631 1375 2668 nihil
1407 2632 1478 2669 nisi

836 2685 942 2735 Spelz
971 2686 1170 2734 significare
1192 2685 1287 2733 vult,
1318 2701 1397 2724 cum
1414 2700 1477 2725 va-

833 2743 894 2778 riis
916 2743 1134 2791 temporibus
1154 2743 1262 2778 modo
1282 2744 1349 2780 hoc
1367 2745 1476 2780 modo

833 2798 921 2834 illud
948 2811 1081 2835 nomen
1104 2799 1141 2835 in
1161 2812 1227 2835 usu
1245 2800 1360 2836 fuerit.
1415 2799 1475 2837 Ad

832 2854 1059 2892 Herodotum
1091 2859 1131 2892 ut
1156 2859 1341 2904 revertar,
1380 2856 1475 2894 infra
