<?xml version="1.0" encoding="UTF-8"?>
<!DOCTYPE html PUBLIC "-//W3C//DTD XHTML 1.0 Transitional//EN"
    "http://www.w3.org/TR/xhtml1/DTD/xhtml1-transitional.dtd">
<html xmlns="http://www.w3.org/1999/xhtml" xml:lang="en" lang="en">
 <head>
  <title>
</title>
<meta http-equiv="Content-Type" content="text/html;charset=utf-8" />
  <meta name='ocr-system' content='tesseract 3.04.00' />
  <meta name='ocr-capabilities' content='ocr_page ocr_carea ocr_par ocr_line ocrx_word'/>
</head>
<body>
  <div class='ocr_page' id='page_1' title='image "./musaeherodoto01hero/musaeherodoto01hero_0374.png"; bbox 0 0 1909 3228; ppageno 0'>
   <div class='ocr_carea' id='block_1_1' title="bbox 282 866 379 910">
    <p class='ocr_par' dir='ltr' id='par_1_1' title="bbox 282 866 379 910">
     <span class='ocr_line' id='line_1_1' title="bbox 282 866 379 910; baseline 0 -1"><span class='ocrx_word' id='word_1_1' title='bbox 282 866 379 910; x_wconf 84' lang='lat'><strong>162</strong></span> 
     </span>
    </p>
   </div>
   <div class='ocr_carea' id='block_1_2' title="bbox 110 930 383 1059">
    <p class='ocr_par' dir='ltr' id='par_1_2' title="bbox 110 930 383 1059">
     <span class='ocr_line' id='line_1_2' title="bbox 110 930 383 965; baseline -0.007 -8"><span class='ocrx_word' id='word_1_2' title='bbox 110 930 270 965; x_wconf 70' lang='lat' dir='ltr'><strong>Harpagus</strong></span> <span class='ocrx_word' id='word_1_3' title='bbox 291 930 383 964; x_wconf 72' lang='lat' dir='ltr'><strong>impe-</strong></span> 
     </span>
     <span class='ocr_line' id='line_1_3' title="bbox 111 965 382 996; baseline -0.004 -6"><span class='ocrx_word' id='word_1_4' title='bbox 111 965 157 990; x_wconf 78' lang='lat' dir='ltr'><strong>rio</strong></span> <span class='ocrx_word' id='word_1_5' title='bbox 167 965 320 996; x_wconf 75' lang='lat' dir='ltr'><strong>suffectus,</strong></span> <span class='ocrx_word' id='word_1_6' title='bbox 330 971 382 995; x_wconf 62' lang='lat' dir='ltr'><strong>ag-</strong></span> 
     </span>
     <span class='ocr_line' id='line_1_4' title="bbox 110 996 383 1059; baseline -0.004 -35"><span class='ocrx_word' id='word_1_7' title='bbox 110 996 247 1059; x_wconf 50' lang='lat' dir='ltr'><strong>{Ir&#39;editur</strong></span> <span class='ocrx_word' id='word_1_8' title='bbox 254 996 383 1024; x_wconf 79' lang='lat' dir='ltr'><strong>Phocae-</strong></span> 
     </span>
    </p>
   </div>
   <div class='ocr_carea' id='block_1_3' title="bbox 283 1574 381 1619">
    <p class='ocr_par' dir='ltr' id='par_1_3' title="bbox 283 1574 381 1619">
     <span class='ocr_line' id='line_1_5' title="bbox 283 1574 381 1619; baseline 0 0"><span class='ocrx_word' id='word_1_9' title='bbox 283 1574 381 1619; x_wconf 83' lang='lat'><strong>163</strong></span> 
     </span>
    </p>
   </div>
   <div class='ocr_carea' id='block_1_4' title="bbox 114 1636 390 1707">
    <p class='ocr_par' dir='ltr' id='par_1_4' title="bbox 114 1636 390 1707">
     <span class='ocr_line' id='line_1_6' title="bbox 114 1636 347 1666; baseline 0.004 -1"><span class='ocrx_word' id='word_1_10' title='bbox 114 1636 347 1666; x_wconf 65' lang='lat' dir='ltr'>Phocaeensium</span> 
     </span>
     <span class='ocr_line' id='line_1_7' title="bbox 114 1672 390 1707; baseline -0.004 -7"><span class='ocrx_word' id='word_1_11' title='bbox 114 1672 224 1707; x_wconf 76' lang='lat' dir='ltr'><strong>longao</strong></span> <span class='ocrx_word' id='word_1_12' title='bbox 267 1672 390 1707; x_wconf 79' lang='lat' dir='ltr'><strong>naviga-</strong></span> 
     </span>
    </p>
   </div>
   <div class='ocr_carea' id='block_1_5' title="bbox 431 201 1294 246">
    <p class='ocr_par' dir='ltr' id='par_1_5' title="bbox 431 201 1294 246">
     <span class='ocr_line' id='line_1_8' title="bbox 431 201 1294 246; baseline -0.009 0"><span class='ocrx_word' id='word_1_13' title='bbox 431 207 514 246; x_wconf 76' lang='lat'><strong>360</strong></span> <span class='ocrx_word' id='word_1_14' title='bbox 823 201 1294 240; x_wconf 78' lang='lat' dir='ltr'><strong>HERODO&#39;I&#39;I</strong></span> 
     </span>
    </p>
   </div>
   <div class='ocr_carea' id='block_1_6' title="bbox 426 311 767 369">
    <p class='ocr_par' dir='ltr' id='par_1_6' title="bbox 426 311 767 369">
     <span class='ocr_line' id='line_1_9' title="bbox 426 311 767 369; baseline -0.015 -13"><span class='ocrx_word' id='word_1_15' title='bbox 426 329 506 369; x_wconf 75' lang='grc' dir='ltr'><em>’της</em></span> <span class='ocrx_word' id='word_1_16' title='bbox 552 311 767 368; x_wconf 79' lang='grc' dir='ltr'><em>γινόμενα.</em></span> 
     </span>
    </p>
   </div>
   <div class='ocr_carea' id='block_1_7' title="bbox 827 309 1679 366">
    <p class='ocr_par' dir='ltr' id='par_1_7' title="bbox 827 309 1679 366">
     <span class='ocr_line' id='line_1_10' title="bbox 827 309 1679 366; baseline 0 -15"><span class='ocrx_word' id='word_1_17' title='bbox 827 314 928 352; x_wconf 84' lang='grc' dir='ltr'><em>Χῖοι</em></span> <span class='ocrx_word' id='word_1_18' title='bbox 976 309 1054 364; x_wconf 84' lang='grc' dir='ltr'><em>μέν</em></span> <span class='ocrx_word' id='word_1_19' title='bbox 1093 325 1176 352; x_wconf 86' lang='grc' dir='ltr'><strong>νυν</strong></span> <span class='ocrx_word' id='word_1_20' title='bbox 1218 312 1426 366; x_wconf 86' lang='grc' dir='ltr'><em>Πακτύην</em></span> <span class='ocrx_word' id='word_1_21' title='bbox 1467 310 1679 362; x_wconf 81' lang='grc' dir='ltr'><strong><em>ἐξέδοσαν.</em></strong></span> 
     </span>
    </p>
   </div>
   <div class='ocr_carea' id='block_1_8' title="bbox 276 386 1684 445">
    <p class='ocr_par' dir='ltr' id='par_1_8' title="bbox 276 386 1684 445">
     <span class='ocr_line' id='line_1_11' title="bbox 276 386 1684 445; baseline -0.003 -9"><span class='ocrx_word' id='word_1_22' title='bbox 276 391 372 436; x_wconf 85' lang='grc'><strong>161</strong></span> <span class='ocrx_word' id='word_1_23' title='bbox 435 391 642 445; x_wconf 80' lang='grc' dir='ltr'><em>Μαζάρης</em></span> <span class='ocrx_word' id='word_1_24' title='bbox 671 390 714 432; x_wconf 75' lang='grc' dir='ltr'><strong>δὲ</strong></span> <span class='ocrx_word' id='word_1_25' title='bbox 744 386 847 442; x_wconf 70' lang='grc' dir='ltr'><em>μετὰ</em></span> <span class='ocrx_word' id='word_1_26' title='bbox 871 391 1007 430; x_wconf 81' lang='grc' dir='ltr'><em>ταῦτα</em></span> <span class='ocrx_word' id='word_1_27' title='bbox 1037 387 1310 439; x_wconf 76' lang='grc' dir='ltr'><em>ἐστρατεύετο</em></span> <span class='ocrx_word' id='word_1_28' title='bbox 1350 387 1420 431; x_wconf 83' lang='grc' dir='ltr'><strong>ἐπὶ</strong></span> <span class='ocrx_word' id='word_1_29' title='bbox 1449 388 1550 440; x_wconf 83' lang='grc' dir='ltr'><em>τούς</em></span> <span class='ocrx_word' id='word_1_30' title='bbox 1583 401 1684 444; x_wconf 89' lang='grc' dir='ltr'><em>συμ-</em></span> 
     </span>
    </p>
   </div>
   <div class='ocr_carea' id='block_1_9' title="bbox 109 454 382 524">
    <p class='ocr_par' dir='ltr' id='par_1_9' title="bbox 109 454 382 524">
     <span class='ocr_line' id='line_1_12' title="bbox 109 454 382 490; baseline 0 -8"><span class='ocrx_word' id='word_1_31' title='bbox 109 454 246 482; x_wconf 64' lang='lat' dir='ltr'><strong>Mazarae</strong></span> <span class='ocrx_word' id='word_1_32' title='bbox 257 475 266 490; x_wconf 90' lang='lat'><strong>‚</strong></span> <span class='ocrx_word' id='word_1_33' title='bbox 289 455 382 482; x_wconf 72' lang='lat' dir='ltr'><strong>variis</strong></span> 
     </span>
     <span class='ocr_line' id='line_1_13' title="bbox 109 489 381 524; baseline 0.011 -10"><span class='ocrx_word' id='word_1_34' title='bbox 109 489 197 515; x_wconf 81' lang='lat' dir='ltr'><strong>rebus</strong></span> <span class='ocrx_word' id='word_1_35' title='bbox 207 494 311 524; x_wconf 68' lang='lat' dir='ltr'><strong>genus,</strong></span> <span class='ocrx_word' id='word_1_36' title='bbox 321 490 381 517; x_wconf 66' lang='lat' dir='ltr'>1110ss</span> 
     </span>
    </p>
   </div>
   <div class='ocr_carea' id='block_1_10' title="bbox 106 465 1687 550">
    <p class='ocr_par' dir='ltr' id='par_1_10' title="bbox 106 465 1687 550">
     <span class='ocr_line' id='line_1_14' title="bbox 125 465 1687 527; baseline -0.001 -16"><span class='ocrx_word' id='word_1_37' title='bbox 125 522 130 527; x_wconf 27' lang='lat'>¹</span> <span class='ocrx_word' id='word_1_38' title='bbox 410 467 811 523; x_wconf 71' lang='grc' dir='ltr'><em>Ξπολιορκήσαντας</em></span> <span class='ocrx_word' id='word_1_39' title='bbox 839 466 1055 521; x_wconf 79' lang='grc' dir='ltr'><em>Τάβαλον.</em></span> <span class='ocrx_word' id='word_1_40' title='bbox 1089 466 1162 508; x_wconf 85' lang='grc' dir='ltr'><strong>καὶ</strong></span> <span class='ocrx_word' id='word_1_41' title='bbox 1190 469 1318 508; x_wconf 90' lang='grc' dir='ltr'><em>τοῦτο</em></span> <span class='ocrx_word' id='word_1_42' title='bbox 1342 465 1442 522; x_wconf 76' lang='grc' dir='ltr'><em>μὲν,</em></span> <span class='ocrx_word' id='word_1_43' title='bbox 1476 467 1687 523; x_wconf 77' lang='grc' dir='ltr'><em>Πριηνέας</em></span> 
     </span>
     <span class='ocr_line' id='line_1_15' title="bbox 106 526 196 550; baseline 0.022 -2"><span class='ocrx_word' id='word_1_44' title='bbox 106 526 196 550; x_wconf 64' lang='lat' dir='ltr'>Inur-</span> 
     </span>
    </p>
   </div>
   <div class='ocr_carea' id='block_1_11' title="bbox 440 543 1740 603">
    <p class='ocr_par' dir='ltr' id='par_1_11' title="bbox 440 543 1740 603">
     <span class='ocr_line' id='line_1_16' title="bbox 440 543 1740 603; baseline -0.003 -12"><span class='ocrx_word' id='word_1_45' title='bbox 440 546 848 603; x_wconf 72' lang='grc' dir='ltr'><em>ἐξηνδραποδίσατο·</em></span> <span class='ocrx_word' id='word_1_46' title='bbox 879 548 1010 588; x_wconf 82' lang='grc' dir='ltr'><em>τοῦτο</em></span> <span class='ocrx_word' id='word_1_47' title='bbox 1042 545 1111 596; x_wconf 76' lang='grc' dir='ltr'><strong>δὲ,</strong></span> <span class='ocrx_word' id='word_1_48' title='bbox 1140 543 1404 599; x_wconf 63' lang='grc' dir='ltr'><em>[Μαιάνδρου</em></span> <span class='ocrx_word' id='word_1_49' title='bbox 1421 547 1570 588; x_wconf 81' lang='grc' dir='ltr'><em>πεδίον</em></span> <span class='ocrx_word' id='word_1_50' title='bbox 1600 550 1740 588; x_wconf 65' lang='lat' dir='ltr'><strong>navos</strong></span> 
     </span>
    </p>
   </div>
   <div class='ocr_carea' id='block_1_12' title="bbox 433 621 1688 682">
    <p class='ocr_par' dir='ltr' id='par_1_12' title="bbox 433 621 1688 682">
     <span class='ocr_line' id='line_1_17' title="bbox 433 621 1688 682; baseline -0.004 -12"><span class='ocrx_word' id='word_1_51' title='bbox 433 627 664 680; x_wconf 78' lang='grc' dir='ltr'><em>ἐπέδραμε,</em></span> <span class='ocrx_word' id='word_1_52' title='bbox 693 625 819 679; x_wconf 83' lang='grc' dir='ltr'><em>λη’ίήν</em></span> <span class='ocrx_word' id='word_1_53' title='bbox 848 621 1105 678; x_wconf 82' lang='grc' dir='ltr'><em>ποιεύμενος</em></span> <span class='ocrx_word' id='word_1_54' title='bbox 1124 627 1185 682; x_wconf 77' lang='grc' dir='ltr'><strong>τῷ</strong></span> <span class='ocrx_word' id='word_1_55' title='bbox 1204 626 1391 679; x_wconf 82' lang='grc' dir='ltr'><em>στρατῷ·</em></span> <span class='ocrx_word' id='word_1_56' title='bbox 1425 625 1688 680; x_wconf 72' lang='grc' dir='ltr'><em>Μαγνησίην</em></span> 
     </span>
    </p>
   </div>
   <div class='ocr_carea' id='block_1_13' title="bbox 436 700 1688 759">
    <p class='ocr_par' dir='ltr' id='par_1_13' title="bbox 436 700 1688 759">
     <span class='ocr_line' id='line_1_18' title="bbox 436 700 1688 759; baseline -0.002 -12"><span class='ocrx_word' id='word_1_57' title='bbox 436 704 481 747; x_wconf 74' lang='grc' dir='ltr'><strong>δὲ</strong></span> <span class='ocrx_word' id='word_1_58' title='bbox 516 701 734 754; x_wconf 77' lang='grc' dir='ltr'><em>ὦσαύτως.</em></span> <span class='ocrx_word' id='word_1_59' title='bbox 793 703 896 758; x_wconf 76' lang='grc' dir='ltr'><em>μετὰ</em></span> <span class='ocrx_word' id='word_1_60' title='bbox 943 702 987 746; x_wconf 80' lang='grc' dir='ltr'><strong>δὲ</strong></span> <span class='ocrx_word' id='word_1_61' title='bbox 1041 706 1177 746; x_wconf 87' lang='grc' dir='ltr'><em>ταῦτα</em></span> <span class='ocrx_word' id='word_1_62' title='bbox 1226 700 1382 745; x_wconf 82' lang='grc' dir='ltr'><em>αὐτίκα</em></span> <span class='ocrx_word' id='word_1_63' title='bbox 1430 700 1579 759; x_wconf 83' lang='grc' dir='ltr'><em>νούσῳ</em></span> <span class='ocrx_word' id='word_1_64' title='bbox 1626 717 1688 745; x_wconf 90' lang='grc' dir='ltr'><em>τε-</em></span> 
     </span>
    </p>
   </div>
   <div class='ocr_carea' id='block_1_14' title="bbox 436 786 576 839">
    <p class='ocr_par' dir='ltr' id='par_1_14' title="bbox 436 786 576 839">
     <span class='ocr_line' id='line_1_19' title="bbox 436 786 576 839; baseline -0.014 -13"><span class='ocrx_word' id='word_1_65' title='bbox 436 786 576 839; x_wconf 75' lang='grc' dir='ltr'><em>λευτςῖ.</em></span> 
     </span>
    </p>
   </div>
   <div class='ocr_carea' id='block_1_15' title="bbox 546 858 1690 915">
    <p class='ocr_par' dir='ltr' id='par_1_15' title="bbox 546 858 1690 915">
     <span class='ocr_line' id='line_1_20' title="bbox 546 858 1690 915; baseline -0.002 -12"><span class='ocrx_word' id='word_1_66' title='bbox 546 858 866 911; x_wconf 69' lang='grc' dir='ltr'><em>Ἀποθανόντος</em></span> <span class='ocrx_word' id='word_1_67' title='bbox 897 859 941 904; x_wconf 77' lang='grc' dir='ltr'><strong>δὲ</strong></span> <span class='ocrx_word' id='word_1_68' title='bbox 971 859 1152 912; x_wconf 87' lang='grc' dir='ltr'><em>τούτου,</em></span> <span class='ocrx_word' id='word_1_69' title='bbox 1172 860 1393 915; x_wconf 68' lang='grc' dir='ltr'><em>’Ἅρπαγος</em></span> <span class='ocrx_word' id='word_1_70' title='bbox 1416 858 1572 914; x_wconf 81' lang='grc' dir='ltr'><em>κατέβη</em></span> <span class='ocrx_word' id='word_1_71' title='bbox 1593 858 1690 902; x_wconf 83' lang='grc' dir='ltr'><em>διά-</em></span> 
     </span>
    </p>
   </div>
   <div class='ocr_carea' id='block_1_16' title="bbox 441 938 1691 995">
    <p class='ocr_par' dir='ltr' id='par_1_16' title="bbox 441 938 1691 995">
     <span class='ocr_line' id='line_1_21' title="bbox 441 938 1691 995; baseline -0.004 -11"><span class='ocrx_word' id='word_1_72' title='bbox 441 941 568 995; x_wconf 86' lang='grc' dir='ltr'><em>δοχος</em></span> <span class='ocrx_word' id='word_1_73' title='bbox 595 942 673 994; x_wconf 87' lang='grc' dir='ltr'><strong>τῆς</strong></span> <span class='ocrx_word' id='word_1_74' title='bbox 703 940 976 994; x_wconf 84' lang='grc' dir='ltr'><em>στρατηγίης,</em></span> <span class='ocrx_word' id='word_1_75' title='bbox 1029 941 1154 994; x_wconf 72' lang='grc' dir='ltr'><em>γένος</em></span> <span class='ocrx_word' id='word_1_76' title='bbox 1193 940 1266 982; x_wconf 86' lang='grc' dir='ltr'><strong>καὶ</strong></span> <span class='ocrx_word' id='word_1_77' title='bbox 1303 938 1433 989; x_wconf 84' lang='grc' dir='ltr'><em>αὐτὸς</em></span> <span class='ocrx_word' id='word_1_78' title='bbox 1474 938 1556 981; x_wconf 79' lang='grc' dir='ltr'><em>ἐών</em></span> <span class='ocrx_word' id='word_1_79' title='bbox 1586 942 1691 993; x_wconf 68' lang='grc' dir='ltr'><strong>Ιῑᾶῆ-</strong></span> 
     </span>
    </p>
   </div>
   <div class='ocr_carea' id='block_1_17' title="bbox 442 1014 1748 1074">
    <p class='ocr_par' dir='ltr' id='par_1_17' title="bbox 442 1014 1748 1074">
     <span class='ocr_line' id='line_1_22' title="bbox 442 1014 1748 1074; baseline -0.002 -12"><span class='ocrx_word' id='word_1_80' title='bbox 442 1021 539 1071; x_wconf 78' lang='grc' dir='ltr'><em>δος,</em></span> <span class='ocrx_word' id='word_1_81' title='bbox 569 1017 647 1061; x_wconf 87' lang='grc' dir='ltr'><em>τὸν</em></span> <span class='ocrx_word' id='word_1_82' title='bbox 678 1015 700 1061; x_wconf 91' lang='grc' dir='ltr'>ὁ</span> <span class='ocrx_word' id='word_1_83' title='bbox 730 1017 901 1074; x_wconf 80' lang='grc' dir='ltr'><em>Μήδων</em></span> <span class='ocrx_word' id='word_1_84' title='bbox 930 1017 1132 1073; x_wconf 78' lang='grc' dir='ltr'><em>βασιλεὺς</em></span> <span class='ocrx_word' id='word_1_85' title='bbox 1157 1016 1393 1073; x_wconf 79' lang='grc' dir='ltr'><em>Ἀστυάγης</em></span> <span class='ocrx_word' id='word_1_86' title='bbox 1423 1014 1571 1072; x_wconf 85' lang='grc' dir='ltr'><em>αὐόμῳ</em></span> <span class='ocrx_word' id='word_1_87' title='bbox 1591 1033 1687 1071; x_wconf 77' lang='grc' dir='ltr'><em>τρα-</em></span> <span class='ocrx_word' id='word_1_88' title='bbox 1703 1025 1748 1058; x_wconf 90' lang='lat'><strong>70</strong></span> 
     </span>
    </p>
   </div>
   <div class='ocr_carea' id='block_1_18' title="bbox 441 1095 1692 1156">
    <p class='ocr_par' dir='ltr' id='par_1_18' title="bbox 441 1095 1692 1156">
     <span class='ocr_line' id='line_1_23' title="bbox 441 1095 1692 1156; baseline -0.003 -14"><span class='ocrx_word' id='word_1_89' title='bbox 441 1099 544 1156; x_wconf 78' lang='grc' dir='ltr'><em>πέζῃ</em></span> <span class='ocrx_word' id='word_1_90' title='bbox 576 1098 738 1148; x_wconf 76' lang='grc' dir='ltr'><em>ἔδαισε,</em></span> <span class='ocrx_word' id='word_1_91' title='bbox 778 1095 800 1139; x_wconf 92' lang='grc' dir='ltr'>ὁ</span> <span class='ocrx_word' id='word_1_92' title='bbox 832 1099 892 1154; x_wconf 78' lang='grc' dir='ltr'><strong>τῷ</strong></span> <span class='ocrx_word' id='word_1_93' title='bbox 921 1096 1061 1152; x_wconf 85' lang='grc' dir='ltr'><em>Κύρῳ</em></span> <span class='ocrx_word' id='word_1_94' title='bbox 1091 1096 1170 1154; x_wconf 78' lang='grc' dir='ltr'><em>τήν</em></span> <span class='ocrx_word' id='word_1_95' title='bbox 1207 1099 1436 1153; x_wconf 70' lang='grc' dir='ltr'><em>βασιληίην</em></span> <span class='ocrx_word' id='word_1_96' title='bbox 1465 1108 1692 1151; x_wconf 81' lang='grc' dir='ltr'><em>συγκατερ-</em></span> 
     </span>
    </p>
   </div>
   <div class='ocr_carea' id='block_1_19' title="bbox 412 1170 1694 1233">
    <p class='ocr_par' dir='ltr' id='par_1_19' title="bbox 412 1170 1694 1233">
     <span class='ocr_line' id='line_1_24' title="bbox 412 1170 1694 1233; baseline -0.003 -12"><span class='ocrx_word' id='word_1_97' title='bbox 412 1176 694 1233; x_wconf 68' lang='grc' dir='ltr'><em>Ξγασάμενος.</em></span> <span class='ocrx_word' id='word_1_98' title='bbox 755 1170 884 1226; x_wconf 81' lang='grc' dir='ltr'><em>οὗτος</em></span> <span class='ocrx_word' id='word_1_99' title='bbox 915 1173 1032 1231; x_wconf 77' lang='grc' dir='ltr'><em>ὡνήρ</em></span> <span class='ocrx_word' id='word_1_100' title='bbox 1063 1176 1158 1220; x_wconf 88' lang='grc' dir='ltr'><em>τότε</em></span> <span class='ocrx_word' id='word_1_101' title='bbox 1195 1175 1280 1220; x_wconf 82' lang='grc' dir='ltr'><strong>ὑπὸ</strong></span> <span class='ocrx_word' id='word_1_102' title='bbox 1321 1175 1478 1230; x_wconf 89' lang='grc' dir='ltr'><em>Κύρου</em></span> <span class='ocrx_word' id='word_1_103' title='bbox 1518 1185 1694 1231; x_wconf 86' lang='grc' dir='ltr'><em>στρατη-</em></span> 
     </span>
    </p>
   </div>
   <div class='ocr_carea' id='block_1_20' title="bbox 440 1251 1695 1312">
    <p class='ocr_par' dir='ltr' id='par_1_20' title="bbox 440 1251 1695 1312">
     <span class='ocr_line' id='line_1_25' title="bbox 440 1251 1695 1312; baseline -0.002 -12"><span class='ocrx_word' id='word_1_104' title='bbox 440 1255 517 1312; x_wconf 70' lang='grc' dir='ltr'><strong>γὸς</strong></span> <span class='ocrx_word' id='word_1_105' title='bbox 547 1255 824 1310; x_wconf 79' lang='grc' dir='ltr'><em>ἀποδεχθεὶς,</em></span> <span class='ocrx_word' id='word_1_106' title='bbox 874 1251 932 1305; x_wconf 72' lang='grc' dir='ltr'><strong>ὥς</strong></span> <span class='ocrx_word' id='word_1_107' title='bbox 962 1254 1136 1299; x_wconf 71' lang='grc' dir='ltr'><em>ἀπίκετο</em></span> <span class='ocrx_word' id='word_1_108' title='bbox 1167 1254 1209 1307; x_wconf 81' lang='grc' dir='ltr'><strong>ἐς</strong></span> <span class='ocrx_word' id='word_1_109' title='bbox 1237 1254 1316 1311; x_wconf 76' lang='grc' dir='ltr'><em>τήν</em></span> <span class='ocrx_word' id='word_1_110' title='bbox 1343 1254 1528 1310; x_wconf 87' lang='grc' dir='ltr'><em>Ἰωνίην,</em></span> <span class='ocrx_word' id='word_1_111' title='bbox 1578 1255 1695 1309; x_wconf 80' lang='grc' dir='ltr'><em>αἵρεε</em></span> 
     </span>
    </p>
   </div>
   <div class='ocr_carea' id='block_1_21' title="bbox 440 1331 1695 1390">
    <p class='ocr_par' dir='ltr' id='par_1_21' title="bbox 440 1331 1695 1390">
     <span class='ocr_line' id='line_1_26' title="bbox 440 1331 1695 1390; baseline -0.002 -12"><span class='ocrx_word' id='word_1_112' title='bbox 440 1335 516 1385; x_wconf 73' lang='grc' dir='ltr'><strong>τὰς</strong></span> <span class='ocrx_word' id='word_1_113' title='bbox 544 1334 696 1386; x_wconf 82' lang='grc' dir='ltr'><em>πόλιας</em></span> <span class='ocrx_word' id='word_1_114' title='bbox 730 1333 919 1390; x_wconf 84' lang='grc' dir='ltr'><em>χώμασι·</em></span> <span class='ocrx_word' id='word_1_115' title='bbox 970 1333 1080 1386; x_wconf 80' lang='grc' dir='ltr'><em>ὅκως</em></span> <span class='ocrx_word' id='word_1_116' title='bbox 1122 1335 1204 1390; x_wconf 77' lang='grc' dir='ltr'><em>γὰρ</em></span> <span class='ocrx_word' id='word_1_117' title='bbox 1242 1332 1455 1390; x_wconf 77' lang='grc' dir='ltr'><em>τειχήρεας</em></span> <span class='ocrx_word' id='word_1_118' title='bbox 1491 1331 1695 1389; x_wconf 86' lang='grc' dir='ltr'><em>ποιήσειε,</em></span> 
     </span>
    </p>
   </div>
   <div class='ocr_carea' id='block_1_22' title="bbox 441 1405 1695 1469">
    <p class='ocr_par' dir='ltr' id='par_1_22' title="bbox 441 1405 1695 1469">
     <span class='ocr_line' id='line_1_27' title="bbox 441 1405 1695 1469; baseline -0.002 -13"><span class='ocrx_word' id='word_1_119' title='bbox 441 1414 491 1456; x_wconf 84' lang='grc' dir='ltr'><strong>τὸ</strong></span> <span class='ocrx_word' id='word_1_120' title='bbox 522 1405 725 1457; x_wconf 73' lang='grc' dir='ltr'><em>ἐνθεῦτεν</em></span> <span class='ocrx_word' id='word_1_121' title='bbox 752 1412 927 1468; x_wconf 83' lang='grc' dir='ltr'><em>χώματα</em></span> <span class='ocrx_word' id='word_1_122' title='bbox 966 1416 1055 1467; x_wconf 81' lang='grc' dir='ltr'><em>χῶν</em></span> <span class='ocrx_word' id='word_1_123' title='bbox 1092 1411 1202 1467; x_wconf 83' lang='grc' dir='ltr'><em>πρὸς</em></span> <span class='ocrx_word' id='word_1_124' title='bbox 1239 1414 1292 1456; x_wconf 77' lang='grc' dir='ltr'><strong>τὰ</strong></span> <span class='ocrx_word' id='word_1_125' title='bbox 1330 1415 1465 1469; x_wconf 88' lang='grc' dir='ltr'><em>τείχεα</em></span> <span class='ocrx_word' id='word_1_126' title='bbox 1503 1409 1695 1467; x_wconf 77' lang='grc' dir='ltr'><em>ἐπόρθεε.</em></span> 
     </span>
    </p>
   </div>
   <div class='ocr_carea' id='block_1_23' title="bbox 413 1489 1350 1548">
    <p class='ocr_par' dir='ltr' id='par_1_23' title="bbox 413 1489 1350 1548">
     <span class='ocr_line' id='line_1_28' title="bbox 413 1489 1350 1548; baseline 0.003 -17"><span class='ocrx_word' id='word_1_127' title='bbox 413 1491 593 1548; x_wconf 82' lang='grc' dir='ltr'><em>3πρώτῃ</em></span> <span class='ocrx_word' id='word_1_128' title='bbox 624 1491 669 1534; x_wconf 80' lang='grc' dir='ltr'><strong>δὲ</strong></span> <span class='ocrx_word' id='word_1_129' title='bbox 701 1491 881 1546; x_wconf 82' lang='grc' dir='ltr'><em>Φωκαίῃ</em></span> <span class='ocrx_word' id='word_1_130' title='bbox 908 1489 1072 1546; x_wconf 84' lang='grc' dir='ltr'><em>Ἰωνίης</em></span> <span class='ocrx_word' id='word_1_131' title='bbox 1101 1490 1350 1547; x_wconf 75' lang='grc' dir='ltr'><em>ἐπεχείρησε.</em></span> 
     </span>
    </p>
   </div>
   <div class='ocr_carea' id='block_1_24' title="bbox 554 1565 1751 1626">
    <p class='ocr_par' dir='ltr' id='par_1_24' title="bbox 554 1565 1751 1626">
     <span class='ocr_line' id='line_1_29' title="bbox 554 1565 1751 1626; baseline -0.001 -14"><span class='ocrx_word' id='word_1_132' title='bbox 554 1571 608 1612; x_wconf 81' lang='grc' dir='ltr'><strong>Οἱ</strong></span> <span class='ocrx_word' id='word_1_133' title='bbox 636 1571 680 1613; x_wconf 80' lang='grc' dir='ltr'><strong>δὲ</strong></span> <span class='ocrx_word' id='word_1_134' title='bbox 714 1569 928 1620; x_wconf 84' lang='grc' dir='ltr'><em>Φωκαιέες</em></span> <span class='ocrx_word' id='word_1_135' title='bbox 958 1565 1082 1613; x_wconf 82' lang='grc' dir='ltr'><em>οὗτοι</em></span> <span class='ocrx_word' id='word_1_136' title='bbox 1111 1571 1355 1626; x_wconf 79' lang='grc' dir='ltr'><em>ναυτιλίῃσι</em></span> <span class='ocrx_word' id='word_1_137' title='bbox 1373 1572 1562 1626; x_wconf 81' lang='grc' dir='ltr'><em>μακρῇσι</em></span> <span class='ocrx_word' id='word_1_138' title='bbox 1580 1571 1692 1623; x_wconf 79' lang='grc' dir='ltr'><em>πρῶ·</em></span> <span class='ocrx_word' id='word_1_139' title='bbox 1706 1573 1751 1608; x_wconf 87' lang='grc'><strong>75</strong></span> 
     </span>
    </p>
   </div>
   <div class='ocr_carea' id='block_1_25' title="bbox 386 1775 1040 2102">
    <p class='ocr_par' dir='ltr' id='par_1_25' title="bbox 386 1775 1040 2102">
     <span class='ocr_line' id='line_1_30' title="bbox 388 1775 1033 1822; baseline 0 -11"><span class='ocrx_word' id='word_1_140' title='bbox 388 1775 476 1822; x_wconf 76' lang='lat'>22),</span> <span class='ocrx_word' id='word_1_141' title='bbox 504 1787 578 1811; x_wconf 88' lang='lat' dir='ltr'><strong>non</strong></span> <span class='ocrx_word' id='word_1_142' title='bbox 593 1775 698 1812; x_wconf 66' lang='lat' dir='ltr'><strong>video</strong></span> <span class='ocrx_word' id='word_1_143' title='bbox 726 1775 857 1811; x_wconf 83' lang='lat' dir='ltr'><strong>iustam</strong></span> <span class='ocrx_word' id='word_1_144' title='bbox 875 1787 1033 1820; x_wconf 83' lang='lat' dir='ltr'><strong>causam,</strong></span> 
     </span>
     <span class='ocr_line' id='line_1_31' title="bbox 386 1831 1036 1879; baseline -0.002 -12"><span class='ocrx_word' id='word_1_145' title='bbox 386 1843 448 1867; x_wconf 90' lang='lat' dir='ltr'><strong>cur</strong></span> <span class='ocrx_word' id='word_1_146' title='bbox 463 1831 607 1879; x_wconf 82' lang='lat' dir='ltr'>passive</span> <span class='ocrx_word' id='word_1_147' title='bbox 625 1831 721 1868; x_wconf 90' lang='lat' dir='ltr'><strong>idem</strong></span> <span class='ocrx_word' id='word_1_148' title='bbox 753 1831 823 1867; x_wconf 88' lang='lat' dir='ltr'><strong>dici</strong></span> <span class='ocrx_word' id='word_1_149' title='bbox 847 1843 1036 1879; x_wconf 81' lang='lat' dir='ltr'>negemus,</span> 
     </span>
     <span class='ocr_line' id='line_1_32' title="bbox 387 1885 1037 1936; baseline 0.003 -15"><span class='ocrx_word' id='word_1_150' title='bbox 387 1885 577 1936; x_wconf 77' lang='lat' dir='ltr'><strong>ipsamque</strong></span> <span class='ocrx_word' id='word_1_151' title='bbox 617 1887 807 1924; x_wconf 70' lang='lat' dir='ltr'><strong>lectionem</strong></span> <span class='ocrx_word' id='word_1_152' title='bbox 849 1887 1037 1923; x_wconf 86' lang='lat' dir='ltr'><strong>immutare</strong></span> 
     </span>
     <span class='ocr_line' id='line_1_33' title="bbox 389 1942 1036 1980; baseline 0.002 -3"><span class='ocrx_word' id='word_1_153' title='bbox 389 1942 598 1979; x_wconf 81' lang='lat' dir='ltr'><strong>audeamus.</strong></span> <span class='ocrx_word' id='word_1_154' title='bbox 656 1943 850 1980; x_wconf 82' lang='lat' dir='ltr'><strong>Caeterum</strong></span> <span class='ocrx_word' id='word_1_155' title='bbox 867 1947 1036 1979; x_wconf 85' lang='lat' dir='ltr'><strong>notamus</strong></span> 
     </span>
     <span class='ocr_line' id='line_1_34' title="bbox 389 1997 1036 2047; baseline 0.003 -14"><span class='ocrx_word' id='word_1_156' title='bbox 389 1997 643 2047; x_wconf 78' lang='lat' dir='ltr'><strong>particularum</strong></span> <span class='ocrx_word' id='word_1_157' title='bbox 732 1999 1036 2036; x_wconf 79' lang='lat' dir='ltr'><strong>coniunctionem:</strong></span> 
     </span>
     <span class='ocr_line' id='line_1_35' title="bbox 393 2051 1040 2102; baseline -0.002 -10"><span class='ocrx_word' id='word_1_158' title='bbox 393 2051 546 2092; x_wconf 65' lang='lat'><strong>01’1&#39;18·-—·</strong></span> <span class='ocrx_word' id='word_1_159' title='bbox 561 2051 653 2094; x_wconf 83' lang='grc' dir='ltr'><em>οὕτε</em></span> <span class='ocrx_word' id='word_1_160' title='bbox 667 2069 794 2102; x_wconf 79' lang='grc' dir='ltr'><em>-τε,</em></span> <span class='ocrx_word' id='word_1_161' title='bbox 825 2059 863 2091; x_wconf 90' lang='lat' dir='ltr'><strong>ut</strong></span> <span class='ocrx_word' id='word_1_162' title='bbox 887 2055 1040 2092; x_wconf 84' lang='lat' dir='ltr'><strong>Latino-</strong></span> 
     </span>
    </p>
   </div>
   <div class='ocr_carea' id='block_1_26' title="bbox 392 2111 1037 2217">
    <p class='ocr_par' dir='ltr' id='par_1_26' title="bbox 392 2111 1037 2217">
     <span class='ocr_line' id='line_1_36' title="bbox 392 2111 1037 2150; baseline 0.003 -5"><span class='ocrx_word' id='word_1_163' title='bbox 392 2122 468 2146; x_wconf 86' lang='lat' dir='ltr'><strong>rum</strong></span> <span class='ocrx_word' id='word_1_164' title='bbox 489 2123 549 2146; x_wconf 78' lang='lat' dir='ltr'><strong>nec</strong></span> <span class='ocrx_word' id='word_1_165' title='bbox 563 2132 618 2138; x_wconf 93' lang='lat'><strong>—</strong></span> <span class='ocrx_word' id='word_1_166' title='bbox 639 2115 683 2148; x_wconf 81' lang='lat' dir='ltr'><strong>et.</strong></span> <span class='ocrx_word' id='word_1_167' title='bbox 741 2111 850 2148; x_wconf 89' lang='lat' dir='ltr'><strong>Conf.</strong></span> <span class='ocrx_word' id='word_1_168' title='bbox 878 2111 1037 2150; x_wconf 85' lang='lat' dir='ltr'><strong>Boeckh.</strong></span> 
     </span>
     <span class='ocr_line' id='line_1_37' title="bbox 392 2165 914 2217; baseline 0.004 -15"><span class='ocrx_word' id='word_1_169' title='bbox 392 2166 440 2203; x_wconf 80' lang='lat' dir='ltr'><strong>ad</strong></span> <span class='ocrx_word' id='word_1_170' title='bbox 466 2165 613 2204; x_wconf 81' lang='lat' dir='ltr'><strong>Axioch.</strong></span> <span class='ocrx_word' id='word_1_171' title='bbox 631 2167 751 2204; x_wconf 87' lang='lat' dir='ltr'><strong>Praes.</strong></span> <span class='ocrx_word' id='word_1_172' title='bbox 774 2181 813 2217; x_wconf 88' lang='lat' dir='ltr'><strong>p.</strong></span> <span class='ocrx_word' id='word_1_173' title='bbox 832 2166 914 2205; x_wconf 88' lang='lat' dir='ltr'><strong>XV.</strong></span> 
     </span>
    </p>
   </div>
   <div class='ocr_carea' id='block_1_27' title="bbox 569 2250 860 2302">
    <p class='ocr_par' dir='ltr' id='par_1_27' title="bbox 569 2250 860 2302">
     <span class='ocr_line' id='line_1_38' title="bbox 569 2250 860 2302; baseline 0 -14"><span class='ocrx_word' id='word_1_174' title='bbox 569 2251 600 2288; x_wconf 95' lang='lat' dir='ltr'>C</span> <span class='ocrx_word' id='word_1_175' title='bbox 613 2264 634 2288; x_wconf 80' lang='lat' dir='ltr'><strong>a</strong></span> <span class='ocrx_word' id='word_1_176' title='bbox 645 2264 681 2302; x_wconf 91' lang='lat' dir='ltr'><strong>p.</strong></span> <span class='ocrx_word' id='word_1_177' title='bbox 711 2250 860 2288; x_wconf 76' lang='lat' dir='ltr'><strong>CLXII.</strong></span> 
     </span>
    </p>
   </div>
   <div class='ocr_carea' id='block_1_28' title="bbox 396 2329 1042 2887">
    <p class='ocr_par' dir='ltr' id='par_1_28' title="bbox 396 2329 1042 2887">
     <span class='ocr_line' id='line_1_39' title="bbox 436 2329 1041 2386; baseline 0.003 -15"><span class='ocrx_word' id='word_1_178' title='bbox 436 2329 642 2386; x_wconf 58' lang='grc' dir='ltr'><em>’Ἅρπαγος</em></span> <span class='ocrx_word' id='word_1_179' title='bbox 678 2333 823 2385; x_wconf 78' lang='grc' dir='ltr'><em>κατέβη</em></span> <span class='ocrx_word' id='word_1_180' title='bbox 859 2329 1041 2384; x_wconf 74' lang='grc' dir='ltr'><em>διάδοχος</em></span> 
     </span>
     <span class='ocr_line' id='line_1_40' title="bbox 396 2390 1040 2442; baseline -0.003 -14"><span class='ocrx_word' id='word_1_181' title='bbox 396 2392 466 2441; x_wconf 85' lang='grc' dir='ltr'><strong>τῆς</strong></span> <span class='ocrx_word' id='word_1_182' title='bbox 480 2390 732 2442; x_wconf 79' lang='grc' dir='ltr'><em>στρατηγίης]</em></span> <span class='ocrx_word' id='word_1_183' title='bbox 765 2391 872 2428; x_wconf 85' lang='lat' dir='ltr'><strong>Conf.</strong></span> <span class='ocrx_word' id='word_1_184' title='bbox 896 2395 969 2427; x_wconf 85' lang='lat' dir='ltr'><strong>not.</strong></span> <span class='ocrx_word' id='word_1_185' title='bbox 992 2391 1040 2426; x_wconf 80' lang='lat' dir='ltr'><strong>ad</strong></span> 
     </span>
     <span class='ocr_line' id='line_1_41' title="bbox 396 2446 1040 2495; baseline 0 -13"><span class='ocrx_word' id='word_1_186' title='bbox 396 2446 435 2494; x_wconf 87' lang='lat' dir='ltr'><strong>l,</strong></span> <span class='ocrx_word' id='word_1_187' title='bbox 459 2448 537 2487; x_wconf 84' lang='lat'><strong>153</strong></span> <span class='ocrx_word' id='word_1_188' title='bbox 566 2448 612 2484; x_wconf 89' lang='lat' dir='ltr'><strong>de</strong></span> <span class='ocrx_word' id='word_1_189' title='bbox 643 2447 711 2484; x_wconf 86' lang='lat' dir='ltr'><strong>hoc</strong></span> <span class='ocrx_word' id='word_1_190' title='bbox 738 2448 866 2484; x_wconf 86' lang='lat' dir='ltr'><strong>dueum</strong></span> <span class='ocrx_word' id='word_1_191' title='bbox 893 2459 1040 2495; x_wconf 83' lang='lat' dir='ltr'><strong>genere,</strong></span> 
     </span>
     <span class='ocr_line' id='line_1_42' title="bbox 397 2502 1041 2553; baseline 0.003 -15"><span class='ocrx_word' id='word_1_192' title='bbox 397 2515 440 2538; x_wconf 78' lang='lat' dir='ltr'><strong>ac</strong></span> <span class='ocrx_word' id='word_1_193' title='bbox 470 2502 516 2540; x_wconf 90' lang='lat' dir='ltr'><strong>de</strong></span> <span class='ocrx_word' id='word_1_194' title='bbox 542 2503 719 2553; x_wconf 84' lang='lat' dir='ltr'><strong>Ilarpago</strong></span> <span class='ocrx_word' id='word_1_195' title='bbox 745 2504 825 2552; x_wconf 81' lang='lat' dir='ltr'><strong>ipso</strong></span> <span class='ocrx_word' id='word_1_196' title='bbox 857 2503 1041 2551; x_wconf 65' lang='lat' dir='ltr'><strong>coenaque</strong></span> 
     </span>
     <span class='ocr_line' id='line_1_43' title="bbox 398 2557 1040 2606; baseline 0.002 -13"><span class='ocrx_word' id='word_1_197' title='bbox 398 2557 468 2593; x_wconf 77' lang='lat' dir='ltr'><strong>ista</strong></span> <span class='ocrx_word' id='word_1_198' title='bbox 487 2560 626 2595; x_wconf 77' lang='lat' dir='ltr'><strong>famosa</strong></span> <span class='ocrx_word' id='word_1_199' title='bbox 644 2559 681 2606; x_wconf 87' lang='lat' dir='ltr'><strong>l,</strong></span> <span class='ocrx_word' id='word_1_200' title='bbox 707 2562 797 2600; x_wconf 79' lang='lat'><strong>119.</strong></span> <span class='ocrx_word' id='word_1_201' title='bbox 853 2558 1040 2597; x_wconf 83' lang='lat' dir='ltr'><strong>Pertinent</strong></span> 
     </span>
     <span class='ocr_line' id='line_1_44' title="bbox 398 2613 1039 2665; baseline 0.002 -16"><span class='ocrx_word' id='word_1_202' title='bbox 398 2613 484 2659; x_wconf 82' lang='lat' dir='ltr'><strong>huc,</strong></span> <span class='ocrx_word' id='word_1_203' title='bbox 532 2628 626 2662; x_wconf 78' lang='lat' dir='ltr'><strong>quae</strong></span> <span class='ocrx_word' id='word_1_204' title='bbox 656 2616 753 2665; x_wconf 78' lang='lat' dir='ltr'><strong>apud</strong></span> <span class='ocrx_word' id='word_1_205' title='bbox 784 2615 935 2653; x_wconf 86' lang='lat' dir='ltr'><strong>Diodor.</strong></span> <span class='ocrx_word' id='word_1_206' title='bbox 965 2614 1039 2650; x_wconf 80' lang='lat' dir='ltr'><strong>Ex-</strong></span> 
     </span>
     <span class='ocr_line' id='line_1_45' title="bbox 400 2669 1037 2720; baseline 0.006 -17"><span class='ocrx_word' id='word_1_207' title='bbox 400 2673 526 2717; x_wconf 79' lang='lat' dir='ltr'><strong>cerptt.</strong></span> <span class='ocrx_word' id='word_1_208' title='bbox 548 2669 584 2720; x_wconf 55' lang='grc' dir='ltr'><strong>ᾗ.</strong></span> <span class='ocrx_word' id='word_1_209' title='bbox 606 2671 659 2710; x_wconf 85' lang='grc'><strong>31</strong></span> <span class='ocrx_word' id='word_1_210' title='bbox 688 2671 807 2718; x_wconf 83' lang='grc' dir='ltr'>(Τ.Ι[</span> <span class='ocrx_word' id='word_1_211' title='bbox 826 2685 860 2720; x_wconf 88' lang='lat' dir='ltr'><strong>p.</strong></span> <span class='ocrx_word' id='word_1_212' title='bbox 878 2673 930 2712; x_wconf 80' lang='lat'><strong>27</strong></span> <span class='ocrx_word' id='word_1_213' title='bbox 956 2682 1037 2707; x_wconf 82' lang='lat' dir='ltr'><strong>nov.</strong></span> 
     </span>
     <span class='ocr_line' id='line_1_46' title="bbox 400 2723 1040 2775; baseline 0.006 -18"><span class='ocrx_word' id='word_1_214' title='bbox 400 2723 534 2771; x_wconf 80' lang='lat' dir='ltr'><strong>scriptt.</strong></span> <span class='ocrx_word' id='word_1_215' title='bbox 552 2726 629 2761; x_wconf 81' lang='lat' dir='ltr'>coll.</span> <span class='ocrx_word' id='word_1_216' title='bbox 653 2727 709 2763; x_wconf 88' lang='lat' dir='ltr'><strong>ed.</strong></span> <span class='ocrx_word' id='word_1_217' title='bbox 728 2726 834 2775; x_wconf 75' lang='lat' dir='ltr'><strong>Mai.)</strong></span> <span class='ocrx_word' id='word_1_218' title='bbox 856 2726 967 2764; x_wconf 81' lang='lat' dir='ltr'><strong>relata</strong></span> <span class='ocrx_word' id='word_1_219' title='bbox 985 2727 1040 2762; x_wconf 86' lang='lat' dir='ltr'><strong>in-</strong></span> 
     </span>
     <span class='ocr_line' id='line_1_47' title="bbox 400 2779 1042 2832; baseline 0.009 -20"><span class='ocrx_word' id='word_1_220' title='bbox 400 2779 560 2815; x_wconf 83' lang='lat' dir='ltr'>venimus</span> <span class='ocrx_word' id='word_1_221' title='bbox 581 2782 628 2817; x_wconf 89' lang='lat' dir='ltr'><strong>de</strong></span> <span class='ocrx_word' id='word_1_222' title='bbox 649 2783 797 2819; x_wconf 73' lang='lat' dir='ltr'><strong>Graecis</strong></span> <span class='ocrx_word' id='word_1_223' title='bbox 827 2783 874 2819; x_wconf 79' lang='lat' dir='ltr'><strong>ad</strong></span> <span class='ocrx_word' id='word_1_224' title='bbox 896 2782 1042 2832; x_wconf 76' lang='lat' dir='ltr'><strong>Harpa-</strong></span> 
     </span>
     <span class='ocr_line' id='line_1_48' title="bbox 401 2835 1041 2887; baseline 0.008 -18"><span class='ocrx_word' id='word_1_225' title='bbox 401 2845 486 2881; x_wconf 87' lang='lat' dir='ltr'><strong>gum</strong></span> <span class='ocrx_word' id='word_1_226' title='bbox 506 2835 552 2871; x_wconf 86' lang='lat' dir='ltr'><strong>de</strong></span> <span class='ocrx_word' id='word_1_227' title='bbox 583 2837 729 2874; x_wconf 83' lang='lat' dir='ltr'><strong>foedere</strong></span> <span class='ocrx_word' id='word_1_228' title='bbox 759 2839 915 2876; x_wconf 83' lang='lat' dir='ltr'><strong>ineundo</strong></span> <span class='ocrx_word' id='word_1_229' title='bbox 942 2838 1041 2887; x_wconf 78' lang='lat' dir='ltr'><strong>lega-</strong></span> 
     </span>
    </p>
   </div>
   <div class='ocr_carea' id='block_1_29' title="bbox 1103 1774 1756 2598">
    <p class='ocr_par' dir='ltr' id='par_1_29' title="bbox 1103 1774 1756 2106">
     <span class='ocr_line' id='line_1_49' title="bbox 1103 1774 1755 1825; baseline 0.005 -14"><span class='ocrx_word' id='word_1_230' title='bbox 1103 1779 1160 1811; x_wconf 88' lang='lat' dir='ltr'><strong>tos</strong></span> <span class='ocrx_word' id='word_1_231' title='bbox 1177 1776 1400 1812; x_wconf 80' lang='lat' dir='ltr'><strong>mittentibus</strong></span> <span class='ocrx_word' id='word_1_232' title='bbox 1413 1775 1479 1813; x_wconf 89' lang='lat' dir='ltr'><strong>sed</strong></span> <span class='ocrx_word' id='word_1_233' title='bbox 1498 1774 1680 1825; x_wconf 81' lang='lat' dir='ltr'><strong>repulsam</strong></span> <span class='ocrx_word' id='word_1_234' title='bbox 1700 1776 1755 1814; x_wconf 87' lang='lat' dir='ltr'><strong>fe-</strong></span> 
     </span>
     <span class='ocr_line' id='line_1_50' title="bbox 1103 1831 1754 1878; baseline 0.006 -11"><span class='ocrx_word' id='word_1_235' title='bbox 1103 1832 1286 1878; x_wconf 76' lang='lat' dir='ltr'><strong>rentibus,</strong></span> <span class='ocrx_word' id='word_1_236' title='bbox 1316 1832 1385 1868; x_wconf 80' lang='lat' dir='ltr'><strong>nisi</strong></span> <span class='ocrx_word' id='word_1_237' title='bbox 1409 1831 1502 1868; x_wconf 84' lang='lat' dir='ltr'><strong>ultro</strong></span> <span class='ocrx_word' id='word_1_238' title='bbox 1531 1845 1654 1870; x_wconf 90' lang='lat' dir='ltr'><strong>servos</strong></span> <span class='ocrx_word' id='word_1_239' title='bbox 1674 1846 1754 1871; x_wconf 88' lang='lat' dir='ltr'><strong>sese</strong></span> 
     </span>
     <span class='ocr_line' id='line_1_51' title="bbox 1104 1887 1753 1927; baseline 0.005 -4"><span class='ocrx_word' id='word_1_240' title='bbox 1104 1887 1297 1925; x_wconf 75' lang='lat' dir='ltr'><strong>Persarum</strong></span> <span class='ocrx_word' id='word_1_241' title='bbox 1326 1888 1412 1925; x_wconf 89' lang='lat' dir='ltr'><strong>fidei</strong></span> <span class='ocrx_word' id='word_1_242' title='bbox 1443 1888 1588 1926; x_wconf 76' lang='lat' dir='ltr'><strong>tradere</strong></span> <span class='ocrx_word' id='word_1_243' title='bbox 1610 1888 1753 1927; x_wconf 78' lang='lat' dir='ltr'><strong>vellent.</strong></span> 
     </span>
     <span class='ocr_line' id='line_1_52' title="bbox 1105 1944 1756 1994; baseline 0.003 -15"><span class='ocrx_word' id='word_1_244' title='bbox 1105 1944 1180 1981; x_wconf 85' lang='lat' dir='ltr'><strong>Sed</strong></span> <span class='ocrx_word' id='word_1_245' title='bbox 1214 1944 1380 1992; x_wconf 81' lang='lat' dir='ltr'><strong>legantur</strong></span> <span class='ocrx_word' id='word_1_246' title='bbox 1410 1945 1490 1994; x_wconf 84' lang='lat' dir='ltr'><strong>ipsa</strong></span> <span class='ocrx_word' id='word_1_247' title='bbox 1519 1945 1652 1992; x_wconf 82' lang='lat' dir='ltr'><strong>verba,</strong></span> <span class='ocrx_word' id='word_1_248' title='bbox 1684 1946 1756 1981; x_wconf 88' lang='lat' dir='ltr'><strong>ori-</strong></span> 
     </span>
     <span class='ocr_line' id='line_1_53' title="bbox 1105 2000 1755 2051; baseline 0.002 -14"><span class='ocrx_word' id='word_1_249' title='bbox 1105 2000 1275 2037; x_wconf 83' lang='lat' dir='ltr'><strong>entalium</strong></span> <span class='ocrx_word' id='word_1_250' title='bbox 1312 2000 1513 2050; x_wconf 79' lang='lat' dir='ltr'><strong>principum</strong></span> <span class='ocrx_word' id='word_1_251' title='bbox 1551 2002 1755 2051; x_wconf 84' lang='lat' dir='ltr'><strong>superbiam</strong></span> 
     </span>
     <span class='ocr_line' id='line_1_54' title="bbox 1105 2057 1724 2106; baseline 0.002 -13"><span class='ocrx_word' id='word_1_252' title='bbox 1105 2057 1312 2105; x_wconf 72' lang='lat' dir='ltr'><strong>fastumque</strong></span> <span class='ocrx_word' id='word_1_253' title='bbox 1333 2057 1468 2106; x_wconf 81' lang='lat' dir='ltr'><strong>optime</strong></span> <span class='ocrx_word' id='word_1_254' title='bbox 1489 2057 1724 2094; x_wconf 81' lang='lat' dir='ltr'><strong>declarantia.</strong></span> 
     </span>
    </p>

    <p class='ocr_par' dir='ltr' id='par_1_30' title="bbox 1106 2108 1756 2598">
     <span class='ocr_line' id='line_1_55' title="bbox 1163 2108 1753 2163; baseline 0.002 -12"><span class='ocrx_word' id='word_1_255' title='bbox 1163 2109 1266 2158; x_wconf 74' lang='grc' dir='ltr'><em>ὅκως</em></span> <span class='ocrx_word' id='word_1_256' title='bbox 1294 2109 1367 2163; x_wconf 65' lang='grc' dir='ltr'><em>γάρ</em></span> <span class='ocrx_word' id='word_1_257' title='bbox 1403 2109 1603 2162; x_wconf 80' lang='grc' dir='ltr'><em>τειχήρεας</em></span> <span class='ocrx_word' id='word_1_258' title='bbox 1636 2108 1753 2163; x_wconf 73' lang='grc' dir='ltr'><em>ποιή-</em></span> 
     </span>
     <span class='ocr_line' id='line_1_56' title="bbox 1109 2165 1755 2218; baseline -0.002 -11"><span class='ocrx_word' id='word_1_259' title='bbox 1109 2171 1209 2214; x_wconf 84' lang='grc' dir='ltr'><em>σειε]</em></span> <span class='ocrx_word' id='word_1_260' title='bbox 1240 2165 1420 2218; x_wconf 74' lang='grc' dir='ltr'><em>τειχηρής</em></span> <span class='ocrx_word' id='word_1_261' title='bbox 1447 2169 1593 2218; x_wconf 83' lang='lat' dir='ltr'><strong>proprie</strong></span> <span class='ocrx_word' id='word_1_262' title='bbox 1610 2182 1683 2205; x_wconf 82' lang='lat' dir='ltr'><strong>non</strong></span> <span class='ocrx_word' id='word_1_263' title='bbox 1707 2170 1755 2206; x_wconf 85' lang='lat' dir='ltr'><strong>ad</strong></span> 
     </span>
     <span class='ocr_line' id='line_1_57' title="bbox 1109 2224 1754 2271; baseline 0.003 -11"><span class='ocrx_word' id='word_1_264' title='bbox 1109 2225 1238 2271; x_wconf 83' lang='lat' dir='ltr'><strong>urbes,</strong></span> <span class='ocrx_word' id='word_1_265' title='bbox 1269 2224 1334 2260; x_wconf 84' lang='lat' dir='ltr'><strong>sed</strong></span> <span class='ocrx_word' id='word_1_266' title='bbox 1368 2224 1415 2260; x_wconf 81' lang='lat' dir='ltr'><strong>ad</strong></span> <span class='ocrx_word' id='word_1_267' title='bbox 1452 2225 1589 2261; x_wconf 85' lang='lat' dir='ltr'><strong>urbium</strong></span> <span class='ocrx_word' id='word_1_268' title='bbox 1620 2225 1754 2262; x_wconf 77' lang='lat' dir='ltr'><strong>incolas</strong></span> 
     </span>
     <span class='ocr_line' id='line_1_58' title="bbox 1108 2280 1755 2326; baseline 0.003 -9"><span class='ocrx_word' id='word_1_269' title='bbox 1108 2280 1334 2317; x_wconf 86' lang='lat' dir='ltr'><strong>referendum</strong></span> <span class='ocrx_word' id='word_1_270' title='bbox 1347 2309 1356 2326; x_wconf 87' lang='lat'>‚</span> <span class='ocrx_word' id='word_1_271' title='bbox 1371 2293 1449 2317; x_wconf 86' lang='lat' dir='ltr'><strong>cum</strong></span> <span class='ocrx_word' id='word_1_272' title='bbox 1463 2280 1506 2316; x_wconf 77' lang='lat' dir='ltr'><strong>sit</strong></span> <span class='ocrx_word' id='word_1_273' title='bbox 1520 2294 1527 2316; x_wconf 91' lang='lat'>:</span> <span class='ocrx_word' id='word_1_274' title='bbox 1557 2284 1651 2318; x_wconf 77' lang='lat' dir='ltr'><strong>intra</strong></span> <span class='ocrx_word' id='word_1_275' title='bbox 1665 2295 1755 2318; x_wconf 82' lang='lat' dir='ltr'><strong>moe-</strong></span> 
     </span>
     <span class='ocr_line' id='line_1_59' title="bbox 1106 2335 1755 2386; baseline 0.005 -14"><span class='ocrx_word' id='word_1_276' title='bbox 1106 2338 1168 2372; x_wconf 80' lang='lat' dir='ltr'><strong>m&#39;a</strong></span> <span class='ocrx_word' id='word_1_277' title='bbox 1186 2335 1399 2386; x_wconf 71' lang='lat' dir='ltr'><strong>compulsus,</strong></span> <span class='ocrx_word' id='word_1_278' title='bbox 1428 2338 1521 2372; x_wconf 72' lang='lat' dir='ltr'><strong>intra</strong></span> <span class='ocrx_word' id='word_1_279' title='bbox 1540 2349 1674 2375; x_wconf 76' lang='lat' dir='ltr'><strong>murum</strong></span> <span class='ocrx_word' id='word_1_280' title='bbox 1700 2340 1755 2375; x_wconf 82' lang='lat' dir='ltr'><strong>in-</strong></span> 
     </span>
     <span class='ocr_line' id='line_1_60' title="bbox 1108 2392 1756 2431; baseline 0.005 -3"><span class='ocrx_word' id='word_1_281' title='bbox 1108 2392 1235 2428; x_wconf 76' lang='lat' dir='ltr'><strong>clusus.</strong></span> <span class='ocrx_word' id='word_1_282' title='bbox 1283 2393 1358 2429; x_wconf 75' lang='lat' dir='ltr'><strong>Sed</strong></span> <span class='ocrx_word' id='word_1_283' title='bbox 1378 2392 1580 2430; x_wconf 80' lang='lat' dir='ltr'><strong>huiusmodi</strong></span> <span class='ocrx_word' id='word_1_284' title='bbox 1602 2399 1756 2431; x_wconf 85' lang='lat' dir='ltr'><strong>structu-</strong></span> 
     </span>
     <span class='ocr_line' id='line_1_61' title="bbox 1107 2449 1754 2499; baseline 0.005 -14"><span class='ocrx_word' id='word_1_285' title='bbox 1107 2462 1168 2485; x_wconf 88' lang='lat' dir='ltr'><strong>rae</strong></span> <span class='ocrx_word' id='word_1_286' title='bbox 1189 2449 1236 2484; x_wconf 84' lang='lat' dir='ltr'><strong>ad</strong></span> <span class='ocrx_word' id='word_1_287' title='bbox 1262 2461 1405 2485; x_wconf 82' lang='lat' dir='ltr'><strong>sensum</strong></span> <span class='ocrx_word' id='word_1_288' title='bbox 1430 2449 1545 2497; x_wconf 84' lang='lat' dir='ltr'><strong>magis</strong></span> <span class='ocrx_word' id='word_1_289' title='bbox 1577 2463 1686 2499; x_wconf 83' lang='lat' dir='ltr'><strong>quam</strong></span> <span class='ocrx_word' id='word_1_290' title='bbox 1707 2451 1754 2488; x_wconf 86' lang='lat' dir='ltr'><strong>ad</strong></span> 
     </span>
     <span class='ocr_line' id='line_1_62' title="bbox 1106 2505 1754 2546; baseline 0.009 -6"><span class='ocrx_word' id='word_1_291' title='bbox 1106 2505 1216 2541; x_wconf 77' lang='lat' dir='ltr'><strong>verba</strong></span> <span class='ocrx_word' id='word_1_292' title='bbox 1253 2505 1543 2544; x_wconf 80' lang='lat' dir='ltr'><strong>accommodatae</strong></span> <span class='ocrx_word' id='word_1_293' title='bbox 1575 2507 1754 2546; x_wconf 85' lang='lat' dir='ltr'><strong>neminem</strong></span> 
     </span>
     <span class='ocr_line' id='line_1_63' title="bbox 1107 2561 1388 2598; baseline -0.004 -1"><span class='ocrx_word' id='word_1_294' title='bbox 1107 2561 1388 2598; x_wconf 76' lang='lat' dir='ltr'><strong>remorabuntur.</strong></span> 
     </span>
    </p>
   </div>
   <div class='ocr_carea' id='block_1_30' title="bbox 1284 2644 1586 2695">
    <p class='ocr_par' dir='ltr' id='par_1_31' title="bbox 1284 2644 1586 2695">
     <span class='ocr_line' id='line_1_64' title="bbox 1284 2644 1586 2695; baseline 0.003 -14"><span class='ocrx_word' id='word_1_295' title='bbox 1284 2645 1315 2681; x_wconf 86' lang='lat' dir='ltr'>c</span> <span class='ocrx_word' id='word_1_296' title='bbox 1328 2658 1349 2682; x_wconf 76' lang='lat' dir='ltr'><strong>a</strong></span> <span class='ocrx_word' id='word_1_297' title='bbox 1360 2658 1396 2695; x_wconf 88' lang='lat' dir='ltr'><strong>p.</strong></span> <span class='ocrx_word' id='word_1_298' title='bbox 1421 2644 1586 2682; x_wconf 83' lang='lat' dir='ltr'><strong>chm.</strong></span> 
     </span>
    </p>
   </div>
   <div class='ocr_carea' id='block_1_31' title="bbox 1108 2722 1753 2895">
    <p class='ocr_par' dir='ltr' id='par_1_32' title="bbox 1108 2722 1753 2895">
     <span class='ocr_line' id='line_1_65' title="bbox 1164 2722 1753 2775; baseline 0.003 -9"><span class='ocrx_word' id='word_1_299' title='bbox 1164 2727 1204 2766; x_wconf 81' lang='grc' dir='ltr'><strong>οἱ</strong></span> <span class='ocrx_word' id='word_1_300' title='bbox 1224 2724 1266 2767; x_wconf 80' lang='grc' dir='ltr'><strong>δὲ</strong></span> <span class='ocrx_word' id='word_1_301' title='bbox 1288 2727 1484 2775; x_wconf 82' lang='grc' dir='ltr'><em>Φωκαιέες</em></span> <span class='ocrx_word' id='word_1_302' title='bbox 1504 2722 1615 2768; x_wconf 74' lang='grc' dir='ltr'><em>οὗτοι</em></span> <span class='ocrx_word' id='word_1_303' title='bbox 1642 2744 1753 2768; x_wconf 84' lang='grc' dir='ltr'><em>ναυ-</em></span> 
     </span>
     <span class='ocr_line' id='line_1_66' title="bbox 1108 2784 1750 2839; baseline 0.003 -18"><span class='ocrx_word' id='word_1_304' title='bbox 1108 2784 1300 2838; x_wconf 80' lang='grc' dir='ltr'><em>τιλίῃσι</em></span> <span class='ocrx_word' id='word_1_305' title='bbox 1337 2787 1560 2839; x_wconf 78' lang='grc' dir='ltr'><em>μακρῇσι</em></span> <span class='ocrx_word' id='word_1_306' title='bbox 1582 2800 1616 2823; x_wconf 80' lang='grc' dir='ltr'><strong>κ.</strong></span> <span class='ocrx_word' id='word_1_307' title='bbox 1647 2801 1677 2823; x_wconf 89' lang='grc' dir='ltr'><strong>τ.</strong></span> <span class='ocrx_word' id='word_1_308' title='bbox 1701 2784 1750 2835; x_wconf 78' lang='grc' dir='ltr'><strong>λ.]</strong></span> 
     </span>
     <span class='ocr_line' id='line_1_67' title="bbox 1110 2840 1752 2895; baseline 0.003 -20"><span class='ocrx_word' id='word_1_309' title='bbox 1110 2840 1216 2876; x_wconf 82' lang='lat' dir='ltr'><strong>Couf.</strong></span> <span class='ocrx_word' id='word_1_310' title='bbox 1237 2840 1285 2878; x_wconf 91' lang='lat' dir='ltr'><strong>de</strong></span> <span class='ocrx_word' id='word_1_311' title='bbox 1303 2841 1523 2895; x_wconf 73' lang='grc' dir='ltr'><em>ναυτιλίῃσι</em></span> <span class='ocrx_word' id='word_1_312' title='bbox 1541 2856 1654 2892; x_wconf 84' lang='grc' dir='ltr'><em>μακρ.</em></span> <span class='ocrx_word' id='word_1_313' title='bbox 1673 2841 1701 2887; x_wconf 90' lang='grc' dir='ltr'><strong>Ι,</strong></span> <span class='ocrx_word' id='word_1_314' title='bbox 1717 2844 1752 2882; x_wconf 91' lang='grc'><strong>1.</strong></span> 
     </span>
    </p>
   </div>
   <div class='ocr_carea' id='block_1_32' title="bbox 1875 0 1903 130">
    <p class='ocr_par' dir='ltr' id='par_1_33' title="bbox 1875 0 1903 130">
     <span class='ocr_line' id='line_1_68' title="bbox 1875 0 1903 130; textangle 90"><span class='ocrx_word' id='word_1_315' title='bbox 1875 0 1903 130; x_wconf 29' lang='grc' dir='ltr'><em>Αᾼ-Δε</em></span> 
     </span>
    </p>
   </div>
  </div>
 </body>
</html>
