1909 3228
466 232 550 277 452

865 227 1334 268 HERODOTI

469 345 545 401 ξης
570 340 762 397 ποταμὸς
794 337 880 394 ῥέει
908 338 987 394 μὲν
1015 337 1062 381 ἐκ
1104 340 1366 394 Ματιηνῶν,
1429 336 1536 382 ὅθεν
1574 352 1654 394 περ
1695 334 1721 380 ὁ

417 514 642 555 scribendum
663 525 744 551 esse
769 515 892 550 censet
909 511 1064 549 Wesse-

416 572 569 621 lingitis,
592 582 745 619 quocum
764 569 907 606 minime
932 580 1063 605 conve-

418 630 516 674 nire,
559 625 659 675 quod
694 625 799 663 sedes
836 624 1066 673 Massageta-

418 697 497 722 rum
542 685 651 730 atque
694 682 908 719 Issedonum
956 681 1065 728 longe

419 744 521 778 extra
556 737 704 776 Mediae
738 738 827 775 fines
867 738 958 784 sint,
998 749 1066 773 nec

418 794 564 833 omnino
580 794 688 831 ullum
712 794 749 831 in
772 793 897 832 Media
920 796 1066 839 ssumen,

419 850 519 902 quod
538 853 594 887 tot
611 850 711 887 ostiis
730 850 819 887 mari
832 850 967 900 Caspio
984 849 1065 885 iun-

421 911 540 957 gatur.
597 906 753 956 Reliqua
778 919 977 955 congruere
994 905 1069 941 vult

419 964 529 1002 fluvio
558 962 711 1012 Volgae,
739 963 801 1012 qui
828 962 947 1000 multis
966 962 1067 998 ostiis

421 1021 460 1058 in
481 1019 655 1070 Caspium
673 1031 771 1057 mare
790 1032 870 1057 sese
888 1019 1068 1065 infundat,

420 1075 630 1125 insulasque
640 1075 697 1113 hic
714 1076 887 1126 praebeat
902 1087 1067 1123 magnas.

423 1132 482 1171 De
503 1144 574 1181 quo
592 1133 721 1170 eodem
739 1132 848 1169 fluvio
867 1144 1069 1169 sermonem

422 1201 506 1227 esse
525 1188 586 1236 lV,
606 1191 676 1235 11,
695 1189 756 1225 ubi
774 1189 930 1238 Scythae
948 1188 1068 1224 Asiam

424 1245 509 1282 olim
543 1243 759 1291 incolentes,
799 1257 820 1280 a
848 1244 1068 1293 Massagetis

424 1301 537 1353 pulsi,
566 1301 715 1338 traiecto
734 1300 855 1338 Araxe
880 1301 1002 1348 fluvio,
1031 1301 1070 1337 in

374 1377 377 1383 s
425 1358 516 1395 fines
549 1356 824 1394 Cimmeriorum
857 1357 988 1394 abiisse
1015 1357 1072 1393 di-

427 1416 572 1460 cuntur,
612 1412 972 1461 Schweighaeuserus
992 1413 1072 1449 alii-

427 1482 501 1519 que
527 1468 718 1505 affirmant.
783 1468 917 1506 Verum
943 1469 1072 1505 iisdem

427 1525 512 1561 viris
546 1524 660 1561 doctis
688 1525 909 1571 auctoribus,
948 1529 1073 1560 nostro

428 1581 466 1619 in
492 1580 570 1618 loeo
614 1580 716 1617 aliter
749 1581 976 1617 statuendum
1006 1583 1074 1626 est,

429 1650 509 1675 cum
534 1636 679 1674 minime
702 1636 890 1686 probabile
916 1637 983 1683 sit,
1027 1636 1075 1672 ad

429 1692 586 1742 Volgam
615 1704 729 1741 usque
767 1697 978 1742 penetrasse
998 1692 1074 1740 Cy-

430 1763 520 1787 rum.
574 1747 1075 1797 LaudatSchweighaeuser.

429 1805 538 1844 trium
570 1802 864 1842 Academicorum
896 1804 1077 1841 Parisien-

431 1861 523 1899 sium
540 1860 800 1910 disputationes
829 1860 893 1907 (in
910 1860 1076 1897 Memoir.

432 1918 480 1956 de
505 1915 650 1954 l'Acad.
677 1917 712 1953 d.
742 1916 907 1966 Inscript.
945 1920 971 1953 t.
990 1915 1077 1953 XVI

432 1985 518 2026 pag.
546 1972 772 2021 69—85)‚
802 1985 954 2021 quorum
972 1986 1076 2019 unus,

433 2031 480 2068 de
497 2029 531 2066 la
547 2028 696 2076 Nauze,
724 2029 906 2066 Herodoti
925 2027 1077 2066 Araxem

433 2085 567 2124 nullum
602 2084 708 2121 alium
755 2098 836 2122 esse
868 2084 963 2133 vult,
1009 2085 1077 2122 nisi

433 2140 627 2180 Armeniae
673 2140 770 2178 illum
804 2141 967 2188 ssuvium,
1016 2141 1078 2191 qui

434 2198 541 2246 vulgo
577 2197 641 2233 sub
677 2197 809 2234 Araxis
851 2197 994 2235 nomine
1034 2198 1079 2234 sit

435 2259 564 2300 notus,
592 2252 724 2302 quique
754 2254 799 2290 ab
830 2254 1014 2291 occidente
1042 2254 1079 2290 in

436 2309 610 2360 Caspium
633 2321 732 2346 mare
749 2310 886 2346 influat.
943 2309 1081 2346 Contra

437 2379 544 2416 quem
561 2365 657 2402 etde
669 2365 834 2414 Guignes
847 2365 903 2415 (p.
913 2367 966 2407 76
979 2366 1080 2415 sqq.)

437 2426 476 2460 et
499 2420 663 2459 Danville
688 2421 754 2471 (p.
775 2424 829 2463 79
846 2423 975 2471 seqq.)
1005 2426 1080 2459 tum

436 2477 507 2515 alia
522 2481 756 2525 monuerunt,
783 2481 859 2514 tum
874 2478 958 2514 illud
973 2478 1080 2515 etiam

438 2534 639 2580 evicerunt,
668 2533 762 2570 hunc
788 2533 967 2571 Herodoti
989 2534 1081 2571 Ara-

438 2602 520 2629 xem
547 2589 594 2626 ad
620 2589 793 2626 orientem
822 2590 946 2640 Caspii
975 2591 1081 2627 maris

440 2658 521 2683 esse
538 2645 795 2694 quaerendum.
827 2645 949 2689 Quare
966 2647 1082 2684 Oxum

441 2713 524 2738 esse
547 2705 767 2747 statuerunt3
796 2701 832 2738 in
860 2714 932 2751 quo
960 2702 1081 2752 plures

442 2756 508 2794 sibi
517 2757 753 2794 assentientes
771 2758 868 2794 nacti
887 2763 981 2805 sunt,
991 2771 1084 2808 quo-

443 2823 520 2847 rum
563 2825 670 2848 [inum
708 2816 846 2850 tantum
884 2827 1083 2853 memorare

443 2866 558 2914 iuvat,
606 2867 814 2916 Breigerum
849 2870 1080 2917 (comment.

1132 509 1179 547 de
1196 509 1342 547 difficill.
1361 511 1574 560 quibusdam
1585 509 1691 547 Asiae
1701 509 1779 547 He—

1132 567 1250 603 rodot.
1283 580 1368 617 pag.
1399 569 1453 608 58
1477 588 1524 594 -
1547 568 1628 615 66)
1668 566 1780 614 longa

1133 623 1380 672 disputatione
1400 624 1496 660 idem
1525 623 1687 661 evincere
1705 628 1781 659 stu-

1134 680 1292 716 dentem.
1346 679 1527 717 Assensus
1555 685 1611 717 est
1641 678 1688 714 illi
1714 691 1782 714 nu-

1132 736 1287 786 perrime
1308 737 1431 785 Heyse
1458 737 1494 773 in
1522 736 1687 780 Quaestt.
1705 734 1783 772 He-

1132 793 1266 829 rodott.
1288 793 1302 829 1
1330 806 1413 842 pag.
1437 796 1527 834 102.
1586 790 1782 829 Rennelius

1133 849 1365 899 (Geograph.
1391 850 1570 886 Herodot.
1596 861 1681 899 pag.
1701 846 1782 888 467

1134 918 1237 954 seqq.
1273 906 1330 943 ed.
1357 905 1566 953 vernacul.)
1602 903 1784 942 Herodoti

1134 961 1378 999 narrationem
1397 963 1443 999 de
1462 961 1579 999 Araxe
1596 962 1783 998 confusam

1135 1017 1240 1063 dicit,
1285 1023 1325 1054 ut
1353 1019 1390 1054 in
1430 1031 1503 1067 qua
1524 1019 1610 1055 bina
1639 1016 1787 1053 {lumina

1136 1074 1291 1121 diversa,
1308 1074 1485 1111 Iaxartem
1504 1079 1540 1112 et
1549 1075 1682 1119 Oxum,
1698 1085 1786 1109 con-

1136 1132 1217 1168 susa
1238 1136 1273 1168 et
1295 1131 1472 1181 permixta
1499 1143 1579 1168 esse
1599 1131 1785 1180 appareat.

1138 1188 1244 1231 Quae
1269 1188 1363 1224 enim
1392 1187 1531 1236 singula
1558 1188 1605 1225 de
1633 1191 1787 1235 utroque

1135 1244 1333 1294 accepisset
1380 1244 1612 1290 Herodotus,
1662 1254 1706 1279 ea
1750 1241 1787 1278 in

1137 1313 1246 1337 unum
1289 1313 1310 1337 a
1340 1301 1514 1350 scriptore
1549 1299 1724 1337 translata
1751 1301 1789 1335 et

1137 1358 1283 1406 quidem
1305 1357 1341 1392 in
1361 1357 1398 1392 id
1416 1359 1548 1395 flumen
1563 1386 1573 1403 ,
1603 1355 1704 1405 quod
1723 1367 1790 1391 no-

1137 1413 1315 1449 tissimum
1350 1417 1459 1461 atque
1507 1412 1790 1457 celeberrimum,

1140 1469 1227 1516 Cyri
1273 1468 1462 1518 imperium
1502 1481 1524 1505 a
1566 1468 1788 1515 Massagetis

1139 1525 1362 1561 seiunxisset.
1437 1524 1547 1562 Unde
1589 1523 1788 1570 concludit,

1140 1581 1260 1617 Oxum
1281 1580 1425 1629 quidem
1453 1580 1687 1630 probabiliter
1712 1592 1789 1617 ma-

1141 1649 1252 1686 gnum
1282 1650 1362 1673 esse
1400 1636 1497 1673 illum
1528 1637 1697 1685 fluvium,
1727 1637 1790 1686 qui

1141 1694 1177 1730 in
1204 1693 1376 1743 Caspium
1404 1706 1502 1731 mare
1534 1706 1572 1730 se
1600 1694 1791 1738 insundat;

1142 1749 1298 1795 insulas,
1321 1749 1472 1798 paludes
1493 1763 1534 1787 ac
1560 1754 1691 1798 stagna
1717 1751 1791 1786 for-

1144 1806 1234 1843 sitan
1255 1805 1378 1842 reserri
1397 1818 1507 1855 posse
1525 1807 1573 1843 ad
1588 1806 1704 1843 lacum
1723 1805 1791 1843 ho-

1143 1862 1202 1899 die
1219 1861 1284 1898 sub
1310 1862 1455 1899 nomine
1482 1863 1572 1899 Aral
1601 1868 1727 1900 notum
1755 1866 1791 1900 et

1143 1918 1190 1954 ad
1211 1917 1355 1953 fluvium
1382 1918 1518 1967 (quem
1545 1920 1698 1958 seriores
1726 1931 1792 1955 vo-

1146 1975 1255 2021 cant)
1284 1973 1487 2023 Iaxartem,
1525 1989 1679 2025 quocum
1707 1974 1791 2012 olim

1145 2030 1296 2068 forsitan
1340 2031 1441 2067 Oxus
1485 2032 1623 2069 iunctus
1669 2032 1791 2081 aliquo

1145 2087 1254 2123 modo
1271 2087 1389 2123 suerit.
1419 2088 1458 2123 ln
1480 2101 1523 2125 eo
1542 2094 1662 2126 autem
1684 2100 1792 2137 aper-

1146 2147 1182 2180 te
1206 2142 1327 2192 lapsus
1349 2142 1486 2181 Noster
1512 2145 1561 2191 (si
1575 2145 1792 2182 Rennelium

1146 2199 1248 2236 audis
1271 2198 1292 2234 l.
1315 2198 1372 2246 l.)‚
1402 2201 1501 2248 quod
1522 2201 1648 2237 Araxis
1673 2201 1792 2237 fontes

1146 2256 1183 2291 in
1201 2254 1370 2291 Matienis
1392 2256 1504 2304 (quae
1524 2258 1603 2306 ipsa
1625 2261 1679 2294 est
1697 2261 1793 2294 terra

1147 2310 1364 2357 Kurde'stan,
1393 2313 1484 2348 intra
1505 2313 1666 2351 Mediam
1682 2317 1793 2362 atque

1146 2368 1370 2415 Armeniam)
1393 2369 1563 2416 collocat,
1588 2370 1693 2419 eique
1715 2382 1795 2406 cur-

1148 2436 1226 2460 sum
1244 2424 1366 2461 tribuit
1383 2426 1604 2464 orientalem.
1637 2426 1793 2463 Araxem

1147 2481 1243 2518 enim
1257 2480 1366 2528 illum,
1381 2482 1442 2531 qui
1459 2494 1502 2519 ex
1518 2482 1690 2520 Armenia
1705 2495 1794 2533 pro-

1148 2535 1245 2574 venit
1264 2549 1305 2573 ac
1322 2538 1368 2575 de
1398 2551 1469 2587 quo
1485 2539 1637 2576 obscura
1653 2543 1793 2575 tantum

1149 2593 1315 2642 scriptori
1334 2599 1459 2631 nostro
1474 2595 1600 2632 notitia
1611 2623 1622 2643 ,
1653 2607 1733 2632 cum
1748 2607 1793 2632 eo

1148 2647 1278 2696 Araxi,
1319 2650 1381 2699 qui
1423 2651 1469 2688 ab
1512 2652 1651 2689 oriente
1684 2650 1792 2688 maris

1150 2704 1276 2755 Caspii
1311 2707 1408 2754 fluit,
1453 2708 1626 2744 confudit.
1689 2706 1794 2744 Haec

1148 2759 1362 2808 Bennelius,
1393 2763 1566 2801 adversus
1590 2775 1697 2812 quem
1715 2763 1793 2799 He-

1148 2817 1278 2853 rodoto
1302 2819 1547 2867 patrocinatur
1572 2819 1736 2855 Bredow.
1753 2818 1791 2854 in

1148 2871 1348 2923 Uranolog.
1382 2875 1559 2914 Herodot.
1595 2873 1788 2925 Specimin.
