1877 3223
424 228 480 269 32
839 223 1306 263 HERODOTI

425 333 622 386 ἀπίκετο,
662 332 776 388 ἔλεγε
815 330 842 388 ἡ
883 332 992 389 γυνὴ
1032 333 1153 377 τάδε·
1202 335 1340 385 ,,Νῦν
1376 347 1446 376 τοι
1476 330 1602 373 δυοῖν
1629 342 1707 372 πα-

424 411 700 468 ,,ρεουσέων,
745 409 892 468 Γύγη,
933 414 1089 469 δίδωμι
1127 414 1313 466 αἳρεσιν,
1357 407 1565 463 ὁκοτέρην
1606 405 1753 463 ficii-70

423 497 552 544 „asoa
580 489 845 546 τραπέσθαι·
876 490 904 547 ἢ
932 490 1015 546 γὰρ
1044 490 1304 534 Κανδαύλεα
1333 487 1603 537 ἀποκτείνας,
1635 484 1707 540 ἐμέ

422 587 500 621 „ts
529 570 602 614 καὶ
631 569 709 625 τὴν
739 572 968 626 βασιληΐην
1004 569 1068 625 ἔχε
1109 569 1188 625 τήν
1218 570 1402 617 Λυδῶν,
1433 563 1461 620 ἢ
1493 562 1629 606 αὐτὸν
1660 563 1706 606 σὲ

423 682 447 700 ,,
462 648 615 692 αὐτίκα
655 647 771 691 οὕτω
808 647 1104 704 ἀποθνήσκειν
1144 650 1230 692 δεῖ·
1271 644 1329 697 ὥς
1359 645 1415 687 ἂν
1444 642 1526 699 μὴ,
1563 642 1706 685 πάντα

423 727 717 783 ,,πειθόμενος
754 727 1017 785 Κανδαύλῃ,
1055 731 1135 770 τοῦ
1175 730 1334 770 λοιποῦ
1363 726 1460 781 ἴδῃς
1488 720 1541 765 τά
1572 721 1629 778 μή
1659 731 1705 764 σε

399 812 447 857 4„
460 809 534 850 δεῖ.

423 919 446 937 ,,
460 887 525 929 δεῖ
553 882 848 937 ἀπόλλυσθαι,
889 885 916 941 ἢ
946 886 1014 933 σὲ,
1057 884 1135 928 τὸν
1172 884 1243 942 ἐμὲ
1283 884 1454 939 γυμνὴν
1491 878 1753 936 θηησοῖμε-Ίὸ

1410 961 1460 1004 ‘0
1489 960 1534 1004 δὲ
1565 958 1709 1014 Γύγης

423 1045 529 1096 τέως
566 1044 646 1100 μὲν
686 1040 968 1098 ἀπεθώυμαζε
1004 1042 1056 1086 τά
1096 1041 1324 1098 λεγόμενα·
1365 1040 1469 1096 μετά
1509 1038 1578 1088 δὲ,
1619 1035 1708 1080 ἱκέ-

594 803 689 848 ἀλλ’
729 804 827 861 ἤτοί
863 805 1009 850 κεῖνόν
1049 823 1096 862 γε
1133 806 1209 850 τὸν
1236 808 1372 848 ταῦτα
1402 801 1704 859 βουλεύσαντα

401 972 449 1017 5,,
461 981 562 1017 νον,
601 964 675 1007 καὶ
702 962 944 1019 ποιήσαντα
975 962 1030 1008 ου’
1058 962 1357 1019 νομιζόμενα.“

425 1139 520 1167 τευε
557 1122 616 1180 μή
663 1139 737 1179 μιν
787 1121 1000 1179 ἀναγκαίῃ
1052 1121 1193 1165 ἐνδεῖν
1233 1123 1452 1175 διακρῖναι
1500 1117 1709 1175 τοιαύτην

401 1203 603 1258 σαῖρεσιν.
673 1199 818 1245 οὔκων
865 1200 918 1258 δὴ
968 1201 1134 1254 ἔπειθε,
1183 1197 1278 1244 ἀλλ’
1327 1199 1422 1254 ὥρα
1467 1198 1709 1254 ἀναγκαίην
1752 1203 1780 1241 7

434 1396 463 1451 ’ἢ
503 1394 623 1438 αὐτὸν
663 1395 706 1437 σὲ
748 1393 891 1437 αὐτίκα
929 1394 1033 1439 οὕτω

380 1451 657 1505 ἀποθνήσκειν
698 1453 780 1504 δεῖ]
832 1450 953 1494 αὐτόν
992 1453 1034 1495 σὲ

379 1514 466 1562 (pro
499 1507 634 1551 αὐτόν
676 1513 754 1559 σε)
794 1524 874 1547 cum
902 1513 1034 1559 Schw.,

381 1570 501 1606 Gaiss.
533 1572 568 1605 et
598 1567 729 1605 Matth.
763 1568 942 1604 dedimus.
992 1568 1034 1605 ln

379 1625 507 1663 vocula
537 1620 640 1663 οὕτω
670 1624 823 1671 insignis
854 1625 1033 1673 quaedam

380 1682 434 1719 vis
458 1682 553 1718 inest
573 1682 620 1717 ad
637 1680 915 1730 descriptionem
936 1685 1034 1731 apta,

381 1742 422 1775 ut
447 1739 563 1786 digito
584 1737 688 1786 quasi
709 1742 916 1773 monstrans
945 1737 1034 1774 haec

382 1795 539 1832 edixisse
576 1794 703 1842 regina
739 1793 918 1830 videatur:
968 1795 1034 1839 ita,

381 1855 455 1898 „ut
485 1849 617 1887 scilicet
641 1849 737 1885 illum
759 1849 921 1898 (regem)
942 1862 1035 1886 nunc

381 1907 474 1944 mori
520 1910 676 1955 oportet.
692 1907 717 1925 “
775 1905 908 1954 Neque
941 1906 1035 1943 enim

380 1964 470 2001 haec
488 1962 536 1999 ita
565 1961 700 1998 dixisse
718 1961 879 2008 videtur,
908 1967 948 1998 ut
977 1974 1037 1998 sa-

381 2019 514 2057 tellites
540 2018 646 2054 simul
676 2016 791 2065 digito
816 2018 1037 2063 monstrarit,

380 2076 430 2112 ad
452 2074 739 2111 obtruncandum
772 2079 935 2123 paratos.
978 2074 1036 2109 Si-

382 2131 465 2168 mile
477 2130 753 2167 ciceronianum
771 2129 856 2166 illud
877 2143 920 2167 ex
944 2133 1034 2165 orat.

381 2201 449 2239 pro
484 2187 594 2223 Rosc.
634 2188 709 2232 26,
747 2189 799 2226 71
843 2198 951 2233 „non
985 2187 1037 2222 sic

381 2244 501 2280 nudos
523 2244 557 2278 in
578 2244 710 2279 flumen
726 2242 939 2291 proiicere,“
960 2241 1037 2277 lau-

383 2300 481 2337 davit
502 2298 656 2344 Manli„
686 2298 826 2346 aliaque
864 2299 939 2335 eius
971 2310 1036 2345 ge—

382 2356 501 2402 neris,
531 2355 591 2390 ubi
620 2354 665 2389 sit
694 2349 818 2399 οὕτως
850 2359 1034 2390 nostrum:

385 2412 503 2460 „ohne
539 2412 711 2456 moiun-es,
754 2410 836 2446 olene
871 2409 1038 2446 Umstiin—

383 2469 465 2506 de.“
484 2488 539 2494 —-
569 2466 761 2503 Caeterum
784 2479 857 2501 non
886 2478 1036 2516 prorsus

386 2523 572 2562 dissimilia
625 2521 662 2558 in
707 2521 1037 2570 Lougobardorum

383 2581 536 2618 historia
583 2579 630 2615 de
670 2577 909 2614 Rosamunda
955 2589 1038 2614 nar-

386 2643 532 2682 rantur,
562 2646 655 2684 quae
673 2633 908 2670 Helmichidis
927 2645 1038 2683 opera

384 2693 545 2730 adhibita
591 2690 758 2728 maritum
809 2703 932 2738 regem
976 2689 1039 2725 Al-

385 2750 533 2786 buinum
571 2745 726 2783 sustulit.
770 2746 826 2782 Cf.
852 2746 915 2784 Fr.
950 2746 1037 2783 Chr.

387 2804 589 2842 Schlosser.
636 2801 861 2851 Weltgesch.
912 2802 967 2849 ll,
1015 2806 1034 2843 1

387 2874 427 2912 p.
449 2862 503 2902 82
530 2861 614 2910 ibiq.
636 2857 735 2896 laud.

1159 1413 1212 1444 ως
1232 1393 1282 1436 ἂν
1309 1394 1544 1448 μή-τοῦ
1567 1397 1754 1436 λοιποῦ

1102 1453 1216 1508 ι’δῃς]
1262 1456 1335 1492 τοῦ
1365 1455 1511 1493 λοιποῦ
1553 1453 1668 1504 probe
1700 1453 1754 1490 ‹li-

1102 1496 1362 1559 stiiiguendum
1381 1522 1403 1546 a
1423 1508 1466 1549 τό
1486 1505 1640 1549 λοιπόν.
1671 1509 1755 1547 Hoc

1103 1568 1237 1604 indicat
1280 1572 1424 1616 tempus
1468 1567 1676 1604 continuum
1718 1571 1755 1603 et

1102 1628 1337 1675 perpetuum3
1387 1622 1474 1659 illud
1502 1622 1754 1674 repetitionem

1103 1680 1265 1718 eiusdem
1296 1678 1380 1716 sacti
1407 1679 1544 1729 reliquo
1574 1684 1753 1729 tempore.

1101 1736 1237 1774 Docuit
1255 1736 1455 1773 Hermann.
1486 1737 1534 1772 ad
1555 1735 1680 1784 Viger.
1709 1735 1756 1772 de

1102 1792 1269 1832 idiotism.
1302 1804 1390 1842 pag.
1425 1795 1529 1840 706,
1569 1793 1604 1830 h.
1625 1792 1651 1829 l.
1678 1791 1756 1828 lau·

1104 1850 1202 1885 (lato.

1163 1902 1308 1943 ἱκέτευε
1348 1920 1402 1955 μη
1443 1919 1510 1956 μιν
1556 1899 1755 1975 ἀναγκαίῃ

1104 1959 1232 2000 ἐνδεῖν
1255 1961 1455 2013 διακοῖναι
1479 1956 1669 2010 τοιαύτην
1698 1961 1757 2000 αι’-

1105 2014 1241 2068 ρεσιν]
1289 2019 1315 2054 i.
1349 2031 1383 2055 e.
1440 2047 1464 2065 ‚‚
1478 2018 1677 2055 obsecrabat
1714 2030 1756 2055 ne

1104 2076 1219 2122 ipsum
1251 2076 1451 2110 necessitati
1478 2074 1635 2122 illigaret
1657 2075 1753 2111 diiu-

1103 2129 1274 2166 dicandae
1294 2130 1379 2166 talis
1401 2131 1587 2178 optionis.“
1616 2129 1755 2167 Admo-

1103 2186 1180 2222 nuit
1202 2185 1269 2221 Cr.
1301 2185 1531 2233 Pythagorici
1553 2186 1636 2223 dicti
1655 2187 1756 2237 apud

1103 2242 1201 2289 Diog,
1189 2253 1262 2277 en.
1293 2239 1325 2276 L
1329 2244 1414 2278 a'ert
1459 2241 1543 2278 ull
1597 2241 1636 2293 ὃ.
1681 2242 1755 2284 14:

1103 2292 1262 2347 ποώτόν
1289 2295 1330 2335 τέ
1355 2293 1454 2346 φάσι
1479 2300 1623 2337 τοῦτον
1652 2294 1754 2338 ἀπο-

1105 2355 1235 2402 φῆναι
1287 2367 1359 2403 την
1415 2351 1552 2404 ψυχὴν
1608 2349 1756 2394 κυκλον

1104 2404 1338 2460 ἀνάγκης
1377 2405 1647 2462 ἀμείβουσαν,
1688 2407 1754 2450 ὅλ-

1104 2467 1190 2504 λοτε
1235 2462 1368 2512 ἄλλοις
1412 2466 1754 2506 ἐνδεῖσθαι

1106 2516 1233 2567 ζώοις.
1303 2522 1433 2569 Plura,
1474 2536 1542 2560 nec
1572 2523 1641 2561 hoc
1675 2523 1756 2562 loco

1104 2578 1319 2616 Herodoteo
1363 2580 1521 2627 omisso,
1577 2579 1678 2618 Idem
1716 2580 1754 2617 in

1104 2632 1257 2682 Dionys.
1281 2648 1317 2685 p.
1348 2638 1413 2676 72·
1439 2635 1506 2676 74.

1163 2688 1332 2729 οὔκων
1363 2689 1413 2742 δή
1450 2690 1587 2730 ἔπειθε
1620 2713 1673 2720 -
1696 2690 1756 2731 αἱ·

1105 2744 1232 2797 ρέεται
1269 2742 1386 2793 αὐτὸς
1413 2747 1631 2798 περιεῖναι]
1678 2747 1756 2784 An-

1104 2807 1206 2839 notat
1235 2803 1270 2840 h.
1302 2804 1325 2840 l.
1366 2803 1566 2851 Matthiae,
1608 2803 1756 2841 voculae

1104 2856 1236 2899 οὔκων
1266 2873 1369 2898 usum
1403 2861 1501 2912 apud
1527 2859 1753 2898 Herodotum
