1909 3228
538 217 957 260 EUTERPE.
1010 221 1056 260 Π.

1330 226 1414 267 529

163 326 295 380 διψῆν
324 340 369 368 τε
397 323 573 370 ὑδάτων
601 326 806 385 μάλιστα,
835 330 908 373 καὶ
936 329 988 373 τὰ
1018 328 1201 386 ἐγχώρια
1223 329 1413 387 ῥεύματα

37 394 102 442 25
159 404 449 459 μαραίνεσθαι
476 410 565 449 τῶν
593 411 812 464 ποταμοῖν.
865 407 942 459 Ὡς
971 408 1017 452 δὲ
1046 408 1093 452 έν
1119 408 1267 453 πλέονι
1294 409 1408 468 λόγῳ

159 484 347 539 δηλῶσαι
356 516 367 536 ,
399 480 481 529 ὦδε
515 485 607 541 ἔχει.

669 486 836 539 διεξιών
874 490 950 543 τῆς
984 486 1149 545 Λιβύης
1183 486 1236 532 τὰ
1265 486 1355 533 ἄνω
1385 488 1411 534 ὅ

156 561 298 617 ἥλιος,
344 562 444 608 τάδε
485 565 646 608 ποιέει·
700 564 773 608 ἅτε
818 564 890 609 διά
927 565 1089 617 παντός
1134 570 1216 610 τοῦ
1249 566 1410 623 χρόνου

158 642 338 694 αἰθρίου
379 658 423 686 τε
465 642 612 694 έόντος
649 646 730 686 τοῦ
765 641 894 699 ἠέρος
932 648 1012 688 τοῦ
1046 643 1154 688 κατά
1195 650 1330 689 ταῦτα
1358 645 1467 690 wiso

155 721 315 774 χωρία,
346 721 419 764 καὶ
450 719 642 777 ἀλεεινῆς
666 725 742 777 τῆς
768 719 910 777 χώρης
940 722 1114 778 ἐούσης,
1146 722 1227 767 οὐκ
1246 722 1409 768 ἐόντων

155 795 330 854 άνέμων
359 803 566 854 ψυχρῶν,
617 799 783 851 διεξιών
821 799 957 843 ποιέει
997 798 1095 844 οἷόν
1132 816 1211 856 περ
1249 803 1322 845 καὶ
1358 802 1408 846 τὸ

152 877 285 932 θέρος
313 877 421 920 ἔωθε
450 876 634 929 ποιέειν,
695 877 774 921 ἰών
815 877 864 921 τὸ
903 877 1037 934 μέσον
1075 882 1155 922 τοῦ
1195 878 1406 935 οὐρανοῦ.

123 961 145 995 2
162 955 182 968 ΡΙ
339 955 347 968 ἱ
416 955 427 970 Ί
470 954 480 970 ’
517 956 530 971 t·
639 956 646 970 l
742 957 751 971 ἱ
790 957 811 971 ΡΙ
915 975 924 984 ·
975 957 987 971 Ρ
1059 956 1069 970 Ι
1198 958 1216 972 Α
1302 958 1312 973 ’

159 959 270 998 ελκει
298 972 382 1011 γαρ
411 972 462 998 επ
510 973 677 1001 εωυτον
705 975 754 1001 το
782 959 903 1012 υδωρ
967 962 1148 1008 ελκυσας
1177 959 1245 1009 ὁε,
1285 973 1411 1002 απω-Ἰ

149 1032 242 1077 θέει
276 1034 317 1085 ές
346 1034 398 1078 τά
424 1034 515 1078 ἄνω
549 1037 704 1090 χωρία·
743 1033 1126 1092 ὑπολαμβάνοντες
1157 1036 1203 1080 δὲ
1233 1038 1276 1080 οἱ
1306 1036 1405 1081 ἅνε-
1419 1044 1462 1079 85

150 1129 247 1166 μοι,
277 1113 348 1155 καὶ
379 1114 732 1166 διασκιδνάντες,
763 1114 965 1171 τήκουσι·
1005 1116 1078 1158 καί
1114 1116 1196 1159 εἰσι
1226 1115 1408 1168 οἰκότως

151 1191 196 1233 οἱ
223 1189 305 1234 ἀπὸ
337 1191 494 1248 ταύτης
523 1196 598 1249 τῆς
628 1192 768 1249 χώρης
795 1193 1019 1246 πνέοντες,
1046 1193 1070 1237 ὅ
1090 1209 1134 1237 τε
1152 1192 1301 1246 νότος,
1329 1195 1403 1238 καὶ

119 1274 142 1309 8
167 1267 178 1282 θ
231 1270 240 1285 1
347 1269 357 1283 Ί
397 1271 405 1284 Ι
656 1271 664 1285 ἱ
766 1276 784 1284 ὐ
890 1272 899 1286 l
1058 1273 1069 1287 θ
1143 1271 1153 1287 Ι

155 1286 178 1312 ο
204 1274 297 1321 λιψ,
330 1287 502 1326 ανεμων
530 1276 696 1318 πολλου
724 1289 811 1315 των
839 1289 1015 1317 παντων
1044 1289 1291 1316 υετωτατοι.
1330 1274 1404 1316 δο-

147 1347 234 1390 κέει
265 1348 310 1391 δέ
339 1366 414 1404 μοι
444 1349 546 1394 οὐδὲ
575 1355 664 1394 πᾶν
690 1350 739 1394 τὸ
769 1351 893 1406 ὕδωρ
922 1350 970 1395 τὸ
991 1351 1183 1395 ἐπέτειον
1207 1351 1405 1395 ἑκάστοτε

149 1422 481 1481 ἀποπέμπεσθαι
509 1432 590 1471 τοῦ
622 1430 790 1472 Νείλου
821 1428 845 1473 ὁ
875 1428 1014 1485 ἥλιος,
1054 1426 1163 1472 ἄλλα
1192 1430 1264 1472 καὶ
1292 1427 1404 1472 ὐπο-

118 1505 372 1548 4λείπεσθαι
400 1507 500 1561 περὶ
529 1505 708 1550 ἑωυτόν.
735 1507 1045 1563 πρηϋνομένου
1074 1507 1120 1550 δὲ
1148 1510 1230 1550 τοῦ
1252 1509 1461 1562 χειμῶ-9ο

146 1599 247 1635 νος,
286 1581 512 1640 ἀπέρχεται
541 1584 563 1630 ὁ
592 1585 716 1642 ἥλιος
746 1586 788 1637 ές
817 1586 951 1641 μέσον
979 1584 1058 1629 τόν
1082 1583 1277 1640 οὐρανὸν
1306 1582 1403 1628 ὀπί-

120 1677 122 1679 ’
146 1672 230 1704 σω·
260 1662 334 1705 καὶ
362 1664 410 1707 τὸ
442 1664 645 1708 ἐνθεῦτεν
671 1663 757 1721 ἤδη
786 1663 948 1720 ὁμοίως
977 1663 1062 1708 άπὸ
1093 1662 1268 1708 πάντων
1289 1662 1403 1707 ἕλκει

116 1745 366 1796 5ποταμῶν.
423 1743 528 1794 τέως
563 1742 609 1787 δὲ
643 1743 686 1786 οἱ
719 1742 824 1798 μὲν,
864 1741 1055 1799 ὀμβρίου
1092 1742 1252 1794 ὕδατος
1290 1753 1401 1798 συμ-

287 1959 319 1995 C
330 1971 351 1996 a
361 1971 399 2009 p.
428 1955 546 1996 XXV.

147 2036 472 2088 διεξιών-τάδε
491 2037 631 2092 ποιέει]
649 2035 742 2081 τάδε

89 2098 137 2135 ad
159 2097 347 2146 sequentia
375 2101 514 2148 spectat
546 2102 582 2135 et
607 2099 743 2148 repeti-

89 2158 147 2190 tur
163 2154 434 2202 quodammodo
447 2154 566 2190 verbis
587 2151 741 2201 διεξιών

89 2207 214 2248 ποιέει
235 2204 325 2248 οἷόν
344 2223 416 2259 περ
433 2224 468 2247 κ.
480 2223 510 2246 τ.
523 2211 569 2257 λ.,
588 2210 646 2246 ubi
660 2223 740 2247 cum

89 2269 238 2303 recentt.
256 2265 382 2315 scripsi
403 2264 505 2303 ἔωθε
516 2278 582 2315 pro
602 2262 738 2304 ἐώθεε,

89 2320 337 2358 Conf.Matth.
352 2320 373 2357 l.
386 2320 408 2357 l.
423 2319 459 2371 ἓ.
478 2322 558 2362 630
568 2334 604 2371 p-
619 2324 737 2363 1292·

89 2375 149 2412 Ad
166 2377 282 2425 ipsam
303 2377 518 2416 sententiam
537 2379 631 2414 conf.
648 2381 740 2415 nott.

90 2432 139 2467 ad
159 2431 206 2478 11,
225 2431 291 2472 24.

147 2508 312 2560 ἑλκύσας
337 2511 401 2562 δὲ,
432 2509 607 2555 άπωθέει
627 2513 667 2562 ές
691 2512 739 2555 τά

91 2565 176 2607 ἅνω
214 2568 359 2620 χωρία]
399 2570 467 2607 Est
500 2571 589 2609 haec
624 2572 737 2609 nostri

91 2625 272 2674 scriptoris
295 2626 490 2663 sententia:
527 2639 657 2675 aquam
679 2631 736 2664 at-

89 2684 240 2717 tractam
270 2680 382 2718 solem
411 2685 507 2719 retro
551 2683 653 2731 quasi
687 2683 736 2720 ad

90 2735 169 2772 loca
190 2737 374 2786 superiora
403 2736 454 2784 (i.
471 2750 503 2775 e.
533 2738 649 2787 magis
671 2750 736 2776 au-

91 2791 237 2840 stralia)
261 2791 455 2842 repellere3
487 2805 595 2842 quam
618 2794 735 2843 ipsam

88 2851 217 2884 ventos
241 2848 473 2898 suscipientes
500 2852 536 2886 et
552 2849 735 2900 dissipan-

134 2902 342 2941 HEnonor.
373 2903 402 2941 Ι.

808 1961 863 1996 tes
890 1957 1127 2007 liquefacere3
1155 1957 1253 1994 unde
1276 1956 1458 2008 explican-

809 2015 915 2060 dum,
956 2026 1017 2050 cur
1044 2014 1142 2050 venti
1168 2013 1262 2050 illinc
1291 2015 1456 2050 efflantes

808 2069 946 2119 pluvias
959 2070 1112 2106 maxime
1127 2070 1254 2105 ferant.
1285 2068 1345 2105 Tu
1360 2071 1454 2106 conf.

808 2125 960 2161 Salmas.
980 2125 1028 2161 ad
1047 2124 1159 2161 Solin.
1179 2137 1215 2174 p.
1236 2126 1332 2170 303,
1354 2125 1397 2161 C.
1419 2123 1454 2161 D

808 2184 845 2218 et
890 2181 938 2218 de
984 2180 1201 2230 superlativo
1237 2174 1455 2227 ὕετῶτατος

807 2236 937 2273 Matth.
958 2236 980 2273 Ι.
1000 2236 1022 2272 l.
1044 2249 1128 2286 pag.
1151 2235 1243 2277 256.

864 2289 960 2330 άλλοὶ
979 2291 1046 2330 καὶ
1066 2290 1353 2330 ὑπολείπεσθαι
1364 2287 1455 2343 περὶ

807 2344 965 2397 ἑωυτόν]
996 2348 1176 2384 putabant
1197 2348 1312 2394 enim,
1341 2360 1454 2396 aquas

805 2405 897 2441 circa
918 2403 1028 2441 solem
1050 2403 1219 2452 relinqui,
1248 2403 1309 2452 qui
1327 2403 1397 2440 illis
1417 2406 1454 2440 et

805 2460 962 2497 aleretur
981 2463 1017 2497 et
1036 2459 1140 2507 quasi
1160 2462 1377 2508 pasceretur.
1398 2457 1454 2496 Ita

805 2520 901 2553 certe
915 2516 1056 2552 Stoicos
1077 2514 1284 2562 tradidisse,
1296 2518 1397 2563 patet
1409 2526 1453 2551 ex

803 2571 981 2608 Plutarch.
1006 2570 1038 2606 ll
1058 2583 1093 2620 p.
1116 2572 1210 2616 229,
1229 2568 1274 2606 A.
1292 2570 1322 2606 B
1339 2574 1375 2607 et
1389 2569 1453 2606 Ci-

804 2640 873 2664 cer.
897 2628 943 2663 de
963 2630 1034 2662 nat.
1057 2626 1172 2663 deorr.
1193 2624 1248 2671 II,
1274 2625 1336 2666 15.
1375 2625 1452 2662 Sed

802 2682 956 2732 explosit
975 2682 1067 2718 hanc
1089 2680 1301 2718 sententiam
1314 2680 1452 2717 Aristo-

800 2738 889 2776 teles
906 2737 1093 2775 Meteorol.
1112 2736 1157 2783 ll,
1177 2739 1203 2777 2
1220 2749 1256 2786 p.
1268 2735 1361 2782 551,
1377 2735 1421 2773 E.

855 2792 949 2839 τέως
979 2791 1020 2831 δὲ
1043 2791 1083 2831 οἱ
1109 2789 1179 2842 μὲν
1203 2806 1236 2829 κ.
1257 2805 1288 2829 τ.
1311 2789 1367 2841 λ.]
1395 2792 1450 2829 Ex

800 2849 979 2887 Herodoti
1011 2848 1188 2886 sententia
1210 2847 1262 2884 sol
1283 2859 1349 2898 per
1373 2847 1450 2886 hie-

1144 2904 1200 2943 34
