1909 3228
448 185 534 225 318
840 182 1305 223 HERoDoTl

449 293 626 349 ἀνδρῶν
654 291 848 353 μάλιστα,
881 291 956 337 καὶ
983 290 1070 348 γοὶρ
1100 291 1154 347 δή
1183 291 1264 348 τὴν
1294 294 1500 350 Μηδικὴν
1529 294 1704 352 ἐσθῆτα,

447 375 707 431 νομίσαντες
741 375 817 428 τῆς
863 370 1038 414 ἑωυτῶν
1075 369 1187 414 εἶναι
1223 373 1410 424 καλλίω,
1470 374 1702 428 φορέουσι·

446 454 522 499 καὶ
551 453 594 503 ἐς
628 449 733 501 τούς
770 451 1005 505 πολέμους.
1053 449 1159 501 τοὺς
1184 451 1450 506 Αἰγυπτίους
1485 451 1702 508 θώρηκας.

420 533 526 577 exat
555 529 790 580 εὐπαθείας
819 545 863 573 τε
892 529 1173 579 παντοδαπὰς
1210 528 1540 584 πυνθανόμενοι
1568 531 1704 588 ἐπιτη-

446 609 646 655 δεύουσι·
677 608 752 653 καὶ
777 607 830 664 δὴ
851 608 944 661 καὶ,
975 607 1053 652 ἀπ’
1077 607 1294 665 Ἑλλήνων
1312 606 1548 664 μαθόντες,
1581 610 1703 653 παισὶ
1714 616 1760 651 95

413 690 685 745 δμίσγονται.
741 688 953 744 γαμέουσι
981 686 1022 732 δ’
1053 687 1232 740 ἕκαστος
1262 685 1409 732 αὐτῶν
1436 687 1599 739 πολλὰς
1625 687 1704 744 μὲν

442 767 669 822 κουριδίας
695 772 929 827 γυναῖκας,
976 771 1124 828 πολλῷ
1163 764 1206 812 δ’
1245 767 1305 812 ἔτι
1333 771 1522 819 πλεῦνας
1548 770 1707 812 παλλα-

387 988 514 1024 regum
543 979 618 1012 tum
645 975 866 1026 privatorum
887 976 936 1012 ad
957 974 1038 1014 Me-

386 1032 516 1070 dorum
541 1031 714 1069 victorum
749 1032 925 1069 rationem
953 1045 1041 1069 con-

386 1089 543 1126 formata
571 1089 701 1135 fuerit,
731 1088 770 1125 in
803 1088 953 1138 singulis
978 1102 1040 1126 ac-

386 1149 509 1182 curate
530 1148 812 1182 commonstrare
833 1145 971 1183 studuit
988 1145 1042 1182 vir

387 1201 517 1238 doctus
535 1200 558 1238 l.
574 1200 596 1238 l.

441 1282 510 1324 καὶ
537 1280 612 1336 γὰρ
651 1279 702 1335 δή
741 1280 816 1336 τήν
842 1280 1041 1336 Μηδικήν

389 1338 608 1392 ἕσθῆτα-
629 1339 846 1393 φορέουσι]
879 1342 1041 1379 Pertinet

385 1396 455 1434 hoc
471 1397 698 1447 potissimum
731 1398 778 1434 ad
797 1397 928 1434 stolam
945 1398 1039 1434 illam

385 1453 589 1500 Medicam,
629 1465 736 1501 quam
763 1458 910 1490 auctore
940 1454 1039 1502 Cyro

384 1508 515 1547 Persas
553 1521 576 1545 a
608 1508 728 1547 Medis
762 1510 957 1546 adscivisse
986 1511 1040 1546 se-

385 1569 489 1614 runt,
518 1564 701 1616 pertinent
726 1565 795 1602 huc
823 1565 912 1602 aliae
931 1566 1039 1603 vesti-

384 1625 441 1658 tus
472 1625 616 1672 partes,
646 1634 736 1671 quas
767 1621 927 1670 singulas
956 1635 1038 1671 per-

386 1678 488 1741 sequi
528 1677 677 1726 longum
719 1682 785 1715 est.
852 1678 888 1715 T
891 1679 1037 1716 estimo-

383 1733 446 1771 nia
467 1734 659 1797 praebebit
683 1733 764 1770 Bris
751 1746 846 1770 son.
883 1734 930 1771 de
959 1746 1036 1782 reg.

383 1789 485 1827 Pers.
513 1789 666 1839 princip.
698 1788 734 1836 I,
761 1789 827 1830 56.
869 1789 926 1836 ΙΙ,
955 1791 1035 1830 186

385 1858 490 1894 seqq.
503 1845 552 1882 WW
555 1845 725 1893 esseling.
745 1846 793 1882 ad
809 1845 961 1882 Diodor.
977 1845 1036 1881 Si-

383 1901 450 1939 cul.
468 1901 524 1949 ll,
545 1904 590 1943 6:
630 1901 786 1950 „Atque
803 1901 949 1939 Medico
972 1914 1035 1939 ve-

382 1958 552 1996 stimento
581 1970 656 1995 non
682 1957 797 1994 solum
830 1958 947 1995 induti
976 1971 1034 1996 re-

381 2015 571 2066 periuntur
592 2014 733 2064 figurae
763 2014 801 2050 in
822 2027 1035 2052 monumen-

381 2071 428 2108 tis
449 2070 754 2122 Persepolitanis‚
784 2070 822 2107 id
850 2071 950 2120 quod
975 2082 1034 2107 sa-

382 2127 427 2164 tis
451 2131 618 2175 constat,
646 2139 769 2165 verum
785 2127 894 2164 etiam
912 2128 948 2164 in
966 2127 1033 2176 hy-

380 2184 508 2235 pogeis
545 2183 740 2221 Thebaicis
779 2183 817 2220 in
859 2183 1031 2234 sepulcris

380 2252 532 2289 regum,
570 2239 632 2277 ubi
661 2243 783 2277 tamen
819 2240 950 2291 captivi
981 2239 1032 2277 sic

380 2297 604 2334 exhibentur.
668 2295 752 2333 vid.
800 2297 947 2333 Costaz.
993 2295 1030 2332 in

378 2352 559 2403 Descript.
591 2352 638 2390 de
667 2351 840 2404 l‘Egypte
878 2351 958 2389 Vol.
995 2351 1029 2388 11

379 2422 417 2460 p.
444 2408 526 2451 405
547 2410 652 2459 seq.“
689 2409 745 2446 Cr

434 2490 530 2540 τούς
546 2492 792 2545 Αἰγυπτίους
821 2488 1027 2544 θώρηκας]

378 2549 571 2588 Persarum
598 2550 749 2598 loricas,
779 2563 869 2600 quas
887 2550 933 2586 ab
956 2548 1029 2586 Ae-

378 2607 514 2656 gyptiis
534 2610 672 2644 sumtas
691 2619 771 2644 esse
788 2606 845 2643 hic
863 2605 1027 2655 legimus,

379 2662 550 2699 describit
567 2676 610 2701 ex
629 2666 789 2701 veterum
815 2661 1027 2700 testimoniis

378 2716 620 2756 Brissoniusl.
641 2718 662 2755 l.
692 2719 765 2766 ΙΙΙ,
790 2721 853 2760 12.
882 2718 967 2756 Fuit
985 2717 1027 2754 il-

380 2772 413 2809 la
439 2774 585 2822 quidem
611 2787 784 2823 squamea
813 2775 887 2813 sive
918 2786 1027 2823 squa-

379 2828 446 2866 mis
461 2834 647 2876 conserta3
678 2843 750 2881 quo
768 2831 958 2869 Strabonis
987 2834 1025 2870 et

1106 974 1289 1013 Herodoti
1328 975 1463 1012 ducunt
1510 973 1590 1011 loci.
1647 974 1758 1013 Cous.

1107 1031 1335 1083 potissimum
1354 1031 1444 1068 Her.
1469 1030 1542 1078 IX,
1564 1033 1630 1072 22.

1163 1086 1278 1126 παισὶ
1308 1085 1534 1139 μίσγονται]
1572 1086 1656 1124 Hoc
1683 1085 1761 1126 He-

1107 1144 1229 1181 rodoti
1246 1144 1450 1181 testimonio
1472 1156 1558 1180 usus
1576 1148 1631 1180 est
1647 1142 1760 1181 Athe-

1107 1213 1222 1239 naeus
1249 1200 1359 1247 Xlll,
1385 1203 1451 1241 79.
1508 1199 1629 1236 Alium
1656 1199 1760 1237 huius

1108 1258 1237 1306 fiagitii
1257 1257 1355 1308 apud
1380 1257 1510 1294 Persas
1540 1261 1668 1293 testem
1698 1269 1760 1294 ex-

1108 1314 1195 1351 citat
1215 1313 1477 1362 Wesselingius
1505 1313 1652 1350 Sextum
1678 1312 1760 1363 phi-

1106 1369 1296 1419 losophum
1344 1369 1576 1420 Hypotypos.
1626 1368 1667 1414 l,
1706 1368 1758 1409 14

1106 1439 1144 1476 p.
1179 1427 1255 1472 38,
1295 1429 1405 1473 atque
1440 1425 1527 1461 illud
1561 1424 1757 1473 reprehen-

1107 1483 1254 1519 dentem
1272 1481 1504 1518 Plutarchum
1531 1481 1567 1517 in
1591 1480 1681 1517 libro
1710 1481 1757 1518 de

1106 1537 1287 1575 Herodoti
1304 1537 1451 1585 malign.
1478 1536 1525 1573 Τ.
1549 1536 1580 1573 ΙΙ
1612 1550 1647 1587 p.
1661 1537 1756 1584 857,

1105 1594 1149 1630 B.
1190 1594 1267 1631 Sed
1293 1593 1505 1631 Ammianus
1526 1592 1754 1630 Marcellinus

1106 1649 1273 1697 (xxm,
1294 1651 1346 1698 6)
1377 1663 1440 1688 eos
1464 1649 1654 1699 puerilium
1679 1653 1756 1686 stu-

1103 1719 1251 1756 prorum
1279 1711 1444 1756 expertes
1470 1706 1581 1743 fuisse
1611 1705 1754 1752 scribit;

1103 1762 1204 1810 quod
1227 1763 1257 1798 si
1285 1762 1333 1800 de
1351 1762 1456 1799 huius
1478 1762 1662 1811 scriptoris
1689 1774 1753 1800 ae·

1102 1822 1178 1855 tate
1198 1817 1397 1867 intelliges,
1428 1818 1608 1855 constabit
1633 1818 1755 1856 Hero·

1103 1874 1192 1910 doto
1217 1874 1308 1912 fides
1329 1888 1404 1912 sua.
1461 1874 1511 1911 Et
1526 1874 1686 1924 loquitur
1704 1875 1753 1912 ita

1102 1942 1248 1979 quoque
1258 1931 1408 1968 Orsines
1421 1930 1534 1968 Persa
1551 1931 1651 1981 apud
1660 1930 1753 1968 Cur-

1099 1987 1188 2023 tium
1206 1987 1264 2034 X,
1289 1990 1326 2034 1,
1350 1991 1422 2029 12:
1453 2000 1556 2035 „nec
1568 1987 1677 2024 moris
1693 2000 1751 2026 es-

1099 2055 1139 2080 se
1169 2042 1312 2089 Persis,
1353 2055 1472 2081 mares
1504 2044 1654 2089 ducere,
1691 2043 1752 2092 qui

1100 2103 1226 2148 stupro
1252 2099 1585 2137 effeminarentur.“
1622 2098 1752 2135 Attulit

1100 2153 1190 2192 haec
1214 2155 1421 2191 testimonia
1443 2154 1650 2191 Brissonius
1676 2154 1699 2191 l.
1725 2154 1748 2192 l.

1098 2209 1155 2256 ΙΙ,
1187 2212 1277 2252 162.
1323 2210 1462 2248 Nostra
1488 2216 1610 2248 tamen
1630 2214 1750 2249 aetate

1098 2266 1219 2303 denuo
1243 2267 1324 2303 huic
1352 2266 1477 2304 sceleri
1509 2266 1616 2305 valde
1645 2267 1750 2305 dedi-

1097 2326 1154 2359 tos
1174 2336 1253 2360 esse
1262 2323 1392 2360 Persas
1410 2322 1626 2361 recentiores
1644 2336 1750 2374 pere-

1095 2379 1297 2427 grinatores
1321 2380 1515 2416 affirmant.
1551 2379 1610 2417 Cf.
1632 2380 1748 2417 Ham-

1097 2447 1185 2472 mer.
1215 2436 1252 2472 in
1269 2435 1418 2473 Wiener
1440 2435 1634 2473 Jahrbiich.
1662 2435 1748 2474 vul

1094 2504 1131 2541 p
1148 2493 1245 2532 378

1151 2545 1342 2599 γαμέουσι
1359 2541 1402 2586 δ’
1422 2545 1583 2594 ἕκαστος
1610 2543 1746 2588 αὐτῶν

1093 2601 1241 2650 πολλὰς
1270 2601 1341 2671 μὲν
1374 2604 1654 2655 κουριδίας
1679 2619 1746 2657 γυ-

1094 2662 1256 2707 ναῖκας]
1288 2655 1419 2700 αυτῶν
1436 2661 1564 2711 scripsi
1587 2674 1667 2699 cum
1687 2675 1745 2700 re-

1094 2722 1201 2754 centt
1236 2730 1303 2767 pro
1337 2711 1440 2755 αὖτέ
1453 2731 1527 2756 ων.
1558 2718 1743 2769 κουριδίῃ

1093 2788 1194 2824 γυνη
1215 2772 1406 2810 Herodoto
1426 2777 1462 2810 et
1482 2773 1539 2810 hic
1562 2778 1599 2812 et
1617 2774 1661 2821 V,
1677 2776 1740 2815 18.

1093 2829 1162 2877 vl,
1187 2832 1266 2872 138
1293 2834 1348 2869 est
1368 2842 1459 2867 uxor
1475 2829 1653 2878 legitima,
1682 2829 1739 2866 cui

1896 0 1909 168 1

1898 210 1909 314 A

1902 378 1909 477 ⁴
