1909 3228
431 166 517 206 784

827 160 1296 200 HERoDoTl

434 272 563 329 μένος
595 271 871 321 Φιλιτίωνος,
902 268 950 320 ὃς
979 271 1138 313 τοῦτον
1167 266 1246 312 τὸν
1264 267 1425 324 χρόνον
1445 267 1566 324 ἔνεμε
1590 265 1692 323 κτή-

434 368 512 395 νεα
541 349 650 395 κατὰ
681 353 816 393 ταῦτα
844 347 896 392 τὰ
923 349 1070 404 χωρία.

380 571 452 607 que
488 556 584 592 haud
615 556 684 594 alio
722 569 832 594 sensu
856 560 1032 606 pastorem

380 613 560 658 dixerint,
591 626 699 661 quam
719 626 792 662 quo
823 614 922 663 apud
953 613 1033 648 Ho-

379 681 517 707 merum
534 682 640 717 reges
663 670 828 706 dicantur
848 668 1034 719 ποιμένες

379 727 501 772 λαῶν,
521 725 701 763 locutione
723 726 945 762 necinsolita
968 738 1034 761 nec

380 782 480 820 mira.
523 783 634 825 Quod
656 787 778 818 tamen
796 782 851 818 vix
870 782 1033 826 credent,

380 839 463 888 qui,
493 850 602 886 quam
638 839 810 874 contemti
844 838 1035 887 Aegyptiis

380 895 515 933 fuerint
530 899 694 943 pastores
717 899 828 943 atque
848 896 958 940 exosi,
981 906 1037 930 re-

379 951 606 1003 putaverint3
644 955 683 987 ut
702 951 848 988 minime
868 949 1037 988 credibile

382 1009 466 1054 fiat,
495 1008 642 1055 regibus
671 1008 744 1043 suis
775 1008 942 1056 adeoque
967 1006 1034 1043 diis

380 1065 450 1101 hoc
467 1064 584 1113 ipsum
603 1068 790 1112 pastorum
809 1076 941 1101 nomen
962 1062 1035 1099 Ae-

381 1121 526 1170 g>ptios
562 1121 769 1156 sacerdotes
808 1120 1034 1170 imposuisse.

380 1177 484 1226 Lege
502 1176 588 1212 mihi
614 1177 725 1212 modo
744 1176 879 1213 Genes.
902 1174 1036 1221 XLVI,

381 1233 437 1275 34
466 1237 503 1269 et
530 1232 742 1269 Manethon.
765 1233 862 1282 apud
894 1231 1035 1281 loseph.

382 1290 484 1326 advs.
505 1288 637 1339 Apion.
659 1289 696 1335 l,
727 1288 775 1328 14
802 1303 840 1338 p.
862 1290 983 1335 1039,
999 1287 1035 1323 G

382 1359 419 1396 p.
441 1345 524 1386 444
553 1345 632 1382 coll.
658 1346 818 1382 Heeren.
836 1344 946 1382 Ideen
968 1348 1034 1381 etc.

382 1402 438 1450 ll,
455 1406 481 1443 2
501 1416 536 1452 p.
559 1401 648 1442 148.
710 1401 808 1444 Quin
829 1402 946 1451 ipsum
970 1413 1037 1449 pa-

384 1459 492 1495 storis
545 1456 760 1494 vocabulum
816 1457 1036 1505 Aegyptium

387 1514 455 1551 Sos
483 1513 687 1562 significare
714 1512 839 1549 volunt
862 1512 1036 1562 probrum,

384 1571 539 1607 dedecus
584 1568 713 1616 Adde,
744 1570 843 1618 quod
866 1568 1036 1618 populus,

384 1627 491 1664 valde
502 1630 650 1663 vexatus
662 1626 697 1661 in
715 1626 961 1675 pyramidibus
975 1638 1038 1661 ex-

385 1683 567 1721 struendis
593 1710 604 1728 ‚
643 1681 721 1717 illos
750 1695 855 1729 reges
885 1694 1036 1730 perosus

386 1743 483 1785 erat,
518 1750 671 1786 quorum
692 1737 750 1785 (ut
765 1738 942 1773 bonorum
962 1736 1036 1772 scil.

385 1795 532 1844 regum)
561 1794 708 1831 nomine
738 1793 945 1842 pyramides
974 1805 1039 1842 ap-

385 1851 538 1903 pellatas
567 1850 678 1886 fuisse
710 1849 856 1886 minime
886 1862 1040 1886 consen-

386 1913 534 1945 taneum
556 1910 623 1943 est.
682 1905 734 1943 Ac
763 1906 921 1954 denique
940 1906 1040 1954 quod

387 1965 518 2012 Zoega
551 1963 718 1999 vitiosam
750 1960 922 1999 librorum
949 1975 1041 2010 quo-

387 2022 540 2058 rundam
567 2018 758 2056 lectionem
780 2018 954 2063 Φιλίτιος
984 2023 1040 2055 te-

387 2090 507 2124 nens,
544 2080 691 2112 revocat
725 2075 793 2111 hoc
833 2076 880 2111 ad
902 2074 1040 2121 Philas,

389 2147 462 2183 qua
488 2133 524 2168 in
555 2131 675 2168 insula
708 2131 825 2168 Osiris
849 2144 909 2168 rex
941 2136 1041 2167 ortus

388 2190 592 2235 serebatur,
626 2189 711 2225 inde
739 2187 886 2224 Philias
917 2193 1043 2238 pastor

388 2245 610 2296 appellatus:
648 2257 714 2281 nec
733 2244 907 2289 Φιλίτιος
938 2245 1042 2292 geni-

389 2303 483 2339 tivus
501 2314 568 2338 nec
583 2300 815 2346 Φιλιτίωνος
827 2330 836 2348 ,
857 2301 957 2350 quod
975 2313 1040 2336 nos

390 2359 576 2404 dedimus,
606 2359 643 2394 in
671 2357 736 2394 has
761 2357 882 2394 Philas
913 2357 1042 2394 cadere

390 2427 502 2466 posse
523 2414 685 2459 videtur3
727 2414 919 2462 requiritur
948 2413 1042 2450 enim

391 2476 477 2508 tunc
496 2466 669 2508 Φιλάτου
694 2483 721 2506 s.
748 2470 933 2517 Φιλίτου,
966 2482 1044 2505 mo-

392 2531 502 2564 nente
524 2527 700 2577 Stephan.
718 2527 871 2574 Byzant.
903 2539 937 2575 p.
961 2527 1042 2567 739

392 2584 502 2620 Berk.
533 2582 591 2619 Ad
612 2583 746 2630 hyksos
765 2585 899 2620 referre
914 2582 1043 2619 haecce

394 2640 472 2689 ipse
496 2643 595 2676 vetat
616 2639 766 2688 Zoega‚
797 2652 875 2676 cum
903 2638 950 2674 illi
978 2650 1044 2688 pa-

396 2700 511 2731 stores
531 2696 781 2744 nomadesque
794 2695 939 2741 suerint,
953 2707 1045 2743 quos

395 2751 478 2787 talia
510 2752 675 2788 aedilicia
700 2752 916 2789 exstruxisse
948 2751 1045 2787 haud

396 2807 441 2843 sit
466 2806 646 2844 credibile.
713 2809 836 2852 Quare
864 2806 1044 2844 lablonsk.

1100 567 1196 591 voce.
1223 553 1339 603 Aegg.
1367 567 1404 604 p.
1427 554 1510 594 346
1539 552 1575 588 in
1612 555 1752 601 pastore

1103 610 1292 648 Plu‘letione
1313 611 1423 647 latere
1454 610 1657 659 suspicatur
1682 622 1751 657 pa-

1101 672 1223 704 starem
1251 667 1482 703 Philistaeum
1510 679 1537 701 s.
1572 663 1750 701 Palaesti-

1101 738 1181 760 ιιιιιη
1209 725 1230 760 i.
1255 737 1287 760 e.
1323 724 1518 768 Iudaeum,
1555 721 1685 758 Mosen
1715 725 1753 757 et

1102 782 1221 830 ipsum
1262 784 1468 830 pastorem,
1498 790 1541 815 ex
1565 782 1753 827 pastorum

1104 836 1396 884 (lsraelitarum)
1425 840 1534 883 gente
1561 835 1752 871 oriundum

1103 893 1333 944 pastorisque
1362 892 1580 942 provinciam
1610 890 1646 926 in
1679 889 1752 925 Mi-

1104 951 1222 986 diame
1244 950 1342 999 apud
1370 960 1532 985 socerum
1556 959 1659 983 suum
1687 959 1753 993 ge-

1104 1010 1253 1043 rentem.
1320 1005 1431 1048 Quod
1463 1016 1639 1039 annorum
1670 1001 1753 1039 CVI

1102 1074 1253 1110 regnum
1275 1061 1309 1097 h.
1330 1060 1352 1096 l.
1371 1061 1505 1110 prodat
1527 1059 1752 1106 Herodotus,

1102 1118 1139 1154 id
1156 1118 1268 1154 iideri
1285 1129 1367 1154 esse
1386 1129 1538 1164 regnum
1558 1114 1756 1152 Heracleo-

1102 1174 1303 1224 politanum
1316 1202 1325 1219 ‚
1345 1174 1446 1221 quod
1465 1172 1639 1208 Manetho
1656 1170 1755 1220 apud

1104 1231 1301 1267 Eusebium
1322 1242 1407 1279 pag.
1434 1229 1481 1269 15
1506 1228 1662 1265 affirmet
1688 1227 1756 1263 du-

1102 1300 1204 1324 rasse
1223 1291 1364 1323 centum
1385 1298 1511 1322 annos.
1559 1283 1756 1321 Heracleo-

1102 1343 1203 1393 polin
1225 1356 1310 1379 vero
1330 1356 1410 1379 esse
1444 1342 1591 1388 Gosen,
1623 1345 1756 1377 terram

1101 1399 1345 1436 Israelitarum
1367 1399 1403 1434 in
1421 1397 1604 1446 Aegypto.
1642 1396 1757 1444 Equi-

1103 1456 1186 1492 dem
1208 1455 1257 1491 nil
1280 1456 1502 1499 discernam3
1532 1454 1568 1489 in
1587 1454 1665 1503 ipso
1699 1456 1755 1487 ta-

1104 1524 1186 1549 men
1206 1511 1350 1548 nomine
1379 1511 1509 1547 haereo
1538 1523 1616 1546 eum
1643 1509 1756 1544 Creu-

1104 1581 1188 1605 zero
1221 1567 1269 1614 (l.
1297 1567 1317 1603 l.
1341 1580 1426 1616 pag.
1450 1568 1569 1612 195),
1601 1566 1660 1614 qui
1680 1565 1756 1601 iure

1104 1625 1266 1673 quaerit,
1307 1636 1368 1659 cur
1396 1636 1470 1659 non
1501 1622 1755 1665 Φυλιστίνου,

1105 1684 1144 1715 ut
1163 1680 1260 1728 apud
1278 1679 1419 1728 loseph.
1438 1679 1576 1726 antiqq.
1601 1678 1613 1713 Ι
1631 1692 1666 1728 p.
1694 1676 1756 1723 14,

1107 1736 1137 1771 (“4
1166 1735 1342 1783 legimus,
1382 1734 1437 1771 vel
1475 1734 1617 1783 potius,
1657 1733 1758 1782 quod

1107 1792 1187 1841 ipse
1228 1790 1401 1840 Iosephus
1446 1790 1514 1826 hoc
1540 1803 1649 1827 sensu
1687 1790 1759 1825 sre-

1108 1851 1259 1896 quentat
1287 1847 1334 1893 (l,
1354 1850 1390 1887 7.
1409 1847 1454 1892 11,
1474 1849 1510 1887 6.
1534 1846 1596 1892 Vl,
1618 1849 1635 1885 1
1657 1846 1759 1893 eto),

1111 1905 1382 1941 Παλαιστινοῦ
1421 1903 1551 1953 dixerit
1588 1902 1759 1939 Herodo-

1109 1965 1180 1996 tus.
1223 1960 1323 1997 Idem
1343 1961 1379 1996 in
1399 1959 1561 2007 Symbol.
1584 1959 1599 1995 1
1617 1973 1652 2009 p.
1676 1960 1754 1999 361

1109 2022 1184 2053 not.
1212 2019 1291 2057 120
1313 2016 1392 2052 coll.
1411 2029 1447 2066 p.
1466 2017 1548 2056 300
1570 2029 1644 2064 seq.
1667 2028 1759 2051 non-

1109 2073 1205 2110 nulla
1235 2073 1378 2120 attigit,
1414 2085 1508 2120 quae
1533 2073 1580 2109 ad
1607 2073 1760 2121 pastoris

1111 2129 1316 2166 Pln‘litz'one‘s
1342 2128 1610 2176 intelligentiam
1636 2128 1760 2176 utique

1109 2186 1263 2230 faciant3
1303 2185 1373 2221 hoc
1397 2189 1518 2220 autem
1556 2184 1634 2220 loco
1670 2184 1760 2220 haec

1110 2241 1321 2292 adscripsit:
1366 2240 1505 2288 „Nam
1531 2240 1657 2285 fallor,
1699 2243 1762 2276 aut

1108 2299 1243 2335 frustra
1266 2298 1486 2334 desudamus
1511 2298 1546 2333 in
1571 2297 1761 2347 exploran-

1109 2355 1156 2390 da
1186 2354 1336 2390 historia
1367 2352 1572 2390 Philitz'onis
1595 2355 1762 2403 pastoris,

1110 2411 1139 2447 si
1161 2411 1307 2459 quidem
1330 2423 1373 2447 ea
1404 2411 1451 2446 ad
1475 2410 1614 2447 fabulas
1640 2410 1759 2459 epicas

1109 2468 1287 2517 pertinet,
1322 2467 1452 2514 quibus
1483 2480 1539 2503 res
1561 2466 1761 2515 Aegyptia-

1111 2536 1169 2560 cas
1187 2523 1284 2573 apud
1306 2523 1535 2560 Herodotum
1566 2528 1602 2559 et
1624 2523 1762 2559 Diodo-

1111 2592 1189 2616 rum
1219 2581 1457 2628 iuterspersas
1496 2579 1695 2627 significavi
1725 2578 1761 2613 in

1110 2637 1265 2687 praefat.
1296 2636 1344 2672 ad
1373 2635 1533 2684 Syinbol.
1554 2635 1602 2672 lv
1636 2649 1671 2685 p.
1698 2633 1761 2670 Vll

1113 2694 1217 2741 seq.“
1247 2692 1308 2730 Tu
1325 2692 1396 2728 vid.
1420 2696 1511 2729 nott.
1535 2692 1582 2727 ad
1605 2690 1650 2737 ll,
1673 2692 1759 2730 lOO.

1113 2748 1294 2785 Mannert.
1314 2749 1471 2797 (Geogr.
1483 2748 1518 2784 d.
1533 2748 1596 2783 Gr.
1610 2761 1643 2783 u.
1653 2747 1760 2782 Rom.

1113 2805 1169 2851 X,
1197 2809 1217 2846 1
1254 2818 1289 2856 p.
1310 2804 1393 2846 458
1420 2804 1517 2853 seq.)
1546 2803 1761 2840 locutionem
