<?xml version="1.0" encoding="UTF-8"?>
<!DOCTYPE html PUBLIC "-//W3C//DTD XHTML 1.0 Transitional//EN"
    "http://www.w3.org/TR/xhtml1/DTD/xhtml1-transitional.dtd">
<html xmlns="http://www.w3.org/1999/xhtml" xml:lang="en" lang="en">
 <head>
  <title>
</title>
<meta http-equiv="Content-Type" content="text/html;charset=utf-8" />
  <meta name='ocr-system' content='tesseract 3.04.00' />
  <meta name='ocr-capabilities' content='ocr_page ocr_carea ocr_par ocr_line ocrx_word'/>
</head>
<body>
  <div class='ocr_page' id='page_1' title='image "./musaeherodoto01hero/musaeherodoto01hero_0515.png"; bbox 0 0 1909 3228; ppageno 0'>
   <div class='ocr_carea' id='block_1_1' title="bbox 561 231 1075 271">
    <p class='ocr_par' dir='ltr' id='par_1_1' title="bbox 561 231 1075 271">
     <span class='ocr_line' id='line_1_1' title="bbox 561 231 1075 271; baseline 0 0"><span class='ocrx_word' id='word_1_1' title='bbox 561 231 983 271; x_wconf 88' lang='lat' dir='ltr'><strong>EUTERPE.</strong></span> <span class='ocrx_word' id='word_1_2' title='bbox 1028 232 1075 271; x_wconf 91' lang='lat'>11.</span> 
     </span>
    </p>
   </div>
   <div class='ocr_carea' id='block_1_2' title="bbox 1350 234 1432 274">
    <p class='ocr_par' dir='ltr' id='par_1_2' title="bbox 1350 234 1432 274">
     <span class='ocr_line' id='line_1_2' title="bbox 1350 234 1432 274; baseline 0 0"><span class='ocrx_word' id='word_1_3' title='bbox 1350 234 1432 274; x_wconf 80' lang='lat'>5⁰1</span> 
     </span>
    </p>
   </div>
   <div class='ocr_carea' id='block_1_3' title="bbox 153 336 1433 397">
    <p class='ocr_par' dir='ltr' id='par_1_3' title="bbox 153 336 1433 397">
     <span class='ocr_line' id='line_1_3' title="bbox 153 336 1433 397; baseline 0.002 -15"><span class='ocrx_word' id='word_1_4' title='bbox 153 342 223 385; x_wconf 65' lang='lat'>423</span> <span class='ocrx_word' id='word_1_5' title='bbox 249 336 313 384; x_wconf 71' lang='grc' dir='ltr'><strong><em>ὦν</em></strong></span> <span class='ocrx_word' id='word_1_6' title='bbox 341 340 394 397; x_wconf 77' lang='grc' dir='ltr'>δὴ</span> <span class='ocrx_word' id='word_1_7' title='bbox 432 339 624 397; x_wconf 80' lang='grc' dir='ltr'><strong><em>ἐθελήσει</em></strong></span> <span class='ocrx_word' id='word_1_8' title='bbox 659 342 859 396; x_wconf 80' lang='grc' dir='ltr'><strong><em>ἐκτρέψαι</em></strong></span> <span class='ocrx_word' id='word_1_9' title='bbox 895 342 944 385; x_wconf 86' lang='grc' dir='ltr'>τὸ</span> <span class='ocrx_word' id='word_1_10' title='bbox 985 341 1171 397; x_wconf 78' lang='grc' dir='ltr'>ῥέεθρον</span> <span class='ocrx_word' id='word_1_11' title='bbox 1215 338 1239 385; x_wconf 90' lang='grc' dir='ltr'>ὁ</span> <span class='ocrx_word' id='word_1_12' title='bbox 1270 344 1433 393; x_wconf 80' lang='grc' dir='ltr'><strong><em>Νεῖλος</em></strong></span> 
     </span>
    </p>
   </div>
   <div class='ocr_carea' id='block_1_4' title="bbox 180 418 1489 477">
    <p class='ocr_par' dir='ltr' id='par_1_4' title="bbox 180 418 1489 477">
     <span class='ocr_line' id='line_1_4' title="bbox 180 418 1489 477; baseline -0.001 -14"><span class='ocrx_word' id='word_1_13' title='bbox 180 419 224 471; x_wconf 80' lang='grc' dir='ltr'>ἐς</span> <span class='ocrx_word' id='word_1_14' title='bbox 253 423 410 463; x_wconf 85' lang='grc' dir='ltr'><strong><em>τοῦτον</em></strong></span> <span class='ocrx_word' id='word_1_15' title='bbox 438 420 516 464; x_wconf 86' lang='grc' dir='ltr'><strong><em>τὸν</em></strong></span> <span class='ocrx_word' id='word_1_16' title='bbox 551 419 749 477; x_wconf 82' lang='grc' dir='ltr'><strong><em>Ἀράβιον</em></strong></span> <span class='ocrx_word' id='word_1_17' title='bbox 778 421 963 472; x_wconf 82' lang='grc' dir='ltr'><strong><em>κόλπον,</em></strong></span> <span class='ocrx_word' id='word_1_18' title='bbox 1002 421 1044 463; x_wconf 94' lang='grc' dir='ltr'>τί</span> <span class='ocrx_word' id='word_1_19' title='bbox 1073 436 1149 476; x_wconf 90' lang='grc' dir='ltr'><strong><em>μιν</em></strong></span> <span class='ocrx_word' id='word_1_20' title='bbox 1179 418 1335 463; x_wconf 76' lang='grc' dir='ltr'><strong><em>κωλύει</em></strong></span> <span class='ocrx_word' id='word_1_21' title='bbox 1365 420 1489 474; x_wconf 63' lang='lat' dir='ltr'>§st-75</span> 
     </span>
    </p>
   </div>
   <div class='ocr_carea' id='block_1_5' title="bbox 179 497 1434 555">
    <p class='ocr_par' dir='ltr' id='par_1_5' title="bbox 179 497 1434 555">
     <span class='ocr_line' id='line_1_5' title="bbox 179 497 1434 555; baseline -0.001 -14"><span class='ocrx_word' id='word_1_22' title='bbox 179 515 307 549; x_wconf 82' lang='grc' dir='ltr'><strong><em>οντος</em></strong></span> <span class='ocrx_word' id='word_1_23' title='bbox 334 498 496 543; x_wconf 82' lang='grc' dir='ltr'><strong><em>τούτου</em></strong></span> <span class='ocrx_word' id='word_1_24' title='bbox 526 499 793 555; x_wconf 79' lang='grc' dir='ltr'><strong><em>ἐκχωσθῆναι</em></strong></span> <span class='ocrx_word' id='word_1_25' title='bbox 817 499 936 550; x_wconf 81' lang='grc' dir='ltr'><strong><em>ἐντός</em></strong></span> <span class='ocrx_word' id='word_1_26' title='bbox 956 515 1004 554; x_wconf 79' lang='grc' dir='ltr'>γε</span> <span class='ocrx_word' id='word_1_27' title='bbox 1024 500 1262 554; x_wconf 79' lang='grc' dir='ltr'><strong><em>δισμυρίων</em></strong></span> <span class='ocrx_word' id='word_1_28' title='bbox 1285 497 1434 547; x_wconf 79' lang='grc' dir='ltr'><strong><em>ἐτέων;</em></strong></span> 
     </span>
    </p>
   </div>
   <div class='ocr_carea' id='block_1_6' title="bbox 152 577 1432 635">
    <p class='ocr_par' dir='ltr' id='par_1_6' title="bbox 152 577 1432 635">
     <span class='ocr_line' id='line_1_6' title="bbox 152 577 1432 635; baseline -0.001 -14"><span class='ocrx_word' id='word_1_29' title='bbox 152 577 264 633; x_wconf 73' lang='grc' dir='ltr'>ὅέγώ</span> <span class='ocrx_word' id='word_1_30' title='bbox 289 579 368 633; x_wconf 78' lang='grc' dir='ltr'><strong><em>μὲν</em></strong></span> <span class='ocrx_word' id='word_1_31' title='bbox 396 578 478 633; x_wconf 76' lang='grc' dir='ltr'>γὰρ</span> <span class='ocrx_word' id='word_1_32' title='bbox 511 579 691 635; x_wconf 78' lang='grc' dir='ltr'><strong><em>ἔλπομαί</em></strong></span> <span class='ocrx_word' id='word_1_33' title='bbox 719 595 765 634; x_wconf 80' lang='grc' dir='ltr'>γε</span> <span class='ocrx_word' id='word_1_34' title='bbox 795 580 868 622; x_wconf 83' lang='grc' dir='ltr'>καὶ</span> <span class='ocrx_word' id='word_1_35' title='bbox 902 579 1073 635; x_wconf 84' lang='grc' dir='ltr'><strong><em>μυρίων</em></strong></span> <span class='ocrx_word' id='word_1_36' title='bbox 1109 577 1231 628; x_wconf 81' lang='grc' dir='ltr'><strong><em>ἐντὸς</em></strong></span> <span class='ocrx_word' id='word_1_37' title='bbox 1261 581 1432 633; x_wconf 81' lang='grc' dir='ltr'><strong><em>χωσθῆ-</em></strong></span> 
     </span>
    </p>
   </div>
   <div class='ocr_carea' id='block_1_7' title="bbox 179 655 1430 716">
    <p class='ocr_par' dir='ltr' id='par_1_7' title="bbox 179 655 1430 716">
     <span class='ocr_line' id='line_1_7' title="bbox 179 655 1430 716; baseline 0.002 -17"><span class='ocrx_word' id='word_1_38' title='bbox 179 673 253 700; x_wconf 89' lang='grc' dir='ltr'><strong><em>ναι</em></strong></span> <span class='ocrx_word' id='word_1_39' title='bbox 282 657 348 701; x_wconf 77' lang='grc' dir='ltr'><strong><em>ἄν.</em></strong></span> <span class='ocrx_word' id='word_1_40' title='bbox 379 662 462 702; x_wconf 84' lang='grc' dir='ltr'>κοῦ</span> <span class='ocrx_word' id='word_1_41' title='bbox 491 674 538 713; x_wconf 80' lang='grc' dir='ltr'>γε</span> <span class='ocrx_word' id='word_1_42' title='bbox 568 657 644 713; x_wconf 60' lang='grc' dir='ltr'>δ’),</span> <span class='ocrx_word' id='word_1_43' title='bbox 677 658 723 700; x_wconf 83' lang='grc' dir='ltr'><strong><em>ἐν</em></strong></span> <span class='ocrx_word' id='word_1_44' title='bbox 750 661 810 713; x_wconf 78' lang='grc' dir='ltr'>τῷ</span> <span class='ocrx_word' id='word_1_45' title='bbox 840 655 1259 716; x_wconf 79' lang='grc' dir='ltr'><strong><em>προαναισιμωμένῳ</em></strong></span> <span class='ocrx_word' id='word_1_46' title='bbox 1288 656 1430 713; x_wconf 84' lang='grc' dir='ltr'><strong><em>χρόνῳ</em></strong></span> 
     </span>
    </p>
   </div>
   <div class='ocr_carea' id='block_1_8' title="bbox 178 734 1432 792">
    <p class='ocr_par' dir='ltr' id='par_1_8' title="bbox 178 734 1432 792">
     <span class='ocr_line' id='line_1_8' title="bbox 178 734 1432 792; baseline 0.001 -14"><span class='ocrx_word' id='word_1_47' title='bbox 178 734 394 790; x_wconf 88' lang='grc' dir='ltr'><strong><em>πρότερον</em></strong></span> <span class='ocrx_word' id='word_1_48' title='bbox 423 736 450 792; x_wconf 78' lang='grc' dir='ltr'><em>ἢ</em></span> <span class='ocrx_word' id='word_1_49' title='bbox 480 737 550 791; x_wconf 78' lang='grc' dir='ltr'>ἐμὲ</span> <span class='ocrx_word' id='word_1_50' title='bbox 574 736 799 792; x_wconf 73' lang='grc' dir='ltr'><strong><em>γενέσθαι,</em></strong></span> <span class='ocrx_word' id='word_1_51' title='bbox 841 734 922 779; x_wconf 80' lang='grc' dir='ltr'>οὐκ</span> <span class='ocrx_word' id='word_1_52' title='bbox 951 734 1006 777; x_wconf 76' lang='grc' dir='ltr'><strong><em>ἂν</em></strong></span> <span class='ocrx_word' id='word_1_53' title='bbox 1045 736 1231 790; x_wconf 80' lang='grc' dir='ltr'><strong><em>χωσθείη</em></strong></span> <span class='ocrx_word' id='word_1_54' title='bbox 1271 735 1432 786; x_wconf 79' lang='grc' dir='ltr'><strong><em>κόλπος</em></strong></span> 
     </span>
    </p>
   </div>
   <div class='ocr_carea' id='block_1_9' title="bbox 178 812 1433 871">
    <p class='ocr_par' dir='ltr' id='par_1_9' title="bbox 178 812 1433 871">
     <span class='ocr_line' id='line_1_9' title="bbox 178 812 1433 871; baseline 0.001 -14"><span class='ocrx_word' id='word_1_55' title='bbox 178 815 253 858; x_wconf 85' lang='grc' dir='ltr'>καὶ</span> <span class='ocrx_word' id='word_1_56' title='bbox 280 819 425 871; x_wconf 82' lang='grc' dir='ltr'><strong><em>πολλῷ</em></strong></span> <span class='ocrx_word' id='word_1_57' title='bbox 454 816 592 871; x_wconf 79' lang='grc' dir='ltr'><strong><em>μέζων</em></strong></span> <span class='ocrx_word' id='word_1_58' title='bbox 622 815 683 858; x_wconf 81' lang='grc' dir='ltr'>ἔτι</span> <span class='ocrx_word' id='word_1_59' title='bbox 710 815 899 866; x_wconf 85' lang='grc' dir='ltr'><strong><em>τούτου,</em></strong></span> <span class='ocrx_word' id='word_1_60' title='bbox 929 812 1015 857; x_wconf 80' lang='grc' dir='ltr'>ὑπὸ</span> <span class='ocrx_word' id='word_1_61' title='bbox 1044 812 1263 860; x_wconf 84' lang='grc' dir='ltr'><strong><em>τοσούτου</em></strong></span> <span class='ocrx_word' id='word_1_62' title='bbox 1292 830 1335 858; x_wconf 86' lang='grc' dir='ltr'>τε</span> <span class='ocrx_word' id='word_1_63' title='bbox 1353 830 1433 858; x_wconf 85' lang='grc' dir='ltr'>πο-</span> 
     </span>
    </p>
   </div>
   <div class='ocr_carea' id='block_1_10' title="bbox 122 947 394 954">
    <p class='ocr_par' dir='ltr' id='par_1_10' title="bbox 122 947 394 954">
     <span class='ocr_line' id='line_1_10' title="bbox 122 947 394 954; baseline 0 0"><span class='ocrx_word' id='word_1_64' title='bbox 122 947 394 954; x_wconf 95' lang='lat' dir='ltr'> </span> 
     </span>
    </p>
   </div>
   <div class='ocr_carea' id='block_1_11' title="bbox 115 1015 773 2292">
    <p class='ocr_par' dir='ltr' id='par_1_11' title="bbox 115 1015 773 2292">
     <span class='ocr_line' id='line_1_11' title="bbox 178 1015 773 1073; baseline -0.002 -13"><span class='ocrx_word' id='word_1_65' title='bbox 178 1021 214 1061; x_wconf 85' lang='grc' dir='ltr'>εἷ</span> <span class='ocrx_word' id='word_1_66' title='bbox 237 1015 294 1060; x_wconf 65' lang='grc' dir='ltr'><strong><em>οἷν</em></strong></span> <span class='ocrx_word' id='word_1_67' title='bbox 310 1019 360 1073; x_wconf 73' lang='grc' dir='ltr'>δή</span> <span class='ocrx_word' id='word_1_68' title='bbox 380 1016 561 1071; x_wconf 74' lang='grc' dir='ltr'>ἐθελήσει</span> <span class='ocrx_word' id='word_1_69' title='bbox 585 1019 773 1073; x_wconf 78' lang='grc' dir='ltr'><strong><em>ἐκτρέψαι</em></strong></span> 
     </span>
     <span class='ocr_line' id='line_1_12' title="bbox 119 1075 770 1129; baseline -0.003 -13"><span class='ocrx_word' id='word_1_70' title='bbox 119 1075 163 1117; x_wconf 80' lang='grc' dir='ltr'>τό</span> <span class='ocrx_word' id='word_1_71' title='bbox 188 1077 356 1129; x_wconf 75' lang='grc' dir='ltr'><strong><em>ῥέεθρον</em></strong></span> <span class='ocrx_word' id='word_1_72' title='bbox 387 1076 410 1117; x_wconf 81' lang='grc' dir='ltr'>ὁ</span> <span class='ocrx_word' id='word_1_73' title='bbox 430 1080 572 1123; x_wconf 83' lang='grc' dir='ltr'><strong><em>Νεῖλος</em></strong></span> <span class='ocrx_word' id='word_1_74' title='bbox 599 1092 633 1116; x_wconf 83' lang='grc' dir='ltr'>κ.</span> <span class='ocrx_word' id='word_1_75' title='bbox 662 1093 693 1115; x_wconf 91' lang='grc' dir='ltr'>τ.</span> <span class='ocrx_word' id='word_1_76' title='bbox 717 1080 770 1123; x_wconf 86' lang='grc' dir='ltr'>λ.]</span> 
     </span>
     <span class='ocr_line' id='line_1_13' title="bbox 120 1131 772 1185; baseline -0.006 -12"><span class='ocrx_word' id='word_1_77' title='bbox 120 1131 171 1185; x_wconf 74' lang='grc' dir='ltr'>δή</span> <span class='ocrx_word' id='word_1_78' title='bbox 192 1148 271 1171; x_wconf 83' lang='lat' dir='ltr'>cum</span> <span class='ocrx_word' id='word_1_79' title='bbox 291 1134 493 1182; x_wconf 80' lang='lat' dir='ltr'>Schweigh.</span> <span class='ocrx_word' id='word_1_80' title='bbox 515 1139 552 1172; x_wconf 89' lang='lat' dir='ltr'>et</span> <span class='ocrx_word' id='word_1_81' title='bbox 579 1134 695 1171; x_wconf 72' lang='lat' dir='ltr'>Gaisf.</span> <span class='ocrx_word' id='word_1_82' title='bbox 719 1133 772 1169; x_wconf 87' lang='lat' dir='ltr'>lu-</span> 
     </span>
     <span class='ocr_line' id='line_1_14' title="bbox 119 1189 771 1237; baseline -0.003 -10"><span class='ocrx_word' id='word_1_83' title='bbox 119 1191 247 1228; x_wconf 79' lang='lat' dir='ltr'>benter</span> <span class='ocrx_word' id='word_1_84' title='bbox 283 1191 517 1237; x_wconf 82' lang='lat' dir='ltr'>adscivimus,</span> <span class='ocrx_word' id='word_1_85' title='bbox 556 1203 634 1226; x_wconf 81' lang='lat' dir='ltr'>cuni</span> <span class='ocrx_word' id='word_1_86' title='bbox 664 1189 771 1237; x_wconf 83' lang='lat' dir='ltr'>vulgo</span> 
     </span>
     <span class='ocr_line' id='line_1_15' title="bbox 119 1245 770 1296; baseline -0.002 -13"><span class='ocrx_word' id='word_1_87' title='bbox 119 1247 273 1283; x_wconf 80' lang='lat' dir='ltr'>abesset.</span> <span class='ocrx_word' id='word_1_88' title='bbox 300 1246 518 1295; x_wconf 80' lang='lat' dir='ltr'>Elegantem</span> <span class='ocrx_word' id='word_1_89' title='bbox 543 1245 770 1296; x_wconf 82' lang='lat' dir='ltr'><strong>periphrasin</strong></span> 
     </span>
     <span class='ocr_line' id='line_1_16' title="bbox 118 1299 770 1353; baseline -0.002 -15"><span class='ocrx_word' id='word_1_90' title='bbox 118 1303 156 1338; x_wconf 87' lang='lat' dir='ltr'>in</span> <span class='ocrx_word' id='word_1_91' title='bbox 173 1303 283 1340; x_wconf 83' lang='lat' dir='ltr'>verbo</span> <span class='ocrx_word' id='word_1_92' title='bbox 303 1299 484 1353; x_wconf 78' lang='grc' dir='ltr'><strong><em>ἐθελήσει</em></strong></span> <span class='ocrx_word' id='word_1_93' title='bbox 506 1307 541 1339; x_wconf 90' lang='lat' dir='ltr'>et</span> <span class='ocrx_word' id='word_1_94' title='bbox 558 1302 626 1338; x_wconf 92' lang='lat' dir='ltr'>hoc</span> <span class='ocrx_word' id='word_1_95' title='bbox 644 1301 721 1338; x_wconf 86' lang='lat' dir='ltr'>loco</span> <span class='ocrx_word' id='word_1_96' title='bbox 734 1305 770 1338; x_wconf 89' lang='lat' dir='ltr'>et</span> 
     </span>
     <span class='ocr_line' id='line_1_17' title="bbox 117 1357 770 1405; baseline -0.005 -10"><span class='ocrx_word' id='word_1_97' title='bbox 117 1359 199 1405; x_wconf 80' lang='lat' dir='ltr'>VH,</span> <span class='ocrx_word' id='word_1_98' title='bbox 218 1361 272 1400; x_wconf 88' lang='lat'>49</span> <span class='ocrx_word' id='word_1_99' title='bbox 298 1359 480 1395; x_wconf 79' lang='lat' dir='ltr'>Iacobsius</span> <span class='ocrx_word' id='word_1_100' title='bbox 500 1362 601 1394; x_wconf 84' lang='lat' dir='ltr'>notat</span> <span class='ocrx_word' id='word_1_101' title='bbox 619 1358 667 1393; x_wconf 79' lang='lat' dir='ltr'>ad</span> <span class='ocrx_word' id='word_1_102' title='bbox 685 1357 770 1393; x_wconf 79' lang='lat' dir='ltr'>Pla-</span> 
     </span>
     <span class='ocr_line' id='line_1_18' title="bbox 116 1413 767 1464; baseline -0.005 -13"><span class='ocrx_word' id='word_1_103' title='bbox 116 1415 211 1451; x_wconf 86' lang='lat' dir='ltr'>tonis</span> <span class='ocrx_word' id='word_1_104' title='bbox 224 1414 380 1464; x_wconf 80' lang='lat' dir='ltr'>Lach.p.</span> <span class='ocrx_word' id='word_1_105' title='bbox 395 1416 486 1461; x_wconf 87' lang='lat'>190,</span> <span class='ocrx_word' id='word_1_106' title='bbox 505 1413 537 1449; x_wconf 91' lang='grc' dir='ltr'>Ε</span> <span class='ocrx_word' id='word_1_107' title='bbox 558 1414 613 1460; x_wconf 89' lang='lat' dir='ltr'>(in</span> <span class='ocrx_word' id='word_1_108' title='bbox 626 1413 767 1450; x_wconf 79' lang='lat' dir='ltr'>Socrat.</span> 
     </span>
     <span class='ocr_line' id='line_1_19' title="bbox 115 1469 768 1521; baseline -0.005 -15"><span class='ocrx_word' id='word_1_109' title='bbox 115 1484 153 1521; x_wconf 91' lang='lat' dir='ltr'>p.</span> <span class='ocrx_word' id='word_1_110' title='bbox 184 1472 304 1517; x_wconf 75' lang='lat'><strong>220).</strong></span> <span class='ocrx_word' id='word_1_111' title='bbox 361 1470 428 1506; x_wconf 85' lang='lat' dir='ltr'>Est</span> <span class='ocrx_word' id='word_1_112' title='bbox 450 1473 569 1506; x_wconf 85' lang='lat' dir='ltr'>autem</span> <span class='ocrx_word' id='word_1_113' title='bbox 596 1469 665 1505; x_wconf 90' lang='lat' dir='ltr'>hoc</span> <span class='ocrx_word' id='word_1_114' title='bbox 692 1469 768 1504; x_wconf 88' lang='lat' dir='ltr'>fere</span> 
     </span>
     <span class='ocr_line' id='line_1_20' title="bbox 115 1523 766 1575; baseline -0.006 -12"><span class='ocrx_word' id='word_1_115' title='bbox 115 1526 296 1563; x_wconf 80' lang='lat' dir='ltr'>Herodoti</span> <span class='ocrx_word' id='word_1_116' title='bbox 318 1530 590 1575; x_wconf 82' lang='lat' dir='ltr'>argumentum:</span> <span class='ocrx_word' id='word_1_117' title='bbox 621 1524 649 1560; x_wconf 79' lang='lat' dir='ltr'>si</span> <span class='ocrx_word' id='word_1_118' title='bbox 663 1523 766 1561; x_wconf 87' lang='lat' dir='ltr'>Nilus</span> 
     </span>
     <span class='ocr_line' id='line_1_21' title="bbox 115 1580 769 1619; baseline -0.002 -1"><span class='ocrx_word' id='word_1_119' title='bbox 115 1583 152 1618; x_wconf 88' lang='lat' dir='ltr'>in</span> <span class='ocrx_word' id='word_1_120' title='bbox 172 1582 361 1619; x_wconf 83' lang='lat' dir='ltr'>Arabicum</span> <span class='ocrx_word' id='word_1_121' title='bbox 390 1582 507 1618; x_wconf 89' lang='lat' dir='ltr'>sinum</span> <span class='ocrx_word' id='word_1_122' title='bbox 536 1594 576 1618; x_wconf 88' lang='lat' dir='ltr'>se</span> <span class='ocrx_word' id='word_1_123' title='bbox 603 1580 769 1618; x_wconf 87' lang='lat' dir='ltr'>effunde-</span> 
     </span>
     <span class='ocr_line' id='line_1_22' title="bbox 115 1636 767 1689; baseline -0.003 -15"><span class='ocrx_word' id='word_1_124' title='bbox 115 1642 189 1685; x_wconf 84' lang='lat' dir='ltr'>ret,</span> <span class='ocrx_word' id='word_1_125' title='bbox 225 1651 335 1689; x_wconf 87' lang='lat' dir='ltr'>posse</span> <span class='ocrx_word' id='word_1_126' title='bbox 368 1639 492 1686; x_wconf 87' lang='lat' dir='ltr'>utique</span> <span class='ocrx_word' id='word_1_127' title='bbox 518 1636 613 1674; x_wconf 87' lang='lat' dir='ltr'>hunc</span> <span class='ocrx_word' id='word_1_128' title='bbox 651 1637 767 1673; x_wconf 86' lang='lat' dir='ltr'>sinum</span> 
     </span>
     <span class='ocr_line' id='line_1_23' title="bbox 115 1693 767 1743; baseline -0.003 -12"><span class='ocrx_word' id='word_1_129' title='bbox 115 1695 209 1731; x_wconf 82' lang='lat' dir='ltr'>intra</span> <span class='ocrx_word' id='word_1_130' title='bbox 229 1694 356 1743; x_wconf 84' lang='lat' dir='ltr'>viginti</span> <span class='ocrx_word' id='word_1_131' title='bbox 380 1694 474 1731; x_wconf 89' lang='lat' dir='ltr'>mille</span> <span class='ocrx_word' id='word_1_132' title='bbox 496 1706 538 1730; x_wconf 79' lang='lat' dir='ltr'>ac</span> <span class='ocrx_word' id='word_1_133' title='bbox 563 1693 620 1730; x_wconf 84' lang='lat' dir='ltr'>vel</span> <span class='ocrx_word' id='word_1_134' title='bbox 639 1693 767 1730; x_wconf 89' lang='lat' dir='ltr'>decem</span> 
     </span>
     <span class='ocr_line' id='line_1_24' title="bbox 115 1750 769 1800; baseline -0.006 -12"><span class='ocrx_word' id='word_1_135' title='bbox 115 1751 211 1788; x_wconf 90' lang='lat' dir='ltr'>mille</span> <span class='ocrx_word' id='word_1_136' title='bbox 237 1763 412 1787; x_wconf 88' lang='lat' dir='ltr'>annorum</span> <span class='ocrx_word' id='word_1_137' title='bbox 450 1750 604 1800; x_wconf 82' lang='lat' dir='ltr'>spatium</span> <span class='ocrx_word' id='word_1_138' title='bbox 632 1750 683 1785; x_wconf 85' lang='lat' dir='ltr'>ita</span> <span class='ocrx_word' id='word_1_139' title='bbox 707 1760 769 1786; x_wconf 79' lang='lat' dir='ltr'>ex-</span> 
     </span>
     <span class='ocr_line' id='line_1_25' title="bbox 115 1805 768 1857; baseline 0 -16"><span class='ocrx_word' id='word_1_140' title='bbox 115 1806 208 1857; x_wconf 84' lang='lat' dir='ltr'>pleri</span> <span class='ocrx_word' id='word_1_141' title='bbox 237 1806 311 1843; x_wconf 90' lang='lat' dir='ltr'>Nili</span> <span class='ocrx_word' id='word_1_142' title='bbox 346 1805 554 1851; x_wconf 85' lang='lat' dir='ltr'>adluvione‚</span> <span class='ocrx_word' id='word_1_143' title='bbox 595 1809 635 1840; x_wconf 88' lang='lat' dir='ltr'>ut</span> <span class='ocrx_word' id='word_1_144' title='bbox 671 1810 768 1841; x_wconf 81' lang='lat' dir='ltr'>terra</span> 
     </span>
     <span class='ocr_line' id='line_1_26' title="bbox 117 1860 769 1907; baseline -0.006 -8"><span class='ocrx_word' id='word_1_145' title='bbox 117 1863 221 1899; x_wconf 86' lang='lat' dir='ltr'>fieret</span> <span class='ocrx_word' id='word_1_146' title='bbox 250 1862 456 1907; x_wconf 87' lang='lat' dir='ltr'>continens·,</span> <span class='ocrx_word' id='word_1_147' title='bbox 494 1860 592 1896; x_wconf 90' lang='lat' dir='ltr'>unde</span> <span class='ocrx_word' id='word_1_148' title='bbox 617 1871 769 1896; x_wconf 89' lang='lat' dir='ltr'>consen-</span> 
     </span>
     <span class='ocr_line' id='line_1_27' title="bbox 117 1916 768 1966; baseline -0.009 -11"><span class='ocrx_word' id='word_1_149' title='bbox 117 1923 264 1955; x_wconf 84' lang='lat' dir='ltr'>taneum</span> <span class='ocrx_word' id='word_1_150' title='bbox 303 1930 383 1954; x_wconf 88' lang='lat' dir='ltr'>esse</span> <span class='ocrx_word' id='word_1_151' title='bbox 425 1929 491 1966; x_wconf 88' lang='lat' dir='ltr'>per</span> <span class='ocrx_word' id='word_1_152' title='bbox 529 1916 567 1952; x_wconf 92' lang='lat' dir='ltr'>id</span> <span class='ocrx_word' id='word_1_153' title='bbox 604 1919 768 1964; x_wconf 87' lang='lat' dir='ltr'>tempus,</span> 
     </span>
     <span class='ocr_line' id='line_1_28' title="bbox 118 1969 769 2023; baseline -0.008 -13"><span class='ocrx_word' id='word_1_154' title='bbox 118 1975 219 2023; x_wconf 91' lang='lat' dir='ltr'>quod</span> <span class='ocrx_word' id='word_1_155' title='bbox 233 1978 316 2010; x_wconf 84' lang='lat' dir='ltr'>ante</span> <span class='ocrx_word' id='word_1_156' title='bbox 338 1973 538 2019; x_wconf 88' lang='lat' dir='ltr'>effluxerit,</span> <span class='ocrx_word' id='word_1_157' title='bbox 570 1971 685 2007; x_wconf 90' lang='lat' dir='ltr'>sinum</span> <span class='ocrx_word' id='word_1_158' title='bbox 697 1969 769 2006; x_wconf 88' lang='lat' dir='ltr'>Ae-</span> 
     </span>
     <span class='ocr_line' id='line_1_29' title="bbox 117 2028 770 2080; baseline -0.008 -14"><span class='ocrx_word' id='word_1_159' title='bbox 117 2030 281 2080; x_wconf 83' lang='lat' dir='ltr'>gyptium</span> <span class='ocrx_word' id='word_1_160' title='bbox 298 2029 425 2078; x_wconf 86' lang='lat' dir='ltr'>(quem</span> <span class='ocrx_word' id='word_1_161' title='bbox 444 2028 634 2077; x_wconf 82' lang='lat' dir='ltr'>supponit)</span> <span class='ocrx_word' id='word_1_162' title='bbox 653 2038 770 2073; x_wconf 85' lang='lat' dir='ltr'>eoque</span> 
     </span>
     <span class='ocr_line' id='line_1_30' title="bbox 117 2083 769 2133; baseline -0.008 -11"><span class='ocrx_word' id='word_1_163' title='bbox 117 2086 173 2123; x_wconf 87' lang='lat' dir='ltr'>vel</span> <span class='ocrx_word' id='word_1_164' title='bbox 188 2086 359 2122; x_wconf 80' lang='lat' dir='ltr'>maiorem</span> <span class='ocrx_word' id='word_1_165' title='bbox 372 2086 486 2122; x_wconf 91' lang='lat' dir='ltr'>sinum</span> <span class='ocrx_word' id='word_1_166' title='bbox 499 2083 661 2133; x_wconf 86' lang='lat' dir='ltr'>potuisse</span> <span class='ocrx_word' id='word_1_167' title='bbox 671 2093 769 2118; x_wconf 89' lang='lat' dir='ltr'>com-</span> 
     </span>
     <span class='ocr_line' id='line_1_31' title="bbox 115 2137 768 2193; baseline -0.008 -15"><span class='ocrx_word' id='word_1_168' title='bbox 115 2141 207 2193; x_wconf 89' lang='lat' dir='ltr'>pleri</span> <span class='ocrx_word' id='word_1_169' title='bbox 224 2141 320 2188; x_wconf 83' lang='lat' dir='ltr'>Nili,</span> <span class='ocrx_word' id='word_1_170' title='bbox 349 2141 440 2177; x_wconf 79' lang='lat' dir='ltr'>tanti</span> <span class='ocrx_word' id='word_1_171' title='bbox 457 2139 576 2184; x_wconf 87' lang='lat' dir='ltr'>fluvii,</span> <span class='ocrx_word' id='word_1_172' title='bbox 607 2137 768 2175; x_wconf 77' lang='lat' dir='ltr'>adiuvio-</span> 
     </span>
     <span class='ocr_line' id='line_1_32' title="bbox 116 2195 767 2245; baseline -0.006 -11"><span class='ocrx_word' id='word_1_173' title='bbox 116 2198 234 2245; x_wconf 89' lang='lat' dir='ltr'>nibus,</span> <span class='ocrx_word' id='word_1_174' title='bbox 262 2202 300 2234; x_wconf 90' lang='lat' dir='ltr'>ut</span> <span class='ocrx_word' id='word_1_175' title='bbox 318 2197 353 2233; x_wconf 88' lang='lat' dir='ltr'>in</span> <span class='ocrx_word' id='word_1_176' title='bbox 368 2201 503 2234; x_wconf 84' lang='lat' dir='ltr'>terram</span> <span class='ocrx_word' id='word_1_177' title='bbox 522 2195 767 2234; x_wconf 87' lang='lat' dir='ltr'>continentem</span> 
     </span>
     <span class='ocr_line' id='line_1_33' title="bbox 116 2252 409 2292; baseline -0.011 0"><span class='ocrx_word' id='word_1_178' title='bbox 116 2258 271 2292; x_wconf 84' lang='lat' dir='ltr'>mutatus</span> <span class='ocrx_word' id='word_1_179' title='bbox 289 2252 409 2291; x_wconf 85' lang='lat' dir='ltr'>fuerit.</span> 
     </span>
    </p>
   </div>
   <div class='ocr_carea' id='block_1_12' title="bbox 118 2359 769 2864">
    <p class='ocr_par' dir='ltr' id='par_1_12' title="bbox 118 2359 769 2864">
     <span class='ocr_line' id='line_1_34' title="bbox 173 2359 766 2431; baseline -0.005 -27"><span class='ocrx_word' id='word_1_180' title='bbox 173 2365 211 2405; x_wconf 88' lang='grc' dir='ltr'>τί</span> <span class='ocrx_word' id='word_1_181' title='bbox 231 2379 299 2416; x_wconf 85' lang='grc' dir='ltr'><strong><em>μιν</em></strong></span> <span class='ocrx_word' id='word_1_182' title='bbox 326 2359 473 2404; x_wconf 80' lang='grc' dir='ltr'><strong><em>κωλύει</em></strong></span> <span class='ocrx_word' id='word_1_183' title='bbox 494 2362 653 2431; x_wconf 80' lang='grc' dir='ltr'><strong><em>ρέοντος</em></strong></span> <span class='ocrx_word' id='word_1_184' title='bbox 681 2377 717 2402; x_wconf 88' lang='grc' dir='ltr'>κ.</span> <span class='ocrx_word' id='word_1_185' title='bbox 734 2377 766 2401; x_wconf 83' lang='grc' dir='ltr'>τ.</span> 
     </span>
     <span class='ocr_line' id='line_1_35' title="bbox 119 2414 767 2472; baseline -0.003 -13"><span class='ocrx_word' id='word_1_186' title='bbox 119 2419 176 2470; x_wconf 83' lang='grc' dir='ltr'>λ.]</span> <span class='ocrx_word' id='word_1_187' title='bbox 217 2420 285 2471; x_wconf 84' lang='grc' dir='ltr'><strong><em>μὶν</em></strong></span> <span class='ocrx_word' id='word_1_188' title='bbox 315 2422 364 2458; x_wconf 81' lang='lat' dir='ltr'>ad</span> <span class='ocrx_word' id='word_1_189' title='bbox 398 2417 547 2460; x_wconf 80' lang='grc' dir='ltr'><strong><em>κόλπον</em></strong></span> <span class='ocrx_word' id='word_1_190' title='bbox 579 2414 767 2472; x_wconf 75' lang='grc' dir='ltr'><strong><em>Ἀρᾶβιον</em></strong></span> 
     </span>
     <span class='ocr_line' id='line_1_36' title="bbox 120 2472 768 2539; baseline 0 -27"><span class='ocrx_word' id='word_1_191' title='bbox 120 2481 281 2539; x_wconf 86' lang='lat' dir='ltr'>spectat,</span> <span class='ocrx_word' id='word_1_192' title='bbox 310 2472 451 2516; x_wconf 80' lang='grc' dir='ltr'><strong><em>τούτου</em></strong></span> <span class='ocrx_word' id='word_1_193' title='bbox 475 2478 522 2513; x_wconf 84' lang='lat' dir='ltr'>ad</span> <span class='ocrx_word' id='word_1_194' title='bbox 549 2476 672 2514; x_wconf 84' lang='lat' dir='ltr'>Nilum</span> <span class='ocrx_word' id='word_1_195' title='bbox 699 2477 768 2512; x_wconf 86' lang='lat' dir='ltr'>flu-</span> 
     </span>
     <span class='ocr_line' id='line_1_37' title="bbox 120 2531 767 2582; baseline 0 -14"><span class='ocrx_word' id='word_1_196' title='bbox 120 2533 227 2569; x_wconf 76' lang='lat' dir='ltr'>vium.</span> <span class='ocrx_word' id='word_1_197' title='bbox 259 2532 354 2573; x_wconf 74' lang='lat' dir='ltr'>Quid</span> <span class='ocrx_word' id='word_1_198' title='bbox 368 2532 522 2582; x_wconf 81' lang='lat' dir='ltr'>impedit,</span> <span class='ocrx_word' id='word_1_199' title='bbox 541 2531 767 2579; x_wconf 81' lang='lat' dir='ltr'>quaeritHe-</span> 
     </span>
     <span class='ocr_line' id='line_1_38' title="bbox 119 2586 769 2638; baseline -0.002 -14"><span class='ocrx_word' id='word_1_200' title='bbox 119 2588 293 2633; x_wconf 87' lang='lat' dir='ltr'>rodotus,</span> <span class='ocrx_word' id='word_1_201' title='bbox 323 2590 500 2638; x_wconf 77' lang='lat' dir='ltr'>quominus</span> <span class='ocrx_word' id='word_1_202' title='bbox 526 2586 612 2625; x_wconf 73' lang='lat' dir='ltr'>Nilo</span> <span class='ocrx_word' id='word_1_203' title='bbox 636 2588 769 2637; x_wconf 80' lang='lat' dir='ltr'>fluente</span> 
     </span>
     <span class='ocr_line' id='line_1_39' title="bbox 118 2644 767 2693; baseline 0 -13"><span class='ocrx_word' id='word_1_204' title='bbox 118 2646 216 2680; x_wconf 74' lang='lat' dir='ltr'>sinus</span> <span class='ocrx_word' id='word_1_205' title='bbox 242 2644 301 2681; x_wconf 72' lang='lat' dir='ltr'>ille</span> <span class='ocrx_word' id='word_1_206' title='bbox 330 2644 489 2693; x_wconf 82' lang='lat' dir='ltr'>compleri</span> <span class='ocrx_word' id='word_1_207' title='bbox 508 2645 662 2693; x_wconf 79' lang='lat' dir='ltr'>potuisse</span> <span class='ocrx_word' id='word_1_208' title='bbox 690 2656 767 2680; x_wconf 83' lang='lat' dir='ltr'>cen·</span> 
     </span>
     <span class='ocr_line' id='line_1_40' title="bbox 119 2699 767 2748; baseline -0.002 -11"><span class='ocrx_word' id='word_1_209' title='bbox 119 2700 243 2737; x_wconf 79' lang='lat' dir='ltr'>sendus</span> <span class='ocrx_word' id='word_1_210' title='bbox 260 2701 307 2737; x_wconf 77' lang='lat' dir='ltr'>sit</span> <span class='ocrx_word' id='word_1_211' title='bbox 321 2702 416 2737; x_wconf 79' lang='lat' dir='ltr'>intra</span> <span class='ocrx_word' id='word_1_212' title='bbox 431 2701 562 2748; x_wconf 77' lang='lat' dir='ltr'>viginti</span> <span class='ocrx_word' id='word_1_213' title='bbox 578 2699 671 2735; x_wconf 76' lang='lat' dir='ltr'>mille</span> <span class='ocrx_word' id='word_1_214' title='bbox 689 2701 767 2748; x_wconf 79' lang='lat' dir='ltr'>qui-</span> 
     </span>
     <span class='ocr_line' id='line_1_41' title="bbox 119 2753 768 2805; baseline -0.002 -12"><span class='ocrx_word' id='word_1_215' title='bbox 119 2757 194 2794; x_wconf 78' lang='lat' dir='ltr'>dem</span> <span class='ocrx_word' id='word_1_216' title='bbox 234 2769 402 2793; x_wconf 80' lang='lat' dir='ltr'>annorum</span> <span class='ocrx_word' id='word_1_217' title='bbox 435 2755 614 2805; x_wconf 73' lang='lat' dir='ltr'>spatium?</span> <span class='ocrx_word' id='word_1_218' title='bbox 671 2753 768 2792; x_wconf 86' lang='lat' dir='ltr'>Nam</span> 
     </span>
     <span class='ocr_line' id='line_1_42' title="bbox 118 2811 767 2864; baseline 0 -14"><span class='ocrx_word' id='word_1_219' title='bbox 118 2812 272 2864; x_wconf 76' lang='lat' dir='ltr'><em>equidem</em></span> <span class='ocrx_word' id='word_1_220' title='bbox 306 2817 395 2864; x_wconf 83' lang='lat' dir='ltr'>puto</span> <span class='ocrx_word' id='word_1_221' title='bbox 428 2812 483 2849; x_wconf 78' lang='lat' dir='ltr'>vel</span> <span class='ocrx_word' id='word_1_222' title='bbox 524 2814 620 2850; x_wconf 79' lang='lat' dir='ltr'>intra</span> <span class='ocrx_word' id='word_1_223' title='bbox 656 2811 767 2850; x_wconf 79' lang='lat' dir='ltr'>decem</span> 
     </span>
    </p>
   </div>
   <div class='ocr_carea' id='block_1_13' title="bbox 835 1020 1491 1238">
    <p class='ocr_par' dir='ltr' id='par_1_13' title="bbox 835 1020 1491 1238">
     <span class='ocr_line' id='line_1_43' title="bbox 840 1020 1491 1069; baseline -0.002 -12"><span class='ocrx_word' id='word_1_224' title='bbox 840 1020 934 1057; x_wconf 69' lang='lat' dir='ltr'>mille</span> <span class='ocrx_word' id='word_1_225' title='bbox 952 1031 1119 1057; x_wconf 78' lang='lat' dir='ltr'>annorum</span> <span class='ocrx_word' id='word_1_226' title='bbox 1143 1022 1294 1069; x_wconf 72' lang='lat' dir='ltr'>spatium</span> <span class='ocrx_word' id='word_1_227' title='bbox 1321 1020 1382 1056; x_wconf 76' lang='lat' dir='ltr'>hoc</span> <span class='ocrx_word' id='word_1_228' title='bbox 1401 1020 1491 1069; x_wconf 78' lang='lat' dir='ltr'>fieri</span> 
     </span>
     <span class='ocr_line' id='line_1_44' title="bbox 835 1074 1489 1127; baseline 0 -15"><span class='ocrx_word' id='word_1_229' title='bbox 835 1079 997 1127; x_wconf 74' lang='lat' dir='ltr'>potuisse.</span> <span class='ocrx_word' id='word_1_230' title='bbox 1018 1097 1074 1104; x_wconf 87' lang='lat'>—-</span> <span class='ocrx_word' id='word_1_231' title='bbox 1096 1074 1260 1126; x_wconf 72' lang='grc' dir='ltr'><strong><em>ἔλπομαι</em></strong></span> <span class='ocrx_word' id='word_1_232' title='bbox 1277 1077 1405 1113; x_wconf 84' lang='lat' dir='ltr'>eodem</span> <span class='ocrx_word' id='word_1_233' title='bbox 1419 1089 1489 1124; x_wconf 70' lang='lat' dir='ltr'>pu-</span> 
     </span>
     <span class='ocr_line' id='line_1_45' title="bbox 840 1132 1487 1179; baseline -0.003 -10"><span class='ocrx_word' id='word_1_234' title='bbox 840 1133 960 1179; x_wconf 66' lang='lat' dir='ltr'>tandi,</span> <span class='ocrx_word' id='word_1_235' title='bbox 991 1132 1218 1170; x_wconf 66' lang='lat' dir='ltr'>existimanda·</span> <span class='ocrx_word' id='word_1_236' title='bbox 1248 1145 1379 1178; x_wconf 84' lang='lat' dir='ltr'>sensu,</span> <span class='ocrx_word' id='word_1_237' title='bbox 1415 1144 1487 1179; x_wconf 90' lang='lat' dir='ltr'>quo</span> 
     </span>
     <span class='ocr_line' id='line_1_46' title="bbox 840 1188 1488 1238; baseline -0.003 -12"><span class='ocrx_word' id='word_1_238' title='bbox 840 1202 947 1238; x_wconf 84' lang='lat' dir='ltr'>supra</span> <span class='ocrx_word' id='word_1_239' title='bbox 970 1188 1007 1236; x_wconf 87' lang='grc' dir='ltr'>Ι,</span> <span class='ocrx_word' id='word_1_240' title='bbox 1029 1191 1082 1230; x_wconf 89' lang='lat'>65</span> <span class='ocrx_word' id='word_1_241' title='bbox 1112 1189 1148 1225; x_wconf 92' lang='lat' dir='ltr'>in</span> <span class='ocrx_word' id='word_1_242' title='bbox 1175 1193 1297 1226; x_wconf 84' lang='lat' dir='ltr'>vetere</span> <span class='ocrx_word' id='word_1_243' title='bbox 1331 1188 1488 1237; x_wconf 80' lang='lat' dir='ltr'>oraculo,</span> 
     </span>
    </p>
   </div>
   <div class='ocr_carea' id='block_1_14' title="bbox 838 1244 1300 1292">
    <p class='ocr_par' dir='ltr' id='par_1_14' title="bbox 838 1244 1300 1292">
     <span class='ocr_line' id='line_1_47' title="bbox 838 1244 1300 1292; baseline -0.011 -6"><span class='ocrx_word' id='word_1_244' title='bbox 838 1251 875 1283; x_wconf 86' lang='lat' dir='ltr'>et</span> <span class='ocrx_word' id='word_1_245' title='bbox 892 1245 937 1292; x_wconf 82' lang='lat' dir='ltr'>ll,</span> <span class='ocrx_word' id='word_1_246' title='bbox 957 1247 1022 1286; x_wconf 79' lang='lat'>26.</span> <span class='ocrx_word' id='word_1_247' title='bbox 1048 1244 1113 1286; x_wconf 87' lang='lat'>43.</span> <span class='ocrx_word' id='word_1_248' title='bbox 1136 1246 1215 1286; x_wconf 77' lang='lat'>120</span> <span class='ocrx_word' id='word_1_249' title='bbox 1233 1249 1300 1283; x_wconf 88' lang='lat' dir='ltr'>etc.</span> 
     </span>
    </p>
   </div>
   <div class='ocr_carea' id='block_1_15' title="bbox 833 1351 1487 2412">
    <p class='ocr_par' dir='ltr' id='par_1_15' title="bbox 833 1351 1487 2412">
     <span class='ocr_line' id='line_1_48' title="bbox 892 1351 1487 1406; baseline 0.002 -12"><span class='ocrx_word' id='word_1_250' title='bbox 892 1358 967 1394; x_wconf 85' lang='grc' dir='ltr'>κοῦ</span> <span class='ocrx_word' id='word_1_251' title='bbox 979 1370 1021 1406; x_wconf 81' lang='grc' dir='ltr'>γε</span> <span class='ocrx_word' id='word_1_252' title='bbox 1032 1352 1084 1406; x_wconf 73' lang='grc' dir='ltr'>δή</span> <span class='ocrx_word' id='word_1_253' title='bbox 1095 1377 1150 1383; x_wconf 89' lang='lat'><strong>—</strong></span> <span class='ocrx_word' id='word_1_254' title='bbox 1163 1351 1237 1394; x_wconf 75' lang='grc' dir='ltr'><strong><em>ου’ν,</em></strong></span> <span class='ocrx_word' id='word_1_255' title='bbox 1254 1351 1306 1393; x_wconf 69' lang='grc' dir='ltr'><strong><em>ἂν</em></strong></span> <span class='ocrx_word' id='word_1_256' title='bbox 1315 1355 1487 1406; x_wconf 86' lang='grc' dir='ltr'><strong><em>χωσθείη</em></strong></span> 
     </span>
     <span class='ocr_line' id='line_1_49' title="bbox 835 1407 1486 1478; baseline 0.002 -29"><span class='ocrx_word' id='word_1_257' title='bbox 835 1407 996 1478; x_wconf 83' lang='grc' dir='ltr'><strong><em>κόλπος]</em></strong></span> <span class='ocrx_word' id='word_1_258' title='bbox 1027 1411 1148 1448; x_wconf 82' lang='lat' dir='ltr'>Verba</span> <span class='ocrx_word' id='word_1_259' title='bbox 1166 1412 1370 1449; x_wconf 83' lang='lat' dir='ltr'>interiecta:</span> <span class='ocrx_word' id='word_1_260' title='bbox 1392 1407 1486 1475; x_wconf 79' lang='grc' dir='ltr'><strong><em>πρό-</em></strong></span> 
     </span>
     <span class='ocr_line' id='line_1_50' title="bbox 835 1464 1487 1518; baseline -0.003 -13"><span class='ocrx_word' id='word_1_261' title='bbox 835 1481 948 1518; x_wconf 84' lang='grc' dir='ltr'><strong><em>τερον</em></strong></span> <span class='ocrx_word' id='word_1_262' title='bbox 967 1464 995 1517; x_wconf 71' lang='grc' dir='ltr'>ἡ</span> <span class='ocrx_word' id='word_1_263' title='bbox 1014 1464 1114 1518; x_wconf 46' lang='grc' dir='ltr'><strong><em>ἒμὲῆ]</em></strong></span> <span class='ocrx_word' id='word_1_264' title='bbox 1114 1466 1285 1505; x_wconf 78' lang='grc' dir='ltr'><strong><em>ενέσθαι</em></strong></span> <span class='ocrx_word' id='word_1_265' title='bbox 1304 1468 1425 1516; x_wconf 83' lang='lat' dir='ltr'>spuria</span> <span class='ocrx_word' id='word_1_266' title='bbox 1436 1468 1487 1503; x_wconf 87' lang='lat' dir='ltr'>vi-</span> 
     </span>
     <span class='ocr_line' id='line_1_51' title="bbox 836 1522 1487 1571; baseline 0 -11"><span class='ocrx_word' id='word_1_267' title='bbox 836 1524 967 1560; x_wconf 87' lang='lat' dir='ltr'>dentur</span> <span class='ocrx_word' id='word_1_268' title='bbox 994 1522 1255 1571; x_wconf 82' lang='lat' dir='ltr'>Valckenario,</span> <span class='ocrx_word' id='word_1_269' title='bbox 1302 1523 1362 1571; x_wconf 86' lang='lat' dir='ltr'>qui</span> <span class='ocrx_word' id='word_1_270' title='bbox 1391 1523 1487 1560; x_wconf 85' lang='lat' dir='ltr'>idem</span> 
     </span>
     <span class='ocr_line' id='line_1_52' title="bbox 837 1578 1486 1629; baseline 0.002 -13"><span class='ocrx_word' id='word_1_271' title='bbox 837 1579 941 1616; x_wconf 87' lang='lat' dir='ltr'><strong>scribi</strong></span> <span class='ocrx_word' id='word_1_272' title='bbox 958 1578 1033 1616; x_wconf 87' lang='lat' dir='ltr'>vult</span> <span class='ocrx_word' id='word_1_273' title='bbox 1051 1579 1076 1629; x_wconf 78' lang='grc' dir='ltr'><em>ἦ</em></span> <span class='ocrx_word' id='word_1_274' title='bbox 1095 1593 1168 1618; x_wconf 87' lang='grc' dir='ltr'>κου</span> <span class='ocrx_word' id='word_1_275' title='bbox 1197 1579 1245 1626; x_wconf 87' lang='lat' dir='ltr'>(i.</span> <span class='ocrx_word' id='word_1_276' title='bbox 1270 1591 1306 1627; x_wconf 93' lang='lat' dir='ltr'>q.</span> <span class='ocrx_word' id='word_1_277' title='bbox 1328 1579 1352 1629; x_wconf 77' lang='grc' dir='ltr'>ἡ</span> <span class='ocrx_word' id='word_1_278' title='bbox 1375 1580 1486 1627; x_wconf 85' lang='grc' dir='ltr'><strong><em>που),</em></strong></span> 
     </span>
     <span class='ocr_line' id='line_1_53' title="bbox 835 1635 1486 1686; baseline -0.002 -14"><span class='ocrx_word' id='word_1_279' title='bbox 835 1636 933 1672; x_wconf 90' lang='lat' dir='ltr'>unde</span> <span class='ocrx_word' id='word_1_280' title='bbox 952 1635 1014 1672; x_wconf 79' lang='lat' dir='ltr'>alii</span> <span class='ocrx_word' id='word_1_281' title='bbox 1037 1635 1188 1685; x_wconf 77' lang='lat' dir='ltr'>posthac</span> <span class='ocrx_word' id='word_1_282' title='bbox 1207 1636 1231 1686; x_wconf 80' lang='grc' dir='ltr'><em>ἡ</em></span> <span class='ocrx_word' id='word_1_283' title='bbox 1255 1636 1349 1682; x_wconf 81' lang='grc' dir='ltr'><strong><em>κοῦ,</em></strong></span> <span class='ocrx_word' id='word_1_284' title='bbox 1388 1635 1486 1672; x_wconf 87' lang='lat' dir='ltr'>libris</span> 
     </span>
     <span class='ocr_line' id='line_1_54' title="bbox 836 1691 1485 1740; baseline -0.002 -12"><span class='ocrx_word' id='word_1_285' title='bbox 836 1704 910 1729; x_wconf 91' lang='lat' dir='ltr'>non</span> <span class='ocrx_word' id='word_1_286' title='bbox 940 1691 1210 1738; x_wconf 82' lang='lat' dir='ltr'>addicentibus,</span> <span class='ocrx_word' id='word_1_287' title='bbox 1248 1691 1325 1728; x_wconf 84' lang='lat' dir='ltr'>sine</span> <span class='ocrx_word' id='word_1_288' title='bbox 1357 1692 1485 1740; x_wconf 88' lang='lat' dir='ltr'>quibus</span> 
     </span>
     <span class='ocr_line' id='line_1_55' title="bbox 835 1746 1485 1796; baseline 0 -13"><span class='ocrx_word' id='word_1_289' title='bbox 835 1748 1033 1796; x_wconf 80' lang='lat' dir='ltr'>quidquam</span> <span class='ocrx_word' id='word_1_290' title='bbox 1060 1747 1117 1784; x_wconf 91' lang='lat' dir='ltr'>hic</span> <span class='ocrx_word' id='word_1_291' title='bbox 1138 1746 1351 1784; x_wconf 83' lang='lat' dir='ltr'>mutandum</span> <span class='ocrx_word' id='word_1_292' title='bbox 1377 1760 1485 1795; x_wconf 85' lang='lat' dir='ltr'>neg0.</span> 
     </span>
     <span class='ocr_line' id='line_1_56' title="bbox 835 1802 1485 1844; baseline 0 -5"><span class='ocrx_word' id='word_1_293' title='bbox 835 1803 903 1839; x_wconf 85' lang='lat' dir='ltr'>Est</span> <span class='ocrx_word' id='word_1_294' title='bbox 925 1803 1018 1840; x_wconf 87' lang='lat' dir='ltr'>enim</span> <span class='ocrx_word' id='word_1_295' title='bbox 1043 1802 1110 1839; x_wconf 91' lang='lat' dir='ltr'>loci</span> <span class='ocrx_word' id='word_1_296' title='bbox 1133 1815 1278 1840; x_wconf 85' lang='lat' dir='ltr'>sensus:</span> <span class='ocrx_word' id='word_1_297' title='bbox 1310 1802 1386 1844; x_wconf 70' lang='grc' dir='ltr'>Θαΐ</span> <span class='ocrx_word' id='word_1_298' title='bbox 1411 1805 1485 1839; x_wconf 83' lang='lat' dir='ltr'>uti-</span> 
     </span>
     <span class='ocr_line' id='line_1_57' title="bbox 838 1857 1486 1908; baseline -0.002 -14"><span class='ocrx_word' id='word_1_299' title='bbox 838 1870 901 1908; x_wconf 79' lang='lat' dir='ltr'>que</span> <span class='ocrx_word' id='word_1_300' title='bbox 928 1860 1026 1894; x_wconf 82' lang='lat' dir='ltr'>intra</span> <span class='ocrx_word' id='word_1_301' title='bbox 1062 1857 1154 1894; x_wconf 75' lang='lat' dir='ltr'>illud</span> <span class='ocrx_word' id='word_1_302' title='bbox 1195 1861 1344 1907; x_wconf 81' lang='lat' dir='ltr'>tempus,</span> <span class='ocrx_word' id='word_1_303' title='bbox 1384 1859 1486 1907; x_wconf 75' lang='lat' dir='ltr'>quod,</span> 
     </span>
     <span class='ocr_line' id='line_1_58' title="bbox 835 1914 1484 1964; baseline 0.002 -15"><span class='ocrx_word' id='word_1_304' title='bbox 835 1917 1022 1963; x_wconf 78' lang='lat' dir='ltr'>autequam</span> <span class='ocrx_word' id='word_1_305' title='bbox 1041 1915 1113 1962; x_wconf 76' lang='lat' dir='ltr'>ipse</span> <span class='ocrx_word' id='word_1_306' title='bbox 1131 1917 1237 1949; x_wconf 78' lang='lat' dir='ltr'>natus</span> <span class='ocrx_word' id='word_1_307' title='bbox 1257 1926 1344 1960; x_wconf 81' lang='lat' dir='ltr'>sum,</span> <span class='ocrx_word' id='word_1_308' title='bbox 1374 1914 1484 1964; x_wconf 74' lang='lat' dir='ltr'>efflu-</span> 
     </span>
     <span class='ocr_line' id='line_1_59' title="bbox 835 1968 1485 2018; baseline 0 -12"><span class='ocrx_word' id='word_1_309' title='bbox 835 1972 904 2017; x_wconf 71' lang='lat' dir='ltr'>m&#39;t,</span> <span class='ocrx_word' id='word_1_310' title='bbox 933 1982 998 2005; x_wconf 76' lang='lat' dir='ltr'>non</span> <span class='ocrx_word' id='word_1_311' title='bbox 1013 1971 1167 2018; x_wconf 80' lang='lat' dir='ltr'>potuerit</span> <span class='ocrx_word' id='word_1_312' title='bbox 1186 1968 1346 2018; x_wconf 77' lang='lat' dir='ltr'>compleri</span> <span class='ocrx_word' id='word_1_313' title='bbox 1362 1969 1485 2006; x_wconf 74' lang='lat' dir='ltr'>sinus?</span> 
     </span>
     <span class='ocr_line' id='line_1_60' title="bbox 836 2024 1484 2074; baseline 0.009 -12"><span class='ocrx_word' id='word_1_314' title='bbox 836 2026 895 2064; x_wconf 90' lang='lat' dir='ltr'>Cf.</span> <span class='ocrx_word' id='word_1_315' title='bbox 917 2024 1048 2061; x_wconf 81' lang='lat' dir='ltr'>Matth.</span> <span class='ocrx_word' id='word_1_316' title='bbox 1061 2024 1126 2061; x_wconf 83' lang='lat' dir='ltr'>Gr.</span> <span class='ocrx_word' id='word_1_317' title='bbox 1141 2025 1205 2061; x_wconf 88' lang='lat' dir='ltr'>Gr.</span> <span class='ocrx_word' id='word_1_318' title='bbox 1224 2037 1261 2074; x_wconf 86' lang='lat' dir='ltr'>p.</span> <span class='ocrx_word' id='word_1_319' title='bbox 1278 2026 1403 2072; x_wconf 81' lang='lat'><strong>1236,</strong></span> <span class='ocrx_word' id='word_1_320' title='bbox 1423 2026 1484 2074; x_wconf 85' lang='lat' dir='ltr'>qui</span> 
     </span>
     <span class='ocr_line' id='line_1_61' title="bbox 835 2079 1485 2131; baseline 0 -13"><span class='ocrx_word' id='word_1_321' title='bbox 835 2083 1107 2131; x_wconf 84' lang='lat' dir='ltr'>interpretatur:</span> <span class='ocrx_word' id='word_1_322' title='bbox 1137 2082 1175 2117; x_wconf 85' lang='lat' dir='ltr'>in</span> <span class='ocrx_word' id='word_1_323' title='bbox 1205 2079 1360 2117; x_wconf 77' lang='lat' dir='ltr'>welchem</span> <span class='ocrx_word' id='word_1_324' title='bbox 1385 2080 1485 2118; x_wconf 76' lang='lat' dir='ltr'>Faue</span> 
     </span>
     <span class='ocr_line' id='line_1_62' title="bbox 833 2135 1482 2184; baseline -0.002 -9"><span class='ocrx_word' id='word_1_325' title='bbox 833 2136 930 2175; x_wconf 75' lang='lat' dir='ltr'>nicht</span> <span class='ocrx_word' id='word_1_326' title='bbox 948 2136 969 2173; x_wconf 91' lang='lat' dir='ltr'>i.</span> <span class='ocrx_word' id='word_1_327' title='bbox 984 2149 1015 2173; x_wconf 91' lang='lat' dir='ltr'>e.</span> <span class='ocrx_word' id='word_1_328' title='bbox 1035 2138 1071 2172; x_wconf 79' lang='lat' dir='ltr'>in</span> <span class='ocrx_word' id='word_1_329' title='bbox 1086 2136 1200 2184; x_wconf 81' lang='lat' dir='ltr'>jedem</span> <span class='ocrx_word' id='word_1_330' title='bbox 1210 2135 1294 2172; x_wconf 79' lang='lat' dir='ltr'><em>Fall</em></span> <span class='ocrx_word' id='word_1_331' title='bbox 1312 2141 1378 2174; x_wconf 89' lang='lat' dir='ltr'>etc.</span> <span class='ocrx_word' id='word_1_332' title='bbox 1409 2137 1482 2174; x_wconf 91' lang='lat' dir='ltr'>Be-</span> 
     </span>
     <span class='ocr_line' id='line_1_63' title="bbox 833 2191 1481 2242; baseline -0.003 -11"><span class='ocrx_word' id='word_1_333' title='bbox 833 2193 995 2231; x_wconf 87' lang='lat' dir='ltr'>nedictus</span> <span class='ocrx_word' id='word_1_334' title='bbox 1024 2191 1060 2228; x_wconf 90' lang='lat' dir='ltr'>in</span> <span class='ocrx_word' id='word_1_335' title='bbox 1081 2192 1174 2229; x_wconf 86' lang='lat' dir='ltr'>Actt.</span> <span class='ocrx_word' id='word_1_336' title='bbox 1202 2192 1326 2230; x_wconf 85' lang='lat' dir='ltr'>semin.</span> <span class='ocrx_word' id='word_1_337' title='bbox 1358 2192 1481 2242; x_wconf 88' lang='lat' dir='ltr'>philol.</span> 
     </span>
     <span class='ocr_line' id='line_1_64' title="bbox 833 2247 1484 2300; baseline 0.002 -13"><span class='ocrx_word' id='word_1_338' title='bbox 833 2248 936 2300; x_wconf 84' lang='lat' dir='ltr'>Lips.</span> <span class='ocrx_word' id='word_1_339' title='bbox 964 2247 1018 2294; x_wconf 87' lang='grc' dir='ltr'>ΙΙ,</span> <span class='ocrx_word' id='word_1_340' title='bbox 1038 2250 1064 2289; x_wconf 83' lang='grc'>2</span> <span class='ocrx_word' id='word_1_341' title='bbox 1093 2261 1129 2298; x_wconf 88' lang='lat' dir='ltr'>p</span> <span class='ocrx_word' id='word_1_342' title='bbox 1149 2248 1230 2289; x_wconf 78' lang='lat'>285</span> <span class='ocrx_word' id='word_1_343' title='bbox 1253 2248 1398 2297; x_wconf 80' lang='lat' dir='ltr'>corrigit</span> <span class='ocrx_word' id='word_1_344' title='bbox 1416 2248 1484 2287; x_wconf 84' lang='grc' dir='ltr'>καί</span> 
     </span>
     <span class='ocr_line' id='line_1_65' title="bbox 833 2298 1482 2358; baseline 0.002 -19.044"><span class='ocrx_word' id='word_1_345' title='bbox 833 2319 877 2358; x_wconf 65' lang='grc' dir='ltr'>γε</span> <span class='ocrx_word' id='word_1_346' title='bbox 898 2298 969 2355; x_wconf 81' lang='grc' dir='ltr'><em>δή,·</em></span> <span class='ocrx_word' id='word_1_347' title='bbox 998 2303 1174 2352; x_wconf 84' lang='lat' dir='ltr'>Stegerus</span> <span class='ocrx_word' id='word_1_348' title='bbox 1195 2303 1378 2351; x_wconf 83' lang='lat' dir='ltr'>(Praefat.</span> <span class='ocrx_word' id='word_1_349' title='bbox 1396 2305 1482 2342; x_wconf 82' lang='lat' dir='ltr'>edit.</span> 
     </span>
     <span class='ocr_line' id='line_1_66' title="bbox 833 2355 1427 2412; baseline 0.003 -15"><span class='ocrx_word' id='word_1_350' title='bbox 833 2374 919 2412; x_wconf 79' lang='lat' dir='ltr'>pag.</span> <span class='ocrx_word' id='word_1_351' title='bbox 946 2359 1017 2409; x_wconf 91' lang='lat' dir='ltr'>XI)</span> <span class='ocrx_word' id='word_1_352' title='bbox 1044 2360 1178 2398; x_wconf 83' lang='lat' dir='ltr'>mavult</span> <span class='ocrx_word' id='word_1_353' title='bbox 1204 2361 1281 2399; x_wconf 77' lang='grc' dir='ltr'>κοῦ</span> <span class='ocrx_word' id='word_1_354' title='bbox 1299 2373 1340 2398; x_wconf 85' lang='grc' dir='ltr'>τε</span> <span class='ocrx_word' id='word_1_355' title='bbox 1364 2355 1427 2411; x_wconf 82' lang='grc' dir='ltr'>δή.</span> 
     </span>
    </p>
   </div>
   <div class='ocr_carea' id='block_1_16' title="bbox 832 2467 1482 2803">
    <p class='ocr_par' dir='ltr' id='par_1_16' title="bbox 832 2467 1482 2803">
     <span class='ocr_line' id='line_1_67' title="bbox 889 2467 1482 2522; baseline -0.003 -11"><span class='ocrx_word' id='word_1_356' title='bbox 889 2467 1035 2518; x_wconf 83' lang='grc' dir='ltr'><strong><em>κόλπος</em></strong></span> <span class='ocrx_word' id='word_1_357' title='bbox 1051 2486 1118 2510; x_wconf 81' lang='grc' dir='ltr'>και</span> <span class='ocrx_word' id='word_1_358' title='bbox 1141 2468 1451 2522; x_wconf 73' lang='grc' dir='ltr'><strong><em>πολλῷμὲζων”</em></strong></span> <span class='ocrx_word' id='word_1_359' title='bbox 1429 2485 1482 2509; x_wconf 85' lang='grc' dir='ltr'>ετι</span> 
     </span>
     <span class='ocr_line' id='line_1_68' title="bbox 832 2524 1482 2575; baseline -0.011 -6"><span class='ocrx_word' id='word_1_360' title='bbox 832 2524 973 2568; x_wconf 78' lang='grc' dir='ltr'><strong><em>τούτου</em></strong></span> <span class='ocrx_word' id='word_1_361' title='bbox 1010 2531 1106 2565; x_wconf 86' lang='lat' dir='ltr'>recte</span> <span class='ocrx_word' id='word_1_362' title='bbox 1146 2527 1353 2575; x_wconf 84' lang='lat' dir='ltr'>intelligitur</span> <span class='ocrx_word' id='word_1_363' title='bbox 1386 2529 1482 2563; x_wconf 72' lang='lat' dir='ltr'>sinus</span> 
     </span>
     <span class='ocr_line' id='line_1_69' title="bbox 834 2583 1482 2633; baseline -0.006 -10"><span class='ocrx_word' id='word_1_364' title='bbox 834 2586 889 2623; x_wconf 84' lang='lat' dir='ltr'>vel</span> <span class='ocrx_word' id='word_1_365' title='bbox 907 2585 1013 2622; x_wconf 79' lang='lat' dir='ltr'>multo</span> <span class='ocrx_word' id='word_1_366' title='bbox 1032 2585 1142 2620; x_wconf 75' lang='lat' dir='ltr'>maior</span> <span class='ocrx_word' id='word_1_367' title='bbox 1158 2583 1219 2619; x_wconf 78' lang='lat' dir='ltr'>hoc</span> <span class='ocrx_word' id='word_1_368' title='bbox 1237 2583 1410 2633; x_wconf 72' lang='lat' dir='ltr'>Aegyptio</span> <span class='ocrx_word' id='word_1_369' title='bbox 1432 2585 1482 2619; x_wconf 81' lang='lat' dir='ltr'>si-</span> 
     </span>
     <span class='ocr_line' id='line_1_70' title="bbox 833 2638 1481 2690; baseline -0.008 -10"><span class='ocrx_word' id='word_1_370' title='bbox 833 2655 904 2686; x_wconf 73' lang='grc' dir='ltr'>ηας</span> <span class='ocrx_word' id='word_1_371' title='bbox 927 2653 1032 2690; x_wconf 86' lang='lat' dir='ltr'>quem</span> <span class='ocrx_word' id='word_1_372' title='bbox 1042 2639 1115 2676; x_wconf 91' lang='lat' dir='ltr'>Nili</span> <span class='ocrx_word' id='word_1_373' title='bbox 1127 2638 1372 2676; x_wconf 86' lang='lat' dir='ltr'>adluvionibus</span> <span class='ocrx_word' id='word_1_374' title='bbox 1384 2652 1481 2675; x_wconf 90' lang='lat' dir='ltr'>com-</span> 
     </span>
     <span class='ocr_line' id='line_1_71' title="bbox 833 2693 1480 2749; baseline -0.008 -14"><span class='ocrx_word' id='word_1_375' title='bbox 833 2699 969 2749; x_wconf 86' lang='lat' dir='ltr'>pletum</span> <span class='ocrx_word' id='word_1_376' title='bbox 1019 2708 1100 2733; x_wconf 88' lang='lat' dir='ltr'>esse</span> <span class='ocrx_word' id='word_1_377' title='bbox 1153 2694 1248 2732; x_wconf 87' lang='lat' dir='ltr'>intra</span> <span class='ocrx_word' id='word_1_378' title='bbox 1289 2693 1480 2731; x_wconf 85' lang='lat' dir='ltr'>multorum</span> 
     </span>
     <span class='ocr_line' id='line_1_72' title="bbox 833 2750 1479 2803; baseline -0.006 -11"><span class='ocrx_word' id='word_1_379' title='bbox 833 2765 1009 2792; x_wconf 86' lang='lat' dir='ltr'>annorum</span> <span class='ocrx_word' id='word_1_380' title='bbox 1036 2751 1192 2803; x_wconf 86' lang='lat' dir='ltr'>spatium</span> <span class='ocrx_word' id='word_1_381' title='bbox 1223 2754 1308 2789; x_wconf 83' lang='lat' dir='ltr'>ante</span> <span class='ocrx_word' id='word_1_382' title='bbox 1342 2750 1479 2788; x_wconf 81' lang='lat' dir='ltr'>indica-</span> 
     </span>
    </p>
   </div>
   <div class='ocr_carea' id='block_1_17' title="bbox 832 2813 945 2849">
    <p class='ocr_par' dir='ltr' id='par_1_17' title="bbox 832 2813 945 2849">
     <span class='ocr_line' id='line_1_73' title="bbox 832 2813 945 2849; baseline -0.009 -1"><span class='ocrx_word' id='word_1_383' title='bbox 832 2813 945 2849; x_wconf 84' lang='lat' dir='ltr'>verat.</span> 
     </span>
    </p>
   </div>
  </div>
 </body>
</html>
