1909 3228
606 165 1126 207 EUTERPE.11,

1401 165 1484 204 797

221 280 293 323 καὶ
322 278 540 334 κατέμεινέ
570 294 614 321 τε
644 278 692 321 έν
715 276 942 336 Αἰγύπτῳ,
972 275 1045 319 καὶ
1074 273 1214 329 κάρτα
1243 271 1484 327 ἐπαφρόδι-

224 375 298 408 τος
337 359 567 414 γενομένη,
616 356 780 413 μεγάλα
822 356 1028 412 ἐκτήσατο
1069 352 1290 410 χρήματα,
1330 349 1388 402 ὦς
1428 349 1485 394 ἂν

222 435 333 480 εἶναι
357 436 590 488 Ῥοδῶπιν,
621 436 727 490 ἀτὰρ
758 434 840 478 οὐκ
870 434 929 486 ὥς
957 450 1004 489 γε
1027 434 1069 484 ἐς
1088 433 1315 488 πυραμίδα
1331 428 1483 474 τοιαύ-

194 524 216 557 3
228 534 305 573 την
335 516 563 568 ἐξικέσθαι.

623 520 700 572 τῆς
739 515 823 570 γὰρ
863 512 944 569 τήν
984 514 1169 568 δεκάτην
1198 514 1287 555 τῶν
1316 509 1483 566 χρημά-

221 613 310 639 των
340 596 511 639 ἰδέσθαι
544 595 633 638 ἐστὶ
670 594 732 637 ἔτι
765 593 837 636 καὶ
876 592 918 642 ἐς
948 591 1045 635 τόδε
1074 591 1203 634 παντὶ
1233 594 1293 647 τῷ
1323 591 1485 645 βουλο-

221 674 364 732 μένῳ,
417 672 548 717 ούδὲν
589 674 656 715 δεῖ
690 670 856 727 μεγάλα
907 673 951 714 οἱ
998 668 1194 726 χρήματα
1243 666 1542 712 ἅναθεῖναι.70

193 752 469 809 4έπεθύμησε
506 750 590 806 γαρ
635 750 845 801 Ῥοδῶπις
881 749 1100 805 μνημήϊον
1143 748 1305 804 ἑωυτῆς
1343 747 1391 791 έν
1430 750 1485 804 τῇ

215 830 383 875 Ἑλλάδι
422 831 770 881 καταλιπέσθαι,
829 830 995 884 ποίημα
1035 826 1305 884 ποιησαμένη
1342 830 1486 877 τοῦτο,

219 909 268 954 τό
299 909 357 965 μὴ
387 907 590 965 τυγχάνει
620 908 736 964 ἄλλῳ
766 908 1056 965 ἐξευρημένον
1086 907 1159 950 καὶ
1200 904 1485 961 ἀνακείμενον

219 989 267 1032 ἐν
298 991 402 1047 ἱρῷ,
443 992 574 1032 τοῦτο
606 986 836 1031 ἀναθεῖναι
875 988 918 1038 ἐς
947 986 1157 1042 Δελφούς
1196 983 1484 1042 μνημόσυνον
1544 989 1623 1030 169

192 1069 397 1123 ὅὲωυτῆς.
429 1072 504 1123 τῆς
535 1062 597 1110 ὦν
625 1066 802 1123 δεκάτης
832 1070 922 1109 τῶν
951 1064 1183 1122 χρημάτων
1212 1062 1485 1121 ποιησαμένη
1497 1070 1541 1104 75

220 1147 400 1204 ὀβελοὺς
437 1145 694 1203 βουπόρους
729 1144 919 1196 πολλοὺς
957 1146 1208 1201 σιδηρέους,
1261 1143 1368 1188 ὅσον
1393 1142 1483 1186 ἐνε-

220 1226 352 1281 χώρεε
382 1225 408 1282 ἡ
442 1226 598 1281 δεκάτη
627 1227 690 1277 οἵ,
743 1224 964 1281 ἀπέπεμπε
994 1225 1036 1276 ές
1069 1221 1295 1280 Δελφούς·
1339 1225 1382 1266 οἳ
1410 1223 1486 1266 καὶ

222 1309 306 1348 νῦν
336 1305 397 1348 ἔτι
428 1305 736 1359 συννενέαται,
787 1304 945 1350 ὄπισθε
986 1304 1065 1360 μὲν
1103 1307 1183 1347 τοῦ
1220 1305 1372 1359 βωμοῦ
1407 1301 1485 1346 τὸν

163 1524 239 1561 beri
257 1527 352 1561 recte
371 1523 511 1560 monuit
540 1523 818 1573 lVesselingius,

163 1594 237 1630 quo
279 1584 473 1626 monente,
513 1580 665 1630 Sappho
706 1583 817 1631 μελο-

162 1633 274 1682 ποιὸς
295 1665 306 1683 ,
346 1637 655 1685 quemadmodum
683 1637 819 1673 Pinda-

163 1707 224 1729 rus
249 1693 285 1729 in
306 1697 395 1729 orat.
418 1706 453 1741 p.
473 1693 525 1733 25
550 1693 679 1729 Dionis
700 1694 818 1741 Chry—

165 1753 253 1786 sost.
297 1752 333 1785 et
372 1749 568 1797 Hipponax
619 1749 818 1785 Theocrito

164 1804 299 1842 anthol.
322 1804 371 1840 lll
391 1817 477 1853 pag.
497 1806 580 1845 392
611 1818 639 1841 S.
666 1804 819 1842 analect.

165 1861 323 1897 Brunck.
346 1864 375 1897 t.
393 1860 406 1896 l
426 1874 463 1910 p.
485 1862 579 1901 382.

222 1971 274 2019 ὥς
305 1968 357 2011 ἂν
386 1969 488 2012 εἶναι
513 1970 720 2024 Ῥοδῶπιν]
764 1973 819 2011 Ita

164 2029 247 2066 libri
269 2031 400 2066 vetusti
423 2042 559 2067 omnes.
612 2030 817 2067 Valckena-

163 2087 236 2122 rius
268 2085 419 2122 coniecit
444 2082 673 2134 Ῥοδώπιος,
715 2087 815 2136 quod

164 2143 312 2179 Reizius
330 2142 479 2192 recepit,
501 2142 568 2179 hoc
588 2145 663 2180 fere
686 2156 813 2180 sensu:

165 2212 241 2248 opes
279 2211 456 2247 magram,
494 2202 534 2234 ut
584 2199 814 2250 Rhodopidis

166 2255 310 2292 scilicet.
347 2256 423 2292 Sed
442 2260 539 2292 recte
559 2256 743 2304 vulgatam
765 2256 815 2292 sic

166 2311 336 2361 explicuit
367 2311 750 2359 Schweighaeuserus:
779 2315 818 2348 ut

167 2379 256 2417 quae
298 2366 480 2417 Rhodopz's
519 2372 630 2415 esset,
670 2380 819 2416 rizagnas

165 2425 331 2473 pecunias
345 2425 413 2461 sibi
427 2427 641 2473 acquisivit,
663 2425 685 2461 i.
706 2439 737 2462 e.
755 2437 819 2474 pro

168 2479 387 2528 Rliodopz‘dz's
416 2480 629 2528 conditione,
660 2484 700 2517 ut
730 2494 819 2530 quae

167 2536 253 2572 talis
278 2540 363 2573 esset
389 2537 532 2584 mulier,
561 2550 709 2585 magnas
741 2550 818 2586 opes

166 2592 234 2628 szhz·
252 2595 478 2641 comparavit
517 2594 660 2636 Quibus
681 2594 817 2643 optime

166 2649 389 2699 respondent
402 2651 609 2698 sequentia:
631 2644 729 2699 οἷταρ
744 2644 817 2687 οὐκ

167 2700 222 2751 ὣς
254 2718 295 2755 γε
320 2703 360 2750 ἒς
395 2705 600 2756 πυραμίδα
627 2700 817 2754 τοιαύτην

166 2760 367 2808 ἐξικέσθαι
403 2761 426 2797 i.
469 2774 500 2798 e.
532 2774 594 2798 nec
622 2774 702 2797 vero
730 2761 818 2798 tales

166 2817 318 2868 (opes),
363 2830 451 2867 qaae
480 2817 528 2855 ad
566 2817 668 2855 talem
702 2830 817 2867 pyra-

885 1523 1009 1560 midem
1041 1521 1288 1559 exstruendam
1326 1520 1541 1571 sufficerent.

884 1579 981 1616 Add.
1001 1579 1130 1616 Matth.
1152 1579 1217 1615 Gr.
1241 1578 1306 1614 Gr.
1324 1591 1407 1627 pag.
1435 1579 1542 1619 1069

887 1637 937 1673 sic
955 1640 1218 1686 exponentem:
1250 1634 1352 1684 „fiir
1372 1634 1427 1671 die
1441 1634 1541 1671 Rho-

886 1692 1006 1741 (Iopis,
1036 1693 1199 1728 insofern
1219 1691 1337 1728 dieses
1364 1692 1429 1728 das
1450 1691 1542 1727 Ver—

887 1752 1021 1797 miigen
1043 1748 1141 1785 einer
1169 1747 1428 1796 Privatperson
1442 1776 1452 1793 ‚
1476 1747 1543 1783 der

888 1804 1103 1853 Rhodopis,
1134 1804 1245 1839 war.“
1272 1823 1329 1830 ——
1377 1799 1545 1853 ὀβελούς

888 1856 1116 1911 βουπόρους
1134 1860 1170 1895 iu
1201 1872 1303 1908 seqq.
1325 1859 1413 1896 dicit
1435 1872 1544 1896 verua

888 1917 1050 1953 assamlis
1070 1916 1173 1952 bobus
1195 1916 1317 1952 idonea
1329 1929 1342 1961 ,-
1379 1929 1472 1965 quae
1494 1916 1542 1953 ad

889 1986 1024 2010 sacram
1049 1971 1305 2022 supellectilem
1321 1973 1542 2023 pertinuisse

886 2029 1057 2067 credibile
1075 2033 1142 2066 est.

941 2144 980 2182 οἳ
1001 2141 1067 2182 καὶ
1091 2144 1168 2181 νῦν
1189 2140 1244 2180 ἔτι
1268 2138 1539 2191 συννενέαται]

885 2199 1138 2239 συννενέαται
1168 2211 1190 2235 a
1219 2198 1327 2235 schol.
1350 2197 1455 2235 Pass.
1480 2211 1544 2235 ex-

886 2257 1038 2307 plicatur
1058 2257 1091 2293 h,
1110 2256 1132 2292 l.
1157 2253 1418 2306 συνηγμένοι,
1451 2266 1542 2292 συν-

888 2312 1101 2364 ειλεγμένοι
1121 2315 1229 2360 (quae
1240 2314 1427 2348 eticmmum
1441 2323 1541 2347 coar-

887 2374 1028 2406 cervam
1049 2384 1076 2406 s.
1100 2368 1243 2405 collecta
1268 2368 1434 2413 exstant).
1482 2366 1542 2404 De

886 2427 1003 2463 forma
1024 2426 1119 2463 conf.
1138 2424 1165 2472 l,
1187 2424 1252 2465 50.
1282 2424 1330 2469 ΙΙ,
1354 2426 1433 2464 107
1460 2422 1540 2460 coll.

887 2482 924 2529 I,
949 2482 1015 2523 34.
1052 2483 1117 2522 86.
1192 2480 1250 2517 Ad
1286 2483 1542 2528 argumentum

888 2538 1023 2575 consul.
1043 2536 1222 2574 Plutarch.
1240 2549 1331 2573 mor.
1352 2549 1388 2586 p.
1402 2534 1541 2581 400‚F

886 2607 961 2643 seq.
987 2607 1007 2630 e
1025 2606 1097 2642 quo
1118 2592 1367 2641 intelligimus,
1397 2591 1542 2629 Plutar-

885 2650 941 2687 ehi
962 2654 1081 2687 aetate
1096 2649 1185 2687 haec
1203 2649 1351 2686 minime
1367 2647 1436 2685 illic
1450 2648 1542 2685 suis-

887 2719 927 2743 se
947 2705 1108 2754 quamvis
1127 2706 1228 2752 loco,
1259 2717 1332 2754 quo
1359 2704 1441 2741 olim
1460 2705 1541 2742 fue-

885 2762 980 2809 rint,
1010 2762 1103 2799 bene
1122 2762 1280 2811 cognito.
1298 2782 1355 2788 ——-
1374 2760 1433 2798 De
1449 2761 1539 2798 urbe

886 2818 1061 2855 Naucrati
1080 2820 1173 2856 conf.
1194 2822 1272 2855 not.
1296 2818 1345 2855 ad
1364 2816 1421 2865 ΙΙ,
1447 2818 1538 2857 178.
