1909 3228
583 192 1006 232 EUTERPE.
1066 193 1110 229 11.
1395 193 1475 233 711

189 311 309 360 δμαι.
340 306 500 347 τοῦτον
527 303 606 358 μὲν
635 306 825 347 τοσαῦτα
854 300 1176 354 ἀποδέξασθαι,
1203 302 1292 344 τῶν
1323 300 1368 344 δὲ
1401 300 1475 344 ἄλ-

216 388 305 427 λων
336 381 495 426 οὐδένα
525 381 668 426 οὐδέν.
1488 386 1534 419 90

1533 462 1604 489 Post
1622 462 1690 489 illos
1702 466 1809 497 regnat

1533 496 1691 526 Senostris,
1711 497 1746 522 ab
1760 505 1807 522 nn.

1534 530 1598 556 1416
1613 529 1649 555 ad
1671 530 1752 556 1:357:
1783 529 1808 555 is

1533 571 1567 590 cx
1586 563 1711 590 Arabico
1742 564 1809 589 sinu

331 461 726 518 Παραμειψοὶμευος
756 455 818 504 ὦν
847 459 1048 512 τούτους,
1078 462 1158 503 τοῦ
1186 458 1254 502 ἐπὶ
1281 456 1477 502 τούτοισι

95 470 192 516 102

216 543 455 599 γευομένου
485 540 707 598 βασιλέος,
739 544 799 599 τῷ
819 538 990 595 οὔνομα
1009 534 1062 595 ἦν
1083 539 1347 593 Σέσωστρις,
1371 537 1475 581 τού-

377 762 491 812 Cap.
524 761 600 797 Cll.

170 924 187 931 ἃ
216 875 273 926 τῷ
304 870 459 923 οὕνομα
486 867 540 922 ἦν
569 869 812 923 Σέσωστρις]

157 932 212 981 ἡν
230 930 397 979 rescripsi
416 930 560 966 iubente
579 930 710 965 Struve
730 941 813 977 spe-

158 988 238 1024 cim.
271 986 356 1023 dial.
388 986 527 1022 Herod.
560 999 596 1035 p.
619 988 693 1032 20,
732 997 811 1021 cum

157 1047 313 1092 quatuor
333 1042 490 1079 melioris
517 1048 626 1079 notae
645 1042 724 1078 libri
742 1041 812 1077 hoc

158 1100 344 1136 offerrent.
402 1099 522 1147 Vulgo
555 1097 635 1148 ἔην.
671 1120 717 1125 -
751 1097 809 1134 De

160 1156 314 1193 Sesostri
361 1160 592 1205 comparetur
641 1154 810 1191 classicus

156 1212 311 1249 Diodori
330 1211 430 1248 locus
461 1212 498 1258 l,
523 1212 575 1252 53
600 1224 717 1260 seqq,
749 1210 810 1259 qui

156 1269 250 1306 inter
272 1269 390 1305 varias
413 1269 458 1304 de
488 1268 557 1304 hoc
581 1281 668 1316 rege
686 1280 811 1303 narra-

157 1326 274 1362 tiones
319 1324 571 1361 verisimillima
601 1338 638 1361 se
676 1325 811 1361 referre

156 1381 322 1418 affirmat.
380 1380 550 1428 'Namque
583 1380 638 1416 vel
666 1379 702 1415 in
743 1393 810 1415 no-

155 1438 251 1474 mine
272 1435 369 1484 regis
402 1436 499 1472 haud
525 1448 638 1485 parra
669 1436 810 1472 dissen-

157 1494 211 1530 sio
231 1521 243 1540 ,
292 1492 392 1541 quod
433 1492 508 1529 aliis
545 1496 601 1529 est
642 1491 812 1539 Sesotln's⁷

157 1549 235 1586 aliis
273 1548 430 1585 Sesoosz's
447 1577 458 1596 ,
497 1548 574 1585 aliis
612 1547 811 1594 Sesonckts,

156 1605 233 1642 aliis
252 1605 466 1648 Ramasses3
497 1617 568 1654 qua
588 1605 633 1642 de
656 1617 694 1641 re
716 1606 809 1641 conf.

156 1661 379 1710 lVesseling.
401 1666 475 1698 not.
503 1662 550 1698 ad
572 1661 725 1697 Diodor.
744 1662 765 1698 l.
786 1661 808 1698 l.

157 1722 193 1755 et
225 1718 338 1755 Beck.
370 1718 514 1766 allgem.
541 1717 763 1766 weltgesch.
793 1717 809 1754 Ι

156 1788 193 1824 p.
216 1774 310 1815 694.
368 1774 548 1822 Equidem
578 1774 647 1810 hoc
675 1774 809 1810 addam

158 1843 202 1867 ex
224 1830 383 1867 Heeren.
405 1830 516 1867 Ideen
539 1829 592 1876 H,
614 1833 640 1870 2
669 1843 706 1879 p.
728 1831 810 1869 316

159 1899 256 1935 seq.:
286 1886 323 1922 in
354 1886 595 1922 monumentis
613 1884 811 1934 Aegyptia-

158 1943 229 1987 cis,
247 1955 398 1990 quorum
421 1943 633 1991 scripturam
658 1942 723 1978 sibi
747 1942 812 1978 de-

157 1999 290 2035 texisse
306 1998 373 2034 visi
393 2004 477 2034 sunt
499 1998 563 2034 viri
582 1999 692 2044 docti,
703 2011 813 2034 unum

157 2055 307 2091 inveniri
343 2067 478 2092 nomen
512 2054 716 2099 Ramesses,
756 2054 813 2090 id-

158 2124 229 2159 que
252 2112 476 2159 frequentius
507 2111 633 2159 quovis
663 2111 732 2146 alio
755 2123 812 2147 re-

158 2167 218 2216 gio
247 2168 415 2213 nomine,
446 2168 589 2217 saepius
609 2167 734 2203 addito
751 2179 811 2203 co-

158 2224 329 2272 gnomine
347 2223 467 2260 dilecte·
486 2228 521 2261 et
538 2223 681 2273 probati
699 2223 810 2260 Amu-

158 2282 215 2326 Μ’,
239 2280 317 2329 filii
335 2280 392 2317 dei
418 2281 524 2327 solis,
553 2281 725 2329 principis
747 2293 811 2329 po-

154 2336 244 2385 puli.
313 2337 424 2373 Cuius
452 2337 604 2373 nominis
642 2349 736 2386 quae
766 2336 811 2373 sit

157 2393 264 2437 ratio,
284 2394 455 2441 expedire
475 2393 611 2430 studuit
624 2392 808 2429 iablonsk.

157 2460 254 2483 voce.
275 2447 392 2496 Aegg.
408 2463 443 2498 p.
465 2450 558 2489 288.
598 2448 694 2485 Add.
719 2461 812 2496 quae

160 2516 203 2539 ex
223 2503 426 2553 Champoll.
453 2505 559 2542 affert
586 2504 639 2541 Μ.
657 2505 810 2541 Fritsch.

160 2558 181 2594 l.
211 2559 259 2594 ad
282 2559 335 2606 ll,
360 2562 413 2600 36
436 2560 581 2597 laudato
601 2575 636 2610 p.
659 2563 724 2600 71.
755 2581 811 2587 -—

158 2614 324 2651 Aetatem
344 2617 440 2664 regis
458 2622 597 2665 septem
609 2621 692 2666 post
703 2615 809 2653 Moe-

159 2671 274 2706 ridem
303 2673 596 2718 generationibus
617 2673 808 2722 (γενεαῖς)

159 2726 284 2763 definit
303 2727 485 2763 Diodorus
499 2758 509 2772 ‚
538 2742 617 2764 cum
639 2729 809 2764 Herodo-

160 2787 216 2819 tus
244 2783 397 2821 eundem
431 2784 585 2820 Moeridi
607 2785 808 2834 proximum

160 2838 338 2876 collocare
385 2840 558 2878 videatur.
628 2840 808 2877 Herodoti

883 758 1135 795 auctoritatem
1177 757 1339 806 seqnitur
1386 762 1534 806 praeter

881 815 971 851 alios
996 814 1198 851 Larcherus
1227 814 1356 861 (t.Vll
1373 825 1458 862 pag.
1479 814 1533 853 86

883 885 985 919 seqq.
1010 872 1111 919 576)
1133 871 1292 919 indeque
1315 881 1447 906 annum
1465 882 1533 918 po-

881 929 934 964 nit
959 928 1065 968 1356
1102 940 1133 963 a.
1165 927 1251 963 Chr.
1283 940 1342 972 n.,
1382 938 1454 974 quo
1485 926 1532 961 ad

881 997 1034 1032 regnum
1051 983 1229 1021 Sesostris
1250 982 1357 1019 suerit
1376 996 1410 1018 ex
1421 985 1533 1027 ectus,

881 1045 917 1078 et
945 1053 1078 1076 annum
1102 1041 1232 1086 1312,
1281 1052 1352 1087 quo
1378 1050 1533 1086 regnare

881 1097 1039 1134 desierit.
1090 1096 1187 1133 Alias
1208 1095 1362 1132 aliorum
1384 1100 1533 1131 senten-

879 1154 947 1190 tias
965 1153 1157 1203 praebebit
1175 1152 1286 1188 Beck.
1310 1151 1331 1188 l.
1352 1151 1372 1187 l.
1386 1164 1422 1200 p.
1438 1152 1533 1196 697,

880 1210 935 1246 cni
966 1210 1034 1246 hoc
1067 1222 1177 1245 unum
1206 1207 1397 1246 verisimile
1432 1208 1534 1243 vide-

878 1270 957 1312 tur,
978 1267 1025 1302 ad
1045 1265 1226 1302 saeculum
1242 1265 1416 1301 decimum
1428 1263 1534 1311 quin-

879 1326 955 1359 tum
993 1336 1024 1359 a.
1060 1322 1146 1358 Chr.
1178 1334 1212 1357 n.
1243 1321 1337 1357 hunc
1372 1320 1533 1367 Aegypti

878 1391 1002 1426 regem
1050 1391 1130 1415 esse
1177 1377 1417 1413 referendum.
1476 1375 1533 1412 De

879 1434 1168 1483 expeditionibus
1198 1432 1358 1479 bellicis,
1403 1432 1532 1478 quibus

879 1494 1072 1539 tantopere
1120 1488 1298 1525 Sesostris
1356 1488 1533 1533 inclaruit,

879 1551 1004 1583 auctor
1029 1550 1084 1584 est
1101 1546 1253 1583 Diodor.
1283 1544 1322 1591 I,
1341 1544 1393 1585 55
1415 1556 1532 1591 seqq„

880 1603 939 1639 ubi
967 1603 1116 1639 aliorum
1145 1601 1355 1638 testimonia
1378 1601 1533 1637 adnota-

877 1663 961 1696 runt
999 1660 1227 1708 interpretes.
1293 1657 1405 1694 Plura
1440 1656 1533 1692 hanc

877 1716 914 1752 in
934 1729 1007 1753 rem
1026 1716 1140 1752 Beck.
1168 1715 1189 1751 l.
1220 1714 1241 1751 l.
1267 1728 1302 1764 p.
1325 1713 1407 1754 694
1429 1725 1531 1760 seqq.

879 1772 958 1810 coll.
982 1772 1110 1820 Zoega
1132 1773 1178 1808 de
1201 1771 1366 1808 obeliscc.
1389 1783 1427 1818 p.
1451 1770 1533 1808 577

882 1841 1007 1876 seqq,
1038 1828 1098 1864 ubi
1129 1832 1206 1863 not.
1232 1840 1257 1875 g
1288 1826 1339 1866 15
1372 1829 1532 1862 veterum

879 1884 949 1920 loci
967 1885 1012 1921 de
1025 1884 1185 1921 Sesostri
1206 1883 1343 1919 collecti
1361 1881 1533 1918 exhiben-

881 1945 948 1976 tur.
1005 1939 1126 1989 Atque
1161 1939 1315 1976 Diodori
1357 1937 1452 1973 illum
1481 1936 1534 1972 lo-

883 2009 982 2042 cum,
1013 2000 1185 2033 monente
1205 1996 1285 2041 Cin,
1306 2007 1422 2043 nuper
1443 2006 1533 2041 quo-

882 2066 954 2102 que
973 2053 1209 2089 exhibuerunt
1241 2056 1277 2089 et
1302 2064 1382 2087 cum
1404 2062 1535 2086 monu-

881 2109 1012 2146 mentis
1042 2108 1237 2146 Tliebaicis
1268 2120 1385 2157 prope
1412 2105 1534 2142 Medi-

880 2166 1050 2202 nat-abu
1099 2165 1325 2202 contulerunt
1368 2166 1533 2198 auctores

880 2222 1022 2272 operis:
1073 2222 1242 2271 descript.
1282 2221 1328 2257 de
1367 2218 1531 2267 l’Egypt.

878 2278 949 2315 vol.
978 2278 1022 2314 Il.
1063 2278 1181 2315 Theb.
1220 2290 1307 2327 pag.
1337 2278 1390 2316 60
1430 2287 1532 2322 seqq.

879 2334 1049 2383 Namque
1067 2335 1256 2371 Thebaica
1285 2336 1369 2369 sunt
1388 2330 1533 2381 potissi-

878 2404 976 2428 mum
995 2395 1228 2427 monumenta
1256 2393 1292 2426 et
1311 2387 1434 2438 palatii
1449 2400 1534 2436 pro-

879 2461 926 2497 pe
950 2447 1103 2483 Karnak
1124 2448 1254 2483 rudera
1270 2474 1280 2491 ,
1313 2457 1466 2492 quorum
1497 2444 1532 2478 in

879 2503 1095 2553 anaglyphis
1117 2507 1263 2552 praeter
1285 2500 1356 2537 alia
1380 2500 1531 2536 aliorum

879 2573 1006 2607 regum
1036 2560 1197 2595 facinora
1228 2557 1398 2607 plurimas
1424 2568 1482 2592 res
1509 2568 1531 2592 a

880 2616 1038 2652 Sesostri
1054 2620 1176 2663 gestas
1189 2616 1235 2650 ad
1245 2613 1429 2649 oculorum
1450 2624 1531 2648 sen-

878 2685 955 2708 sum
977 2673 1162 2707 traductas
1193 2671 1359 2718 beneque
1385 2680 1531 2718 reprae-

878 2732 1038 2764 sentatas
1049 2726 1308 2777 conspicimus,
1327 2725 1423 2762 unde
1436 2737 1530 2772 quae

877 2784 975 2833 apud
1005 2784 1230 2821 Herodotum
1264 2785 1300 2819 et
1328 2781 1528 2818 Diodorum

877 2841 1070 2878 memoriae
1085 2839 1230 2891 prodita
1249 2841 1412 2885 exstant,
1434 2838 1529 2887 opti-
